4066 6392
348 420 450 478 557

347 536 529 602 fuerit,
562 525 665 604 quo
694 533 839 589 solus
866 531 1264 604 ingrediebatur
1300 531 1352 586 in
1384 539 1564 586 sancta
1603 540 1932 596 sanctorum,

348 626 509 696 idque
535 625 702 680 semel
733 625 1010 682 dumtaxat
1053 624 1106 678 in
1143 639 1305 686 anno,
1351 623 1506 679 vobis
1553 623 1934 678 demonstrem.

347 721 463 787 Qua
490 718 696 772 ratione
727 727 903 772 autem
935 715 1038 772 hoc
1067 716 1306 786 patebit?
1333 715 1409 770 Ex
1455 714 1644 771 eodem
1687 715 1936 770 nimirum

348 810 452 865 hoc
483 809 620 865 libro
665 824 680 861 :
721 809 790 863 ita
821 809 963 863 enim
993 807 1188 863 dicitur
1215 826 1227 862 :
1263 807 1439 863 Mense
1465 809 1697 878 septimo,
1744 806 1940 861 decima

347 902 437 954 die
461 901 666 964 mensis,
698 899 1026 953 humiliabitis
1053 900 1252 954 animas
1298 909 1504 965 vestras,
1532 908 1580 952 et
1621 914 1770 952 omne
1809 912 1938 968 opus

346 1008 449 1046 non
473 990 669 1060 facietis
697 1008 716 1045 :
733 992 836 1046 sive
861 992 1124 1062 indigena,
1151 992 1254 1047 sive
1278 991 1490 1055 advena,
1513 989 1601 1062 qui
1623 990 1830 1043 additur
1858 989 1938 1042 in-

346 1096 422 1138 ter
440 1100 545 1138 vos.
574 1082 640 1138 In
667 1084 763 1137 hac
778 1085 910 1138 enim
937 1085 1020 1138 die
1047 1084 1268 1154 expiatio
1297 1084 1389 1138 erit
1418 1084 1586 1150 vestri,
1619 1093 1673 1136 ut
1698 1082 1938 1136 emunde-

345 1176 471 1230 mini
497 1177 559 1230 ab
584 1177 814 1230 omnibus
834 1176 1050 1246 peccatis
1076 1175 1252 1230 vestris
1280 1191 1300 1230 :
1324 1191 1496 1230 coram
1534 1173 1756 1230 Domino
1789 1191 1937 1228 mun-

347 1267 544 1322 dernini
563 1283 583 1321 :
611 1268 820 1323 sabbata
842 1268 1187 1336 sabbatorum,
1215 1268 1409 1338 requies
1439 1267 1532 1321 erit
1567 1267 1675 1320 haec
1701 1266 1852 1332 vobis,
1890 1275 1938 1319 et

347 1359 672 1414 humiliabitis
714 1361 912 1414 animas
957 1368 1185 1423 vestras;
1221 1358 1410 1426 eritque
1450 1358 1586 1412 vobis
1642 1358 1736 1412 hoc
1773 1357 1937 1428 legiti-

345 1467 482 1504 mum
507 1451 886 1520 sempiternum.
930 1449 1171 1521 Expiabit
1195 1459 1361 1504 autem
1386 1450 1637 1512 sacerdos.
1659 1464 1807 1517 quem
1836 1463 1936 1501 un-

343 1543 530 1606 xerint,
559 1553 604 1596 et
630 1542 781 1613 cujus
807 1558 986 1596 manus
1006 1541 1332 1608 initiaverint,
1365 1551 1420 1595 ut
1443 1541 1725 1596 sacerdotio
1747 1541 1935 1613 funga-

346 1649 431 1686 tur
451 1641 560 1704 post
585 1643 780 1703 patrem
795 1649 963 1699 suum,
986 1642 1034 1686 et
1064 1633 1302 1688 induetur
1325 1632 1456 1688 stola
1471 1641 1665 1695 sancta,
1690 1641 1737 1686 et
1761 1635 1938 1704 expia-

345 1727 416 1779 bit
459 1737 637 1780 sancta
669 1735 979 1791 sanctorum,
1025 1736 1073 1780 et
1113 1725 1494 1780 tabernaculum
1535 1724 1840 1788 testimonii;
1890 1734 1938 1778 et

345 1817 510 1872 altare
530 1817 786 1887 expiabit;
812 1825 857 1870 et
883 1833 975 1886 pro
997 1816 1316 1871 sacerdotum
1343 1816 1581 1888 peccatis,
1626 1826 1672 1869 et
1701 1831 1793 1884 pro
1820 1816 1938 1868 uni-

346 1924 488 1962 verso
515 1906 692 1978 populi
715 1918 843 1962 ctetu
864 1909 1103 1979 expiabit.
1135 1907 1346 1977 Eritque
1371 1907 1466 1961 hoc
1494 1905 1630 1962 vobis
1660 1905 1938 1978 legitimum

346 2000 728 2070 sempiternum,
762 2009 815 2053 ut
865 2000 1076 2068 expietis
1124 2017 1218 2072 pro
1251 2000 1371 2069 ﬁliis
1399 1999 1566 2053 Israel
1607 1997 1669 2052 ab
1710 1998 1940 2055 omnibus

348 2091 563 2160 peccatis
591 2106 787 2144 eorum.
821 2089 995 2145 Semel
1014 2091 1067 2144 in
1085 2106 1222 2145 anno
1249 2091 1354 2160 ﬁet,
1385 2090 1516 2144 sicut
1545 2089 1784 2161 praecepit
1825 2087 1938 2143 Do-

349 2181 514 2235 minus
536 2179 705 2252 Moysi
725 2178 910 2251 (Leuit.
951 2183 1154 2255 16-29).
1185 2177 1261 2234 De
1289 2179 1428 2236 festo
1452 2179 1938 2235 Tabernacnlorum

350 2273 438 2328 hic
465 2289 646 2328 sermo
675 2282 759 2329 est
790 2289 804 2326 :
838 2282 966 2328 tunc
1014 2287 1157 2328 enim
1196 2273 1363 2328 semel
1406 2287 1646 2327 summus
1687 2272 1940 2328 saCerdos

346 2365 634 2438 quotannis
661 2363 1058 2435 ingrediebatur
1091 2381 1103 2417 :
1136 2363 1280 2435 quod
1307 2374 1361 2420 ct
1387 2365 1504 2434 ipse
1541 2364 1828 2436 explicavit
1856 2363 1940 2420 his

349 2457 552 2522 verbis,
580 2457 831 2528 quoniam
859 2457 1014 2512 semel
1039 2457 1093 2512 in
1108 2473 1244 2512 anno
1262 2457 1364 2513 hoc
1389 2457 1498 2528 ﬁet.

420 2550 472 2606 5.
525 2549 582 2604 Si
625 2564 755 2620 ergo
801 2550 920 2604 festi
968 2549 1458 2619 Tabernaculorum
1510 2560 1752 2622 tempore
1793 2551 1940 2607 solus

347 2653 590 2702 Sunimus
635 2641 888 2698 sacerdos
932 2641 1229 2712 ingreditur
1265 2642 1320 2698 in
1363 2653 1546 2698 sancta
1591 2651 1937 2710 sanctorum;

347 2748 446 2801 age
483 2731 737 2803 deinceps
776 2732 1142 2800 ostendamus,
1196 2743 1324 2790 tunc
1363 2733 1634 2791 Zacharias
1688 2735 1937 2806 angelum

346 2826 677 2901 apparuisse,
725 2827 941 2896 quando
971 2826 1024 2896 in
1073 2827 1274 2882 sanctis
1315 2836 1622 2884 sanctorum
1653 2838 1808 2886 erat:
1839 2828 1939 2884 soli

346 2919 488 2973 enim
534 2917 635 2990 ipsi
682 2917 959 2990 incensum
1010 2920 1242 2976 adolenti
1298 2922 1582 2986 visusest:
1611 2921 1758 2978 solus
1811 2937 1941 2978 vero

346 3023 640 3079 numquam
686 3009 986 3082 ingreditur
1029 3026 1272 3081 summus
1327 3013 1611 3080 sacerdos,
1658 3013 1760 3070 nisi
1812 3022 1940 3071 tunc

348 3102 627 3174 temporis.
673 3102 817 3159 Nihil
866 3113 1044 3160 autem
1076 3103 1303 3175 impedit
1349 3105 1477 3175 quin
1509 3106 1624 3177 ipsa
1660 3105 1940 3163 audiamus

345 3191 506 3251 verba
536 3197 902 3270 evangelista.
933 3195 1058 3251 Fuit
1071 3197 1124 3251 in
1144 3197 1317 3264 diebus
1342 3180 1560 3253 Herodis
1587 3199 1719 3270 regis
1741 3197 1941 3262 Judtex

346 3289 582 3344 sacerdos
601 3288 810 3360 quidam
839 3289 1040 3344 nomine
1058 3289 1356 3356 Zacharias,
1391 3299 1437 3344 et
1461 3307 1591 3345 uxor
1615 3290 1755 3345 illius
1792 3291 1856 3346 de
1876 3293 1939 3361 ﬁ-

344 3379 507 3433 liabus
532 3371 725 3444 Aaron,
756 3387 802 3434 et
830 3395 1012 3433 nomen
1041 3381 1150 3451 ejus
1184 3378 1413 3434 Elizabet
1457 3379 1607 3450 (Luc.
1636 3382 1688 3436 1.
1723 3380 1800 3452 5).
1827 3379 1936 3434 Fa-

345 3478 481 3521 ctum
505 3479 579 3522 est
601 3479 792 3537 autem,
814 3486 929 3524 cum
943 3471 1052 3542 ipse
1071 3471 1352 3525 sacerdotio
1374 3475 1670 3544 fungeretur
1691 3472 1745 3526 in
1762 3472 1940 3528 ordine

344 3559 466 3614 vicis
488 3576 596 3616 sum
623 3571 742 3616 ante
779 3559 968 3626 Deum,
997 3561 1276 3616 secundum
1325 3563 1741 3618 consuetudinem
1766 3579 1938 3618 sacer-

344 3653 490 3719 dotii,
516 3661 650 3707 sorte
671 3653 811 3719 exiit,
839 3663 893 3706 ut
913 3653 1174 3718 incensum
1201 3663 1427 3724 poneret,
1456 3654 1714 3726 ingressus
1739 3655 1793 3708 in
1813 3664 1938 3708 tem-

345 3745 489 3811 plum
543 3742 773 3798 Domini.
820 3743 888 3799 Et
904 3745 1066 3799 omnis
1105 3745 1373 3800 multitudo
1422 3747 1598 3817 pepuli
1637 3757 1746 3800 erat
1784 3763 1936 3801 orans

345 3836 492 3905 foris,
516 3835 642 3888 hora
661 3836 852 3890 incensi
871 3835 1032 3907 (Ibid.
1054 3836 1241 3914 8-10).
1263 3836 1377 3908 Hoc
1396 3838 1516 3904 loco
1540 3839 1593 3893 in
1621 3839 1936 3894 memoriam

341 3942 564 3993 revoca,
587 3927 798 3994 dilecte,
820 3927 1180 3983 testimonium
1202 3927 1357 3995 illud,
1380 3928 1522 3998 quod
1537 3929 1611 3983 ait
1638 3948 1651 3984 :
1681 3928 1750 3983 Et
1773 3930 1938 3984 omnis

343 4021 494 4072 homo
539 4034 640 4072 non
675 4017 770 4072 erit
818 4017 872 4072 in
929 4018 1251 4083 tabernaculo
1290 4019 1578 4084 testimonii,
1626 4019 1939 4090 ingrediente

341 4112 454 4177 ipso
470 4109 538 4163 ad
556 4110 868 4178 expiandum
894 4111 948 4164 in
970 4119 1144 4165 sancta
1173 4120 1464 4185 sanctorum
1479 4151 1494 4177 ,
1524 4106 1937 4182 donec'egredia-

343 4213 424 4256 tur
448 4201 631 4276 (Leuit.
665 4203 752 4259 16.
784 4203 898 4275 17).
917 4203 1168 4274 Apparuit
1195 4212 1366 4257 autem
1389 4203 1466 4258 illi
1489 4202 1699 4274 angelus
1723 4202 1934 4258 Domini

341 4305 480 4350 stans
502 4312 535 4349 a
560 4295 752 4350 dextris
779 4296 958 4350 altaris
1002 4284 1193 4350 incensi
1226 4294 1374 4367 (Luc.
1425 4295 1476 4350 1.
1509 4295 1622 4364 11).
1657 4295 1774 4350 Non
1799 4295 1933 4349 dixit

341 4390 528 4444 altaris
567 4389 978 4458 sacriﬁciorum,
1029 4389 1124 4446 sed
1149 4390 1327 4445 altaris
1375 4390 1566 4464 incensi
1601 4405 1620 4443 :
1650 4399 1933 4460 propterea

341 4483 484 4555 quod
533 4483 701 4553 altare
741 4483 1126 4543 sacriﬁciorum
1191 4491 1247 4538 et
1309 4481 1739 4540 ltolocaustorum
1799 4481 1933 4538 foris

341 4582 506 4646 esset,
539 4573 680 4628 intus
717 4588 846 4629 vero
872 4573 1096 4641 incensi,
1121 4583 1177 4628 ut
1224 4573 1306 4627 vel
1330 4573 1474 4635 hinc.
1506 4573 1648 4644 quod
1705 4573 1803 4643 ipsi
1831 4573 1931 4627 soli

339 4667 764 4736 conspiceretur,
795 4675 852 4721 ct
880 4665 1023 4736 quod
1079 4665 1286 4720 dicatur
1326 4665 1554 4735 populus
1581 4665 1754 4736 ipsum
1801 4664 1932 4720 foris

337 4768 698 4828 exspectasse,
731 4757 1072 4814 manifestum
1089 4757 1300 4822 evadat,
1329 4757 1380 4811 in
1403 4766 1584 4813 sancta
1623 4767 1926 4812 sanctorum

339 4848 516 4916 ipsum
546 4847 846 4918 ingressum
876 4848 1062 4904 fuisse.
1089 4847 1158 4902 Et
1187 4848 1414 4902 turbatus
1435 4857 1510 4903 est
1535 4847 1814 4902 Zacharias
1853 4849 1927 4901 vi-

338 4939 483 5005 dens,
501 4949 548 4993 et
561 4941 710 4993 timor
730 4939 911 4994 cecidit
924 4955 1078 5008 super
1098 4939 1286 5009 ipsum.
1315 4939 1457 4994 Dixit
1481 4949 1650 4993 autem
1669 4941 1739 4994 ad
1761 4941 1928 5008 ipsum

337 5029 547 5100 angelus
568 5045 587 5084 :
612 5027 696 5083 Ne
716 5029 914 5096 timeas,
931 5029 1230 5095 .Zacharia;
1251 5031 1491 5104 quoniam
1532 5032 1707 5084 audita
1731 5041 1805 5085 est
1843 5033 1930 5085 de-

337 5122 562 5192 precatio
588 5131 696 5188 tua,
737 5129 785 5176 et
824 5138 954 5176 uxor
977 5129 1066 5176 tua
1092 5121 1322 5177 Elizabet
1349 5123 1511 5192 pariet
1541 5122 1630 5176 tibi
1655 5123 1838 5193 ﬁlium,
1884 5133 1930 5177 et

335 5214 533 5268 vocabis
551 5229 731 5267 nomen
760 5214 868 5284 ejus
891 5212 1147 5268 Joannem
1167 5213 1275 5285 (Ib.
1301 5214 1387 5269 12.
1410 5213 1520 5287 15).
1538 5215 1606 5270 Et
1634 5225 1748 5270 erat
1790 5215 1928 5284 plebs

335 5313 631 5375 exspectans
659 5303 965 5359 Zachariam
999 5322 1016 5358 :
1045 5315 1094 5361 et
1130 5306 1446 5360 mirabantur
1465 5349 1480 5374 ,
1517 5309 1654 5376 quod
1706 5309 1930 5363 tardaret

335 5399 510 5464 ipsein
540 5395 1014 5470 templo.Egressus
1048 5409 1217 5453 autem
1247 5400 1507 5464 innuebat,
1542 5417 1698 5471 neque
1731 5412 1927 5471 poterat

335 5491 471 5559 loqui
487 5491 613 5559 ipsis
636 5488 743 5560 (Ib.
771 5489 862 5544 21.
890 5489 1177 5560 22).νὶόθε
1206 5491 1344 5546 intra
1367 5492 1543 5547 velum
1566 5492 1926 5548 fuisse?Tunc

335 5585 496 5658 igitur
524 5583 667 5638 hunc
707 5583 886 5637 Iustum
921 5583 1160 5637 nuntium
1212 5584 1440 5654 accepit.
1470 5585 1702 5654 Tempus
1748 5595 1924 5640 autem

337 5686 447 5729 tum
471 5684 588 5730 erat
610 5674 728 5730 festi
755 5675 1242 5736 Tabernaeulorum
1286 5687 1342 5732 et
1364 5678 1558 5748 jejunii
1592 5696 1604 5731 :
1650 5678 1753 5733 hoc
1778 5679 1923 5733 enim

335 5769 424 5821 illa
466 5767 627 5822 verba
679 5767 778 5821 sibi
824 5768 1053 5835 volunt,
1102 5768 1452 5823 Humiliabitis
1496 5771 1691 5824 animas
1741 5783 1926 5826 vestras

336 5857 520 5944 (Leuit.
555 5859 640 5933 16.
691 5858 804 5931 29),
858 5860 1020 5934 idque
1072 5878 1100 5916 a
1152 5861 1350 5926 Judscis
1382 5862 1480 5920 sub
1509 5861 1668 5940 linem
1718 5865 1920 5935 mensis

1091 417 1149 472 S.
1187 413 1466 472 JOANNIS
1505 413 1977 471 CllRYSOSTOill
2019 415 2338 471 ARCHIEP.
2380 416 2916 474 CONSTANTINOP.

3530 421 3636 475 3958

2053 528 2404 598 Septembris,
2426 533 2567 601 quod
2585 539 2640 587 et
2659 547 2754 589 vos
2775 533 3060 597 testamini,
3083 533 3463 590 celebrabatur.
3489 536 3636 592 Tunc

2047 622 2191 676 enim
2243 622 2415 692 longis
2450 624 2790 693 capiosisque
2832 625 3161 680 orationibus
3204 629 3256 679 in
3299 626 3510 681 Judtcos
3553 628 3636 680 usi

2045 727 2249 779 sumus,
2279 713 2640 784 importunum
2665 730 2850 770 eorum
2877 716 3137 787 jejunium
3159 729 3490 774 accusantes.
3519 719 3634 774 line

2045 822 2174 877 ergo
2200 815 2442 878 tempore
2462 809 2622 864 etiam
2650 808 2888 866 Elizabet
2913 826 3046 866 uxor
3065 810 3342 867 Zachariae
3363 815 3630 884 concepit.

2045 897 2114 952 Et
2160 898 2466 954 occultabat
2516 915 2574 955 se
2613 901 2883 958 mensibus
2934 902 3209 973 quinque,
3263 904 3482 960 dicens:
3536 905 3630 960 Sic

2045 990 2170 1043 mihi
2193 991 2310 1059 fecit
2367 991 2618 1048 Dominus
2653 994 2705 1047 in
2748 995 2945 1060 diebus,
2992 997 3169 1065 quibus
3191 1001 3408 1068 respexit
3436 1003 3641 1071 auferre

2045 1082 2372 1152 approbrium
2390 1101 2553 1138 meum
2573 1086 2704 1139 inter
2732 1086 2955 1141 homines
2979 1087 3132 1158 (Luc.
3160 1087 3210 1143 1.
3233 1089 3348 1160 25).
3372 1090 3636 1144 Caeterum

2045 1187 2404 1246 opportunum
2437 1193 2581 1233 nunc
2615 1179 2846 1246 videtur,
2879 1190 2936 1235 ut
2960 1181 3306 1237 ostendamus
3357 1195 3638 1253 prseterea.

2045 1282 2167 1323 cum
2198 1279 2410 1324 sextum
2443 1270 2554 1340 jam
2586 1285 2824 1327 mensem
2867 1271 2979 1341 ipsa
3002 1271 3262 1328 Joannem
3290 1274 3343 1328 in
3377 1285 3528 1329 utero
3546 1290 3649 1345 ge.-

2045 1369 2232 1427 staret,
2255 1361 2474 1417 Mariam
2498 1363 2677 1418 laetum
2699 1364 2766 1418 de
2785 1366 3133 1436 conceptione
3157 1381 3252 1421 sua
3276 1369 3518 1423 nuntium
3543 1384 3637 1422 ac-

2045 1450 2273 1521 cepisse.
2310 1452 2535 1520 Quando
2556 1454 2698 1508 enim
2723 1455 2866 1508 venit
2893 1455 2958 1509 ad
2989 1471 3110 1510 eam
3139 1455 3374 1525 Gabriel,
3399 1467 3452 1513 et
3469 1458 3634 1514 dixit:

2048 1540 2134 1597 Ne
2159 1543 2354 1609 timeas,
2385 1543 2844 1610 Maria;invenisti
2864 1548 2996 1601 enim
3017 1549 3234 1619 gratiam
3274 1551 3417 1615 apud
3442 1549 3629 1606 Deum.

2051 1631 2119 1687 Et
2144 1649 2255 1688 eccs
2284 1635 2541 1705 concipies
2591 1636 2645 1690 in
2671 1647 2831 1701 utero,
2864 1646 2912 1690 et
2927 1639 3096 1707 paries
3129 1639 3315 1708 ﬁlium,
3348 1650 3396 1694 et
3441 1642 3641 1696 vocabis

2046 1742 2228 1782 nomen
2253 1728 2364 1798 ejus
2391 1727 2570 1782 Jesum
2601 1727 2752 1798 (Luc.
2786 1729 2835 1783 1.
2869 1729 2958 1785 50.
2991 1731 3104 1802 51).
3134 1731 3377 1801 Cumque
3402 1732 3513 1802 ipsa
3535 1731 3644 1788 hoc

2047 1832 2298 1875 sermone
2324 1821 2648 1888 turbaretur,
2680 1820 3004 1891 modumque
3022 1821 3139 1891 ejus
3170 1822 3247 1876 rei
3263 1821 3472 1879 discere
3493 1839 3640 1894 qua:-

2049 1918 2212 1976 reret,
2267 1911 2602 1982 respondens
2646 1914 2867 1983 angelus
2915 1912 3049 1968 dixit
3095 1914 3164 1968 ad
3214 1930 3374 1970 eam:
3417 1916 3646 1986 Spiritus

2046 2011 2253 2058 sanctus
2280 2005 2597 2073 superveniet
2616 2005 2670 2058 in
2691 2016 2757 2070 te,
2789 2016 2835 2059 et
2858 2010 3016 2060 virtus
3043 2006 3290 2062 Altissimi
3326 2008 3648 2064 obumbrabit

2050 2093 2140 2148 tibi
2165 2111 2184 2149 :
2210 2094 2422 2166 ideoque
2449 2105 2499 2150 et
2523 2097 2660 2167 quod
2680 2107 2915 2150 nascetur
2939 2113 3003 2151 ex
3031 2108 3078 2151 te
3104 2108 3356 2167 sanctum,
3382 2099 3650 2155 vocabitur

2049 2182 2215 2240 Filius
2227 2182 2341 2242 Dei.
2357 2187 2428 2243 Et
2449 2202 2561 2241 ecce
2587 2185 2817 2241 Elizabet
2839 2197 3056 2258 cognata
3083 2200 3188 2254 tua,
3212 2200 3260 2244 et
3285 2191 3398 2258 ipsa
3417 2193 3648 2264 concepit

2048 2276 2216 2345 ﬁlium
2242 2279 2296 2332 in
2348 2287 2607 2334 senectute
2643 2295 2737 2333 sua
2761 2294 2781 2333 :
2811 2289 2857 2334 et
2900 2280 2982 2333 hic
3012 2282 3197 2336 mensis
3237 2291 3312 2337 est
3341 2293 3512 2338 sextus
3541 2285 3643 2351 illi,

2047 2381 2164 2435 qua:
2188 2375 2404 2421 vocatur
2453 2369 2659 2434 sterilis,
2704 2370 2825 2438 quia
2863 2386 2964 2424 non
3012 2370 3106 2424 erit
3148 2371 3456 2442 impossibile
3506 2375 3648 2444 apud

2049 2458 2217 2513 Deum
2265 2475 2413 2513 omne
2437 2459 2638 2514 verbum
2686 2459 2845 2528 (Ibid.
2876 2462 3090 2532 55-57).
3120 2462 3273 2531 Quod
3300 2464 3343 2518 si
3368 2480 3496 2536 ergo
3528 2476 3654 2536 pos:

2047 2564 2286 2605 mensem
2317 2549 2621 2620 Gorpitcum
2650 2566 2746 2606 seu
2775 2552 3142 2622 Septembrem
3186 2554 3428 2611 Elizabet
3446 2573 3643 2614 conce-

2049 2640 2148 2712 pit,
2183 2651 2240 2695 ut
2268 2651 2542 2697 ostensum
2570 2652 2652 2698 est
2680 2659 2694 2696 :
2723 2643 3077 2699 adnumerare
3097 2655 3310 2716 oportet
3334 2663 3431 2701 sex
3463 2649 3529 2703 ab
3571 2664 3644 2704 eo

2049 2731 2396 2788 intermedios
2432 2749 2646 2789 menses
2675 2749 2688 2786 :
2719 2744 2841 2788 sunt
2862 2744 3042 2790 autem
3070 2735 3146 2805 hi,
3194 2737 3639 2809 llyperberetaaus

2048 2824 2166 2880 sive
2207 2823 2460 2890 October,
2509 2825 2638 2880 Dius
2683 2826 2797 2881 sive
2847 2825 3172 2895 November,
3217 2831 3519 2900 Appellteus
3547 2847 3645 2886 seu

2049 2913 2364 2983 December,
2387 2915 2692 2971 Audonaeus
2713 2931 2807 2972 seu
2831 2915 3137 2987 Januarius,
3166 2919 3393 2977 Peritius
3419 2937 3513 2977 seu
3542 2922 3648 2978 Fe-

2048 3003 2315 3072 bruarius,
2345 3007 2567 3078 Dystrus
2587 3022 2682 3062 seu
2709 3007 2947 3063 Martius.

2121 3098 2476 3170 Conceptionis
2520 3099 2706 3154 mensis
2753 3100 3062 3170 primus.—
3103 3101 3284 3172 Itaque
3327 3115 3451 3174 post
3502 3105 3644 3160 hunc

2048 3201 2258 3248 sextum
2288 3180 2526 3247 mensem
2555 3192 2878 3263 principium
2906 3197 3273 3264 conceptionis
3299 3199 3504 3266 accepit
3535 3199 3648 3253 Ma-

2048 3282 2125 3338 ria
2157 3297 2171 3337 :
2206 3297 2237 3338 a
2275 3297 2382 3354 quo
2411 3282 2455 3337 si
2501 3298 2698 3339 novem
2726 3299 2942 3341 menses
2970 3301 3336 3353 numeremus,
3381 3290 3564 3358 utique
3589 3291 3645 3345 in

2049 3384 2367 3446 praesentem
2390 3375 2536 3431 hunc
2567 3390 2808 3431 mensem
2835 3376 3203 3433 devcniemus.
3233 3379 3332 3434 Est
3354 3381 3513 3450 igitur
3534 3384 3646 3452 pri-

2049 3479 2168 3520 mus
2185 3465 2551 3536 conceptionis
2573 3467 2774 3522 mensis
2795 3467 2994 3536 Aprilis
3015 3469 3129 3523 sive
3146 3468 3428 3534 Xanticns,
3448 3471 3646 3528 deinde

2046 3556 2370 3612 Artemisius
2411 3571 2508 3612 seu
2546 3556 2737 3624 Maius,
2754 3557 2944 3614 Desius
2986 3560 3106 3615 sive
3129 3559 3340 3628 Junius,
3373 3561 3646 3618 Panemus

2046 3649 2160 3706 sive
2203 3648 2398 3716 Julius,
2431 3649 2617 3718 Laius,
2646 3651 2762 3706 sive
2789 3651 3083 3722 Augustus,
3115 3652 3394 3724 Gorpiarus
3421 3669 3515 3711 seu
3545 3657 3646 3713 Se-

2046 3741 2310 3811 ptember,
2374 3741 2847 3814 Hyperberetaeus,
2889 3742 3004 3798 sive
3051 3741 3301 3812 October,
3350 3745 3478 3800 Dius
3528 3747 3646 3803 sive

2044 3834 2365 3900 November,
2425 3833 2733 3906 Appellarus
2796 3848 2891 3889 seu
2949 3834 3262 3891 December.
3330 3838 3506 3907 Atque
3554 3837 3646 3895 hic

2045 3927 2248 3982 mensis
2274 3934 2378 3993 est,
2407 3941 2564 3998 quem
2595 3934 2917 3996 praesentem
2961 3925 3239 3994 habemus,
3270 3943 3377 3998 quo
3403 3939 3459 3984 et
3496 3930 3643 3985 hunc

2045 4019 2188 4076 diem
2209 4019 2566 4076 celebramus.
2598 4019 2667 4076 Ut
2693 4027 2873 4076 autem
2897 4020 3040 4090 quod
3065 4020 3189 4076 dico
3213 4021 3372 4077 etiam
3400 4023 3638 4092 apertius

2044 4112 2199 4168 vobis
2227 4113 2530 4183 clariusque
2567 4112 2775 4179 evadat,
2806 4111 3039 4168 breviter
3081 4113 3197 4169 hzec
3239 4129 3448 4169 rursum
3475 4131 3638 4185 repe-

2044 4213 2183 4270 tens,
2211 4205 2482 4260 dilectioni
2512 4215 2706 4261 vestrae
2737 4205 3050 4261 edisseram.
3081 4205 3257 4262 Semel
3292 4207 3344 4261 in
3382 4223 3523 4262 anno
3551 4209 3638 4262 in-

2043 4295 2385 4366 grediebatur
2413 4297 2559 4352 solus
2583 4312 2826 4351 summus
2851 4296 3103 4352 sacerdos
3134 4298 3186 4352 in
3216 4307 3398 4353 sancta
3425 4309 3642 4355 sancto-

2042 4373 2181 4453 rum,
2232 4388 2392 4460 idque
2446 4387 2695 4459 Gorpimo
2740 4404 2835 4444 seu
2882 4388 3183 4460 Septembri
3230 4405 3433 4446 mense.
3485 4391 3642 4449 Tunc

2044 4481 2315 4551 ingressus
2357 4490 2440 4536 est
2480 4481 2765 4537 Zacharias
2811 4483 2863 4536 in
2906 4492 3087 4537 sancta
3141 4491 3481 4551 sanctorum,
3513 4494 3646 4542 tunc

2041 4576 2286 4630 nuntium
2329 4576 2397 4630 de
2443 4575 2665 4631 Joannis
2717 4577 2992 4633 nativitate
3041 4577 3246 4633 habuit.
3292 4579 3443 4636 illinc
3465 4581 3640 4637 abiit:

2040 4676 2167 4739 tunc
2195 4682 2327 4722 uxor
2351 4667 2470 4736 ejus
2498 4668 2763 4738 concepit.
2813 4668 2941 4724 Post
2986 4685 3228 4725 mensem
3275 4680 3452 4726 autem
3495 4673 3641 4728 Gor-

2040 4758 2233 4828 piaeum
2271 4774 2366 4814 seu
2405 4759 2795 4830 Septembrem,
2839 4776 2961 4815 cum
3007 4773 3213 4817 sextum
3239 4763 3349 4832 jam
3395 4780 3646 4826 mensem

2041 4852 2155 4920 ipsa
2207 4853 2258 4905 in
2307 4861 2461 4908 utero
2491 4845 2734 4917 haberet,
2765 4853 2855 4922 qui
2903 4853 3107 4910 scilicet
3134 4865 3218 4910 est
3267 4857 3492 4928 Dystrus
3543 4872 3642 4914 seu

2037 4943 2275 5018 Martius,
2308 4944 2421 5013 ipsa
2445 4942 2679 5014 denique
2715 4943 2878 4998 Maria
2913 4946 3177 5015 concepit.
3206 4948 3250 5000 A
3281 4947 3512 5003 Xantico
3540 4963 3641 5004 seu

2038 5037 2208 5106 Aprili
2248 5036 2406 5108 igitur
2434 5033 2760 5113 incipiendo,
2796 5053 2990 5092 novem
3037 5053 3249 5094 menses
3290 5040 3334 5093 si
3379 5056 3636 5098 numere-

2037 5123 2174 5193 mus,
2206 5129 2258 5182 in
2302 5137 2619 5197 praesentem
2666 5128 2983 5202 incidemus,
3011 5144 3119 5200 quo
3163 5129 3418 5185 Dominus
3447 5141 3636 5187 noster

2035 5219 2192 5274 Jesus
2216 5219 2461 5274 Christus
2495 5229 2650 5296 natus
2679 5229 2781 5275 est.

2107 5311 2161 5367 6.
2202 5312 2376 5382 Atque
2411 5313 2591 5368 omnia
2627 5312 2862 5382 quidem,
2890 5327 3009 5383 qua:
3037 5312 3104 5368 de
3151 5313 3250 5368 hoc
3277 5314 3364 5369 die
3405 5315 3633 5370 dicenda

2035 5413 2208 5472 erant,
2246 5405 2400 5461 vobis
2437 5405 2693 5460 hactenus
2733 5407 3099 5477 exposuimus.
3134 5405 3306 5462 Unum
3350 5417 3552 5482 tantum
3583 5409 3635 5463 si

2035 5513 2178 5554 nunc
2227 5498 2502 5564 addidero,
2531 5497 2758 5554 orationi
2785 5513 2921 5552 meae
2968 5497 3128 5554 linem
3174 5499 3478 5568 imponam;
3511 5515 3634 5570 quae

2035 5588 2236 5657 majora
2275 5598 2427 5652 sunt,
2472 5588 2743 5642 communi
2793 5588 2998 5643 doctori
3040 5589 3261 5644 dicenda
3298 5589 3628 5661 relinquens.

2104 5677 2351 5744 [nﬁdeles
2379 5678 2676 5734 Christiana
2701 5681 2941 5750 dogmata
2969 5679 3181 5734 irrident
3203 5696 3221 5745 ;
3261 5677 3630 5737 [hereticorum

2035 5772 2237 5826 delicta.
2272 5803 2343 5814 -—
2384 5772 2647 5840 Quoniam
2697 5772 2840 5826 enim
2895 5771 3048 5826 multi
3093 5771 3460 5837 ethnicorum,
3504 5789 3631 5830 cum

2043 5865 2263 5932 audiunt
2297 5866 2460 5924 Deum
2493 5867 2542 5921 in
2576 5881 2734 5929 carne
2764 5874 2967 5936 natum,
2999 5865 3224 5924 irrident
3263 5880 3382 5939 nos,
3409 5878 3463 5923 et
3488 5868 3629 5938 inse:
