4066 6392
447 433 550 492 559

445 550 674 614 πολλοῦς
705 548 818 602 τῶν
841 549 1222 621 ἀφελεστέρων
1256 549 1545 622 θορυϐοῦσι
1593 551 1687 603 καὶ
1726 550 2018 620 ταράττουο

448 657 552 695 σιν·
593 641 890 710 ἀναγκαῖον
944 641 1037 693 καὶ
1083 640 1220 710 πρὸς
1271 640 1534 704 ἐκείνους,
1586 642 1680 694 καὶ
1736 641 1873 710 πρὸς
1900 640 2026 702 τοὺς

443 730 880 802 ταραττομένους
927 731 1124 793 εἰπεῖν,
1163 731 1304 784 ὥστε
1358 731 1432 802 μὴ
1478 730 1824 802 θορυϐεῖσθαι
1872 745 2024 795 ποτε,

446 823 553 876 ὑπὸ
580 822 826 893 ἀφρόνων
847 819 1149 893 ἀνθρώπων
1169 822 1653 894 ἀναπειθομένους,
1679 823 1814 893 μήτε
1835 821 2030 892 ταράτ-

445 915 637 970 τεσθαι
657 917 719 968 ἐκ
744 915 839 968 τοῦ
855 916 962 969 τῶν
985 917 1230 970 ἀπίστων
1249 915 1503 984 γέλωτος.
1526 916 1637 968 Καὶ
1662 913 1771 984 γὰρ
1788 912 1857 966 τὰ
1872 909 2028 986 [565]

448 1007 634 1060 παιδέα
659 1006 728 1060 τὰ
764 1008 934 1080 μικρὰ
965 1007 1226 1072 πολλάκις
1255 1008 1408 1078 γελᾷ,
1430 1004 2030 1077 σπουδαιολογουμένων

448 1099 608 1170 ἡμῶν
629 1101 724 1153 καὶ
753 1105 882 1172 περὶ
923 1101 1033 1154 τῶν
1080 1101 1398 1170 ἀναγκαίων
1438 1099 1877 1171 ἀσχολουμένωνο
1914 1096 2030 1150 ἀλλ’

447 1191 509 1244 οὐ
544 1191 642 1261 τῆς
666 1191 774 1245 τῶν
807 1191 1132 1262 γελωμένων
1178 1192 1522 1265 πραγμάτων
1565 1189 1866 1252 εὐτελείας,
1893 1188 2030 1242 ἀλλά

447 1281 550 1351 τῆς
577 1281 686 1334 τῶν
715 1282 998 1350 γελώντων
1023 1283 1209 1346 ἀνοίας
1257 1283 1555 1353 τεκμήριον
1591 1281 1620 1332 ὁ
1645 1281 1818 1349 γέλως
1857 1277 2030 1332 ἐστίν.

450 1370 631 1444 ’Όπερ
654 1369 748 1427 οῦν
777 1373 874 1426 κα)⁸
925 1374 1019 1427 ἐπὶ
1059 1373 1169 1428 τῶν
1213 1374 1484 1444 Ἐλλήνων
1531 1371 1678 1424 ἐστιν
1723 1371 1919 1434 εἰπεῖν,
1949 1369 2032 1422 ὅτι

451 1464 658 1518 παίδων
714 1465 1072 1536 ἀνοητότερον
1122 1466 1308 1536 σχεδὸν
1338 1464 1671 1535 διακείμενοι
1693 1504 1705 1524 ,
1730 1461 1800 1515 τά
1830 1461 2033 1533 φρίκης

450 1554 578 1620 ἄξια
609 1555 703 1609 καὶ
733 1555 929 1609 πολλοῦ
959 1555 1234 1627 θαύματος
1261 1555 1501 1627 γέμοντα
1530 1553 1869 1624 διασύρουσι,
1890 1550 2033 1607 τάδέ

450 1646 668 1716 ἀληθῶς
694 1647 1079 1716 καταγέλαστα
1107 1646 1432 1719 σεμνύνουσι
1458 1646 1553 1700 καὶ
1572 1644 2031 1716 περιστέλλουσιν.

464 1736 606 1788 Ἀλλ’
637 1738 788 1809 ὅμως
823 1739 918 1792 καὶ
948 1739 1018 1792 τὰ
1049 1740 1297 1810 ἡμέτερα
1327 1738 1462 1810 παρ’
1495 1737 1726 1800 ἐκείνοις
1751 1733 2036 1806 γελώμενα

455 1828 547 1880 ἐπὶ
572 1831 671 1900 τῆς
704 1830 911 1893 οἰκείας
937 1829 1263 1900 σεμνότητος
1288 1828 1462 1900 μένει,
1495 1828 1646 1882 οὐδὲν
1676 1828 1785 1881 ἀπὸ
1816 1824 1912 1880 τοῦ
1940 1825 2034 1892 γέ-

454 1919 622 1984 λωτος
639 1921 864 1975 ἐκείνων
888 1925 968 1986 εἰς
985 1922 1083 1993 τὴν
1106 1921 1315 1976 ἑαυτῶν
1339 1921 1841 1994 παραϐλαπτόμενα
1855 1918 2032 1984 δόξαν·

458 2011 552 2062 καὶ
574 2010 644 2064 τὰ
669 2011 850 2066 αὐτῶν
867 2012 1204 2084 πανταχόθεν
1229 2012 1688 2085 περιστελλόμενα
1711 2011 1812 2081 τὴν
1830 2009 2036 2062 οἰκείαν

457 2101 847 2175 ἀσχημοσύνην
902 2105 1257 2158 ἐνδείκνυται.
1309 2103 1438 2168 Πῶς
1481 2103 1591 2174 γὰρ
1646 2103 1749 2155 οὐκ
1801 2100 2039 2171 ἐσχάτης

461 2194 866 2266 παραπληξίας,
891 2197 1088 2261 αὐτοὺς
1125 2195 1226 2266 μέν
1253 2195 1562 2258 εὐολίσθους
1589 2194 1934 2265 ὑπάρχοντας
1957 2193 2038 2257 εἰς

460 2285 644 2350 λίθους
675 2288 770 2340 καὶ¹
804 2287 938 2354 ξύλα
974 2289 1068 2341 καὶ
1104 2287 1297 2358 εὐτελῆ
1328 2286 1491 2352 ξόανα
1533 2286 1660 2350 τοὺς
1690 2284 1900 2338 ἑαυτῶν
1929 2285 2043 2338 εἰσ·

459 2379 694 2446 άγοντας
715 2378 893 2444 θεοὺς,
915 2379 1010 2432 καὶ
1036 2378 1287 2450 καθάπερ
1310 2381 1368 2432 ἐν
1387 2376 1746 2450 δεσμωτηρίῳ
1764 2378 1872 2431 τινὶ
1899 2377 2039 2432 ἀπο-

461 2469 758 2534 κλείοντας,
786 2471 951 2541 μηδὲν
988 2471 1212 2542 αἰσχρὸν
1240 2469 1490 2542 ἡγεῖσθαι
1524 2471 1660 2541 μήτε
1681 2471 1876 2533 ποιεῖν,
1901 2470 2039 2540 μήτε

459 2562 662 2631 λέγειν·
694 2563 827 2633 ἡμῖν
859 2562 916 2614 δέ
947 2563 1199 2630 ἐγκαλεῖν
1229 2562 1480 2632 λέγουσιν
1499 2604 1514 2627 ,
1565 2564 1649 2616 ὅτι
1687 2562 1814 2616 ναὸν
1861 2561 2042 2632 ἐαυτῷ

461 2658 881 2721 κατασκευάσας
909 2659 938 2709 ό
967 2656 1101 2722 Θεὸς
1124 2656 1303 2721 ζῶντα
1335 2657 1400 2710 ἐκ
1425 2655 1743 2728 Πνεύματος
1767 2656 1946 2724 άγίου,
1973 2655 2040 2710 δι’

461 2748 628 2808 αὑτοῦ
668 2750 766 2818 τὴν
798 2749 1124 2821 οἰκουμένην
1163 2749 1444 2820 ὠφέλησε;
1472 2748 1582 2802 Καὶ
1607 2752 1757 2802 ποῖον
1790 2747 2042 2818 ἔγκλημα

460 2838 655 2903 τοῦτο;
685 2841 746 2892 Εἰ
771 2838 880 2912 γάρ
917 2841 1165 2910 αἰσχρὸν,
1194 2841 1251 2891 ἐν
1293 2839 1621 2910 ἀνθρωπίνῳ
1670 2837 1884 2906 σώματι
1911 2837 2044 2890 Θεὸν

461 2929 704 3000 οἰκῆσαι,
731 2929 908 3000 πολλῷ
935 2929 1135 3000 μᾶλλον
1173 2930 1230 2980 ἐν
1255 2928 1388 3000 λίθῳ
1421 2929 1515 2982 καὶ
1541 2927 1708 2998 ξύλῳ,
1739 2929 1833 2980 καὶ
1855 2926 2046 2980 τοσοῦ·

461 3036 575 3087 τον,
605 3022 729 3075 ὅσον
767 3021 914 3084 λίθος
954 3022 1048 3076 καὶ
1083 3019 1239 3085 ξύλον
1289 3021 1613 3092 ἀτιμότερον
1651 3019 1966 3090 ἀνθρώπου,
1996 3020 2046 3071 εἰ

469 3113 546 3187 μὴ
577 3112 686 3183 ἀρα
720 3115 814 3167 καὶ
835 3113 944 3167 τῶν
969 3112 1309 3184 ἀναισθήτων
1332 3113 1536 3166 τούτων
1559 3111 1700 3164 ὑλῶν
1730 3111 2046 3164 εὐτελέστε-

471 3222 560 3276 ρον
589 3205 648 3259 τὸ
673 3205 828 3274 γένος
850 3205 1010 3276 ήμῶν
1046 3207 1229 3268 αὐτοῖς
1258 3202 1396 3258 εἶναι
1418 3205 1589 3258 δοκεῖ.
1624 3203 1789 3256 Αὐτοὶ
1817 3202 1929 3273 γάρ
1952 3204 2048 3257 καὶ

466 3298 549 3362 τίς
596 3297 883 3370 αἰλούρους
941 3298 1036 3353 καὶ
1071 3297 1262 3361 κύνας,
1313 3296 1500 3350 πολλοί
1527 3297 1584 3350 δέ
1617 3296 1724 3349 τῶν
1757 3295 2050 3367 αἱρετικῶν

467 3392 560 3445 καὶ
591 3392 672 3455 είς
717 3391 798 3444 ἔτι
858 3390 1063 3443 τούτων
1109 3391 1410 3461 ἀτιμότερα
1445 3389 1540 3443 τοῦ
1596 3388 1731 3442 Θεοῦ
1789 3389 2051 3457 κατάγειν

465 3481 708 3553 τολμῶσι
767 3483 868 3553 τὴν
918 3483 1128 3536 οὐσίαν.
1173 3483 1366 3554 Ἡμεῖς
1410 3483 1468 3535 δέ
1529 3485 1735 3535 τούτων
1772 3482 1870 3553 μὲν
1901 3481 2052 3535 οὐδὲν

464 3571 588 3630 οὔτε
641 3575 894 3646 λέγομεν,
927 3575 1049 3629 οὑτε
1095 3575 1328 3628 ἀκοῦσαί
1377 3593 1506 3629 ποτε
1547 3577 1612 3629 ἂν
1647 3572 2050 3644 ἀνασχοίμεθα·

468 3668 646 3723 ἐκεῖνο
682 3667 738 3720 δέ
767 3685 970 3738 φαμεν,
1003 3669 1085 3720 ὅτι
1125 3667 1373 3739 καθαράν
1414 3668 1594 3739 σάρκα
1631 3669 1725 3720 καὶ
1763 3667 1926 3735 ἁγίαν
1960 3668 2054 3720 καὶ

470 3758 701 3828 ἄμωμον
731 3758 826 3812 καὶ
849 3758 1094 3829 ἁμαρτία
1121 3758 1308 3829 ἁπάσῃ
1340 3759 1718 3828 γεγενημένην
1748 3757 1948 3811 ἄϐατον
1989 3760 2054 3810 ἐκ

469 3849 808 3918 παρθενικῆς
833 3850 1046 3920 μήτρας
1069 3849 1325 3902 ἀνέλαϐεν
1347 3851 1641 3921 ὁΧριστὸς,
1659 3850 1753 3902 καὶ
1777 3850 1836 3902 τὸ
1855 3851 2055 3902 οἰκεῖον

468 3939 817 4012 διωρθώσατο
865 3940 1111 4012 πλάσμα.
1146 3943 1405 3995 Κάκεῖνοι
1443 3941 1562 4011 μέν,
1611 3944 1706 3995 καὶ
1729 3943 1775 3996 οἰ
1805 3942 1876 3995 τὰ
1907 3942 2045 3996 αὐτᾶ

470 4030 797 4095 ἀσεϐοῦντες
822 4033 1006 4096 αὐτοῖς
1045 4034 1370 4103 Μανιχαῖοι,
1421 4036 1499 4096 εἰς
1541 4032 1710 4097 κύνας
1749 4033 1844 4088 καὶ
1895 4033 2058 4103 πιθή-

471 4141 602 4188 κους
626 4125 722 4178 καὶ
742 4124 908 4196 θηρία
936 4126 1254 4184 παντοδαπά
1274 4125 1374 4196 τὴν
1403 4125 1591 4179 οὐσίαν
1623 4126 1932 4193 εἰσάγοντες
1959 4125 2054 4179 τοῦ

472 4213 610 4267 Θεοῦ
647 4214 784 4286 (τὴν
808 4216 920 4284 γάρ
946 4215 1126 4286 ψυχὴν
1148 4215 1358 4279 τούτοις
1397 4215 1603 4269 ἆπασιν
1637 4216 1702 4267 ἐκ
1739 4215 1837 4284 τῆς
1868 4215 2057 4278 οὐσίας

473 4305 690 4376 ἐκείνης
715 4303 853 4360 εἷναί
884 4308 1165 4376 φασιν),οὐ
1185 4307 1498 4379 φρίττουσιν
1527 4307 1650 4361 οὐδέ
1678 4308 2054 4373 καταδύονται,

471 4400 622 4470 ἡμᾶς
649 4399 704 4450 δέ
735 4398 926 4465 ἀνάξια
951 4397 1046 4452 τοῦ
1071 4398 1206 4453 Θεοῦ
1261 4399 1444 4468 λέγειν
1496 4400 1681 4469 φασὶν,
1727 4401 1810 4454 ὅτι
1852 4400 2060 4455 τούτων

478 4489 577 4559 μὲν
605 4488 757 4542 οὐδὲν
785 4487 909 4541 οὑτε
935 4491 1015 4553 εἰς
1047 4488 1173 4543 νοῦν
1203 4489 1387 4545 λαϐεῖν
1417 4491 1744 4562 ἀνεχόμεθα·
1768 4491 1796 4544 ὂ
1816 4491 1874 4544 δὲ
1904 4492 2056 4562 αὑτῷ

474 4580 684 4652 πρέπον
713 4578 782 4653 ἦν
829 4582 924 4634 καὶ
973 4583 1281 4653 προσῆκον,
1333 4581 1584 4653 λέγομεν,
1619 4585 1700 4638 ὅτι
1747 4584 1810 4636 τὸ
1857 4585 2057 4637 οἰκεῖον

476 4671 635 4742 ἔργον
668 4672 837 4726 ἐλθὼν
885 4672 1235 4744 διωρθώσατο
1261 4671 1340 4743 τῷ
1379 4673 1484 4742 τῆς
1517 4674 1826 4744 γεννήσεως
1855 4671 2060 4742 ταύτης

475 4763 684 4834 τρόπῳ.
711 4764 776 4815 Τί
817 4764 1027 4833 λέγεις,
1059 4763 1180 4817 εἰπέ
1226 4783 1338 4836 μοι,
1377 4758 1423 4818 ὧ
1466 4764 1762 4835 ἄνθρωπε;
1814 4765 1924 4836 Τὴν
1953 4765 2062 4819 τῶν

476 4855 818 4928 ἀνδροφόνων
853 4855 1033 4928 ψυχὴν
1061 4857 1157 4911 καὶ
1210 4857 1311 4928 τὴν
1356 4855 1466 4908 τῶν
1495 4857 1705 4927 γοήτων
1737 4857 1836 4928 τῆς
1876 4857 2064 4921 οὐσίας

476 4944 620 5002 εἶναι
649 4946 822 5015 λέγων
871 4948 966 5000 τοῦ
1014 4947 1173 5012 Θεοῦ,
1225 4950 1357 5019 ἡμῖν
1404 4947 1608 5018 τολμᾷς
1665 4946 1948 5014 ἐγκαλεῖν,
1981 4949 2065 5015 ὅτι

477 5041 683 5102 τούτων
705 5041 803 5110 μέν
823 5041 976 5094 οὐδὲν
1003 5041 1332 5112 ἀνεχόμεθα,
1363 5040 1488 5095 οὔτε
1528 5041 1871 5111 ὑπομένομεν
1900 5040 2067 5094 ἀκοῦ-

483 5151 572 5191 σαι
607 5134 920 5205 λεγόμενον,
947 5133 1084 5188 ἀλλά
1106 5135 1202 5188 καὶ
1225 5134 1353 5198 τοὺς
1384 5135 1641 5203 λέγοντας
1675 5119 1931 5197 ἀσεϐείας
1950 5132 2069 5204 κρί-

481 5243 646 5296 νομεν
687 5226 969 5296 μετόχους
997 5227 1174 5282 ἐκεῖνο
1197 5227 1257 5280 δέ
1278 5244 1477 5296 φαμεν,
1500 5226 1582 5279 ὅτι
1615 5227 1741 5280 ναὸν
1767 5225 1921 5294 ἆγιον
1941 5227 2069 5280 ἐαυ-

483 5314 564 5384 τῷ
598 5317 1016 5380 κατασκευάσας
1049 5318 1078 5370 6
1103 5316 1257 5381 Θεὸς,
1285 5317 1354 5370 δι’
1380 5317 1590 5370 ἐκείνου
1628 5317 1729 5387 τὴν
1769 5317 1878 5370 τῶν
1903 5319 2068 5389 οὑραο

482 5421 590 5468 νων
623 5405 898 5460 πολιτείαν
943 5409 1024 5471 εἰς
1063 5408 1156 5460 τὸν
1203 5407 1315 5476 βίον
1350 5409 1613 5480 εἰσήγαγε
1650 5409 1742 5462 τὸν
1782 5410 2065 5481 ἡμέτερον.

486 5495 596 5548 Καὶ
646 5495 767 5558 πῶς
792 5498 885 5549 οὐ)
949 5499 1016 5552 ἂν
1060 5498 1209 5571 εἴητε
1249 5501 1458 5571 μυρίων
1489 5500 1736 5554 θανάτων
1785 5501 1946 5565 ἄξιοι,
1975 5502 2070 5555 καὶ

490 5587 631 5657 ὑπὲρ
656 5587 764 5640 τῶν
794 5589 1174 5660 ἐγκλημάτων,
1202 5586 1277 5645 ὧν
1311 5593 1444 5662 ἡμῖν
1473 5593 1773 5660 ἐγκαλεῖτε,
1808 5596 1902 5646 καὶ
1929 5593 2068 5667 ὑπὲρ

493 5677 606 5733 τῶν
653 5679 1036 5749 ἀσεϐημάτων,
1075 5678 1151 5738 ὧν
1189 5685 1512 5749 ἀσεϐοῦντες
1569 5686 1632 5738 οὐ
1694 5685 1968 5750 παύεσθε;
2009 5687 2071 5738 Εἰ

561 5875 586 5905 ⁸
612 5877 727 5938 Ηως
750 5881 914 5943 Verba,
942 5885 1028 5933 οὑκ
1051 5887 1183 5948 αὑτό,
1211 5902 1305 5938 non
1330 5889 1478 5939 habet.
1505 5888 1730 5952 Sm’ilius.

1132 433 1189 486 S.
1231 432 1516 505 JOANNIS
1554 430 2039 488 CIIRYSOSTOMI
2081 430 2394 487 ARCHIEP.
2437 423 2984 484 CONSTANTINOP.

3597 417 3701 474 560

2129 550 2236 621 γὰρ
2266 551 2510 620 ἀπρεπὲς
2538 545 2676 616 Θεῷ,
2707 543 2864 613 σῶμα
2899 526 3117 607 οἰκῆσαι
3153 535 3388 608 καθαρὸν
3420 534 3512 587 καὶ
3546 533 3702 604 ἀμω-

2132 661 2250 713 μον,
2292 642 2366 703 ὡς
2416 641 2574 709 ὑμεῖς
2620 638 2828 706 λέγετε·
2862 634 2994 688 πολὺ
3049 630 3246 702 μᾶλλον
3275 627 3701 699 ἀπρεπέστερον,

2129 736 2190 789 τὸ
2221 734 2315 787 τοῦ
2350 732 2562 802 γόητος,
2592 730 2652 782 τὸ
2672 728 2766 781 τοῦ
2789 723 3170 798 τυμϐωρύχου,
3197 721 3259 775 τὸ
3286 719 3378 773 τοῦ
3406 716 3705 791 ληστοῦ,τὸ

2135 827 2229 881 τοῦ
2251 825 2506 895 πιθήκου,
2527 823 2588 876 τὸ
2612 823 2705 875 τοῦ
2739 820 2921 882 κυνὸς,
2957 819 3057 872 οὐκ
3079 815 3208 870 αὐτὸ
3234 827 3259 855 ει
3294 813 3353 866 τὸ
3387 811 3706 884 [⁸564]ἆγιον

2136 921 2232 974 καὶ
2264 921 2493 990 ἄμωμον
2524 917 2619 970 καὶ
2653 917 2710 968 ἐν
2743 914 2891 985 δεξιᾷ
2914 912 3009 966 τοῦ
3048 909 3259 982 Πατρὸς
3284 907 3379 962 νῦν
3404 907 3708 976 καθεζόμε-

2132 1030 2244 1066 νον.
2281 1010 2418 1064 Ποία
2445 1007 2553 1080 γὰρ
2602 1006 2666 1060 ἀν
2696 1005 2870 1077 βλάϐη
2895 1004 2973 1074 τῷ
3001 1001 3119 1073 Θεῷ
3160 1000 3353 1070 γένοιτ’
3378 999 3443 1052 ἀν
3472 998 3577 1053 ἀπὸ
3605 997 3708 1067 τῆς

2133 1102 2445 1172 οἰκονομίας
2476 1099 2700 1170 ταύτης,
2731 1097 2764 1168 ἢ
2797 1098 2923 1149 ποία
2953 1095 3138 1165 κηλίς;
3179 1093 3290 1163 Οὐχ
3318 1092 3480 1162 ὁρᾶτε
3501 1089 3712 1144 τουτονὶ

2132 1197 2224 1250 τὸν
2252 1197 2423 1266 ἥλιον,
2459 1187 2519 1248 οὑ
2545 1193 2606 1246 τὸ
2655 1190 2816 1262 σῶμά
2861 1191 3008 1242 ἐστιν
3054 1185 3308 1258 αἰσθητὸν
3338 1185 3433 1240 καὶ
3470 1182 3713 1253 φθαρτὸν

2133 1284 2226 1338 καὶ
2257 1282 2538 1355 ἐπίκηρον,
2570 1279 2672 1334 κᾶν
2714 1278 2972 1350 μυριάκις
3005 1277 3408 1346 ἀποπνίγωνται
3451 1273 3715 1344 Ἕλληνες

2134 1375 2227 1429 καὶ
2244 1375 2536 1444 Μανιχαῖοι
2559 1370 2732 1424 ταῦτα
2765 1369 3089 1434 ἀκούοντες;
3123 1369 3235 1438 Οὐχ
3266 1362 3417 1432 οὗτος
3441 1367 3498 1420 δὲ
3528 1366 3713 1437 μόνον,

2134 1467 2269 1520 ἀλλά
2291 1465 2386 1518 καὶ
2415 1465 2508 1536 γῆ,
2541 1464 2637 1518 καὶ
2667 1462 2930 1527 θάλασσα,
2966 1462 3058 1514 καὶ
3104 1462 3255 1514 πᾶσα
3288 1458 3473 1521 ἁπλῶς
3510 1460 3543 1528 ή
3574 1460 3720 1528 ὁρω-

2140 1560 2276 1629 μένη
2304 1557 2502 1623 κτίσις,
2535 1558 2601 1627 τῇ
2643 1555 2967 1626 ματαιότητι
2994 1552 3378 1606 ὑποτέτακται.
3411 1550 3523 1603 Καὶ
3549 1548 3719 1602 ἄκουε

2136 1651 2345 1707 Παύλου
2402 1648 2559 1702 τοῦτο
2589 1647 2894 1718 δηλοῦντος,
2949 1648 3005 1699 ἐν
3039 1640 3120 1708 οἷς
3151 1661 3303 1717 φησιο
3340 1642 3419 1712 Τῇ
3444 1643 3554 1711 γὰρ
3601 1657 3721 1710 μα-

2136 1744 2395 1808 ταιότητι
2441 1742 2480 1810 ἠ
2529 1741 2727 1805 κτίσις
2776 1736 3066 1807 ὑπετάγη,
3102 1739 3213 1806 οὐχ
3265 1735 3512 1799 ἑκοῦσα,
3555 1733 3722 1789 ἀλλὰ

2135 1835 2235 1888 διὰ
2273 1835 2380 1887 τὸν
2406 1833 2789 1897 ὑποτάξαντα
2831 1831 2923 1883 ἐπ’
2977 1828 3200 1883 ἐλπίδι.
3232 1823 3365 1881 Εἶτα
3416 1826 3612 1897 δηλῶν,
3665 1825 3722 1880 τί

2139 1927 2269 1979 ποτέ
2295 1927 2434 1989 ἐστι,
2461 1925 2780 1995 ματαιότητι
2815 1923 3176 1992 ὑποταγῆναι,
3205 1919 3476 1990 ἐπήγαγε,
3518 1918 3718 1988 λέγων·

2139 2022 2269 2074 ’Ὁτι
2297 2019 2393 2072 καὶ
2411 2017 2567 2085 αὐτὴ
2597 2019 2636 2086 δὴ
2660 2018 2857 2082 κτίσις
2882 2013 3423 2082 ἐλευθερωθήσεται
3452 2012 3571 2066 ἀπὸ
3603 2010 3723 2080 τῆς

2138 2113 2420 2180 δουλείας
2460 2111 2572 2180 τῆς
2586 2110 2813 2181 φθορᾶς
2839 2112 2926 2174 εἰς
2953 2107 3069 2176 τὴν
3113 2108 3461 2174 ἐλευθερίαν
3481 2105 3592 2173 τῆς
3622 2104 3728 2158 δό-

2139 2205 2253 2274 ξης
2285 2203 2404 2258 τῶν
2420 2205 2645 2258 τέκνων
2668 2203 2774 2256 τοῦ
2802 2201 3143 2255 Θεοῦ.Ὥστε
3170 2199 3265 2253 νῦν
3297 2198 3560 2269 ἐπίκηρός
3577 2198 3724 2260 ἐστι,

2140 2299 2235 2353 καὶ
2287 2298 2498 2370 φθαρτή
2532 2297 2668 2349 ἐστι’
2705 2296 2766 2348 τὸ
2789 2295 2898 2366 γάρ
2935 2296 3000 2365 τῇ
3047 2293 3224 2364 φθορᾷ
3271 2290 3540 2344 δουλεύειν
3567 2291 3727 2344 οὐδὲν

2141 2391 2326 2461 ἕτερόν
2343 2391 2509 2453 ἐστιν,
2541 2388 2574 2460 ἢ
2606 2388 2844 2458 φθαρτὸν
2880 2383 3038 2440 εἶναι.
3070 2386 3131 2437 Εἰ
3154 2383 3331 2436 τοίνυν
3355 2385 3382 2434 ὁ
3405 2383 3575 2452 ἥλιος,
3619 2381 3728 2434 σῶ-

2147 2499 2226 2554 μα
2259 2477 2497 2554 φθαρτὸν
2534 2480 2630 2546 ῶν,
2677 2479 2958 2550 πανταχοῦ
2993 2479 3089 2541 τὰς
3122 2478 3348 2540 ἀκτῖνας
3381 2477 3595 2546 ἀφίησι,
3628 2474 3729 2526 καὶ

2146 2575 2426 2646 βορϐόροις
2454 2573 2548 2627 καὶ
2568 2573 2864 2643 μολυσμοῖς
2890 2571 2982 2624 καὶ
3011 2569 3226 2632 πολλοῖς
3258 2569 3437 2631 ἄλλοις
3460 2567 3729 2632 τοιούτοις

2143 2667 2346 2738 ὁμιλῶν
2384 2667 2694 2737 πράγμασι,
2730 2663 2881 2717 οὐδὲν
2915 2663 3022 2716 ἀπὸ
3048 2662 3150 2732 τῆς
3199 2661 3416 2732 ὁμιλίας
3458 2660 3566 2712 τῶν
3616 2677 3730 2713 σωσ
3788 2700 3795 2705 .

2149 2759 2332 2830 μάτων
2357 2771 2381 2798 ⁸
2419 2759 2497 2820 εἰς
2513 2757 2609 2828 τὴν
2638 2756 2845 2810 οἰκείαν
2873 2755 3222 2825 καθαρότητα
3255 2752 3729 2824 παραϐλάπτεται,

2146 2850 2283 2905 ἀλλά
2317 2849 2412 2903 καὶ
2441 2847 2690 2919 καθαρὰς
2721 2845 3000 2899 συστέλλει
3030 2845 3130 2908 τὰς
3160 2846 3384 2906 ἀκτῖνας
3421 2843 3598 2906 πάλιν,
3631 2845 3734 2912 τῆς

2146 2944 2354 3007 οἰκείας
2383 2942 2584 3013 ἀρετῆς
2617 2941 2830 3003 πολλοῖς
2852 2940 2960 2992 τῶν
2993 2936 3410 3007 ὑποδεξαμένων
3438 2935 3598 2989 αὑτὸν
3627 2952 3736 2987 σω-

2151 3035 2334 3104 μάτων
2363 3032 2698 3104 μεταδιδούς,
2723 3030 2824 3100 τῆς
2839 3029 2895 3082 δὲ
2924 3029 3186 3091 δυσωδίας
3214 3029 3308 3080 καὶ
3331 3026 3426 3079 τοῦ
3453 3025 3734 3097 μολυσμοῦ

2149 3125 2269 3178 οὑδέ
2298 3124 2360 3177 τὸ
2385 3123 2546 3195 τυχὸν
2578 3122 2740 3187 αὐτὸς
2773 3120 3230 3193 προσλαμϐάνων
3267 3118 3444 3188 πολλῷ
3486 3118 3690 3188 μᾶλλον
3711 3118 3738 3170 ὁ

2148 3217 2247 3287 τῆς
2273 3215 2616 3286 δικαιοσύνης
2655 3214 2829 3284 ἥλιος,
2861 3216 2889 3267 ὁ
2942 3213 3050 3266 τῶν
3101 3212 3407 3280 ἀσωμάτων
3451 3209 3737 3280 δυνάμεων

2151 3307 2447 3376 Δεσπότης,
2500 3309 2580 3370 εἰς
2617 3305 2866 3376 καθαρὰν
2903 3305 3082 3376 σάρκα
3111 3301 3300 3363 ἐλθὼν,
3331 3303 3390 3355 οὑ
3427 3301 3585 3372 μόνον
3637 3299 3739 3354 οὑκ

2153 3400 2444 3472 ἐμολύνθη,
2471 3400 2605 3454 ἀλλά
2632 3399 2726 3452 καὶ
2753 3397 2920 3468 αὐτὴν
2954 3395 3158 3464 ταύτην
3183 3393 3598 3464 καθαρωτέραν,
3642 3391 3740 3442 καὶ

2152 3493 2459 3565 ἀγιωτέραν
2489 3493 2803 3563 εἰργάσατο.
2827 3488 3013 3541 Ταῦτα
3041 3483 3132 3540 οῦν
3165 3487 3382 3540 ἅπαντα
3407 3482 3739 3543 ἐννοοῦντες,

2154 3589 2247 3642 καὶ
2283 3586 2709 3657 μνημονεύοντες
2746 3584 2846 3652 τῆς
2875 3583 3060 3652 φωνῆς
3090 3582 3189 3652 τῆς
3227 3579 3515 3648 λεγούσης·
3553 3578 3742 3630 Ἐνοι-

2154 3678 2324 3745 κήσω
2356 3679 2426 3731 ἐν
2475 3677 2699 3742 αὐτοῖς,
2749 3675 2846 3728 καὶ
2893 3673 3377 3744 ἐμπεριπατήσω·
3422 3672 3515 3724 καὶ
3553 3671 3740 3732 πάλιν,

2167 3770 2366 3840 ’Υμεῖς
2383 3769 2528 3835 ναὸς
2553 3769 2702 3822 Θεοῦ
2725 3767 2885 3832 ἐστε,
2919 3769 3016 3821 καὶ
3052 3766 3120 3820 τὸ
3169 3767 3414 3835 Πνεῦμα
3446 3764 3552 3818 τοῦ
3593 3761 3744 3817 Θεοῦ

2155 3861 2375 3915 ἐνοικεῖ
2399 3861 2470 3915 ἐν
2495 3860 2658 3929 ὑμῖν,
2692 3859 2785 3912 καὶ
2819 3861 2982 3930 ἡμεῖς
3026 3856 3162 3928 πρὸς
3201 3857 3442 3918 ἐκείνους
3470 3856 3743 3924 λέγωμεν,

2157 3951 2250 4006 καὶ
2272 3952 2341 4003 τὰ
2361 3950 2692 4018 ἀναίσχυντα
2713 3949 2818 4000 τῶν
2835 3945 3049 4000 ἀσεϐῶν
3074 3945 3514 4018 ἀποφράττωμεν
3541 3944 3746 4014 στόμαο

2156 4055 2246 4102 τα,
2279 4039 2373 4092 καὶ
2401 4039 2494 4090 ἐπὶ
2542 4039 2654 4100 τοῖς
2687 4036 2984 4107 ἡμετέροις
3017 4033 3246 4103 ἀγαθοῖς
3293 4031 3742 4102 εὐφραινώμεθα,

2158 4127 2370 4180 καὶτὸν
2405 4125 2755 4197 σαρκωθέντα
2802 4124 2937 4176 Θεὸν
2978 4121 3291 4191 δοξάζωμεν
3323 4121 3461 4190 ὑπὲρ
3511 4119 3611 4190 τῆς
3659 4136 3748 4172 το-

2163 4214 2366 4285 σαύτης
2395 4213 2877 4282 συγκαταϐάσεως,
2922 4212 3016 4264 καὶ
3057 4209 3198 4262 κατά
3231 4208 3458 4276 δύναμιν
3480 4208 3579 4276 τὴν
3609 4209 3748 4278 ἡμε-

2159 4305 2217 4357 τέ
2229 4321 2346 4374 ραν,
2376 4303 2531 4369 ἀξίαν
2575 4301 2867 4371 ἀποδῶμεν
2907 4298 3055 4370 αὐτῷ
3081 4301 3174 4352 καὶ
3203 4298 3302 4368 τὴν
3329 4295 3494 4367 τιμὴν
3517 4297 3615 4348 καὶ
3646 4296 3749 4366 τὴν

2163 4390 2418 4463 ἀμοιϐήνσ
2448 4389 2566 4460 Θεῴ
2594 4389 2652 4441 δέ
2687 4387 2894 4460 ἀμοιϐὴ
2930 4386 3160 4456 οὐδεμία
3190 4388 3322 4456 παρ’
3353 4383 3512 4454 ἡμῶν
3546 4383 3750 4452 γένοιτ’

2163 4479 2249 4544 ἂν,
2278 4479 2390 4532 ἀλλ’
2419 4479 2452 4550 ἢ
2492 4480 2650 4549 μόνον
2679 4479 2712 4549 ἡ
2740 4474 2986 4545 σωτηρία
3011 4473 3171 4545 ἡμῶν
3204 4474 3299 4526 καὶ
3325 4472 3434 4524 τῶν
3463 4471 3751 4544 ἡμετέρων

2163 4570 2370 4641 ψυχῶν.
2407 4571 2558 4642 καὶὴ
2593 4567 2720 4639 περὶ
2747 4566 2844 4638 τὴν
2877 4565 3079 4637 ἀρετὴν
3114 4562 3421 4633 ἐπιμέλεια.

2229 4657 2294 4722 ζ’.
2315 4659 2398 4730 Μὴ
2425 4658 2600 4711 τοίνυν
2626 4655 2913 4729 γενώμεθα
2934 4651 3250 4724 ἀγνώμονες
3271 4652 3402 4723 περὶ
3417 4651 3508 4704 τὸν
3527 4650 3754 4722 εὐεργέ-

2163 4765 2284 4819 την,
2313 4746 2448 4800 ἀλλά
2474 4745 2542 4798 τά
2575 4745 2716 4798 κατά
2743 4743 2970 4810 δύναμιν
2996 4741 3232 4798 ἅπαντες
3267 4739 3483 4794 ἅπαντα
3511 4739 3754 4807 εἰσενέγ-

2168 4856 2375 4910 κωμεν,
2407 4838 2610 4897 πίστιν,
2645 4835 2856 4896 ἐλπίδα,
2890 4834 3139 4905 ἀγάπην,
3187 4831 3560 4904 σωφροσύνην,
3595 4832 3754 4900 ἐλεη·

2171 4932 2428 5003 μοσύνην,
2457 4929 2779 4999 φιλοξενίαν.
2805 4928 2915 4988 Καὶ
2941 4925 2970 4978 ὃ
2993 4925 3184 4997 πρώην
3199 4927 3227 4978 ὑ
3237 4927 3344 4996 μᾶς
3378 4924 3750 4995 παρεκάλεσα,

2166 5024 2324 5080 τοῦτο
2347 5024 2438 5078 καὶ
2464 5021 2579 5088 νῦν,
2611 5022 2702 5074 καὶ
2731 5021 2819 5073 ἀεὶ
2851 5019 3188 5091 παρακαλῶν
3227 5019 3288 5071 οὑ
3330 5017 3635 5087 παύσομαι.
3686 5016 3753 5070 Τί

2166 5118 2222 5171 δέ
2248 5116 2406 5170 τοῦτὸ
2448 5116 2599 5179 ἐστι;
2652 5113 2953 5174 Μέλλοντες
3004 5110 3288 5181 προσιέναι
3319 5112 3384 5180 τῇ
3420 5113 3624 5181 φρικτῇ
3658 5111 3753 5162 καὶ

2169 5211 2290 5282 θεία
2307 5209 2478 5282 ταύτῃ
2503 5205 2750 5278 τραπέζῃ
2784 5204 2879 5258 καὶ
2912 5204 3034 5274 ἱερᾷ
3069 5203 3448 5274 μυσταγωγία,
3476 5203 3615 5272 μετά
3647 5203 3748 5270 φό-

2170 5303 2266 5357 ϐου
2289 5303 2384 5356 καὶ
2408 5301 2610 5372 τρόμου
2642 5298 2800 5351 τοῦτο
2848 5300 3073 5358 ποιεῖτε,
3114 5294 3251 5366 μετά
3289 5293 3536 5366 καθαροῦ
3574 5311 3751 5347 συνει-

2169 5397 2337 5457 δότος,
2374 5393 2510 5464 μετά
2536 5390 2785 5462 νηστείας
2808 5390 2902 5444 καὶ
2929 5388 3254 5459 προσευχῆς,
3281 5388 3355 5458 μὴ
3373 5387 3752 5458 θορυϐοῦντες,

2174 5485 2308 5556 μηδὲ
2340 5480 2704 5546 λακτίζοντες,
2733 5480 2866 5552 μηδέ
2888 5479 3154 5542 ὠθοῦντες
3182 5479 3306 5541 τοὺς
3325 5477 3571 5549 πλησίον·
3588 5479 3753 5546 ἐσχά-

2171 5597 2270 5651 της
2295 5579 2402 5650 γὰρ
2427 5577 2583 5630 τοῦτο
2607 5574 2926 5646 παρανοίας,
2963 5575 3058 5626 καὶ
3088 5573 3543 5644 καταφρονήσεως
3575 5572 3634 5623 οὐ
3656 5572 3752 5640 τῆς

2171 5672 2458 5743 τυχούσης.
2494 5671 2586 5724 Διὸ
2611 5669 2705 5723 καὶ
2745 5667 2944 5738 πολλὴν
2979 5666 3128 5738 [565]
3161 5667 3358 5733 ἐπάγει
3400 5668 3515 5728 τοῖς
3583 5662 3753 5728 ταῦτα

2238 5888 2264 5940 ζ)
2289 5887 2383 5938 Mss
2416 5886 2509 5935 ἀπὸ
2529 5884 2612 5934 τοῦ
2635 5881 2880 5946 μολυσμοῦ
2903 5883 3190 5945 σωματικῶν
3211 5879 3382 5946 ῥύπων.
