4066 6392
330 457 435 513 359

311 581 536 635 etautnr,
571 569 869 637 multosque
910 581 971 618 ex
1016 546 1423 630 sunpliciorthus
1473 556 1687 609 turbant
1730 564 1889 621 atque

312 664 638 733 inquietant:
659 675 794 728 opus
818 668 919 715 est,
943 670 1062 709 cum
1090 654 1153 707 ad
1179 654 1336 720 ipsos,
1361 663 1470 703 tum
1495 648 1561 702 ad
1587 642 1888 715 lmjusmodi

310 731 401 821 qui
447 750 594 805 hisce
648 749 945 808 turbantur,
996 756 1295 797 sermonem
1346 740 1602 807 dirigere,
1660 750 1727 789 ne
1768 731 1894 802 quid

318 858 567 913 umquam
624 841 824 895 insanis
872 835 1172 891 hominibus
1212 832 1609 900 acquiescentes
1653 838 1892 880 commo-

320 945 565 1000 veantur,
598 942 689 989 aut
728 933 1003 986 turbentur
1026 944 1093 983 ex
1119 923 1419 995 hujusmodi
1450 920 1737 976 inﬁdelium
1770 916 1892 971 irri-

312 1028 485 1082 sione.
510 1026 641 1081 Nam
673 1033 727 1080 et
756 1024 903 1095 parvi
944 1022 1091 1093 pueri
1131 1034 1218 1074 res
1241 1018 1427 1081 serias,
1459 1023 1615 1084 atque
1641 1012 1775 1066 adeo
1800 1025 1895 1064 ne-

312 1120 572 1175 cessarias
611 1133 752 1187 Stepe
793 1115 947 1171 nobis
973 1113 1291 1184 agitantibus
1330 1108 1504 1162 ridere
1544 1105 1753 1158 solent:
1787 1116 1890 1154 non

315 1220 495 1266 tamen
524 1209 718 1263 idcirco
746 1208 887 1263 risus
926 1205 1012 1259 hic
1038 1209 1402 1273 argumentum
1435 1207 1515 1252 est
1546 1208 1746 1259 rerum,
1775 1206 1894 1260 qua:

316 1304 574 1367 ridentur,
603 1299 840 1364 vilitatis,
871 1297 964 1350 sed
999 1310 1205 1357 eorum,
1230 1291 1318 1360 qui
1347 1289 1538 1350 rident,
1570 1283 1892 1339 stoliditatis.

313 1394 464 1463 Quod
508 1393 646 1447 idem
675 1391 829 1444 nobis
864 1389 930 1442 de
972 1386 1118 1441 hisce
1156 1383 1383 1441 ethnicis
1410 1381 1587 1434 dicere
1613 1378 1771 1432 licet:
1804 1376 1896 1444 qui

316 1487 494 1557 pueris
524 1486 655 1554 ipsis
695 1496 859 1553 prOpe
898 1478 1217 1533 amentiores
1254 1490 1374 1529 cum
1403 1473 1529 1535 sint,
1561 1485 1623 1525 ea
1652 1467 1892 1533 irrident,

314 1596 435 1650 qua:
460 1578 707 1647 religioso
747 1572 976 1644 quodam
1020 1570 1244 1624 horrore
1286 1576 1444 1634 atque
1472 1562 1616 1616 omni
1661 1559 1895 1614 admira-

317 1649 461 1727 tione
505 1670 659 1739 plena
708 1675 862 1731 sunt,
901 1664 988 1717 illa
1040 1671 1239 1723 autem,
1271 1672 1387 1726 qua:
1440 1669 1625 1709 revera
1676 1649 1896 1705 ridenda

316 1774 485 1824 erant,
538 1759 814 1830 magniﬁce
860 1754 1119 1810 extollunt
1173 1761 1330 1819 atque
1380 1754 1657 1803 exornant.
1703 1744 1895 1796 Verum

318 1857 457 1909 enim
490 1867 617 1907 vero
645 1861 698 1905 et
725 1858 904 1903 nostra
946 1847 1017 1900 ita
1047 1845 1113 1897 ab
1141 1843 1268 1912 ipsis
1299 1841 1453 1895 irrisa
1483 1839 1534 1892 in
1565 1837 1774 1907 propria
1802 1849 1895 1889 sua

320 1946 662 2002 nihilominus
692 1941 968 2010 majestate
1015 1936 1319 2007 perdurant,
1351 1932 1499 1986 nullo
1541 1945 1634 1999 per
1665 1930 1897 1998 ipsorum

322 2040 508 2100 risum,
555 2033 693 2101 quod
746 2031 809 2084 ad
860 2027 1215 2098 pra'stantiam
1266 2038 1415 2078 suam
1467 2021 1675 2083 attinet,
1706 2018 1900 2072 damno

321 2140 538 2196 accepto
567 2143 580 2179 :
610 2134 663 2178 et
690 2124 921 2191 ipsorum
946 2126 1150 2179 contra,
1184 2116 1305 2169 licet
1336 2119 1611 2174 exornata,
1643 2111 1897 2179 privatam

322 2233 471 2273 suam
526 2212 903 2283 turpitudinem
963 2207 1209 2279 produnt.
1256 2204 1442 2258 Nonne
1489 2202 1630 2256 enim
1678 2198 1898 2253 extremi

324 2308 597 2380 cujusdam
628 2305 858 2375 stuporis
884 2312 986 2368 est,
1019 2300 1136 2354 illos
1163 2310 1383 2352 errones
1413 2296 1464 2348 in
1485 2293 1708 2363 lapides,
1738 2291 1898 2360 ligna,

326 2420 379 2463 et
428 2408 553 2461 vilia
598 2406 744 2474 signa
770 2402 900 2456 deos
944 2413 1070 2452 suos
1113 2394 1443 2456 indueentes,
1473 2397 1526 2443 et
1554 2398 1820 2456 tamquam
1850 2386 1900 2437 in

324 2515 539 2556 carcere
576 2498 823 2567 quopiam
865 2488 1261 2550 concludentes,
1294 2483 1423 2537 nihil
1453 2490 1628 2534 tamen
1659 2476 1902 2531 arbitrari

327 2609 384 2646 se
412 2600 566 2659 turpe
590 2596 680 2642 aut
708 2586 891 2640 dicere
920 2591 1011 2635 aut
1050 2579 1224 2632 facere
1249 2593 1262 2628 :
1305 2588 1403 2628 nos
1431 2580 1604 2625 autem
1633 2582 1901 2628 accusare,

328 2681 469 2753 quod
514 2691 837 2740 asseramus,
886 2675 1047 2727 Deum
1098 2668 1196 2722 sibi
1246 2665 1500 2733 templum
1549 2661 1724 2713 vivum
1772 2672 1905 2712 con‘

330 2772 585 2829 struxisse
611 2786 677 2825 ex
703 2768 901 2837 Spiritu
932 2773 1137 2825 sancto,
1169 2775 1264 2828 per
1294 2756 1436 2827 quod
1484 2754 1596 2807 orbi
1646 2762 1905 2806 terrarum

331 2865 580 2920 universo
608 2858 849 2932 profuit?
894 2857 955 2909 Et
983 2849 1277 2919 cujusmodi
1307 2847 1516 2900 tandem
1559 2846 1659 2899 hoc
1686 2858 1904 2897 accusa-

331 2957 492 3011 tionis
529 2949 729 3023 genus?
778 2948 831 3003 Si
878 2946 1017 3001 enim
1066 2953 1217 3018 turpe
1257 2948 1337 3000 est
1368 2939 1529 2997 Deum
1578 2937 1631 2995 in
1678 2939 1909 2993 humano

331 3066 557 3121 corpore
602 3048 859 3107 habitare,
907 3042 1072 3096 multo
1105 3038 1269 3108 magis
1318 3037 1368 3089 in
1413 3035 1555 3103 ligno
1601 3040 1654 3085 et
1702 3029 1907 3099 lapide:

333 3158 460 3196 sane
502 3150 647 3194 tanto
690 3136 914 3205 turpius,
943 3142 1140 3203 quanto
1185 3129 1314 3196 lapis
1343 3137 1398 3180 et
1446 3126 1646 3194 lignum
1696 3122 1911 3175 liomine

334 3236 487 3287 vilius
517 3252 528 3286 :
562 3232 680 3286 nisi-
710 3230 846 3283 forte
875 3228 985 3296 ipsa
1015 3223 1235 3277 materia
1267 3234 1453 3274 sensus
1493 3224 1710 3284 experte
1747 3228 1913 3284 genus

337 3332 575 3379 nostrum
607 3320 862 3389 abjectius
899 3317 1000 3370 illis
1043 3328 1161 3369 esse
1197 3311 1449 3365 videatur.
1485 3308 1620 3376 Quin
1662 3307 1818 3360 etiam
1860 3305 1912 3358 in

338 3416 467 3471 feles
494 3424 546 3469 et
575 3428 733 3467 canes
764 3409 884 3479 ipsi,
917 3406 1065 3461 multi
1105 3413 1293 3458 autem.
1322 3401 1691 3454 htereticorum
1731 3398 1783 3450 in
1813 3395 1914 3449 alia

338 3508 554 3576 insuper
596 3505 740 3559 hisce
784 3499 1212 3572 ignominiosiora
1259 3494 1455 3549 audent
1497 3492 1587 3546 Dei
1629 3488 1913 3545 essentiam

340 3601 630 3662 habitatum
674 3597 984 3650 immittere.
1014 3589 1163 3658 Quod
1189 3603 1287 3642 nos
1329 3570 1499 3655 neque
1541 3584 1784 3645 dicimus,
1818 3596 1916 3634 ne-

340 3709 445 3763 que
474 3691 711 3744 dicentes
732 3683 1012 3755 aliquando
1037 3681 1218 3733 audire
1257 3678 1628 3731 sustineamus.
1663 3672 1765 3726 Sed
1790 3669 1917 3723 illud

344 3793 546 3838 tantum
589 3777 899 3839 asserimus,
940 3771 1206 3826 Christum
1252 3782 1464 3822 carnem
1493 3763 1762 3827 mundam,
1795 3776 1919 3814 san—

344 3886 516 3938 ctam,
565 3866 1083 3939 irreprehensibilem
1128 3869 1445 3932 peccatoque
1486 3856 1632 3911 omni
1679 3856 1920 3909 inacces-

345 3982 478 4031 sam,
513 3980 579 4019 ex
607 3961 842 4031 virgineo
872 3966 1023 4011 utero
1060 3938 1418 4025 prodeuntem
1445 3946 1815 4015 assumpsisse,
1845 3952 1925 3997 at-

346 4072 451 4127 que
476 4056 547 4108 ita
575 4066 727 4106 suum
770 4050 1076 4118 ﬁgmentum
1107 4052 1456 4098 restaurasse.
1484 4039 1561 4092 Ac
1588 4037 1660 4090 illi
1687 4034 1921 4103 quidem,

349 4126 405 4204 et
429 4147 517 4217 qui
546 4145 655 4215 pari
684 4157 802 4196 cum
834 4139 959 4209 ipsis
988 4137 1264 4206 impietate
1289 4133 1602 4200 delinquunt
1626 4126 1921 4191 Manichzei,

351 4241 403 4294 in
439 4252 601 4293 canes
641 4245 694 4289 et
735 4233 918 4287 simias
962 4229 1205 4296 ferasque
1245 4226 1418 4280 omnis
1457 4223 1668 4291 generis
1696 4219 1925 4273 divinam

354 4333 638 4387 essentiam
671 4327 978 4380 inducentes
1010 4339 1023 4375 :
1059 4320 1287 4374 animam
1315 4318 1457 4370 enim
1487 4313 1731 4368 omnibus
1760 4311 1843 4365 his
1863 4326 1928 4364 ex

354 4424 439 4479 illa
470 4419 701 4476 essentia
727 4432 850 4472 esse
873 4414 1086 4471 dicunt;
1130 4426 1233 4464 non
1275 4409 1493 4461 horrent
1522 4420 1694 4474 neque
1733 4402 1929 4458 erube-

357 4522 548 4571 scunt:
584 4526 680 4565 nos
706 4522 832 4562 vero
860 4506 972 4561 Deo
998 4503 1209 4572 indigna
1238 4500 1415 4554 dicere
1444 4498 1610 4561 aiunt,
1651 4495 1771 4564 quia
1800 4492 1932 4546 nihil

359 4609 549 4662 horum
571 4619 637 4658 ne
658 4600 974 4672 cogitatione
1004 4597 1216 4667 quidem
1243 4592 1586 4666 admittimus,
1611 4589 1702 4643 sed
1732 4597 1930 4642 tantum

359 4696 501 4769 quod
554 4696 663 4749 Deo
701 4693 1026 4748 conveniens
1070 4698 1226 4758 atque
1278 4687 1474 4741 decens
1516 4691 1630 4737 erat
1673 4681 1930 4736 dicimus:

360 4802 551 4858 nempe
587 4787 759 4853 ipsum
796 4783 1097 4839 advenisse.
1152 4789 1205 4832 et
1245 4778 1343 4831 hoc
1381 4772 1736 4845 generationis
1775 4772 1935 4825 modo

362 4882 635 4951 proprium
662 4892 815 4930 suum
844 4890 977 4943 opus
1006 4881 1350 4927 restaurasse.
1373 4868 1506 4935 Quid
1531 4866 1645 4920 ais?
1671 4866 1755 4919 die
1785 4864 1935 4917 mihi.

364 4971 535 5035 Tune,
556 4969 646 5036 qui
690 4964 1071 5019 homicidarum
1123 4971 1175 5014 et
1222 4959 1660 5028 prtestigiatorum
1706 4955 1935 5008 animam

366 5064 559 5118 divinae
586 5059 829 5116 essentia:
857 5072 975 5112 esse
1001 5055 1212 5116 asseris,
1240 5067 1337 5106 nos
1360 5066 1608 5105 accusare
1638 5047 1823 5113 audes,
1852 5046 1941 5115 qui

368 5158 559 5211 horum
589 5152 799 5223 quidem
844 5148 973 5202 nihil
1004 5162 1108 5199 non
1136 5144 1294 5197 modo
1322 5158 1426 5196 non
1459 5142 1674 5195 terimus
1699 5149 1788 5192 aut
1810 5152 1935 5192 sus-

369 5249 599 5303 tinemus
641 5243 822 5297 audire
847 5283 862 5306 ,
893 5239 986 5294 sed
1016 5238 1103 5306 qui
1144 5237 1229 5289 illa
1260 5236 1459 5299 dicunt,
1487 5233 1674 5301 impios
1698 5246 1816 5287 esse
1852 5230 1943 5300 ju-

370 5338 643 5397 dicamus?
668 5335 802 5404 Quid
835 5333 988 5403 igitur
1012 5327 1274 5385 dicimus?
1302 5326 1431 5380 Illud
1457 5325 1735 5379 nimirum:
1778 5324 1942 5377 Deunt

371 5444 678 5490 constructo
726 5436 910 5483 sancto
958 5424 1059 5478 hoc
1099 5422 1196 5476 sibi
1240 5419 1458 5489 templo,
1486 5434 1580 5488 per
1605 5418 1830 5485 idipsum
1877 5432 1942 5470 ex

381 5528 514 5583 cazlo
571 5524 839 5579 caelestem
888 5516 1166 5587 quemdam
1220 5528 1396 5567 rerum
1444 5522 1635 5564 statum
1684 5511 1733 5562 in
1783 5509 1945 5562 vitam

382 5626 617 5672 nostram
646 5612 925 5666 invexisse.
954 5608 1020 5661 Et
1041 5603 1218 5674 quidni
1248 5601 1435 5655 merito
1475 5600 1660 5653 millies
1684 5614 1783 5652 vos
1806 5598 1950 5666 capi-

376 5708 446 5762 tis
472 5702 776 5763 damnandi,
808 5709 917 5753 tum
946 5698 1016 5752 ob
1054 5692 1464 5753 accusationem,
1493 5706 1594 5758 qua
1647 5705 1743 5742 nos
1787 5693 1953 5756 impe-

376 5799 508 5861 titis,
535 5805 645 5848 tum
689 5792 761 5846 ob
800 5787 1140 5858 impietatem,
1170 5796 1325 5850 quam
1370 5779 1424 5832 in
1470 5778 1633 5831 Deum
1675 5777 1955 5831 admittere

378 5906 484 5955 non
529 5882 817 5941 desistitis?
871 5880 926 5933 Si
972 5876 1113 5940 enim
1156 5872 1269 5938 Deo
1314 5879 1393 5925 est
1436 5869 1708 5931 indecens,
1758 5878 1812 5922 ut
1861 5884 1955 5923 vos

1268 438 1333 493 IN
1378 437 1537 495 NEM
1562 437 1902 509 _N.\TALEM
1947 440 2008 494 D.
2049 437 2114 493 N.
2152 438 2315 495 JESU
2350 433 2649 493 CHRISTI.

3469 431 3571 486 560

1998 547 2191 612 dicitis,
2234 548 2532 603 inhabitare
2584 561 2778 617 corpus
2817 560 3005 616 purum
3053 554 3106 600 et
3154 543 3569 609 immaculatum,

1998 643 2164 696 multo
2187 652 2328 696 certe
2356 642 2687 696 indecentius
2713 648 2797 694 est
2836 640 3254 709 pra:stigiatoris,
3295 638 3571 707 sepulcro-

1997 749 2114 788 rum
2159 734 2481 799 sutl‘ossoris,
2522 732 2759 796 latronis,
2790 731 2898 785 imo
2941 731 3109 784 simia:
3133 740 3188 786 et
3231 730 3411 795 canis;
3466 744 3572 784 non

1997 835 2172 879 autem
2199 833 2437 878 sanctum
2468 822 2598 877 illud
2625 832 2781 891 atque
2807 822 3297 887 incontaminatum,
3328 820 3574 891 quodque

1998 932 2139 972 nunc
2189 918 2239 970 in
2284 916 2501 970 dextera
2530 916 2702 969 Patris
2731 915 2902 969 sedet.
2931 913 3080 979 Quod
3109 914 3252 967 enim
3298 914 3572 979 damnum,

1998 1019 2087 1061 aut
2114 1009 2317 1061 macula
2360 1009 2467 1061 Deo
2492 1007 2776 1061 accesserit
2821 1022 2887 1059 ex
2935 1005 3032 1058 hac
3074 1006 3410 1060 (economia?
3461 1005 3575 1059 Non

1998 1103 2189 1157 videtis
2234 1102 2399 1155 solem
2451 1100 2614 1163 hunc,
2647 1102 2798 1168 cujus
2836 1114 3030 1167 corpus
3076 1098 3346 1163 sensibile,
3388 1112 3575 1151 corru-

2000 1195 2169 1265 ptioni
2195 1194 2487 1263 subjectum
2510 1202 2668 1262 atque
2698 1192 2965 1245 inﬁrmum
2989 1200 3088 1254 est,
3116 1199 3429 1261 rumpantur
3455 1189 3580 1245 licet

1998 1288 2191 1342 millies
2218 1286 2332 1339 haec
2360 1284 2640 1338 audientes
2681 1284 2906 1353 gentiles
2942 1297 3005 1336 ac
3033 1282 3344 1335 Maniehmi?
3397 1281 3581 1351 Neque

1999 1393 2127 1432 vero
2153 1376 2231 1431 sol
2258 1376 2551 1441 dumtaxat,
2575 1374 2669 1428 sed
2699 1375 2857 1429 etiam
2888 1384 3052 1439 terra,
3088 1389 3256 1437 mare,
3287 1382 3444 1441 atque
3467 1389 3583 1425 ont-

2001 1471 2083 1523 nis
2108 1470 2325 1523 omnino
2374 1483 2552 1522 rerum
2584 1466 2780 1520 fabrica
2807 1466 2905 1519 sub
2945 1474 3216 1533 aspectum
3246 1465 3464 1529 cadens,
3491 1479 3582 1517 va-

2000 1562 2152 1617 nitati
2182 1561 2419 1629 subjecta
2446 1569 2548 1614 est.
2591 1559 2721 1614 Nam
2763 1559 2885 1614 audi
2915 1558 3135 1612 Paulum
3177 1557 3279 1611 hoc
3308 1556 3582 1610 manifeste

2002 1656 2304 1719 docentem,
2332 1653 2457 1707 dum
2488 1653 2604 1707 ait:
2646 1651 2869 1704 Vauitati
2910 1652 3044 1704 enim
3085 1660 3316 1703 creatura
3360 1650 3585 1718 subjecta

2001 1758 2094 1816 est,
2123 1764 2223 1802 non
2251 1748 2440 1813 volens,
2477 1747 2564 1800 sed
2612 1755 2814 1815 prapter
2842 1761 2973 1807 eum,
3005 1744 3092 1814 qui
3138 1743 3348 1814 subjecit
3392 1759 3503 1795 eam
3532 1743 3585 1795 in

2002 1856 2091 1906 spe
2120 1839 2293 1909 (Rom.
2321 1838 2375 1892 8.
2402 1837 2514 1907 20).
2557 1836 2657 1903 Qui
2684 1836 2877 1890 deinde
2905 1834 3183 1890 ostendere
3222 1834 3402 1887 volens
3430 1832 3585 1902 quid-

2004 1948 2126 1986 nam
2161 1932 2231 1986 sit
2278 1930 2407 1985 illud
2448 1929 2665 1982 vanitati
2696 1928 2992 1996 subjectum
3021 1942 3161 1990 esse,
3188 1926 3464 1980 subintnlit
3490 1924 3585 1978 vdi-

2004 2040 2131 2079 cens
2164 2042 2175 2075 :
2212 2022 2342 2089 Quia
2370 2032 2416 2075 et
2446 2023 2558 2090 ipsa
2585 2028 2817 2073 creatura
2853 2019 3140 2072 liberabitur
3164 2035 3196 2069 a
3219 2019 3449 2072 servitute
3476 2033 3591 2069 cor-

2004 2116 2271 2180 ruptionis,
2301 2114 2354 2166 in
2381 2113 2659 2195 libertatem
2690 2112 2867 2182 gloria:
2894 2112 3117 2179 ﬁliorum
3144 2109 3240 2162 Dei
3283 2109 3440 2182 (Ibid.
3473 2110 3587 2179 ἐι).

2003 2206 2205 2275 Nempe
2231 2204 2572 2273 corruptibile
2597 2203 2723 2272 quid
2754 2217 2894 2255 nunc
2914 2211 2996 2256 est
3024 2211 3262 2257 creatura
3286 2220 3297 2257 :
3328 2202 3587 2271 siquidem

2006 2296 2332 2365 corruptioni
2361 2296 2559 2349 servire
2588 2294 2717 2348 nihil
2746 2302 2829 2349 est
2859 2293 3024 2357 aliud,
3056 2309 3213 2362 quam
3245 2294 3591 2363 corruptibile

2010 2403 2149 2442 esse.
2181 2387 2332 2455 Quod
2363 2386 2406 2439 si
2437 2401 2565 2456 ergo
2608 2386 2710 2448 sol,
2752 2401 2944 2454 corpus
2988 2385 3328 2454 corruptibile
3351 2401 3468 2439 cum
3500 2387 3586 2449 sit,

2011 2481 2203 2548 ubique
2248 2481 2425 2534 radios
2454 2495 2581 2533 suos
2625 2481 2839 2545 emittit,
2868 2494 3045 2545 caeno,
3077 2479 3340 2545 sordibus,
3369 2480 3593 2547 aliisque

2013 2571 2192 2625 multis
2215 2571 2264 2625 id
2292 2587 2458 2641 genus
2484 2571 2645 2624 rebus
2671 2584 2788 2623 sese
2811 2571 3230 2634 communicans,
3253 2570 3382 2623 nihil
3414 2578 3593 2624 tamen

2015 2679 2079 2717 ex
2110 2662 2209 2717 hac
2251 2663 2486 2717 tarditate
2515 2676 2892 2730 corporearum
2922 2661 3217 2715 istiusmodi
3260 2661 3494 2715 sordium
3539 2661 3595 2714 in

2020 2769 2113 2808 sua
2156 2755 2242 2807 illa
2275 2755 2500 2822 puritate
2531 2752 2754 2814 lzeditur,
2783 2752 2874 2806 sed
2907 2752 3132 2805 mundos
3160 2751 3279 2805 illos
3307 2766 3430 2804 suos
3457 2753 3507 2805 in
3535 2766 3595 2806 se

2014 2847 2190 2901 radios
2238 2845 2477 2909 retrahit,
2508 2860 2573 2899 ac
2624 2845 2805 2898 multis
2848 2860 3058 2898 rursum
3106 2844 3438 2913 corporibus,
3475 2859 3596 2913 qum

2016 2938 2189 3010 ipsum
2218 2939 2532 3009 suscipiunt,
2563 2939 2668 2992 vim
2718 2952 2868 2991 suant
2914 2937 3266 3004 virtutemque
3298 2936 3594 3004 participat,

2017 3051 2081 3090 ac
2110 3035 2250 3088 noxii
2288 3042 2378 3086 aut
2406 3032 2603 3086 sordidi
2631 3048 2696 3086 ex
2726 3030 2831 3085 illis
2853 3046 2917 3085 ne
2945 3031 3216 3083 minimum
3247 3028 3457 3097 quidem
3486 3028 3598 3096 ipse

2016 3126 2068 3181 in
2092 3141 2149 3180 se
2187 3125 2491 3192 recipiens:
2537 3132 2735 3191 quanto
2765 3121 2931 3191 magis
2979 3120 3193 3189 justitire
3238 3120 3325 3174 ille
3370 3119 3480 3181 Sol,
3511 3118 3599 3173 ille

2019 3218 2283 3272 Virtutum
2317 3215 2749 3283 incorporearum
2781 3212 3056 3276 Dominus,
3086 3212 3135 3264 in
3170 3227 3355 3281 puram
3383 3224 3597 3265 carnem

2018 3308 2321 3379 ingrediens
2348 3321 2451 3387 non
2484 3305 2653 3359 solum
2687 3318 2793 3356 non
2818 3302 3120 3372 inquinatus
3146 3311 3248 3365 est,
3278 3300 3369 3355 sed
3414 3309 3599 3353 contra

2019 3402 2178 3454 etiam
2226 3382 2495 3469 puriorem
2544 3411 2661 3450 eam
2709 3396 2878 3464 ipsam
2923 3395 3346 3463 sanctioremque
3378 3378 3601 3449 reﬁ‘ecit?

2019 3494 2192 3561 Atque
2238 3490 2350 3543 htrc
2382 3488 2591 3559 quidem
2620 3487 2796 3540 omnia
2829 3494 3004 3539 mente
3030 3484 3321 3548 volventes,
3353 3493 3407 3537 et
3438 3498 3600 3542 cont—

2022 3591 2379 3639 memorantes
2418 3581 2649 3634 divinam
2699 3593 2906 3637 vocem.
2950 3576 3257 3631 dicentem:
3302 3574 3601 3628 Inlmbitabo

2022 3678 2074 3729 in
2102 3674 2226 3740 illis,
2254 3683 2299 3727 et
2327 3672 2648 3725 inambulabo
2696 3668 2877 3741 (Leuit.
2908 3669 2998 3723 ‘26.
3035 3668 3130 3731 19.;
3161 3666 3214 3718 9..
3249 3668 3363 3718 (ζον.
3395 3666 3448 3719 6.
3482 3665 3600 3734 16);

2025 3776 2078 3821 et
2102 3781 2311 3820 rursum
2352 3783 2362 3817 :
2406 3764 2505 3817 Vos
2535 3762 2772 3830 templum
2804 3760 2893 3813 Dei
2922 3761 3059 3824 estis,
3078 3769 3122 3811 et
3150 3759 3371 3826 Spiritus
3402 3757 3496 3810 Dei
3521 3758 3604 3809 in-

2027 3856 2213 3909 habitat
2254 3856 2307 3908 in
2344 3854 2479 3908 vobis
2510 3855 2583 3925 (l.
2616 3853 2733 3908 Cor.
2769 3853 2821 3907 5.
2868 3850 2976 3922 l6),
3008 3852 3165 3903 etiam
3214 3866 3311 3904 nos
3353 3849 3606 3905 adversus

2028 3946 2158 3999 istos
2187 3946 2445 4007 dicamus,
2474 3953 2527 3997 et
2568 3942 2891 4012 impudentia
2934 3942 3210 4010 impiorum
3242 3956 3331 3993 ora
3360 3940 3605 3993 obstrua-

2030 4054 2169 4103 mus,
2200 4039 2502 4107 nostrisque
2530 4038 2738 4091 interim
2770 4036 2922 4091 bonis
2951 4034 3209 4099 laetentur,
3238 4048 3298 4088 ac
3328 4033 3492 4087 Deum
3524 4033 3607 4086 in-

2031 4140 2307 4185 carnatum
2333 4129 2400 4182 ob
2430 4139 2533 4181 tam
2580 4128 2935 4195 indulgentem
2966 4126 3030 4180 ad
3061 4141 3157 4180 nos
3187 4140 3353 4195 usque
3402 4126 3480 4179 sui
3510 4125 3608 4179 de-

2034 4223 2343 4277 ntissioncm
2392 4219 2778 4291 gloriﬁcemus,
2825 4226 2877 4271 et
2928 4230 3023 4285 pro
3072 4216 3263 4269 virium
3309 4223 3609 4270 nostrarum

2034 4313 2281 4367 facultate
2331 4310 2646 4379 condignam
2701 4308 2799 4375 ipsi
2844 4307 3234 4360 venerationem
3281 4305 3612 4374 gratiamque

2035 4406 2357 4459 reddamus:
2391 4404 2498 4456 Deo
2546 4410 2720 4453 autem
2753 4399 2893 4453 nulla
2919 4415 2950 4452 a
2985 4398 3135 4451 nobis
3179 4396 3463 4466 gratiarutn
3517 4411 3614 4464 par

2038 4495 2321 4550 retributio
2354 4493 2469 4547 ﬁeri
2496 4500 2674 4561 queat,
2704 4491 2802 4543 nisi
2838 4490 3007 4543 solum
3034 4503 3115 4552 ea,
3144 4503 3262 4557 qute
3288 4487 3530 4541 consistit
3559 4486 3613 4539 in

2038 4596 2218 4640 nostra
2243 4586 2647 4652 animarumque
2674 4591 2973 4635 nostrarum
3020 4580 3212 4645 salute,
3242 4587 3399 4648 atque
3426 4578 3478 4631 in
3503 4576 3613 4630 vir-

2042 4679 2167 4732 tutis
2204 4677 2398 4731 studio.

2114 4772 2165 4824 7.
2218 4772 2339 4837 Quis
2390 4769 2568 4823 modus
2615 4766 2881 4821 accedendi
2923 4764 2989 4817 ad
3045 4763 3215 4817 divina
3250 4762 3506 4833 mysteria.
3545 4786 3622 4801 ---

2042 4864 2120 4919 Ne
2144 4864 2309 4918 simus
2334 4876 2460 4930 ergo
2488 4860 2573 4914 hic
2608 4860 2791 4928 ingrati
2820 4872 2945 4927 erga
2980 4856 3107 4909 tanti
3144 4856 3194 4907 in
3238 4869 3333 4907 nos
3377 4852 3620 4907 beneﬁcii

2044 4965 2337 5018 auctorem,
2362 4952 2455 5007 sed
2477 4966 2664 5006 omnes
2693 4948 2869 5003 omnia
2907 4948 2954 5001 ei
2994 4961 3090 5015 pro
3117 4944 3254 4997 virili
3294 4943 3578 4997 oﬁ'eramus
3598 4978 3619 5008 ,

2049 5050 2240 5113 ﬁdem,
2279 5063 2425 5116 Spem
2448 5088 2462 5111 ,
2506 5046 2811 5107 caritatem,
2846 5039 3284 5109 temperantiam,
3325 5035 3625 5090 misericor-

2048 5144 2189 5197 diam
2214 5183 2229 5206 ,
2261 5141 2689 5209 hospitalitatem.
2719 5137 2784 5191 Et
2807 5135 2874 5190 ad
2900 5133 3043 5204 quod
3069 5147 3237 5202 nuper
3260 5145 3354 5184 vos
3376 5129 3623 5183 cohorta—

2052 5243 2135 5288 tus
2161 5248 2301 5295 sum,
2324 5231 2389 5284 ad
2412 5230 2463 5283 id
2490 5229 2649 5283 etiam
2678 5243 2818 5281 nunc
2839 5236 2892 5281 et
2918 5226 2968 5278 in
2998 5233 3264 5294 posterum
3292 5234 3502 5287 semper
3530 5232 3626 5271 vos

2053 5323 2322 5379 cohortari
2351 5336 2457 5375 non
2486 5319 2756 5373 desistam.
2799 5316 3060 5383 Quidnam
3103 5312 3246 5366 hoc?
3275 5310 3409 5363 Cum
3450 5322 3629 5361 acces-

2057 5417 2165 5472 suri
2194 5415 2322 5470 esus
2346 5414 2410 5468 ad
2434 5410 2760 5468 tremendam
2780 5409 3115 5476 divinamque
3144 5406 3285 5457 illam
3312 5416 3550 5458 mensam
3578 5409 3633 5454 et

2059 5524 2207 5563 sacra
2225 5506 2497 5577 mysteria,
2523 5519 2644 5559 cum
2665 5504 2854 5556 timore
2880 5516 2941 5553 ac
2968 5510 3195 5551 tremore
3225 5496 3324 5548 hoc
3354 5494 3507 5547 facite
3532 5490 3628 5563 (α),

2058 5614 2179 5653 cum
2220 5612 2349 5666 pura
2392 5594 2714 5649 conscientia
2743 5633 2756 5657 ,
2787 5606 2906 5645 cum
2949 5587 3150 5658 jejunio
3188 5594 3241 5639 et
3286 5586 3630 5653 precatione:

2063 5707 2166 5747 non
2199 5690 2579 5743 tumultuantes
2604 5728 2619 5752 ,
2650 5700 2756 5740 non
2783 5682 3118 5737 calcitrantes
3139 5717 3155 5743 ,
3197 5691 3305 5731 non
3337 5675 3635 5746 proximum

2130 5876 2202 5939 (ιι)
2237 5875 2350 5926 vide
2374 5871 2619 5923 Mamiliam
2643 5872 2690 5920 in
2711 5876 2754 5918 s.
2781 5863 3124 5928 Philogonium,
3146 5864 3183 5911 ι.
3212 5859 3254 5909 1.
