4066 6392
491 515 827 585 impellenlcs
856 533 869 569 :
910 525 1167 570 extremae
1196 513 1338 566 enim
1376 512 1478 567 hoc
1512 511 1774 581 superbia:
1799 518 1915 576 est,
1943 523 2071 563 con-

491 608 900 678 temptionisque
945 607 1162 662 minime
1199 607 1428 676 vulgaris
1471 622 1484 659 :
1529 619 1695 674 quare
1739 604 1898 657 etiam
1945 602 2070 658 talia

491 701 916 770 perpetrautibus
944 700 1271 770 punitioncm
1314 698 1534 752 multam
1573 697 1840 752 conciliat.
1874 696 2074 750 Tecum

488 802 705 860 mputa,
734 806 766 847 ο
802 791 962 846 homo
987 833 1002 857 ,
1031 791 1238 861 qualem
1269 788 1498 843 hostiam
1525 802 1585 842 es
1612 795 2036 843 contrectaturus
2054 827 2071 854 ,

486 882 696 950 qualem
724 897 963 936 mensam
1004 881 1275 945 aditurus;
1313 889 1486 934 tecum
1531 889 1714 948 reputa
1742 920 1756 944 ,
1783 879 1923 949 quod
1949 893 2072 933 cum

489 983 631 1030 terra
658 976 731 1030 sis
754 986 807 1031 et
834 977 989 1039 cinis,
1019 990 1210 1044 corpus
1239 983 1294 1029 et
1318 972 1628 1042 sanguinem
1656 971 1854 1027 Christi
1883 972 2068 1026 sumis.

488 1065 616 1122 Etsi
645 1083 741 1124 vos
766 1084 860 1124 rex
885 1067 1098 1139 quidem
1125 1067 1190 1122 ad
1220 1068 1519 1122 convivium
1539 1077 1712 1130 vocet,
1737 1082 1856 1120 cum
1883 1067 2074 1120 timore

486 1159 819 1224 accumbitis,
844 1160 1098 1230 cibosque
1121 1159 1392 1229 appositos
1421 1173 1540 1213 cum
1580 1159 1878 1214 reverentia
1911 1167 1964 1212 ct
2001 1159 2074 1212 si-

487 1247 651 1303 lentio
669 1251 880 1305 sumitis
908 1267 923 1315 ;
953 1251 1063 1304 Deo
1087 1261 1264 1305 autem
1305 1259 1358 1306 te
1395 1250 1463 1304 ad
1506 1265 1656 1304 suam
1699 1265 1940 1305 mensam
1983 1266 2075 1304 vu-

485 1351 641 1396 cante
663 1383 679 1407 ,
712 1341 1009 1412 Filiumque
1036 1359 1190 1397 suum
1221 1342 1294 1396 ibi
1331 1351 1632 1412 apponente
1655 1385 1670 1409 ,
1701 1342 1789 1397 ubi
1818 1342 2075 1413 angelica:

487 1440 777 1499 potestates
802 1433 1066 1488 adsistunt
1089 1448 1210 1488 cum
1240 1433 1432 1488 timore
1452 1441 1507 1488 et
1528 1442 1760 1488 tremore
1784 1476 1798 1499 ,
1823 1434 1909 1489 ubi
1937 1434 2076 1490 Che-

487 1521 662 1576 rubini
693 1523 871 1577 velant
908 1524 1068 1578 facies
1107 1539 1230 1578 suas
1253 1565 1266 1588 ,
1305 1533 1465 1593 atque
1503 1523 1784 1593 Seraphini
1811 1540 1932 1580 cum
1962 1534 2074 1581 tre-

487 1630 637 1670 more
669 1616 919 1682 clamant,
964 1617 1209 1681 Sanctus,
1249 1616 1497 1683 Sanctus,
1525 1616 1754 1672 Sanctus
1780 1617 2072 1674 Dominus:

487 1717 540 1761 tu
565 1707 694 1762 mihi
713 1708 877 1763 audes
903 1707 1243 1763 vociferando
1265 1723 1328 1762 ac
1355 1708 1724 1764 tumultuando
1745 1709 1812 1764 ad
1837 1709 2077 1780 spiritale

488 1797 618 1851 illud
665 1799 964 1853 convivium
1009 1800 1309 1855 accedere?
1347 1801 1429 1854 An
1472 1809 1523 1855 te
1561 1800 1694 1871 fugit
1732 1816 1799 1856 co
1839 1809 2080 1872 tempore

486 1891 650 1944 multa
681 1893 1063 1964 tranquillitate
1109 1902 1342 1948 mentem
1379 1907 1501 1949 esse
1542 1893 1755 1964 plenam
1785 1895 2078 1964 oportere?

486 1981 753 2053 Multaque
781 1999 908 2054 pace
929 1997 990 2039 ac
1011 1985 1188 2054 quiete
1213 1999 1345 2053 opus
1368 1992 1471 2051 est,
1500 2000 1605 2039 non
1632 1993 1809 2040 autem
1827 1985 2076 2054 tumultu,

487 2075 755 2130 iracundia
778 2117 794 2143 ,
827 2077 1156 2146 strepituque
1189 2093 1202 2130 :
1237 2077 1351 2132 haec
1391 2077 1535 2132 enim
1578 2077 1908 2132 immundam
1956 2079 2076 2133 ani-

487 2179 627 2218 mam
655 2167 995 2222 accedentem
1018 2168 1274 2223 el'liciunt.
1307 2169 1564 2234 Qurenam
1592 2178 1772 2224 autem
1797 2169 1948 2225 venia
1976 2185 2078 2225 no-

489 2254 568 2308 bis
597 2255 854 2312 habeatur
879 2298 895 2324 ,
938 2258 983 2312 si
1022 2267 1142 2328 post
1179 2266 1323 2312 tanta
1365 2270 1580 2329 peccata
1604 2301 1619 2324 ,
1653 2261 1840 2315 saltem
1867 2267 2079 2330 tempus

488 2345 610 2410 hoc,
638 2362 744 2416 quo
768 2348 834 2401 ad
861 2363 1066 2403 sacram
1098 2348 1235 2404 hanc
1260 2364 1499 2404 mensam
1530 2349 1760 2416 adimus,
1788 2351 1856 2406 ab
1879 2352 2080 2406 irratio-

489 2439 753 2494 nabilibns
777 2441 922 2496 hisce
949 2442 1436 2510 perturbationibus
1456 2458 1560 2497 non
1589 2444 1917 2514 purgemus?
1941 2443 2078 2513 Quid

486 2541 665 2586 autem
695 2534 915 2588 omnino
943 2545 1026 2589 est
1054 2536 1220 2606 magis
1259 2537 1618 2590 necessarium
1637 2576 1652 2600 ,
1681 2551 1842 2606 quam
1872 2552 1934 2591 ea
1960 2553 2080 2608 quas

489 2629 540 2682 in
571 2625 669 2680 hac
701 2641 884 2681 mensa
916 2629 1329 2698 proponuntur?
1354 2637 1445 2682 aut
1473 2627 1598 2698 quid
1639 2638 1791 2699 urget
1838 2643 1937 2683 nos
1958 2670 1975 2696 ,
2019 2637 2078 2684 ut

487 2717 845 2785 connitamur,
876 2719 1236 2787 spiritualibus
1267 2720 1427 2774 rebus
1453 2719 1656 2775 relictis
1681 2762 1696 2788 ,
1727 2720 1857 2776 illuc
1887 2736 2080 2792 prope-

487 2822 608 2862 rare
629 2807 687 2860 ‘?
728 2807 806 2862 Ne
829 2849 844 2870 ,
877 2824 1006 2880 rogo
1031 2824 1126 2864 vos
1165 2819 1324 2880 atque
1350 2810 1606 2876 obtestor,
1656 2827 1722 2866 ne
1760 2811 1994 2866 divinam
2023 2812 2079 2867 in

488 2913 587 2954 nos
604 2899 736 2953 iram
759 2901 1121 2956 concitemus:
1145 2901 1589 2958 medicamentum
1606 2912 1688 2959 est
1713 2903 1765 2958 id
1786 2905 1927 2974 quod
1955 2919 2079 2974 pro-

487 2989 703 3059 ponitur
721 2990 1003 3046 vulnerum
1036 3003 1342 3048 nostrorum
1367 2995 1599 3050 salutare
1618 3038 1632 3060 ,
1655 2995 1855 3052 divitia:
1881 2997 2080 3052 indesi-

491 3091 704 3147 nentes,
731 3099 852 3153 quae
877 3084 1128 3138 caelorum
1161 3085 1316 3140 nobis
1345 3102 1564 3157 regnum
1605 3089 1912 3142 conciliant.
1942 3089 2076 3143 Cum

489 3173 712 3228 horrore
743 3174 918 3245 itaque
944 3175 1260 3230 accedamus
1279 3218 1294 3244 ,
1322 3179 1518 3247 gratias
1545 3193 1762 3248 agamus
1782 3221 1797 3245 ,
1826 3193 2078 3248 procum-

487 3265 676 3321 bamus
703 3266 1018 3322 conﬁtentes
1047 3279 1260 3337 peccata
1307 3279 1484 3323 nostra
1508 3285 1524 3335 ;
1555 3270 1911 3341 lacrymemur
1938 3269 2076 3325 mala

487 3368 672 3414 nostra
699 3361 974 3430 lugentes;
1005 3363 1236 3418 intentas
1259 3378 1322 3419 ac
1349 3364 1524 3435 largas
1543 3379 1730 3434 preces
1759 3367 1866 3420 Deo
1889 3364 2078 3419 funda-

488 3464 607 3504 mus
636 3468 652 3504 :
677 3451 860 3521 sicque
899 3467 998 3508 nos
1040 3453 1185 3522 ipsos
1224 3455 1574 3510 emundantes
1597 3496 1611 3520 ,
1642 3455 1798 3511 tacite
1821 3495 1836 3520 ,
1865 3464 1919 3510 et
1954 3471 2078 3510 cum

487 3540 664 3595 debita
687 3542 944 3598 modestia
968 3555 1233 3615 tamquam
1255 3547 1320 3600 ad
1340 3548 1592 3602 caelorum
1616 3562 1794 3617 regem
1817 3547 2078 3603 adeuntes

487 3634 848 3690 accedamus:
888 3648 1235 3709 sanctamque
1291 3639 1426 3695 hanc
1468 3648 1524 3696 et
1553 3640 1941 3696 immaculatam
1986 3642 2082 3695 ho-

553 3790 570 3820 ¹
604 3795 734 3860 ipsa,
758 3796 808 3838 ut
831 3789 1107 3854 festinemus
1139 3800 1204 3853 et,
1223 3791 1498 3856 spiritantia
1528 3793 1862 3860 relinquentes,
1887 3796 1954 3846 ad
1977 3808 2081 3846 cor-

487 3849 676 3912 poralia
707 3849 1035 3916 properemus.

1196 403 1253 460 S.
1291 398 1577 458 JOANNIS
1611 391 2102 457 CHRYSOSTOMI
2144 387 2464 447 ARCHIEP.
2510 380 3051 442 CONSTANTINOP.

2177 508 2334 562 stiam
2362 508 3109 577 recipientes,exosculemur,
3137 509 3307 563 oculis
3333 523 3450 562 eam
3471 509 3761 576 compleat,

3655 385 3759 441 331

2183 609 2522 671 mentemque
2555 609 2610 656 et
2646 601 2880 655 animum
2909 600 3285 665 incendamus,
3326 617 3393 656 ne
3424 602 3474 656 in
3502 601 3765 670 judicium

2181 701 2273 748 aut
2297 693 2692 747 damnationem
2719 694 3121 759 conveniamus,
3151 693 3246 749 sed
3273 695 3324 749 in
3352 697 3541 750 anima:
3567 704 3769 764 tempe-
3810 752 3816 757 _

2179 787 2427 852 rantiam,
2461 786 2514 839 in
2536 785 2896 851 dilectionem,
2926 787 2976 840 in
3007 787 3277 855 virtutem,
3308 798 3363 844 et
3389 805 3511 846 cum
3541 790 3652 844 Deo
3681 804 3768 844 re-

2180 876 2606 932 conciliationem
2628 920 2644 944 ,
2681 879 2732 932 in
2768 893 2950 948 pacem
2996 878 3203 934 ﬁrmam
3224 922 3238 945 ,
3263 897 3326 937 ac
3364 882 3508 936 mille
3532 882 3770 952 denique

2181 969 2441 1024 bonorum
2469 970 2802 1025 occasionem
2833 987 2846 1023 :
2877 981 2932 1025 ut
2962 980 3016 1026 et
3045 987 3142 1028 nos
3167 973 3310 1041 ipsos
3339 983 3549 1029 sanctos
3570 973 3770 1028 redda-

2181 1078 2335 1130 mus,
2382 1074 2437 1119 et
2481 1064 2754 1134 proximos
2794 1064 3140 1120 sedilicemns.
3184 1066 3260 1122 De
3301 1067 3384 1121 his
3424 1067 3637 1122 assidue
3671 1084 3775 1122 vo-

2182 1153 2387 1208 biscum
2424 1169 2544 1225 ago,
2583 1170 2683 1211 nec
2719 1171 2875 1227 agere
2902 1150 3178 1211 desistam.
3221 1157 3350 1225 Qua:
3387 1160 3528 1212 enim
3566 1159 3776 1213 utilitas

2181 1245 2401 1301 omnino
2427 1255 2630 1302 temere
2653 1248 2755 1303 huc
2777 1263 3120 1316 concurrere,
3144 1251 3188 1304 si
3210 1249 3340 1304 nihil
3364 1250 3502 1319 quod
3525 1250 3655 1305 utile
3674 1251 3775 1316 sit,

2181 1338 2468 1394 addiscatis
2486 1342 2509 1393 ?
2526 1339 2826 1405 Quodnam,
2853 1342 3100 1406 obsecro,
3122 1343 3328 1396 lucrum
3355 1343 3525 1407 allert,
3551 1359 3780 1414 semper

2181 1431 2247 1486 ad
2272 1432 2496 1502 gratiam
2523 1433 2673 1488 vobis
2694 1433 3001 1488 concionari
3018 1433 3043 1486 ’ἶ
3063 1433 3230 1489 Breve
3252 1449 3484 1504 przesens
3508 1436 3613 1490 hoc
3631 1445 3779 1491 tem-

2183 1538 2281 1593 pus
2306 1531 2420 1591 est,
2447 1539 2480 1579 ο
2505 1523 2685 1580 dilecti
2713 1543 2728 1580 :
2756 1525 2920 1582 sobrii
2951 1526 3136 1592 simus,
3167 1527 3464 1598 vigilemus,
3497 1544 3594 1584 nos
3620 1529 3778 1599 ipsos

2182 1629 2596 1684 componamus;
2615 1604 2776 1672 omne
2798 1617 3042 1673 benevoli
3065 1618 3230 1674 animi
3255 1619 3487 1674 studium
3511 1621 3562 1674 in
3578 1636 3780 1677 omnes

2184 1705 2390 1762 sincere
2416 1707 2791 1763 ostendamus:
2824 1709 2876 1764 in
2904 1710 3150 1765 omnibus
3179 1722 3485 1768 reverenter
3507 1728 3770 1784 agamus,

2183 1811 2277 1852 seu
2303 1796 2481 1853 divina
2500 1798 2662 1854 verba
2689 1799 2892 1865 audire,
2917 1802 3028 1856 sive
3053 1817 3227 1870 orare,
3259 1803 3372 1858 sive
3398 1804 3463 1858 ad
3496 1805 3586 1860 Dei
3612 1822 3782 1862 men-

2184 1904 2297 1946 sam
2323 1891 2599 1959 accedere,
2628 1893 2740 1950 sive
2763 1894 2906 1950 aliud
2933 1895 3060 1967 quid
3085 1896 3317 1968 denique
3349 1897 3651 1954 faciendum
3683 1901 3778 1967 sit,

2184 1996 2305 2037 cum
2329 1983 2520 2039 timore
2538 1999 2604 2040 ac
2625 1987 2888 2042 tremore‘
2912 1987 2964 2041 id
2992 1987 3082 2042 liat
3110 2005 3123 2042 :
3153 2004 3219 2043 ne
3246 1989 3559 2059 negligentia
3591 2001 3784 2047 nostra

2184 2072 2612 2130 maledicdonem
2657 2077 2812 2132 nobis
2846 2092 3204 2134 accersamus.
3253 2079 3558 2137 Maledictus
3595 2084 3738 2137 enim
3762 2126 3781 2150 ,

2185 2164 2356 2234 inquit
2381 2166 2664 2236 propheta,
2685 2169 2868 2236 omnis,
2891 2170 2978 2240 qui
3002 2171 3126 2241 facit
3146 2187 3274 2241 apus
3293 2170 3500 2225 Domini
3519 2175 3785 2246 negligen-

2145 2247 2154 2258 ’
2186 2265 2259 2309 ter
2282 2255 2425 2327 (Jer.
2451 2257 2539 2311 48.
2567 2256 2692 2329 l0).
2719 2259 3081 2315 Tumultuatio
3101 2263 3242 2316 enim
3273 2271 3327 2318 et
3352 2264 3624 2319 iracundia
3653 2268 3675 2298 ³
3702 2267 3784 2322 ef—

2186 2345 2365 2401 ﬁcitur
2386 2349 2709 2404 contumelia
2752 2349 2804 2404 in
2839 2349 3068 2405 hostiam
3099 2368 3217 2422 qua:
3245 2355 3579 2423 pr0ponitur.
3614 2357 3783 2414 Certe

2185 2450 2424 2496 extrema
2442 2444 2768 2512 contemptio
2787 2451 2890 2510 est,
2911 2445 3328 2500 contaminatum
3347 2462 3405 2502 se
3420 2447 3613 2505 oll'erre
3633 2451 3746 2506 Deo
3765 2469 3782 2508 :

2187 2545 2307 2584 nam
2357 2531 2482 2586 audi
2527 2532 2653 2602 quid
2696 2532 2763 2588 de
2807 2533 2998 2588 talibus
3046 2534 3189 2590 dicat
3229 2537 3541 2607 apostolus:
3575 2539 3638 2593 Si
3666 2542 3785 2609 quis

2185 2623 2429 2694 templum
2449 2622 2547 2677 Dei
2574 2635 2883 2696 corrumpat,
2907 2625 3160 2697 disperdet
3189 2628 3334 2681 illum
3357 2627 3495 2683 Deus
3527 2629 3546 2696 (
3574 2630 3619 2683 ι.
3649 2629 3778 2686 Cor.

2185 2716 2237 2772 5.
2266 2717 2332 2771 17
2353 2718 2391 2788 ).
2421 2715 2500 2772 Ne
2526 2733 2654 2788 ergo
2680 2733 2777 2788 pro
2797 2734 2862 2774 eo
2882 2719 3023 2790 quod
3057 2721 3223 2775 Deum
3251 2721 3404 2776 nobis
3429 2723 3782 2782 reconciliare

2184 2811 2508 2868 debebamus
2531 2855 2546 2880 ,
2590 2828 2712 2869 eum
2755 2813 2809 2868 in
2843 2829 2942 2869 nos
2971 2814 3239 2870 irritemus
3265 2833 3279 2869 :
3308 2814 3402 2871 sed
3431 2831 3645 2872 omnem
3677 2833 3782 2876 cu-

2185 2917 2323 2969 ram,
2348 2903 2685 2972 munditiem,
2710 2905 3006 2976 animaeque
3027 2907 3460 2978 tranquillitatem
3482 2923 3592 2978 pra:
3621 2910 3785 2967 nobis

2185 2996 2436 3062 ferentes,
2465 3013 2586 3052 cum
2617 2998 2861 3068 precibus
2883 3010 2938 3054 et
2967 2998 3129 3055 corde
3153 3000 3384 3055 contrito
3430 3001 3773 3056 accedamus.

2184 3087 2255 3142 Ut
2283 3087 2384 3143 hoc
2411 3099 2562 3157 pacto
2593 3090 2873 3146 Dominum
2903 3101 3145 3146 nostrum
3173 3091 3355 3148 Jesum
3375 3090 3644 3148 Christum
3674 3110 3776 3150 no-

2185 3181 2268 3236 bis
2288 3181 2574 3251 propitium
2595 3181 2900 3248 reddentes,
2923 3184 3186 3254 promissa
3210 3184 3361 3240 nobis
3377 3186 3513 3241 bona
3534 3186 3784 3243 obtinere

2186 3271 2490 3341 possimus,
2528 3273 2696 3343 gratia
2725 3283 2779 3328 et
2818 3275 3145 3345 benignitate
3187 3276 3394 3332 Domini
3435 3282 3598 3333 nostri
3645 3279 3780 3334 Jesu

2184 3361 2402 3430 Christi,
2428 3379 2549 3419 cum
2574 3380 2681 3435 quo
2705 3365 2847 3421 Patri
2873 3382 2977 3421 una
2998 3383 3118 3422 cum
3145 3377 3329 3424 sancto
3353 3369 3553 3439 Spiritu
3581 3372 3775 3441 gloria,

2183 3463 2420 3522 potcstas
2445 3495 2461 3519 ,
2490 3455 2683 3525 honor,
2712 3463 2853 3513 nunc
2876 3467 2932 3514 et
2959 3475 3191 3530 semper,
3217 3469 3271 3516 et
3297 3463 3350 3516 in
3377 3464 3568 3518 szecula
3600 3479 3778 3520 saecu-

2186 3553 2378 3608 lorum.
2408 3551 2600 3609 Amen.

2250 3793 2265 3860 ξ
2303 3790 2412 3860 alii,
2431 3803 2541 3860 cum
2556 3789 2732 3860 ltinwre
2752 3797 2800 3842 et
2821 3788 3032 3860 judicio.
3167 3847 3199 3860 η

2247 3855 2267 3884 ³
2303 3852 2435 3912 Editi,
2452 3858 2498 3902 et
2521 3851 2702 3902 clamor
2719 3865 2738 3914 ;
2757 3849 2882 3914 Mss,
2909 3856 2954 3903 et
2971 3849 3243 3904 iracundia.

531 4001 3694 4045 Μ·

1032 4251 1112 4314 IN
1156 4249 1572 4314 HOMILIAM
1612 4250 1720 4312 DE
1755 4248 2076 4311 BAPTISN

2204 4248 2520 4312 CHRISTI
2563 4250 2664 4309 ET
2701 4248 2808 4308 DE
2839 4243 3278 4309 ΕΡΙΡΗΑΝΙΑ

599 4525 753 4582 Hanc
777 4525 1054 4582 homiliam
1076 4524 1266 4595 paucis
1292 4522 1494 4594 elapsis
1525 4530 1650 4595 post
1680 4522 2070 4592 praecedentem
2113 4523 2180 4578 de
2208 4521 2386 4576 Natali
2422 4519 2626 4574 Christi
2654 4517 2866 4580 diebus,
2899 4516 3158 4572 nimirum
3209 4518 3264 4572 in
3321 4517 3411 4572 die
3441 4515 3760 4586 Epiphania:

528 4621 655 4675 anni
679 4621 782 4676 387
818 4621 1059 4676 habitam
1089 4617 1291 4686 fuisse,
1325 4617 1572 4688 quaedam
1602 4618 1832 4674 suadere
1859 4617 2132 4672 videntur.
2167 4613 2302 4670 Nam
2334 4611 2481 4683 quod
2519 4610 2652 4666 dicit
2683 4609 2824 4664 inl‘ra
2851 4625 3080 4666 numero
3108 4618 3305 4679 quarto
3331 4628 3345 4662 :
3387 4606 3510 4662 Scio
3557 4608 3669 4674 {ore
3703 4617 3764 4661 ut

527 4714 904 4785 quamplurimi
928 4712 1069 4782 apud
1109 4727 1202 4766 nos
1243 4727 1309 4765 ea:
1343 4712 1465 4781 festi
1491 4709 1864 4764 consuetudine
1895 4710 1964 4763 ad
1988 4725 2199 4763 sacram
2238 4708 2372 4760 hanc
2412 4721 2646 4759 mensam
2693 4712 2976 4757 occurrant
3003 4719 3022 4757 :
3052 4719 3178 4756 sane
3226 4703 3436 4773 quidem
3479 4703 3764 4771 expediret.

533 4807 591 4861 id
616 4805 755 4874 quod
784 4805 919 4859 alias
946 4820 1082 4874 sirpe
1115 4804 1288 4858 dicere
1316 4801 1580 4870 praverti,
1609 4801 1686 4865 ὡς
1713 4800 1807 4853 καὶ
1839 4799 2076 4853 πολλάκις

2185 4797 2284 4868 θην
2309 4795 2498 4860 εἰπών,
2535 4803 2592 4847 ut
2618 4794 2754 4863 festa
2782 4808 3107 4862 nequaquam
3133 4790 3532 4848 observarentur
3554 4795 3764 4863 quando

529 4901 917 4956 communicare
950 4915 1078 4968 opus
1111 4907 1267 4962 esset,
1307 4899 1399 4952 sed
1419 4908 1477 4952 ut
1502 4897 1822 4952 conscientia
1852 4895 2224 4958 mandaretur,
2249 4900 2380 4956 etc.,
2404 4889 2532 4943 illud
2555 4888 2734 4958 ipsum
2762 4899 2925 4954 porro
2949 4885 3159 4939 dixerat
3186 4885 3375 4952 paucis
3399 4893 3524 4939 ante
3553 4885 3763 4946 diebus,

529 4993 791 5048 nimirum
817 4993 873 5045 in
905 4991 1041 5046 festo
1080 4987 1139 5043 S.
1169 4989 1495 5060 Philogonii,
1526 5005 1596 5042 xx
1627 4985 1943 5042 Decembris
1962 4985 2091 5040 anni
2118 4982 2247 5045 5'33,
2277 4996 2430 5036 num.
2468 4980 2541 5033 24
2569 4997 2583 5034 :
2629 4977 2786 5032 Nunc
2815 4985 2992 5030 autem
3018 4976 3174 5029 multi
3204 4975 3447 5045 ﬁdelia»:
3479 4978 3532 5031 in
3563 4986 3767 5030 tantam

529 5087 823 5145 vecordiam
855 5096 1161 5154 tantumque
1182 5099 1360 5140 venere
1395 5092 1770 5152 contemptum,
1801 5090 1861 5136 ut
1883 5097 2002 5135 cum
2023 5079 2315 5134 innumeris
2344 5084 2581 5131 scateant
2610 5072 2790 5137 malis,
2823 5071 3128 5138 nullamque
3156 5069 3277 5122 uiue
3303 5084 3413 5122 sua:
3456 5083 3644 5122 curam
3674 5071 3768 5119 ha-

532 5182 706 5247 beant,
743 5181 798 5235 in
825 5180 1008 5234 diebus
1038 5179 1185 5249 festis
1221 5179 1536 5250 negligenter
1562 5196 1624 5232 ac
1664 5187 1852 5232 temere
1905 5176 1975 5230 ad
2041 5191 2272 5229 mensam
2306 5175 2440 5228 hanc
2489 5170 2759 5236 accedant,
2811 5175 2918 5223 etc.
2956 5165 3013 5222 In
3049 5167 3156 5222 hoc
3210 5166 3339 5222 item
3389 5165 3462 5220 De
3512 5165 3767 5233 baptismo

531 5277 731 5332 Christi
761 5289 1035 5339 sermone,
1067 5273 1255 5328 eodem
1294 5289 1520 5329 numero
1549 5283 1743 5344 quarto
1773 5273 1854 5328 sic
1874 5272 2068 5326 habet:
2095 5269 2378 5336 Quodnam
2415 5269 2581 5338 igitur
2613 5265 2750 5320 illud
2779 5271 3050 5332 peccatum
3069 5270 3145 5314 est
3170 5261 3194 5314 ?
3224 5260 3362 5330 quod
3385 5274 3505 5311 cum
3551 5269 3769 5312 tremore

531 5389 633 5428 non
670 5373 1002 5439 accedamus,
1039 5371 1130 5425 sed
1175 5365 1407 5424 calcibus
1459 5364 1783 5431 impetentes,
1831 5361 2193 5431 percutientes,
2243 5360 2328 5413 ira
2367 5368 2651 5426 turgentes,
2698 5356 3013 5417 clamantes,
3061 5352 3408 5407 conviciantes
3449 5352 3765 5420 proximum,

533 5465 802 5520 trudentes
832 5464 981 5519 :htec
1003 5472 1051 5518 et
1074 5479 1210 5530 sirpe
1239 5459 1378 5522 dixi,
1406 5466 1454 5511 et
1479 5457 1650 5510 dicere
1673 5471 1774 5510 non
1805 5453 2039 5509 cessabo.
2068 5453 2126 5507 ln
2155 5451 2406 5508 oratione
2432 5459 2613 5507 autem
2642 5449 2710 5505 de
2733 5447 2910 5504 Natali
2934 5447 3136 5503 Christi
3168 5446 3420 5503 similiter
3443 5459 3670 5498 numero
3692 5445 3721 5496 7
3749 5459 3762 5494 :

535 5554 605 5610 Et
633 5556 702 5610 ad
723 5556 862 5626 quod
884 5570 1046 5624 nuper
1079 5555 1097 5626 (
1124 5553 1330 5609 scilicet
1353 5553 1408 5606 in
1442 5550 1580 5606 festo
1607 5549 1665 5606 S.
1694 5547 2040 5619 Philogonii)
2080 5564 2168 5602 vos
2197 5547 2503 5602 cohortatus
2535 5561 2686 5611 sum,
2715 5545 2783 5599 ad
2811 5545 2866 5598 id
2911 5543 3075 5597 etiam
3128 5559 3267 5598 nunc
3310 5550 3362 5596 et
3413 5542 3466 5594 in
3505 5550 3765 5608 posterum

533 5665 731 5718 semper
762 5667 849 5706 vos
877 5649 1144 5705 cohortari
1167 5665 1268 5704 non
1306 5648 1579 5702 desistam.
1619 5644 1881 5711 Quidnam
1922 5644 2066 5699 hoc?
2112 5642 2247 5700 Cum
2282 5641 2547 5699 accessuri
2571 5641 2693 5697 estis
2758 5637 2839 5695 ad-
2869 5634 3190 5694 tremendam
3232 5634 3582 5702 divinamqtte»
3619 5629 3772 5684 illam
