4066 6392
258 437 357 495 561

256 558 473 610 ποιοῦσι
512 557 609 627 τὴν
664 556 883 611 κόλασιν
937 561 1030 613 καὶ
1066 561 1162 630 τὴν
1196 560 1486 630 τιμωρίαν.
1528 560 1834 630 Ἐννόησον,

254 634 300 693 ὦ
339 641 616 711 ἀνθρωπε,
667 641 826 705 ποίας
882 642 1096 713 μέλλεις
1147 642 1415 697 ἅπτεσθαι
1466 643 1677 708 Θυσίας,
1711 644 1840 714 ποίᾳ

254 725 654 797 προσέρχεσθαι
710 727 981 798 τραπέςῃο
1011 727 1347 799 ἐνθυμήθητι
1395 730 1490 783 καὶ
1520 730 1601 783 ὅτι
1642 729 1712 799 γῆ
1764 728 1838 782 ῶν

253 810 349 863 καὶ
371 809 584 874 σποδὸς,
617 806 756 881 αἷμα
790 812 881 865 καὶ
915 812 1073 883 σῶμα
1104 813 1342 885 Χριστοῦ
1380 813 1835 885 μεταλαμϐάνεις.

254 896 365 948 Καὶ
393 894 657 965 βασιλέως
685 896 783 965 μὲν
810 897 890 959 είς
927 896 1161 966 εὐωχίαν
1192 897 1482 961 καλοῦντος
1506 898 1670 968 ὑμᾶς,
1704 897 1840 966 μετά

255 979 420 1048 φόϐου
446 978 816 1043 ἀνακλίνεσθε,
842 980 935 1033 καὶ
959 981 1065 1033 τῶν
1094 981 1472 1051 προκειμένων
1498 981 1635 1051 μετὰ
1657 981 1840 1045 αίδοῦς

255 1066 350 1119 καὶ
376 1065 606 1136 ἡσυχίας
636 1064 1081 1134 μεταλαμϐάνετε
1114 1065 1446 1135 ἐδεσμάτων·
1478 1064 1571 1117 τοῦ
1617 1064 1752 1118 Θεοῦ
1783 1066 1839 1119 δὲ

254 1144 547 1211 καλοῦντος
583 1148 675 1201 ἐπὶ
700 1146 799 1217 τὴν
829 1147 1024 1201 ἑαυτοῦ
1053 1148 1354 1219 τράπεζαν,
1388 1148 1480 1201 καὶ
1510 1149 1602 1200 τὸν
1643 1148 1838 1204 ἑαυτοῦ

253 1230 601 1304 προτιθέντος
632 1230 778 1293 Υίὸν,
805 1230 1113 1299 ἀγγελικῶν
1162 1231 1445 1301 δυνάμεων
1499 1231 1841 1302 παρισταμέ-

255 1332 363 1367 νων
396 1313 535 1384 μετά
574 1312 741 1381 φόϐου
772 1313 866 1366 καὶ
910 1314 1136 1385 τρόμου,
1171 1314 1264 1366 καὶ
1294 1314 1400 1366 τῶν
1428 1315 1709 1384 Χερουϐὶμ
1738 1332 1840 1368 κα-

251 1398 705 1453 τακαλυπτόντων
725 1396 793 1450 τὰ
815 1397 1101 1467 πρόσωπα,
1126 1396 1233 1449 τῶν
1256 1398 1504 1469 Σεραφὶμ
1532 1398 1842 1469 κραζόντων

253 1484 461 1555 τρόμῳ,
509 1485 717 1551 Ἄγιος,
748 1480 921 1549 ἅγιος,
958 1480 1114 1549 ἆγιος
1136 1480 1359 1552 Κύριος
1392 1481 1456 1534 σὺ
1490 1482 1733 1552 κράζεις,
1761 1482 1842 1534 εί-

255 1568 325 1621 πέ
362 1584 473 1637 μοι,
516 1567 609 1620 καὶ
657 1564 862 1635 θορυϐῇ
912 1564 1051 1635 πρὸς
1094 1562 1187 1634 τὴν
1222 1567 1600 1635 πνευματικὴν
1638 1564 1841 1637 ταύτην

256 1651 531 1717 ἑστίασινς
571 1648 685 1701 Οὐκ
732 1643 902 1711 οἶδας,
960 1648 1044 1701 ὅτι
1097 1648 1340 1719 γαλήνης
1386 1648 1466 1700 δεῖ
1506 1649 1698 1716 γέμειν
1744 1649 1842 1720 τὴν

253 1737 432 1806 ψυχὴν
463 1734 583 1787 κατ’
617 1734 824 1786 ἐκεῖνον
849 1731 942 1784 τὸν
976 1732 1203 1803 καιρόν;
1233 1733 1467 1804 Εἰρήνης
1501 1732 1700 1804 πολλῆς
1748 1733 1843 1786 καὶ

255 1819 487 1891 ἡσυχίας
522 1816 699 1888 χρεία,
721 1816 842 1885 οὐχὶ
870 1814 1101 1887 θορύϐου
1137 1816 1231 1869 καὶ
1254 1813 1427 1885 θυμοῦ
1458 1816 1552 1869 καὶ
1571 1816 1839 1887 ταραχῆς·

255 1904 428 1959 ταῦτα
451 1901 560 1971 γὰρ
586 1899 897 1971 ἀκάθαρτον
945 1902 1092 1953 ποιεῖ
1140 1901 1240 1963 τὴν
1280 1898 1613 1973 προσιοῦσαν
1640 1899 1840 1971 ψυχήν.

256 1989 352 2053 Τίς
388 1984 481 2041 οὖν
516 1986 582 2041 ἂν
606 1987 817 2055 γένοιτο
845 1985 977 2055 ἡμῖν
1006 1983 1329 2055 συγγνώμη,
1362 1985 1411 2037 εί
1445 1984 1582 2055 μετά
1604 1984 1843 2040 τοσαῦτα

253 2072 628 2144 ἁμαρτήματα
662 2068 796 2141 μηδὲ
838 2069 929 2122 τὸν
962 2068 1153 2139 καιρὸν
1179 2069 1278 2138 τῆς
1310 2068 1722 2140 προσελεύσεως
1744 2085 1843 2121 κα-

256 2156 562 2229 θαρεύομεν
589 2154 698 2208 τῶν
730 2153 941 2223 ἀλόγων
984 2152 1174 2208 παθῶν
1226 2154 1480 2219 ὲκείνωνς
1529 2154 1594 2205 Τί
1624 2152 1681 2206 δὲ
1705 2152 1843 2217 ὅλως

254 2242 685 2314 ἀναγκαιότερον
711 2238 819 2292 τῶν
859 2238 1267 2310 προκειμένων;
1292 2238 1324 2307 ἢ
1354 2238 1407 2290 τί
1436 2240 1581 2308 ἡμᾶς
1598 2238 1839 2308 θορυϐεῖ,

256 2328 344 2380 (va
377 2323 791 2393 σπουδάσωμεν,
820 2322 979 2375 τοῦτο
995 2321 1405 2385 καταλιπόντες,
1424 2323 1540 2374 ἐκεῖ
1554 2323 1768 2392 τρέχειν
1790 2334 1838 2385 ιι;

257 2410 371 2479 Μὴ,
406 2407 599 2477 δέομαι
639 2407 735 2460 καὶ
769 2405 1058 2471 ἀντιϐολῶ,
1090 2404 1166 2476 μὴ
1206 2406 1515 2474 κινήσωμεν
1549 2404 1647 2475 τὴν
1670 2404 1840 2477 ὀργὴν

254 2492 349 2546 τοῦ
366 2490 502 2545 Θεοῦ
538 2490 662 2545 καθ’
693 2488 923 2543 ἑαυτῶν.
953 2489 1249 2560 Φάρμακόν
1273 2490 1389 2541 ἐστι
1418 2490 1683 2559 σωτήριον
1732 2488 1840 2541 τῶν

257 2575 543 2648 ἡμετέρων
574 2574 904 2647 τραυμάτων
932 2574 990 2626 τὸ
1020 2574 1395 2645 προκείμενον,
1433 2572 1661 2635 πλοῦτός
1695 2574 1841 2627 ἐστιν

257 2658 574 2731 ἀνελλιπὴς,
608 2658 887 2729 βασιλείας
933 2656 1176 2727 οὐρανῶν
1242 2657 1510 2727 πρόξενος.
1558 2655 1840 2725 Φρίξωμεν

256 2742 437 2794 τοίνυν
467 2741 807 2811 προσιόντες,
855 2742 1361 2811 εὐχαριστήσωμεν,
1416 2739 1838 2810 προσπέσωμεν,

259 2824 739 2897 ἐξομολογούμενοι
772 2824 841 2877 τά
866 2824 1178 2893 πταίσματα
1194 2825 1225 2894 ἡ
1235 2822 1369 2893 μῶν,
1396 2822 1752 2893 δακρύσωμεν
1772 2823 1840 2877 τὰ

258 2913 436 2964 οἰκεῖα
470 2908 793 2970 πενθοῦντες
847 2909 1014 2971 κακὰ,
1064 2908 1301 2970 ἐκτενεῖς
1347 2906 1512 2977 εὐχὰς
1552 2907 1841 2977 ἀποδῶμεν

258 2993 336 3066 τῷ
375 2994 516 3065 Θεῷ⁶
562 2994 657 3047 καὶ
707 2993 850 3046 οὓτω
901 2992 1328 3065 διακαθάραντες
1364 2993 1591 3054 ἑαυτοὺς
1633 2993 1839 3063 ἠρέμα,

258 3082 349 3133 καὶ
390 3080 529 3149 μετὰ
552 3079 651 3149 τῆς
683 3078 1066 3149 προσηκούσης
1112 3074 1382 3140 εὐταξίας,
1422 3075 1497 3138 ὡς
1523 3075 1601 3145 τῷ
1633 3074 1843 3145 βασιλεί

261 3162 578 3233 προσιόντες
596 3162 705 3215 τῶν
727 3162 994 3232 οὐρανῶν,
1028 3160 1169 3213 οὕτω
1200 3160 1608 3231 προσέλθωμεν·
1639 3159 1733 3212 καὶ
1758 3160 1844 3213 δεο

263 3245 605 3317 ξάμενοιτὴν
628 3246 856 3316 ἄμωμον
904 3246 998 3297 καὶ
1033 3244 1192 3313 ἁγίαν
1232 3244 1422 3298 θυσίαν
1461 3244 1845 3315 καταφιλήσω-

327 3355 354 3381 ¹¹
380 3352 489 3401 Mss.
512 3352 588 3399 ἵνα
606 3352 963 3413 σπουδάζωμεν,
991 3353 1070 3400 καὶ
1092 3352 1152 3403 τὰ
1178 3351 1471 3414 πνευματικά
1488 3352 1845 3413 καταλιπόντες,

261 3416 325 3471 εἰς
345 3416 406 3462 τὰ
430 3415 635 3478 σαρκικὰ
655 3414 949 3475 σπεύδωμεν.

1240 449 1315 506 Οίὶ
1357 448 1696 505 ΒᾹΡΤΙΒΜΟ
1741 450 2037 507 CHRISTI.
2078 478 2148 489 -
2193 456 2526 512 \lilNITUM.

3418 451 3524 504 56?.

1942 579 2061 631 μεν,
2089 564 2200 626 τοῖς
2222 562 2520 632 ὀφθαλμοῖς
2562 565 3041 637 περιπτυξὼμεθα,
3076 563 3525 636 διαθερμάνωμεν

1938 646 2147 700 ἑαυτῶν
2190 648 2288 720 τὴν
2323 649 2585 712 διάνοιαν,
2618 651 2704 703 ἵνα
2735 651 2810 722 μὴ
2838 652 2917 714 εἰς
2969 657 3146 720 κρῖμα
3180 649 3214 719 ἢ
3246 650 3325 711 είς
3354 647 3525 706 κατά-

1939 746 2114 800 κριμα
2146 732 2555 803 συνερχώμεθα,
2592 734 2704 786 ἀλλ’
2735 736 2813 796 εἰς
2839 733 3192 805 σωφροσύνην
3218 732 3415 804 ψυχῆς,
3445 735 3523 794 εἰς

1937 814 2180 884 ἀγάπην,
2218 818 2298 879 εἰς
2337 817 2561 887 ἀρετὴν,
2603 818 2698 871 καὶ
2733 819 3080 889 καταλλαγὴν
3118 819 3217 889 τὴν
3264 817 3398 889 πρὸς
3435 819 3525 871 τὸν

1938 896 2091 960 Θεὸν,
2120 900 2200 961 εἰς
2238 900 2461 971 εἰρήνην
2486 900 2729 969 βεϐαίαν,
2772 903 2865 955 καὶ
2906 903 3113 973 μυρίων
3144 900 3363 969 ἀγαθῶν
3397 900 3529 951 ὑπό-

1938 980 2110 1048 θεσιν,
2143 982 2229 1036 ἵνα
2250 983 2345 1036 καὶ
2374 984 2601 1047 ἑαυτοὺς
2643 986 2983 1056 ἀγιάσωμεν,
3028 986 3122 1037 καὶ
3144 985 3269 1046 τοὺς
3297 982 3525 1053 πλησίον

1938 1065 2405 1136 οἰκοδομήσωμεν.
2438 1066 2623 1120 Ταῦτα
2651 1069 2888 1138 συνεχῶς
2921 1068 3085 1136 λέγω,
3126 1069 3217 1119 καὶ
3248 1067 3420 1135 λέγων
3462 1066 3521 1119 οὐ

1938 1147 2240 1218 παύσομαι.
2292 1149 2357 1201 Τί
2393 1149 2500 1220 γὰρ
2540 1150 2752 1219 ὄφελος,
2792 1151 2978 1214 ἁπλῶς
3012 1153 3106 1204 καὶ
3140 1151 3262 1221 είκῆ
3310 1151 3526 1221 τρέχειν

1940 1230 2196 1291 ἐνταῦθα.
2219 1232 2385 1302 μηδὲν
2402 1232 2515 1285 τῶν
2537 1234 2828 1304 χρησίμων
2860 1234 3261 1304 μανθάνοντας;
3292 1236 3441 1284 ποῖον
3471 1232 3527 1283 δὲ

1942 1316 2153 1387 κέρδος,
2190 1317 2276 1371 ἀεὶ
2298 1315 2365 1369 τά
2406 1317 2544 1388 πρὸς
2565 1317 2724 1388 χάριν
2750 1318 2957 1388 ὁμιλεῖν
2980 1334 2993 1381 ;
3020 1318 3237 1387 Βραχὺς
3275 1319 3302 1369 ὁ
3338 1316 3529 1387 παρὼν

1941 1400 2489 1472 καιρὸς,⁷ἀγαπητοί·
2542 1401 2822 1471 νήψωμεν,
2877 1404 3335 1472 γρηγορήσωμεν,
3398 1416 3531 1468 συγ-

1943 1485 2301 1554 κροτήσωμεν
2350 1484 2598 1549 ἑαυτοὺς,
2643 1486 2824 1538 πᾶσαν
2873 1484 3104 1554 σπουδὴν
3158 1484 3286 1554 περὶ
3324 1485 3531 1545 πάντας

1942 1566 2175 1637 γνησίαν
2202 1565 2621 1637 ὲπιδειξώμεθα,
2665 1571 2796 1639 περὶ
2835 1570 3013 1621 πάντα
3043 1566 3327 1637 γενώμεθα
3374 1567 3532 1619 εὐλα-

1943 1650 2079 1714 ϐεῖς’
2116 1651 2220 1705 κάν
2252 1650 2560 1722 ἀκροᾶσθαι
2583 1652 2692 1705 δέοι
2727 1653 2832 1705 τῶν
2854 1652 3015 1706 θείων
3057 1652 3275 1719 λογίων,
3305 1652 3408 1705 κᾶν
3439 1650 3532 1703 εῦ-

1943 1737 2155 1808 χεσθαι,
2196 1736 2299 1789 κᾶν
2356 1736 2661 1807 προσιέναι,
2696 1735 2800 1789 κᾶν
2829 1736 3016 1806 ἕτερόν
3061 1753 3114 1788 τι
3164 1739 3359 1797 ποιεῖν,
3396 1736 3535 1805 μετὰ

1947 1818 2114 1888 φόϐου
2146 1819 2241 1872 καὶ
2270 1819 2475 1891 τρόμου
2511 1819 2668 1872 τοῦτο
2702 1819 2937 1887 γινέσθω
2984 1820 3032 1883 ι’,
3064 1820 3155 1873 ἵνα.
3192 1818 3266 1890 μὴ
3290 1818 3536 1889 κατάραν

1945 1903 2384 1974 ἐπισπασώμεθα
2430 1903 2518 1956 διὰ
2574 1903 2676 1973 τῆς
2724 1903 3022 1974 ῥᾳθυμίας.
3070 1901 3536 1971 Ἐπικατάρατος

1945 1987 2076 2057 γὰρ,
2108 1987 2259 2057 φησὶ,
2291 1986 2409 2052 πᾶς
2435 1988 2467 2039 ό
2507 1986 2693 2039 ποιῶν
2716 1987 2783 2039 τὸ
2814 1988 2991 2056 ἔργον
3018 1987 3124 2041 τοῦ
3148 1988 3369 2054 Κυρίου
3396 1985 3537 2053 ἀμε-

1942 2062 2091 2137 λῶςζ
2125 2072 2181 2124 Ὀ
2214 2068 2443 2141 θόρυϐος
2472 2072 2565 2123 καὶ
2592 2072 2624 2141 ἡ
2672 2070 2810 2141 όργὴ
2843 2082 2865 2109 ο
2897 2070 3056 2141 ὕϐρις
3080 2073 3160 2133 είς
3188 2071 3286 2138 τὴν
3310 2086 3537 2139 προκει-

1947 2158 2116 2228 μένην
2139 2154 2333 2208 θυσίαν
2363 2154 2593 2220 γίνεται.
2631 2154 3054 2224 Καταφρόνησις
3093 2154 3318 2222 ἐσχάτη,
3361 2168 3534 2222 μεμοο

1944 2239 2213 2309 λυσμένον
2236 2234 2386 2309 [566]
2421 2237 2615 2288 ἑαυτὸν
2657 2238 3021 2308 προσενέγκαι
3058 2236 3134 2306 τῷ
3163 2234 3301 2304 Θεῷ,
3336 2236 3535 2287 ι’Λκου-

1945 2340 2036 2377 σον
2075 2323 2127 2374 τί
2163 2320 2290 2391 περὶ
2314 2319 2422 2372 τῶν
2448 2319 2706 2372 τοιούτων
2728 2321 2894 2391 φησὶν
2917 2322 2945 2373 ό
2984 2319 3330 2380 Ἀπόστολοςή
3353 2319 3395 2368 Ε
3403 2318 3425 2368 Ζ
3447 2333 3539 2383 τις

1941 2408 2050 2461 τὸν
2072 2405 2224 2459 ναὸν
2249 2403 2356 2457 τοῦ
2391 2405 2539 2457 Θεοῦ
2565 2406 2810 2473 φθείρει,
2842 2405 3049 2474 φθερεῖ
3063 2404 3279 2457 τοῦτον
3312 2404 3343 2454 ό
3368 2403 3534 2467 Θεός.

1942 2493 2033 2562 Μὴ
2061 2490 2239 2542 τοίνυν
2271 2488 2390 2541 ἀντὶ
2425 2488 2773 2559 καταλλαγῆς
2815 2488 3208 2559 παροξύνωμεν
3234 2486 3326 2539 τὸν
3379 2484 3536 2547 Θεὸν,

1941 2574 2076 2629 ἁλλά
2131 2574 2311 2626 πᾶσαν
2356 2571 2675 2642 ἐπιμέλειαν
2714 2572 2810 2625 καὶ
2855 2572 3036 2625 πάντα
3076 2572 3281 2641 κόσμον
3328 2568 3537 2622 ἐπιδει-

1943 2657 2222 2727 κνύμενοι,
2251 2656 2343 2708 καὶ
2383 2655 2687 2725 ἀταραξίαν
2721 2655 2921 2726 ψυχῆς,
2959 2658 3073 2726 μετ’
3095 2657 3261 2727 εὐχῆς
3290 2658 3384 2710 καὶ
3417 2671 3539 2708 συν-

1938 2739 2311 2810 τετριμμένης
2337 2738 2570 2808 καρδίας
2603 2740 2938 2809 προσίωμεν,
2960 2739 3045 2792 ἵνα
3070 2741 3165 2793 καὶ
3182 2740 3331 2811 αὐτῴ
3360 2740 3536 2808 τούτῳ

1942 2825 2033 2877 τὸν
2068 2822 2347 2892 Δεσπότην
2381 2820 2541 2893 ήμῶν
2575 2822 2785 2901 Ἰησοῦν
2827 2824 3063 2893 Χριστὸν
3088 2822 3531 2894 ἑξιλεωσάμενοι,

1944 2908 2257 2979 δυνηθῶμεν
2280 2908 2555 2970 ἐπιτυχεῖν
2582 2907 2690 2958 τῶν
2709 2907 3133 2976 ἐπηγγελμένων
3148 2910 3277 2978 ἡμῖν
3292 2906 3536 2977 ἀγαθῶν,

1946 2992 2125 3063 χάριτι
2155 2990 2247 3042 καὶ
2272 2989 2654 3061 φιλανθρωπίᾳ
2680 2990 2845 3043 αὐτοῦ
2880 2989 2977 3042 τοῦ
3004 2990 3207 3060 Κυρίου
3244 2992 3400 3061 ήμῶν
3428 2993 3535 3060 ’1η-

1950 3074 2044 3127 σοῦ
2067 3073 2327 3145 Χριστοῦ,
2374 3072 2490 3142 μεθ’
2513 3067 2573 3127 οῦ
2609 3072 2689 3143 τῷ
2713 3072 2908 3144 Πατρὶ,
2942 3072 3059 3144 ἆμα
3080 3073 3158 3143 τῷ
3186 3074 3326 3144 ἁγίῳ
3362 3076 3532 3129 Πνεύ-

1954 3180 2104 3233 ματι,
2139 3161 2287 3227 δόξα,
2322 3161 2544 3232 κράτος,
2586 3162 2742 3233 τιμὴ,
2774 3161 2869 3216 νῦν
2892 3162 2987 3214 καὶ
3033 3162 3139 3229 ἀεὶ,
3175 3162 3268 3216 καὶ
3301 3164 3378 3226 είς
3409 3165 3533 3227 τούς

1950 3247 2155 3309 αἰῶνας
2174 3245 2282 3297 τῶν
2317 3243 2551 3298 αἰώνων.
2593 3246 2785 3316 Ἀμήν.

2015 3354 2045 3393 ιι
2070 3351 2167 3425 Alli
2193 3352 2341 3425 φὸϐρυ
2365 3350 2445 3398 καὶ
2471 3350 2769 3425 διακρίσεως
2790 3352 3005 3425 γινέσθω.

2021 3419 2042 3446 °
2065 3413 2303 3465 Εὰίιίκαὶ
2329 3416 2359 3470 ἡ
2385 3414 2585 3475 κραυγή,
2608 3413 2736 3461 mss.
2761 3414 2842 3459 καὶ
2866 3414 2897 3469 ἡ
2925 3413 3058 3473 ὀργή.

272 4021 3507 4087 me

1690 4277 2091 4339 MONITUM.

282 4588 538 4639 mensam,
577 4580 626 4624 et
662 4583 813 4622 sacra
844 4576 1113 4635 mysteria,
1154 4574 1273 4613 cum
1302 4558 1487 4611 timore
1524 4570 1585 4608 ac
1616 4563 1841 4606 tremore
1882 4550 1977 4604 hoc
2018 4550 2200 4618 facile,
2232 4564 2349 4601 cum
2390 4563 2525 4614 pura
2562 4545 2905 4609 conscientia,
2945 4560 3064 4599 cum
3096 4543 3305 4615 jejunio
3330 4554 3379 4596 et
3409 4558 3531 4612 prce

287 4671 490 4728 catione
508 4635 534 4722 :7
552 4682 653 4720 non
681 4662 1081 4721 tumultuantes,
1117 4671 1217 4709 non
1244 4653 1601 4713 calcitranles,
1631 4666 1733 4702 non
1754 4648 2055 4717 proximum
2083 4644 2425 4714 impellentes,
2454 4653 2563 4699 etc.
2603 4641 2699 4696 His
2728 4652 2893 4711 porro
2919 4636 3226 4705 conspectis
3275 4635 3532 4705 probabi-

288 4764 410 4817 liter
435 4758 836 4815 existimamus.
882 4753 1046 4807 hasce
1073 4760 1184 4805 tres
1216 4746 1470 4803 ltomilias
1500 4744 1689 4799 eodem
1717 4752 1985 4813 tempore,
2016 4742 2320 4810 paucisque
2360 4738 2698 4809 interpositis
2742 4736 2885 4790 inter
2917 4731 3162 4801 singulas
3203 4730 3399 4785 diebus
3435 4731 3536 4785 ha-

289 4854 429 4908 bitas
460 4850 482 4903 l'
483 4850 647 4903 uisse.

361 4945 417 4999 In
457 4945 559 4998 hac
587 4955 751 5012 porro
788 4938 859 4991 De
896 4938 1152 5005 baptismo
1178 4944 1226 4988 et
1265 4931 1563 5003 Epiphania
1592 4928 1793 4985 Christi
1819 4927 2103 4989 concione,
2136 4935 2421 4995 postquam
2462 4924 2718 4993 populum
2754 4939 2822 4978 au
2863 4920 3150 4978 ecclesiam
3182 4918 3536 4984 frequentan-

292 5036 415 5089 dam
445 5011 695 5091 hortatus
726 5038 832 5093 est,
864 5028 930 5081 de
960 5026 1163 5094 duplici
1188 5023 1392 5078 Christi
1436 5018 1738 5090 Epiphania
1768 5018 1898 5087 agit,
1925 5016 1991 5071 de
2027 5016 2115 5073 illa
2142 5030 2355 5085 nempe.
2385 5028 2491 5083 qua
2535 5012 2703 5082 Magis
2738 5012 3013 5084 apparuit,
3063 5011 3240 5079 deque
3265 5019 3539 5078 postrema

294 5144 401 5199 qua
430 5127 482 5179 in
514 5122 985 5180 consummatione
1019 5116 1200 5175 saeculi
1227 5129 1350 5170 cum
1392 5112 1561 5182 gloria
1591 5117 1646 5163 et
1674 5108 1963 5178 splendore
1993 5116 2257 5159 venturus
2286 5113 2389 5159 cst.
2441 5102 2763 5157 Miraculum
2796 5104 2993 5158 deinde
3023 5102 3168 5157 circa
3207 5116 3401 5169 aquam
3441 5100 3539 5152 ha-

296 5191 478 5294 ptismi
504 5220 788 5275 enuntiat:
832 5233 954 5271 nam
982 5230 1106 5271 cum
1136 5226 1324 5265 versus
1359 5208 1594 5262 mediam
1626 5214 1842 5259 noctem
1868 5204 2012 5257 diem
2047 5202 2362 5271 Epiphaniae
2400 5200 2817 5271 prmcedentem,
2884 5196 3082 5266 singuli
3136 5194 3205 5248 de
3257 5208 3398 5263 aqua
3450 5191 3539 5245 illa

298 5288 553 5384 haptismi
582 5312 792 5374 latices,
821 5310 1059 5379 νάματα,
1092 5322 1275 5363 secum
1321 5312 1686 5372 asportarent.
1718 5316 1861 5369 aqua
1898 5299 1988 5352 illa
2018 5313 2123 5352 non
2172 5298 2649 5366 corrumpebatur,
2682 5295 2775 5351 sed
2840 5294 3051 5362 integro
3086 5306 3252 5349 anno.
3314 5288 3444 5359 quin
3489 5295 3545 5339 et

301 5380 521 5461 biennio
549 5413 604 5458 et
631 5402 869 5457 triennio
902 5401 1214 5467 incorrupta
1245 5395 1519 5450 manebat.
1555 5392 1731 5447 Docet
1764 5390 1954 5445 deinde
1981 5389 2113 5465 quid
2143 5388 2357 5443 intersit
2382 5387 2717 5443 discriminis
2746 5386 2887 5440 inter
2920 5384 3186 5453 baptisma
3208 5380 3541 5443 Iudaeorum,

300 5502 568 5571 baptisma
594 5498 819 5554 Joannis
846 5506 900 5553 et
944 5496 1213 5565 baptisma
1246 5491 1473 5547 Christi.
1538 5489 1677 5544 Hinc
1727 5489 1961 5558 explicat
1992 5485 2270 5559 quomodo
2322 5486 2573 5541 Christus
2620 5483 2927 5553 impleverit
2978 5494 3195 5535 omnem
3231 5477 3546 5548 justitiam;

300 5570 629 5661 demumque
655 5588 860 5644 claudit
891 5588 1139 5642 hortatus
1170 5584 1428 5654 populum
1464 5590 1522 5636 ut
1550 5597 1746 5652 magna
1787 5596 1911 5636 cum
1940 5579 2242 5636 reverentia
2270 5578 2339 5635 ad
2370 5578 2652 5634 tremenda
2688 5576 2949 5647 mysteria
2991 5570 3275 5631 accedant.

372 5683 752 5759 lntcrpretatio
778 5681 968 5737 Latina
1001 5688 1085 5749 est
1120 5677 1409 5745 Frontonis
1446 5677 1650 5743 Ducwi.
