4066 6392
1234 420 1291 478 S.
1330 420 1614 479 JOANNIS
1653 421 2102 479 CHRYSOSTOI

2201 420 2505 478 1RCH|EP.
2542 419 3089 480 CONSTANTINOP.

623 1143 776 1217 [367]
813 1156 838 1184 ιι
871 1142 1027 1212 Πρὸς
1057 1143 1199 1210 τοὺς
1244 1141 1852 1215 ἀπολιμπανομένους
1877 1140 1999 1197 τῶν
2022 1143 2197 1199 θείων
2227 1143 2564 1211 συνάξεων,
2600 1144 2700 1198 καί
2752 1147 2840 1210 είς
2863 1144 2926 1197 τὸ
2948 1144 3117 1213 ἅγιον
3148 1145 3241 1197 καὶ
3266 1142 3561 1212 σωτήριον
3586 1143 3808 1207 ,ϐάπτι-

621 1250 746 1304 σμα
796 1234 902 1289 τοῦ
952 1233 1219 1304 Σωτῆρος
1279 1234 1439 1303 ἡμῶν
1518 1234 1721 1303 Ἰησοῦ
1756 1235 2033 1304 Χριστοῦ,
2086 1235 2187 1290 καὶ
2243 1233 2379 1302 περὶ
2416 1233 2537 1289 τῶν
2583 1236 2843 1303 ἀναξίως
2899 1237 3373 1298 κοινωνούντων,
3432 1235 3528 1288 καί
3592 1235 3682 1289 ὅτι
3745 1236 3803 1288 οι

619 1325 947 1380 ἀτέλεστον
979 1323 1530 1395 καταλιμπάνοντες
1575 1324 1693 1395 τὴν
1731 1327 1899 1382 θείαν
1928 1326 2322 1397 λειτουργίαν,
2373 1329 2478 1383 καί
2516 1328 2630 1399 πρὸ
2676 1326 2789 1398 τῆς
2812 1328 3158 1394 τελευταίας
3192 1325 3378 1396 εὐχῆς
3403 1326 3813 1397 ἐξερχόμενοι,

618 1414 727 1472 τὸν
774 1416 1008 1474 Ἰούδαν
1027 1416 1367 1488 μιμοῦνται,
1418 1416 1620 1487 λόγος.

612 2053 683 2102 α’.
704 2048 914 2117 Πάντες
929 2052 1086 2124 ὑμεῖς
1105 2052 1408 2123 ἐνεύθυμίᾳ
1425 2049 1799 2124 τήμερον,ὲγὼ
1812 2050 1870 2106 δὲ
1887 2051 1945 2105 ἐν
1958 2050 2119 2124 ὀδύνῃ

546 2130 726 2200 μόνος.
756 2134 927 2189 Ὅταν
971 2136 1082 2207 γάρ
1136 2138 1215 2200 είς
1256 2137 1319 2189 τὸ
1357 2136 1595 2205 πέλαγος
1637 2136 1814 2189 ἀπίδω
1854 2134 2013 2189 τοῦτο
2059 2135 2121 2189 τὸ

542 2218 929 2286 πνευματικὸν,
953 2219 1047 2272 καὶ
1071 2218 1162 2272 τὸν
1194 2218 1420 2290 ἄπειρον
1440 2218 1541 2289 τῆς
1568 2217 1893 2289 Ἐκκλησίας
1914 2217 2123 2273 θεάσω-

545 2314 643 2368 μαι
683 2298 931 2363 πλοῦτον,
962 2297 1082 2355 εἶτα
1122 2301 1427 2372 λογίσωμαι
1453 2302 1533 2355 ὅτι
1556 2300 1657 2371 τῆς
1694 2302 1888 2372 ἑορτῆς
1913 2300 2118 2373 παρελ-

541 2378 764 2450 θούσης,
790 2383 884 2435 καὶ
914 2382 975 2436 τὸ
1004 2382 1209 2454 πλῆθος
1234 2385 1365 2453 ἡμῖν
1384 2382 1543 2436 τοῦτο
1576 2382 1738 2437 πάλιν
1759 2383 2117 2455 ἀποπηδῆσαν

539 2463 840 2532 οίχήσεται,
862 2465 1128 2538 δάκνομαι
1149 2467 1243 2520 καὶ
1270 2466 1542 2537 ὀδυνῶμαι
1566 2466 1665 2537 τὴν
1694 2466 1894 2538 ψυχὴν,
1919 2467 2003 2519 ὅτι
2027 2482 2117 2519 το-

544 2544 721 2597 σαῦτα
740 2546 978 2602 τεκοῦσα
1010 2549 1178 2603 τέκνα
1211 2552 1244 2620 ἡ
1288 2549 1606 2619 Ἐκκλησία,
1629 2548 1691 2601 οὑ
1720 2548 1841 2602 καθ’
1878 2549 2117 2619 ἑκάστην

541 2626 758 2693 σύναξιν
790 2631 1083 2685 ἀπολαύειν
1110 2632 1291 2685 αὐτῶν
1322 2631 1567 2696 δύναται,
1595 2631 1710 2685 ἀλλ’
1742 2633 1801 2684 ὲν
1821 2633 1979 2703 ἑορτῇ
2014 2630 2114 2701 μό-

539 2728 649 2767 νον.
684 2713 855 2768 Πόσον
885 2711 955 2786 ῆν
999 2715 1312 2786 ἀγαλλίαμα
1357 2716 1744 2786 πνευματικὸν,
1774 2715 1915 2785 πόση
1947 2713 2113 2784 χαρά,

540 2796 681 2867 πόση
700 2797 831 2864 δόξα
861 2796 1019 2860 Θεοῦ,
1053 2797 1196 2868 πόση
1239 2798 1427 2869 ψυχῶν
1455 2797 1714 2867 ὠφέλεια,
1747 2799 1796 2851 εἰ
1836 2797 1959 2850 καθ’
1987 2796 2117 2850 ἑκά-

540 2893 674 2950 στην
700 2880 931 2947 ασύναξιν
967 2880 1112 2935 οὕτω
1158 2880 1622 2953 πεπληρωμένους
1667 2879 1930 2950 ἑωρῶμεν
1987 2879 2114 2943 τοὺς

538 2961 860 3032 περιϐόλους
888 2962 990 3033 τῆς
1024 2963 1357 3035 ὲκκλησίας;
1390 2964 1506 3017 Νῦν
1552 2963 1611 3017 δὲ
1651 2961 1843 3017 ναῦται
1875 2963 1974 3032 μὲν
2020 2963 2114 3014 καὶ

538 3042 869 3117 κυϐερνῆται
901 3047 1079 3099 πάντα
1113 3045 1356 3100 ποιοῦσιν
1378 3087 1393 3111 ,
1448 3047 1596 3110 ὅπως
1640 3045 1701 3099 τὸ
1734 3044 1967 3112 πέλαγος
1998 3044 2113 3098 6:1-

534 3123 792 3197 δράμοιεν
804 3127 855 3195 δ,
885 3130 979 3182 καὶ
1004 3128 1138 3201 πρὸς
1159 3128 1251 3182 τὸν
1272 3128 1322 3181 λι
1330 3128 1924 3201 μέναδκαταντήσωσινο
1951 3128 2112 3198 ἡμεῖς

534 3207 708 3263 δὲδιά
740 3211 937 3276 παντὸς
977 3212 1247 3280 πελάγους
1291 3211 1537 3265 σαλεύειν
1581 3208 2012 3281 φιλονεικοῦμεν,
2054 3210 2111 3262 ὲν

533 3294 656 3355 ταῖς
702 3293 809 3347 τῶν
849 3292 1117 3364 βιωτικῶν
1152 3296 1489 3367 πραγμάτων
1524 3294 1843 3367 τρικυμίαις
1871 3293 2110 3363 συνεχῶς

533 3373 908 3446 ποντούμενοι,
966 3379 1063 3431 καὶ
1095 3378 1154 3431 ὲν
1194 3381 1315 3442 ταῖς
1343 3379 1567 3448 ἀγοραῖς
1601 3378 1696 3432 καὶ
1730 3381 1789 3432 ὲν
1822 3380 1936 3441 τοῖς
1962 3378 2109 3431 δικα-

531 3458 778 3529 στηρίοις
832 3462 1208 3532 στρεφόμενοι,
1256 3461 1492 3515 ἐνταῦθα
1537 3462 1594 3515 δὲ
1623 3461 1771 3528 ἀπαξ
1799 3461 1832 3533 ἢ
1857 3461 2106 3532 δεύτερον

533 3540 687 3609 μόλις
709 3542 800 3594 τοῦ
832 3545 1030 3608 παντὸς
1051 3543 1398 3608 ἀπαντῶντες
1426 3543 1693 3599 ἐνιαυτοῦ.

607 3624 675 3676 Ἥ
709 3626 951 3692 ἀγνοεῖτε
979 3627 1060 3680 ὅτι
1091 3627 1338 3696 καθάπερ
1355 3628 1578 3699 λιμένας
1609 3630 1666 3682 ὲν
1690 3627 1934 3698 πελάγει,
1962 3628 2105 3683 οὕτω

530 3702 631 3767 τὰς
667 3706 965 3778 ἐκκλησίας
996 3710 1055 3762 ὲν
1083 3712 1202 3773 ταῖς
1254 3710 1472 3763 πόλεσιν
1521 3710 1721 3781 ἔπηξεν
1752 3714 1781 3765 ό
1823 3712 1978 3779 Θεὸς,
2017 3713 2105 3766 ἵνα

528 3785 638 3839 ἀπὸ
683 3789 779 3859 τῆς
812 3789 981 3861 ζάλης
1020 3790 1129 3844 τῶν
1175 3791 1444 3863 βιωτικῶν
1475 3793 1716 3865 θορύϐων
1744 3793 1977 3849 ἐνταῦθα
1999 3812 2102 3849 κα-

527 3868 916 3942 ταφεύγοντες,
949 3874 1188 3946 γαλήνης
1216 3876 1477 3948 μεγίστης
1497 3888 1519 3917 ο
1552 3877 1943 3949 ἀπολαύωμεν;
1963 3878 2098 3932 Οὐδὲ

528 3952 636 4026 γὰρ
680 3955 939 4027 κυμάτων
974 3957 1122 4011 ἔστιν
1178 3958 1410 4015 ἐνταῦθα
1448 3959 1621 4012 δεῖσαι
1670 3961 1986 4031 τρικυμίαν,
2035 3962 2121 4025 οὐ,

524 4032 736 4109 λῃστῶν
769 4039 1087 4110 ἐπιδρομὰς,
1123 4041 1183 4093 ού
1237 4041 1557 4113 κακούργων
1604 4041 1810 4110 ἔφοδον,
1845 4043 1906 4095 ού
1935 4059 2099 4097 πνευ-

525 4119 712 4190 μάτων
739 4119 878 4191 βίας,
915 4121 974 4175 ού
1011 4121 1215 4194 θηρίων
1262 4123 1573 4188 ἐπιϐουλάς·
1612 4123 1777 4197 λιμὴν
1798 4126 1905 4197 γάρ
1950 4128 2098 4179 ἐστιν

520 4202 778 4256 ἀπάντων
810 4203 1015 4258 τούτων
1048 4206 1486 4277 ἀπηλλαγμένος,
1540 4207 1708 4278 λιμήν
1753 4209 1871 4261 ἐστι
1908 4208 2096 4279 ψυχῶν

520 4287 907 4357 πνευματικός.
953 4289 1062 4342 Καὶ
1098 4289 1206 4342 τῶν
1247 4289 1553 4360 λεγομένων
1612 4290 1885 4362 μάρτυρες
1915 4293 2092 4362 ὑμεῖς.

519 4370 587 4423 El
612 4370 723 4443 γάρ
748 4387 833 4434 τις
863 4371 1015 4442 ὑμῶν
1037 4371 1099 4425 τὸ
1129 4372 1367 4437 συνειδὸς
1397 4373 1722 4438 ἀναπτύξειε
1741 4373 1856 4440 νῦν,
1895 4373 2096 4446 πολλὴν

517 4452 665 4508 ἔνδον
705 4454 927 4524 εὑρήσει
956 4454 1057 4527 τὴν
1089 4454 1335 4526 ἡσυχίανο
1371 4457 1431 4509 οὐ
1465 4456 1636 4528 θυμὸς
1666 4457 1776 4528 γὰρ
1807 4456 2015 4526 ἐνοχλεῖ
2041 4456 2093 4521 ἀ,

515 4535 617 4589 οὐκ
647 4536 910 4606 ἐπιθυμία
950 4538 1158 4607 φλέγει.
1197 4540 1258 4592 οὐ
1290 4538 1560 4609 βασκανία
1596 4540 1775 4611 τήκει,
1814 4540 1915 4594 οὐκ
1947 4540 2088 4594 ἀπό-

515 4633 636 4674 νοια
662 4621 827 4691 φυσᾷ,
861 4620 922 4674 ού
959 4620 1260 4685 κενοδοξίας
1289 4615 1428 4693 Epeo}
1445 4620 1767 4693 διαφθείρει,
1802 4623 1938 4677 ἀλλά
1955 4623 2091 4679 πάν·

515 4716 586 4753 τα
616 4700 789 4756 ταῦτα
817 4702 1177 4760 κατέσταλται
1214 4708 1283 4760 τά
1322 4705 1508 4778 θηρία,
1545 4705 1794 4778 καθάπερ
1826 4707 1974 4773 Θείας
2006 4725 2089 4762 τιν

514 4779 606 4845 νὸς
635 4784 872 4855 ἐπῳδῆς,
899 4788 1001 4858 τῆς
1032 4790 1141 4844 τῶν
1174 4789 1333 4843 θείων
1367 4788 1600 4860 Γραφῶν
1634 4789 1970 4860 ἀκροάσεως,
2000 4789 2088 4844 διὰ

512 4865 614 4934 τῆς
663 4866 895 4922 ἑκάστου
928 4871 1096 4942 ἀκοῆς
1124 4870 1260 4943 πρὸς
1292 4870 1391 4942 τὴν
1419 4871 1597 4943 ψυχὴν
1646 4872 1941 4944 εἰσιούσης,
1993 4872 2089 4926 καὶ

513 4946 869 5022 κοιμιζούσης
918 4951 989 5006 τὰ
1034 4954 1200 5024 ἄλογα
1253 4954 1424 5008 ταῦτα
1457 4966 1480 4994 ε
1530 4954 1697 5027 πάθη.
1749 4956 1930 5027 Πόσης
1992 4954 2086 5009 οὖν

511 5029 828 5104 ἀθλιότητος
851 5035 952 5089 οὐκ
971 5034 1037 5090 ἂν
1057 5037 1164 5109 εἴη,
1187 5037 1455 5109 τοσαύτης
1480 5038 1771 5110 μέλλοντας
1795 5039 2086 5095 ἀπολαύειν

566 5165 601 5234 ξ
620 5165 818 5237 -ᾙίιιίιιε
837 5169 890 5237 ip
913 5169 1063 5237 ξυνῇ.
1091 5185 1104 5220 :
1130 5173 1195 5237 εἰς
1204 5171 1270 5237 Ῠτὸ
1291 5173 1423 5237 ἅγιον
1459 5174 1540 5237 καὶ
1572 5173 1805 5237 σωτήριον
1822 5173 2087 5237 Δβάπτισμα

509 5228 596 5273 τοῦ
611 5228 836 5298 ,Σωτῆρος
1018 5228 1187 5298 Ἰησοῦ
1202 5228 1430 5296 Χριστοῦ,
1453 5236 1533 5282 καὶ
1552 5234 1667 5297 πρὸς
1684 5228 1792 5298 τοὺς
1812 5228 2084 5298 ἀπολιμπα-

507 5289 729 5359 πιομένους
747 5289 843 5359 τῶν
861 5289 1002 5359 θείων
1022 5289 1286 5359 ὀύνάξεων,
1325 5289 1427 5343 καῖ’
1445 5299 1551 5359 περὶ
1577 5289 1673 5344 τῶν
1695 5289 2084 5359 ἀναξίωςνκὸινω-

505 5349 729 5420 νούντῳν,
854 5355 928 5403 ὅτι
940 5359 996 5420 »οἱ
1013 5349 1713 5420 ἀτέλεστον’καταλιμπάνοντες
1729 5349 1814 5414 τήν
1840 5349 1965 5406 θείαν
1988 5361 2085 5408 λει-

505 5412 743 5475 τουργίαν,
767 5417 847 5463 καὶ
868 5417 960 5480 πρὸ
975 5423 1059 5476 τῆς
1080 5418 1351 5474 τελευταίας
1362 5412 1500 5482 εὐχῆς
1519 5412 1828 5481 ἐξερχόμενοι,
1852 5420 1933 5467 τὸν
1963 5420 2082 5469 Ἰού-

506 5470 592 5523 δαν
615 5473 881 5523 μιμοῦνται.

734 5492 881 5526 υνται.

567 5490 953 5605 ζάίεε.
980 5542 1037 5605 e_l
1049 5537 1203 5605 δονεῖ.
1228 5538 1330 5589 Alii
1350 5541 1687 5605 διαδράμωσιν.
1716 5538 1830 5592 Mox
1851 5542 2002 5595 Savil.
2027 5551 2081 5597 et

505 5592 603 5663 dug
618 5610 752 5663 _lpss_.
780 5600 858 5647 διὰ
877 5599 1053 5663 παντὸς
1068 5601 1302 5663 πελάγιοι.

569 5658 593 5717 ﬁ
618 5658 856 5717 Μεγίστης
875 5661 1017 5709 deest
1041 5661 1090 5709 in
1115 5658 1366 5713 codicibus
1389 5668 1585 5716 nostris.

568 5714 598 5756 ἆ
617 5714 716 5787 μί]
735 5718 790 5766 οὐ
814 5714 1275 5787 θῦμὸςᾼπαρενοχλεῖ.

572 5791 596 5820 ι
618 5777 781 5829 Ταῦτα
796 5777 939 5834 deésl
957 5785 1007 5834 in
1030 5777 1221 5835 duob'ﬁs
1237 5798 1352 5835 mss.
1377 5784 1530 5839 [idem
1551 5793 1712 5853 φοιτᾷν
1731 5790 1857 5853 παρὰ
1880 5793 1980 5850 τήν.

2221 2049 2542 2121 φιλοσοφίας
2572 2048 2649 2121 μὴ
2669 2048 2906 2120 συνεχῶς
2935 2047 3318 2120 ἐπιχωριάζειν
3333 2050 3427 2102 καὶ
3448 2051 3636 2121 φοιτᾷν
3659 2052 3801 2121 πρὸς

2219 2133 2318 2206 τὴν
2356 2133 2542 2205 κοινὴν
2566 2132 2820 2187 ἁπάντων
2854 2132 3086 2205 μητέρα,
3114 2132 3210 2202 τὴν
3259 2132 3582 2200 Ἐκκλησίαν
3615 2133 3798 2201 λέγω;

2219 2214 2389 2271 Ποίαν
2425 2214 2535 2287 γάρ
2558 2215 2625 2269 ἂν
2645 2214 2791 2287 ἔχοις
2817 2216 2991 2268 εἰπεῖν
3016 2231 3108 2286 μοι
3137 2213 3338 2286 ταύτης
3363 2216 3801 2285 ἀναγκαιοτέραν

2217 2297 2529 2370 διατριϐήν;
2568 2298 2689 2352 τίνα
2714 2299 2772 2352 δὲ
2801 2297 3170 2370 χρηστοτέραν
3197 2299 3507 2362 συνουσίαν;
3549 2299 3603 2350 τί
3628 2298 3683 2350 δὲ
3735 2299 3800 2354 τὸ

2218 2381 2473 2453 ἐμπόδιον
2514 2382 2666 2455 [568]
2697 2384 2794 2453 τῆς
2832 2381 3066 2435 ἐνταῦθα
3088 2381 3402 2452 διατριϐῆς;
3442 2382 3668 2445 Πάντως
3700 2400 3799 2453 μοι

2216 2463 2314 2536 τὴν
2332 2465 2522 2521 πενίαν
2544 2466 2689 2535 ὲρεῖς
2713 2463 2857 2519 κὼλυ
2866 2464 2942 2535 μά
2968 2481 3049 2519 σοι
3077 2463 3318 2533 γίνεσθαι
3338 2463 3433 2517 τοῦ
3453 2464 3621 2537 καλοῦ
3637 2466 3799 2519 τοῦδε

2218 2548 2497 2619 συλλόγου’
2521 2548 2635 2602 ἀλλ’
2668 2549 2767 2601 οὐκ
2817 2546 3039 2615 εῦλογος
3066 2549 3099 2618 ἡ
3139 2548 3427 2619 πρόφασις.
3466 2548 3639 2602 Ἐπτά
3661 2549 3799 2619 ἡμέο

2218 2648 2318 2701 ρας
2339 2634 2372 2704 ἡ
2405 2631 2638 2703 ἑϐδομὰς
2666 2631 2800 2702 ἔχει·
2833 2629 2930 2694 τὰς
2954 2630 3094 2684 έπτά
3110 2629 3314 2694 ταύτας
3339 2630 3634 2702 ἐμερίσατο
3652 2632 3797 2702 πρὸς

2213 2716 2363 2783 ἡμᾶς
2411 2717 2439 2769 ὁ
2478 2715 2631 2779 Θεός’
2668 2716 2763 2767 καὶ
2793 2715 2892 2783 οὐχ
2924 2712 3101 2783 ἐαυτῷ
3136 2713 3233 2784 μὲν
3264 2712 3326 2766 τὸ
3352 2713 3534 2779 πλέον,
3563 2715 3697 2785 ἡμῖν
3732 2715 3796 2768 δὲ

2214 2799 2275 2849 τὸ
2307 2797 2526 2851 ἔλαττον
2560 2797 2749 2857 ἔδωκε,
2786 2795 2986 2867 μᾶλλον
3006 2795 3063 2847 δὲ
3088 2794 3209 2847 οὐδὲ
3238 2795 3300 2860 ἐξ
3333 2797 3585 2867 ἡμισείας
3616 2797 3796 2860 αὐτάς

2212 2879 2539 2950 διενείματο,
2568 2881 2669 2934 οὐκ
2685 2879 2843 2932 ἔλαϐε
2862 2881 3011 2950 τρεῖς
3039 2878 3133 2931 καὶ
3153 2878 3319 2932 ἔδωκε
3347 2882 3517 2952 τρεῖς,
3551 2879 3689 2934 ἀλλά
3708 2882 3797 2935 σοὶ

2216 2962 2312 3032 μὲν
2334 2963 2627 3033 ἀπένειμεν
2662 2962 2740 3028 ἒξ,
2772 2961 2948 3033 έαυτῷ
2984 2962 3040 3015 δὲ
3056 2962 3309 3016 κατέλιπε
3339 2964 3487 3033 μίαν.
3516 2965 3629 3019 Καὶ
3666 2965 3793 3018 οὐδὲ

2212 3047 2269 3100 έν
2300 3046 2473 3121 ταύτῃ
2500 3050 2566 3119 τῇ
2619 3047 2717 3118 ὅλῃ
2775 3047 2941 3117 ἀνέχῃ
2993 3045 3101 3098 τῶν
3152 3045 3418 3115 βιωτικῶν
3442 3048 3792 3119 ἀπηλλάχθαι

2212 3131 2574 3200 πραγμάτων,
2615 3130 2729 3182 ἀλλ’
2749 3130 2886 3200 ὅπερ
2902 3131 2949 3181 οἱ
2983 3129 3051 3182 τὰ
3087 3129 3207 3199 ἱερά
3239 3128 3506 3193 συλῶντες
3526 3132 3792 3202 χρήματα

2212 3213 2446 3278 ποιοῦσι,
2475 3213 2632 3265 τοῦτο
2656 3214 2748 3265 καὶ
2775 3213 2839 3265 σὺ
2867 3213 2958 3265 ἐπὶ
2972 3213 3066 3282 τῆς
3085 3211 3297 3282 ἡμέρας
3323 3212 3529 3284 ταύτης
3557 3214 3787 3284 τολμᾷς,

2210 3296 2380 3365 αὐτὴν
2414 3293 2578 3350 οὖσαν
2610 3297 2761 3365 ἱερὰν
2784 3296 2877 3350 καὶ
2902 3294 3269 3366 ἀνακειμένην
3297 3299 3363 3368 τῇ
3393 3295 3504 3349 τῶν
3537 3313 3790 3368 πνευμα-

2207 3379 2374 3432 τικῶν
2402 3380 2661 3450 ἀκροάσει
2691 3379 2884 3447 λογίων
2931 3378 3190 3448 ἁρπάζων
3227 3380 3321 3432 καὶ
3358 3380 3789 3451 καταχρώμενος

2208 3463 2288 3525 εἰς
2322 3462 2578 3532 βιωτικάς
2605 3462 2904 3533 φροντίδας.
2940 3462 3005 3513 Τί
3036 3460 3093 3513 δὲ
3117 3460 3259 3529 λέγω
3284 3464 3413 3534 περὶ
3436 3464 3651 3534 ἡμέρας
3674 3465 3788 3519 ὀλο-

2207 3543 2593 3615 κλήρου;ὃπερ
2613 3546 2704 3598 ἐπὶ
2737 3545 2834 3614 τῆς
2855 3543 3226 3615 ἐλεημοσύνης
3255 3545 3511 3616 ἐποίησεν
3544 3548 3575 3616 ἡ
3613 3549 3783 3618 χήρα,

2204 3625 2363 3678 τοῦτο
2397 3627 2622 3697 ποίησον
2676 3627 2769 3680 ἐπὶ
2798 3626 2893 3680 τοῦ
2926 3626 3121 3698 καιροῦ
3160 3626 3253 3680 καὶ
3283 3629 3347 3680 σὺ
3398 3628 3497 3698 τῆς
3540 3631 3781 3700 ἡμέρας·

2204 3707 2455 3779 καθάπερ
2488 3710 2668 3781 ἐκείνη
2720 3709 2811 3763 δύο
2852 3709 3148 3763 κατέϐαλεν
3173 3710 3412 3777 ὀϐολοὺς,
3444 3714 3539 3766 καὶ
3579 3715 3784 3784 πολλὴν

2204 3792 2356 3857 παρά
2371 3793 2464 3845 τοῦ
2495 3793 2630 3861 Θεοῦ
2658 3794 3007 3847 ἐπεσπάσατο
3042 3794 3138 3866 τὴν
3166 3792 3393 3849 εὔνοιαν·
3424 3787 3568 3850 οῦτω
3597 3798 3687 3850 καὶ
3714 3801 3781 3852 σὺ

2201 3872 2294 3927 δύο
2326 3875 2570 3927 δάνεισον
2589 3875 2739 3941 ῶρας
2761 3875 2838 3946 τῷ
2869 3875 3007 3947 Θεῷ,
3035 3877 3128 3929 καὶ
3157 3876 3364 3946 μυρίων
3394 3879 3621 3948 ἡμερῶν
3648 3881 3783 3951 κέρ-

2200 3954 2288 4018 δος
2304 3958 2384 4020 είς
2417 3957 2516 4028 τὴν
2546 3960 2722 4012 οἰκίαν
2755 3958 2991 4024 εἰσάξεις
3013 3959 3112 4030 τὴν
3139 3961 3258 4029 σήν.
3294 3961 3356 4012 Εἰ
3377 3959 3433 4012 δὲ
3460 3961 3562 4013 οὐκ
3584 3962 3776 4032 ἀνέχῃ,

2202 4039 2486 4111 σκόπειμὴ
2519 4052 2671 4105 ποτε,
2704 4042 2898 4113 μικρὸν
2922 4041 3132 4114 ἡμέρας
3162 4042 3325 4113 μέρος
3348 4043 3410 4096 οὐ
3451 4043 3787 4116 βουλόμενος

2200 4121 2391 4175 ἑαυτὸν
2437 4124 2740 4194 ἀποστῆσαι
2788 4124 2895 4177 τῶν
2946 4127 3149 4195 γηΐνων
3199 4124 3426 4195 κερδῶν,
3463 4125 3777 4198 ὁλοκλήρων

2199 4204 2462 4258 ἐνιαυτῶν
2510 4207 2782 4280 ἀπολέσῃς
2833 4207 3047 4271 πόνους.
3090 4202 3212 4261 Οἵδε
3248 4209 3358 4280 γὰρ
3385 4210 3414 4262 ὀ
3445 4209 3580 4273 Θεὸς
3604 4228 3778 4264 κατα-

2198 4288 2566 4359 φρονούμενος
2612 4292 2705 4344 καὶ
2743 4290 2811 4344 τὰ
2869 4290 3190 4359 συλλεγέντα
3240 4290 3433 4344 κενοῦν
3488 4294 3772 4364 χρήματα·

2196 4369 2385 4441 ῶσπερ
2415 4369 2508 4426 οὖν
2530 4374 2624 4425 καὶ
2664 4372 2935 4436 Ἰουδαίοις
2972 4372 3208 4429 ἀπειλῶν
3238 4373 3440 4442 ἔλεγεν,
3456 4375 3647 4447 ἐπειδὴ
3671 4377 3777 4448 τῆς

2197 4470 2263 4504 πε
2273 4455 2324 4522 9".
2344 4454 2435 4507 τὸν
2472 4454 2596 4509 ναὸν
2616 4455 2980 4526 κατεφρόνουν
2997 4457 3087 4509 ἐπι
3094 4456 3221 4526 μελε
3230 4456 3333 4518 ίας·
3358 4457 3778 4527 Είσηνέγκατε

2193 4538 2345 4590 αὐτὰ
2367 4539 2455 4603 εὶς
2481 4537 2621 4605 τοὺς
2649 4539 2852 4604 οἴκους
2879 4537 3067 4608 ὑμῶν,
3100 4538 3573 4609 καὶὲξεςσύσησα
3595 4546 3771 4614 αὐτὰ,

2193 4618 2355 4689 λέγει
2400 4622 2636 4687 Κύριος.
2688 4622 2754 4673 Τί
2803 4621 2932 4693 γὰρ,
2983 4622 3104 4675 εἰπέ
3149 4640 3261 4693 μοι,
3314 4623 3523 4690 διδάξαι
3556 4643 3615 4679 σε
3662 4630 3775 4682 τῶν

2195 4702 2511 4770 ἀναγκαίων
2539 4702 2897 4774 δυνησόμεθα,
2926 4702 3071 4770 ἅπαξ
3102 4702 3196 4757 τοῦ
3247 4705 3492 4759 ἐνιαυτοῦ
3518 4708 3552 4777 ἦ
3595 4709 3772 4763 δεύτεο

2200 4802 2290 4854 ρον
2310 4786 2438 4857 παρ’
2463 4788 2593 4857 ἡμῖν
2622 4785 2909 4855 φοιτῶντα,
2950 4787 3078 4858 περὶ
3106 4787 3304 4859 ψυχῆς,
3330 4805 3395 4841 πε
3406 4791 3458 4861 91
3490 4790 3767 4862 σώματος,

2195 4870 2321 4941 περὶ
2352 4870 2671 4933 ἀθανασίας,
2716 4870 2846 4940 περὶ
2885 4869 3162 4939 βασιλείας
3191 4871 3300 4924 τῶν
3333 4873 3601 4944 οὐρανῶν,
3637 4879 3769 4949 περὶ

2191 4951 2484 5017 κολάσεως,
2502 4969 2567 5005 πε
2575 4951 2630 5023 91
2652 4954 2894 5022 γεέννης,
2914 4969 2980 5004 πε
2991 4953 3042 5024 91
3062 4951 3438 5024 μακροθυμίας
3458 4956 3617 5023 Θεοῦ,
3633 4962 3767 5029 περὶ

2191 5034 2538 5106 συγγνώμης,
2571 5038 2697 5108 περὶ
2721 5035 3030 5105 μετανοίας,
3053 5037 3176 5107 περὶ
3206 5034 3600 5107 βαπτίσματος,
3636 5044 3765 5112 περὶ

2189 5118 2600 5189 ἁμαρτημάτων
2649 5120 2913 5188 ἀφέσεως,
2964 5118 3091 5189 περὶ
3132 5118 3233 5188 τῆς
3276 5118 3507 5184 κτίσεως
3554 5123 3763 5195 ταύτης

2187 5202 2285 5270 τῆς
2313 5200 2446 5265 ἀνω,
2481 5203 2691 5273 καὶτῆς
2718 5202 2886 5266 κάτω,
2911 5204 3041 5273 περὶ
3068 5201 3366 5270 ἀνθρώπιον
3380 5203 3615 5272 φύσεως,
3631 5210 3762 5279 περὶ

2186 5283 2454 5352 ἀγγέλων,
2469 5302 2535 5338 πε
2540 5285 2596 5355 91
2611 5286 2709 5355 τῆς
2723 5284 2831 5339 τῶν
2846 5285 3113 5356 δαιμόνων
3129 5286 3480 5357 κακουργίας,
3503 5290 3637 5360 περὶ
3650 5291 3760 5344 τῶν

2188 5366 2477 5436 μεθοδειῶν
2493 5367 2585 5420 τοῦ
2608 5367 2875 5429 διαϐόλου,
2907 5368 3036 5440 περὶ
3058 5366 3351 5433 πολιτείας,
3381 5371 3511 5441 περὶ
3548 5371 3757 5443 δογμά-

2181 5465 2310 5513 των,
2346 5449 2474 5517 περὶ
2505 5450 2601 5519 τῆς
2616 5450 2783 5521 ὀρθῆς
2814 5451 3064 5515 πίστεως,
3080 5449 3327 5524 περὶτῶν
3342 5450 3754 5525 διεφθαρμένων

2182 5530 2444 5601 αἱρέσεων
2467 5549 2481 5597 ;
2513 5531 2699 5585 Ταῦτα
2728 5533 2837 5604 γὰρ
2856 5533 2952 5587 καὶ
2975 5532 3155 5603 πολλῶ
3177 5533 3399 5589 πλείονα
3426 5538 3633 5591 τούτων
3660 5539 3750 5593 τὸν

2180 5614 2503 5686 Χριστιανὸν
2548 5614 2748 5670 εἰδέναι
2801 5615 2929 5687 χρὴ,
2978 5617 3071 5669 καὶ
3121 5615 3325 5669 τούτων
3365 5619 3586 5673 πάντων
3612 5623 3748 5676 ἀπο-

2180 5696 2380 5752 διδόναι
2411 5697 2571 5766 λόγον
2616 5701 2730 5763 τοῖς
2761 5699 3038 5771 ἐρωτῶσιν
3072 5700 3236 5771 ὑμᾶς.
3276 5701 3466 5771 Ὑμεῖς
3517 5701 3576 5756 δὲ
3625 5706 3745 5760 οὐδὲ

2177 5781 2239 5834 τὸ
2270 5781 2559 5839 πολλοστὸν
2589 5780 2798 5839 τούτων
2826 5783 3019 5840 εἰδέναι
3052 5783 3346 5857 δυνήσεσθε
3378 5785 3568 5861 μέρος,
3594 5788 3743 5858 imi
