4066 6392
1570 329 1658 386 DE
1699 331 2037 394 BAPTISMO
2072 339 2363 401 CHRISI‘I.

3412 365 3517 423 564

282 1012 598 1055 ADVERSUS
644 1011 754 1054 EOS
799 1012 906 1064 QUI
949 1013 984 1058 Α
1030 1012 1267 1058 DIVINIS
1308 1013 1548 1057 ABSUNT
1589 1016 1881 1072 OFFICIIb,
1928 1019 2008 1061 ET
2050 1020 2131 1061 DE
2174 1019 2409 1065 SANCTO
2461 1024 2537 1067 AC
2592 1025 2898 1070 SALUTARI
2954 1029 3349 1075 BAPTISMATE
3392 1034 3526 1078 SAL-

361 1113 622 1155 varoms
666 1113 887 1156 nosam
930 1114 1081 1156 msu
1124 1113 1402 1168 CHRISTI,
1449 1113 1658 1166 DEQUE
1701 1116 1782 1158 ns
1826 1116 1933 1168 QUI
1976 1118 2236 1160 INDIGNE
2278 1119 2760 1179 COMMUNICANT,
2818 1127 2899 1168 ET
2940 1127 3111 1178 QUOD
3163 1129 3270 1181 QUI
3322 1132 3533 1177 ιιτυιι.

361 1214 519 1256 GIAM
563 1212 1014 1255 IMPEBFECTAM
1057 1212 1571 1267 DERELINQUUNT,
1619 1214 1826 1266 ATQUE
1871 1216 2033 1258 ANTE
2080 1217 2461 1264 POSTREMA‘M
2503 1222 2867 1267 ΟΒΔΤΙΟΝΕΜ
2921 1227 3392 1289 EGBEDIUNTUB,
3435 1234 3538 1276 ,ιυ-

361 1313 492 1354 DAM
536 1311 912 1368 IMITENTUR,
957 1310 1189 1353 omne
1220 1295 1315 1365 (η).

1874 1612 1949 1624 ..-

373 1816 423 1870 1.
452 1812 649 1867 Omnes
668 1822 762 1861 vos
781 1805 833 1859 in
861 1801 1041 1858 laetitia
1062 1797 1219 1852 hodie
1240 1836 1255 1863 ,
1283 1807 1382 1864 ego
1407 1804 1536 1847 vero
1564 1790 1620 1845 in
1644 1802 1879 1845 maerore

300 1923 415 1962 sum
452 1905 615 1958 solus.
640 1900 770 1955 Nam
798 1912 916 1952 cum
944 1895 997 1948 in
1027 1893 1125 1946 hoc
1154 1886 1426 1959 spirituale
1457 1884 1673 1954 pelagus
1695 1881 1879 1937 oculos

299 2014 448 2058 meos
490 2005 775 2060 converto,
802 2005 855 2049 et
893 1988 1179 2045 immensas
1225 1978 1481 2040 Ecclesiae
1507 1974 1716 2030 divitias
1745 1986 1878 2026 con-

300 2093 528 2161 templor
552 2131 567 2153 ,
597 2104 659 2142 ac
688 2085 878 2140 deinde
916 2079 1186 2150 perpendo
1223 2076 1337 2131 fore
1361 2116 1374 2142 ,
1407 2076 1465 2128 ut
1498 2085 1619 2128 cum
1648 2065 1878 2141 primum

298 2183 606 2239 solemnitas
654 2180 752 2232 ista
798 2171 1154 2245 prteterierit,
1205 2165 1487 2223 multitudo
1538 2178 1722 2218 rursus
1776 2156 1875 2213 ista

298 2273 500 2328 resiliat
528 2286 590 2324 ac
616 2267 887 2327 discedat,
920 2263 1128 2318 crucior
1171 2267 1224 2314 et
1249 2259 1410 2312 animi
1452 2255 1638 2309 dolore
1666 2266 1830 2321 angor
1856 2265 1871 2303 :

296 2362 459 2433 quod,
488 2375 608 2416 cum
658 2367 762 2411 tam
803 2354 996 2409 multos
1039 2351 1238 2406 liberos
1285 2345 1549 2417 pepererit
1600 2341 1873 2406 Ecclesia,

298 2470 405 2509 non
434 2453 537 2507 illis
562 2449 743 2504 itidem
776 2448 828 2501 in
858 2443 1079 2513 singulis
1108 2439 1350 2496 collectis
1377 2479 1391 2501 ,
1421 2435 1517 2491 sed
1547 2436 1597 2488 in
1626 2434 1760 2487 festo
1785 2446 1875 2485 so-

297 2542 572 2599 lummodo
606 2540 707 2594 frui
748 2537 932 2608 possit.
955 2535 1161 2600 Quanta
1181 2572 1196 2597 ,
1228 2544 1440 2599 quaeso,
1474 2526 1561 2580 illa
1590 2522 1879 2595 spiritualis

295 2637 578 2694 exsultatio
599 2634 755 2697 foret,
777 2637 1032 2700 quantum
1058 2624 1325 2697 gaudium,
1348 2628 1545 2691 quanta
1576 2616 1667 2672 Dei
1687 2614 1873 2685 gloria,

295 2741 490 2803 quanta
523 2730 720 2784 utilitas
745 2725 1040 2779 animarum
1066 2762 1081 2785 ,
1112 2719 1155 2773 si
1183 2716 1423 2772 collectae
1462 2711 1717 2781 cujusque
1745 2716 1880 2763 tem-

295 2839 426 2895 pore
451 2823 530 2877 sic
559 2820 759 2888 repleta
785 2814 1025 2871 ecclesia:
1041 2820 1189 2880 septa
1212 2802 1584 2863 cerneremus?
1604 2800 1719 2855 Jatn
1749 2812 1877 2852 vero

295 2926 471 2972 nauta:
522 2912 738 2983 quidem
783 2923 847 2963 ac
881 2906 1265 2974 gubernatores
1299 2896 1476 2952 omnia
1518 2891 1796 2957 efﬁciunt,
1823 2896 1881 2943 ut

296 3011 510 3080 pelagus
539 3004 741 3061 emensi
768 3044 783 3070 ,
815 3000 1026 3055 tandem
1066 2995 1132 3050 ad
1160 3001 1367 3064 portum
1397 2985 1746 3057 perveniant:
1780 2994 1879 3035 nos

294 3111 482 3157 contra
513 3101 564 3154 in
595 3098 703 3152 alto
733 3095 863 3149 mari
897 3092 1151 3146 fluctuare
1186 3082 1557 3140 contendimus
1581 3119 1597 3145 ,
1624 3077 1750 3132 dum
1778 3089 1882 3130 sae-

295 3194 555 3249 cularium
586 3188 915 3260 negotiorum
949 3179 1195 3252 procellis
1222 3190 1434 3245 semper
1458 3171 1734 3225 obruimur
1758 3207 1774 3232 ,
1803 3172 1884 3219 at-

297 3301 400 3355 que
430 3285 482 3336 in
516 3281 643 3335 foris
663 3259 717 3333 et
746 3274 1097 3331 tribunalibus
1118 3268 1354 3339 judicum
1378 3265 1661 3334 jactamur,
1682 3259 1767 3313 hic
1789 3272 1883 3311 au-

296 3386 406 3431 tem
433 3373 596 3429 semel
622 3380 711 3424 aut
736 3369 928 3422 iterum
960 3365 1045 3418 vix
1078 3371 1190 3416 toto
1216 3373 1359 3413 anno
1383 3365 1774 3424 comparemus.

367 3468 595 3523 Ecclesia
635 3472 831 3537 portus.
856 3491 926 3501 —
951 3460 1031 3514 An
1060 3470 1188 3511 vero
1228 3451 1482 3524 ignoratis
1508 3490 1524 3515 ,
1558 3457 1615 3503 ut
1657 3448 1710 3501 in
1749 3443 1884 3499 mari

296 3568 516 3629 rortus,
539 3556 615 3610 sic
664 3552 919 3609 ecclesias
963 3550 1129 3603 Deum
1178 3547 1230 3599 in
1270 3541 1491 3598 urbibus
1529 3538 1761 3593 erexisse
1785 3575 1800 3599 ,
1828 3542 1887 3588 ut

294 3628 323 3704 a
374 3648 690 3703 tumultuum
732 3639 1067 3697 sazcularium
1109 3635 1323 3691 turbine
1376 3633 1479 3686 huc
1519 3628 1884 3697 confugientes

296 3755 502 3795 summa
542 3734 919 3806 tranquillitate
967 3727 1262 3799 potiamur?
1290 3723 1407 3778 Non
1448 3722 1589 3775 enim
1628 3718 1883 3773 ﬂuctuum

299 3835 384 3887 hic
411 3841 493 3886 est
522 3824 914 3885 reformidanda
944 3829 1228 3891 tempestas
1248 3859 1263 3881 ,
1294 3832 1399 3870 non
1426 3814 1689 3868 latronum
1709 3811 1884 3864 incur-

297 3926 476 3980 siones
511 3965 525 3987 ,
569 3936 674 3976 non
719 3917 1027 3987 eruptiones
1077 3911 1382 3983 praadonum
1411 3948 1426 3974 ,
1455 3921 1561 3961 non
1603 3912 1882 3959 ventorum

298 4019 556 4086 intpetns,
588 4028 692 4067 nou
719 4010 923 4065 insidiae
954 4005 1247 4061 belluarum
1274 4021 1287 4055 :
1318 4010 1502 4069 portus
1525 3998 1666 4053 enim
1694 4004 1776 4051 est
1815 3994 1883 4049 ab

299 4110 381 4163 his
406 4107 653 4162 omnibus
696 4103 946 4157 immunis
975 4113 1037 4152 ac
1068 4098 1232 4162 liber,
1262 4102 1450 4164 portus
1476 4099 1558 4146 est
1586 4087 1881 4158 spiritualis

297 4203 616 4256 animarum.
668 4198 840 4264 Atque
873 4207 1058 4248 eorum
1105 4206 1225 4260 qua:
1270 4188 1379 4241 dixi
1410 4183 1718 4253 vosmetipsi
1752 4179 1881 4235 mihi

299 4303 465 4348 testes
490 4291 636 4345 estis.
671 4288 729 4342 Si
752 4288 866 4355 quis
892 4285 1033 4341 enim
1064 4291 1299 4336 vestrum
1326 4276 1707 4333 conscientiam
1729 4288 1882 4329 suam

299 4380 883 4446 excutsserit,'multam
938 4378 1079 4430 intus
1126 4373 1357 4442 reperiet
1402 4368 1879 4438 tranquillitatem:

301 4492 404 4529 non
431 4474 575 4529 enim
602 4473 677 4526 ira
702 4469 968 4539 negotium
998 4465 1231 4529 facessit,
1258 4478 1361 4516 non
1386 4459 1646 4529 cupiditas
1673 4456 1880 4511 inﬂam-

302 4580 452 4634 mat,
486 4582 591 4620 non
637 4564 831 4618 invidia
869 4560 1116 4615 tabefacit
1141 4599 1154 4621 ,
1204 4572 1308 4611 non
1341 4553 1490 4609 inflat
1540 4552 1837 4621 arrogantia
1863 4590 1878 4617 ,

300 4676 405 4715 non
444 4659 618 4714 inanis
663 4656 844 4727 glorias
874 4667 1026 4707 amor
1066 4647 1393 4716 corrumpit;
1419 4646 1511 4699 sed
1565 4652 1882 4698 coercentur

297 4767 488 4807 omnes
512 4749 595 4803 hae
621 4748 812 4803 bellum
833 4786 847 4809 ,
879 4759 997 4799 cum
1031 4742 1256 4811 primum
1282 4781 1296 4803 ,
1328 4737 1476 4807 quasi
1504 4734 1769 4805 quoddam
1795 4733 1877 4785 di-

299 4845 481 4897 vinum
518 4853 734 4896 carmen
759 4878 773 4901 ,
798 4850 1069 4889 sacrarum
1113 4828 1314 4884 auditio
1354 4828 1747 4894 Scripturarnm
1787 4836 1883 4891 per

300 4948 455 4989 aures
476 4934 527 4987 in
557 4931 787 4985 animam
821 4926 1076 4997 cujusque
1104 4918 1401 4993 penetrarit
1419 4958 1433 4980 ,
1457 4926 1511 4971 et
1539 4916 1654 4968 illas
1680 4914 1881 4967 alienas

299 5040 329 5079 a
361 5024 568 5078 ratione
593 5018 1022 5091 perturbationes
1051 5012 1264 5083 50pivit.
1289 5009 1418 5077 Quis
1450 5022 1552 5060 non
1601 5006 1759 5075 igitur
1788 5016 1881 5056 eos

297 5114 382 5168 vel
423 5111 812 5166 infelicissimos
852 5106 1091 5177 jndiect,
1145 5102 1233 5171 qui
1273 5114 1395 5155 cum
1436 5107 1633 5152 tantam
1673 5108 1879 5149 morum

299 5203 634 5258 sanctitatem
660 5208 876 5269 possent
901 5195 1119 5266 adipisci
1143 5235 1157 5257 ,
1186 5208 1291 5246 non
1322 5190 1534 5245 assidue
1560 5196 1840 5242 versentur
1863 5226 1879 5252 ,

298 5310 359 5348 ac
382 5296 639 5351 ventitent
662 5292 727 5346 ad
757 5305 1089 5346 communem
1114 5286 1351 5342 omnium
1382 5291 1671 5353 parentem,
1693 5281 1886 5336 Ecclec

301 5390 434 5441 siam
469 5383 757 5441 nimirum?
779 5383 989 5437 Etenim
1019 5395 1177 5449 quam
1208 5376 1419 5432 tandem
1446 5389 1565 5431 esse
1592 5373 1686 5429 tibi
1714 5373 1883 5445 magis

363 5558 437 5620 (α)
459 5557 633 5627 ςςρίιίιω
656 5569 764 5626 cum
787 5553 930 5603 Codd.
952 5550 1485 5627 ῌιεςήβρξξέξξῖϐἱριιὶ
1505 5550 1630 5627 mire
1650 5546 1883 5627 differunt

300 5611 378 5667 ab
410 5611 586 5676 illitis;
613 5619 893 5679 praecipuas
908 5611 1075 5679 solut—it
1102 5611 1340 5679 lecligggs
1378 5611 1723 5662 annotavimus.
1762 5615 1882 5659 item

299 5694 410 5730 cum
435 5672 591 5743 Regiis
612 5672 896 5740 "£026,235
914 5684 965 5726 et
985 5674 1192 5724 Colbert.
1215 5672 1327 5723 970.

1986 1786 2310 1843 fructuosam
2340 1788 2741 1859 occupationem
2768 1792 2974 1846 causari
3002 1794 3173 1862 possis
3194 1803 3285 1848 aut
3313 1809 3559 1866 congres-

1984 1892 2101 1931 sum
2131 1878 2429 1933 utiliorem?
2449 1880 2712 1949 quodnam
2739 1890 2914 1935 autem
2954 1883 3407 1954 impedimentum,
3435 1904 3557 1958 quo—

1984 1968 2159 2022 minus
2200 1970 2285 2023 hic
2325 1970 2601 2025 nobiscum
2628 1971 2891 2026 verseris?
2915 1972 3285 2043 Paupertatem
3315 1978 3562 2033 nimirum

1985 2061 2076 2115 tibi
2103 2062 2482 2131 impedimento
2502 2078 2621 2118 esse
2647 2063 2813 2129 dices,
2851 2069 3136 2133 quominus
3159 2069 3413 2135 praeclaro
3438 2069 3561 2125 huic

1981 2155 2143 2217 cmtui
2186 2155 2437 2217 intersis;
2466 2174 2518 2217 at
2561 2156 2792 2233 legitima
2845 2173 2948 2210 non
2994 2168 3075 2211 est
3117 2157 3230 2211 haec
3267 2162 3562 2216 excusatio.

1981 2255 2196 2324 Septem
2242 2254 2399 2309 habet
2446 2256 2558 2311 dies
2597 2256 2928 2312 hebdomada
2958 2275 2970 2311 :
3000 2254 3178 2314 divisit
3217 2253 3314 2315 hos
3357 2264 3560 2331 septem

1981 2347 2257 2401 nobiscum
2287 2346 2447 2411 Deus,
2470 2363 2642 2416 neque
2667 2349 2766 2401 sibi
2792 2348 3004 2417 quidem
3033 2351 3291 2418 potiorem
3315 2363 3519 2420 partem
3543 2393 3560 2417 ,

1980 2437 2134 2493 nobis
2162 2448 2338 2491 autem
2367 2438 2625 2492 minorem
2654 2438 2935 2507 impertiit;
2969 2439 3075 2493 imo
3106 2455 3172 2493 ue
3202 2441 3251 2493 in
3277 2441 3409 2495 duas
3436 2443 3561 2511 qui-

1985 2528 2108 2583 dem
2137 2530 2366 2598 mquales
2394 2539 2568 2598 partes
2596 2544 2689 2584 eas
2718 2529 3021 2594 distribuit;
3046 2546 3150 2583 non
3186 2532 3286 2585 sibi
3332 2542 3439 2587 tres
3481 2549 3565 2587 as-

1981 2623 2245 2691 sumpsit,
2272 2632 2485 2691 tresque
2512 2624 2730 2692 largitus
2754 2632 2835 2677 est
2861 2641 2874 2677 :
2903 2640 3084 2678 verum
3108 2626 3200 2679 tibi
3230 2626 3445 2695 quidem
3472 2643 3566 2685 sex

1984 2713 2261 2782 impertiit,
2286 2728 2443 2766 unam
2473 2728 2600 2767 vero
2626 2714 2726 2768 sibi
2758 2714 2973 2783 reliquit
2999 2731 3014 2767 :
3044 2730 3142 2770 nec
3181 2716 3232 2769 in
3266 2717 3363 2770 hac
3389 2725 3565 2772 tatnen

1970 2813 2093 2877 tota
2135 2820 2167 2858 a
2219 2805 2443 2875 negotiis
2486 2806 2830 2860 sweularibus
2872 2808 3137 2863 abstinere
3166 2808 3438 2879 dignaris,
3468 2810 3563 2865 sed

1986 2895 2091 2951 hoc
2130 2897 2301 2966 ipsum
2341 2897 2483 2967 quod
2528 2897 2730 2952 faciunt
2755 2899 2845 2969 qui
2872 2914 3052 2955 sacras
3077 2902 3328 2969 pecunias
3363 2902 3568 2971 deprae-

1985 2990 2178 3045 dantur
2206 3031 2220 3055 ,
2253 3001 2308 3045 tu
2336 2990 2433 3044 hac
2460 2991 2619 3045 etiam
2661 2991 2746 3045 die
2777 3002 2987 3059 patrare
3016 2992 3181 3048 audes
3213 3011 3226 3047 :
3254 2994 3380 3049 dum
3425 2995 3567 3050 illam

1981 3082 2090 3153 jam
2113 3091 2347 3137 sanctam
2364 3090 2418 3137 et
2438 3083 2787 3150 spiritualium
2818 3084 3150 3152 eloquiorum
3172 3086 3425 3140 auditioni
3442 3101 3569 3141 con-

1986 3184 2247 3229 secratam
2290 3174 2549 3243 surripis,
2574 3182 2630 3229 et
2675 3174 2740 3227 ad
2787 3174 3075 3229 saeculares
3116 3190 3273 3230 curas
3301 3176 3568 3232 abutendo

1987 3266 2239 3320 traducis.
2274 3264 2379 3319 Sed
2408 3265 2534 3334 quid
2556 3279 2656 3333 ego
2685 3264 2750 3318 de
2780 3264 2985 3332 integro
3015 3264 3101 3318 die
3126 3265 3360 3334 loquor?
3386 3267 3468 3321 vel
3515 3267 3566 3321 id

1987 3372 2180 3419 unum,
2208 3355 2350 3425 quod
2386 3357 2437 3408 in
2464 3355 2802 3425 eleemosyna
2825 3354 2983 3408 vidua
3030 3353 3158 3409 fecit
3180 3396 3194 3419 ,
3225 3365 3279 3409 tu
3316 3357 3367 3410 in
3412 3358 3568 3428 hujus

1987 3448 2092 3503 diei
2122 3458 2359 3517 tempore
2375 3447 2533 3502 facito
2550 3464 2562 3499 :
2579 3448 2716 3502 sicut
2736 3446 2822 3500 illa
2849 3446 2982 3500 duos
3004 3445 3191 3500 obolos
3210 3447 3354 3500 misit
3373 3448 3566 3518 (Marc.

1990 3541 2076 3594 12.
2100 3541 2187 3595 42.
2218 3537 2375 3610 sqq.),
2399 3540 2722 3606 multamque
2747 3553 2776 3591 a
2810 3537 2920 3592 Deo
2943 3538 3165 3606 gratiam
3197 3537 3345 3591 inivit
3373 3554 3387 3591 :
3415 3538 3491 3592 sic
3516 3550 3569 3594 et

1991 3642 2043 3686 tu
2074 3632 2206 3686 duas
2235 3630 2390 3685 horas
2415 3630 2520 3685 Deo
2540 3627 2815 3684 commoda
2834 3667 2852 3695 ,
2880 3636 2935 3682 et
2961 3636 3331 3681 sexcentorum
3361 3627 3568 3683 dierum

1990 3723 2193 3776 lucrum
2238 3723 2290 3775 in
2329 3722 2546 3775 domum
2588 3729 2729 3774 tuam
2775 3718 3102 3786 importabis.
3132 3717 3285 3785 Quod
3324 3719 3368 3771 si
3398 3717 3446 3771 id
3470 3718 3568 3773 de-

1990 3823 2204 3878 trectcs,
2234 3813 2354 3868 vide
2380 3828 2446 3868 ne
2470 3812 2627 3879 forte,
2658 3811 2781 3865 dum
2807 3809 2872 3863 ad
2897 3810 3141 3879 exiguum
3174 3811 3424 3879 temporis
3443 3826 3570 3881 spa-

1991 3909 2120 3962 tium
2146 3908 2369 3976 teipsum
2397 3922 2502 3960 non
2533 3907 2612 3959 vis
2638 3920 2667 3958 a
2700 3903 2923 3958 terrenis
2953 3903 3113 3956 lueris
3142 3917 3366 3957 avocare
3385 3943 3399 3964 ,
3433 3906 3571 3956 inte—

1987 4014 2201 4069 grornm
2243 4012 2502 4052 annorum
2544 3995 2754 4052 labores
2791 3994 3021 4052 amittas.
3051 3996 3197 4052 Solet
3238 3996 3381 4054 enim
3431 4002 3571 4059 Deus

1988 4109 2109 4149 cum
2139 4101 2474 4161 contemptus
2511 4091 2669 4145 fuerit
2698 4091 2950 4146 collectas
2986 4070 3235 4161 pecunias
3261 4092 3519 4162 dissipare
3551 4111 3565 4148 :

1987 4186 2128 4256 quod
2155 4194 2209 4240 et
2232 4185 2428 4240 Judaeis
2450 4185 2739 4240 minitando
2765 4184 2971 4239 dicebat
2997 4225 3011 4249 ,
3043 4186 3291 4254 quoniam
3317 4186 3571 4241 sollicitu-

1988 4282 2165 4335 dinem
2222 4278 2405 4349 templi
2452 4292 2664 4331 omnem
2716 4277 3037 4345 abjiciebaut
3074 4295 3085 4329 :
3120 4276 3374 4331 [ntulistis
3416 4294 3476 4331 ea
3516 4279 3569 4331 iu

1988 4374 2163 4425 domos
2191 4380 2375 4423 vestras
2397 4410 2410 4435 ,
2441 4379 2484 4421 et
2513 4368 2781 4438 crsu/ﬂavi
2810 4384 2867 4420 ea
2886 4408 2901 4430 ,
2930 4368 3051 4420 dicit
3079 4366 3322 4421 Dominus
3365 4363 3569 4436 (Agga'i

1989 4463 2015 4518 1
2038 4464 2113 4535 9).
2134 4460 2267 4527 Quid
2295 4459 2433 4512 enini
2459 4499 2473 4521 ,
2504 4472 2707 4527 qumso,
2732 4471 2798 4511 ex
2826 4456 2888 4510 iis
2906 4498 2922 4521 ,
2944 4472 3062 4525 qum
3085 4458 3377 4511 necessaria
3407 4467 3531 4511 sunt
3549 4499 3565 4521 ,

1990 4564 2041 4606 te
2085 4552 2375 4621 poterimus
2410 4550 2644 4616 docere,
2672 4564 2792 4603 cum
2837 4549 3002 4603 semel
3042 4558 3133 4602 aut
3177 4550 3367 4604 iterum
3415 4553 3569 4605 annis

1986 4643 2205 4713 singulis
2230 4643 2293 4696 ad
2326 4658 2420 4696 nos
2450 4643 2674 4695 ventites
2698 4680 2715 4705 ,
2743 4640 2810 4695 de
2835 4640 3008 4693 anima
3037 4639 3316 4703 nimirum,
3348 4640 3417 4695 de
3443 4616 3568 4695 cor-

1990 4751 2137 4804 pore,
2164 4734 2231 4789 de
2261 4733 2677 4798 immortalitate,
2707 4734 2774 4787 de
2793 4748 2954 4800 regno
2974 4732 3249 4797 czelorutn,
3277 4731 3344 4786 de
3373 4733 3563 4802 patriis,

1987 4828 2053 4881 de
2081 4825 2342 4897 gehemta,
2368 4824 2434 4879 de
2466 4824 2556 4877 Dei
2589 4824 3007 4892 longanimitate,
3040 4822 3105 4877 de
3135 4822 3481 4893 indulgentia,
3501 4825 3568 4880 de

1989 4916 2296 4987 ptenitentia
2317 4957 2332 4981 ,
2355 4916 2421 4969 de
2465 4914 2746 4983 baptismo,
2775 4912 2841 4966 de
2869 4913 3179 4967 remissione
3208 4924 3565 4983 peccatorum,

1987 5010 2055 5065 de
2085 5010 2200 5064 istis
2229 5007 2408 5062 mundi
2455 5022 2575 5061 cum
2621 5006 2912 5074 superioris
2969 5015 3078 5059 tum
3124 5006 3389 5061 inferioris
3414 5021 3563 5061 erea-

1989 5102 2142 5166 turis,
2166 5100 2234 5154 de
2263 5098 2533 5152 hominum
2556 5109 2737 5151 natura
2760 5138 2774 5161 ,
2797 5096 2864 5150 de
2891 5098 3107 5166 angelis,
3136 5095 3203 5150 de
3231 5095 3570 5164 improbitate

1988 5192 2285 5247 dremonuni
2308 5230 2322 5253 ,
2346 5189 2411 5243 de
2434 5188 2626 5243 diaboli
2652 5187 2919 5241 fraudibus
2941 5227 2955 5249 ,
2986 5186 3052 5241 de
3078 5185 3314 5239 moribus
3334 5226 3348 5248 ,
3375 5184 3441 5238 de
3467 5185 3568 5237 do-

1987 5283 2252 5354 gmatibus
2270 5321 2285 5347 ,
2312 5280 2380 5335 de
2404 5290 2546 5334 recta
2574 5279 2676 5334 fide
2699 5320 2714 5345 ,
2744 5277 2812 5332 de
2836 5278 3098 5344 corruptis
3136 5274 3465 5329 hmresibus?
3490 5276 3565 5328 si-

1987 5375 2198 5446 quidem
2224 5374 2324 5427 ista
2345 5382 2398 5427 et
2419 5373 2584 5425 multo
2610 5372 2754 5440 plura
2782 5384 2939 5424 nosse
2957 5368 3312 5422 Christianum
3338 5376 3565 5433 oportet,

1988 5469 2285 5537 horumque
2335 5465 2569 5519 omnium
2618 5463 2839 5518 reddere
2866 5462 3123 5516 rationem
3162 5460 3227 5513 iis
3260 5460 3348 5529 qui
3389 5460 3568 5512 scisci-

1989 5571 2188 5616 tentur.
2218 5559 2325 5614 Vos
2359 5574 2484 5613 vero
2510 5572 2577 5611 ne
2602 5555 2872 5610 minimam
2902 5552 3114 5623 quidem
3156 5550 3344 5605 horum
3388 5559 3569 5603 tenere

1990 5665 2195 5727 partem
2241 5649 2476 5722 poteritis
2501 5688 2517 5716 ,
2563 5649 2609 5703 si
2653 5648 2818 5703 semel
2859 5644 2981 5713 hic,
3014 5644 3169 5714 idque
3212 5641 3568 5715 perfunctorie
