4066 6392
522 277 627 335 565

519 395 871 462 conveniatis,
902 410 1001 453 nec
1028 405 1132 450 tam
1166 405 1381 467 propter
1404 397 1595 452 anima:
1624 395 1876 466 pietatem
1895 439 1910 462 ,
1943 411 2103 466 quam

523 497 741 554 propter
766 486 1206 542 consuetudinem
1228 488 1578 544 solemnitatis
1601 506 1616 543 :
1637 489 1724 542 vix
1751 489 1892 542 enim
1921 489 2112 558 cuique

519 579 822 634 assistendo
843 581 1104 647 collectae,
1136 580 1328 651 aliquis
1352 596 1416 635 ex
1443 580 1690 635 omnibus
1718 590 1902 635 exacte
1930 588 2114 650 posset

517 667 698 724 omnia
727 670 814 726 illa
849 670 1080 727 discere.
1107 672 1305 728 Servos
1333 672 1541 729 habetis
1569 674 1721 728 multi
1747 714 1762 739 ,
1789 673 1980 728 horum
2022 673 2112 744 qui

519 762 607 818 hic
633 763 845 828 adsunt,
877 773 931 819 et
956 764 1094 818 filios
1118 783 1135 819 :
1155 780 1384 836 cumque
1409 766 1527 820 illos
1546 766 1740 820 artium
1771 765 2037 836 magistris
2059 769 2112 820 in

517 855 854 928 disciplinam
885 858 1092 913 tradere
1121 859 1299 921 vultis,
1327 874 1462 928 quos
1489 858 1791 929 elegeritis,
1813 868 2114 913 vestrarum

522 947 629 1001 illis
649 947 842 1003 aedium
875 949 1117 1018 ingressu
1143 949 1457 1006 interdicitis
1484 951 1676 1018 semel,
1703 951 1791 1006 ubi
1822 951 2113 1022 stragulam

519 1048 761 1107 vestem,
817 1041 1012 1096 cibaria
1057 1057 1378 1114 onmemque
1428 1043 1587 1098 aliam
1635 1044 2018 1114 supellectilem
2059 1052 2115 1099 et

520 1142 832 1204 apparatum
867 1134 1245 1205 suppeditastis
1275 1153 1288 1189 :
1320 1151 1422 1190 una
1451 1151 1570 1190 cum
1601 1137 1854 1206 magistro
1900 1135 2115 1190 habita-

522 1239 634 1282 tum
690 1226 898 1282 mittitis
928 1269 943 1293 ,
987 1244 1050 1283 ac
1108 1245 1175 1284 ne
1217 1228 1434 1284 domum
1472 1238 1704 1284 vestram
1748 1228 1940 1284 adeant
1986 1243 2115 1298 pro-
2155 1288 2159 1292 ,

522 1317 718 1372 hibetis
749 1336 760 1372 :
788 1327 864 1382 ut,
894 1319 1020 1374 dum
1062 1318 1133 1372 ibi
1161 1320 1414 1374 continue
1444 1329 1758 1386 versantur,
1793 1319 2000 1374 facilius
2027 1334 2115 1374 ar-

523 1418 632 1462 tem
651 1407 910 1475 ediscant,
939 1424 1038 1464 nec
1059 1410 1163 1464 ulla
1192 1409 1546 1465 soilicitudine
1569 1410 1804 1464 studium
1827 1410 2038 1466 illorum
2061 1418 2117 1464 et

519 1500 801 1569 occupatio
817 1501 1203 1571 interpelletur.
1218 1501 1337 1556 Jam
1356 1517 1484 1556 vero
1504 1517 1625 1556 cum
1645 1518 1752 1556 non
1770 1502 2002 1570 vulgaris
2026 1516 2116 1556 ars

520 1590 788 1658 quzedam,
804 1591 898 1645 sed
919 1592 1155 1646 omnium
1177 1593 1407 1646 maxima
1430 1593 1583 1647 vobis
1599 1592 1668 1646 sit
1690 1591 1995 1658 ediscenda,
2009 1607 2116 1662 quo

522 1690 678 1750 pacto
695 1681 804 1735 Deo
816 1680 1130 1750 placendum
1147 1681 1237 1748 sit,
1251 1690 1305 1736 et
1323 1681 1553 1736 caelestia
1568 1681 1704 1736 bona
1718 1681 2113 1751 consequenda,

509 1771 879 1840 perfunctorie
907 1787 1003 1827 vos
1035 1772 1084 1826 id
1115 1771 1374 1842 perﬁcere
1401 1787 1557 1841 posse
1583 1773 1817 1827 censetis
1841 1773 1864 1826 ?
1892 1772 2117 1838 Quantas

524 1861 646 1930 hoc,
678 1878 882 1934 quaeso,
912 1873 994 1918 est
1013 1863 1333 1918 dementire?
1354 1863 1486 1918 Nam
1513 1863 1850 1933 disciplinam
1872 1878 1992 1919 esse
2013 1863 2118 1918 hoc

522 1957 790 2025 negotium
818 1995 832 2022 ,
863 1955 1001 2026 quod
1043 1955 1262 2010 multam
1302 1955 1466 2025 exigit
1515 1955 1897 2019 attentionem,
1926 1969 1991 2010 ex
2031 1953 2116 2008 his

491 2047 825 2116 _cognoscite
857 2063 871 2099 :
907 2045 1124 2112 Discite,
1155 2045 1356 2115 inquit,
1387 2062 1418 2098 a
1444 2061 1522 2098 me
1543 2086 1558 2110 ,
1592 2046 1711 2116 quia
1753 2047 1890 2098 mitis
1927 2061 2039 2099 sum
2070 2053 2118 2100 et

523 2139 728 2192 humilis
773 2138 924 2192 corde
958 2139 1172 2209 (Matth.
1214 2139 1301 2193 11.
1332 2138 1428 2206 29)
1457 2157 1471 2193 :
1500 2148 1554 2193 et
1595 2153 1781 2192 rursus
1811 2139 2069 2208 propheta
2097 2155 2114 2194 :

532 2230 735 2295 Venite,
766 2232 860 2300 ﬁlii
883 2271 900 2296 ,
923 2232 1097 2286 audite
1134 2248 1213 2286 me
1234 2248 1252 2285 :
1279 2232 1509 2284 timorem
1554 2229 1759 2284 Domini
1804 2231 1990 2285 docebo
2029 2249 2116 2286 vos

523 2321 694 2382 lPsal.
721 2323 810 2376 55.
838 2321 929 2390 12)
960 2341 972 2376 :
1005 2332 1060 2376 et
1090 2323 1280 2376 iterum
1313 2339 1327 2374 :
1370 2320 1556 2375 Vacate
1591 2331 1638 2375 et
1669 2322 1830 2376 videte
1879 2324 2117 2391 quoniam

520 2429 612 2482 ego
635 2429 745 2466 sum
768 2410 908 2465 Deus
936 2413 954 2482 (
978 2410 1121 2466 Psal.
1148 2413 1237 2467 45.
1269 2413 1326 2466 11
1354 2413 1394 2482 ).
1424 2411 1606 2481 Itaque
1648 2412 1811 2466 multa
1853 2427 1989 2482 opus
2034 2422 2117 2467 est

522 2506 799 2560 vacatione
821 2505 914 2568 illi,
937 2505 1024 2574 qui
1047 2504 1184 2559 hanc
1205 2520 1412 2558 morum
1437 2504 1774 2574 disciplinam
1799 2515 1854 2560 et
1879 2504 2118 2574 philoso-

523 2596 704 2665 phiam
730 2596 831 2651 sibi
863 2596 1089 2650 voluerit
1117 2610 1455 2664 comparare.

589 2687 644 2740 2.
669 2687 800 2741 Duce
829 2689 1172 2757 apparitiones
1199 2686 1422 2753 Christi;
1453 2704 1543 2740 cur
1569 2703 1671 2741 non
1694 2685 1802 2741 dies
1825 2696 1964 2740 ortus
1990 2727 2003 2752 ,
2031 2686 2119 2740 sed

519 2779 626 2834 dies
637 2779 870 2848 baptismi
885 2779 1195 2848 Epiphania.
1205 2778 1510 2832 Miraculum
1521 2779 1656 2833 circa
1667 2779 1902 2850 baptismi
1913 2795 2114 2848 aquam.

518 2900 591 2912 --
617 2870 812 2926 Verum
843 2887 911 2926 ne
950 2881 1160 2942 tempus
1195 2886 1357 2926 omne
1395 2871 1448 2925 in
1475 2886 1658 2926 eorum
1704 2870 2118 2941 reprehensione

519 2971 898 3029 conteramus,
922 2964 1012 3033 qui
1047 2963 1223 3018 solent
1251 2963 1475 3027 abesse,
1512 2961 1596 3018 his
1624 2978 1744 3033 qua:
1783 2963 1847 3016 ad
1881 2963 2118 3033 ipsorum

522 3054 896 3123 negligentiam
927 3053 1295 3124 corrigendam
1347 3062 1473 3108 sunt
1519 3053 1659 3108 dicta
1706 3053 1942 3108 contenti
1975 3095 1990 3120 ,
2019 3067 2118 3123 age

518 3145 770 3215 quiddam
786 3145 853 3201 de
873 3146 1122 3216 prmsenti
1139 3146 1476 3202 solemnitate
1497 3146 1954 3218 philosophemur.
1980 3146 2113 3202 Nam

521 3239 672 3292 multi
701 3239 914 3309 quidem
943 3239 1074 3294 festa
1096 3240 1369 3295 celebrant
1418 3237 1493 3312 (α)
1518 3282 1532 3308 ,
1561 3248 1618 3295 et
1660 3241 1876 3296 nomina
1928 3256 2115 3296 eorum

522 3341 820 3395 noverunt,
851 3331 1103 3387 historias
1128 3341 1307 3387 autem
1343 3340 1399 3388 et
1428 3333 1774 3399 occasiones,
1799 3333 1940 3387 unde
1983 3343 2116 3390 orta:

518 3433 680 3491 sunt,
731 3441 835 3478 non
893 3435 1177 3480 noverunt.
1221 3427 1396 3495 Atque
1441 3424 1797 3495 Epiphaniam
1858 3425 2112 3496 quidem,

517 3518 630 3572 sive
673 3518 1088 3588 apparitionem,
1121 3518 1225 3572 dici
1286 3517 1426 3573 hanc
1464 3519 1826 3574 celebritatem
1866 3520 2116 3575 omnibus

517 3609 703 3679 liquet,
738 3610 851 3664 hzec
880 3625 1006 3664 vero
1029 3609 1289 3680 apparitio
1321 3624 1565 3680 quaenam
1593 3610 1696 3676 sit,
1717 3618 1772 3665 et
1798 3620 1972 3664 utrum
2000 3625 2107 3665 una

517 3701 588 3754 sit
633 3717 698 3754 an
725 3699 842 3754 dum
865 3742 879 3764 ,
915 3700 966 3754 id
997 3715 1102 3754 non
1135 3701 1259 3754 item
1292 3709 1592 3764 noverunt;
1622 3710 1678 3756 et
1719 3700 1861 3771 quod
1905 3716 2111 3755 summa

518 3789 808 3845 notandum
839 3792 1123 3860 ignominia
1144 3792 1359 3862 risuque
1381 3791 1596 3860 dignum
1623 3801 1732 3860 est,
1751 3808 1872 3847 cum
1893 3793 2114 3862 singulis

518 3883 674 3938 annis
694 3885 1083 3939 solemnitatem
1106 3884 1260 3938 istam
1283 3883 1578 3951 celebrent,
1601 3885 1716 3954 ejus
1738 3895 2108 3955 argumentum

517 3975 918 4029 etoccasioncm
944 3975 1205 4061 ignorant.
1229 3977 1464 4030 Primum
1487 3977 1646 4047 igitur
1664 3992 1843 4047 opera:
1883 3978 2110 4048 pretium

517 4075 600 4121 est
614 4068 821 4121 caritati
843 4076 1036 4123 vestrm
1055 4068 1288 4124 iudicare
1308 4085 1413 4124 non
1452 4085 1612 4124 unam
1639 4086 1760 4127 esse
1787 4081 1988 4126 tantum
2011 4087 2109 4142 ap-

519 4158 870 4228 paritionem,
895 4161 988 4215 sed
1025 4161 1156 4216 duas
1182 4178 1195 4214 :
1221 4177 1326 4217 una
1357 4161 1570 4232 quidem
1616 4171 1699 4217 est
1734 4163 1834 4217 ista
1869 4178 2109 4233 praesens

515 4266 636 4321 quae
663 4251 772 4321 jam
796 4253 1046 4322 contigit;
1076 4254 1242 4308 altera
1268 4268 1397 4308 vero
1445 4268 1564 4322 qua:
1611 4253 1783 4308 futura
1814 4262 1897 4309 est
1916 4295 1931 4318 ,
1953 4262 2009 4309 et
2055 4254 2108 4310 in

513 4345 972 4400 consummatione
1013 4345 1195 4400 saeculi
1229 4361 1350 4401 cum
1397 4346 1683 4416 splendore
1729 4355 1784 4402 et
1821 4346 1987 4417 gloria
2026 4356 2110 4403 est

515 4445 791 4492 eventura.
826 4438 901 4492 Ac
927 4437 995 4493 de
1023 4447 1248 4508 utraque
1289 4437 1500 4494 illarum
1531 4440 1752 4496 Paulum
1782 4439 1943 4496 hodie
1987 4442 2108 4498 Tito

515 4529 867 4586 disserentem
893 4531 1133 4599 audistis,
1167 4541 1326 4602 atque
1354 4533 1404 4587 in
1437 4532 1553 4589 hmo
1574 4535 1735 4589 verba
1764 4534 1831 4589 de
1858 4535 2107 4604 praesenti

514 4622 728 4690 quidem
771 4623 1099 4692 loquentem,
1133 4625 1382 4695 Apparuit
1407 4627 1572 4697 gratia
1601 4624 1700 4680 Dei
1720 4628 1961 4682 salutaris
1999 4644 2108 4682 om-

517 4712 664 4766 nibus
689 4713 992 4780 hominibus,
1015 4715 1246 4769 erudiens
1268 4733 1380 4783 nos,
1404 4727 1460 4771 ut
1477 4717 1781 4788 abnegantes
1799 4718 2108 4787 impietatem

513 4814 561 4857 et
590 4805 856 4858 saecularia
881 4807 1147 4873 desideria,
1177 4807 1341 4862 sobrie
1365 4818 1410 4862 et
1427 4811 1568 4879 juste
1596 4819 1643 4863 et
1677 4811 1760 4880 pie
1791 4812 2014 4864 vivamus
2053 4813 2099 4866 il

513 4896 606 4949 hoc
635 4897 856 4951 stvculo:
882 4897 950 4952 de
977 4896 1150 4953 futura
1177 4915 1324 4967 vero,
1352 4900 1711 4971 Exspectantes
1739 4903 1933 4957 beatam
1968 4921 2108 4974 spem

514 4997 562 5041 et
583 4988 851 5043 adventum
881 4991 1059 5062 gloria:
1084 4995 1256 5064 magni
1294 4993 1386 5048 Dei
1413 5005 1458 5049 et
1487 4996 1768 5050 Saluatoris
1798 4999 1959 5051 nostri
1980 4999 2106 5054 .Iesu

514 5079 702 5134 Christi
730 5081 748 5153 (
775 5081 872 5135 Tit.
904 5086 958 5137 2.
993 5085 1078 5137 11.
1109 5083 1195 5138 12.
1231 5085 1293 5139 15
1313 5086 1351 5154 ).
1382 5085 1449 5139 Et
1475 5101 1602 5141 vero
1629 5088 1887 5158 propheta
1917 5088 1985 5145 de
2014 5091 2104 5145 illa

513 5173 624 5242 ipsa
653 5174 730 5227 sic
759 5174 922 5228 dixit‘
961 5193 974 5227 :
1009 5174 1105 5230 Sol
1132 5187 1443 5231 convertatur
1467 5179 1518 5231 in
1544 5179 1802 5246 tenebras,
1831 5189 1875 5235 et
1908 5182 2028 5236 luna
2051 5183 2107 5238 in

511 5268 808 5338 sanguinem
825 5311 837 5330 ,
870 5278 1136 5338 antequam
1158 5272 1321 5325 veniat
1349 5273 1453 5326 dies
1480 5271 1688 5327 Domini
1716 5291 1929 5346 magnus
1957 5288 2004 5330 et
2031 5277 2101 5331 il-

514 5357 686 5412 lustris
713 5359 868 5429 (Joel.
897 5358 950 5412 2.
983 5359 1093 5431 51).
1127 5361 1194 5415 At
1223 5363 1364 5419 enim
1393 5363 1479 5432 qui
1513 5365 1603 5431 lit,
1632 5372 1690 5419 ut
1716 5380 1820 5420 non
1849 5381 1912 5420 ea
1942 5366 2058 5422 dies
2081 5408 2097 5431 ,

512 5465 613 5516 qua
642 5461 792 5505 natus
813 5462 914 5514 est,
939 5451 1231 5521 Epiphania
1253 5463 1308 5510 et
1323 5455 1582 5524 apparitio
1603 5458 1916 5526 appelletur,
1933 5459 2024 5513 sed
2038 5474 2098 5514 ea

512 5556 614 5610 qua
640 5541 936 5613 baptizatus
959 5544 1078 5597 est?
1103 5544 1224 5599 Ha‘c
1248 5546 1390 5601 enim
1419 5547 1533 5602 dies
1567 5557 1651 5603 est
1675 5564 1778 5619 qua
1804 5549 2098 5620 baptizatus

577 5678 593 5748 ξ
633 5677 981 5748 ln_ha=.c_ver_ba
1000 5674 1094 5748 (Gr.
1109 5679 1255 5748 ἔλεγεν
1267 5679 1800 5748 o6m;)desinit(‘.odex
1817 5680 1940 5743 Reg.
1959 5679 2094 5732 1964.

575 5738 649 5800 ιιι)
681 5741 792 5788 Dies
805 5739 1071 5801 Epiphaniae
1087 5738 1441 5792 celebrabatur.

1275 287 1328 340 S.
1371 285 1645 341 JOANNIS
1682 282 2155 340 CIIRYSOSTOIII
2196 283 2510 339 ARCIIIEP.
2551 280 3081 364 CQNSTANTINOP.

3694 283 3798 343 366

2220 406 2305 456 est
2326 441 2342 466 ,
2371 410 2426 455 et
2461 415 2718 472 aquarum
2748 409 2992 455 naturam
3019 397 3388 456 sanctificavlt.
3415 397 3616 454 Idcirco
3638 401 3798 455 etiam

2217 490 2269 544 in
2311 491 2411 545 hac
2437 491 2778 547 solemnitate
2803 491 2903 547 sub
2929 490 3159 546 mediam
3189 500 3401 546 noctem
3426 505 3613 547 omnes
3635 531 3650 555 ,
3679 507 3799 546 cum

2214 583 2392 652 aquati
2422 582 2640 648 fuerint,
2665 582 2884 638 domum
2913 583 3099 638 latices
3129 581 3369 640 referunt
3393 597 3462 638 ac
3481 583 3803 649 recondunt,

2215 683 2271 729 et
2296 689 2392 744 per
2415 673 2678 745 integrum
2708 689 2903 728 annum
2927 681 3246 729 conservant
3269 715 3284 740 ,
3316 682 3500 744 utpote
3527 674 3672 744 quod
3715 674 3809 729 ho-

2215 763 2400 820 dierna
2445 765 2532 821 die
2570 765 2912 820 sanctiﬁcata:
2941 766 3048 820 sint
3085 779 3239 835 aqua:
3265 782 3279 818 :
3304 764 3466 834 fitque
3491 765 3807 820 miraculum

2215 856 2464 924 evidens,
2495 856 2623 911 dum
2666 857 2798 911 nihil
2843 857 3095 926 temporis
3128 855 3510 926 longinquitate
3547 870 3810 926 aquarum

2216 949 2428 1005 illarum
2456 959 2642 1004 natura
2665 949 2880 1003 vitiatur
2906 990 2922 1014 ,
2953 947 3048 1004 sed
3074 948 3278 1018 integro
3303 962 3444 1001 anno
3486 957 3648 1017 atque
3675 945 3814 1002 adeo

2216 1041 2433 1097 biennio
2458 1051 2513 1096 et
2539 1041 2768 1096 triennio
2796 1055 2940 1110 saepe
2963 1081 2978 1109 ,
3007 1056 3126 1110 qua:
3154 1040 3315 1095 hodie
3356 1041 3453 1094 fuit
3479 1040 3668 1095 hausta
3692 1079 3711 1107 ,
3738 1040 3815 1094 in-

2216 1143 2468 1202 corrupta
2488 1142 2544 1190 et
2571 1148 2760 1189 recens
2793 1142 3090 1203 permanet,
3122 1147 3186 1188 ac
3211 1141 3335 1205 post
3362 1139 3566 1188 tantum
3599 1145 3815 1202 tempo-

2217 1225 2292 1279 ris
2311 1239 2432 1278 cum
2463 1224 2529 1279 iis
2559 1240 2678 1294 qua:
2705 1241 2875 1296 nuper
2918 1224 3114 1280 fuerint
3142 1239 3174 1280 e
3201 1225 3439 1280 fontibus
3461 1224 3671 1280 eductae
3698 1240 3795 1281 cer

2217 1326 2314 1372 tat.
2346 1317 2641 1386 Quamnam
2670 1317 2829 1388 igitur
2852 1317 2924 1372 ob
2951 1331 3164 1372 causam
3195 1315 3312 1372 haec
3347 1316 3607 1386 apparitio
3628 1317 3823 1385 appel-

2217 1408 2380 1464 latur?
2397 1408 2530 1476 Quia
2553 1409 2799 1464 nimirum
2821 1423 2926 1462 non
2943 1409 3188 1465 omnibus
3204 1409 3513 1463 manifestus
3532 1416 3617 1464 est
3630 1407 3786 1463 reddi
3799 1436 3817 1447 -

2219 1509 2322 1565 tus,
2353 1516 2473 1555 cum
2493 1509 2646 1570 partu
2666 1510 2748 1555 est
2769 1500 2960 1565 editus,
2979 1499 3074 1556 sed
3091 1515 3210 1556 cum
3228 1509 3310 1555 est
3324 1499 3620 1569 baptizatus
3646 1517 3660 1553 :
3689 1514 3816 1553 nam

2218 1591 2283 1647 ad
2309 1593 2445 1648 hunc
2468 1607 2636 1663 usque
2655 1593 2796 1648 diem
2828 1593 2986 1663 vulgo
3015 1602 3130 1648 erat
3158 1592 3386 1662 ignotus.
3415 1591 3547 1645 Nam
3571 1589 3820 1661 incogni-

2219 1694 2330 1739 tum
2362 1701 2482 1739 eum
2513 1684 2675 1741 fuisse
2704 1685 2881 1756 vulgo,
2911 1700 3082 1756 neque
3101 1686 3342 1756 quisnam
3372 1692 3517 1740 esset
3535 1683 3821 1755 plerosque

2219 1778 2440 1834 scivisse
2467 1787 2675 1834 constat
2703 1793 2768 1833 ex
2801 1779 2915 1833 istis
2935 1777 3154 1833 Joannis
3181 1777 3433 1849 Baptistae
3454 1778 3634 1832 verbis
3660 1795 3674 1831 :
3705 1776 3819 1830 Me-

2219 1868 2337 1922 dius
2379 1877 2595 1930 vestrum
2624 1871 2796 1936 stetit,
2829 1886 2975 1940 quem
3012 1886 3099 1924 vos
3140 1869 3341 1924 nescitis
3383 1866 3560 1940 (Joan.
3604 1868 3660 1923 1.
3697 1865 3816 1937 26).

2220 1961 2356 2029 Quid
2401 1978 2530 2016 vero
2567 1963 2758 2017 mirum
2791 1962 2835 2016 si
2864 1963 2952 2017 alii
2992 1977 3098 2016 non
3132 1969 3352 2017 nossent
3379 2003 3394 2029 ,
3420 1960 3638 2032 quando
3667 1961 3817 2016 illum

2221 2055 2379 2108 etiam
2412 2055 2525 2124 ipse
2549 2053 2784 2124 Baptista
2813 2054 2879 2109 ad
2907 2070 3030 2109 eum
3060 2069 3227 2124 usque
3251 2053 3392 2109 diem
3421 2052 3822 2124 ignorabat2Et

2221 2161 2310 2216 ego
2341 2146 2622 2199 nesciebam
2650 2162 2764 2199 eum
2783 2187 2797 2212 ,
2831 2146 2999 2215 inquit
3024 2162 3038 2199 :
3062 2144 3150 2200 sed
3181 2144 3268 2214 qui
3292 2144 3427 2198 misit
3451 2156 3530 2198 me
3557 2143 3822 2214 baptizare

2230 2241 2288 2293 in
2313 2253 2446 2307 aqua
2465 2279 2478 2301 ,
2506 2237 2593 2291 ille
2637 2238 2763 2290 mihi
2793 2237 2922 2291 dixit
2945 2279 2960 2304 ,
2987 2236 3155 2307 Super
3177 2253 3325 2306 quem
3347 2236 3530 2290 videris
3558 2235 3819 2306 Spiritum

2221 2329 2601 2383 descendentem
2645 2327 2661 2360 ί
2683 2339 2732 2384 et
2758 2339 3040 2382 manentem
3066 2345 3216 2398 super
3237 2345 3370 2395 eum,
3401 2329 3482 2382 hic
3523 2337 3597 2383 est
3619 2328 3708 2398 qui
3729 2323 3818 2381 ba-

2229 2421 2384 2491 ptizat
2410 2421 2463 2474 in
2490 2419 2692 2491 Spiritu
2735 2429 2912 2473 sancto
2935 2418 3037 2489 (Ib.
3070 2415 3184 2490 35).
3216 2419 3355 2474 Duas
3383 2419 3539 2489 igitur
3568 2433 3695 2473 esse
3718 2428 3815 2487 ap-

2223 2513 2511 2582 paritiones
2533 2529 2598 2567 ex
2630 2513 2712 2567 his
2739 2512 2926 2582 liquet;
2949 2511 3044 2567 sed
3069 2526 3296 2582 quanam
3325 2511 3393 2566 de
3419 2525 3579 2566 causa
3607 2509 3818 2564 venerit

2221 2603 2286 2657 ad
2308 2603 2626 2672 baptismum
2649 2602 2914 2668 Christus,
2938 2617 3076 2658 nunc
3101 2617 3188 2657 res
3215 2602 3526 2672 postulatut
3548 2601 3814 2666 dicamus,

2221 2705 2271 2747 et
2295 2693 2360 2747 ad
2386 2708 2670 2763 quemnam
2697 2691 3016 2762 baptismum
3039 2692 3246 2747 venerit
3270 2709 3282 2746 :
3305 2708 3426 2747 nam
3449 2691 3622 2746 ethoc
3636 2706 3817 2760 operte

2220 2784 2451 2855 pretium
2500 2793 2580 2840 est
2624 2798 2948 2855 cognoscere
2971 2826 2986 2848 ,
3010 2793 3067 2839 ut
3095 2798 3225 2839 sane
3253 2784 3411 2839 etiam
3441 2781 3594 2838 illud.
3621 2782 3690 2837 Et
3714 2781 3816 2835 hoc

2223 2875 2371 2943 prius
2407 2875 2682 2929 caritatem
2724 2883 2955 2930 vestram
3003 2873 3202 2929 docere
3226 2883 3474 2943 oportet:
3499 2888 3626 2926 nam
3656 2880 3715 2927 et
3748 2886 3815 2927 ex

2223 2966 2324 3023 hoc
2349 2967 2476 3022 illud
2506 2967 2867 3038 intelligimus.
2898 2965 3178 3021 Judaicum
3205 2975 3319 3022 erat
3358 2965 3648 3035 baptisma,
3672 2963 3813 3035 quod

2221 3057 2409 3113 sordes
2451 3073 2735 3128 corporum
2767 3099 2782 3124 ,
2814 3073 2920 3112 non
2975 3067 3188 3128 peccata
3230 3072 3349 3127 quae
3387 3055 3442 3110 in
3484 3056 3814 3111 conscientia

2221 3148 2508 3217 resident,
2541 3148 2810 3204 abluebat.
2850 3147 3031 3218 Neque
3070 3149 3214 3202 enim
3260 3148 3303 3202 si
3331 3147 3448 3216 quis
3489 3146 3812 3201 adulterium

2219 3249 2606 3310 perpetrasset,
2633 3255 2808 3309 neque
2838 3239 2883 3295 si
2904 3240 3021 3310 quis
3063 3239 3185 3293 furti
3215 3253 3272 3294 se
3299 3239 3566 3310 alligassct
3587 3278 3607 3305 ,
3640 3252 3815 3306 neque

2219 3331 2264 3385 si
2289 3331 2408 3401 quis
2430 3331 2570 3385 aliud
2598 3331 2866 3402 quidpiam
2894 3331 3112 3387 sceleris
3139 3329 3460 3397 admisisset,
3485 3345 3608 3384 eum
3631 3329 3811 3384 crimi-

2220 3421 2375 3477 nibus
2403 3421 2654 3491 expiabat
2681 3439 2694 3474 :
2719 3421 2810 3476 sed
2857 3421 2900 3475 si
2929 3423 3047 3491 quis
3073 3429 3403 3475 mortuorum
3438 3435 3558 3474 ossa
3609 3420 3815 3489 tetigis-

2219 3525 2302 3570 set
2328 3557 2344 3582 ,
2371 3517 2416 3570 si
2441 3517 2560 3584 quis
2589 3517 2780 3570 veritos
2810 3531 2838 3568 a
2876 3516 2991 3585 lege
3021 3516 3170 3570 cibos
3199 3514 3572 3584 degustasset,
3607 3513 3654 3569 si
3693 3512 3811 3581 quis

2219 3623 2247 3661 a
2278 3609 2621 3677 corruptione
2648 3607 2972 3672 advenisset,
3000 3607 3046 3662 si
3074 3607 3193 3676 quis
3221 3621 3342 3660 cum
3373 3606 3600 3676 leprosis
3626 3617 3810 3660 versa-

2219 3709 2304 3752 tus
2343 3711 2520 3766 esset,
2554 3699 2867 3765 lavabatur,
2897 3707 2951 3753 et
2994 3696 3300 3753 immundus
3353 3705 3468 3752 erat
3522 3711 3698 3766 usque
3745 3694 3811 3749 ad

2219 3806 2516 3860 vesperam,
2536 3789 2727 3846 deinde
2755 3789 3124 3844 mundabatur.
3145 3788 3416 3842 Lavabitur
3439 3789 3591 3854 enim,
3620 3787 3807 3858 inquit,

2216 3899 2400 3952 corpus
2435 3884 2540 3953 ejus
2581 3899 2714 3952 aqua
2759 3882 2983 3946 munda,
3013 3891 3058 3934 et
3093 3881 3383 3935 immundus
3421 3881 3516 3934 erit
3559 3896 3721 3949 usque
3744 3879 3810 3930 ad

2215 3988 2495 4042 vesperam,
2525 3982 2571 4026 et
2597 3971 2926 4026 mandabitur
2947 3970 3133 4040 (Leuit.
3154 3972 3239 4027 15.
3272 3972 3326 4026 5.
3349 3987 3457 4042 sqq.
3481 3979 3528 4024 et
3551 3970 3668 4038 l5).
3695 3967 3808 4022 Non

2217 4064 2360 4119 enim
2391 4064 2506 4118 haec
2553 4080 2678 4120 vere
2706 4072 2979 4133 peccatum
3004 4073 3158 4120 erant
3192 4079 3365 4134 neque
3411 4063 3637 4132 pollutio
3665 4104 3682 4130 ,
3712 4061 3808 4117 sed

2216 4154 2360 4225 quod
2423 4154 2841 4225 imperfectiores
2896 4165 3080 4210 essent
3109 4196 3125 4222 ,
3155 4169 3250 4224 per
3277 4153 3537 4224 ejusmodi
3584 4169 3677 4209 res
3716 4166 3808 4207 eos

2216 4246 2452 4302 efficiens
2468 4245 2847 4316 religiosiores,
2869 4245 3008 4300 Deus
3035 4246 3100 4300 ad
3131 4245 3390 4315 majorum
3419 4260 3598 4300 rerum
3627 4244 3810 4300 obser-

2219 4339 2490 4392 vationem
2519 4338 2754 4408 aptiores
2782 4346 2838 4392 et
2867 4337 3232 4407 diligentiores
3258 4337 3385 4391 olim
3413 4335 3700 4391 reddebat.

2289 4431 2343 4486 5.
2376 4429 2625 4502 Baptismi
2650 4429 2954 4488 Judworum
2983 4440 3029 4484 et
3057 4429 3293 4502 baptismi
3319 4428 3538 4484 Joannis
3564 4430 3720 4484 ratio.
3740 4454 3809 4470 --

2218 4525 2402 4596 Itaque
2455 4524 2674 4580 Iudaica
2723 4525 2810 4579 ills
2859 4525 3073 4595 quidem
3118 4524 3351 4595 expiatio
3398 4538 3734 4595 nequaquam
3778 4537 3806 4574 a

2219 4616 2451 4689 peccatis
2491 4617 2773 4683 liberabat,
2805 4616 2898 4672 sed
2930 4631 2958 4670 a
2987 4618 3259 4686 corporeis
3288 4617 3534 4672 sordibus
3563 4625 3803 4677 tantum;

2218 4720 2400 4766 nostra
2425 4723 2554 4764 vero
2581 4709 2700 4762 talis
2724 4716 2970 4772 nonest,
3003 4707 3101 4764 sed
3125 4707 3292 4762 multo
3319 4709 3490 4776 major
3507 4747 3522 4770 ,
3555 4721 3623 4761 ac
3645 4705 3805 4761 multa

2215 4803 2382 4874 gratia
2420 4801 2620 4857 referta
2646 4813 2662 4852 :
2685 4815 2807 4854 nam
2833 4809 2887 4854 et
2920 4799 3113 4854 liberat
3137 4814 3166 4853 a
3195 4798 3426 4868 peccatis
3447 4839 3462 4861 ,
3492 4806 3548 4852 et
3573 4798 3802 4852 animam

2217 4893 2504 4960 emundat,
2548 4902 2602 4948 et
2637 4892 2864 4963 Spiritus
2891 4893 3116 4962 gratiam
3162 4891 3400 4961 largitur.
3429 4889 3654 4946 Joannis
3682 4902 3803 4943 vero

2217 4985 2479 5055 baptisma
2508 4985 2730 5040 Judaico
2750 4983 2962 5053 quidem
2986 4983 3154 5037 multo
3179 4982 3455 5038 sublimius
3483 4981 3603 5047 fuit,
3629 4980 3801 5035 humi-

2217 5078 2319 5132 lius
2353 5093 2483 5133 vero
2529 5087 2713 5131 nostro
2738 5117 2753 5142 ,
2801 5076 2962 5130 veluti
2995 5091 3130 5146 pons
3158 5075 3370 5145 quidam
3402 5074 3681 5144 utriusque
3712 5073 3799 5126 ha-

2217 5170 2480 5240 ptismatis
2519 5168 2675 5238 hujus
2700 5210 2714 5234 ,
2755 5168 2824 5223 ab
2861 5167 2952 5222 illo
2982 5167 3045 5220 ad
3079 5166 3217 5221 istud
3251 5181 3343 5235 per
3370 5181 3429 5222 se
3453 5166 3605 5236 quasi
3648 5179 3800 5220 manu

2217 5262 2418 5317 ducens
2443 5279 2456 5315 :
2481 5275 2589 5316 non
2621 5259 2764 5316 enim
2796 5275 2888 5314 eos
2919 5259 3100 5329 utique
3129 5258 3195 5312 ad
3225 5258 3654 5312 observatiOnem
3680 5271 3794 5310 cor-

2214 5355 2360 5424 poris
2401 5353 2769 5423 purgationum
2820 5351 3140 5415 inducebat,
3189 5350 3283 5406 sed
3322 5350 3389 5407 ab
3433 5350 3536 5404 illis
3578 5360 3798 5403 avocans

2215 5447 2595 5502 cohortabatur
2631 5455 2687 5500 et
2727 5443 3039 5499 consulebat
3062 5485 3078 5508 ,
3110 5452 3219 5497 uta
3247 5443 3376 5496 vitio
3407 5441 3798 5496 traducerentur

2213 5538 2278 5592 ad
2309 5538 2579 5604 virtutem,
2598 5545 2755 5606 atque
2780 5536 2833 5589 in
2855 5549 3076 5606 operum
3099 5543 3244 5590 recte
3271 5533 3421 5588 factis
3440 5547 3590 5604 spem
3618 5529 3795 5585 salutis

2212 5647 2318 5686 non
2364 5631 2418 5684 in
2459 5630 2685 5686 diversis
2723 5630 3004 5701 haptismis
3041 5637 3098 5684 et
3145 5641 3401 5698 aquarum
3441 5623 3790 5681 ablutionihus

2279 5747 2292 5774 ⁸
2330 5750 2431 5793 Duo
2455 5749 2583 5806 Mss,
2610 5740 2975 5800 descendentem
2993 5738 3131 5806 quasi
3146 5737 3428 5790 columbam.
