4066 6392
350 323 458 380 56⁷5

351 437 582 494 ἐνταῦθα
621 438 716 489 καὶ
756 435 915 490 τοῦτα
960 437 1258 508 παρέργως
1288 437 1667 506 συναγόμενοι,
1709 434 1803 487 καλ⁵
1840 432 1927 486 διά

354 521 646 592 συνήθειαν
678 521 894 590 ἑορτῆς,
933 521 993 572 οὐ
1030 523 1095 574 δι’
1129 519 1414 573 εὐλάϐειαν
1447 519 1645 589 ψυχῆς.
1687 519 1928 587 Ἀγαπη-

351 606 443 657 τὸν
473 606 582 674 γάρ
617 603 665 654 εἰ
708 601 828 654 καθ’
861 603 1098 673 ἑκάστην
1127 601 1348 666 σύναξιν
1379 601 1615 655 ἐνταῦθά
1639 617 1724 664 τις
1754 601 1930 652 ἀπαν-

352 688 462 740 τῶν
504 686 761 756 δυνηθείη
809 687 925 754 μετ’
963 685 1250 753 ἀκριϐείας
1293 686 1509 738 ἅπαντα
1544 683 1717 736 ταῦτα
1758 699 1929 734 κατα-

355 773 524 839 σχεῖν.
557 769 788 830 Οἰκέτας
835 768 987 837 ἕχετε
1022 767 1208 820 πολλοὶ
1239 767 1349 820 τῶν
1381 766 1617 820 ἐνταῦθα
1645 766 1929 836 παρόντων

354 853 449 904 καὶ
499 853 670 914 υἱοὺς,
705 852 800 904 καὶ
843 851 1128 920 μέλλοντες
1173 851 1370 912 αὐτοὺς
1412 848 1764 920 παραδιδόναι
1816 850 1928 910 τοῖς

354 936 461 988 τῶν
488 934 694 1004 τεχνῶν
736 936 1074 997 ἐπιστάταις.
1105 927 1179 986 ὧν
1212 933 1276 986 ἂν
1306 933 1534 993 ἕλοισθε,
1585 932 1680 985 καὶ
1723 929 1819 1002 τὴν
1854 932 1932 982 0!-

355 1018 480 1070 κίαν
511 1018 692 1079 αὐτοῖς
732 1017 831 1087 τὴν
866 1017 1138 1087 ὑμετέραν
1170 1016 1370 1071 ἄϐατον
1416 1019 1618 1068 ποιεῖτε
1650 1011 1926 1077 καθάπαξ,

357 1101 452 1154 καὶ
503 1099 801 1170 στρώματα
844 1101 938 1152 καὶ
975 1101 1181 1169 τροφὰς
1227 1101 1320 1153 καὶ
1353 1099 1451 1169 τὴν
1489 1098 1654 1168 ἄλλην
1709 1098 1930 1151 ἃπασαν

357 1184 542 1246 αὐτοῖς
591 1183 1112 1252 παρασκευάσαντες
1165 1181 1458 1241 διακονίαν,
1507 1181 1583 1251 τῷ
1627 1179 1930 1248 διδασκάλῳ

359 1264 806 1333 συγκατοικίζετε
835 1265 1191 1335 ἀπείργοντες
1231 1266 1427 1327 αὐτοὺς
1458 1263 1557 1332 τῆς
1585 1263 1762 1324 οἰκίας
1806 1263 1929 1313 ἐπι-

360 1348 563 1400 ϐαίνειν
593 1347 693 1414 τῆς
739 1347 1030 1416 ὑμετέρας,
1066 1348 1152 1398 ἵνα
1183 1348 1214 1416 ὴ
1253 1346 1482 1416 συνεχὴς
1530 1347 1646 1398 ἐκεῖ
1681 1342 1930 1415 διατριϐὴ

358 1429 457 1498 τὴν
485 1428 830 1481 διδασκαλίαν
860 1428 1249 1498 ἀκριϐεστέραν
1287 1430 1616 1498 ἐργάσηται,
1663 1427 1930 1497 μηδεμιᾶς

359 1513 636 1582 φροντίδος
679 1512 777 1583 τήν
825 1511 1015 1582 σχολὴν
1043 1511 1460 1582 διακοπτούσης.
1491 1512 1624 1564 Νυνὶ
1656 1512 1712 1563 δὲ
1739 1513 1800 1563 οὐ
1845 1510 1931 1563 τέ-

357 1614 488 1665 χνην
523 1598 620 1666 τὴν
657 1595 946 1666 τυχοῦσαν,
989 1595 1126 1648 ἀλλὰ
1172 1595 1270 1666 τὴν
1306 1597 1495 1649 πασῶν
1533 1595 1754 1666 μείζονα
1789 1612 1929 1666 μαν-

359 1678 539 1731 θάνειν
575 1679 878 1749 μέλλοντες,
913 1677 1028 1740 πῶς
1057 1678 1248 1748 ἀρέσαι
1287 1679 1363 1747 τῷ
1390 1679 1508 1749 Θεῷ
1553 1679 1652 1742 δεῖ,
1697 1679 1791 1730 καὶ
1821 1677 1930 1730 τῶν

357 1762 622 1832 οὐρανίων
670 1765 967 1832 ἐπιτυχεῖν,
1027 1763 1320 1832 παρέργως
1395 1762 1616 1833 ήγεῑσθε
1666 1760 1928 1814 δύνασθαι

357 1845 516 1898 τοῦτο
562 1843 710 1918 [5691
759 1845 1075 1916 κατορθοῦν.
1114 1846 1223 1898 Καὶ
1282 1845 1452 1916 πόσης
1503 1845 1663 1898 τοῦτο
1705 1845 1925 1911 ἀνοίας;

361 1929 484 1982 Ὀτι
521 1930 628 1999 γὰρ
658 1931 890 2000 μάθησις
915 1930 974 1982 τὸ
1002 1929 1237 1999 πρᾶγμά
1283 1930 1397 1981 ἐστι
1441 1927 1643 1997 πολλῆς
1677 1927 1929 1997 δεόμενον

356 2014 454 2082 τῆς
496 2014 787 2083 προσοχῆς,
827 2012 1058 2066 ἄκουσον
1085 2013 1136 2065 τί
1172 2028 1338 2082 φησι·
1373 2011 1601 2065 Μάθετε
1652 2012 1753 2065 ἀπ’
1781 2011 1928 2080 ἐμοῦ

357 2095 446 2149 ὅτι
503 2096 691 2164 πρᾶός
739 2099 888 2165 ειμι,
933 2097 1029 2150 καὶ
1074 2095 1350 2160 ταπεινὸς
1407 2094 1481 2162 τῇ
1540 2093 1782 2162 καρδίᾳ·
1833 2096 1928 2148 καὶ

358 2179 522 2231 πάλιν
549 2179 577 2230 ὁ
617 2181 931 2250 προφήτης’
962 2180 1160 2243 Δεῦτε,
1191 2180 1395 2243 τέκνα,
1425 2178 1732 2234 ἀκούσατέ
1769 2196 1888 2247 μου
1908 2193 1925 2209 ο

357 2263 547 2328 φόϐον
582 2263 800 2330 Κυρίου
835 2261 1052 2326 διδάξω
1090 2260 1278 2332 ὑμᾶς’
1323 2263 1418 2316 καὶ
1465 2262 1658 2315 πάλιν*
1696 2263 1741 2313 Σ
1745 2259 1926 2328 χολά-

356 2357 506 2396 σατε
532 2344 629 2397 καὶ
663 2343 868 2412 γνῶτε,
896 2345 982 2397 ὅτι
1018 2344 1131 2414 ἐγώ
1148 2347 1262 2412 ειμι
1288 2348 1320 2398 ὀ
1347 2345 1509 2410 Θεός.
1537 2345 1698 2398 Ὥστε
1729 2343 1930 2409 πολλῆς

359 2425 554 2495 σχολῆς
591 2427 748 2496 χρεία
777 2425 853 2496 τῷ
888 2426 1132 2496 μέλλοντι
1162 2427 1364 2499 ταύτης
1401 2426 1801 2482 ἀπολαύσεσθαι
1828 2425 1928 2496 τῆς

361 2509 699 2578 φιλοσοφίας.

432 2592 500 2662 β’.
520 2592 679 2646 Ἀλλά
699 2591 828 2663 γάρ,
855 2592 940 2645 ἵνα
963 2591 1036 2662 μὴ
1055 2593 1146 2646 τὸν
1161 2593 1349 2663 χρόνον
1367 2593 1666 2657 ἂπανταείς
1683 2593 1846 2662 ἐγκλη
1855 2610 1929 2663 μα

355 2684 464 2738 τῶν
485 2684 828 2755 ἀπολιμπανο
835 2683 1011 2752 μένων
1029 2685 1414 2757 ἀναλώσωμεν,
1444 2686 1800 2757 ἀρκεσθέντες
1818 2687 1930 2749 τοῖς

356 2775 666 2846 εἰρημένοις
710 2777 789 2839 εἰς
829 2775 927 2846 τὴν
964 2777 1065 2846 τῆς
1113 2775 1337 2849 [αὐτῶν]
1385 2778 1608 2830 ἐκείνων
1661 2776 1928 2848 ῥᾳθυμίας

353 2867 656 2940 διόρθωσιν,
689 2869 820 2939 φέρε
868 2886 919 2922 τι
966 2871 1217 2941 περὶτῆς
1247 2869 1526 2941 παρούσης
1557 2870 1750 2940 ἑορτῆς
1783 2870 1932 2938 φιλο-

359 2961 705 3032 σοφήσωμεν.
736 2961 928 3014 Πολλοὶ
962 2962 1070 3035 γάρ
1103 2963 1200 3025 τὰς
1236 2963 1334 3032 μὲν
1364 2961 1556 3034 ἑορτάς
1593 2961 1802 3031 ἄγουσι,
1837 2961 1932 3015 καὶ

354 3054 426 3106 τὰ
461 3054 699 3125 ὀνόματα
747 3055 924 3109 αὐτῶν
977 3057 1158 3120 ῐσασι,
1207 3057 1306 3117 τὰς
1352 3056 1408 3109 δὲ
1445 3056 1758 3120 ὑποθέσεις,
1808 3055 1930 3110 ὅθεν

360 3144 680 3216 ἐτέχθησαν.
729 3145 1034 3214 ἀγνοοῦσιν.
1066 3147 1190 3199 ’Ότι
1246 3147 1345 3216 μὲν
1383 3142 1474 3200 οὖν
1529 3147 1846 3217 Ἐπιφάνεια
1895 3147 1928 3218 ή

363 3236 603 3307 παροῦσα
634 3236 848 3304 λέγεται
897 3237 1092 3307 ἑορτὴ,
1134 3237 1289 3307 δῆλόν
1344 3238 1460 3290 ἐστι
1513 3239 1681 3291 πᾶσι·
1729 3238 1812 3303 τίς
1864 3239 1923 3292 δέ

355 3328 502 3380 ἐστιν
532 3329 564 3398 ή
596 3328 881 3395 ἐπιφάνεια
924 3327 1094 3398 αὕτη,
1137 3330 1228 3381 καὶ
1266 3328 1489 3401 πότερον
1525 3331 1624 3401 μία
1655 3331 1737 3394 τίς
1782 3333 1929 3383 ἐστιν

356 3419 389 3487 ἢ
423 3418 536 3481 δύο,
567 3418 723 3470 τοῦτο
750 3419 849 3471 οὐκ
888 3417 966 3471 ἑτι
997 3420 1172 3472 ίσασιν
1193 3437 1205 3450 ·
1239 3421 1376 3492 ὅπερ
1403 3422 1636 3492 ἐσχάτης
1665 3422 1928 3493 αἰσχύνης

357 3505 424 3558 ἂν
461 3505 544 3574 εἴη
583 3507 677 3558 καὶ
718 3505 914 3558 πολλοῦ
965 3505 1067 3567 τοῦ,
1107 3507 1500 3574 καταγέλωτος,
1553 3509 1674 3562 καθ’
1700 3511 1927 3564 ἕκαστον

356 3593 601 3646 ἐνιαυτὸν
639 3593 738 3664 τὴν
785 3593 975 3664 ἑορτὴν
1003 3594 1204 3664 ταύτην
1235 3596 1497 3664 ἄγοντας,
1540 3596 1638 3665 τὴν
1673 3598 1926 3652 ὐπόθεσιν

355 3685 525 3754 αὐτῆς
577 3686 810 3752 ἀγνοεῖν.
865 3684 1089 3756 Πρῶτον
1145 3686 1242 3755 μὲν
1285 3681 1378 3740 οὖν
1413 3689 1708 3756 ἀναγκαῖον
1754 3692 1927 3742 εἰπεῖν

357 3780 496 3850 πρὸς
526 3779 623 3850 τὴν
667 3777 935 3849 ὑμετέραν
981 3779 1222 3849 ἀγάπην,
1270 3780 1351 3832 ὃτι
1400 3780 1460 3833 οὐ
1503 3779 1602 3850 μία
1648 3780 1731 3842 τίς
1782 3782 1928 3834 ἐστιν

356 3873 668 3941 ἐπιφάνεια,
714 3871 847 3924 ἀλλά
879 3869 1001 3923 δύο*
1051 3871 1148 3941 μία
1186 3871 1342 3941 μένὴ
1383 3871 1630 3942 παροῦσα
1663 3871 1798 3942 αὐτη
1835 3873 1928 3925 καὶ

354 3963 641 4034 γενομένη,
679 3961 903 4031 δευτέρα
935 3962 991 4014 δὲ
1018 3965 1050 4032 ἠ
1092 3962 1356 4032 μέλλουσα
1385 3964 1478 4015 καὶ
1507 3962 1648 4016 κατὰ
1678 3961 1775 4033 τὴν
1807 3981 1928 4016 συν-

355 4055 568 4108 τέλειαν
621 4053 844 4118 ἐνδόξως
901 4052 1261 4122 γενησομένη.
1309 4055 1418 4106 Καὶ
1475 4053 1602 4124 περὶ
1662 4054 1928 4125 ἑκατέρας

355 4145 534 4199 αὐτῶν
559 4143 824 4213 ἠκούσατε
855 4143 1092 4212 σήμερον
1125 4142 1339 4195 Παύλου
1369 4143 1512 4214 Τίτῳ
1545 4144 1925 4214 διαλεγομένου

356 4234 451 4287 καὶ
488 4233 734 4300 λέγοντος
775 4230 946 4283 οὐτωο
987 4231 1114 4302 περὶ
1162 4233 1258 4302 μὲν
1299 4231 1400 4302 τῆς
1439 4234 1747 4305 παρούσης’
1792 4235 1925 4290 Ἐπο

356 4327 547 4395 agam
585 4325 622 4391 ή
653 4323 758 4376 τοῦ
807 4321 954 4376 Θεοῦ
998 4324 1170 4392 χάρις
1205 4324 1242 4390 ἡ
1272 4321 1565 4392 σωτήριος
1603 4323 1793 4379 πᾶσιν
1820 4327 1926 4381 ἀν-

357 4418 627 4486 θρώποις,
656 4415 1026 4469 παιδεύουσα
1050 4413 1226 4485 ἡμᾶς,
1249 4416 1350 4469 ἵνα
1377 4415 1783 4487 ἀρνησάμενοι
1812 4419 1926 4488 τὴν

357 4511 638 4566 ἀσέϐειαν
664 4509 761 4562 καὶ
793 4509 901 4574 τὰς
929 4507 1221 4577 κοσμικὰς
1244 4507 1576 4578 ἐπιθυμίας,
1604 4512 1926 4580 σωφρόνως

357 4605 457 4660 καὶ
506 4603 746 4666 δικαίως
785 4600 880 4653 καὶ
932 4598 1194 4664 εὐσεϐῶς
1241 4597 1511 4671 ζήσωμεν
1565 4601 1636 4655 ἐν
1687 4599 1770 4667 τῷ
1810 4601 1928 4656 νῦν

355 4691 550 4748 αἰῶνιο
583 4690 713 4762 περὶ
733 4689 791 4743 δὲ
816 4690 913 4759 τῆς
946 4687 1244 4759 μελλούσης
1267 4705 1280 4718 ·
1313 4689 1788 4759 Προσδεχόμενοι
1812 4692 1927 4760 τὴν

351 4782 650 4854 μακαρίαν
681 4779 900 4834 ἐλπίδα
941 4779 1040 4832 καί
1076 4778 1428 4847 ἐπιφάνειαν
1459 4780 1569 4848 τῆς
1604 4781 1789 4848 δόξης
1817 4783 1924 4836 τοῦ

352 4871 618 4941 μεγάλου
665 4869 812 4922 Θεοῦ
863 4869 960 4921 καὶ
1008 4867 1282 4936 Σωτῆρος
1340 4868 1508 4938 ήμῶν
1557 4870 1750 4937 Ἰησοῦ
1794 4874 1925 4941 Χρι-

354 4963 526 5018 στοῦ.
553 4961 660 5015 Καὶ¹
690 4963 718 5013 ό
751 4961 1032 5030 προφήτης
1057 4960 1112 5012 δὲ
1143 4960 1270 5030 περὶ
1301 4960 1468 5030 αὐτῆς
1500 4961 1714 5032 ἐκείνης
1742 4962 1923 5032 ἔλεγεν

353 5055 557 5118 οὕτως·
601 5055 656 5106 Ὀ
705 5053 876 5119 ἥλιος
917 5052 1474 5122 μεταστραφήσεται
1526 5055 1614 5119 είς
1668 5055 1920 5122 σκότος,

356 5149 453 5201 καὶ
497 5150 536 5216 ή
563 5147 795 5213 σελήνη
825 5149 912 5210 είς
950 5138 1109 5211 alyn,
1150 5145 1292 5209 πρὶν
1324 5144 1525 5198 ἐλθεῖν
1555 5145 1672 5213 τὴν
1695 5147 1925 5216 ἡμέραν

355 5240 577 5308 Κυρίου
634 5240 745 5306 τὴν
787 5235 1060 5307 μεγάλην
1107 5237 1202 5288 καί
1253 5235 1535 5305 ἐπιφανῆ.
1575 5237 1733 5292 Ἀλλά
1779 5239 1922 5303 τίνος

353 5333 538 5384 ἕνεκεν
575 5331 693 5400 οὐχ).
741 5333 774 5402 ή
809 5331 987 5401 ἡμέρα
1037 5328 1159 5382 καθ’
1186 5330 1252 5399 ἥν
1290 5329 1505 5399 ἐτέχθη,
1533 5328 1646 5382 ἀλλ’
1675 5331 1706 5401 ή
1739 5332 1923 5402 ἡμέρα

353 5422 473 5475 καθ’
511 5425 576 5493 ἢν
627 5421 946 5491 ἐϐαπτίσθη,
997 5419 1284 5489 ἐπιφάνεια
1326 5418 1573 5487 λέγεται;
1608 5419 1758 5492 Αὐτη
1813 5423 1922 5493 γάρ

349 5515 500 5570 ἐστιν
547 5516 582 5586 ή
636 5516 816 5586 ἡμέρα
871 5513 991 5568 καθ’
1031 5513 1100 5584 ἣν
1133 5511 1480 5578 ἑϐαπτίσατο,
1527 5512 1622 5565 καὶ
1655 5513 1754 5585 τὴν
1813 5515 1921 5568 τῶν

355 5680 437 5758 ﬂ“
472 5677 589 5754 'Duo
631 5694 742 5755 πιςε.
787 5680 1103 5744 ὑδρευόμενοι.
1145 5676 1315 5726 Mare].
1367 5677 1721 5740 ὑδρευσάμενοι.
1766 5679 1916 5730 Savll.

351 5759 616 5791 υῦεευονται
639 5759 733 5790 και.

1425 389 1440 418 ι
1487 319 1576 374 DE
1613 313 1954 372 BAPTISMO
1989 311 2290 370 CHRISTI.

3493 315 3604 371 566

2031 429 2237 482 ὑδάτων
2271 427 2464 497 ήγίασε
2512 428 2688 496 φύσιν.
2716 428 2814 484 Διά
2840 444 2922 481 τοι
2953 426 3111 482 τοῦτο
3151 429 3244 482 καὶ
3286 427 3344 480 ἐν
3375 445 3606 497 μεσονυ-

2029 520 2162 590 κτίῳ
2195 519 2336 574 κατά
2377 521 2474 593 τὴν
2503 521 2693 592 ἑορτὴν
2742 522 2948 590 ταύτην
2981 521 3220 582 ἅπαντες
3265 520 3603 591 ὑδρευσάμε-

2029 630 2109 667 νοι
2135 625 2159 652 ι·
2191 611 2371 666 οἴκαδε
2397 613 2465 665 τὰ
2490 613 2703 682 νάματα
2732 612 3099 677 ἀποτίθενται,
3130 613 3224 666 καὶ
3253 614 3333 674 είς
3362 613 3612 667 ἐνιαυτὸν

2027 705 2320 776 ὁλόκληρον
2346 704 2725 774 φυλάττουσιν,
2758 708 2854 762 άτε
2885 708 2948 778 δὴ
2975 707 3214 777 σήμερον
3239 704 3611 772 άγιασθέντων

2026 791 2134 844 τῶν
2171 791 2412 844 ὑδάτωνο
2457 791 2554 844 καὶ
2599 791 2661 844 τὸ
2714 794 2940 863 σημεῖον
3003 793 3216 860 γίνεται
3269 791 3500 863 ἐναργὲς
3548 791 3611 845 οὐ

2026 878 2480 948 διαφθειρομένης
2507 879 2608 949 τῆς
2637 879 2747 932 τῶν
2771 861 2998 934 ⁷ὑδάτων
3028 880 3252 933 ἐκείνων
3283 861 3498 948 φύσεως
3533 879 3614 952 τῷ

2031 967 2194 1035 μήκει
2235 964 2328 1017 τού
2377 965 2590 1035 χρόνου,
2639 966 2754 1019 ἀλλ’
2779 969 2858 1029 εἰς
2901 966 3144 1020 ἐνιαυτὸν
3188 965 3481 1036 ὁλόκληρον
3518 969 3614 1022 καὶ

2027 1053 2122 1105 δύο
2161 1052 2257 1105 καὶ
2293 1054 2418 1124 τρία
2445 1053 2706 1117 πολλάκις
2740 1054 2834 1124 ἐτη
2866 1055 2958 1107 τοῦ
2989 1056 3226 1124 σήμερον
3255 1053 3614 1123 ἀντληθέντος

2029 1137 2217 1200 ὓδατος
2277 1136 2535 1207 ἀκεραίου
2585 1139 2681 1190 καὶ
2735 1139 2930 1210 νεαροῦ
2987 1139 3275 1218 μένοντος,
3331 1140 3425 1190 καὶ
3473 1137 3612 1208 μετὰ

2026 1224 2280 1276 τοσοῦτον
2310 1224 2500 1294 χρόνον
2531 1227 2644 1286 τοῖς
2681 1225 2807 1295 άρτι
2834 1226 2942 1278 τῶν
2973 1224 3163 1295 πηγῶν
3191 1223 3611 1294 ἑξαρπασθείσιν

2029 1310 2212 1364 ὕδασιν
2260 1310 2659 1382 ἁμιλλωμένου.
2690 1311 2844 1374 Τίνος
2885 1307 2976 1364 οὖν
3020 1311 3204 1364 ἕνεκεν
3236 1311 3376 1380 αὐτη
3412 1313 3610 1381 ἐπιφά-

2028 1415 2147 1451 νεια
2182 1398 2434 1466 λέγεται;
2476 1397 2692 1468 Ἐπειδὴ
2741 1399 2839 1468 οὐχ
2881 1398 2967 1450 ὅτε
3001 1398 3226 1469 ἐτέχθη,
3271 1398 3391 1450 τότε
3445 1401 3610 1452 πᾶσιν

2028 1488 2242 1555 ἐγένετο
2285 1485 2603 1556 κατάδηλος,
2631 1487 2748 1540 ἀλλ’
2773 1488 2861 1539 ὅτε
2908 1486 3269 1539 ἐϐαπτίσατο·
3303 1486 3462 1557 μέχρι
3501 1488 3610 1555 γάρ

2025 1573 2229 1642 ταύτης
2262 1575 2507 1644 ἠγνοεῖτο
2535 1575 2634 1643 τῆς
2665 1573 2878 1645 ἡμέρας
2927 1577 3038 1636 τοῖς
3089 1573 3320 1635 πολλοῖς.
3368 1574 3477 1626 Καὶ
3527 1574 3608 1626 ὃτι

2025 1663 2251 1730 ἠγνόουν
2280 1663 2440 1714 αὐτὸν
2467 1664 2516 1714 ot
2550 1662 2756 1728 πολλοὶ,
2785 1664 2878 1714 καὶ
2910 1663 3010 1714 οὐκ
3045 1661 3266 1732 ᾔδεισαν
3294 1661 3441 1724 ὅστις
3479 1660 3609 1713 ποτὲ

2026 1745 2122 1819 ἦν,
2173 1749 2405 1802 ἄκουσον
2478 1748 2570 1801 τοῦ
2640 1749 2944 1801 Βαπτιστοῦ
3003 1748 3249 1802 Ἰωάννου
3317 1747 3605 1816 λέγοντος⁶

2025 1839 2227 1902 Μέσος
2266 1835 2416 1908 [570]
2447 1835 2610 1905 ὑμῶν
2633 1836 2917 1904 ἕστηκεν,
2947 1835 3020 1889 ὃν
3045 1836 3214 1906 ὑμεῖς
3245 1838 3355 1889 οὐκ
3384 1835 3604 1889 οῖδατε.

2029 1927 2136 1977 Καὶ
2171 1926 2223 1976 τί
2270 1926 2581 1994 θαυμαστὸν
2625 1926 2674 1977 εἰ
2725 1924 2873 1976 ἄλλοι
2919 1925 3169 1994 ἠγνόουν,
3215 1925 3350 1977 ὅπου
3403 1939 3467 1992 γε
3515 1924 3610 1976 καὶ

2027 2013 2186 2075 αὐτὸς
2221 2015 2248 2065 ό
2296 2013 2604 2083 Βαπτιστης
2649 2013 2810 2065 αὐτὸν
2859 2012 3044 2080 ἠγνόει
3086 2015 3188 2074 ἑως
3241 2012 3340 2080 τῆς
3396 2011 3609 2082 ἡμέρας

2028 2100 2278 2169 ἐκείνης;
2324 2099 2433 2150 Καὶ
2467 2101 2575 2169 γάρ
2604 2097 2739 2166 ἐγὼ,
2791 2101 2976 2168 φησὶν,
3020 2099 3132 2152 οὐκ
3184 2097 3355 2167 ᾔδειν
3397 2099 3606 2162 αὐτὸν,

2025 2188 2162 2242 ἀλλ’
2192 2192 2223 2240 d
2267 2187 2510 2255 πέμψας
2539 2203 2616 2254 με
2663 2187 2976 2249 βαπτίζειν
3021 2187 3090 2238 ὲν
3140 2185 3335 2249 ὕδατι,
3379 2183 3610 2250 ἐκεῖνός

2021 2292 2124 2343 μοι
2165 2271 2362 2328 εἶπεν·
2407 2275 2524 2342 Ἐφ’
2556 2273 2628 2326 ὃν
2659 2273 2736 2326 ἂν
2783 2273 2918 2340 16ης
2946 2273 3014 2324 τὸ
3051 2272 3297 2340 Πνεῦμα
3334 2271 3608 2324 καταϐαῖ-

2025 2379 2136 2415 νον
2159 2362 2211 2427 ι),
2242 2362 2339 2414 καί
2362 2361 2553 2430 μένον
2580 2361 2672 2413 ἐπ’
2695 2362 2902 2425 αὐτὸν,
2934 2357 3110 2426 οὗτός
3139 2360 3310 2413 ἐστιν
3335 2364 3366 2412 o'
3388 2361 3608 2424 ,βαπτί-
3673 2423 3676 2427 λ

2026 2448 2136 2508 ζων
2175 2449 2246 2502 ἐν
2291 2451 2587 2518 Ιινεύματι
2619 2451 2784 2517 ἁγίῳ.
2823 2449 2945 2501 ’ὐτι
2999 2449 3098 2519 μὲν
3144 2444 3237 2502 οὖν
3287 2449 3604 2518 ἐπιφάνειαι

2025 2537 2138 2599 δύο,
2181 2536 2338 2606 δῆλον
2393 2540 2457 2589 ἐκ
2505 2535 2739 2588 τούτων·
2787 2536 2930 2598 τίννς
2969 2537 3026 2588 δὲ
3059 2536 3245 2590 ἐνεκεν
3278 2537 3371 2590 ἐπὶ
3417 2536 3477 2589 τὸ
3508 2536 3606 2606 βά-

2026 2640 2236 2694 πτισμα
2260 2626 2476 2695 ἐρχεται
2501 2626 2528 2674 ὁ
2557 2624 2811 2694 Χριστὸς,
2835 2625 3132 2692 ἀναγκαῖον
3157 2627 3350 2687 εἰπεῖν,
3379 2624 3474 2677 καὶ
3513 2624 3607 2676 ἐπὶ

2027 2714 2176 2764 ποῖον
2199 2713 2417 2781 ἔρχεται
2439 2713 2720 2781 βάπτισμα
2738 2727 2749 2738 ·
2778 2717 2869 2764 καὶ
2893 2712 2999 2782 γὰρ
3025 2712 3114 2763 καὶ
3137 2710 3292 2763 τοῦτο
3312 2712 3606 2778 ἀναγκαῖον

2027 2798 2244 2862 εἰδέναι,
2268 2799 2460 2868 ῶσπερ
2490 2794 2581 2850 οὖν
2623 2799 2862 2851 κάκεῖνο.
2891 2800 3001 2851 Καὶ
3031 2797 3186 2851 τοῦτο
3221 2798 3484 2869 πρότερον
3529 2798 3607 2850 δι-

2026 2885 2183 2950 δάξαι
2225 2887 2330 2956 χρὴ
2377 2889 2476 2957 τὴν
2522 2885 2792 2955 ὑμετέραν
2825 2886 3078 2956 ἀγάπην·
3111 2885 3218 2938 ἀπὸ
3259 2885 3370 2958 γὰρ
3412 2886 3603 2940 τούτου

2029 2978 2250 3030 κάκεῖνο
2297 2976 2576 3046 εἰσόμεθα.
2629 2976 2919 3047 Βάπτισμα
2973 2975 3040 3047 ἦν
3084 2978 3145 3029 τὺ
3190 2977 3494 3038 Ἰουδαϊκὸν,
3545 2977 3608 3028 τὸ

2029 3065 2214 3136 ρύπων
2254 3063 2579 3135 σωματικῶν
2613 3064 2974 3125 ἀπαλλάττον,
3005 3065 3064 3116 οὐ
3094 3064 3204 3116 τῶν
3229 3066 3372 3118 κατὰ
3403 3065 3463 3117 τὸ
3491 3081 3608 3118 συν·

2028 3153 2166 3217 ειδὸς
2225 3153 2656 3224 ἁμαρτημάτων.
2700 3152 2772 3204 υύ
2822 3152 2929 3222 γάρ
2979 3153 3033 3203 εῖ
3075 3169 3160 3216 τις
3198 3152 3442 3224 μοιχείαν
3489 3155 3604 3223 εἰρ-

2027 3242 2251 3309 γάσατο,
2288 3242 2410 3293 οὐδὲ
2450 3241 2501 3291 εί
2537 3257 2616 3302 τις
2663 3240 2868 3310 κλοπὴν
2916 3241 3236 3312 ἐτόλμησεν,
3277 3242 3397 3294 οὐδὲ
3429 3242 3482 3294 εἰ
3522 3258 3606 3304 τις

2029 3329 2156 3382 ἄλλο
2182 3346 2232 3381 τι
2263 3327 2500 3381 τοιοῦτον
2534 3328 2938 3398 παρηνόμησεν,
2969 3327 3304 3398 ἀπήλλαττεν
3322 3328 3481 3380 αὐτὸν
3497 3328 3606 3382 τῶν

2026 3418 2384 3488 ἐγκλημάτων
2405 3433 2417 3445 ·
2450 3416 2563 3469 ἀλλ’
2591 3418 2640 3468 εἰ
2667 3434 2750 3479 τις
2779 3417 2948 3470 ὀστῶν
2979 3417 3156 3487 ἥψατο
3189 3418 3418 3490 νεκρῶν,
3448 3417 3499 3469 εἰ
3522 3435 3606 3481 τις

2029 3508 2104 3577 μὴ
2132 3505 2523 3575 νενομισμένης
2551 3505 2813 3572 ἐγεύσατο
2842 3507 3068 3576 τροφῆς,
3100 3504 3153 3556 εἴ
3179 3523 3263 3568 τις
3298 3509 3360 3558 ἐκ
3401 3507 3604 3577 φθορᾶς

2027 3593 2370 3664 παρεγένετο,
2415 3593 2468 3644 εἴ
2504 3609 2587 3655 τις
2617 3592 2834 3663 λεπροῖς
2877 3594 3204 3661 συνεγίνετο,
3238 3593 3472 3658 ἐλούετο,
3509 3597 3603 3648 καὶ

2027 3682 2187 3752 μέχρι
2215 3683 2312 3752 τῆς
2345 3681 2585 3753 ἑσπέρας
2635 3683 2941 3752 ἀκάθαρτος
2971 3678 3062 3752 ἦν,
3107 3677 3226 3734 εἶτα
3259 3681 3598 3756 ἐκαθαίρετο.

2024 3770 2315 3821 Λούσεται
2354 3767 2462 3837 γὰρ
2492 3770 2555 3821 τι)
2585 3767 2756 3837 σῶμα
2783 3767 2967 3822 αὑτοῦ
2996 3770 3167 3822 ὕδατι
3212 3771 3466 3840 καθαρῷ,
3498 3789 3604 3842 φη-

2026 3858 2129 3920 σὶν,
2166 3857 2261 3908 καὶ
2304 3857 2638 3922 ἀκάθαρτος
2675 3856 2844 3908 ἐσται
2885 3855 2996 3921 ἕως
3039 3855 3320 3924 ἑσπέρας,
3360 3857 3458 3910 καὶ
3492 3874 3600 3910 και

2025 3945 2469 4013 θαρισθήσεται.
2509 3946 2582 3998 Οὐ
2628 3947 2737 4016 γὰρ
2767 3944 2981 4015 άληθῶς
3034 3946 3276 4017 ἁμαρτία
3320 3945 3489 3998 ταῦτα
3532 3941 3601 4017 ἦν

2023 4034 2145 4085 οὐδέ
2183 4034 2515 4105 ἀκαθαρσία,
2555 4033 2688 4085 ἀλλά
2723 4033 3108 4104 ἀτελεστέρους
3160 4034 3318 4096 ὄντας
3361 4033 3448 4087 διά
3491 4035 3601 4086 τῶν

2023 4122 2277 4178 τοιούτων
2307 4126 2475 4177 ποιῶν
2507 4123 2931 4196 εὐλαϐεστέρους
2954 4127 2982 4177 ό
3016 4124 3170 4187 Θεὸς,
3205 4125 3341 4194 πρὸς
3368 4127 3467 4195 τὴν
3491 4124 3600 4179 τῶν

2027 4213 2287 4282 μειζόνων
2329 4216 2709 4284 παρατήρησιν
2759 4211 3178 4282 ἀκριϐεστέρους
3223 4210 3427 4264 ἄνωθεν
3458 4228 3600 4282 παρ-

2023 4300 2308 4356 εσκεύασε.

2097 4392 2168 4458 γ’.
2197 4391 2268 4442 Τὸ
2297 4390 2395 4458 μὲν
2421 4384 2512 4441 οὖν
2545 4387 2834 4441 Ἰουδαϊκὸν
2866 4388 3160 4459 καθάρσιον
3187 4389 3598 4459 ἁμαρτημάτων

2026 4485 2124 4554 μὲν
2157 4481 2258 4532 οὐκ
2280 4476 2606 4546 ἀπήλλαττε,
2639 4473 2822 4544 ρύπων
2859 4476 2916 4528 δὲ
2948 4477 3271 4545 σωματικῶν
3316 4477 3498 4548 μόνον,
3535 4478 3597 4530 τὸ

2021 4571 2078 4623 δὲ
2125 4568 2393 4638 ἡμέτερον
2444 4565 2506 4616 οὐ
2552 4562 2814 4630 τοιοῦτον,
2857 4564 2992 4616 ἀλλά
3041 4565 3222 4636 πολλῷ
3277 4567 3458 4636 μεῖζον
3502 4567 3598 4620 καὶ⁵

2023 4657 2218 4726 πολλῆς
2257 4654 2426 4722 γέμον
2460 4652 2677 4721 χάριτος
2698 4668 2711 4680 ·
2745 4651 2838 4704 καὶ
2861 4651 2967 4721 γάρ
2995 4652 3406 4724 ἁμαρτημάτων
3429 4656 3598 4708 ἀπαλ-

2022 4747 2223 4804 λάττει,
2253 4742 2346 4795 καὶ
2373 4739 2547 4808 ψυχὴν
2573 4739 2903 4810 ἀποσμήχει,
2940 4741 3032 4792 καὶ
3063 4741 3376 4810 Πνεύματος
3416 4742 3596 4798 δίδωσι

2023 4831 2306 4904 χορηγίαν.
2351 4826 2424 4878 Τὸ
2482 4825 2538 4876 δὲ
2586 4825 2678 4878 τοῦ
2719 4827 2962 4878 Ἰωάννου
3030 4828 3121 4880 τοῦ
3169 4830 3267 4899 μὲν
3305 4830 3594 4887 Ἰουδαῖκοῦ

2025 4920 2228 4989 σφόδρα
2257 4913 2583 4986 ὑψηλότερον
2606 4909 2692 4984 ἦν,
2717 4915 2807 4966 τοῦ
2829 4915 2885 4966 δὲ
2909 4917 3173 4988 ἡμετέρου
3194 4920 3593 4994 ταπεινότερον,

2022 5007 2272 5076 καθάπερ
2298 5003 2513 5072 γέφυρά
2537 5018 2618 5065 τις
2646 5000 2703 5054 ὃν
2728 5004 3000 5073 ἑκατέρων
3032 5006 3234 5058 τούτων
3261 5008 3367 5060 τῶν
3403 5010 3594 5078 βαπτι-

2025 5096 2269 5165 σμάτων,
2297 5091 2390 5145 ἀπ’
2411 5092 2630 5146 ἁκείνου
2658 5090 2789 5161 πρὸς
2821 5091 2977 5143 τούτο
3005 5091 3071 5144 δι’
3100 5093 3290 5146 ἑαυτοῦ
3330 5112 3596 5166 χειραγω-

2022 5184 2179 5253 γοῦνο
2217 5183 2277 5233 οὐ
2316 5179 2424 5250 γὰρ
2452 5179 2516 5248 δὴ
2551 5180 2626 5240 εἰς
2659 5181 2914 5249 παρατήρ
2938 5196 3038 5248 ,σ.ν
3081 5182 3378 5252 καθαρμῶν
3411 5202 3595 5254 εωμα-

2021 5271 2187 5326 τικῶν
2215 5269 2410 5332 αὐτοὺς
2444 5268 2657 5336 ἐνῆγεν,
2699 5267 2813 5320 ἀλλ’
2849 5269 3162 5339 ἀποστῆσαν
3197 5269 3419 5323 ἐκείνων
3449 5290 3592 5344 παρ-

2020 5362 2138 5432 ῄνει
2188 5360 2281 5411 καὶ
2341 5356 2691 5409 συνεϐούλευε
2747 5356 3068 5425 μεταϐαλεῖν
3117 5358 3226 5410 ἀπὸ
3275 5359 3470 5422 κακίας
3514 5364 3593 5424 εἰς

2021 5447 2240 5519 ἀρετὴν,
2292 5445 2384 5497 καὶ
2430 5446 2485 5496 ἐν
2534 5448 2643 5506 τοῖς
2687 5444 2795 5496 τῶν
2841 5445 3016 5515 ἔργων
3058 5446 3444 5518 κατορθώμασι
3498 5448 3596 5510 τὰς

2021 5537 2237 5598 ἐλπίδας
2267 5535 2365 5605 τῆς
2406 5534 2676 5604 σωτηρίας
2704 5534 2866 5604 ἔχειν,
2899 5537 2997 5588 οὐκ
3025 5537 3081 5588 ἐν
3122 5536 3448 5608 βαπτισμοῖς
3482 5538 3597 5591 δια-

2083 5734 2112 5775 ιι
2139 5736 2245 5785 Duo
2272 5749 2368 5786 mss
2414 5736 2697 5790 καταϐαῖνον
2722 5737 2836 5786 ὡσεί
2857 5739 3153 5802 περιστεράν.
