4066 6392
477 283 588 340 367

472 405 660 474 φόροις
683 399 780 455 καὶ
806 400 1107 474 καθαρμοτς
1141 402 1368 456 ὑδάτων.
1400 402 1476 456 Οὐ
1506 401 1614 473 γὰρ
1640 401 1816 469 ἔλεγε·
1846 398 2053 453 Πλῦνον

468 486 541 540 τὰ.
582 484 776 556 ἱμάτιά
829 501 946 546 σου,
988 484 1083 538 καὶ
1120 483 1312 538 λοῦσον
1341 485 1403 539 16
1442 484 1604 555 σῶμά
1657 501 1772 547 σου,
1819 483 1915 537 καὶ
1954 481 2056 555 ἔσῃ

472 568 738 640 καθαρός·
782 567 919 622 ἀλλὰ
965 568 1048 632 τί;
1102 566 1404 634 Ποιήσατε
1449 566 1683 635 καρπὸν
1728 565 1904 630 ἀξιον
1947 562 2056 633 τῆς

463 652 806 722 μετανοίας.
840 652 948 704 Καὶ
980 650 1119 705 κατὰ
1153 649 1310 703 τοῦτο
1336 650 1668 722 ὑψηλότερον
1701 644 1769 720 ἦν
1796 646 1892 702 τοῦ
1926 648 2058 701 Ἰου-

469 734 682 800 δαϊκοῦ,
707 734 803 788 τοῦ
830 734 887 786 δὲ
916 733 1185 805 ἡμετέρου
1231 733 1613 805 ταπεινότερον
1636 749 1647 761 ·
1682 732 1869 802 ἐπειδὴ
1917 733 2056 802 μήτε

472 817 699 889 Πνεῦμα
733 816 886 885 ἅγιον
938 816 1110 869 ἐδίδου
1143 816 1203 868 16
1265 815 1551 887 βάπτισμα
1600 815 1871 880 Ἰωάννου,
1919 816 2054 885 μήτε

472 900 569 972 τὴν
600 900 688 953 διὰ
715 898 815 970 τῆς
847 898 1067 971 χάριτος
1099 901 1326 970 παρεῖχε
1355 897 1735 971 συγχώρησιν⁸
1775 900 2055 969 μετανοεῖν

471 984 579 1065 γάρ
617 982 885 1046 ἐκέλευεν,
926 983 1027 1036 οὐκ
1064 984 1284 1052 ἀφιέναι
1338 981 1525 1065 κύριος
1577 977 1931 1065 ἦν.νΔιόπερ
1961 980 2056 1065 καῖ

471 1062 683 1136 ἔλεγεν·
726 1066 867 1137 Ἐγὼ
901 1066 1016 1136 μὲν
1057 1066 1213 1135 ὑμᾶς
1241 1063 1506 1130 βαπτίζω
1530 1064 1602 1119 ἐν
1631 1064 1803 1118 ὕδατι
1830 1076 1878 1129 α,
1908 1062 2056 1117 ἐκεῖ·

469 1167 577 1216 νος
619 1149 688 1202 δὲ
743 1148 898 1218 ὑμᾶς
942 1149 1232 1213 βαπτίσει
1286 1149 1356 1201 ἐν
1412 1149 1712 1218 Πνεύματι
1761 1148 1908 1217 ἁγίῳ
1957 1146 2057 1202 καὶ

471 1234 634 1301 πυρί.
665 1232 913 1304 Δηλονότι
960 1233 1119 1295 αὐτὸς
1146 1233 1247 1285 οὐκ
1283 1231 1543 1295 ἐὸάπτιζε
1577 1231 1875 1303 Πνεύματι.
1905 1231 1970 1283 Τί
1997 1230 2057 1284 δέ

469 1317 642 1378 ἐστιν,
683 1318 780 1370 Ἐν
808 1316 1109 1385 Πνεύματι
1135 1315 1281 1383 ἁγίῳ
1307 1315 1405 1367 καὶ
1440 1315 1617 1384 πυρί;
1656 1312 2057 1386 ’Δναμνήσθητί

474 1416 566 1471 μοι
604 1399 703 1470 τῆς
729 1398 942 1470 ἡμέρας
975 1398 1207 1469 ἐκείνης,
1240 1396 1360 1450 καθ’
1399 1399 1466 1469 ἣν
1493 1396 1756 1468 ὤφθησαν
1784 1399 1896 1460 τοῖς
1923 1397 2058 1450 ἁπο-

470 1483 680 1546 στόλοις
734 1481 1180 1554 διαμεριζόμεναι
1227 1480 1472 1549 γλῶσσαι
1519 1481 1647 1534 ὼσεδ
1705 1481 1908 1554 πυρὸς,
1962 1481 2058 1535 καὶ

469 1566 723 1619 ἐκάθισεν
769 1566 852 1635 ἐφ’
891 1565 990 1619 ἕνα
1027 1564 1258 1618 ’ἑκαστον
1296 1562 1447 1636 [571]
1480 1563 1680 1618 αὐτῶν.
1728 1565 1835 1618 Καὶ
1866 1565 1949 1617 ὅτι
1995 1563 2058 1615 τὸ

473 1649 756 1721 βάπτισμα
788 1649 1032 1702 Ἰωάννου
1077 1646 1266 1711 ἀτελὲς
1312 1642 1404 1717 ἦν,
1445 1645 1568 1700 οὔτε
1602 1647 1921 1717 Πνεύματος
1970 1664 2059 1718 χο⁴

473 1732 674 1806 ρηγίαν
710 1733 856 1803 ἔχον,
895 1730 1021 1785 οὔτε
1052 1730 1462 1803 ἁμαρτημάτων
1496 1730 1708 1800 ἄφεσιν,
1733 1729 1891 1800 δῆλον
1925 1731 2059 1782 ἐκεῖ·

473 1816 597 1869 θεν·
628 1817 819 1888 Εύρὼν
848 1817 957 1888 γάρ
986 1833 1136 1879 τινας
1190 1815 1435 1886 μαθητὰς
1464 1817 1491 1867 6
1526 1813 1735 1877 Παῦλός
1763 1830 1893 1883 φησι
1922 1811 2059 1884 πρὸς

471 1901 690 1965 αὐτοὺς.
718 1902 788 1954 El
825 1900 1067 1968 Πνεῦμα
1101 1898 1272 1967 ἅγιον
1303 1896 1548 1950 ἁλίάϐετε
1581 1896 2059 1961 πιστεύσαντες;

475 1987 541 2038 Ol
581 1984 648 2038 δὲ
681 1981 855 2038 εἶπον
903 1985 1054 2052 πρὸς
1098 1984 1314 2037 αὐτόν’
1355 1980 1682 2037 Ἀλλόὺδὲ
1719 1983 1773 2034 εί
1815 1979 2061 2049 Πνεῦμα

470 2067 645 2137 ἅγιόν
687 2068 857 2121 ἐστιν
894 2067 1265 2135 ἠκούσαμεν.
1311 2061 1459 2119 Εἶπέ
1492 2081 1556 2117 τε
1601 2063 1749 2132 πρὸς
1801 2064 2058 2130 αὐτούς’

472 2149 577 2216 Εἰς
623 2150 682 2203 τί
731 2145 847 2205 οὖν
894 2149 1326 2216 ἐϐαπτίσθητε;
1373 2150 1438 2201 οι
1503 2145 1574 2200 δὲ
1623 2147 1822 2200 εἶπον·
1862 2146 1965 2210 Είς
1993 2145 2061 2200 τὸ

484 2233 756 2289 Ἰωάννου
796 2232 1132 2302 βάπτισμα.
1182 2228 1330 2286 Είπε
1371 2230 1443 2283 δὲ
1485 2230 1746 2294 Παῦλος·
1788 2229 2063 2297 Ἰωάννης

467 2318 585 2387 μὲν
628 2317 913 2371 ἐϐάπτισε
956 2317 1275 2384 βάπτισμα
1326 2314 1681 2383 μετανοίας·
1740 2313 2059 2383 μετανοίας,

471 2403 577 2456 οὐκ
618 2401 887 2471 ἀφέσεως.
924 2400 1036 2453 Καὶ
1067 2400 1212 2463 τίνος
1241 2399 1429 2453 ἕνεκεν
1463 2397 1783 2463 ἐϐάπτισεν;
1824 2395 1908 2462 Τῷ
1932 2397 2063 2464 λαῷ

471 2485 686 2552 λέγων’
728 2485 834 2550 Εὶς
886 2482 994 2537 τὸν
1038 2481 1366 2552 ἐρχόμενον
1406 2481 1534 2550 μετ’
1579 2480 1767 2535 αὑτὸν
1806 2480 1908 2533 ἵνα
1964 2495 2061 2533 πι-

472 2566 814 2632 στεύσωσι,
861 2565 1018 2620 τοῦτ’
1055 2565 1249 2631 ἐστιν,
1282 2567 1370 2631 είς
1412 2563 1521 2617 τὸν
1550 2564 1770 2633 Κύριον
1807 2562 2060 2631 Ἰησοῦν.

473 2650 585 2705 Καὶ
619 2651 997 2716 ἀκούσαντες
1024 2650 1480 2717 ἐϐαπτίσθησαν
1510 2650 1597 2715 είς
1640 2647 1706 2701 τὸ
1737 2647 1924 2717 ὄνομα
1957 2647 2062 2702 τοῦ

471 2734 694 2802 Κυρίου
732 2732 948 2802 Ἰησοῦ.
977 2732 1087 2787 Καὶ
1116 2731 1422 2799 ἐπιθέντος
1452 2732 1658 2798 αὐτοῖς
1684 2733 1792 2787 τοῦ
1817 2733 2064 2787 Παύλου

470 2816 580 2883 τὰς
617 2816 841 2887 χεῖρας,
893 2813 1043 2888 ἦλθε
1087 2814 1154 2870 τὸ
1206 2814 1451 2885 Πνεῦμα
1493 2815 1562 2868 τὸ
1612 2814 1784 2886 ἅγιον
1834 2816 1928 2868 ἐπ’
1958 2817 2066 2871 αὐ-

473 2902 634 2966 τούς.
674 2898 824 2964 Εἶδες
869 2900 986 2963 πῶς
1026 2899 1215 2962 ἀτελὲς
1244 2896 1313 2971 ἦν
1359 2900 1419 2953 16
1456 2898 1703 2952 Ἰωάννου
1740 2897 2061 2970 βάπτισμα;

473 2984 537 3037 Εἰ
561 2984 670 3055 γὰρ
702 2984 775 3055 μὴ
798 2981 867 3055 ἦν
889 2985 1097 3047 ἀτελὲς,
1122 2984 1224 3038 οὐκ
1249 2983 1316 3038 ἂν
1337 2985 1538 3048 αὐτοὺς
1560 2983 1725 3038 πάλιν
1768 2983 2065 3036 ἐϐάπτισεν

472 3069 502 3121 6
542 3067 775 3132 Παῦλος,
814 3069 914 3122 οὐκ
950 3069 1016 3123 ἂν
1062 3071 1247 3132 αὐτοῖς
1278 3069 1378 3133 τὰς
1409 3072 1599 3140 χεῖρας
1637 3067 1906 3137 ἐπέθηκε·
1948 3067 2066 3121 νυνὶ

471 3151 530 3205 δέ
567 3152 857 3222 ἀμφότερα
892 3152 1066 3206 ταῦτα
1093 3154 1348 3223 ποιήσας,
1380 3152 1617 3222 ἐδήλωσε
1648 3152 1748 3223 τὴν
1790 3150 2065 3222 ὑπεροχὴν

471 3236 567 3290 τοῦ
618 3236 993 3307 βαπτίσματος
1043 3237 1138 3290 τοῦ
1199 3236 1582 3298 ἀποστολικοῦ,
1627 3235 1722 3290 καὶ
1769 3236 1850 3288 ὅτι
1892 3236 2067 3289 ἐκεῖνο

470 3319 664 3373 τούτου
696 3319 832 3372 πολὺ
868 3319 1177 3391 κατώτερον
1215 3316 1303 3391 ἦν.
1346 3320 1508 3374 Ἀλλά
1551 3321 1652 3392 τὴν
1688 3319 1788 3388 μὲν
1827 3318 1937 3371 τῶν
1972 3318 2068 3388 βα-

474 3404 796 3474 πτισμάτων
834 3404 1100 3473 διαφορὰν
1140 3406 1204 3458 ἐκ
1236 3404 1440 3458 τούτων
1479 3404 1789 3474 ἐμάθομενο
1837 3402 1979 3466 τίνος
2008 3402 2065 3455 δὲ

473 3487 659 3541 ἕνεκεν
699 3489 728 3541 6
757 3488 992 3559 Χριστὸς
1040 3486 1383 3557 βαπτίζεται,
1418 3487 1514 3541 καὶ
1560 3489 1710 3539 ποῖον
1759 3485 2064 3556 βάπτισμα,

472 3570 662 3624 λοιπὸν
701 3571 998 3639 ἀναγκαῖον
1027 3573 1222 3624 εἰπεῖν.
1248 3569 1387 3623 Οὔτε
1414 3570 1475 3623 16
1517 3570 1807 3624 Ἰουδαϊκὸν
1833 3570 1895 3622 16
1932 3570 2068 3641 πρό⁴

470 3672 652 3722 τερον,
681 3653 805 3707 οὔτε
838 3654 900 3707 τὸ
943 3654 1212 3727 ἡμέτερον
1254 3655 1315 3709 16
1358 3653 1500 3726 μετὰ
1542 3653 1752 3708 ταῦτα·
1789 3652 1915 3708 οὕτε
1957 3653 2066 3726 γὰρ

477 3738 892 3810 ἁμαρτημάτων
922 3740 1324 3809 συγχωρήσεως
1363 3737 1567 3791 ἐδεῖτο’
1599 3738 1718 3801 πῶς
1761 3737 1869 3811 γὰρ
1903 3739 1932 3791 6
1960 3755 2068 3809 μη-

472 3821 668 3891 δεμίαν
706 3821 979 3892 ἁμαρτίαν
1007 3821 1179 3891 ἐχων;
1221 3822 1533 3891 Ἀμαρτίαν
1562 3820 1693 3891 γὰρ,
1731 3822 1915 3891 φησὶν,
1954 3822 2067 3875 οὐκ

475 3905 792 3973 ἐποίησεν,
822 3904 967 3959 οὐδὲ
996 3904 1210 3973 εὑρέθη
1239 3904 1422 3971 δόλος
1456 3905 1528 3958 ἐν
1552 3904 1634 3970 τῷ
1664 3905 1918 3974 στόματι
1964 3906 2070 3959 αὺ-

476 3990 614 4061 τοῦ’
648 3989 745 4042 καὶ
801 3988 986 4054 πάλιν,
1039 3989 1135 4055 Τίς
1180 3987 1249 4053 ἐξ
1299 3988 1466 4058 ὑμῶν
1518 3988 1755 4058 ἐλέγχει
1803 4003 1880 4056 με
1932 3987 2068 4056 περὶ

475 4074 766 4144 ἁμαρτίας
780 4088 800 4138 ;
847 4071 986 4126 υῦτε
1039 4071 1358 4143 Πνεύματος
1409 4073 1639 4143 ἄμοιρος
1689 4066 1758 4141 ἦν
1799 4071 1982 4142 ἐκείνη
2030 4072 2064 4143 ἡ

479 4158 642 4230 σάρξ’
675 4157 793 4219 πῶς
816 4156 928 4230 γὰρ
952 4156 1017 4212 ἂν
1044 4159 1077 4227 ἡ
1105 4158 1171 4209 ἐκ
1199 4156 1519 4227 Πνεύματος
1540 4154 1701 4223 ἁγίου
1725 4170 2069 4208 κατασκευα-

480 4244 669 4296 σθεῖσα
695 4240 794 4312 τὴν
825 4241 1037 4312 ἀρχήν;
1074 4241 1137 4294 Εἰ
1175 4240 1353 4294 τοίνυν
1402 4240 1539 4310 μήτε
1566 4239 1880 4310 Πνεύματος
1910 4239 2065 4306 ἁγίου

478 4325 706 4397 ἄμοιρος
729 4320 797 4396 ἦν
822 4326 857 4396 ἡ
892 4323 1030 4397 σὰρξ
1068 4324 1271 4396 ἐκείνη,
1312 4325 1452 4394 μήτε
1482 4323 1876 4393 ἁμαρτήμασιν
1904 4320 2069 4374 ὑπεύ-

480 4412 657 4475 θυνος,
687 4407 830 4473 τίνος
862 4408 1047 4462 ’ἐνεκεν
1080 4404 1435 4473 ἐϐαπτίζετο;
1458 4405 1622 4460 Ἀλλά
1641 4404 1911 4477 πρότερον
1940 4406 2070 4458 ἀνα-

478 4494 669 4559 γκαῖον
703 4491 892 4561 μαθεῖν
918 4494 1069 4545 ποῖον
1108 4490 1440 4544 ἐϐαπτίσατο
1472 4489 1773 4560 βάπτισμα,
1811 4487 1906 4542 καὶ
1945 4488 2069 4541 τότε

480 4576 574 4630 καὶ
624 4575 782 4629 τοῦτο
839 4575 1172 4648 σαφέστερον
1229 4576 1360 4647 ήμῖν
1407 4576 1718 4645 γενήσεται.
1766 4573 1927 4626 Ποῖον
1974 4567 2068 4626 οὖν

481 4659 845 4726 ἐϐαπτίσατο;
874 4658 1012 4713 Οῦτε
1048 4659 1109 4713 16
1143 4658 1456 4725 Ἰουδαϊκὸν,
1499 4657 1625 4711 οὔτε
1670 4657 1733 4711 τὸ
1779 4656 2066 4729 ἡμέτερον,

481 4745 616 4817 ἀλλὰ
644 4744 705 4798 τὸ
739 4744 1006 4798 Ἰωάννου.
1040 4744 1138 4798 Διά
1161 4743 1250 4809 τί;
1276 4743 1395 4796 Ἵνα
1421 4743 1515 4796 καὶ
1548 4741 1618 4796 δι’
1646 4741 1817 4812 αὐτῆς
1842 4741 1943 4811 τῆς
1972 4738 2067 4793 τοῦ

485 4828 860 4898 βαπτίσματος
908 4827 1125 4895 φύσεως
1177 4826 1390 4897 μάθῃς,
1438 4827 1522 4879 ὅτι
1571 4826 1633 4878 ού
1681 4825 1747 4878 δι’
1790 4824 2069 4894 ἁμαρτίας

479 4910 834 4973 ὲϐαπτίσατο,
883 4910 1005 4963 οὐδὲ
1043 4910 1119 4974 ὼς
1167 4911 1266 4981 τῆς
1319 4908 1414 4963 τοῦ
1455 4908 1771 4979 Πνεύματος
1815 4907 2070 4976 δεόμενος

481 4995 774 5067 χορηγίας·
821 4996 1098 5065 ἑκατέρων
1141 4993 1252 5066 γὰρ
1283 4993 1487 5046 τούτων
1535 4992 1740 5064 ἔρημον
1789 4992 1966 5044 ἐκεῖνο
2008 4989 2069 5043 τὸ

484 5080 798 5150 βάπτισμα,
843 5078 1093 5149 καθάπερ
1148 5073 1241 5131 οὖν
1274 5078 1369 5130 καὶ
1417 5076 1806 5145 ἀπεδείξαμεν.
1838 5075 1950 5129 Καὶ
1984 5076 2067 5128 ὃτι

486 5165 584 5236 μὲν
616 5163 741 5217 οὔτε
771 5163 839 5217 δι’
884 5165 1078 5234 ἄφεσιν
1125 5162 1560 5236 ἁμαρτημάτων,
1589 5159 1714 5213 οὔτε
1756 5158 1847 5213 διὰ
1897 5157 2069 5211 Πνεύ-

484 5265 653 5320 ματος
696 5248 964 5320 χορηγίαν
1004 5242 1168 5319 ἦλθεν
1209 5248 1303 5299 ἐπὶ
1340 5247 1430 5299 16v
1466 5244 1759 5314 Ἰορδάνην,
1807 5242 1967 5314 δῆλον
2001 5244 2066 5296 ὲκ

545 5445 572 5474 ⁸
595 5442 677 5494 Sic
700 5457 815 5493 mss.
843 5449 896 5492 el.
928 5443 1040 5492 Sav.
1078 5442 1253 5492 Morel.
1278 5455 1398 5491 veto
1431 5449 1542 5503 ρυδι
1584 5442 1631 5490 ἐν
1664 5440 1803 5503 ὕδατι
1828 5437 1964 5487 addit
2001 5437 2070 5503 είς

483 5507 749 5567 μετάνοιαν.
776 5506 967 5556 Deinde
1001 5510 1127 5567 post,
1170 5499 1559 5567 Hveﬁpaujiyig)
1578 5503 1660 5551 καὶ
1684 5501 1954 5567 1160519135.
1980 5499 2069 5567 aq-

482 5561 605 5615 dunl
626 5567 840 5625 δηλονότι
880 5561 1020 5622 αὐτὸς
1042 5561 1129 5614 οὐκ
1154 5561 1372 5620 ἐϐάπτὶζε
1402 5561 1661 5626 Πνεύματι.
1688 5561 1823 5612 Τίδέ
1846 5563 1987 5626 ἐστιν.
2021 5561 2070 5626 ᾖν

483 5622 854 5704 ξιγφμαὲιβγὲφ
862 5629 1084 5704 κοιῖπιξρίς
1105 5628 1280 5704 Mer:
1294 5622 2072 5704 ἓτε.ι>9[δμτξι.ιῖέέεξιῖιν,9Ψὶεὲ

482 5684 633 5737 ΐιιὶεςέ
656 5684 882 5740 γίιιοὶιιὺι·
916 5692 964 5739 in
997 5684 1109 5741 εει.
1126 5696 1180 5740 ει
1198 5684 1388 5738 Μοτεὶ.
1404 5684 1523 5737 Nam
1548 5684 1739 5750 bplimc
1756 5684 2070 5751 quadraulad

485 5764 705 5801 sensum.

1180 284 1237 344 S.
1277 279 1562 342 JOANMS
1598 278 2091 339 CIIRYSOSTOMI
2124 279 2450 338 ARCHIEP.
2487 282 3037 340 CONSTANTINOP.

3629 287 3728 345 368

2155 399 2388 454 τούτων·
2437 400 2524 455 ἵνα
2551 401 2610 455 δὲ
2657 401 2732 474 μὴ
2764 404 2961 477 νομίσῃ
2990 420 3075 467 τις
3118 401 3227 455 τῶν
3271 400 3391 454 τότε
3420 402 3709 473 παρόντων

2154 483 2237 537 ὅτι
2289 483 2385 537 ἐπὶ
2450 486 2735 557 μετανοίᾳ,
2788 486 3038 560 καθάπερ
3086 487 3135 540 οἱ
3183 486 3393 550 λοιποὶ,
3440 487 3736 557 παραγίνε-

2154 583 2266 633 ται,
2299 568 2531 622 ἁκουσον
2565 570 2662 622 καὶ
2693 568 2853 623 τοῦτο
2885 570 3002 632 πῶς
3038 572 3068 624 6
3104 571 3361 640 Ἰωάννης
3390 569 3738 641 προδιωρθώ-

2158 667 2306 705 σατο.
2347 651 2406 706 '0
2437 651 2545 723 γὰρ
2574 654 2687 716 τοῖς
2728 652 2910 716 ἄλλοις
2949 653 3143 722 λέγων,
3175 652 3474 719 Ποιήσατε
3505 653 3739 720 καρπὸν

2157 733 2329 800 ἄξιον
2379 734 2491 805 τῆς
2545 736 2888 805 μετανοίας,
2940 735 3169 790 ἄκουσον
3205 737 3260 791 τί
3316 737 3493 805 τούτῳ
3536 735 3702 806 φησίν
3723 751 3735 763 ·

2169 817 2312 887 Ἐγὼ
2337 819 2546 888 χρείαν
2573 818 2692 889 ἔχω
2723 820 2839 873 ὑπὸ
2872 820 2991 874 σοῦ
3023 819 3468 888 βαπτισθῆναι·
3511 821 3606 872 καὶ
3655 821 3739 874 σὺ

2156 901 2305 970 ἔρχῃ
2354 905 2506 970 πρός
2541 919 2651 972 με;
2700 903 2869 957 Τοῦτο
2900 903 2959 957 δὲ
3015 903 3168 972 ἔλεγε
3214 903 3388 974 δηλῶν
3426 905 3508 956 ὅτι
3555 903 3618 956 οὐ
3651 903 3743 955 διά

2155 983 2256 1054 τὴν
2282 984 2452 1056 αὐτὴν
2479 990 2592 1050 τοῖς
2631 986 2844 1050 πολλοῖς
2874 986 3061 1057 χρείαν
3108 986 3439 1058 παρεγένετο
3475 985 3608 1056 πρὸς
3641 986 3745 1038 αῦ-

2155 1069 2248 1122 τόν
2267 1085 2281 1098 ·
2314 1069 2408 1122 καὶ
2436 1070 2517 1123 ὅτι
2544 1070 2799 1123 τοσοῦτον
2828 1069 3019 1139 ἀπέχει
3047 1068 3137 1123 διὰ
3162 1070 3320 1122 τοῦτο
3358 1069 3743 1139 βαπτίζεσθαι,

2157 1151 2240 1204 ὅτι
2279 1153 2374 1204 καὶ
2404 1152 2568 1205 αὑτοῦ
2609 1152 2702 1205 τοῦ
2734 1153 3038 1206 Βαπτιστοῦ
3072 1152 3249 1222 πολλῷ
3298 1153 3499 1223 μείζων
3521 1147 3610 1222 ἦν.
3647 1150 3747 1204 καὶ

2158 1234 2504 1304 ἀσυγκρίτως
2546 1235 2943 1307 καθαρώτερος.
2979 1235 3136 1298 Τίνος
3163 1232 3255 1290 οῦν
3283 1236 3469 1289 ἕνεκεν
3514 1235 3744 1288 ἐϐαπτὶι

2158 1317 2299 1382 ζετο,
2341 1320 2390 1371 εί
2424 1321 2558 1389 μήτε
2588 1320 2679 1372 ἐπὶ
2719 1319 2998 1390 μετανοίᾳ,
3031 1321 3166 1390 μήτε
3210 1319 3303 1372 ἐπὶ
3329 1319 3744 1389 ἁμαρτημάτων

2158 1402 2382 1470 ἀφέσει,
2436 1403 2573 1474 μήτε
2628 1401 2781 1474 [572]
2830 1403 2923 1455 ἐπὶ
2956 1401 3273 1473 Πνεύματος
3307 1402 3541 1474 χορηγίᾳ
3582 1400 3745 1454 τοῦτο

2159 1485 2369 1550 ἐποίει;
2409 1485 2643 1557 Ἐτέρων
2689 1485 2835 1538 δυοῖν
2876 1486 3062 1539 ἕνεκεν
3103 1484 3313 1547 αἰτιῶν,
3366 1487 3496 1555 μιᾶς
3539 1484 3639 1554 μὲν
3672 1479 3744 1553 ἧς

2162 1585 2323 1640 φησιν
2362 1570 2391 1621 6
2447 1569 2724 1641 μαθητὴς,
2779 1569 2975 1640 ἐτέρας
3022 1569 3078 1621 δὲ
3123 1563 3192 1639 ἧς
3250 1569 3411 1633 αὐτὸς
3461 1568 3598 1637 πρὸς
3648 1567 3743 1619 τὸν

2173 1653 2427 1723 Ἰωάννην
2468 1647 2610 1707 εἶπε.
2654 1652 2789 1706 Τίνα
2842 1650 2938 1706 οὖν
2981 1669 3146 1723 φησιν
3189 1654 3219 1706 6
3255 1652 3506 1721 Ἰωάννης
3556 1651 3746 1704 αἰτίαν

2159 1735 2253 1789 τοῦ
2300 1735 2672 1807 βαπτίσματος
2721 1732 2857 1789 εἶναι
2898 1736 3122 1799 τούτους
3154 1737 3272 1789 ’Ἰνα
3306 1734 3579 1805 γνωρισθῇ
3628 1737 3745 1797 τοῖς

2160 1820 2395 1884 πολλοῖς,
2430 1820 2608 1884 καθὼς
2638 1820 2733 1872 καὶ
2774 1821 2801 1872 6
2837 1819 3045 1882 Παῦλος
3087 1819 3291 1886 ἔλεγεν,
3337 1818 3417 1870 ὃτι
3470 1817 3745 1884 Ἰωάνει-ης

2153 1902 2271 1973 μὲν
2294 1902 2578 1957 ἐϐάπτισε
2600 1900 2918 1971 βάπτισμα
2953 1901 3296 1970 μετανοίας,
3324 1903 3411 1965 εἱς
3438 1899 3548 1953 τόν
3576 1900 3745 1969 ἐρχα-

2154 2002 2345 2056 μενον
2381 1984 2509 2055 μετ’
2542 1984 2729 2038 αὐτὸν
2770 1984 2871 2038 ἵνα
2909 1985 3353 2038 πιστεύσωσινη
3383 1981 3541 2036 τοῦτο
3589 1980 3659 2056 ἦν
3683 1985 3747 2038 16

2161 2070 2491 2142 κατόρθωμα
2521 2067 2613 2122 τοῦ
2664 2067 3061 2138 βαπτίσματος.
3108 2067 3183 2120 Τὸ
3231 2068 3329 2136 μὲν
3372 2067 3480 2136 γάρ
3521 2066 3603 2129 είς
3646 2067 3747 2134 τὴν

2162 2152 2392 2206 ἑκάστου
2423 2152 2693 2224 περιιέναι
2722 2152 2918 2216 οἰκίαν,
2945 2151 3041 2204 καὶ
3076 2152 3197 2213 ταῖς
3225 2148 3414 2221 θύραις
3456 2148 3749 2221 προσιόντα

2162 2236 2348 2289 καλεῖν
2387 2235 2492 2301 ἔξω
2537 2237 2631 2288 καὶ
2681 2235 2859 2302 λέγειν
2894 2233 3193 2303 κατέχοντα
3238 2233 3329 2285 τὸν
3377 2232 3634 2304 Χριστὸν,
3665 2231 3749 2283 ὅτι

2162 2312 2318 2382 οὗτός
2366 2320 2512 2372 ἐστιν
2542 2321 2570 2372 6
2603 2317 2731 2381 Υἱὸς
2779 2316 2874 2370 τοῦ
2922 2315 3082 2379 Θεοῦ,
3130 2314 3371 2368 ὕποπτον
3428 2313 3602 2367 ἐποίει
3650 2312 3751 2383 τὴν

2166 2402 2469 2474 μαρτυρίαν
2512 2401 2606 2455 καὶ
2649 2401 2853 2470 σφόδρα
2896 2399 3134 2471 ἐργῶδες
3164 2394 3269 2471 ἦν·
3312 2400 3376 2452 16
3415 2398 3471 2451 δὲ
3516 2396 3753 2452 λαϐόντα

2164 2485 2326 2540 πάλιν
2358 2485 2438 2549 είς
2488 2483 2586 2555 τὴν
2636 2483 2958 2555 συναγωγὴν
3004 2482 3267 2536 εἰσελθεῖν
3309 2481 3404 2534 καὶ
3454 2480 3750 2548 δεικνύειν,

2164 2569 2446 2625 καὶτοῦτο
2476 2566 2610 2622 αὐτὸ
2653 2567 2855 2637 ὁμοίιος
2888 2567 3129 2621 ὕποπτον
3170 2565 3346 2618 ἐποίει
3388 2564 3487 2636 τὴν
3537 2582 3753 2636 μαρτυ-

2166 2653 2290 2725 ρίαν
2328 2651 2491 2706 πάλιν
2512 2667 2526 2682 ο
2558 2650 2620 2704 16
2652 2649 2709 2703 δὲ
2738 2648 2847 2705 τῶν
2887 2640 3075 2720 δήμων
3108 2649 3364 2702 ἁπάντων
3405 2649 3465 2713 ἐξ
3508 2649 3753 2717 ἑκάστης

2164 2735 2370 2800 πόλεως
2399 2734 2737 2806 ἐκχυθέντων
2766 2733 2860 2787 ἐπὶ
2896 2734 2988 2786 τὸν
3026 2732 3318 2804 Ἰορδάνην,
3349 2732 3446 2785 κεῖ
3479 2732 3608 2802 περὶ
3650 2731 3754 2796 τὰς

2163 2819 2328 2890 ὄχθας
2362 2818 2745 2890 διατριὸόντων
2777 2815 2874 2870 τοῦ
2903 2815 3175 2887 ποταμοῦ,
3205 2814 3428 2869 ἐλθόν-α
3466 2815 3559 2868 καὶ
3588 2815 3756 2869 αὐτόν

2165 2903 2259 2956 ἐπὶ
2300 2903 2364 2956 16
2410 2901 2801 2974 βαπτισθῆναι,
2829 2899 3088 2966 δέξασθαι
3116 2900 3215 2971 τὴν
3256 2898 3459 2953 ἄνωθεν
3492 2897 3754 2952 σύστασιν

2164 2986 2262 3058 τὴν
2294 2985 2382 3040 διὰ
2412 2986 2511 3056 τῆς
2549 2985 2731 3055 φωνῆς
2768 2982 2863 3037 τοῦ
2898 2984 3134 3055 Πατρός,
3166 2983 3263 3054 τὴν
3290 2982 3379 3036 διά
3411 2984 3511 3051 τῆς
3539 2985 3757 3051 ἐπιφοι-

2165 3071 2376 3141 τήσεως
2430 3067 2526 3122 τοῦ
2578 3068 2891 3138 Πνεύμοιτος
2942 3068 3041 3137 τῆς
3088 3070 3143 3119 ἐν
3199 3067 3327 3120 εῖδει
3384 3068 3753 3137 περιστερᾶς,

2165 3151 2471 3206 ἀνύποπτον
2494 3152 2666 3205 ἐποίει
2696 3151 2947 3219 γενέσθαι
2970 3151 3070 3222 τὴν
3105 3150 3350 3203 Ἰωάννου
3374 3149 3472 3219 τὴν
3498 3151 3584 3202 ἐπ’
3605 3149 3756 3219 αὐτῷ

2169 3237 2497 3307 μαρτυρίαν.
2526 3235 2625 3289 Διὰ
2657 3234 2836 3298 τοῦτο,
2867 3233 3059 3302 Κάγὼ,
3093 3233 3280 3303 φησὶν,
3308 3234 3421 3287 οὐκ
3447 3232 3621 3301 ᾔδειν
3649 3234 3760 3287 αὺ-

2166 3319 2293 3383 τὸν,
2345 3320 2657 3385 άξιόπιστον
2700 3318 2799 3389 τὴν
2844 3317 3039 3371 ἐαυτοῦ
3092 3318 3367 3371 καθιστῶν
3424 3317 3756 3388 μαρτυρίαν.

2180 3403 2397 3473 Ἐπειδὴ
2449 3403 2559 3475 γὰρ
2594 3405 2876 3470 συγγενεῖς
2927 3398 3067 3473 ἦσαν
3116 3400 3360 3472 ἀλλήλων
3391 3402 3532 3454 κατὰ
3576 3402 3760 3473 σάρκα

2168 3487 2351 3558 (Ἰδοὺ
2378 3488 2508 3556 γὰρ,
2537 3487 2726 3558 φησὶν,
2758 3486 3068 3540 Ἐλισάὸετ
3095 3486 3133 3553 ἡ
3165 3484 3470 3555 συγγενής
3494 3500 3636 3548 σου,
3657 3485 3760 3539 καὶ

2167 3570 2322 3640 αὐτὴ
2353 3570 2760 3640 συνειληςευῖα
2796 3569 2948 3633 υἱὸν,
2980 3573 3047 3642 τῇ
3084 3570 3318 3640 Μαριάμ
3349 3585 3515 3639 φησιν
3536 3571 3564 3622 6
3592 3569 3764 3637 ἀγγε-

2167 3654 2258 3718 λος
2311 3654 2438 3727 περὶ
2485 3655 2587 3724 τῆς
2627 3654 2833 3726 μητρὸς
2886 3654 3166 3708 Ἰωάννου·
3214 3651 3372 3707 εἰσδὲ
3414 3653 3469 3705 αἱ
3520 3653 3761 3725 μητέρες

2171 3741 2451 3808 συγγενεῖς
2473 3738 2501 3778 ιι
2530 3734 2693 3810 ἦσαν,
2729 3736 2951 3808 εὔδηλον
2988 3738 3070 3790 ὅτι
3100 3736 3196 3790 καὶ
3233 3735 3306 3789 τὰ
3342 3735 3553 3801 παιδίαξ
3580 3752 3595 3766 ·
3637 3739 3764 3791 ἐπεὶ

2168 3818 2260 3875 οὖν
2291 3825 2572 3890 συγγενεῖς
2603 3818 2764 3892 ἦσαν,
2806 3822 2894 3874 ἵνα
2932 3820 3006 3892 μὴ
3029 3820 3117 3873 διὰ
3146 3821 3245 3891 τὴν
3281 3821 3603 3888 συγγένειαν
3633 3819 3762 3888 δόξῃ

2172 3908 2468 3977 μαρτυρεῖν
2498 3904 2575 3975 τῷ
2608 3903 2852 3976 Χριστῷ,
2880 3904 3285 3974 ᾡκονόμησενή
3318 3902 3413 3955 τοῦ
3438 3903 3764 3973 Πνεῦμα-εκ

2169 3991 2331 4062 χάρις
2380 3989 2561 4042 πᾶσαν
2613 3989 2710 4060 τὴν
2772 3987 2994 4059 πρώτην
3053 3987 3270 4059 ἡλικίαν
3318 3989 3376 4039 ἐν
3426 3989 3621 4058 ἐρήμῳ
3666 3989 3764 4041 16v

2182 4073 2436 4143 Ἰωάννην
2491 4071 2718 4140 διάγειν,
2770 4072 2855 4127 ἵνα
2911 4071 2987 4142 μὴ
3039 4071 3129 4124 διά
3170 4069 3355 4139 φιλίαν
3398 4069 3431 4140 ἣ
3490 4072 3554 4122 ὲκ
3592 4085 3765 4122 κατα-

2172 4156 2374 4227 σκευῆς
2421 4173 2567 4219 τινος
2608 4155 2863 4227 τοιαύτης
2911 4157 2944 4225 ή
3000 4152 3275 4225 μαρτυρία
3319 4153 3562 4221 γίνεσθαι
3598 4154 3765 4224 δόξῃ,

2169 4240 2284 4295 ἀλλ’
2308 4241 2384 4304 ὡς
2425 4239 2576 4313 παρά
2606 4238 2702 4292 τοῦ
2735 4238 2870 4292 Θεοῦ
2907 4236 3118 4310 μαθὼν,
3154 4236 3329 4302 οὕτως
3357 4237 3520 4291 αὑτὸν
3555 4254 3770 4307 καταγ-

2169 4325 2348 4396 γείλῃ.
2393 4324 2492 4377 Διὰ
2533 4322 2694 4377 τοῦτό
2750 4339 2915 4393 φησι·
2965 4320 3140 4387 Κάγὼ
3176 4322 3288 4374 οὐκ
3342 4319 3517 4388 ᾔδειν
3550 4322 3765 4375 αὐτόν.

2171 4408 2343 4461 Πόθεν
2391 4403 2484 4460 οῦν
2532 4405 2768 4477 ἔμαθες;
2804 4405 2856 4458 '0
2903 4405 3149 4475 πέμψας
3188 4421 3287 4472 με,
3333 4403 3499 4474 φησὶ,
3540 4405 3769 4468 βαπτί-

2170 4489 2291 4552 ζειν
2310 4491 2380 4544 ἐν
2402 4490 2594 4555 ὕδατι,
2625 4490 2857 4554 ἐκεῖνός
2883 4506 2986 4558 μοι
3015 4484 3168 4542 εἷπε.
3196 4487 3262 4540 Τί
3294 4504 3374 4539 σοι
3395 4483 3551 4541 εἶπεν
3577 4504 3592 4553 ;
3642 4489 3767 4557 Ἐφ’

2170 4576 2244 4630 ὃν
2285 4573 2364 4629 ἂν
2415 4573 2550 4642 ἴδῃς
2600 4574 2668 4627 τὸ
2712 4574 2958 4641 Πνεῦμα
2994 4570 3360 4626 καταϐαῖνον
3401 4570 3547 4625 ὡσεὶ
3595 4589 3765 4640 περι-

2171 4659 2416 4727 στερὰν,
2438 4657 2537 4712 καί
2568 4656 2759 4726 μένον
2789 4657 2882 4711 ἐπ’
2912 4657 3121 4722 αὑτὸν,
3148 4646 3334 4720 αὑτός
3375 4654 3551 4708 ἐστιν
3576 4658 3610 4709 ό
3642 4657 3768 4720 βα-

2171 4742 2387 4803 πτίζων
2426 4743 2497 4795 ἐν
2544 4743 2841 4811 Πνεύματι
2871 4741 3063 4812 ἁγίῳ.
3122 4738 3277 4813 Ὁρᾷς
3326 4742 3410 4795 ὅτι
3463 4740 3557 4795 διὰ
3602 4739 3768 4795 τοῦτο

2169 4822 2303 4897 ἦλθε
2335 4826 2397 4878 16
2435 4825 2657 4895 Πνεῦμα
2692 4826 2753 4879 τὸ
2796 4825 2972 4892 ἅγιον,
3001 4825 3100 4895 οὐχ
3126 4826 3203 4890 ὡς
3233 4827 3354 4880 τότε
3386 4826 3607 4898 πρῶτον
3642 4827 3769 4880 ἐπι-

2172 4910 2458 4979 φοιτῆσαν,
2502 4908 2618 4962 ἀλλ’
2658 4909 2745 4962 ἵνα
2780 4908 2928 4982 δείξῃ
2976 4909 3068 4962 τὸν
3101 4910 3525 4981 κηρυττόμενον,
3568 4909 3765 4981 ὥσπερ

2169 4993 2418 5064 δακτύλῳ
2481 4993 2588 5046 τινί
2646 4996 2712 5064 τῇ
2774 4994 2974 5063 πτήσει
3039 4995 3205 5046 πᾶσιν
3265 4992 3430 5047 αὐτὸν
3481 4992 3765 5067 γνώριμον

2172 5077 2397 5140 ποιοῦν;
2431 5076 2529 5129 Διά
2563 5075 2723 5129 τοῦτο
2769 5074 2951 5129 τοίνυν
2978 5070 3142 5147 ἦλθεν
3195 5076 3290 5129 ἐπὶ
3343 5075 3407 5129 16
3449 5074 3759 5147 βάπτισμα.

2171 5162 2281 5215 Καὶ
2323 5161 2391 5215 δι’
2420 5161 2613 5232 ἑτέραν
2653 5159 2709 5213 δὲ
2748 5158 2951 5222 αἰτίαν,
2992 5161 3061 5230 ἢν
3105 5161 3267 5224 αὐτός
3300 5175 3466 5231 φησί’
3501 5159 3665 5213 ποίαν
3694 5159 3762 5230 δὴ

2170 5246 2411 5318 ταύτην;
2446 5244 2552 5297 Τοῦ
2587 5244 2834 5299 Ἰωάννου
2879 5246 3153 5309 εἰπόντος,
3195 5244 3336 5314 Ἐγὼ
3379 5244 3594 5313 χρείαν
3646 5247 3768 5317 ἔχω

2170 5329 2292 5384 ὑπὸ
2326 5329 2443 5383 σοῦ
2494 5326 2946 5397 βαπτισθῆναι,
2994 5329 3093 5384 καὶ
3142 5328 3223 5383 σὺ
3265 5328 3415 5397 ἔρχῃ
3461 5329 3617 5393 πρός
3652 5346 3765 5402 με;

2172 5414 2337 5476 αὐτὸς
2388 5413 2723 5480 ἀπεκρίνατο
2759 5413 2969 5480 λέγων·
3017 5414 3192 5483 Ἄφες
3242 5414 3410 5480 ἄρτι·
3447 5416 3605 5470 οὕτω
3652 5409 3763 5481 γὰρ

2173 5499 2406 5565 πρέπον
2443 5497 2617 5551 ἐστὶν
2655 5495 2803 5568 ἡμῖν
2842 5495 3157 5566 πληρῶσαι
3200 5494 3411 5553 πᾶσαν
3451 5496 3760 5553 δικαιοσύ-

2234 5747 2266 5789 δ
2288 5746 2425 5799 Unus
2439 5748 2594 5799 codex
2621 5755 2675 5799 et
2705 5747 2857 5799 Savil.
2882 5747 3164 5811 σνγγενίδις.
