4066 6392
531 402 635 456 569

532 514 665 569 enim
692 516 830 567 decet
859 529 949 567 nos
978 512 1399 583 implereomnem
1419 512 1681 582 justitiam
1709 510 1922 581 (Matth.
1945 509 1998 563 3.
2030 508 2117 564 14.

535 605 651 676 15).
686 604 876 659 Vidisti
924 602 1239 657 modestiam
1282 602 1499 657 famuli?
1547 601 1725 656 vidisti
1766 601 1976 655 Domini
2023 599 2121 653 hu-

531 694 851 749 militatem?
891 694 1027 763 Quid
1074 694 1286 749 tandem
1322 703 1441 759 est,
1487 693 1710 764 lmplere
1744 709 1941 747 omnem
1960 692 2121 762 justi-

528 788 693 840 tiam?
714 787 922 842 iustitia
948 786 1142 843 dicitur
1161 786 1398 841 omnium
1429 786 1524 841 Dei
1554 784 1923 840 mandatorum
1950 783 2122 838 adim-

530 881 733 948 pletio,
769 890 823 934 ut
868 895 993 934 cum
1037 880 1111 933 ait
1144 898 1156 932 :
1190 878 1353 933 Erant
1380 880 1509 948 justi
1548 877 1695 931 ambo
1736 877 2017 931 incedentes
2066 876 2121 929 in

531 971 785 1024 mandatis
832 970 1043 1023 Domini
1086 971 1195 1024 sine
1240 970 1443 1037 querela
1486 968 1642 1039 (Luc.
1687 970 1736 1023 1.
1785 967 1863 1038 6).
1897 966 2122 1037 Quando

532 1060 697 1130 igitur
744 1061 1006 1131 justitiam
1061 1061 1215 1115 istam
1272 1062 1493 1129 implere
1544 1059 1788 1115 homines
1840 1058 2123 1129 Oportebat

534 1168 757 1218 omnes,
801 1170 958 1209 nemo
984 1166 1159 1208 autem
1193 1155 1335 1207 illam
1377 1153 1599 1223 perfecit
1627 1170 1725 1207 nec
1754 1153 2019 1222 explevit,
2064 1160 2123 1205 ut

533 1245 958 1311 venitChristus,
995 1245 1133 1301 hanc
1156 1246 1415 1315 justitiam
1447 1246 1647 1315 implet.

602 1337 657 1390 4.
702 1337 967 1403 Quomodo
1004 1337 1234 1391 Christus
1254 1338 1477 1407 implevit
1508 1354 1707 1391 omnem
1740 1338 2021 1407 justitiam.
2049 1367 2122 1376 —

532 1426 791 1493 Quaenam
812 1442 975 1498 porro
1002 1429 1115 1482 haec
1141 1436 1225 1483 est
1243 1427 1469 1497 justitia,
1496 1428 1639 1483 dicet
1663 1429 1855 1497 aliquis
1876 1467 1893 1493 ,
1942 1427 2120 1497 bapti-

533 1519 683 1572 zari?
715 1518 997 1588 Proyhetae
1026 1520 1432 1589 parerejustitia
1454 1529 1596 1575 erat:
1624 1530 1678 1575 ut
1711 1521 1867 1591 igitur
1887 1520 2121 1575 circum-

533 1628 676 1667 crsus
698 1621 780 1667 est
807 1622 861 1668 et
887 1613 1210 1668 sacrificium
1233 1614 1445 1681 obtulit,
1477 1622 1532 1669 et
1546 1613 1768 1669 sabbata
1819 1613 2123 1669 observavit

534 1717 587 1762 et
630 1706 879 1763 Judaicas
924 1708 1238 1765 festivitates
1290 1710 1578 1779 implevit:
1612 1709 1684 1763 ita
1731 1716 1786 1764 et
1830 1708 1932 1763 hoc
1978 1707 2122 1777 quod

534 1802 769 1855 restabat
801 1801 1066 1871 adjunxit.
1096 1813 1154 1859 ut
1182 1803 1459 1874 prophetae
1508 1801 1799 1872 baptizanti
1850 1800 2116 1858 obediret.

534 1890 663 1944 Nam
695 1902 750 1945 ut
774 1893 863 1948 Dei
895 1895 1223 1949 voluntatem
1282 1893 1449 1950 fuisse
1493 1895 1667 1961 scias,
1700 1903 1758 1948 ut
1790 1901 1899 1947 tum
1946 1892 2122 1962 bapti-

534 1998 710 2037 smum
738 1985 1069 2054 susciperent
1101 2001 1308 2052 omnes,
1342 1986 1464 2041 audi
1486 1985 1611 2056 quid
1654 1986 1797 2040 dicat
1842 1984 2075 2041 Joannes
2104 2002 2119 2040 :

537 2074 638 2140 Qui
662 2078 794 2129 misit
817 2093 895 2130 me
910 2078 1166 2149 baptizare
1191 2079 1243 2133 in
1264 2095 1396 2147 aqua
1412 2078 1588 2150 (lacn.
1607 2078 1630 2131 1
1646 2118 1659 2131 .
1680 2076 1805 2149 55);
1846 2085 1901 2132 et
1935 2091 2124 2132 rursus

533 2164 797 2229 Christus,
827 2168 1097 2222 Publicani
1126 2178 1177 2223 et
1208 2171 1357 2223 turba
1400 2170 1810 2239 justiﬁcaverunt
1838 2166 2001 2221 Deum
2028 2168 2123 2221 ba-

535 2262 712 2327 ptizati
741 2261 990 2332 baptismo
1015 2261 1235 2317 Joannis
1256 2279 1274 2316 :
1298 2262 1550 2317 Pharisaei
1567 2272 1734 2316 autem
1749 2270 1796 2315 et
1815 2261 1990 2317 scribae
2008 2278 2123 2315 con-

533 2352 704 2404 silium
736 2351 831 2405 Dei
846 2362 1136 2423 spreverunt
1159 2370 1260 2408 non
1287 2354 1526 2423 baptizati
1551 2354 1613 2407 ab
1639 2370 1696 2407 ea
1744 2352 1894 2425 (Luc.
1943 2353 1993 2406 7.
2026 2351 2117 2407 29.

535 2444 648 2512 30).
680 2443 733 2500 Si
762 2461 891 2516 ergo
904 2446 1110 2516 justitia
1136 2457 1219 2503 est
1249 2448 1361 2503 Deo
1382 2462 1588 2517 parere,
1615 2447 1755 2503 Deus
1808 2456 1985 2501 autem
2024 2446 2121 2501 Jo-

536 2550 729 2590 annem
753 2538 919 2604 misit,
942 2547 1002 2594 ut
1028 2539 1279 2609 populum
1306 2540 1620 2609 baptizaret,
1652 2555 1772 2595 cum
1808 2540 2017 2594 czeteris
2042 2539 2122 2594 le-

536 2628 617 2691 gis
640 2630 920 2697 pra‘ceptis
948 2630 1047 2685 hoc
1072 2632 1232 2686 etiam
1259 2630 1953 2701 Christusimplevit.-Finge
1966 2631 2124 2700 igitur

519 2720 792 2774 ducentos
818 2736 938 2777 esse
958 2722 1209 2779 denarios
1245 2723 1491 2779 mandata
1518 2724 1688 2795 legis;
1731 2723 1833 2779 hoc
1881 2723 2123 2778 debitum

533 2826 701 2879 genus
732 2820 973 2868 nostrum
1027 2814 1333 2883 persolvere
1376 2816 1695 2885 oportebat:
1729 2830 1834 2871 non
1867 2814 2125 2885 persolvi-

535 2918 654 2955 mus
684 2920 697 2955 :
730 2904 1012 2959 coercebat
1041 2920 1138 2960 nos
1158 2920 1305 2960 mors
1327 2905 1591 2961 obnoxios
1626 2906 1742 2962 istis
1788 2906 2120 2961 criminibus.

535 2995 666 3050 Cum
694 2998 929 3052 venisset
955 2998 1199 3054 Christus
1227 3013 1430 3070 nosque
1456 3000 1721 3056 coercitos
1772 2999 2084 3055 oll‘endisset
2102 3040 2119 3068 ,

533 3104 611 3142 ms
638 3089 871 3143 alienum
899 3089 1162 3157 dissolvit,
1187 3090 1426 3147 debitum
1457 3091 1587 3146 illud
1612 3092 1879 3161 implevit,
1929 3100 1984 3147 et
2028 3106 2123 3147 eos

533 3180 625 3248 qui
651 3181 912 3236 solvendo
944 3196 1050 3236 non
1077 3190 1232 3237 erant
1258 3182 1528 3238 liberavit.
1560 3180 1764 3239 Idcirco
1784 3198 1890 3239 non
1940 3183 2074 3238 dixit
2102 3224 2120 3251 ,

535 3271 698 3327 Decet
714 3289 811 3327 nos
826 3272 931 3327 hoc
945 3274 1030 3329 vel
1049 3274 1175 3329 illud
1195 3274 1390 3342 facere,
1408 3274 1751 3345 sed,lmplere
1762 3291 1959 3330 omnem
1960 3274 2123 3345 justi-

535 3365 658 3416 tiam
680 3363 893 3435 (Matth.
917 3365 973 3419 5.
1004 3365 1114 3434 15).
1140 3365 1225 3420 Me
1252 3366 1537 3421 Dominum
1571 3365 1745 3430 decet,
1794 3366 1984 3436 inquit,
2031 3381 2121 3436 qut

538 3458 709 3514 habeo
727 3474 824 3529 pro
850 3460 936 3526 iis,
959 3460 1051 3529 qui
1080 3475 1188 3514 non
1212 3459 1432 3526 habent,
1458 3459 1765 3529 persolvere
1805 3476 1818 3513 :
1874 3458 1990 3515 haec
2040 3468 2123 3513 est

536 3550 868 3621 baptismatis
878 3552 1110 3617 occasio,
1124 3562 1181 3606 ut
1196 3552 1369 3622 legem
1391 3566 1605 3608 omnem
1621 3552 1861 3607 videatur
1874 3551 2119 3621 implere,

536 3654 590 3697 et
617 3644 753 3708 haec,
784 3653 839 3699 et
861 3645 948 3698 illa
978 3660 1139 3700 causa
1168 3653 1271 3710 est,
1296 3661 1416 3715 quae
1443 3656 1570 3701 ante
1613 3646 1771 3700 istam
1816 3653 1899 3701 est
1937 3646 2115 3700 allata.

537 3734 877 3804 Quapropter
904 3744 959 3791 et
978 3735 1210 3805 Spiritus
1240 3735 1293 3790 in
1319 3736 1500 3805 specie
1525 3736 1788 3791 columba:
1804 3735 2117 3792 descendit:

537 3826 628 3880 ubi
652 3826 796 3881 enim
828 3834 911 3881 est
935 3827 1299 3882 reconciliatio
1327 3827 1442 3895 Dei,
1467 3827 1541 3883 ibi
1580 3837 1635 3883 et
1662 3828 1933 3884 columba.
1985 3828 2120 3884 Nam

536 3928 592 3972 et
611 3933 753 3973 arcte
780 3917 893 3974 Noe
924 3928 1164 3989 tempore
1191 3933 1399 3974 ramum
1428 3928 1648 3989 gestans
1689 3920 1845 3974 olivae
1872 3920 2120 3976 columba

536 4012 681 4066 venit
701 4012 894 4066 divinae
919 4012 1267 4082 benignitatis
1294 4013 1503 4082 signum
1542 4012 1981 4083 tempestatisque
2030 4028 2120 4068 se-

535 4102 674 4156 datae
700 4100 908 4171 (Cenes.
937 4102 996 4172 8)
1020 4120 1035 4157 :
1064 4118 1208 4159 nunc
1235 4118 1449 4174 quoque
1489 4104 1544 4158 in
1582 4105 1765 4174 specie
1816 4104 2077 4161 columba:
2100 4146 2117 4175 ,

536 4210 641 4250 non
670 4196 721 4251 in
749 4210 976 4265 corpore
1010 4196 1149 4267 (hoc
1173 4197 1317 4251 enim
1342 4196 1531 4252 sedulo
1547 4197 1837 4253 notandum
1854 4196 1997 4269 est),
2030 4214 2122 4254 ve-

535 4289 613 4343 nit
638 4287 866 4356 Spiritus
889 4287 1001 4355 Dei,
1023 4289 1341 4344 denuntians
1360 4290 1781 4346 misericOrdiam
1796 4290 1912 4346 orbi
1941 4301 2115 4346 terra-

534 4395 674 4446 rum,
708 4380 969 4450 simulque
996 4381 1166 4436 virum
1193 4382 1526 4451 spiritualem
1544 4382 1832 4454 designans
1857 4383 2117 4438 innocen-

540 4483 644 4528 tem
668 4489 730 4528 ac
750 4474 1070 4543 simplicem,
1103 4475 1425 4544 minimeque
1456 4474 1654 4529 malum
1681 4489 1803 4531 esse
1823 4483 2072 4546 oportere
2098 4491 2115 4530 :

532 4564 983 4633 quemadmodum
1007 4574 1062 4620 et
1080 4564 1330 4622 Christus
1357 4566 1451 4631 ait,
1488 4564 1606 4622 Nisi
1634 4568 1862 4621 conversi
1892 4568 2113 4639 fueritis,

534 4666 580 4710 et
610 4658 894 4727 eﬂiciamini
921 4659 1053 4713 sicut
1080 4658 1311 4727 paruuli,
1363 4675 1465 4712 non
1516 4658 1767 4713 intrabitis
1812 4659 1866 4712 in
1904 4676 2116 4730 regnum

532 4749 774 4802 caelorum
795 4749 1008 4819 (Matth.
1036 4749 1123 4805 18.
1154 4750 1235 4817 ὅ).
1265 4750 1438 4818 Atque
1460 4749 1551 4804 illa
1574 4749 1788 4819 quidem
1814 4764 1956 4814 arca,
1978 4760 2113 4806 tem-

534 4850 739 4910 pestate
769 4842 968 4905 sedata,
994 4842 1191 4896 mansit
1217 4842 1268 4895 in
1300 4842 1476 4909 terris,
1510 4842 1625 4897 hare
1650 4856 1780 4898 vero
1799 4857 1922 4898 arca
1938 4842 2116 4898 divina

533 4932 806 4985 iracundia
828 4931 1032 4999 sedata,
1063 4932 1116 4986 in
1146 4932 1336 4987 caelum
1366 4934 1586 5002 abrepta
1611 4942 1726 4999 est,
1769 4942 1826 4989 et
1852 4947 1993 4987 nunc
2034 4942 2118 4989 est

534 5025 585 5077 in
618 5023 836 5079 dextera
878 5023 1050 5080 Patris
1093 5024 1489 5081 immaculatum
1532 5025 1660 5081 illud
1685 5034 1742 5081 et
1778 5026 2114 5097 impollutam

530 5130 745 5184 corpus.
2008 5178 2011 5179 ν

605 5206 683 5259 De
707 5208 980 5260 reverentia
1000 5223 1160 5261 sacra:
1203 5206 1538 5262 Eucharistia:
1581 5207 1879 5263 achibenda.
1913 5239 1982 5251 ——
2012 5209 2116 5265 Ve-

532 5300 929 5355 rnmenimvero
973 5298 1188 5369 quando
1213 5298 1281 5355 de
1322 5298 1531 5355 Domini
1579 5314 1809 5371 corpore
1854 5301 1993 5356 facta
2031 5311 2116 5358 est

531 5390 754 5454 mentio,
778 5404 955 5458 opera;
999 5390 1227 5458 pretium
1253 5398 1356 5455 est,
1384 5398 1440 5444 ut
1469 5390 1559 5444 ubi
1588 5390 1656 5446 de
1670 5405 1736 5446 eo
1764 5404 1932 5459 pauca
1976 5393 2115 5461 apud

527 5495 625 5534 vos
650 5480 1095 5545 disseruerimus,
1138 5480 1365 5533 orationi
1414 5478 1574 5535 linem
1604 5480 1961 5551 imponamus.
1991 5482 2116 5538 Scio

529 5572 643 5627 fore
668 5581 724 5625 ut
743 5568 1125 5641 quamplurimi
1150 5569 1289 5638 apud
1337 5584 1438 5625 nos
1476 5584 1542 5626 ex
1562 5570 1685 5627 festi
1725 5573 2116 5629 consuetudine

530 5665 594 5719 ad
624 5680 829 5718 sacram
850 5663 989 5717 hanc
1013 5676 1253 5718 mensam
1287 5670 1607 5718 accurraut:
1632 5679 1761 5719 sane
1782 5665 1996 5735 quidem
2024 5680 2119 5720 ex-

533 5757 760 5824 pediret,
784 5754 836 5809 id
857 5753 1001 5824 quod
1023 5752 1159 5808 alias
1190 5766 1331 5821 saepe
1350 5750 1488 5818 disi,
1517 5762 1575 5807 ut
1598 5752 1730 5808 festa
1775 5770 2110 5825 nequaquam

538 5846 970 5913 observarentur,
990 5842 1202 5915 quando
1225 5846 1621 5903 communicare
1646 5862 1780 5918 opus
1806 5858 1966 5916 esset,
2019 5850 2115 5906 sed

1285 397 1338 451 S.
1380 392 1661 450 JOANNIS
1693 392 2176 452 CHRYSOSTOMI
2217 394 2536 452 ARCHIEP.
2577 397 3114 456 CONSTANTINOP.

3703 382 3807 437 570

2235 513 2293 559 ut
2318 506 2650 563 conscientia
2678 507 3049 576 mandaretur,
3079 524 3144 565 ac
3172 520 3283 565 tum
3304 520 3544 568 sanctum
3566 512 3807 571 istudsa-

2228 596 2491 654 crilicium
2516 598 2869 671 attingeretur
2892 619 2907 667 ;
2932 603 3025 673 qui
3050 604 3196 658 enim
3225 603 3508 674 piacularis
3527 616 3609 661 est
3626 616 3681 663 et
3706 608 3807 662 im-

2228 688 2477 756 mundus,
2492 704 2562 747 ne
2590 690 2646 747 in
2674 692 2810 749 festo
2824 692 3038 764 quidem
3058 709 3270 765 aequum
3290 705 3374 751 est
3390 704 3656 753 utsanctae
3671 698 3813 753 illius

2226 796 2290 837 ac
2312 783 2604 839 tremendas
2628 785 2808 842 carnis
2837 787 3101 857 particeps
3130 787 3260 853 fiat;
3290 790 3380 859 qui
3408 804 3539 844 vero
3581 790 3813 846 mundus

2226 882 2331 941 est,
2357 882 2414 931 et
2440 885 2685 932 accurata
2705 879 3016 948 paenitentia
3045 879 3237 936 delicta
3264 881 3535 949 abstersit,
3587 898 3710 938 cum
3757 884 3813 937 in

2226 964 2583 1032 solemnitate,
2611 975 2722 1022 tum
2745 983 2961 1040 semper
2986 970 3180 1041 dignus
3200 970 3389 1037 fuerit,
3423 972 3516 1043 qui
3542 975 3813 1044 mysteriis

2226 1059 2420 1115 divinis
2447 1063 2838 1129 communicet,
2884 1078 2949 1119 ac
3001 1063 3096 1119 Dei
3141 1063 3302 1120 donis
3341 1064 3662 1133 perfruatur.
3704 1066 3814 1122 Sed

2226 1151 2477 1219 quoniam
2504 1151 2607 1208 hoc
2633 1153 2815 1209 nescio
2834 1168 2940 1223 quo
2958 1162 3111 1223 pacto
3128 1155 3414 1225 negligitur
3427 1171 3455 1210 a
3471 1156 3812 1227 quibusdam,

2227 1241 2488 1312 multique
2528 1245 2797 1300 sexcentis
2829 1254 3099 1301 scatentes
3124 1245 3416 1302 sceleribus
3441 1261 3563 1303 cum
3609 1247 3814 1304 adven—

2226 1340 2342 1388 tare
2368 1332 2563 1389 festum
2590 1334 2855 1403 viderint,
2884 1342 3158 1407 tamquam
3182 1338 3249 1392 ab
3280 1339 3392 1408 ipsa
3412 1338 3500 1395 die
3523 1340 3765 1409 protrusi
3792 1382 3810 1406 ,

2227 1425 2481 1495 mysteria
2499 1440 2651 1480 sacra
2669 1428 3005 1497 contingunt,
3024 1444 3143 1498 qua:
3168 1444 3232 1484 ne
3246 1431 3420 1485 oculis
3446 1432 3661 1500 quidem
3691 1446 3817 1487 eer-

2227 1530 2356 1571 nere
2377 1517 2457 1571 sic
2482 1517 2691 1574 allectis
2716 1517 2795 1573 fas
2834 1530 2957 1574 est:
2986 1535 3081 1575 eos
3130 1521 3365 1591 quidem,
3412 1523 3502 1592 qui
3542 1523 3814 1579 manifesti

2226 1618 2355 1662 sunt
2399 1609 2574 1677 nobis,
2622 1609 2780 1679 plane
2821 1611 3128 1667 arcebimus
3155 1629 3169 1665 :
3199 1628 3294 1669 eos
3345 1629 3475 1670 vero
3511 1615 3601 1686 qui
3652 1615 3819 1671 nobis

2227 1700 2395 1770 ignoti
2424 1709 2571 1769 sunt,
2622 1701 2732 1757 Deo
2754 1704 3154 1773 relinquemus,
3186 1705 3277 1775 qui
3323 1706 3519 1762 mentis
3554 1707 3820 1776 cujusque

2225 1801 2432 1849 secreta
2455 1795 2639 1849 novit:
2673 1794 2726 1850 id
2763 1796 2981 1866 quidem
3023 1806 3170 1852 certe
3202 1799 3253 1853 in
3295 1814 3402 1869 quo
3446 1799 3516 1855 ab
3564 1800 3819 1856 omnibus

2225 1895 2412 1958 aperte
2443 1896 2718 1956 peccatur,
2750 1887 2909 1943 hodie
2934 1889 3246 1943 conabimur
3273 1890 3578 1945 emendare.
3618 1890 3810 1959 Quod-

2225 1995 2349 2035 nam
2376 1980 2537 2049 igitur
2562 1978 2695 2034 illud
2741 1990 3020 2051 peccatum
3050 1982 3173 2035 est?
3202 1981 3355 2049 Quod
3402 1995 3523 2035 cum
3574 1990 3819 2039 tremore

2226 2087 2333 2127 non
2355 2074 2692 2144 accedamus,
2719 2076 2814 2132 sed
2858 2077 3094 2133 calcibus
3133 2079 3471 2147 impetentes,
3502 2079 3817 2149 percutien-

2227 2173 2326 2231 tes,
2356 2166 2746 2237 iraturgentes,
2768 2170 3091 2237 clamantes,
3112 2171 3492 2238 conviciantes,
3511 2173 3818 2242 proximum

2228 2259 2525 2328 trudentes,
2554 2262 2960 2331 perturbatione
2985 2264 3193 2335 repleti.
3220 2264 3346 2320 Haec
3366 2272 3419 2319 et
3443 2279 3588 2335 saepe
3606 2265 3743 2331 dixi,
3762 2274 3820 2320 et

2224 2349 2408 2406 dicere
2434 2367 2540 2407 non
2556 2352 2801 2409 cessabo.
2825 2353 3015 2411 Nonne
3042 2355 3233 2411 videtis
3256 2357 3309 2411 in
3355 2356 3647 2427 Olympicis
3693 2371 3819 2412 cer-

2228 2442 2520 2497 taminibus
2538 2442 2665 2498 dum
2691 2447 2865 2514 capite
2888 2460 3142 2502 coronam
3164 2455 3398 2517 gestans,
3416 2447 3642 2501 amictus
3654 2447 3816 2511 stola,

2227 2533 2429 2605 virgam
2476 2550 2637 2591 manu
2665 2544 2856 2592 tenens
2880 2537 3200 2609 agonotheta
3231 2552 3327 2607 per
3366 2536 3540 2592 forum
3589 2536 3815 2602 incedit,

2225 2636 2420 2697 quanta
2446 2629 2517 2683 sit
2543 2631 2895 2699 tranquillitas
2921 2645 2983 2685 ac
3010 2630 3295 2697 modestia,
3326 2630 3451 2685 dum
3475 2644 3648 2700 praeco
3677 2643 3817 2684 voce

2226 2718 2530 2787 denuntiat,
2560 2732 2618 2777 ut
2647 2738 2836 2778 omnes
2860 2724 3053 2778 sileant
3097 2738 3161 2779 ac
3206 2723 3460 2779 decenter
3496 2721 3818 2792 quiescant?

2226 2814 2323 2869 Cui
2351 2816 2513 2886 igitur
2538 2832 2644 2871 non
2666 2817 2955 2872 absurdum
2984 2816 3247 2882 videatur,
3301 2827 3361 2871 ut
3401 2816 3490 2871 ubi
3517 2814 3817 2885 triumphat

2225 2907 2492 2978 diabolus,
2522 2911 2676 2981 quies
2696 2920 2840 2967 tanta
2871 2912 2970 2978 sit;
2997 2911 3087 2965 ubi
3108 2926 3238 2966 vero
3262 2911 3508 2965 Christus
3547 2910 3612 2964 ad
3638 2924 3699 2964 se
3716 2925 3817 2964 vo-

2225 3010 2332 3067 cat,
2361 3001 2618 3057 tumultus
2648 3002 2909 3072 plurimus
2931 3002 3217 3057 audiatur?
3248 3002 3303 3056 ln
3344 3002 3461 3056 foro
3497 3002 3772 3055 silentium
3796 3042 3813 3065 ,

2225 3101 2282 3147 et
2311 3093 2364 3147 in
2408 3092 2633 3148 ecclesia
2659 3092 2899 3148 clamor?
2930 3093 2983 3148 in
3025 3093 3212 3163 pelago
3240 3092 3616 3162 tranquillitas,
3649 3099 3708 3146 et
3756 3091 3811 3146 in

2226 3192 2382 3254 portu
2404 3183 2731 3254 tempestas?
2747 3183 2905 3251 Quid,
2925 3198 3124 3254 quaeso,
3153 3182 3509 3246 tumultuaris,
3527 3182 3599 3237 mi
3616 3180 3781 3236 homo
3794 3181 3818 3233 ?

2224 3275 2349 3345 quid
2379 3284 2429 3330 te
2455 3274 2645 3345 urget?
2666 3275 2998 3345 negotiorum
3021 3274 3271 3329 nimirum
3297 3282 3487 3330 avocat
3509 3274 3817 3328 tenecessi-

2226 3374 2306 3420 tas
2332 3382 2347 3420 :
2378 3382 2445 3419 an
2474 3381 2605 3423 vero
2634 3374 2692 3422 tu
2725 3367 2813 3421 illa
2837 3366 2931 3422 tibi
2954 3366 3086 3420 hora
3114 3365 3221 3420 ulla
3242 3379 3363 3421 esse
3398 3365 3611 3435 negotia
3666 3365 3818 3418 arbi-

2227 3458 2426 3512 traris?
2452 3473 2518 3512 an
2549 3467 2681 3513 tute
2705 3456 2927 3512 omnino
2966 3457 3020 3511 in
3047 3456 3208 3512 terris
3226 3470 3347 3511 esse
3372 3453 3709 3511 meministi?
3737 3469 3806 3507 an

2226 3556 2279 3603 te
2308 3562 2428 3603 cum
2458 3548 2767 3605 hominibus
2791 3548 2997 3604 versari
3021 3547 3250 3603 censes?
3277 3546 3409 3615 Quis
3437 3546 3540 3600 hoc
3566 3560 3673 3600 non
3722 3560 3815 3600 sa-

2224 3656 2341 3696 xea:
2367 3641 2565 3696 mentis
2592 3657 2713 3697 esse
2733 3641 2896 3709 dicat,
2934 3641 3026 3696 illo
3048 3655 3107 3696 se
3134 3649 3374 3710 tempore
3395 3641 3449 3694 in
3474 3640 3636 3695 terris
3683 3652 3816 3694 con-

2225 3732 2418 3789 sistere
2437 3733 2705 3797 arbitrari,
2736 3749 2845 3788 non
2868 3749 2988 3789 cum
3034 3733 3244 3803 angelis
3285 3732 3515 3786 choreas
3560 3729 3764 3784 ducere
3791 3769 3808 3794 ,

2226 3840 2348 3881 cum
2376 3826 2568 3897 quibus
2592 3827 2875 3897 mysticqu
2905 3826 3054 3881 illum
3096 3825 3353 3897 hymnum
3396 3822 3761 3893 pronuntiasti
3793 3839 3809 3886 ;

2223 3931 2345 3972 eum
2375 3918 2570 3988 quibus
2597 3918 2707 3974 Deo
2732 3918 2999 3974 canticum
3024 3916 3154 3971 illud
3173 3914 3494 3985 triumphale
3518 3914 3812 3970 cecinisti?

2225 4008 2517 4079 Pr0pterea
2561 4018 2616 4064 et
2646 4023 2747 4064 nos
2784 4008 2994 4079 aquilas
3024 4008 3269 4063 Christus
3295 4005 3633 4077 appellavit,
3684 4018 3810 4059 cum

2221 4100 2379 4165 dixit.
2411 4100 2509 4157 Ubi
2536 4101 2773 4167 cadaver,
2798 4102 2868 4154 ibi
2892 4098 3331 4172 congregabantur
3357 4106 3409 4151 et
3432 4095 3617 4165 aquiltz
3637 4096 3656 4165 (
3675 4095 3807 4149 Luc.

2229 4196 2312 4251 17.
2336 4195 2452 4266 37),
2484 4203 2543 4250 ut
2568 4194 2622 4249 in
2647 4194 2838 4249 ctelum
2868 4193 3241 4257 ascendamus,
3273 4198 3332 4245 ut
3358 4190 3412 4245 in
3439 4190 3608 4244 altum
3629 4187 3814 4244 evole-

2222 4303 2341 4342 mus
2368 4287 2585 4357 spiritus
2607 4286 2797 4357 pennis
2817 4284 3090 4349 subvecti;
3122 4291 3179 4337 at
3209 4297 3309 4337 nos
3349 4290 3537 4337 contra
3588 4294 3812 4349 serpen-

2221 4390 2333 4437 tum
2360 4396 2509 4437 more
2547 4381 2695 4436 humi
2724 4380 3012 4449 serpimus,
3036 4388 3342 4445 terramque
3394 4372 3809 4429 manducamus.

2222 4471 2398 4527 Vultis
2415 4471 2588 4527 dicam
2606 4471 2750 4526 unde
2772 4468 3033 4524 tumultus
3061 4475 3117 4522 et
3156 4466 3361 4521 clamor
3385 4463 3630 4518 oriatur?
3655 4459 3811 4530 Quod

2221 4581 2329 4620 non
2346 4574 2458 4620 toto
2469 4563 2605 4620 sacri
2626 4572 2868 4633 tempore
2883 4559 3034 4617 vobis
3044 4558 3186 4614 fores
3200 4556 3564 4623 occludamus,
3579 4554 3674 4609 sed
3685 4563 3813 4607 ante

2221 4665 2545 4726 postremam
2580 4654 2872 4726 gratiarum
2900 4652 3166 4707 actionem
3196 4648 3408 4704 resilire
3427 4660 3546 4713 vos,
3560 4645 3809 4701 domum-

2222 4762 2329 4817 que
2354 4746 2534 4801 redire
2555 4745 2841 4815 patiamur;
2873 4742 3018 4814 quod
3045 4750 3100 4796 et
3125 4742 3301 4811 ipsum
3345 4753 3451 4793 non
3478 4738 3809 4792 mediocrem

2222 4845 2588 4907 contemptum
2616 4836 2798 4891 habet.
2836 4834 2974 4901 Quid
3016 4832 3167 4898 facis,
3194 4832 3268 4886 mi
3300 4830 3493 4886 homo?
3534 4828 3811 4884 Praesenti:

2222 4927 2456 4993 Christo,
2488 4927 2822 4983 adstantibus
2848 4926 3073 4995 angelis,
3101 4922 3372 4993 proposita
3399 4920 3501 4976 ista
3528 4918 3809 4975 tremenda

2222 5035 2431 5088 mensa,
2458 5019 2585 5075 dum
2614 5017 2789 5075 adhuc
2814 5016 3008 5072 fratres
3027 5016 3102 5070 tui
3125 5013 3397 5086 mysteriis
3424 5012 3729 5077 initiantur,
3755 5018 3808 5063 tu

2222 5110 2427 5169 relictis
2453 5110 2559 5166 illis
2584 5110 2864 5166 abseedis?
2904 5109 3064 5178 Atqui
3095 5106 3162 5162 ad
3189 5104 3471 5180 prandium
3504 5102 3723 5174 quidem
3763 5103 3807 5156 si

2222 5213 2444 5259 vocatus
2472 5202 2661 5268 fueris,
2687 5199 2901 5257 tametsi
2930 5200 3078 5269 prius
3104 5206 3377 5251 saturatas
3426 5196 3504 5249 sis
3528 5235 3545 5260 ,
3596 5208 3806 5248 recuru-

2223 5296 2473 5355 bentibus
2497 5295 2709 5352 caeteris
2731 5308 2838 5348 non
2868 5290 3038 5348 audes
3062 5298 3189 5344 ante
3234 5287 3436 5341 amicos
3481 5284 3803 5345 discedere;

2221 5390 2308 5448 hic
2334 5404 2463 5444 vero
2492 5388 2617 5443 dum
2637 5385 2836 5441 Christi
2858 5382 3109 5454 mysteria
3130 5379 3488 5441 celebrantur,
3509 5375 3638 5431 dum
3682 5389 3802 5429 san-

2223 5492 2366 5538 ctum
2389 5480 2518 5536 illud
2544 5476 2869 5534 sacrificium
2896 5473 3072 5528 adhuc
3101 5471 3394 5542 peragitur,
3421 5470 3600 5524 omnia
3618 5467 3669 5522 in
3693 5482 3803 5521 me-

2222 5573 2314 5628 dio
2336 5571 2666 5641 derelinquis
2694 5578 2748 5623 et
2776 5563 3066 5622 abscedis?
3093 5562 3225 5629 Quis
3251 5561 3368 5617 haec
3402 5558 3619 5614 tandem
3649 5556 3801 5612 venia

2223 5666 2382 5737 digna
2407 5662 2719 5721 censuerit?
2742 5661 2864 5733 quis
2889 5656 3203 5714 defensione
3225 5652 3499 5725 purgavit?
3528 5650 3701 5705 Vultis
3719 5648 3803 5701 di-

2223 5773 2341 5813 cam
2361 5756 2639 5827 cujusnam
2663 5768 2799 5825 opus
2826 5750 3106 5823 perficiant
3128 5746 3203 5801 illi
3246 5746 3339 5815 qui
3384 5753 3513 5799 ante
3556 5740 3797 5810 comple-

2225 5858 2464 5907 mentum
2507 5848 2774 5917 linemque
2794 5842 3095 5908 discedunt,
3142 5853 3317 5909 neque
3361 5851 3513 5894 caena
3559 5834 3796 5891 absoluta
