4066 6392
329 422 433 480 309

330 552 465 603 νην.
516 529 667 597 Εἶδες
714 533 1130 605 εὐγνωμοσύνην
1168 535 1407 598 οἰκέτου;
1459 531 1593 600 εἶδες
1648 552 1898 588 ταπεινο-

328 619 606 691 φροσύνην
659 620 963 684 Δεσπότου;
1016 619 1082 672 Τί
1128 620 1257 672 ποτέ
1310 621 1426 672 ἑστι
1475 621 1557 683 16,
1614 620 1902 691 Πληρῶσαι

332 707 513 757 πᾶσαν
538 704 915 773 δικαιοσύνην;
948 702 1272 773 Δικαιοσύνη
1296 702 1513 771 λέγεται
1539 703 1645 756 τῶν
1674 702 1903 757 ἐντολῶν

332 785 521 839 πασῶν
558 788 590 856 ἡ
626 787 938 857 πλήρωσις·
976 785 1170 856 ὥσπερ
1205 786 1334 841 ὅταν
1371 786 1539 858 λέγῃ*
1568 781 1762 840 Ἦσαν
1789 787 1901 855 ἀμ·

328 868 565 936 φότεροι
619 868 834 923 δίκαιοι
883 870 1271 937 πορευόμενοι
1327 870 1398 923 ἐν
1448 868 1578 934 ταῖς
1604 868 1902 932 -ἐντολαῖς

329 949 437 1003 τοῦ
463 951 682 1019 Κυρίου
705 951 1013 1021 ἄμεμπτοι.
1051 952 1205 1004 Ἐπεὶ
1230 946 1322 1005 οὖν
1350 951 1455 1004 ἔδει
1488 950 1774 1021 πληρῶσαι
1803 950 1903 1020 τὴν

328 1032 669 1105 δικαιοσύνην
697 1035 900 1106 ταύτην
937 1036 1061 1098 τοὺς
1092 1034 1407 1106 ἀνθρώπους
1436 1034 1699 1097 ἅπαντας,
1729 1033 1901 1096 οὐδεὶς

328 1117 385 1169 δὲ
410 1119 578 1188 αὐτὴν
601 1119 901 1189 ἀπήρτισεν
923 1118 1041 1171 οὐδὲ
1064 1118 1400 1189 ἐπλήρωσεν,
1425 1118 1593 1172 ἐλθὼν
1618 1120 1645 1171 6
1668 1118 1901 1190 Χριστὸς

330 1202 528 1271 πληροῖ
560 1203 657 1273 τὴν
681 1202 1024 1272 δικαιοσύνην
1054 1201 1285 1270 ταύτην.

404 1287 467 1338 δ’.
485 1285 593 1339 Kal
614 1284 744 1337 ποία
759 1284 1093 1355 δικαιοσύνη,
1138 1286 1289 1355 φησὶ,
1311 1285 1370 1338 τὸ
1406 1284 1761 1355 βαπτισθῆναι
1782 1303 1795 1350 ;
1826 1285 1900 1338 Τὸ

328 1364 406 1435 τῷ
452 1367 701 1437 προφήτῃ
749 1367 1033 1437 πεισθῆναι
1064 1366 1373 1438 δικαιοσύνη
1420 1364 1506 1438 ἦν.
1550 1368 1759 1439 Ὥσπερ
1804 1363 1898 1423 οῦν

330 1448 481 1520 [575]
519 1450 922 1521 περιετέμνετο,
952 1451 1044 1504 καὶ
1077 1450 1268 1504 θυσίαν
1316 1453 1601 1521 ἀνήνεγκε,
1633 1452 1727 1503 καὶ
1766 1451 1899 1504 σάϐ-

328 1531 466 1584 ϐατα
517 1535 771 1604 ἐτήρησε,
821 1533 915 1586 καὶ
963 1533 1155 1604 ἑορτὰς
1208 1533 1524 1603 ἐπλήρωσεν
1569 1534 1897 1599 Ἰουὼῖκάς,

327 1612 469 1666 οῦτω
498 1616 593 1668 καὶ
638 1615 796 1668 τοῦτο
837 1615 898 1668 τὸ
950 1616 1270 1685 λειπόμενον
1313 1615 1641 1687 προσέθηκε,
1682 1617 1744 1670 τὸ
1778 1634 1898 1670 πει-

329 1698 512 1768 σθῆναι
551 1700 803 1771 προφήτῃ
838 1696 1170 1769 βαπτίζοντι.
1200 1698 1320 1751 Ὅτι
1348 1699 1454 1771 γὰρ
1481 1699 1614 1752 Θεοῦ
1651 1698 1898 1770 βούλημα

325 1776 392 1849 ἦν
422 1780 483 1833 16
513 1781 867 1851 βαπτίζεσθαι
900 1782 1107 1844 πάντας
1147 1782 1290 1841 τότε,
1318 1783 1549 1836 ἄκουσον
1590 1782 1643 1835 τί
1677 1799 1839 1853 φησιν
1870 1785 1899 1836 6

338 1863 615 1934 Ἰωάννης·
651 1864 703 1917 '0
742 1864 983 1932 πέμψας
1011 1881 1086 1933 με
1107 1862 1417 1928 βαπτίζειν
1447 1864 1519 1918 ἐν
1558 1864 1757 1917 ὕδατι·
1802 1866 1897 1918 καὶ

324 1947 486 1999 πάλιν
512 1950 539 2001 6
567 1948 820 2018 Χριστὸς,
853 1950 917 2001 Οἱ
944 1947 1195 2001 τελῶναι
1235 1948 1330 2000 καὶ
1363 1950 1394 2000 ό
1431 1946 1613 2015 ὄχλος
1642 1946 1902 1999 ἐδικαίω-

324 2045 447 2085 σαν
484 2033 590 2085 τόν
615 2031 783 2095 Θεὸν,
801 2030 1242 2097 ,ϐαπτισθέντες
1271 2029 1337 2083 τὸ
1362 2028 1677 2098 βάπτισμα
1716 2028 1900 2084 Ἰωάν-

324 2134 436 2169 νου
457 2132 470 2145 ·
502 2118 557 2169 οἱ
584 2114 652 2167 δὲ
682 2112 990 2183 Φαρισαῖοι
1018 2113 1115 2165 καί
1139 2115 1192 2166 οἱ
1218 2111 1570 2182 γραμματεῖς
1596 2111 1900 2179 ἠθέτησαν

323 2198 439 2265 τὴν
472 2198 719 2265 ,ϐουλὴν
752 2196 859 2250 τοῦ
901 2195 1049 2249 Θεοῦ
1072 2195 1157 2263 μὴ
1194 2192 1635 2259 βαπτισθέντες
1663 2194 1763 2247 ὑπ’
1793 2197 1898 2247 αὺ-

323 2280 450 2335 τοῦ.
484 2282 547 2334 Εί
575 2280 753 2333 τοίνυν
780 2280 842 2333 16
881 2279 958 2348 τῷ
989 2279 1109 2349 Θεῴ
1154 2277 1436 2331 πείθεσθαι
1480 2276 1823 2348 δικαιοσύνη,
1870 2278 1899 2329 6

323 2364 380 2418 66
425 2365 557 2429 Θεὸς
603 2364 816 2434 ἔπεμψε
866 2363 955 2415 τὸν
989 2361 1262 2432 Ἰωάννην,
1310 2360 1451 2413 ὥστε
1502 2359 1758 2429 βαπτίσαι
1806 2359 1897 2413 τὸν

323 2447 470 2507 λαὸν,
515 2447 653 2518 μετὰ
696 2446 804 2499 τῶν
842 2446 1015 2500 ἄλλων
1069 2444 1321 2498 ἁπάντων
1366 2442 1475 2497 τῶν
1524 2443 1761 2513 νομικῶν
1804 2444 1897 2496 καὶ

321 2530 480 2583 τοῦτο
504 2530 817 2601 ἐπλήρωσεν
843 2531 871 2583 6
900 2528 1152 2599 Χριστός.
1188 2524 1419 2579 ’Υπόθου
1446 2525 1623 2578 τοίνυν
1652 2526 1897 2579 διακόσια

322 2614 552 2685 δηνάρια
578 2613 670 2666 τοῦ
701 2612 866 2683 νόμου
894 2610 992 2673 τάς
1023 2608 1238 2671 ἑντολάς
1263 2604 1402 2661 εἶναι
1423 2624 1434 2634 ·
1467 2606 1623 2660 τοῦτο
1653 2608 1713 2661 16
1739 2610 1897 2678 χρέος

324 2697 430 2750 ἔδει
462 2696 524 2749 16
570 2696 724 2764 γένος
762 2695 824 2748 16
858 2694 1122 2764 ἡμέτερον
1174 2690 1524 2744 καταϐαλεῖν·
1556 2691 1616 2743 ού
1664 2691 1899 2745 κατεϐά-

323 2780 517 2850 λομεν·
560 2782 806 2848 κατεῖχεν
851 2778 999 2847 ἡμᾶς
1024 2778 1052 2828 6
1089 2774 1316 2836 θάνατος
1372 2772 1706 2835 ὑπευθύνους
1738 2773 1897 2837 ὄντας

323 2868 432 2927 τοῖς
466 2863 769 2934 ἐγκλήμασι
795 2860 1022 2923 τούτοις.
1059 2856 1257 2911 Ἐλθὼν
1280 2858 1308 2908 ὁ
1335 2855 1568 2927 Χριστὸς
1597 2856 1690 2908 καὶ
1721 2856 1897 2927 εὑρὼν

324 2949 471 3018 ἡμᾶς
523 2945 941 3016 κατεχομένους,
986 2941 1252 2996 κατέϐαλε
1282 2941 1345 2993 τὸ
1386 2940 1565 3012 χρέος,
1609 2940 1895 3011 ἐπλήρωσε

320 3035 382 3086 16
414 3032 652 3103 ὄφλημα,
686 3030 960 3100 ἐξήρπασε
993 3027 1121 3088 τοὺς
1171 3025 1271 3077 οὐκ
1311 3024 1531 3094 ἔχοντας
1568 3022 1766 3077 δοῦναι.
1798 3024 1897 3077 Διὰ

321 3117 479 3169 τοῦτο
512 3116 611 3168 οὐκ
641 3109 784 3175 εἷπε,
822 3110 1038 3183 Πρέπον
1070 3108 1218 3161 ἐστὶν
1262 3109 1393 3177 ἡμῖν
1427 3106 1652 3175 ποιῆσαι
1701 3106 1761 3158 16
1804 3107 1898 3159 καὶ

321 3202 404 3264 16,
450 3199 613 3263 ἀλλὰ,
665 3193 985 3263 Πληρῶσαι
1038 3190 1244 3245 πᾶσαν
1291 3190 1704 3257 δικαιοσύνην.
1746 3191 1898 3261 Ἐμοὶ

322 3284 401 3354 τῷ
435 3282 680 3351 Δεσπότῃ
726 3278 936 3350 πρέπον
970 3276 1107 3340 ἐστὶ,
1155 3274 1307 3345 φησὶ,
1340 3273 1418 3343 τῷ
1465 3272 1678 3343 ἔχοντι,
1725 3290 1896 3327 κατα-

324 3367 505 3420 ϐαλεῖν
544 3364 687 3434 ὑπὲρ
725 3362 834 3414 τῶν
884 3362 985 3413 οὐκ
1036 3359 1285 3428 ἑχόντων.
1336 3356 1482 3425 Αὕτη
1533 3357 1565 3426 ἡ
1611 3356 1758 3409 αἰτία
1803 3358 1897 3409 τοῦ

327 3451 721 3521 βαπτίσματος,
750 3446 838 3499 ἵνα
879 3442 1007 3514 δόξῃ
1032 3442 1120 3495 τὸν
1162 3441 1325 3511 νόμον
1368 3440 1586 3493 ἅπαντα
1636 3438 1895 3509 πληροῦν,

325 3520 417 3587 καὶ
447 3532 616 3602 αὕτη,
658 3531 752 3584 καὶ
800 3531 833 3599 ἡ
866 3527 972 3597 πρὸ
1003 3525 1206 3594 ταύτης
1238 3522 1520 3593 εἰρημένη.
1570 3520 1660 3573 Διὸ
1710 3523 1804 3575 καὶ
1838 3524 1899 3575 16

326 3620 550 3689 Πνεῦμα
583 3620 639 3670 ἐν
671 3614 801 3667 εἴδει
829 3611 1155 3681 περιστερᾶς
1191 3606 1461 3661 κάτεισιν·
1498 3607 1629 3658 ὅπου
1661 3605 1767 3676 γὰρ
1801 3623 1897 3658 και

324 3702 567 3771 ταλλαγὴ
593 3698 750 3760 Θεοῦ,
783 3694 1100 3765 περιστερά.
1136 3692 1245 3745 Kal
1286 3690 1393 3759 γὰρ
1436 3689 1529 3741 καὶ
1570 3688 1789 3771 ἑπὶῌτῆς
1818 3705 1901 3740 κι-

327 3766 626 3854 ϐωτοῦ-της
662 3782 753 3834 ἐπὶ
791 3778 911 3831 Νῶε
945 3777 1188 3846 φέρουσα
1221 3772 1413 3826 κλάδον
1447 3771 1636 3854 ἑλαίας
1671 3766 1833 3854 ἦλθεν
1864 3772 1897 3840 ἡ

326 3852 643 3940 περιστερὰν
696 3863 757 3917 σύ
768 3862 960 3933 μδολον
1003 3859 1103 3925 τῆς
1148 3855 1242 3909 τοῦ
1276 3854 1409 3909 Θεοῦ
1457 3852 1860 3940 φιλανθρωπίας
1880 3893 1895 3917 ,

325 3935 423 4007 καὶ
461 3935 567 4022 τῆς-
600 3949 693 4002 τοῦ
726 3946 994 4019 χειμῶνος
1037 3940 1391 4009 ἀπαλλαγῆς·
1433 3938 1527 3990 καὶ
1557 3936 1659 4022 νῦν
1680 3937 1736 3988 ἑν
1771 3935 1899 4022 εῖδει

327 4020 680 4109 περιστερᾶς,
705 4034 804 4086 οῦκ
834 4034 891 4085 ἑν
926 4029 1137 4097 σώματι
1165 4026 1268 4093 (δεῖ
1300 4024 1408 4109 γὰρ
1431 4021 1709 4109 ἀσφαλῶς
1730 4020 1900 4109 ταῦτα

326 4103 595 4189 εἰδέναιγ,
642 4117 703 4171 16
743 4114 969 4185 Πνεῦμα
1014 4111 1253 4182 ἔρχεται,
1297 4107 1389 4160 16v
1427 4104 1595 4189 Elava
1620 4103 1732 4189 τοῦμ
1765 4103 1899 4189 Θεοῦ

326 4186 694 4273 καταγγέλλον
725 4202 793 4270 τῇ
840 4195 1157 4265 οἰκουμένῃ,
1185 4191 1303 4261 ἃμα
1346 4189 1403 4242 δὲ
1448 4188 1541 4241 καὶ
1577 4186 1785 4273 δηλοῦν,
1818 4187 1899 4239 ὃτι

325 4292 418 4346 τὸν
475 4268 843 4358 πνευματικδν
904 4282 1073 4352 ἄνδρα
1108 4276 1379 4347 ἀπόνηρόν
1433 4291 1554 4358 τινα
1606 4268 1742 4358 εἶναι
1794 4273 1898 4358 χρὴ

327 4378 424 4429 καὶ
482 4354 684 4427 ἁπλοῦν
738 4368 832 4420 καὶ
883 4366 1121 4420 ἄκακον·
1171 4359 1423 4430 καθάπερ
1469 4356 1564 4411 καὶ
1607 4357 1636 4408 6
1668 4354 1901 4425 Χριστός

327 4477 520 4531 φησιν·
571 4455 706 4508 Ἐὰν
744 4452 830 4522 μὴ
884 4446 1199 4531 στραφῆτε,
1245 4444 1342 4531 καί
1388 4442 1665 4531 γένησθε.
1701 4440 1782 4503 ὡς
1830 4439 1901 4529 τὰ

327 4520 555 4605 παιδία,
582 4540 651 4593 οὐ
676 4520 763 4606 μή
803 4531 1114 4598 εἰσέλθητε
1153 4530 1240 4593 εἰς
1272 4526 1389 4595 τὴν
1412 4524 1743 4589 βασιλείαν
1781 4520 1902 4606 τῶν

327 4604 618 4693 οὐρανῶν.
661 4604 874 4686 Ἐκείνη
923 4613 1020 4684 μὲν
1049 4608 1141 4665 οῦν
1176 4612 1210 4681 ἡ
1240 4608 1491 4673 κιϐωτὸς,
1515 4606 1607 4660 τοῦ
1638 4604 1901 4676 χειμῶνος

326 4688 599 4770 λυθέντος,
632 4703 844 4774 ἔμεινεν
883 4698 975 4751 ἑπὶ
1009 4695 1107 4765 τῆς
1147 4694 1250 4764 γῆς
1270 4708 1284 4723 ·
1317 4690 1456 4761 αῦτη
1487 4689 1540 4742 δὲ
1572 4688 1899 4774 ἡῌκιϐωτὸς,

326 4796 425 4865 τῆς
450 4791 617 4863 ὀργῆς
664 4771 937 4852 λυθείσης,
965 4783 1044 4843 είς
1072 4774 1418 4865 τὸν-ούρανον
1469 4771 1766 4865 ἡρπάζετο,
1808 4772 1903 4865 καλ,

455 4855 600 4928 ἑστιν
635 4874 691 4925 ἑν
720 4868 869 4939 δεξιᾷ
894 4865 988 4919 τοῦ
1017 4862 1229 4934 Πατρὸς
1257 4860 1318 4912 16
1347 4858 1575 4930 ἄμωμον
1604 4859 1779 4909 έκεῖνο
1811 4855 1901 4907 καὶ

330 4960 603 5030 ἀκήρατον
638 4953 818 5023 σῶμα.

412 5028 550 5103 Ἀλλ’
592 5046 778 5114 ἐπειδὴ
826 5041 917 5095 τοῦ
958 5040 1209 5107 σώματος
1252 5031 1526 5103 ἐμνήσθην
1552 5028 1901 5092 Δεσποτικοῦ,

329 5143 623 5211 ἀναγκαῖον
673 5124 808 5207 πρὸς
874 5132 1018 5203 ὑμᾶς
1082 5126 1257 5199 μικρά
1310 5124 1439 5193 περὶ
1486 5122 1676 5175 τούτου
1731 5120 1906 5174 διαλε-

333 5236 557 5309 χθέντας
590 5226 935 5285 καταπαῦσαι
956 5224 1045 5276 τὸν
1081 5220 1260 5289 λόγον.
1290 5214 1421 5272 Οἶδα
1449 5218 1530 5270 ὅτι
1557 5214 1743 5309 πολλοὶ
1775 5216 1904 5309 παρ’

333 5305 464 5402 ἡμῖν
483 5326 571 5381 διὰ
594 5323 735 5394 1ιτὴν
773 5319 871 5389 τῆς
908 5315 1100 5388 ἑορτῆς
1139 5310 1431 5402 συνήθειανΔ
1463 5311 1529 5379 τῇ
1561 5305 1904 5402 ίερᾷᾼταύτῃ

334 5393 805 5491 προσδραμοῦνται
854 5405 1123 5478 τραπέζῃ.
1176 5401 1325 5491 Ἔδει
1380 5399 1478 5491 μὲν
1528 5393 1641 5461 οῦν,
1690 5397 1764 5460 ώς
1813 5397 1908 5491 καὶ

335 5488 591 5568 πολλάκις
650 5502 818 5571 ἔφθην
880 5494 1046 5550 είπὼν
1071 5534 1085 5556 ,
1156 5493 1230 5563 μὴ
1285 5488 1477 5561 ἑορτὰς
1540 5490 1905 5559 παρατηρεῖν,

331 5600 497 5674 ήνίκα
529 5597 594 5650 ἀν
627 5594 734 5646 δέοι
763 5588 1054 5647 κοινωνεῖν,
1085 5581 1221 5674 ἀλλὰ
1249 5574 1907 5674 τὸ-συνειδὸςΔκαθαίρειν,

335 5664 430 5745 καὶ
478 5685 603 5740 τότε
646 5684 745 5753 τῆς
792 5680 943 5750 ἱερᾶς
992 5672 1261 5729 ἅπτεσθαι
1308 5669 1518 5731 θυσίας.
1561 5668 1620 5720 '0
1668 5666 1765 5737 μὲν
1801 5664 1909 5735 γὰρ

394 5906 411 5930 ⁸
448 5903 546 5956 Alii
567 5903 730 5951 πολλοὶ
750 5900 887 5947 πάλιν
912 5896 1003 5945 διά.

1494 423 1582 479 DE
1624 423 1707 476 BA
1718 421 1970 477 PTISMO
2006 419 2303 478 CHRISTI.

3474 429 3578 486 370

2005 540 2202 612 ἑναγὴς
2234 542 2329 594 καὶ
2359 539 2666 611 ἀκάθαρτος
2698 541 2819 595 οὐδὲ
2854 543 2911 594 ἑν
2951 542 3110 612 ἑορτῇ
3150 540 3352 605 δίκαιος
3386 542 3454 597 ἂν
3494 547 3580 615 εἴη

2005 636 2251 707 μετέχειν
2287 636 2386 706 τῆς
2422 636 2584 703 ἁγίας
2616 634 2832 704 ἐκείνης
2866 633 2961 688 καὶ
2999 634 3301 705 φρικώδους
3340 637 3581 709 σαρκός·

1999 729 2029 782 6
2058 729 2116 782 66
2148 728 2383 799 καθαρὸς
2414 728 2509 782 καὶ
2536 728 2623 783 διὰ
2658 728 2944 799 μετανοίας
2973 723 3232 801 ἀκριϐοῦς
3261 728 3580 800 ἀποσμηξά-

2005 836 2163 889 μενος
2201 820 2271 874 τά
2302 821 2770 894 πλημμελήματα,
2807 821 2905 875 καὶ
2944 824 3003 877 ἑν
3036 824 3196 897 ἑορτῇ
3239 822 3335 876 καὶ
3372 822 3460 875 ἀεὶ
3497 822 3580 875 δί-

2000 931 2152 978 καιος
2175 915 2241 969 ἂν
2261 915 2344 986 είη
2375 917 2623 986 μετέχειν
2650 916 2760 968 τῶν
2786 915 2948 971 θείων
2971 914 3301 987 μυστηρίων,
3324 915 3419 968 καὶ
3442 915 3580 967 ἀπο-

2000 1008 2184 1063 λαύειν
2204 1010 2268 1063 ἂν
2292 1010 2375 1081 εῖη
2405 1008 2551 1076 ἄξιος
2568 1012 2678 1063 τῶν
2699 1010 2791 1064 τοῦ
2813 1010 2948 1064 Θεοῦ
2968 1009 3204 1082 δωρεῶν.
3235 1008 3374 1061 Ἀλλ’
3391 1006 3577 1079 ἐπειδὴ

1998 1107 2156 1160 τοῦτο
2188 1107 2287 1159 οὐκ
2316 1102 2430 1160 οἶδα
2459 1105 2577 1169 πῶς
2612 1106 2903 1176 παρῶπταί
2930 1123 3061 1169 τισι,
3095 1106 3188 1159 καὶ
3211 1106 3420 1175 μυρίων
3453 1103 3580 1158 πολ-

1999 1198 2082 1252 λοὶ
2117 1199 2376 1270 γέμοντες
2412 1199 2616 1264 κακῶν,
2658 1201 2747 1253 ὅτε
2780 1199 2876 1269 τὴν
2909 1198 3099 1269 ἑορτὴν
3147 1199 3297 1252 ἴδωσι
3332 1214 3577 1268 παραγε-

1998 1293 2250 1363 νομένην,
2315 1293 2390 1355 ὡς
2460 1293 2551 1345 ὑπ’
2612 1291 2783 1360 αὐτῆς
2834 1291 3129 1363 ὠθούμενοι
3185 1291 3284 1360 τῆς
3342 1290 3575 1361 ἡμέρας,

2001 1386 2262 1440 ἅπτονται
2301 1385 2411 1439 τῶν
2450 1385 2609 1457 ἱερῶν
2641 1384 2791 1457 [574]
2831 1383 3164 1455 μυστηρίων,
3201 1383 3237 1437 ἃ
3273 1382 3405 1453 μηδὲ
3447 1382 3577 1435 ἰδεῖν

1998 1475 2142 1531 οὕτω
2170 1476 2542 1546 διακειμένους
2575 1476 2733 1546 θέμις
2752 1491 2765 1505 ·
2797 1475 2925 1537 τοὺς
2962 1474 3060 1544 μὲν
3095 1474 3283 1545 δήλους
3311 1475 3445 1542 ἡμῖν
3475 1472 3575 1524 αύ-

1997 1570 2080 1622 10l
2125 1569 2340 1632 πάντως
2383 1569 2544 1639 ἡμεῖς
2586 1567 2952 1637 ἀπείρξομεν,
2999 1565 3128 1629 τοὺς
3169 1566 3227 1618 66
3266 1564 3576 1633 ἀγνώστους

1999 1662 2131 1733 ἡμῖν
2174 1661 2253 1732 τῷ
2302 1659 2420 1729 Θεῷ
2466 1659 2879 1729 καταλείψομεν,
2914 1657 2992 1729 τῷ
3035 1658 3106 1712 τά
3147 1659 3434 1731 ἀπόρῤητα
3476 1657 3577 1728 τῆς

2000 1756 2228 1811 ἑκάστου
2256 1756 2493 1820 διανοίας
2516 1757 2675 1810 εἰδότι
2702 1771 2717 1785 ·
2746 1756 2810 1809 16
2834 1754 2964 1824 γοῦν
2993 1755 3244 1824 φανερῶς
3268 1755 3575 1823 ἁμαρτανό-

2003 1866 2159 1917 μενον
2188 1850 2340 1918 παρὰ
2362 1848 2578 1902 πάντων
2607 1848 2975 1919 πειρασόμεθα
3000 1848 3287 1918 διορθῶσαι
3311 1849 3375 1918 τή
3387 1864 3570 1918 μερον.

1999 1938 2065 1991 Τί
2096 1932 2188 1992 οῦν
2213 1938 2329 1991 ἑστι
2364 1936 2521 1993 τοῦτο
2547 1940 2607 1993 16
2634 1939 2962 2009 ἀμάρτημα;
2993 1938 3066 1990 T6
3100 1939 3173 2009 μὴ
3209 1938 3347 2009 μετὰ
3376 1938 3577 2011 φρίκης

2000 2030 2300 2101 προσιέναι,
2337 2030 2472 2084 ἀλλά
2501 2030 2871 2094 λακτίζοντας,
2906 2029 3235 2093 τύπτοντας,
3273 2028 3444 2099 θυμοῦ
3479 2028 3574 2094 γέ-

2003 2138 2221 2192 μοντας,
2253 2122 2509 2193 βοῶντας,
2541 2122 2930 2192 λοιδοροῦντας,
2964 2121 3089 2184 τοὺς
3117 2121 3342 2191 πλησίον
3374 2119 3576 2174 ὠθοῦν-

1998 2232 2117 2278 τας,
2154 2215 2398 2286 ταραχῆς
2432 2214 2938 2283 ἑμπεπλησμένους.
2975 2212 3161 2266 Ταῦτα
3193 2214 3287 2266 καὶ
3316 2212 3577 2275 πολλάκις

1999 2303 2169 2371 εἷπον,
2210 2306 2302 2359 καὶ
2337 2306 2511 2374 λέγων
2545 2306 2606 2359 οὐ
2652 2304 2949 2375 παύσομαι.
2992 2305 3105 2373 Οὐχ
3144 2304 3306 2374 ὁρᾶτε
3344 2304 3435 2355 ἑπὶ
3466 2300 3576 2354 τῶν

2012 2399 2319 2468 Ὀλυμπίων
2347 2397 2594 2467 ἀγώνων,
2622 2398 2750 2451 ὅταν
2771 2395 3113 2465 ἀγωνοθέτης
3130 2394 3217 2447 διὰ
3242 2393 3341 2462 τῆς
3372 2394 3576 2461 ἀγορᾶς

2002 2492 2210 2564 βαδίζῃ,
2244 2491 2505 2561 στέφανον
2534 2490 2626 2543 ἐπὶ
2655 2490 2755 2559 τῆς
2783 2486 3025 2558 κεφαλῆς
3051 2484 3209 2556 ἔχων,
3231 2484 3421 2555 στολὴν
3446 2483 3576 2536 ἀναι

1999 2584 2362 2654 ϐεϐλημένος,
2418 2582 2612 2653 ῥάϐδον
2668 2582 2727 2634 ἑν
2778 2582 2845 2651 τῇ
2895 2579 3039 2651 χειρὶ
3084 2578 3349 2649 κατέχων,
3389 2578 3487 2645 ὅση
3540 2577 3573 2645 ἡ

1998 2677 2241 2743 εὐταξία,
2286 2674 2380 2729 τοῦ
2433 2677 2669 2747 κήρυκος
2724 2672 2951 2744 βοῶντος
2997 2669 3228 2740 ἡσυχίαν
3274 2665 3409 2722 εἶναι
3459 2668 3574 2737 μετ’

1997 2768 2329 2838 εὐκοσμίαςς
2361 2766 2485 2830 Πῶς
2509 2761 2600 2820 οῦν
2630 2765 2727 2818 οὐκ
2755 2764 2974 2826 ἄτοπον,
2999 2761 3125 2814 ἔνθα
3157 2763 3255 2831 μὲν
3276 2762 3304 2814 6
3333 2758 3575 2822 διάϐολος

1999 2862 2287 2930 πομπεύει,
2323 2858 2589 2928 τοσαύτην
2634 2850 2771 2910 εἶναι
2827 2856 2924 2925 τὴν
2973 2850 3225 2925 ἡσυχίαν,
3270 2850 3399 2904 ἔνθα
3442 2850 3498 2903 δὲ
3546 2852 3575 2904 6

1998 2954 2231 3026 Χριστὸς
2260 2953 2396 3024 πρὸς
2426 2951 2614 3005 ἑαυτὸν
2636 2948 2808 3013 καλεῖ,
2841 2948 3008 3001 πολὺν
3033 2943 3169 3001 εἶναι
3195 2945 3285 3000 τὸν
3316 2942 3571 3013 θόρυϐονε

2011 3051 2098 3102 Ἐν
2146 3048 2320 3119 ἀγορᾷ
2369 3045 2591 3117 ἡσυχία,
2640 3044 2732 3097 καὶ
2779 3044 2837 3095 6v
2888 3039 3151 3111 ἐκκλησίᾳ
3209 3039 3461 3109 κραυγῆς
3517 3038 3576 3089 ἑν

1999 3144 2223 3211 πελάγει
2264 3141 2496 3210 γαλήνη,
2532 3137 2625 3192 καὶ
2658 3138 2715 3189 ἑν
2748 3132 2926 3204 λιμένι
2963 3131 3213 3201 κύματα;
3250 3128 3316 3182 Τί
3350 3127 3574 3200 θορυϐῇ,

1998 3236 2119 3288 εἰπέ
2147 3251 2255 3303 μοι,
2285 3230 2568 3300 ἀνθρωπες
2591 3225 2644 3278 τί
2665 3225 2723 3279 δὲ
2749 3222 2971 3293 ἑπείγῃ;
3000 3219 3340 3292 πραγμάτων
3363 3217 3573 3286 ἀνάγκη

2000 3343 2061 3379 σε
2115 3323 2269 3377 καλεῖ
2315 3321 2564 3383 πάντωςς
2599 3316 2736 3379 ὅλως
2785 3315 2892 3383 γὰρ
2941 3309 3087 3374 οἶδας
3138 3312 3217 3364 ὅτι
3275 3309 3576 3379 πράγματα

1999 3416 2142 3486 ἔχεις
2182 3410 2325 3467 κατὰ
2362 3409 2459 3481 τὴν
2490 3408 2639 3479 ὥραν
2678 3407 2923 3475 ἑκείνην;
2969 3404 3239 3474 μέμνησαι
3276 3399 3385 3468 γὰρ
3416 3398 3573 3486 ὅλως,

1995 3485 2079 3562 ὅτι
2123 3506 2216 3559 ἐπὶ
2251 3504 2350 3574 τῆς
2383 3502 2488 3572 γῆς
2517 3495 2597 3565 εἷς
2632 3498 2872 3570 νομίζεις
2909 3496 2965 3550 δὲ
3003 3494 3141 3565 μετά
3172 3490 3473 3563 ἀνθρώπων
3499 3485 3575 3542 εἵ-

1996 3615 2084 3651 ναι
2104 3613 2117 3660 ;
2140 3595 2251 3647 Kal
2273 3592 2389 3655 πῶς
2406 3590 2525 3660 οὐχὶ
2546 3588 2752 3656 λιθίνης
2769 3584 2943 3637 ταῦτα
2970 3580 3223 3643 διανοίας,
3250 3578 3309 3632 16
3335 3575 3577 3646 νομίζειν

1998 3686 2141 3741 κατὰ
2162 3685 2252 3739 τὸν
2271 3682 2461 3753 καιρὸν
2492 3681 2695 3733 ἐκεῖνον
2721 3676 2813 3729 ἐπὶ
2835 3674 2940 3744 γῆς
2964 3671 3207 3735 ἑστάναι,
3231 3667 3344 3723 ἀλλ’
3371 3667 3430 3720 ού
3458 3666 3575 3737 μετ’

1998 3778 2244 3847 ἀγγέλων
2276 3774 2543 3847 χορεύειν,
2581 3770 2695 3841 μεθ’
2730 3762 2804 3822 ὧν
2830 3767 2890 3821 16
2929 3763 3188 3837 μυστικὸν
3217 3762 3390 3814 ἑκεῖνο
3417 3759 3575 3831 μέλος

1998 3870 2339 3942 ἀνέπεμψας,
2374 3866 2489 3938 μεθ’
2513 3859 2587 3919 ὧν
2616 3864 2714 3933 τὴν
2742 3861 3007 3916 ἑπινίκιον
3031 3856 3245 3926 ἑκείνην
3271 3855 3571 3924 ἀνήνεγκας

1998 3961 2139 4033 ᾠδὴν
2170 3959 2249 4030 τῷ
2280 3956 2432 4028 Θεῷς
2466 3954 2564 4008 Διά
2586 3952 2743 4007 τοῦτο
2772 3951 2864 4004 καὶ
2896 3948 3088 4011 ἀετοὺς
3114 3947 3261 4017 ἡμᾶς
3286 3946 3314 3998 6
3342 3943 3576 4015 Χριστὸς

1999 4054 2257 4108 ἐκάλεσεν
2294 4049 2485 4111 εἰπὼν,
2526 4048 2711 4099 Ὅπου
2747 4044 2813 4097 τὸ
2851 4042 3078 4111 πτῶμα,
3111 4038 3240 4093 ἐκεῖ
3272 4037 3578 4106 συναχθή-

1998 4161 2209 4201 σονται
2240 4142 2336 4197 καί
2364 4145 2417 4195 οί
2446 4138 2628 4200 ἀετοί,
2659 4139 2747 4190 ἵνα
2774 4132 3246 4207 ούρανοϐατῶμεν,
3279 4131 3365 4183 ἵνα
3395 4129 3577 4201 ὑψηλὰ

2000 4234 2292 4305 πετώμεθα
2321 4235 2433 4294 τοῖς
2461 4232 2679 4302 πτεροῖς
2701 4226 2793 4281 τοῦ
2822 4224 3129 4295 πνεύματος
3155 4221 3534 4293 κουφιζόμενοι
3557 4236 3574 4255 ο

1999 4330 2160 4399 ἡμεῖς
2191 4326 2247 4379 δὲ
2288 4323 2429 4378 κατά
2463 4322 2586 4383 τοὺς
2622 4320 2774 4388 ὄφεις
2805 4316 2975 4388 χαμαὶ
3011 4314 3306 4386 συρόμεθα.
3346 4314 3441 4367 καὶ
3473 4314 3578 4384 γῆν

2000 4421 2271 4490 ἐσθίομεν.
2314 4414 2576 4469 Βούλεσθε
2635 4412 2773 4465 εἴπω
2829 4408 2992 4463 πόθεν
3042 4409 3071 4460 6
3124 4407 3352 4478 θόρυϐος
3404 4406 3496 4459 καὶ
3542 4408 3577 4475 ή

2000 4508 2498 4584 κραυγὴγίνεταις
2540 4503 2660 4555 ’Ὁτι
2696 4500 2756 4553 ού
2791 4495 3079 4559 διαπαντὸς
3118 4496 3246 4566 ὑμῖν
3274 4495 3374 4557 τάς
3408 4493 3580 4563 θύρας

2000 4602 2392 4673 ἀποκλείομεν,
2434 4596 2568 4651 ἀλλὰ
2614 4589 3001 4663 συγχωροῦμεν
3050 4588 3157 4659 πρὸ
3197 4588 3296 4660 τῆς
3345 4586 3580 4657 ἐσχάτης

2003 4694 2353 4769 εὐχαριστίας
2378 4687 2663 4759 ἀποπηδᾷν
2694 4684 2789 4737 κα)⁸
2821 4682 3122 4753 ἀναχωρεῖν
3165 4678 3349 4733 οῐκαδε
3373 4694 3389 4711 ο
3426 4678 3456 4731 δ
3488 4680 3582 4733 καὶ

2003 4788 2137 4843 αὐτὸ
2178 4784 2379 4853 πολλῆς
2419 4782 2486 4836 ἂν
2523 4780 2608 4849 εῖη
2636 4775 3109 4845 καταφρονήσεως.
3144 4772 3211 4825 Τί
3251 4772 3443 4835 ποιεῖς,
3484 4771 3582 4825 ἄν·

2004 4882 2221 4953 θρωπε;
2264 4874 2371 4930 Τοῦ
2412 4871 2647 4945 Χριστοῦ
2686 4867 2974 4939 παρόντος,
3007 4864 3115 4953 τῶν
3148 4862 3395 4931 ἀγγέλων
3437 4878 3581 4953 παρ-

2003 4947 2271 5031 εστώτων,
2298 4966 2397 5035 τῆς
2418 4961 2649 5031 φρικτῆς
2664 4956 2867 5026 ταύτης
2888 4950 3166 5024 τραπέζης
3191 4947 3580 5021 προκειμένης,

2002 5063 2110 5116 τῶν
2138 5040 2379 5127 ἀδελφῶν
2404 5070 2495 5107 σου
2526 5044 3065 5122 μυσταγωγουμένων
3094 5042 3195 5106 ἑτι,
3217 5040 3378 5104 αὐτὸς
3411 5056 3583 5094 κατα-

2003 5152 2174 5206 λιπὼν
2212 5146 2528 5216 ἀποπηδᾷςς
2562 5142 2673 5195 Kal
2706 5138 2795 5192 ἐπὶ
2826 5136 3040 5190 δεῖπνον
3073 5133 3172 5205 μὲν
3209 5131 3447 5201 κληθεὶς,
3481 5129 3583 5185 κᾶν

2006 5245 2268 5317 πρότερον
2301 5236 2587 5310 κορεσθῇς,
2617 5233 2678 5285 οὐ
2712 5230 2913 5300 τολμᾷς
2946 5227 3054 5281 τῶν
3066 5225 3260 5283 «ἄλλων
3292 5223 3584 5317 ἀνακειμέέ-

2005 5315 2112 5392 νων
2150 5333 2499 5404 ἀναχωρῆσαι
2537 5328 2643 5399 πρὸ
2680 5324 2789 5379 ⁴τῶν
2822 5322 2991 5393 φίλων
3021 5319 3180 5382 αὐτός
3200 5334 3215 5349 ο
3256 5315 3488 5370 ἐνταῦθα
3527 5316 3585 5373 δὲ

2006 5429 2112 5483 τῶν
2133 5424 2374 5498 φρικτῶν
2401 5421 2495 5475 τοῦ
2522 5416 2760 5490 Χριστοῦ
2792 5413 3104 5488 μυστηρίων
3129 5408 3581 5478 ἐπιτελουμένων,

2008 5521 2104 5591 τῆς
2138 5519 2290 5589 ἱερᾶς
2310 5513 2534 5583 τελετῆς
2564 5506 2904 5574 συνεστώσης
2934 5503 3035 5566 ἔτι,
3068 5499 3493 5569 καταλιμπάνεις
3526 5498 3587 5591 ἑν

2011 5587 2160 5686 μέσῳ
2184 5587 2361 5665 πάντα
2392 5607 2486 5662 καὶ
2510 5602 2845 5673 ἀναχωρεϊς;
2876 5597 2987 5650 Kal
3141 5591 3332 5686 ταῦταῄ
3343 5587 3587 5686 συγγνώ-

2011 5680 2309 5778 μηςτᾶξιω
2341 5699 2499 5761 ποίας
2531 5696 2589 5749 δὲ
2627 5690 2955 5759 ἀπολογίας;
2986 5682 3247 5778 Βούλεσθε
3281 5682 3419 5778 εἴπω
3443 5680 3588 5744 τίνος

2010 5772 2169 5865 ἑργον
2208 5789 2450 5846 ποιοῦσιν
2493 5788 2543 5838 οἱ
2594 5782 2699 5855 πρὸ
2740 5780 2841 5851 τῆς
2887 5772 3329 5848 συμπληρώσεως
3372 5772 3586 5865 ἀναχωο

2018 5861 2254 5958 ροῦντες,
2293 5883 2385 5937 καὶ
2428 5880 2527 5941 τὰς
2578 5869 3029 5948 εὐχαριστηρίους
3073 5865 3217 5938 ᾠδὰς
3258 5864 3358 5920 οὐκ
3398 5861 3590 5933 ἑπιφέ-
