4066 6392
509 422 615 477 371

506 555 695 611 ροντες
737 536 817 611 τῷ
863 536 1008 592 τέλει
1042 536 1141 607 τῆς
1172 534 1479 607 τραπέζης;
1513 535 1665 606 Τάχα
1699 535 1954 605 φορτικόν
1984 536 2098 589 ἐστι

505 623 569 675 τὸ
592 621 784 694 μέλλον
816 620 1168 694 ῥηθήσεσθαι,
1198 619 1313 673 ἀλλ’
1334 620 1485 690 ὅμως
1516 621 1816 688 ἀναγκαῖον
1844 618 2101 689 λεχθῆναι

505 704 597 759 διὰ
633 705 733 774 τὴν
770 704 881 758 τῶν
920 704 1133 757 πολλῶν
1177 703 1473 775 ρᾳθυμίαν.
1513 703 1644 755 "Ore
1678 701 2004 773 ἐκοινώνησε
2038 703 2102 755 τὸ

508 788 740 860 ἔσχατον
784 788 999 842 δεῖπνον
1020 800 1047 829 α
1086 790 1116 843 ὀ
1155 788 1359 851 Ἰούδας
1384 787 1446 841 τὸ
1475 787 1618 841 κατά
1647 789 1747 858 τὴν
1785 786 2103 841 τελευταίαν

508 874 680 927 νύκτα
698 873 933 945 ἐκείνην,
947 873 1057 926 τῶν
1076 872 1252 927 ἄλλων
1267 872 1522 927 ἁπάντων
1541 870 1692 943 [575]
1707 872 2099 942 ἀνακειμένων,

509 958 671 1018 αὐτὸς
708 958 1065 1028 προπηδήσας
1094 956 1279 1027 ἐξέϐη.
1314 957 1553 1010 Ἐκεῖνον
1590 957 1770 1009 τοίνυν
1810 955 2102 1027 μιμοῦνται

509 1039 605 1094 καὶ
636 1034 802 1101 οὗτοι,
826 1041 875 1093 οἱ
907 1040 1012 1112 πρὸ
1038 1040 1139 1110 τῆς
1167 1039 1405 1110 ἐσχάτης
1456 1038 1845 1110 ἀποπηδῶντες
1880 1040 2101 1110 εὐχαρι-

510 1123 687 1185 στίας.
740 1124 977 1186 Ἐκεῖνος
1013 1124 1123 1195 γὰρ
1155 1125 1203 1176 εί
1249 1123 1323 1194 μὴ
1362 1120 1605 1193 ἐξῆλθεν,
1647 1124 1747 1176 οὐκ
1784 1121 1850 1176 ἂν
1889 1123 2103 1190 ἐγένετο

508 1206 776 1279 προδότης
797 1225 810 1238 ο
845 1209 893 1260 εί
936 1207 1010 1280 μὴ
1045 1207 1303 1261 κατέλιπε
1334 1207 1459 1270 τούς
1491 1206 1876 1277 συμμαθητάς,
1904 1208 2002 1259 οὐκ
2036 1207 2103 1260 ἂν

509 1289 802 1344 ἀπώλετο·
838 1292 886 1344 εί
941 1292 1015 1363 μὴ
1066 1292 1165 1360 τῆς
1212 1290 1414 1360 ἀγέλης
1469 1290 1661 1343 ἑαυτὸν
1717 1290 2027 1362 ἀπέρρηξεν
2049 1289 2101 1355 δ,

510 1374 609 1427 οὐκ
637 1372 703 1427 ἂν
721 1374 882 1428 αὐτὸν
908 1368 1067 1446 εὗρεν
1096 1376 1124 1427 ὁ
1152 1372 1313 1437 λύκος
1348 1374 1527 1444 μόνον,
1556 1375 1647 1426 καὶ
1685 1374 1995 1442 κατέφαγεν
2015 1390 2028 1403 ο
2055 1374 2103 1426 εί

516 1456 590 1527 μὴ
619 1454 714 1509 τοῦ
747 1456 1003 1526 ποιμένος
1027 1457 1217 1511 ἐαυτὸν
1245 1456 1526 1528 ἐχώρισεν,
1557 1458 1657 1510 οὐκ
1681 1455 1746 1510 ἂν
1771 1456 2106 1527 θηριάλωτος

511 1540 725 1609 γέγονε.
770 1540 871 1593 Διὰ
916 1541 980 1612 δὴ
1024 1540 1182 1593 τοῦτο
1229 1542 1435 1604 ἐκεῖνος
1486 1541 1584 1611 μὲν
1627 1540 1767 1611 μετὰ
1810 1541 2101 1602 Ἰουδαίων,

510 1616 655 1675 οὗτοι
699 1623 755 1676 δὲ
807 1623 944 1693 μετά
995 1623 1089 1677 τοῦ
1136 1624 1412 1677 Δεσπότου
1464 1625 1805 1695 ὑμνήσαντες
1858 1624 2101 1697 ἐξῆλθον.

524 1706 688 1778 Ὁρᾷς
713 1707 796 1760 ὅτι
829 1710 857 1779 ἡ
894 1708 1097 1778 ἐσχάτη
1132 1708 1269 1779 μετὰ
1295 1708 1393 1779 τὴν
1422 1707 1613 1761 θυσίαν
1642 1709 1774 1779 εὐχὴ
1808 1708 1927 1763 κατ’
1964 1711 2104 1762 ἐκεῖ·

512 1808 603 1844 νον
623 1791 828 1859 γίνεται
857 1792 950 1845 τὸν
977 1791 1146 1845 τύπον
1169 1810 1183 1857 ;
1216 1794 1325 1846 Καὶ
1350 1791 1465 1855 νῦν,
1497 1793 1797 1863 ἀγαπητοὶ,
1822 1793 1993 1846 ταῦτα
2018 1795 2105 1845 ἐν·

513 1874 743 1945 νοῶμεν,
780 1876 956 1930 ταῦτα
987 1873 1357 1945 λογιζώμεθα.
1400 1876 1726 1946 φοϐούμενοι
1761 1876 1823 1929 τὸ
1858 1877 2109 1946 κείμενον

515 1957 610 2010 ἐπὶ
637 1958 813 2029 τούτῳ
843 1961 1041 2031 κρῖμα.
1072 1958 1244 2022 Αὐτός
1277 1976 1359 2011 σοι
1384 1958 1484 2030 τῆς
1521 1960 1725 2030 σαρκὸς
1752 1959 2103 2030 μεταδίδωσι·

578 2108 606 2175 ξ
634 2108 769 2158 Unus
791 2109 1199 2175 ορόζέκοινώνησε
1223 2110 1318 2175 τῶν
1338 2110 1554 2175 ἐσχάτων
1578 2112 1797 2162 δείπνων.
1828 2112 1985 2162 Paulo
1996 2119 2107 2175 post

514 2165 672 2233 τοίνυν
690 2178 799 2233 post
819 2172 995 2233 ἐκεῖνον
1015 2165 1161 2233 deest
1180 2174 1229 2220 in
1254 2165 1445 2220 duobus
1466 2186 1576 2220 mss.

587 2230 619 2272 δ
644 2230 725 2281 Sic
747 2233 919 2281 Morel.
943 2232 1094 2281 Savll.
1116 2230 1169 2280 in
1192 2239 1332 2301 textu
1364 2234 1618 2343 ἀπέρἑηξεν
1642 2234 1823 2293 ἐκείνης
1843 2241 1927 2294 τῆς
1950 2238 2094 2299 ἱερᾶς.

587 2308 631 2343 ιο
654 2303 820 2345 autem
839 2307 955 2343 mss.
980 2297 1035 2343 et
1051 2293 1201 2344 Savil.
1228 2308 1277 2342 tn
1300 2307 1454 2356 marg.
1512 2296 1750 2359 πεῤῥιψεν.

523 2294 631 2345 Duo
654 2303 820 2345 autem
839 2307 955 2343 mss.
980 2297 1035 2343 et
1051 2293 1201 2344 Savil.
1228 2292 1277 2342 in
1300 2307 1454 2356 marg.

1214 418 1271 475 S.
1310 415 1595 474 JOANNIS
1632 414 2124 473 CIIRYSOSTOMI
2170 414 2490 473 ARClllEP.
2533 414 3088 472 CONSTANTINOP.

3674 419 3784 475 379.

2202 534 2268 587 σὺ
2318 533 2375 588 δὲ
2433 533 2554 588 οὐδὲ
2592 534 2769 603 λόγοις
2810 535 2970 588 αὑτὸν
3016 533 3239 605 ἀμείϐῃ,
3282 532 3404 587 οὐδέ
3445 534 3786 605 εὐχαριστεῖς

2201 618 2341 690 ὑπὲρ
2372 611 2449 672 ὧν
2484 617 2695 684 ἔλαϐες,
2732 617 2867 671 ἀλλά
2909 617 3228 689 σωματικῆς
3272 616 3373 688 μὲν
3405 618 3611 689 τροφῆς
3647 619 3789 672 ἀπο-

2199 702 2379 755 λαύων
2406 701 2544 771 μετά
2570 702 2671 773 τὴν
2699 702 2975 775 τράπεζαν
3001 702 3093 754 ἐπὶ⁵
3117 701 3283 771 εὐχὴν
3310 702 3508 772 τρέπῃ,
3538 718 3787 773 πνευμα-

2200 788 2359 858 τικῆς
2390 788 2445 841 δὲ
2483 788 2576 841 καὶ
2608 787 3053 858 ὑπερϐαλλούσης
3083 786 3183 857 τὴν
3221 786 3397 839 κτίσιν
3438 786 3655 840 ἃπασαν
3685 788 3790 856 τὴν

2200 872 2403 942 ὁρατὴν
2436 873 2528 924 κα⁸ι
2564 872 2664 941 τὴν
2702 871 2935 943 ἀόρατον
2969 869 3234 941 μετέχων,
3270 869 3555 941 ἄνθρωπος
3586 869 3662 922 ὢν
3692 873 3791 923 καί

2200 955 2301 1025 τῆς
2332 955 2581 1018 εὐτελοῦς
2615 956 2852 1023 φύσεως,
2878 954 2940 1007 οὐ
2979 954 3161 1025 μένεις
3188 952 3526 1024 εὐχαριστῶν
3558 955 3652 1006 καὶ
3689 956 3788 1025 pi)-

2207 1058 2338 1111 μασι
2380 1042 2473 1093 καὶ
2518 1039 2836 1109 πράγμασι;
2882 1039 2991 1091 Καὶ
3036 1038 3154 1100 πῶς
3197 1037 3295 1089 οὐκ
3338 1038 3573 1107 ἐσχάτης
3615 1038 3794 1090 ταῦτα

2204 1123 2479 1186 κολάσεως
2500 1121 2655 1186 dita;
2681 1122 2865 1175 Ταῦτα
2892 1121 3057 1189 λέγω.
3077 1121 3177 1190 οὐχ
3204 1120 3288 1172 ἵνα
3315 1121 3570 1190 ἐπαινῆτε
3604 1123 3788 1190 μόνον,

2203 1208 2315 1261 οὐδ’
2342 1209 2427 1261 ἴνα
2461 1206 2727 1279 θορυϐἧτε
2760 1207 2853 1259 καὶ
2876 1204 3137 1276 κράζητε,
3172 1205 3284 1258 ἀλλ’
3309 1206 3394 1257 ἵνα
3429 1206 3521 1258 ἐπὶ
3546 1204 3637 1257 τοῦ
3664 1223 3795 1257 και-

2206 1291 2299 1364 ροῦ
2352 1291 2554 1345 τούτων
2601 1289 2935 1361 μεμνημένοι
2980 1290 3087 1342 τῶν
3164 1288 3445 1360 ῥημάτων,
3481 1289 3577 1359 τὴν
3618 1306 3794 1359 προσ-

2205 1378 2443 1447 ήκουσαν
2460 1372 2707 1439 εὐταξίαν
2726 1372 3079 1443 ἐπιδείξησθε.
3111 1374 3399 1443 Μυστήρια
3426 1374 3519 1425 καὶ
3547 1372 3792 1440 λέγεται,

2204 1462 2297 1514 καὶ
2352 1459 2539 1512 ἔστιν·
2586 1458 2711 1511 ἔνθα
2759 1458 2814 1511 δὲ
2868 1460 3158 1529 μυστήρια,
3214 1457 3381 1528 πολλὴ
3433 1458 3579 1524 σιγή.
3633 1458 3796 1509 Μετὰ

2206 1543 2406 1614 πολλῆς
2435 1542 2611 1596 τοίνυν
2642 1542 2741 1612 τῆς
2773 1541 2954 1611 σιγῆς,
2989 1540 3125 1611 μετά
3160 1540 3356 1609 πολλῆς
3379 1540 3478 1609 τῆς
3511 1538 3793 1604 εὐταξίας.

2211 1628 2348 1696 μετὰ
2381 1627 2478 1697 τῆς
2516 1624 2898 1696 προσηκούσης
2933 1624 3235 1687 εὐλαϐείας,
3267 1624 3368 1692 τῆς
3409 1624 3559 1692 ἱερᾶς
3586 1622 3800 1693 ταύτης

2205 1709 2507 1781 ἁπτώμεθα
2545 1709 2754 1774 θυσίας,
2794 1710 2880 1763 ἵνα
2917 1711 2997 1772 είς
3034 1709 3254 1761 πλείονα
3294 1706 3393 1777 τὴν
3437 1707 3646 1758 εὐνοιαν
3700 1708 3802 1759 τὸν

2204 1795 2335 1848 Θεὸν
2378 1792 2845 1862 ἐπισπασώμεθα,
2886 1794 2982 1846 καὶ
3019 1794 3117 1865 τὴν
3151 1791 3325 1863 ψυχὴν
3362 1790 3792 1861 ἐκκαθάρωμεν,

2207 1880 2299 1933 καὶ
2344 1878 2451 1931 τῶν
2502 1877 2735 1931 αἰωνίων
2781 1877 3126 1947 ἐπιτύχωμεν
3165 1874 3424 1944 ἀγαθῶν’
3460 1867 3535 1926 ὧν
3582 1875 3799 1942 γένοιτο

2206 1963 2413 2025 πάντας
2440 1963 2585 2032 ἡμᾶς
2609 1960 2882 2030 ἐπιτυχεῖν
2905 2003 2919 2024 ,
2951 1961 3134 2030 χάριτι
3162 1960 3256 2013 καὶ
3288 1957 3666 2027 φιλανθρωπίᾳ
3696 1955 3798 2010 τοῦ

2207 2046 2410 2116 Κυρίου
2469 2045 2625 2116 ἡμῶν
2680 2042 2853 2115 Ἰησοῦ
2902 2042 3160 2114 Χριστοῦ,
3202 2042 3321 2115 μεθ’
3368 2035 3428 2095 οῦ
3480 2041 3560 2111 τῷ
3615 2042 3800 2114 Πατρὶ

2208 2128 2321 2199 ἃμα
2349 2129 2428 2198 τῷ
2455 2128 2592 2198 ἀγίῳ
2625 2126 2901 2198 Πνεύματι
2931 2126 3129 2197 ήδόξα,
3165 2126 3261 2180 καὶ
3292 2125 3353 2178 τὸ
3376 2124 3595 2196 κράτος,
3632 2127 3731 2178 καὶ
3758 2127 3793 2193 ή

2206 2212 2607 2284 προσκύνησις,
2645 2210 2741 2264 νῦν
2783 2212 2876 2265 καὶ
2906 2211 3014 2274 ἀεὶ,
3050 2214 3144 2266 καὶ
3176 2213 3255 2275 είς
3288 2210 3416 2273 τοὺς
3454 2208 3655 2268 αἰῶνας
3681 2204 3801 2257 τῶν

2205 2293 2433 2350 αίώνων.
2487 2296 2541 2347 Ἀ
2552 2295 2680 2366 μήν.

554 2899 1551 2936 Ww
1562 2902 1926 2915 -——.———
1937 2902 2102 2918 ﬂ

2204 2898 3768 2935 _____________====

1019 3190 1097 3249 ΙΝ
1148 3189 1354 3251 DUAS
1404 3190 1863 3266 SEQUENTES
1916 3195 2023 3256 DE
2076 3194 2571 3256 PRODITIONE
2618 3193 2842 3257 JUDIE
2885 3194 3277 3255 HOMILIAS

597 3484 842 3541 Homilia:
871 3486 992 3541 dua;
1016 3483 1094 3539 De
1113 3489 1409 3555 proaitione
1436 3487 1597 3546 Judte
1632 3502 1686 3545 et
1722 3490 1800 3545 De
1829 3491 2053 3562 mystica
2087 3506 2255 3555 coma,
2297 3506 2407 3546 non
2437 3490 2615 3548 solum
2646 3499 2987 3564 argumento,
3014 3488 3107 3547 sed
3138 3491 3300 3547 etiam
3334 3489 3477 3547 serie
3525 3491 3772 3563 ipsisque

526 3602 806 3657 verbisita
836 3603 1043 3660 similes
1076 3615 1224 3674 sunt,
1265 3616 1326 3662 ut
1360 3623 1532 3664 unum
1566 3610 1929 3682 eumdemque
1950 3626 2071 3669 esse
2107 3612 2483 3685 Cltrysostomi
2512 3612 2685 3670 fetum
2734 3613 2991 3671 secundis
3027 3612 3175 3669 curis
3215 3610 3554 3683 recognitum
3606 3624 3774 3665 nemo

523 3718 617 3787 qui
652 3718 840 3790 legerit
868 3735 977 3775 non
1004 3722 1184 3776 statim
1216 3722 1605 3794 deprehendat.
1638 3727 1907 3785 Nimirum
1939 3746 2064 3786 cum
2096 3730 2518 3804 Chrysostomus
2561 3748 2682 3789 eam
2730 3750 2852 3805 qua:
2883 3734 3035 3805 prior
3069 3735 3308 3804 ponitur,
3355 3734 3515 3804 cujus
3555 3734 3660 3789 hoc
3684 3741 3775 3790 est

524 3826 738 3884 initium
778 3830 962 3900 Ὄλίγα
981 3833 1192 3905 ἀνάγκη
1220 3839 1479 3910 σήμερον,
1510 3840 1714 3911 aliquot
1744 3852 1870 3899 ante
1927 3860 2102 3902 annos

2204 3847 2441 3912 .buisset,
2491 3849 2875 3920 posteriorem,
2937 3864 3059 3919 qua:
3112 3846 3192 3902 sic
3248 3846 3370 3910 init,
3412 3846 3769 3919 Ἐϐουλόμην,

521 3937 817 4009 ἀγαπητοὶ,
858 3940 957 4012 τῆς
1011 3944 1152 3999 κατά
1191 3946 1281 3999 τὸν
1312 3950 1675 4023 πατριάρχην,
1700 3954 1946 4010 eamdem
1972 3972 2102 4027 qua!

2206 3961 2430 4026 riorem,
2469 3961 2565 4017 sed
2595 3969 2943 4016 retractatam
2969 3970 3025 4017 et
3050 3961 3259 4033 aliquot
3284 3961 3338 4014 in
3368 3960 3503 4015 locis
3524 3969 3770 4027 auctam,

520 4056 709 4113 eadem
745 4058 862 4128 ipsa
900 4059 1326 4133 Quadragesima
1366 4068 1587 4137 habuit,
1620 4087 1728 4143 qua
1756 4074 2012 4134 homilias
2040 4078 2252 4149 priores
2278 4080 2348 4136 52
2379 4081 2432 4135 in
2466 4082 2740 4149 Genesim,
2774 4100 3011 4155 quarum
3055 4091 3350 4153 postremae
3385 4083 3764 4139 Abrahamum

520 4173 1035 4242 spectabant:nam
1073 4178 1211 4233 solet
1239 4180 1331 4237 ille
1357 4182 1729 4243 Abrahamum
1764 4205 1862 4260 per
1901 4192 2297 4265 ἀντονομασίαν
2352 4198 2718 4267 patriarcltam
2784 4200 3111 4270 simpliciter
3169 4200 3461 4272 appellare.
3514 4199 3573 4254 Id
3632 4216 3771 4255 vero

518 4298 708 4357 aperte
747 4289 991 4345 declarat
1021 4292 1109 4347 ille
1138 4292 1331 4353 initio:
1373 4296 1639 4371 Volebam,
1670 4305 1867 4373 dilecti,
1898 4309 1962 4363 de
1989 4313 2297 4381 patriarcha
2328 4330 2510 4368 rurstts
2536 4330 2827 4369 sermonem
2858 4315 3066 4378 habere,
3094 4325 3143 4368 et
3171 4315 3295 4368 inde
3318 4313 3459 4368 vobis
3487 4316 3770 4384 spirituale

517 4403 806 4457 convivium
846 4422 1137 4474 apponere:
1162 4410 1254 4466 sed
1281 4411 1520 4483 ingratus
1552 4418 1837 4487 proditoris
1866 4424 2076 4480 animus
2108 4426 2178 4481 ad
2214 4427 2362 4483 illius
2389 4431 2823 4499 pertractandum
2853 4431 3060 4498 {acinus
3092 4429 3326 4498 linguam
3364 4439 3604 4483 nostram
3642 4446 3770 4497 per.

518 4516 705 4572 trahit.
732 4513 1091 4574 Homiliarum
1118 4518 1171 4573 in
1201 4518 1443 4576 Genesim
1484 4540 1706 4582 cursum
1736 4529 2040 4604 intercepit,
2073 4544 2132 4590 ut
2156 4550 2265 4591 nou
2303 4537 2466 4593 modo
2497 4538 2564 4593 de
2595 4541 2906 4609 proditione
2931 4542 3087 4600 Iuda:
3107 4545 3267 4602 Feria
3294 4548 3487 4619 quinta
3511 4550 3562 4604 in
3592 4551 3764 4605 Carna

516 4631 760 4701 Domini,
795 4634 893 4690 sed
925 4635 1113 4701 etiam,
1142 4645 1204 4691 ut
1244 4636 1312 4692 de
1347 4637 1471 4694 aliis
1500 4650 1896 4715 consequenter
1939 4654 1994 4700 et
2036 4660 2138 4716 pro
2170 4647 2381 4705 ratione
2422 4654 2686 4721 temporis
2724 4654 2951 4721 diceret,
2998 4666 3058 4713 ut
3104 4658 3352 4729 pluribus
3387 4660 3630 4719 declarat
3673 4666 3767 4719 ille

518 4748 674 4804 initio
707 4750 997 4807 tricesima
1037 4752 1209 4808 tertia
1227 4753 1284 4809 in
1325 4752 1565 4811 Genesim
1608 4758 1889 4817 homilim:
1930 4761 2119 4818 Mensa
2168 4774 2367 4833 autem,
2414 4767 2611 4838 inquit,
2650 4771 2793 4825 vobis
2843 4781 3180 4842 proponenda
3214 4792 3331 4836 erat
3376 4784 3488 4838 suis
3529 4802 3765 4857 congrua

518 4866 856 4935 temporibus.
884 4867 954 4921 Et
979 4870 1179 4924 idcirco
1205 4874 1413 4942 quando
1439 4876 1575 4931 venit
1608 4878 1719 4932 dies
1746 4879 2074 4936 Traditionis
2102 4892 2152 4938 et
2176 4883 2474 4953 Passionis,
2518 4892 2772 4945 continua
2816 4892 3170 4951 docendorum
3208 4902 3342 4956 serie
3366 4901 3561 4971 rejecta
3583 4944 3601 4969 ,
3617 4920 3759 4973 pm-

511 4984 765 5047 sentibus,
790 5001 908 5056 qua:
927 4987 1315 5056 urgebant,nos
1333 4989 1811 5052 accommodantes,
1840 4992 2071 5059 primum
2096 4994 2152 5047 in
2177 4995 2497 5064 proditorem
2519 4998 2758 5069 linguam
2793 5000 3125 5072 taxavimus;
3155 5008 3341 5063 deinde
3380 5011 3444 5063 de
3477 5028 3634 5067 cruce
3662 5014 3769 5066 ali-

512 5122 618 5175 qua
648 5108 706 5160 in
735 5108 965 5161 medium
994 5107 1352 5177 protulimus:
1382 5120 1566 5181 postea
1609 5113 1941 5172 illucescente
1977 5117 2395 5176 Resurrectionis
2427 5124 2542 5188 die,
2591 5127 2944 5180 necessarium
2997 5138 3112 5183 erat
3150 5137 3208 5183 ut
3247 5130 3312 5183 de
3367 5128 3767 5184 Resurrectionc

519 5221 728 5276 Domini
750 5224 1063 5280 charitatem
1094 5236 1319 5282 vestram
1359 5230 1754 5287 institueremus
1781 5251 1799 5288 :
1832 5245 1881 5289 et
1931 5241 2262 5308 sequentibus
2315 5242 2518 5311 diebus,
2550 5258 2643 5311 per
2688 5262 2749 5299 ea
2782 5246 3049 5302 miracula
3081 5265 3198 5319 qua:
3256 5260 3381 5304 tunc
3434 5251 3583 5319 facta
3621 5261 3764 5315 sunt,

515 5338 934 5433 Resurrectionis
962 5345 1351 5401 demonstratio
1378 5349 1569 5403 iterum
1606 5354 1875 5421 afferenda
1908 5366 2043 5411 erat.
2077 5356 2302 5423 Quando
2328 5361 2486 5413 etiam
2524 5363 2658 5416 Acta
2692 5365 3051 5432 apostolorum
3087 5367 3425 5435 accipientes,
3466 5367 3591 5419 inde
3623 5366 3763 5420 robis

516 5455 810 5525 frequentia
827 5459 1059 5512 convivia
1078 5462 1521 5529 apposuimus,ac
1550 5464 1743 5519 multas
1771 5466 2082 5538 crebrasque
2095 5470 2477 5526 admonitiones
2507 5474 2573 5527 iis
2598 5474 2863 5544 dedimus,
2895 5479 2985 5548 qui
3017 5480 3497 5552 nuper(baptisnti)
3524 5483 3755 5552 gratiam

516 5578 843 5643 acceperunt.

582 5726 683 5783 llic
716 5745 968 5802 magnam
999 5731 1152 5789 vides
1180 5734 1529 5793 homiliarum
1558 5740 1747 5796 eodem
1776 5757 1920 5797 anno
1953 5743 2257 5802 habiturum
2305 5748 2525 5817 seriem,
2568 5748 2625 5803 in
2661 5766 2894 5820 quarum
2940 5760 3120 5807 tamen
3167 5751 3313 5806 nulla
3354 5753 3438 5806 vel
3470 5753 3755 5807 minimum

510 5840 790 5911 quidpiam
824 5845 1095 5914 habetur,
1127 5848 1274 5905 unde
1314 5846 1440 5917 quis
1478 5861 1656 5905 annus
1707 5850 1798 5905 ille
1842 5849 2005 5907 fuerit
2058 5856 2328 5923 expiscari
2372 5860 2669 5927 possimus.
2708 5857 2971 5914 llomilias
3005 5860 3059 5913 in
3097 5858 3335 5914 Genesim
3373 5857 3751 5913 Tillcmontius

510 5955 569 6010 in
598 5968 804 6013 annum
840 5958 950 6014 395
990 5962 1345 6030 probabiliter
1376 5962 1627 6023 conferre
1664 5966 1879 6036 satagit.
1912 5966 2015 6032 Qui
2057 5970 2299 6026 calculus
2335 5970 2379 6027 si
2422 5980 2609 6037 staret,
2639 5971 2694 6027 in
2739 5970 3237 6029 eumuem‘annum
3282 5973 3561 6029 bomiliam
3618 5976 3753 6027 hanc
