  <div class='ocr_page' id='page_1' title='image "/cluster/home/n/w/nwhite01/storage/ocr_20150623/49/nnc1.0046978208/358.png"; bbox 0 0 4066 6392; ppageno 0'>
   <div class='ocr_carea' id='block_1_1' title="bbox 331 390 2636 473">
    <p class='ocr_par' dir='ltr' id='par_1_1' title="bbox 331 390 2636 473">
     <span class='ocr_line' id='line_1_1' title="bbox 331 390 2636 473; baseline 0.013 -28"><span class='ocrx_word' id='word_1_1' title='bbox 331 390 428 446; x_wconf 72' lang='grc'><strong>571</strong></span> <span class='ocrx_word' id='word_1_2' title='bbox 1353 396 1440 454; x_wconf 88' lang='lat' dir='ltr'><strong>DE</strong></span> <span class='ocrx_word' id='word_1_3' title='bbox 1475 397 1897 459; x_wconf 76' lang='lat' dir='ltr'><strong>PRODlTlONE</strong></span> <span class='ocrx_word' id='word_1_4' title='bbox 1939 402 2160 464; x_wconf 67' lang='lat' dir='ltr'><strong>JUDE.</strong></span> <span class='ocrx_word' id='word_1_5' title='bbox 2198 438 2269 450; x_wconf 91' lang='lat'><strong>-—</strong></span> <span class='ocrx_word' id='word_1_6' title='bbox 2300 409 2636 473; x_wconf 79' lang='lat' dir='ltr'><strong>MONITUM.</strong></span> 
     </span>
    </p>
   </div>
   <div class='ocr_carea' id='block_1_2' title="bbox 333 510 1912 590">
    <p class='ocr_par' dir='ltr' id='par_1_2' title="bbox 333 510 1912 590">
     <span class='ocr_line' id='line_1_2' title="bbox 333 510 1912 590; baseline 0.016 -27"><span class='ocrx_word' id='word_1_7' title='bbox 333 510 622 579; x_wconf 70' lang='lat' dir='ltr'><strong>gratiarum</strong></span> <span class='ocrx_word' id='word_1_8' title='bbox 649 516 877 573; x_wconf 89' lang='lat' dir='ltr'><strong>actionis</strong></span> <span class='ocrx_word' id='word_1_9' title='bbox 909 518 1135 590; x_wconf 82' lang='lat' dir='ltr'><strong>hymnos</strong></span> <span class='ocrx_word' id='word_1_10' title='bbox 1155 523 1421 580; x_wconf 77' lang='lat' dir='ltr'><strong>offerunt?</strong></span> <span class='ocrx_word' id='word_1_11' title='bbox 1451 527 1652 584; x_wconf 92' lang='lat' dir='ltr'><strong>Durum</strong></span> <span class='ocrx_word' id='word_1_12' title='bbox 1685 528 1912 588; x_wconf 77' lang='lat' dir='ltr'><strong>fortasse</strong></span> 
     </span>
    </p>
   </div>
   <div class='ocr_carea' id='block_1_3' title="bbox 333 602 1913 682">
    <p class='ocr_par' dir='ltr' id='par_1_3' title="bbox 333 602 1913 682">
     <span class='ocr_line' id='line_1_3' title="bbox 333 602 1913 682; baseline 0.016 -28"><span class='ocrx_word' id='word_1_13' title='bbox 333 602 599 659; x_wconf 72' lang='lat' dir='ltr'><strong>videbitur</strong></span> <span class='ocrx_word' id='word_1_14' title='bbox 619 607 762 676; x_wconf 91' lang='lat' dir='ltr'><strong>quod</strong></span> <span class='ocrx_word' id='word_1_15' title='bbox 783 623 900 664; x_wconf 90' lang='lat' dir='ltr'><strong>sum</strong></span> <span class='ocrx_word' id='word_1_16' title='bbox 930 611 1191 682; x_wconf 90' lang='lat' dir='ltr'><strong>dicturus,</strong></span> <span class='ocrx_word' id='word_1_17' title='bbox 1219 616 1313 672; x_wconf 90' lang='lat' dir='ltr'><strong>sed</strong></span> <span class='ocrx_word' id='word_1_18' title='bbox 1348 634 1572 676; x_wconf 90' lang='lat' dir='ltr'><strong>necesse</strong></span> <span class='ocrx_word' id='word_1_19' title='bbox 1614 631 1698 677; x_wconf 89' lang='lat' dir='ltr'><strong>est</strong></span> <span class='ocrx_word' id='word_1_20' title='bbox 1736 631 1913 680; x_wconf 89' lang='lat' dir='ltr'><strong>tamen</strong></span> 
     </span>
    </p>
   </div>
   <div class='ocr_carea' id='block_1_4' title="bbox 334 697 1916 785">
    <p class='ocr_par' dir='ltr' id='par_1_4' title="bbox 334 697 1916 785">
     <span class='ocr_line' id='line_1_4' title="bbox 334 697 1916 785; baseline 0.016 -37"><span class='ocrx_word' id='word_1_21' title='bbox 334 705 392 749; x_wconf 91' lang='lat' dir='ltr'><strong>ut</strong></span> <span class='ocrx_word' id='word_1_22' title='bbox 419 697 488 752; x_wconf 88' lang='lat' dir='ltr'><strong>ob</strong></span> <span class='ocrx_word' id='word_1_23' title='bbox 512 699 890 774; x_wconf 89' lang='lat' dir='ltr'><strong>plerorumque</strong></span> <span class='ocrx_word' id='word_1_24' title='bbox 918 706 1291 777; x_wconf 81' lang='lat' dir='ltr'><strong>negligentiam</strong></span> <span class='ocrx_word' id='word_1_25' title='bbox 1319 713 1547 769; x_wconf 82' lang='lat' dir='ltr'><strong>dicatur.</strong></span> <span class='ocrx_word' id='word_1_26' title='bbox 1575 716 1800 785; x_wconf 85' lang='lat' dir='ltr'><strong>Quando</strong></span> <span class='ocrx_word' id='word_1_27' title='bbox 1824 719 1916 774; x_wconf 89' lang='lat' dir='ltr'><strong>ul-</strong></span> 
     </span>
    </p>
   </div>
   <div class='ocr_carea' id='block_1_5' title="bbox 334 786 1910 878">
    <p class='ocr_par' dir='ltr' id='par_1_5' title="bbox 334 786 1910 878">
     <span class='ocr_line' id='line_1_5' title="bbox 334 786 1910 878; baseline 0.016 -39"><span class='ocrx_word' id='word_1_28' title='bbox 334 786 476 842; x_wconf 79' lang='lat' dir='ltr'><strong>timae</strong></span> <span class='ocrx_word' id='word_1_29' title='bbox 499 804 668 847; x_wconf 66' lang='lat' dir='ltr'><strong>creua:</strong></span> <span class='ocrx_word' id='word_1_30' title='bbox 692 797 1103 854; x_wconf 81' lang='lat' dir='ltr'><strong>communicavit</strong></span> <span class='ocrx_word' id='word_1_31' title='bbox 1127 800 1291 858; x_wconf 87' lang='lat' dir='ltr'><strong>Judas</strong></span> <span class='ocrx_word' id='word_1_32' title='bbox 1323 814 1479 860; x_wconf 88' lang='lat' dir='ltr'><strong>nocte</strong></span> <span class='ocrx_word' id='word_1_33' title='bbox 1501 807 1586 862; x_wconf 88' lang='lat' dir='ltr'><strong>illa</strong></span> <span class='ocrx_word' id='word_1_34' title='bbox 1619 819 1910 878; x_wconf 90' lang='lat' dir='ltr'><strong>postrema,</strong></span> 
     </span>
    </p>
   </div>
   <div class='ocr_carea' id='block_1_6' title="bbox 331 883 1916 972">
    <p class='ocr_par' dir='ltr' id='par_1_6' title="bbox 331 883 1916 972">
     <span class='ocr_line' id='line_1_6' title="bbox 331 883 1916 972; baseline 0.016 -39"><span class='ocrx_word' id='word_1_35' title='bbox 331 883 542 938; x_wconf 71' lang='lat' dir='ltr'><strong>czeteris</strong></span> <span class='ocrx_word' id='word_1_36' title='bbox 571 887 822 944; x_wconf 91' lang='lat' dir='ltr'><strong>omnibus</strong></span> <span class='ocrx_word' id='word_1_37' title='bbox 846 894 1284 952; x_wconf 89' lang='lat' dir='ltr'><strong>recumbentibus</strong></span> <span class='ocrx_word' id='word_1_38' title='bbox 1307 939 1320 965; x_wconf 91' lang='lat'><strong>,</strong></span> <span class='ocrx_word' id='word_1_39' title='bbox 1350 898 1464 968; x_wconf 90' lang='lat' dir='ltr'><strong>ipse</strong></span> <span class='ocrx_word' id='word_1_40' title='bbox 1509 916 1570 955; x_wconf 89' lang='lat' dir='ltr'><strong>se</strong></span> <span class='ocrx_word' id='word_1_41' title='bbox 1617 903 1916 972; x_wconf 88' lang='lat' dir='ltr'><strong>proripiens</strong></span> 
     </span>
    </p>
   </div>
   <div class='ocr_carea' id='block_1_7' title="bbox 329 978 1911 1061">
    <p class='ocr_par' dir='ltr' id='par_1_7' title="bbox 329 978 1911 1061">
     <span class='ocr_line' id='line_1_7' title="bbox 329 978 1911 1061; baseline 0.014 -33"><span class='ocrx_word' id='word_1_42' title='bbox 329 978 579 1032; x_wconf 81' lang='lat' dir='ltr'><strong>excessit.</strong></span> <span class='ocrx_word' id='word_1_43' title='bbox 614 980 766 1036; x_wconf 91' lang='lat' dir='ltr'><strong>Illum</strong></span> <span class='ocrx_word' id='word_1_44' title='bbox 801 982 1077 1041; x_wconf 85' lang='lat' dir='ltr'><strong>imitantur</strong></span> <span class='ocrx_word' id='word_1_45' title='bbox 1119 995 1172 1043; x_wconf 89' lang='lat' dir='ltr'><strong>et</strong></span> <span class='ocrx_word' id='word_1_46' title='bbox 1217 989 1305 1044; x_wconf 89' lang='lat' dir='ltr'><strong>isti</strong></span> <span class='ocrx_word' id='word_1_47' title='bbox 1356 992 1444 1061; x_wconf 87' lang='lat' dir='ltr'><strong>qui</strong></span> <span class='ocrx_word' id='word_1_48' title='bbox 1502 1003 1626 1048; x_wconf 88' lang='lat' dir='ltr'><strong>ante</strong></span> <span class='ocrx_word' id='word_1_49' title='bbox 1672 995 1911 1050; x_wconf 90' lang='lat' dir='ltr'><strong>ultimam</strong></span> 
     </span>
    </p>
   </div>
   <div class='ocr_carea' id='block_1_8' title="bbox 332 1069 1910 1150">
    <p class='ocr_par' dir='ltr' id='par_1_8' title="bbox 332 1069 1910 1150">
     <span class='ocr_line' id='line_1_8' title="bbox 332 1069 1910 1150; baseline 0.013 -28"><span class='ocrx_word' id='word_1_50' title='bbox 332 1069 624 1138; x_wconf 76' lang='lat' dir='ltr'><strong>gratiarum</strong></span> <span class='ocrx_word' id='word_1_51' title='bbox 655 1074 919 1130; x_wconf 84' lang='lat' dir='ltr'><strong>actionem</strong></span> <span class='ocrx_word' id='word_1_52' title='bbox 938 1077 1238 1135; x_wconf 88' lang='lat' dir='ltr'><strong>discedunt.</strong></span> <span class='ocrx_word' id='word_1_53' title='bbox 1260 1081 1368 1136; x_wconf 87' lang='lat' dir='ltr'><strong>Nisi</strong></span> <span class='ocrx_word' id='word_1_54' title='bbox 1388 1083 1528 1138; x_wconf 89' lang='lat' dir='ltr'><strong>enim</strong></span> <span class='ocrx_word' id='word_1_55' title='bbox 1558 1085 1778 1140; x_wconf 84' lang='lat' dir='ltr'><strong>exiisset</strong></span> <span class='ocrx_word' id='word_1_56' title='bbox 1799 1086 1910 1150; x_wconf 91' lang='lat' dir='ltr'><strong>ille,</strong></span> 
     </span>
    </p>
   </div>
   <div class='ocr_carea' id='block_1_9' title="bbox 336 1160 1915 1245">
    <p class='ocr_par' dir='ltr' id='par_1_9' title="bbox 336 1160 1915 1245">
     <span class='ocr_line' id='line_1_9' title="bbox 336 1160 1915 1245; baseline 0.013 -33"><span class='ocrx_word' id='word_1_57' title='bbox 336 1160 575 1226; x_wconf 90' lang='lat' dir='ltr'><strong>proditor</strong></span> <span class='ocrx_word' id='word_1_58' title='bbox 600 1161 770 1219; x_wconf 87' lang='lat' dir='ltr'><strong>factus</strong></span> <span class='ocrx_word' id='word_1_59' title='bbox 796 1181 902 1222; x_wconf 91' lang='lat' dir='ltr'><strong>non</strong></span> <span class='ocrx_word' id='word_1_60' title='bbox 947 1178 1123 1236; x_wconf 81' lang='lat' dir='ltr'><strong>esset;</strong></span> <span class='ocrx_word' id='word_1_61' title='bbox 1173 1173 1277 1226; x_wconf 88' lang='lat' dir='ltr'><strong>nisi</strong></span> <span class='ocrx_word' id='word_1_62' title='bbox 1323 1173 1718 1245; x_wconf 89' lang='lat' dir='ltr'><strong>condiscipulos</strong></span> <span class='ocrx_word' id='word_1_63' title='bbox 1757 1176 1915 1232; x_wconf 86' lang='lat' dir='ltr'><strong>dese-</strong></span> 
     </span>
    </p>
   </div>
   <div class='ocr_carea' id='block_1_10' title="bbox 330 1252 1913 1337">
    <p class='ocr_par' dir='ltr' id='par_1_10' title="bbox 330 1252 1913 1337">
     <span class='ocr_line' id='line_1_10' title="bbox 330 1252 1913 1337; baseline 0.012 -33"><span class='ocrx_word' id='word_1_64' title='bbox 330 1252 553 1320; x_wconf 78' lang='lat' dir='ltr'><strong>ruisset,</strong></span> <span class='ocrx_word' id='word_1_65' title='bbox 591 1271 697 1310; x_wconf 90' lang='lat' dir='ltr'><strong>non</strong></span> <span class='ocrx_word' id='word_1_66' title='bbox 730 1259 1011 1327; x_wconf 87' lang='lat' dir='ltr'><strong>periisset;</strong></span> <span class='ocrx_word' id='word_1_67' title='bbox 1041 1262 1142 1317; x_wconf 90' lang='lat' dir='ltr'><strong>nisi</strong></span> <span class='ocrx_word' id='word_1_68' title='bbox 1172 1265 1407 1333; x_wconf 85' lang='lat' dir='ltr'><strong>seipsum</strong></span> <span class='ocrx_word' id='word_1_69' title='bbox 1434 1275 1588 1320; x_wconf 82' lang='lat' dir='ltr'><strong>extra</strong></span> <span class='ocrx_word' id='word_1_70' title='bbox 1618 1267 1758 1322; x_wconf 87' lang='lat' dir='ltr'><strong>ovile</strong></span> <span class='ocrx_word' id='word_1_71' title='bbox 1786 1283 1913 1337; x_wconf 89' lang='lat' dir='ltr'><strong>pro-</strong></span> 
     </span>
    </p>
   </div>
   <div class='ocr_carea' id='block_1_11' title="bbox 330 1342 1912 1425">
    <p class='ocr_par' dir='ltr' id='par_1_11' title="bbox 330 1342 1912 1425">
     <span class='ocr_line' id='line_1_11' title="bbox 330 1342 1912 1425; baseline 0.013 -31"><span class='ocrx_word' id='word_1_72' title='bbox 330 1342 582 1412; x_wconf 84' lang='lat' dir='ltr'><strong>ripuisset</strong></span> <span class='ocrx_word' id='word_1_73' title='bbox 602 1346 616 1376; x_wconf 82' lang='grc'>⁸</span> <span class='ocrx_word' id='word_1_74' title='bbox 639 1387 654 1412; x_wconf 88' lang='grc'><em>,</em></span> <span class='ocrx_word' id='word_1_75' title='bbox 687 1363 792 1402; x_wconf 90' lang='lat' dir='ltr'><strong>non</strong></span> <span class='ocrx_word' id='word_1_76' title='bbox 824 1364 946 1404; x_wconf 90' lang='lat' dir='ltr'><strong>eum</strong></span> <span class='ocrx_word' id='word_1_77' title='bbox 971 1350 1127 1421; x_wconf 88' lang='lat' dir='ltr'><strong>lupus</strong></span> <span class='ocrx_word' id='word_1_78' title='bbox 1156 1354 1328 1409; x_wconf 89' lang='lat' dir='ltr'><strong>solum</strong></span> <span class='ocrx_word' id='word_1_79' title='bbox 1359 1364 1629 1425; x_wconf 88' lang='lat' dir='ltr'><strong>repertum</strong></span> <span class='ocrx_word' id='word_1_80' title='bbox 1655 1356 1912 1414; x_wconf 83' lang='lat' dir='ltr'><strong>devoras-</strong></span> 
     </span>
    </p>
   </div>
   <div class='ocr_carea' id='block_1_12' title="bbox 329 1437 1913 1518">
    <p class='ocr_par' dir='ltr' id='par_1_12' title="bbox 329 1437 1913 1518">
     <span class='ocr_line' id='line_1_12' title="bbox 329 1437 1913 1518; baseline 0.009 -29"><span class='ocrx_word' id='word_1_81' title='bbox 329 1445 444 1501; x_wconf 85' lang='lat' dir='ltr'><strong>set;</strong></span> <span class='ocrx_word' id='word_1_82' title='bbox 479 1437 579 1492; x_wconf 91' lang='lat' dir='ltr'><strong>uisi</strong></span> <span class='ocrx_word' id='word_1_83' title='bbox 608 1439 842 1508; x_wconf 92' lang='lat' dir='ltr'><strong>seipsum</strong></span> <span class='ocrx_word' id='word_1_84' title='bbox 862 1458 888 1494; x_wconf 88' lang='lat' dir='ltr'><strong>a</strong></span> <span class='ocrx_word' id='word_1_85' title='bbox 911 1451 1124 1512; x_wconf 89' lang='lat' dir='ltr'><strong>pastore</strong></span> <span class='ocrx_word' id='word_1_86' title='bbox 1145 1456 1502 1516; x_wconf 89' lang='lat' dir='ltr'><strong>segregasset,</strong></span> <span class='ocrx_word' id='word_1_87' title='bbox 1527 1447 1716 1504; x_wconf 70' lang='lat' dir='ltr'><strong>bellum</strong></span> <span class='ocrx_word' id='word_1_88' title='bbox 1731 1449 1913 1518; x_wconf 64' lang='lat' dir='ltr'><strong>praeda</strong></span> 
     </span>
    </p>
   </div>
   <div class='ocr_carea' id='block_1_13' title="bbox 329 1526 1909 1604">
    <p class='ocr_par' dir='ltr' id='par_1_13' title="bbox 329 1526 1909 1604">
     <span class='ocr_line' id='line_1_13' title="bbox 329 1526 1909 1604; baseline 0.009 -24"><span class='ocrx_word' id='word_1_89' title='bbox 329 1526 500 1583; x_wconf 87' lang='lat' dir='ltr'><strong>factus</strong></span> <span class='ocrx_word' id='word_1_90' title='bbox 522 1546 629 1584; x_wconf 94' lang='lat' dir='ltr'><strong>non</strong></span> <span class='ocrx_word' id='word_1_91' title='bbox 659 1542 821 1587; x_wconf 89' lang='lat' dir='ltr'><strong>esset.</strong></span> <span class='ocrx_word' id='word_1_92' title='bbox 851 1532 1054 1590; x_wconf 91' lang='lat' dir='ltr'><strong>ldcirco</strong></span> <span class='ocrx_word' id='word_1_93' title='bbox 1081 1537 1332 1592; x_wconf 89' lang='lat' dir='ltr'><strong>nimirum</strong></span> <span class='ocrx_word' id='word_1_94' title='bbox 1367 1539 1459 1595; x_wconf 90' lang='lat' dir='ltr'><strong>ille</strong></span> <span class='ocrx_word' id='word_1_95' title='bbox 1508 1555 1628 1595; x_wconf 91' lang='lat' dir='ltr'><strong>cum</strong></span> <span class='ocrx_word' id='word_1_96' title='bbox 1676 1540 1876 1596; x_wconf 71' lang='lat' dir='ltr'><strong>Judaeis</strong></span> <span class='ocrx_word' id='word_1_97' title='bbox 1895 1581 1909 1604; x_wconf 93' lang='lat'><strong>,</strong></span> 
     </span>
    </p>
   </div>
   <div class='ocr_carea' id='block_1_14' title="bbox 329 1617 1912 1699">
    <p class='ocr_par' dir='ltr' id='par_1_14' title="bbox 329 1617 1912 1699">
     <span class='ocr_line' id='line_1_14' title="bbox 329 1617 1912 1699; baseline 0.011 -29"><span class='ocrx_word' id='word_1_98' title='bbox 329 1617 413 1672; x_wconf 90' lang='lat' dir='ltr'><strong>isti</strong></span> <span class='ocrx_word' id='word_1_99' title='bbox 445 1636 573 1674; x_wconf 83' lang='lat' dir='ltr'><strong>vero</strong></span> <span class='ocrx_word' id='word_1_100' title='bbox 590 1637 711 1676; x_wconf 90' lang='lat' dir='ltr'><strong>cum</strong></span> <span class='ocrx_word' id='word_1_101' title='bbox 744 1624 971 1681; x_wconf 92' lang='lat' dir='ltr'><strong>Domino</strong></span> <span class='ocrx_word' id='word_1_102' title='bbox 1015 1627 1215 1699; x_wconf 89' lang='lat' dir='ltr'><strong>hymno</strong></span> <span class='ocrx_word' id='word_1_103' title='bbox 1243 1630 1389 1685; x_wconf 90' lang='lat' dir='ltr'><strong>dicto</strong></span> <span class='ocrx_word' id='word_1_104' title='bbox 1438 1632 1704 1686; x_wconf 82' lang='lat' dir='ltr'><strong>exierunt.</strong></span> <span class='ocrx_word' id='word_1_105' title='bbox 1750 1632 1912 1688; x_wconf 77' lang='lat' dir='ltr'><strong>Vides</strong></span> 
     </span>
    </p>
   </div>
   <div class='ocr_carea' id='block_1_15' title="bbox 328 1717 1913 1788">
    <p class='ocr_par' dir='ltr' id='par_1_15' title="bbox 328 1717 1913 1788">
     <span class='ocr_line' id='line_1_15' title="bbox 328 1717 1913 1788; baseline 0.009 -23"><span class='ocrx_word' id='word_1_106' title='bbox 328 1722 388 1766; x_wconf 91' lang='lat' dir='ltr'><strong>ut</strong></span> <span class='ocrx_word' id='word_1_107' title='bbox 413 1723 648 1769; x_wconf 85' lang='lat' dir='ltr'><strong>extrema</strong></span> <span class='ocrx_word' id='word_1_108' title='bbox 686 1717 774 1771; x_wconf 93' lang='lat' dir='ltr'><strong>illa</strong></span> <span class='ocrx_word' id='word_1_109' title='bbox 804 1729 924 1788; x_wconf 90' lang='lat' dir='ltr'><strong>post</strong></span> <span class='ocrx_word' id='word_1_110' title='bbox 950 1722 1268 1777; x_wconf 81' lang='lat' dir='ltr'><strong>sacrificium</strong></span> <span class='ocrx_word' id='word_1_111' title='bbox 1316 1725 1487 1779; x_wconf 87' lang='lat' dir='ltr'><strong>oratio</strong></span> <span class='ocrx_word' id='word_1_112' title='bbox 1527 1725 1593 1779; x_wconf 90' lang='lat' dir='ltr'><strong>ad</strong></span> <span class='ocrx_word' id='word_1_113' title='bbox 1645 1725 1774 1780; x_wconf 91' lang='lat' dir='ltr'><strong>illud</strong></span> <span class='ocrx_word' id='word_1_114' title='bbox 1821 1725 1913 1780; x_wconf 84' lang='lat' dir='ltr'><strong>ﬁat</strong></span> 
     </span>
    </p>
   </div>
   <div class='ocr_carea' id='block_1_16' title="bbox 326 1806 1913 1881">
    <p class='ocr_par' dir='ltr' id='par_1_16' title="bbox 326 1806 1913 1881">
     <span class='ocr_line' id='line_1_16' title="bbox 326 1806 1913 1881; baseline 0.008 -22"><span class='ocrx_word' id='word_1_115' title='bbox 326 1806 672 1876; x_wconf 72' lang='lat' dir='ltr'><strong>exemplum?</strong></span> <span class='ocrx_word' id='word_1_116' title='bbox 708 1808 860 1864; x_wconf 87' lang='lat' dir='ltr'><strong>Nunc</strong></span> <span class='ocrx_word' id='word_1_117' title='bbox 913 1811 1094 1881; x_wconf 83' lang='lat' dir='ltr'><strong>igitur,</strong></span> <span class='ocrx_word' id='word_1_118' title='bbox 1145 1814 1515 1881; x_wconf 88' lang='lat' dir='ltr'><strong>dilectissimi,</strong></span> <span class='ocrx_word' id='word_1_119' title='bbox 1575 1816 1690 1871; x_wconf 70' lang='lat' dir='ltr'><strong>lucc</strong></span> <span class='ocrx_word' id='word_1_120' title='bbox 1735 1826 1913 1872; x_wconf 88' lang='lat' dir='ltr'><strong>mente</strong></span> 
     </span>
    </p>
   </div>
   <div class='ocr_carea' id='block_1_17' title="bbox 325 1899 1913 1977">
    <p class='ocr_par' dir='ltr' id='par_1_17' title="bbox 325 1899 1913 1977">
     <span class='ocr_line' id='line_1_17' title="bbox 325 1899 1913 1977; baseline 0.008 -27"><span class='ocrx_word' id='word_1_121' title='bbox 325 1914 623 1965; x_wconf 77' lang='lat' dir='ltr'><strong>versemus,</strong></span> <span class='ocrx_word' id='word_1_122' title='bbox 648 1899 763 1954; x_wconf 64' lang='lat' dir='ltr'><strong>haec</strong></span> <span class='ocrx_word' id='word_1_123' title='bbox 789 1902 930 1972; x_wconf 89' lang='lat' dir='ltr'><strong>apud</strong></span> <span class='ocrx_word' id='word_1_124' title='bbox 958 1918 1056 1958; x_wconf 92' lang='lat' dir='ltr'><strong>nos</strong></span> <span class='ocrx_word' id='word_1_125' title='bbox 1076 1906 1399 1975; x_wconf 84' lang='lat' dir='ltr'><strong>cogitemus,</strong></span> <span class='ocrx_word' id='word_1_126' title='bbox 1440 1915 1493 1961; x_wconf 89' lang='lat' dir='ltr'><strong>et</strong></span> <span class='ocrx_word' id='word_1_127' title='bbox 1517 1907 1638 1961; x_wconf 89' lang='lat' dir='ltr'><strong>huic</strong></span> <span class='ocrx_word' id='word_1_128' title='bbox 1669 1908 1913 1977; x_wconf 90' lang='lat' dir='ltr'><strong>proposi-</strong></span> 
     </span>
    </p>
   </div>
   <div class='ocr_carea' id='block_1_18' title="bbox 326 1993 1909 2068">
    <p class='ocr_par' dir='ltr' id='par_1_18' title="bbox 326 1993 1909 2068">
     <span class='ocr_line' id='line_1_18' title="bbox 326 1993 1909 2068; baseline 0.006 -24"><span class='ocrx_word' id='word_1_129' title='bbox 326 1999 432 2045; x_wconf 88' lang='lat' dir='ltr'><strong>tam</strong></span> <span class='ocrx_word' id='word_1_130' title='bbox 464 1993 652 2047; x_wconf 90' lang='lat' dir='ltr'><strong>sceleri</strong></span> <span class='ocrx_word' id='word_1_131' title='bbox 683 1993 1079 2051; x_wconf 88' lang='lat' dir='ltr'><strong>damnationem</strong></span> <span class='ocrx_word' id='word_1_132' title='bbox 1125 1996 1560 2053; x_wconf 87' lang='lat' dir='ltr'><strong>rcformidemus.</strong></span> <span class='ocrx_word' id='word_1_133' title='bbox 1605 1999 1722 2068; x_wconf 86' lang='lat' dir='ltr'><strong>ipse</strong></span> <span class='ocrx_word' id='word_1_134' title='bbox 1749 2014 1909 2053; x_wconf 90' lang='lat' dir='ltr'><strong>suam</strong></span> 
     </span>
    </p>
   </div>
   <div class='ocr_carea' id='block_1_19' title="bbox 325 2085 1910 2163">
    <p class='ocr_par' dir='ltr' id='par_1_19' title="bbox 325 2085 1910 2163">
     <span class='ocr_line' id='line_1_19' title="bbox 325 2085 1910 2163; baseline 0.006 -24"><span class='ocrx_word' id='word_1_135' title='bbox 325 2085 420 2140; x_wconf 90' lang='lat' dir='ltr'><strong>tibi</strong></span> <span class='ocrx_word' id='word_1_136' title='bbox 447 2101 663 2142; x_wconf 88' lang='lat' dir='ltr'><strong>carnem</strong></span> <span class='ocrx_word' id='word_1_137' title='bbox 684 2089 926 2160; x_wconf 79' lang='lat' dir='ltr'><strong>largitur,</strong></span> <span class='ocrx_word' id='word_1_138' title='bbox 956 2098 1012 2145; x_wconf 92' lang='lat' dir='ltr'><strong>at</strong></span> <span class='ocrx_word' id='word_1_139' title='bbox 1041 2100 1094 2145; x_wconf 95' lang='lat' dir='ltr'><strong>tu</strong></span> <span class='ocrx_word' id='word_1_140' title='bbox 1126 2107 1193 2147; x_wconf 92' lang='lat' dir='ltr'><strong>ne</strong></span> <span class='ocrx_word' id='word_1_141' title='bbox 1210 2093 1388 2148; x_wconf 83' lang='lat' dir='ltr'><strong>verbis</strong></span> <span class='ocrx_word' id='word_1_142' title='bbox 1416 2094 1632 2163; x_wconf 91' lang='lat' dir='ltr'><strong>quidem</strong></span> <span class='ocrx_word' id='word_1_143' title='bbox 1674 2109 1793 2148; x_wconf 92' lang='lat' dir='ltr'><strong>eum</strong></span> <span class='ocrx_word' id='word_1_144' title='bbox 1819 2109 1910 2148; x_wconf 93' lang='lat' dir='ltr'><strong>re-</strong></span> 
     </span>
    </p>
   </div>
   <div class='ocr_carea' id='block_1_20' title="bbox 324 2180 1910 2268">
    <p class='ocr_par' dir='ltr' id='par_1_20' title="bbox 324 2180 1910 2268">
     <span class='ocr_line' id='line_1_20' title="bbox 324 2180 1910 2268; baseline 0.003 -34"><span class='ocrx_word' id='word_1_145' title='bbox 324 2180 644 2268; x_wconf 79' lang='lat' dir='ltr'><strong>muneraris,</strong></span> <span class='ocrx_word' id='word_1_146' title='bbox 677 2196 850 2252; x_wconf 88' lang='lat' dir='ltr'><strong>neque</strong></span> <span class='ocrx_word' id='word_1_147' title='bbox 870 2197 968 2253; x_wconf 89' lang='lat' dir='ltr'><strong>pro</strong></span> <span class='ocrx_word' id='word_1_148' title='bbox 993 2182 1058 2238; x_wconf 90' lang='lat' dir='ltr'><strong>iis</strong></span> <span class='ocrx_word' id='word_1_149' title='bbox 1079 2200 1194 2254; x_wconf 66' lang='lat' dir='ltr'><strong>qua:</strong></span> <span class='ocrx_word' id='word_1_150' title='bbox 1229 2186 1478 2255; x_wconf 88' lang='lat' dir='ltr'><strong>accepisti</strong></span> <span class='ocrx_word' id='word_1_151' title='bbox 1508 2186 1706 2256; x_wconf 86' lang='lat' dir='ltr'><strong>gratias</strong></span> <span class='ocrx_word' id='word_1_152' title='bbox 1759 2185 1910 2256; x_wconf 84' lang='lat' dir='ltr'><strong>agis?</strong></span> 
     </span>
    </p>
   </div>
   <div class='ocr_carea' id='block_1_21' title="bbox 388 2293 1885 2362">
    <p class='ocr_par' dir='ltr' id='par_1_21' title="bbox 388 2293 1885 2362">
     <span class='ocr_line' id='line_1_21' title="bbox 388 2293 1885 2362; baseline 0.003 -21"><span class='ocrx_word' id='word_1_153' title='bbox 388 2294 404 2324; x_wconf 74' lang='grc'>³</span> <span class='ocrx_word' id='word_1_154' title='bbox 440 2299 490 2342; x_wconf 81' lang='grc' dir='ltr'><strong><em>ιιι</em></strong></span> <span class='ocrx_word' id='word_1_155' title='bbox 511 2293 654 2345; x_wconf 88' lang='lat' dir='ltr'><strong>savii.</strong></span> <span class='ocrx_word' id='word_1_156' title='bbox 678 2294 877 2359; x_wconf 81' lang='lat' dir='ltr'><strong>legitur,</strong></span> <span class='ocrx_word' id='word_1_157' title='bbox 897 2299 1042 2347; x_wconf 71' lang='lat' dir='ltr'><strong>extra</strong></span> <span class='ocrx_word' id='word_1_158' title='bbox 1061 2294 1183 2348; x_wconf 76' lang='lat' dir='ltr'><strong>ovile</strong></span> <span class='ocrx_word' id='word_1_159' title='bbox 1205 2295 1329 2348; x_wconf 80' lang='lat' dir='ltr'><strong>illud</strong></span> <span class='ocrx_word' id='word_1_160' title='bbox 1349 2310 1542 2349; x_wconf 83' lang='lat' dir='ltr'><strong>sacrum</strong></span> <span class='ocrx_word' id='word_1_161' title='bbox 1556 2296 1885 2362; x_wconf 72' lang='lat' dir='ltr'><strong>proripuisset.</strong></span> 
     </span>
    </p>
   </div>
   <div class='ocr_carea' id='block_1_22' title="bbox 3500 423 3604 481">
    <p class='ocr_par' dir='ltr' id='par_1_22' title="bbox 3500 423 3604 481">
     <span class='ocr_line' id='line_1_22' title="bbox 3500 423 3604 481; baseline -0.048 0"><span class='ocrx_word' id='word_1_162' title='bbox 3500 423 3604 481; x_wconf 71' lang='lat'><strong>372</strong></span> 
     </span>
    </p>
   </div>
   <div class='ocr_carea' id='block_1_23' title="bbox 2017 538 3599 614">
    <p class='ocr_par' dir='ltr' id='par_1_23' title="bbox 2017 538 3599 614">
     <span class='ocr_line' id='line_1_23' title="bbox 2017 538 3599 614; baseline 0.003 -21"><span class='ocrx_word' id='word_1_163' title='bbox 2017 538 2178 610; x_wconf 77' lang='lat' dir='ltr'><strong>Atqui</strong></span> <span class='ocrx_word' id='word_1_164' title='bbox 2203 539 2330 596; x_wconf 91' lang='lat' dir='ltr'><strong>dum</strong></span> <span class='ocrx_word' id='word_1_165' title='bbox 2351 540 2454 598; x_wconf 83' lang='lat' dir='ltr'><strong>hoc</strong></span> <span class='ocrx_word' id='word_1_166' title='bbox 2473 556 2734 614; x_wconf 90' lang='lat' dir='ltr'><strong>corporeo</strong></span> <span class='ocrx_word' id='word_1_167' title='bbox 2761 541 2996 599; x_wconf 82' lang='lat' dir='ltr'><strong>vesceris</strong></span> <span class='ocrx_word' id='word_1_168' title='bbox 3021 541 3160 604; x_wconf 87' lang='lat' dir='ltr'><strong>cibo,</strong></span> <span class='ocrx_word' id='word_1_169' title='bbox 3193 550 3314 611; x_wconf 91' lang='lat' dir='ltr'><strong>post</strong></span> <span class='ocrx_word' id='word_1_170' title='bbox 3359 556 3599 597; x_wconf 85' lang='lat' dir='ltr'><strong>mensam</strong></span> 
     </span>
    </p>
   </div>
   <div class='ocr_carea' id='block_1_24' title="bbox 2023 631 3600 703">
    <p class='ocr_par' dir='ltr' id='par_1_24' title="bbox 2023 631 3600 703">
     <span class='ocr_line' id='line_1_24' title="bbox 2023 631 3600 703; baseline 0.001 -17"><span class='ocrx_word' id='word_1_171' title='bbox 2023 631 2092 686; x_wconf 89' lang='lat' dir='ltr'><strong>ad</strong></span> <span class='ocrx_word' id='word_1_172' title='bbox 2112 633 2407 689; x_wconf 91' lang='lat' dir='ltr'><strong>orationem</strong></span> <span class='ocrx_word' id='word_1_173' title='bbox 2439 643 2490 690; x_wconf 91' lang='lat' dir='ltr'><strong>te</strong></span> <span class='ocrx_word' id='word_1_174' title='bbox 2529 635 2796 690; x_wconf 84' lang='lat' dir='ltr'><strong>convertis</strong></span> <span class='ocrx_word' id='word_1_175' title='bbox 2824 652 2836 686; x_wconf 91' lang='lat'><strong>:</strong></span> <span class='ocrx_word' id='word_1_176' title='bbox 2861 634 2988 688; x_wconf 91' lang='lat' dir='ltr'><strong>dum</strong></span> <span class='ocrx_word' id='word_1_177' title='bbox 3031 648 3158 689; x_wconf 88' lang='lat' dir='ltr'><strong>vero</strong></span> <span class='ocrx_word' id='word_1_178' title='bbox 3209 633 3501 703; x_wconf 84' lang='lat' dir='ltr'><strong>spiritualis</strong></span> <span class='ocrx_word' id='word_1_179' title='bbox 3544 641 3600 688; x_wconf 90' lang='lat' dir='ltr'><strong>et</strong></span> 
     </span>
    </p>
   </div>
   <div class='ocr_carea' id='block_1_25' title="bbox 2021 723 3602 781">
    <p class='ocr_par' dir='ltr' id='par_1_25' title="bbox 2021 723 3602 781">
     <span class='ocr_line' id='line_1_25' title="bbox 2021 723 3602 781; baseline 0 -3"><span class='ocrx_word' id='word_1_180' title='bbox 2021 738 2236 780; x_wconf 91' lang='lat' dir='ltr'><strong>omnem</strong></span> <span class='ocrx_word' id='word_1_181' title='bbox 2262 735 2559 780; x_wconf 84' lang='lat' dir='ltr'><strong>creaturam</strong></span> <span class='ocrx_word' id='word_1_182' title='bbox 2592 735 2700 780; x_wconf 89' lang='lat' dir='ltr'><strong>tum</strong></span> <span class='ocrx_word' id='word_1_183' title='bbox 2733 726 2994 781; x_wconf 83' lang='lat' dir='ltr'><strong>visibilem</strong></span> <span class='ocrx_word' id='word_1_184' title='bbox 3023 734 3134 780; x_wconf 91' lang='lat' dir='ltr'><strong>tum</strong></span> <span class='ocrx_word' id='word_1_185' title='bbox 3166 723 3483 780; x_wconf 89' lang='lat' dir='ltr'><strong>invisibilem</strong></span> <span class='ocrx_word' id='word_1_186' title='bbox 3512 740 3602 779; x_wconf 83' lang='lat' dir='ltr'><strong>su-</strong></span> 
     </span>
    </p>
   </div>
   <div class='ocr_carea' id='block_1_26' title="bbox 2019 815 3601 888">
    <p class='ocr_par' dir='ltr' id='par_1_26' title="bbox 2019 815 3601 888">
     <span class='ocr_line' id='line_1_26' title="bbox 2019 815 3601 888; baseline -0.001 -18"><span class='ocrx_word' id='word_1_187' title='bbox 2019 817 2274 885; x_wconf 90' lang='lat' dir='ltr'><strong>perantis,</strong></span> <span class='ocrx_word' id='word_1_188' title='bbox 2295 817 2355 872; x_wconf 88' lang='lat' dir='ltr'><strong>lis</strong></span> <span class='ocrx_word' id='word_1_189' title='bbox 2371 818 2656 888; x_wconf 88' lang='lat' dir='ltr'><strong>particeps,</strong></span> <span class='ocrx_word' id='word_1_190' title='bbox 2677 818 2885 872; x_wconf 90' lang='lat' dir='ltr'><strong>tametsi</strong></span> <span class='ocrx_word' id='word_1_191' title='bbox 2906 818 3064 872; x_wconf 90' lang='lat' dir='ltr'><strong>homo</strong></span> <span class='ocrx_word' id='word_1_192' title='bbox 3079 817 3153 872; x_wconf 92' lang='lat' dir='ltr'><strong>sis</strong></span> <span class='ocrx_word' id='word_1_193' title='bbox 3172 815 3354 871; x_wconf 91' lang='lat' dir='ltr'><strong>etvilis</strong></span> <span class='ocrx_word' id='word_1_194' title='bbox 3374 823 3601 879; x_wconf 63' lang='lat' dir='ltr'><strong>naturae,</strong></span> 
     </span>
    </p>
   </div>
   <div class='ocr_carea' id='block_1_27' title="bbox 2019 907 3602 980">
    <p class='ocr_par' dir='ltr' id='par_1_27' title="bbox 2019 907 3602 980">
     <span class='ocr_line' id='line_1_27' title="bbox 2019 907 3602 980; baseline -0.001 -18"><span class='ocrx_word' id='word_1_195' title='bbox 2019 924 2126 963; x_wconf 91' lang='lat' dir='ltr'><strong>non</strong></span> <span class='ocrx_word' id='word_1_196' title='bbox 2156 920 2436 979; x_wconf 84' lang='lat' dir='ltr'><strong>exspectas</strong></span> <span class='ocrx_word' id='word_1_197' title='bbox 2483 919 2538 964; x_wconf 92' lang='lat' dir='ltr'><strong>ut</strong></span> <span class='ocrx_word' id='word_1_198' title='bbox 2585 910 2785 980; x_wconf 87' lang='lat' dir='ltr'><strong>gratias</strong></span> <span class='ocrx_word' id='word_1_199' title='bbox 2835 925 2966 980; x_wconf 83' lang='lat' dir='ltr'><strong>agas</strong></span> <span class='ocrx_word' id='word_1_200' title='bbox 3009 917 3064 964; x_wconf 90' lang='lat' dir='ltr'><strong>et</strong></span> <span class='ocrx_word' id='word_1_201' title='bbox 3107 909 3286 964; x_wconf 90' lang='lat' dir='ltr'><strong>verbis</strong></span> <span class='ocrx_word' id='word_1_202' title='bbox 3305 917 3360 964; x_wconf 92' lang='lat' dir='ltr'><strong>et</strong></span> <span class='ocrx_word' id='word_1_203' title='bbox 3410 907 3602 961; x_wconf 77' lang='lat' dir='ltr'><strong>factis?</strong></span> 
     </span>
    </p>
   </div>
   <div class='ocr_carea' id='block_1_28' title="bbox 2017 999 3599 1071">
    <p class='ocr_par' dir='ltr' id='par_1_28' title="bbox 2017 999 3599 1071">
     <span class='ocr_line' id='line_1_28' title="bbox 2017 999 3599 1071; baseline -0.001 -17"><span class='ocrx_word' id='word_1_204' title='bbox 2017 999 2155 1067; x_wconf 86' lang='lat' dir='ltr'><strong>Quid</strong></span> <span class='ocrx_word' id='word_1_205' title='bbox 2172 1009 2253 1055; x_wconf 90' lang='lat' dir='ltr'><strong>est</strong></span> <span class='ocrx_word' id='word_1_206' title='bbox 2280 1000 2423 1056; x_wconf 87' lang='lat' dir='ltr'><strong>aliud</strong></span> <span class='ocrx_word' id='word_1_207' title='bbox 2441 1016 2599 1071; x_wconf 88' lang='lat' dir='ltr'><strong>quatn</strong></span> <span class='ocrx_word' id='word_1_208' title='bbox 2628 1010 2870 1057; x_wconf 80' lang='lat' dir='ltr'><strong>extremo</strong></span> <span class='ocrx_word' id='word_1_209' title='bbox 2897 1001 3159 1071; x_wconf 89' lang='lat' dir='ltr'><strong>supplicio</strong></span> <span class='ocrx_word' id='word_1_210' title='bbox 3174 1015 3293 1055; x_wconf 92' lang='lat' dir='ltr'><strong>sese</strong></span> <span class='ocrx_word' id='word_1_211' title='bbox 3313 1000 3599 1054; x_wconf 79' lang='lat' dir='ltr'><strong>obnoxium</strong></span> 
     </span>
    </p>
   </div>
   <div class='ocr_carea' id='block_1_29' title="bbox 2018 1091 3602 1163">
    <p class='ocr_par' dir='ltr' id='par_1_29' title="bbox 2018 1091 3602 1163">
     <span class='ocr_line' id='line_1_29' title="bbox 2018 1091 3602 1163; baseline 0 -17"><span class='ocrx_word' id='word_1_212' title='bbox 2018 1092 2284 1147; x_wconf 85' lang='lat' dir='ltr'><strong>reddere?</strong></span> <span class='ocrx_word' id='word_1_213' title='bbox 2307 1093 2431 1147; x_wconf 65' lang='lat' dir='ltr'><strong>Hatc</strong></span> <span class='ocrx_word' id='word_1_214' title='bbox 2457 1109 2556 1163; x_wconf 87' lang='lat' dir='ltr'><strong>ego</strong></span> <span class='ocrx_word' id='word_1_215' title='bbox 2585 1092 2705 1149; x_wconf 90' lang='lat' dir='ltr'><strong>dico</strong></span> <span class='ocrx_word' id='word_1_216' title='bbox 2736 1108 2841 1148; x_wconf 91' lang='lat' dir='ltr'><strong>non</strong></span> <span class='ocrx_word' id='word_1_217' title='bbox 2861 1102 2920 1147; x_wconf 88' lang='lat' dir='ltr'><strong>ut</strong></span> <span class='ocrx_word' id='word_1_218' title='bbox 2950 1092 3176 1147; x_wconf 88' lang='lat' dir='ltr'><strong>laudetis</strong></span> <span class='ocrx_word' id='word_1_219' title='bbox 3197 1091 3393 1156; x_wconf 89' lang='lat' dir='ltr'><strong>solum,</strong></span> <span class='ocrx_word' id='word_1_220' title='bbox 3427 1107 3602 1160; x_wconf 87' lang='lat' dir='ltr'><strong>neque</strong></span> 
     </span>
    </p>
   </div>
   <div class='ocr_carea' id='block_1_30' title="bbox 2017 1183 3706 1253">
    <p class='ocr_par' dir='ltr' id='par_1_30' title="bbox 2017 1183 3706 1253">
     <span class='ocr_line' id='line_1_30' title="bbox 2017 1183 3706 1253; baseline -0.001 -15"><span class='ocrx_word' id='word_1_221' title='bbox 2017 1193 2078 1238; x_wconf 92' lang='lat' dir='ltr'><strong>ut</strong></span> <span class='ocrx_word' id='word_1_222' title='bbox 2108 1183 2500 1239; x_wconf 77' lang='lat' dir='ltr'><strong>tumultuamini</strong></span> <span class='ocrx_word' id='word_1_223' title='bbox 2529 1195 2582 1240; x_wconf 93' lang='lat' dir='ltr'><strong>et</strong></span> <span class='ocrx_word' id='word_1_224' title='bbox 2607 1184 2871 1253; x_wconf 91' lang='lat' dir='ltr'><strong>clametis,</strong></span> <span class='ocrx_word' id='word_1_225' title='bbox 2901 1183 2995 1239; x_wconf 88' lang='lat' dir='ltr'><strong>sed</strong></span> <span class='ocrx_word' id='word_1_226' title='bbox 3019 1193 3218 1239; x_wconf 91' lang='lat' dir='ltr'><strong>utcum</strong></span> <span class='ocrx_word' id='word_1_227' title='bbox 3243 1192 3450 1252; x_wconf 90' lang='lat' dir='ltr'><strong>tempus</strong></span> <span class='ocrx_word' id='word_1_228' title='bbox 3470 1197 3600 1237; x_wconf 84' lang='lat' dir='ltr'><strong>exc-</strong></span> <span class='ocrx_word' id='word_1_229' title='bbox 3697 1187 3706 1199; x_wconf 92' lang='lat'><strong>&#39;</strong></span> 
     </span>
    </p>
   </div>
   <div class='ocr_carea' id='block_1_31' title="bbox 2016 1274 3598 1346">
    <p class='ocr_par' dir='ltr' id='par_1_31' title="bbox 2016 1274 3598 1346">
     <span class='ocr_line' id='line_1_31' title="bbox 2016 1274 3598 1346; baseline -0.001 -17"><span class='ocrx_word' id='word_1_230' title='bbox 2016 1276 2172 1346; x_wconf 89' lang='lat' dir='ltr'><strong>gerit,</strong></span> <span class='ocrx_word' id='word_1_231' title='bbox 2203 1275 2394 1332; x_wconf 87' lang='lat' dir='ltr'><strong>borum</strong></span> <span class='ocrx_word' id='word_1_232' title='bbox 2420 1291 2690 1332; x_wconf 89' lang='lat' dir='ltr'><strong>memores</strong></span> <span class='ocrx_word' id='word_1_233' title='bbox 2717 1276 3001 1331; x_wconf 88' lang='lat' dir='ltr'><strong>verborum</strong></span> <span class='ocrx_word' id='word_1_234' title='bbox 3031 1274 3438 1330; x_wconf 88' lang='lat' dir='ltr'><strong>convenientem</strong></span> <span class='ocrx_word' id='word_1_235' title='bbox 3479 1288 3598 1328; x_wconf 91' lang='lat' dir='ltr'><strong>mo-</strong></span> 
     </span>
    </p>
   </div>
   <div class='ocr_carea' id='block_1_32' title="bbox 2016 1364 3600 1437">
    <p class='ocr_par' dir='ltr' id='par_1_32' title="bbox 2016 1364 3600 1437">
     <span class='ocr_line' id='line_1_32' title="bbox 2016 1364 3600 1437; baseline -0.004 -14"><span class='ocrx_word' id='word_1_236' title='bbox 2016 1367 2238 1423; x_wconf 90' lang='lat' dir='ltr'><strong>destiam</strong></span> <span class='ocrx_word' id='word_1_237' title='bbox 2270 1383 2380 1437; x_wconf 65' lang='lat' dir='ltr'><strong>prie</strong></span> <span class='ocrx_word' id='word_1_238' title='bbox 2405 1367 2555 1424; x_wconf 87' lang='lat' dir='ltr'><strong>vobis</strong></span> <span class='ocrx_word' id='word_1_239' title='bbox 2576 1367 2780 1422; x_wconf 82' lang='lat' dir='ltr'><strong>feratis.</strong></span> <span class='ocrx_word' id='word_1_240' title='bbox 2830 1366 3077 1437; x_wconf 82' lang='lat' dir='ltr'><strong>Mysteria</strong></span> <span class='ocrx_word' id='word_1_241' title='bbox 3123 1371 3179 1420; x_wconf 86' lang='lat' dir='ltr'><strong>et</strong></span> <span class='ocrx_word' id='word_1_242' title='bbox 3221 1364 3492 1427; x_wconf 90' lang='lat' dir='ltr'><strong>dicuntur,</strong></span> <span class='ocrx_word' id='word_1_243' title='bbox 3547 1372 3600 1416; x_wconf 89' lang='lat' dir='ltr'><strong>ct</strong></span> 
     </span>
    </p>
   </div>
   <div class='ocr_carea' id='block_1_33' title="bbox 2017 1457 3592 1530">
    <p class='ocr_par' dir='ltr' id='par_1_33' title="bbox 2017 1457 3592 1530">
     <span class='ocr_line' id='line_1_33' title="bbox 2017 1457 3592 1530; baseline -0.003 -18"><span class='ocrx_word' id='word_1_244' title='bbox 2017 1467 2179 1526; x_wconf 86' lang='lat' dir='ltr'><strong>sunt;</strong></span> <span class='ocrx_word' id='word_1_245' title='bbox 2211 1459 2298 1514; x_wconf 91' lang='lat' dir='ltr'><strong>ubi</strong></span> <span class='ocrx_word' id='word_1_246' title='bbox 2327 1475 2456 1514; x_wconf 86' lang='lat' dir='ltr'><strong>vero</strong></span> <span class='ocrx_word' id='word_1_247' title='bbox 2480 1469 2608 1515; x_wconf 90' lang='lat' dir='ltr'><strong>sunt</strong></span> <span class='ocrx_word' id='word_1_248' title='bbox 2632 1459 2911 1530; x_wconf 89' lang='lat' dir='ltr'><strong>mysteria,</strong></span> <span class='ocrx_word' id='word_1_249' title='bbox 2941 1458 3166 1512; x_wconf 90' lang='lat' dir='ltr'><strong>multum</strong></span> <span class='ocrx_word' id='word_1_250' title='bbox 3193 1457 3462 1512; x_wconf 90' lang='lat' dir='ltr'><strong>silentium</strong></span> <span class='ocrx_word' id='word_1_251' title='bbox 3493 1465 3592 1510; x_wconf 87' lang='lat' dir='ltr'><strong>est.</strong></span> 
     </span>
    </p>
   </div>
   <div class='ocr_carea' id='block_1_34' title="bbox 2016 1547 3600 1624">
    <p class='ocr_par' dir='ltr' id='par_1_34' title="bbox 2016 1547 3600 1624">
     <span class='ocr_line' id='line_1_34' title="bbox 2016 1547 3600 1624; baseline -0.004 -17"><span class='ocrx_word' id='word_1_252' title='bbox 2016 1550 2147 1607; x_wconf 90' lang='lat' dir='ltr'><strong>Cum</strong></span> <span class='ocrx_word' id='word_1_253' title='bbox 2165 1553 2332 1607; x_wconf 90' lang='lat' dir='ltr'><strong>multo</strong></span> <span class='ocrx_word' id='word_1_254' title='bbox 2348 1567 2478 1624; x_wconf 89' lang='lat' dir='ltr'><strong>ergo</strong></span> <span class='ocrx_word' id='word_1_255' title='bbox 2502 1552 2735 1618; x_wconf 90' lang='lat' dir='ltr'><strong>silentio,</strong></span> <span class='ocrx_word' id='word_1_256' title='bbox 2763 1566 2884 1606; x_wconf 89' lang='lat' dir='ltr'><strong>cum</strong></span> <span class='ocrx_word' id='word_1_257' title='bbox 2913 1550 3077 1604; x_wconf 90' lang='lat' dir='ltr'><strong>multa</strong></span> <span class='ocrx_word' id='word_1_258' title='bbox 3104 1548 3386 1615; x_wconf 88' lang='lat' dir='ltr'><strong>modestia,</strong></span> <span class='ocrx_word' id='word_1_259' title='bbox 3405 1547 3600 1603; x_wconf 85' lang='lat' dir='ltr'><strong>decen-</strong></span> 
     </span>
    </p>
   </div>
   <div class='ocr_carea' id='block_1_35' title="bbox 2017 1640 3595 1713">
    <p class='ocr_par' dir='ltr' id='par_1_35' title="bbox 2017 1640 3595 1713">
     <span class='ocr_line' id='line_1_35' title="bbox 2017 1640 3595 1713; baseline -0.004 -15"><span class='ocrx_word' id='word_1_260' title='bbox 2017 1644 2162 1713; x_wconf 87' lang='lat' dir='ltr'><strong>tique</strong></span> <span class='ocrx_word' id='word_1_261' title='bbox 2191 1645 2493 1700; x_wconf 90' lang='lat' dir='ltr'><strong>reverentia</strong></span> <span class='ocrx_word' id='word_1_262' title='bbox 2520 1650 2763 1698; x_wconf 87' lang='lat' dir='ltr'><strong>sanctum</strong></span> <span class='ocrx_word' id='word_1_263' title='bbox 2783 1642 2885 1697; x_wconf 91' lang='lat' dir='ltr'><strong>hoc</strong></span> <span class='ocrx_word' id='word_1_264' title='bbox 2906 1641 3231 1696; x_wconf 83' lang='lat' dir='ltr'><strong>sacriﬁcium</strong></span> <span class='ocrx_word' id='word_1_265' title='bbox 3252 1640 3595 1710; x_wconf 87' lang='lat' dir='ltr'><strong>attingamus,</strong></span> 
     </span>
    </p>
   </div>
   <div class='ocr_carea' id='block_1_36' title="bbox 2015 1725 3595 1804">
    <p class='ocr_par' dir='ltr' id='par_1_36' title="bbox 2015 1725 3595 1804">
     <span class='ocr_line' id='line_1_36' title="bbox 2015 1725 3595 1804; baseline -0.002 -16"><span class='ocrx_word' id='word_1_266' title='bbox 2015 1743 2075 1788; x_wconf 92' lang='lat' dir='ltr'><strong>ut</strong></span> <span class='ocrx_word' id='word_1_267' title='bbox 2108 1734 2364 1804; x_wconf 88' lang='lat' dir='ltr'><strong>majorem</strong></span> <span class='ocrx_word' id='word_1_268' title='bbox 2407 1734 2562 1789; x_wconf 89' lang='lat' dir='ltr'><strong>nobis</strong></span> <span class='ocrx_word' id='word_1_269' title='bbox 2613 1734 2708 1789; x_wconf 88' lang='lat' dir='ltr'><strong>Dei</strong></span> <span class='ocrx_word' id='word_1_270' title='bbox 2755 1734 3188 1790; x_wconf 89' lang='lat' dir='ltr'><strong>benevolentiam</strong></span> <span class='ocrx_word' id='word_1_271' title='bbox 3231 1725 3595 1797; x_wconf 83' lang='lat' dir='ltr'><strong>conciliemus,</strong></span> 
     </span>
    </p>
   </div>
   <div class='ocr_carea' id='block_1_37' title="bbox 2014 1826 3592 1897">
    <p class='ocr_par' dir='ltr' id='par_1_37' title="bbox 2014 1826 3592 1897">
     <span class='ocr_line' id='line_1_37' title="bbox 2014 1826 3592 1897; baseline -0.003 -15"><span class='ocrx_word' id='word_1_272' title='bbox 2014 1835 2070 1882; x_wconf 86' lang='lat' dir='ltr'><strong>et</strong></span> <span class='ocrx_word' id='word_1_273' title='bbox 2088 1826 2325 1881; x_wconf 88' lang='lat' dir='ltr'><strong>animum</strong></span> <span class='ocrx_word' id='word_1_274' title='bbox 2345 1841 2752 1897; x_wconf 88' lang='lat' dir='ltr'><strong>perpurgemus,</strong></span> <span class='ocrx_word' id='word_1_275' title='bbox 2788 1835 3093 1897; x_wconf 75' lang='lat' dir='ltr'><strong>teternaque</strong></span> <span class='ocrx_word' id='word_1_276' title='bbox 3136 1828 3273 1881; x_wconf 89' lang='lat' dir='ltr'><strong>bona</strong></span> <span class='ocrx_word' id='word_1_277' title='bbox 3298 1839 3592 1895; x_wconf 84' lang='lat' dir='ltr'><strong>consequa-</strong></span> 
     </span>
    </p>
   </div>
   <div class='ocr_carea' id='block_1_38' title="bbox 2013 1917 3598 1988">
    <p class='ocr_par' dir='ltr' id='par_1_38' title="bbox 2013 1917 3598 1988">
     <span class='ocr_line' id='line_1_38' title="bbox 2013 1917 3598 1988; baseline -0.002 -16"><span class='ocrx_word' id='word_1_278' title='bbox 2013 1933 2169 1984; x_wconf 90' lang='lat' dir='ltr'><strong>mur;</strong></span> <span class='ocrx_word' id='word_1_279' title='bbox 2200 1933 2319 1987; x_wconf 75' lang='lat' dir='ltr'><strong>qute</strong></span> <span class='ocrx_word' id='word_1_280' title='bbox 2343 1932 2440 1973; x_wconf 91' lang='lat' dir='ltr'><strong>nos</strong></span> <span class='ocrx_word' id='word_1_281' title='bbox 2461 1933 2649 1973; x_wconf 89' lang='lat' dir='ltr'><strong>omnes</strong></span> <span class='ocrx_word' id='word_1_282' title='bbox 2670 1927 2727 1973; x_wconf 93' lang='lat' dir='ltr'><strong>ut</strong></span> <span class='ocrx_word' id='word_1_283' title='bbox 2750 1918 3108 1983; x_wconf 87' lang='lat' dir='ltr'><strong>obtineamus,</strong></span> <span class='ocrx_word' id='word_1_284' title='bbox 3159 1917 3288 1972; x_wconf 77' lang='lat' dir='ltr'><strong>faxit</strong></span> <span class='ocrx_word' id='word_1_285' title='bbox 3330 1918 3499 1988; x_wconf 88' lang='lat' dir='ltr'><strong>gratia</strong></span> <span class='ocrx_word' id='word_1_286' title='bbox 3544 1927 3598 1969; x_wconf 91' lang='lat' dir='ltr'><strong>et</strong></span> 
     </span>
    </p>
   </div>
   <div class='ocr_carea' id='block_1_39' title="bbox 2012 2007 3595 2078">
    <p class='ocr_par' dir='ltr' id='par_1_39' title="bbox 2012 2007 3595 2078">
     <span class='ocr_line' id='line_1_39' title="bbox 2012 2007 3595 2078; baseline 0 -16"><span class='ocrx_word' id='word_1_287' title='bbox 2012 2007 2312 2078; x_wconf 84' lang='lat' dir='ltr'><strong>benignitas</strong></span> <span class='ocrx_word' id='word_1_288' title='bbox 2345 2009 2556 2065; x_wconf 91' lang='lat' dir='ltr'><strong>Domini</strong></span> <span class='ocrx_word' id='word_1_289' title='bbox 2588 2011 2758 2064; x_wconf 88' lang='lat' dir='ltr'><strong>nostri</strong></span> <span class='ocrx_word' id='word_1_290' title='bbox 2787 2009 2912 2064; x_wconf 87' lang='lat' dir='ltr'><strong>Jesu</strong></span> <span class='ocrx_word' id='word_1_291' title='bbox 2938 2009 3154 2076; x_wconf 89' lang='lat' dir='ltr'><strong>Christi,</strong></span> <span class='ocrx_word' id='word_1_292' title='bbox 3185 2024 3305 2064; x_wconf 91' lang='lat' dir='ltr'><strong>cum</strong></span> <span class='ocrx_word' id='word_1_293' title='bbox 3346 2024 3451 2078; x_wconf 91' lang='lat' dir='ltr'><strong>quo</strong></span> <span class='ocrx_word' id='word_1_294' title='bbox 3495 2007 3595 2062; x_wconf 86' lang='lat' dir='ltr'><strong>Pa-</strong></span> 
     </span>
    </p>
   </div>
   <div class='ocr_carea' id='block_1_40' title="bbox 2013 2099 3596 2172">
    <p class='ocr_par' dir='ltr' id='par_1_40' title="bbox 2013 2099 3596 2172">
     <span class='ocr_line' id='line_1_40' title="bbox 2013 2099 3596 2172; baseline -0.001 -19"><span class='ocrx_word' id='word_1_295' title='bbox 2013 2100 2102 2162; x_wconf 89' lang='lat' dir='ltr'><strong>tri,</strong></span> <span class='ocrx_word' id='word_1_296' title='bbox 2127 2099 2391 2170; x_wconf 89' lang='lat' dir='ltr'><strong>simulque</strong></span> <span class='ocrx_word' id='word_1_297' title='bbox 2414 2100 2632 2170; x_wconf 91' lang='lat' dir='ltr'><strong>Spiritui</strong></span> <span class='ocrx_word' id='word_1_298' title='bbox 2670 2109 2856 2156; x_wconf 87' lang='lat' dir='ltr'><strong>sancto</strong></span> <span class='ocrx_word' id='word_1_299' title='bbox 2877 2143 2891 2168; x_wconf 94' lang='lat'><strong>,</strong></span> <span class='ocrx_word' id='word_1_300' title='bbox 2922 2101 3110 2172; x_wconf 88' lang='lat' dir='ltr'><strong>gloria,</strong></span> <span class='ocrx_word' id='word_1_301' title='bbox 3166 2101 3482 2170; x_wconf 88' lang='lat' dir='ltr'><strong>imperium,</strong></span> <span class='ocrx_word' id='word_1_302' title='bbox 3544 2111 3596 2153; x_wconf 92' lang='lat' dir='ltr'><strong>et</strong></span> 
     </span>
    </p>
   </div>
   <div class='ocr_carea' id='block_1_41' title="bbox 2012 2192 3591 2266">
    <p class='ocr_par' dir='ltr' id='par_1_41' title="bbox 2012 2192 3591 2266">
     <span class='ocr_line' id='line_1_41' title="bbox 2012 2192 3591 2266; baseline 0.001 -22"><span class='ocrx_word' id='word_1_303' title='bbox 2012 2192 2272 2261; x_wconf 89' lang='lat' dir='ltr'><strong>adoratio,</strong></span> <span class='ocrx_word' id='word_1_304' title='bbox 2301 2209 2444 2250; x_wconf 89' lang='lat' dir='ltr'><strong>nunc</strong></span> <span class='ocrx_word' id='word_1_305' title='bbox 2473 2201 2530 2250; x_wconf 91' lang='lat' dir='ltr'><strong>et</strong></span> <span class='ocrx_word' id='word_1_306' title='bbox 2551 2208 2783 2266; x_wconf 83' lang='lat' dir='ltr'><strong>semper,</strong></span> <span class='ocrx_word' id='word_1_307' title='bbox 2806 2203 2861 2250; x_wconf 89' lang='lat' dir='ltr'><strong>et</strong></span> <span class='ocrx_word' id='word_1_308' title='bbox 2907 2195 2959 2249; x_wconf 92' lang='lat' dir='ltr'><strong>in</strong></span> <span class='ocrx_word' id='word_1_309' title='bbox 3017 2194 3211 2249; x_wconf 82' lang='lat' dir='ltr'><strong>saecula</strong></span> <span class='ocrx_word' id='word_1_310' title='bbox 3259 2194 3591 2248; x_wconf 74' lang='lat' dir='ltr'><strong>szeculorum.</strong></span> 
     </span>
    </p>
   </div>
   <div class='ocr_carea' id='block_1_42' title="bbox 2014 2285 2210 2343">
    <p class='ocr_par' dir='ltr' id='par_1_42' title="bbox 2014 2285 2210 2343">
     <span class='ocr_line' id='line_1_42' title="bbox 2014 2285 2210 2343; baseline 0.015 -3"><span class='ocrx_word' id='word_1_311' title='bbox 2014 2285 2210 2343; x_wconf 82' lang='lat' dir='ltr'><strong>Amen.</strong></span> 
     </span>
    </p>
   </div>
   <div class='ocr_carea' id='block_1_43' title="bbox 1771 3172 2146 3234">
    <p class='ocr_par' dir='ltr' id='par_1_43' title="bbox 1771 3172 2146 3234">
     <span class='ocr_line' id='line_1_43' title="bbox 1771 3172 2146 3234; baseline -0.008 0"><span class='ocrx_word' id='word_1_312' title='bbox 1771 3172 2146 3234; x_wconf 80' lang='lat' dir='ltr'><strong>MONITUM</strong></span> 
     </span>
    </p>
   </div>
   <div class='ocr_carea' id='block_1_44' title="bbox 344 3455 3593 3539">
    <p class='ocr_par' dir='ltr' id='par_1_44' title="bbox 344 3455 3593 3539">
     <span class='ocr_line' id='line_1_44' title="bbox 344 3455 3593 3539; baseline -0.003 -11"><span class='ocrx_word' id='word_1_313' title='bbox 344 3473 641 3529; x_wconf 87' lang='lat' dir='ltr'><strong>secundam</strong></span> <span class='ocrx_word' id='word_1_314' title='bbox 689 3470 761 3524; x_wconf 89' lang='lat' dir='ltr'><strong>De</strong></span> <span class='ocrx_word' id='word_1_315' title='bbox 789 3468 936 3522; x_wconf 83' lang='lat' dir='ltr'><strong>Juda</strong></span> <span class='ocrx_word' id='word_1_316' title='bbox 967 3468 1236 3539; x_wconf 83' lang='lat' dir='ltr'><strong>proditore</strong></span> <span class='ocrx_word' id='word_1_317' title='bbox 1275 3466 1657 3520; x_wconf 80' lang='lat' dir='ltr'><strong>incunctanter</strong></span> <span class='ocrx_word' id='word_1_318' title='bbox 1692 3461 2110 3529; x_wconf 83' lang='lat' dir='ltr'><strong>conjiceremus.</strong></span> <span class='ocrx_word' id='word_1_319' title='bbox 2171 3456 2371 3514; x_wconf 83' lang='lat' dir='ltr'><strong>Verum</strong></span> <span class='ocrx_word' id='word_1_320' title='bbox 2426 3459 2657 3524; x_wconf 88' lang='lat' dir='ltr'><strong>levibus,</strong></span> <span class='ocrx_word' id='word_1_321' title='bbox 2722 3457 2780 3512; x_wconf 91' lang='lat' dir='ltr'><strong>ni</strong></span> <span class='ocrx_word' id='word_1_322' title='bbox 2835 3455 3014 3525; x_wconf 88' lang='lat' dir='ltr'><strong>fallor,</strong></span> <span class='ocrx_word' id='word_1_323' title='bbox 3054 3460 3386 3531; x_wconf 89' lang='lat' dir='ltr'><strong>conjecturis</strong></span> <span class='ocrx_word' id='word_1_324' title='bbox 3453 3463 3593 3516; x_wconf 88' lang='lat' dir='ltr'><strong>hanc</strong></span> 
     </span>
    </p>
   </div>
   <div class='ocr_carea' id='block_1_45' title="bbox 346 3551 3591 3654">
    <p class='ocr_par' dir='ltr' id='par_1_45' title="bbox 346 3551 3591 3654">
     <span class='ocr_line' id='line_1_45' title="bbox 346 3551 3591 3654; baseline -0.003 -14"><span class='ocrx_word' id='word_1_325' title='bbox 346 3585 612 3654; x_wconf 85' lang='lat' dir='ltr'><strong>temporis</strong></span> <span class='ocrx_word' id='word_1_326' title='bbox 647 3583 912 3638; x_wconf 83' lang='lat' dir='ltr'><strong>rationem</strong></span> <span class='ocrx_word' id='word_1_327' title='bbox 937 3551 1176 3635; x_wconf 89' lang='lat' dir='ltr'><strong>instituit</strong></span> <span class='ocrx_word' id='word_1_328' title='bbox 1205 3575 1609 3640; x_wconf 72' lang='lat' dir='ltr'><strong>Tillemontius,</strong></span> <span class='ocrx_word' id='word_1_329' title='bbox 1649 3581 1710 3627; x_wconf 90' lang='lat' dir='ltr'><strong>ut</strong></span> <span class='ocrx_word' id='word_1_330' title='bbox 1735 3572 1981 3642; x_wconf 90' lang='lat' dir='ltr'><strong>pluribus</strong></span> <span class='ocrx_word' id='word_1_331' title='bbox 2004 3570 2218 3626; x_wconf 86' lang='lat' dir='ltr'><strong>dicetur</strong></span> <span class='ocrx_word' id='word_1_332' title='bbox 2250 3570 2305 3625; x_wconf 93' lang='lat' dir='ltr'><strong>in</strong></span> <span class='ocrx_word' id='word_1_333' title='bbox 2334 3569 2538 3625; x_wconf 84' lang='lat' dir='ltr'><strong>Monito</strong></span> <span class='ocrx_word' id='word_1_334' title='bbox 2573 3571 2642 3626; x_wconf 87' lang='lat' dir='ltr'><strong>ad</strong></span> <span class='ocrx_word' id='word_1_335' title='bbox 2682 3570 2936 3627; x_wconf 86' lang='lat' dir='ltr'><strong>bomilias</strong></span> <span class='ocrx_word' id='word_1_336' title='bbox 2959 3572 3014 3626; x_wconf 90' lang='lat' dir='ltr'><strong>in</strong></span> <span class='ocrx_word' id='word_1_337' title='bbox 3041 3571 3303 3627; x_wconf 83' lang='lat' dir='ltr'><strong>Genesim.</strong></span> <span class='ocrx_word' id='word_1_338' title='bbox 3358 3572 3483 3629; x_wconf 64' lang='lat' dir='ltr'><strong>Haec</strong></span> <span class='ocrx_word' id='word_1_339' title='bbox 3525 3575 3591 3630; x_wconf 92' lang='lat' dir='ltr'><strong>de</strong></span> 
     </span>
    </p>
   </div>
   <div class='ocr_carea' id='block_1_46' title="bbox 349 3692 1917 3769">
    <p class='ocr_par' dir='ltr' id='par_1_46' title="bbox 349 3694 1917 3769">
     <span class='ocr_line' id='line_1_46' title="bbox 349 3694 1917 3769; baseline -0.008 -9"><span class='ocrx_word' id='word_1_340' title='bbox 349 3703 574 3760; x_wconf 89' lang='lat' dir='ltr'><strong>homilia</strong></span> <span class='ocrx_word' id='word_1_341' title='bbox 606 3701 846 3757; x_wconf 85' lang='lat' dir='ltr'><strong>secunda</strong></span> <span class='ocrx_word' id='word_1_342' title='bbox 877 3698 1035 3769; x_wconf 87' lang='lat' dir='ltr'><strong>cujus</strong></span> <span class='ocrx_word' id='word_1_343' title='bbox 1077 3700 1315 3764; x_wconf 90' lang='lat' dir='ltr'><strong>initium,</strong></span> <span class='ocrx_word' id='word_1_344' title='bbox 1354 3694 1712 3767; x_wconf 81' lang='grc' dir='ltr'><strong>Ἐὅουλόμην,</strong></span> <span class='ocrx_word' id='word_1_345' title='bbox 1741 3695 1917 3764; x_wconf 60' lang='lat' dir='ltr'><strong>divam</strong></span> 
     </span>
    </p>
   </div>
   <div class='ocr_carea' id='block_1_47' title="bbox 2016 3692 3591 3769">
    <p class='ocr_par' dir='ltr' id='par_1_47' title="bbox 2016 3692 3591 3768">
     <span class='ocr_line' id='line_1_47' title="bbox 2016 3692 3591 3768; baseline 0.001 -23"><span class='ocrx_word' id='word_1_346' title='bbox 2016 3697 2018 3745; x_wconf 71' lang='grc' dir='ltr'>ζ</span> <span class='ocrx_word' id='word_1_347' title='bbox 2047 3713 2060 3749; x_wconf 96' lang='lat'>:</span> <span class='ocrx_word' id='word_1_348' title='bbox 2103 3695 2170 3749; x_wconf 90' lang='lat' dir='ltr'><strong>de</strong></span> <span class='ocrx_word' id='word_1_349' title='bbox 2191 3693 2430 3749; x_wconf 64' lang='lat' dir='ltr'><strong>homilia:</strong></span> <span class='ocrx_word' id='word_1_350' title='bbox 2457 3708 2588 3748; x_wconf 89' lang='lat' dir='ltr'><strong>vero</strong></span> <span class='ocrx_word' id='word_1_351' title='bbox 2621 3692 2835 3764; x_wconf 70' lang='lat' dir='ltr'><strong>primae,</strong></span> <span class='ocrx_word' id='word_1_352' title='bbox 2860 3709 2983 3766; x_wconf 70' lang='lat' dir='ltr'><strong>quae</strong></span> <span class='ocrx_word' id='word_1_353' title='bbox 3013 3695 3093 3751; x_wconf 88' lang='lat' dir='ltr'><strong>sic</strong></span> <span class='ocrx_word' id='word_1_354' title='bbox 3146 3695 3358 3768; x_wconf 84' lang='lat' dir='ltr'><strong>incipit,</strong></span> <span class='ocrx_word' id='word_1_355' title='bbox 3404 3695 3591 3765; x_wconf 82' lang='grc' dir='ltr'><strong>Ὀλίγα</strong></span> 
     </span>
    </p>
   </div>
   <div class='ocr_carea' id='block_1_48' title="bbox 344 3813 3590 3890">
    <p class='ocr_par' dir='ltr' id='par_1_48' title="bbox 344 3813 3590 3890">
     <span class='ocr_line' id='line_1_48' title="bbox 344 3813 3590 3890; baseline -0.001 -19"><span class='ocrx_word' id='word_1_356' title='bbox 344 3820 584 3888; x_wconf 80' lang='grc' dir='ltr'><strong>ἀνάγκη,</strong></span> <span class='ocrx_word' id='word_1_357' title='bbox 616 3829 883 3890; x_wconf 88' lang='lat' dir='ltr'><strong>tempore,</strong></span> <span class='ocrx_word' id='word_1_358' title='bbox 916 3819 1053 3872; x_wconf 84' lang='lat' dir='ltr'><strong>nihil</strong></span> <span class='ocrx_word' id='word_1_359' title='bbox 1099 3817 1244 3872; x_wconf 91' lang='lat' dir='ltr'><strong>aliud</strong></span> <span class='ocrx_word' id='word_1_360' title='bbox 1275 3816 1361 3872; x_wconf 89' lang='lat' dir='ltr'><strong>vel</strong></span> <span class='ocrx_word' id='word_1_361' title='bbox 1400 3823 1570 3880; x_wconf 89' lang='lat' dir='ltr'><strong>certo,</strong></span> <span class='ocrx_word' id='word_1_362' title='bbox 1609 3814 1696 3871; x_wconf 86' lang='lat' dir='ltr'><strong>vel</strong></span> <span class='ocrx_word' id='word_1_363' title='bbox 1732 3814 2024 3869; x_wconf 89' lang='lat' dir='ltr'><strong>admodum</strong></span> <span class='ocrx_word' id='word_1_364' title='bbox 2066 3813 2420 3884; x_wconf 89' lang='lat' dir='ltr'><strong>probabiliter</strong></span> <span class='ocrx_word' id='word_1_365' title='bbox 2462 3820 2703 3868; x_wconf 88' lang='lat' dir='ltr'><strong>statuere</strong></span> <span class='ocrx_word' id='word_1_366' title='bbox 2729 3827 3055 3888; x_wconf 78' lang='lat' dir='ltr'><strong>possumus,</strong></span> <span class='ocrx_word' id='word_1_367' title='bbox 3105 3829 3268 3884; x_wconf 89' lang='lat' dir='ltr'><strong>quam</strong></span> <span class='ocrx_word' id='word_1_368' title='bbox 3325 3815 3472 3883; x_wconf 91' lang='lat' dir='ltr'><strong>quod</strong></span> <span class='ocrx_word' id='word_1_369' title='bbox 3500 3813 3590 3868; x_wconf 86' lang='lat' dir='ltr'><strong>illa</strong></span> 
     </span>
    </p>
   </div>
   <div class='ocr_carea' id='block_1_49' title="bbox 345 3926 3589 4001">
    <p class='ocr_par' dir='ltr' id='par_1_49' title="bbox 345 3926 3589 4001">
     <span class='ocr_line' id='line_1_49' title="bbox 345 3926 3589 4001; baseline 0.001 -19"><span class='ocrx_word' id='word_1_370' title='bbox 345 3929 553 3999; x_wconf 82' lang='lat' dir='ltr'><strong>aliquot</strong></span> <span class='ocrx_word' id='word_1_371' title='bbox 576 3940 700 3984; x_wconf 89' lang='lat' dir='ltr'><strong>ante</strong></span> <span class='ocrx_word' id='word_1_372' title='bbox 741 3930 1036 3984; x_wconf 87' lang='lat' dir='ltr'><strong>secundam</strong></span> <span class='ocrx_word' id='word_1_373' title='bbox 1069 3929 1230 3985; x_wconf 87' lang='lat' dir='ltr'><strong>annis</strong></span> <span class='ocrx_word' id='word_1_374' title='bbox 1262 3929 1445 3983; x_wconf 85' lang='lat' dir='ltr'><strong>habita</strong></span> <span class='ocrx_word' id='word_1_375' title='bbox 1479 3927 1683 3982; x_wconf 86' lang='lat' dir='ltr'><strong>fuerit:</strong></span> <span class='ocrx_word' id='word_1_376' title='bbox 1710 3939 1886 3996; x_wconf 88' lang='lat' dir='ltr'><strong>neque</strong></span> <span class='ocrx_word' id='word_1_377' title='bbox 1914 3941 2044 3982; x_wconf 89' lang='lat' dir='ltr'><strong>vero</strong></span> <span class='ocrx_word' id='word_1_378' title='bbox 2087 3927 2376 3982; x_wconf 88' lang='lat' dir='ltr'><strong>tacendum</strong></span> <span class='ocrx_word' id='word_1_379' title='bbox 2410 3934 2494 3980; x_wconf 86' lang='lat' dir='ltr'><strong>est</strong></span> <span class='ocrx_word' id='word_1_380' title='bbox 2527 3926 2666 3981; x_wconf 90' lang='lat' dir='ltr'><strong>hanc</strong></span> <span class='ocrx_word' id='word_1_381' title='bbox 2699 3926 2932 3998; x_wconf 87' lang='lat' dir='ltr'><strong>primam</strong></span> <span class='ocrx_word' id='word_1_382' title='bbox 2967 3969 2982 3994; x_wconf 90' lang='lat'><strong>,</strong></span> <span class='ocrx_word' id='word_1_383' title='bbox 3026 3929 3210 3999; x_wconf 78' lang='grc' dir='ltr'>Ὀλίγα</span> <span class='ocrx_word' id='word_1_384' title='bbox 3265 3930 3501 4001; x_wconf 83' lang='grc' dir='ltr'><strong>ἀνάγκη,</strong></span> <span class='ocrx_word' id='word_1_385' title='bbox 3536 3930 3589 3984; x_wconf 90' lang='lat' dir='ltr'><strong>in</strong></span> 
     </span>
    </p>
   </div>
   <div class='ocr_carea' id='block_1_50' title="bbox 345 4039 3588 4117">
    <p class='ocr_par' dir='ltr' id='par_1_50' title="bbox 345 4039 3588 4117">
     <span class='ocr_line' id='line_1_50' title="bbox 345 4039 3588 4117; baseline -0 -18"><span class='ocrx_word' id='word_1_386' title='bbox 345 4047 670 4117; x_wconf 87' lang='lat' dir='ltr'><strong>perantiquo</strong></span> <span class='ocrx_word' id='word_1_387' title='bbox 709 4047 802 4101; x_wconf 90' lang='lat' dir='ltr'><strong>illo</strong></span> <span class='ocrx_word' id='word_1_388' title='bbox 844 4045 1108 4114; x_wconf 88' lang='lat' dir='ltr'><strong>Catalogo</strong></span> <span class='ocrx_word' id='word_1_389' title='bbox 1144 4044 1464 4112; x_wconf 82' lang='lat' dir='ltr'><strong>Augustano</strong></span> <span class='ocrx_word' id='word_1_390' title='bbox 1497 4042 1639 4096; x_wconf 90' lang='lat' dir='ltr'><strong>inter</strong></span> <span class='ocrx_word' id='word_1_391' title='bbox 1672 4040 1870 4110; x_wconf 81' lang='grc' dir='ltr'>γνησία</span> <span class='ocrx_word' id='word_1_392' title='bbox 1906 4055 2069 4110; x_wconf 88' lang='lat' dir='ltr'><strong>opera</strong></span> <span class='ocrx_word' id='word_1_393' title='bbox 2113 4040 2290 4094; x_wconf 91' lang='lat' dir='ltr'><strong>locum</strong></span> <span class='ocrx_word' id='word_1_394' title='bbox 2319 4039 2542 4106; x_wconf 85' lang='lat' dir='ltr'><strong>habere,</strong></span> <span class='ocrx_word' id='word_1_395' title='bbox 2582 4054 2691 4094; x_wconf 91' lang='lat' dir='ltr'><strong>non</strong></span> <span class='ocrx_word' id='word_1_396' title='bbox 2721 4055 2852 4095; x_wconf 88' lang='lat' dir='ltr'><strong>vero</strong></span> <span class='ocrx_word' id='word_1_397' title='bbox 2881 4039 3218 4106; x_wconf 88' lang='lat' dir='ltr'><strong>secundam;</strong></span> <span class='ocrx_word' id='word_1_398' title='bbox 3259 4043 3386 4111; x_wconf 88' lang='lat' dir='ltr'><strong>quia</strong></span> <span class='ocrx_word' id='word_1_399' title='bbox 3436 4042 3588 4098; x_wconf 89' lang='lat' dir='ltr'><strong>videa</strong></span> 
     </span>
    </p>
   </div>
   <div class='ocr_carea' id='block_1_51' title="bbox 345 4123 3591 4234">
    <p class='ocr_par' dir='ltr' id='par_1_51' title="bbox 345 4123 3591 4234">
     <span class='ocr_line' id='line_1_51' title="bbox 345 4123 3591 4234; baseline -0.003 -15"><span class='ocrx_word' id='word_1_400' title='bbox 345 4166 472 4220; x_wconf 85' lang='lat' dir='ltr'><strong>licet</strong></span> <span class='ocrx_word' id='word_1_401' title='bbox 499 4164 654 4218; x_wconf 90' lang='lat' dir='ltr'><strong>initio</strong></span> <span class='ocrx_word' id='word_1_402' title='bbox 684 4173 738 4219; x_wconf 89' lang='lat' dir='ltr'><strong>et</strong></span> <span class='ocrx_word' id='word_1_403' title='bbox 775 4163 964 4234; x_wconf 87' lang='lat' dir='ltr'><strong>paucis</strong></span> <span class='ocrx_word' id='word_1_404' title='bbox 992 4160 1115 4215; x_wconf 88' lang='lat' dir='ltr'><strong>aliis</strong></span> <span class='ocrx_word' id='word_1_405' title='bbox 1151 4158 1415 4227; x_wconf 82' lang='lat' dir='ltr'><strong>exceptis,</strong></span> <span class='ocrx_word' id='word_1_406' title='bbox 1445 4172 1567 4227; x_wconf 65' lang='lat' dir='ltr'><strong>quae</strong></span> <span class='ocrx_word' id='word_1_407' title='bbox 1591 4171 1622 4210; x_wconf 86' lang='lat' dir='ltr'><strong>a</strong></span> <span class='ocrx_word' id='word_1_408' title='bbox 1653 4155 2052 4227; x_wconf 87' lang='lat' dir='ltr'><strong>Chrysostomo</strong></span> <span class='ocrx_word' id='word_1_409' title='bbox 2084 4154 2259 4224; x_wconf 88' lang='lat' dir='ltr'><strong>ipsam</strong></span> <span class='ocrx_word' id='word_1_410' title='bbox 2312 4123 2645 4208; x_wconf 75' lang='lat' dir='ltr'><strong>retractante</strong></span> <span class='ocrx_word' id='word_1_411' title='bbox 2679 4153 2902 4208; x_wconf 91' lang='lat' dir='ltr'><strong>inducta</strong></span> <span class='ocrx_word' id='word_1_412' title='bbox 2953 4153 3200 4220; x_wconf 80' lang='lat' dir='ltr'><strong>fuerant,</strong></span> <span class='ocrx_word' id='word_1_413' title='bbox 3238 4155 3427 4210; x_wconf 88' lang='lat' dir='ltr'><strong>eadem</strong></span> <span class='ocrx_word' id='word_1_414' title='bbox 3476 4158 3591 4226; x_wconf 89' lang='lat' dir='ltr'><strong>ipsa</strong></span> 
     </span>
    </p>
   </div>
   <div class='ocr_carea' id='block_1_52' title="bbox 343 4269 3588 4346">
    <p class='ocr_par' dir='ltr' id='par_1_52' title="bbox 343 4269 3588 4346">
     <span class='ocr_line' id='line_1_52' title="bbox 343 4269 3588 4346; baseline -0.002 -15"><span class='ocrx_word' id='word_1_415' title='bbox 343 4289 460 4332; x_wconf 89' lang='lat' dir='ltr'><strong>erat</strong></span> <span class='ocrx_word' id='word_1_416' title='bbox 489 4296 501 4330; x_wconf 91' lang='lat'>:</span> <span class='ocrx_word' id='word_1_417' title='bbox 529 4289 581 4332; x_wconf 92' lang='lat' dir='ltr'><strong>et</strong></span> <span class='ocrx_word' id='word_1_418' title='bbox 620 4276 886 4346; x_wconf 88' lang='lat' dir='ltr'><strong>alioquin,</strong></span> <span class='ocrx_word' id='word_1_419' title='bbox 930 4282 986 4328; x_wconf 90' lang='lat' dir='ltr'><strong>ut</strong></span> <span class='ocrx_word' id='word_1_420' title='bbox 1017 4282 1163 4328; x_wconf 89' lang='lat' dir='ltr'><strong>recte</strong></span> <span class='ocrx_word' id='word_1_421' title='bbox 1189 4272 1402 4328; x_wconf 91' lang='lat' dir='ltr'><strong>monuit</strong></span> <span class='ocrx_word' id='word_1_422' title='bbox 1433 4269 1694 4336; x_wconf 87' lang='lat' dir='ltr'><strong>Savilius,</strong></span> <span class='ocrx_word' id='word_1_423' title='bbox 1732 4270 2028 4342; x_wconf 89' lang='lat' dir='ltr'><strong>Catal0gus</strong></span> <span class='ocrx_word' id='word_1_424' title='bbox 2088 4272 2178 4326; x_wconf 91' lang='lat' dir='ltr'><strong>ille</strong></span> <span class='ocrx_word' id='word_1_425' title='bbox 2212 4273 2563 4342; x_wconf 84' lang='lat' dir='ltr'><strong>Augustanus</strong></span> <span class='ocrx_word' id='word_1_426' title='bbox 2598 4271 2670 4324; x_wconf 92' lang='lat' dir='ltr'><strong>ita</strong></span> <span class='ocrx_word' id='word_1_427' title='bbox 2732 4271 3094 4325; x_wconf 90' lang='lat' dir='ltr'><strong>concinnatus</strong></span> <span class='ocrx_word' id='word_1_428' title='bbox 3135 4280 3236 4336; x_wconf 87' lang='lat' dir='ltr'><strong>est,</strong></span> <span class='ocrx_word' id='word_1_429' title='bbox 3281 4283 3340 4326; x_wconf 91' lang='lat' dir='ltr'><strong>ut</strong></span> <span class='ocrx_word' id='word_1_430' title='bbox 3411 4273 3588 4326; x_wconf 85' lang='lat' dir='ltr'><strong>omni-</strong></span> 
     </span>
    </p>
   </div>
   <div class='ocr_carea' id='block_1_53' title="bbox 343 4387 3590 4469">
    <p class='ocr_par' dir='ltr' id='par_1_53' title="bbox 343 4387 3590 4469">
     <span class='ocr_line' id='line_1_53' title="bbox 343 4387 3590 4469; baseline -0.002 -18"><span class='ocrx_word' id='word_1_431' title='bbox 343 4401 563 4467; x_wconf 82' lang='lat' dir='ltr'><strong>quidem</strong></span> <span class='ocrx_word' id='word_1_432' title='bbox 599 4398 886 4469; x_wconf 90' lang='lat' dir='ltr'><strong>opuscula,</strong></span> <span class='ocrx_word' id='word_1_433' title='bbox 918 4413 1039 4468; x_wconf 66' lang='lat' dir='ltr'><strong>quae</strong></span> <span class='ocrx_word' id='word_1_434' title='bbox 1072 4395 1126 4447; x_wconf 91' lang='lat' dir='ltr'><strong>in</strong></span> <span class='ocrx_word' id='word_1_435' title='bbox 1151 4407 1216 4448; x_wconf 91' lang='lat' dir='ltr'><strong>eo</strong></span> <span class='ocrx_word' id='word_1_436' title='bbox 1257 4403 1656 4459; x_wconf 88' lang='lat' dir='ltr'><strong>memorantur,</strong></span> <span class='ocrx_word' id='word_1_437' title='bbox 1691 4407 1819 4446; x_wconf 88' lang='lat' dir='ltr'><strong>vera</strong></span> <span class='ocrx_word' id='word_1_438' title='bbox 1859 4405 2225 4462; x_wconf 88' lang='lat' dir='ltr'><strong>germanaque</strong></span> <span class='ocrx_word' id='word_1_439' title='bbox 2270 4391 2417 4456; x_wconf 89' lang='lat' dir='ltr'><strong>sint;</strong></span> <span class='ocrx_word' id='word_1_440' title='bbox 2457 4389 2553 4445; x_wconf 85' lang='lat' dir='ltr'><strong>sed</strong></span> <span class='ocrx_word' id='word_1_441' title='bbox 2603 4404 2736 4444; x_wconf 85' lang='lat' dir='ltr'><strong>cave</strong></span> <span class='ocrx_word' id='word_1_442' title='bbox 2773 4397 2932 4460; x_wconf 89' lang='lat' dir='ltr'><strong>putes</strong></span> <span class='ocrx_word' id='word_1_443' title='bbox 2975 4387 3177 4454; x_wconf 91' lang='lat' dir='ltr'><strong>omnia,</strong></span> <span class='ocrx_word' id='word_1_444' title='bbox 3218 4403 3338 4456; x_wconf 83' lang='lat' dir='ltr'><strong>quae</strong></span> <span class='ocrx_word' id='word_1_445' title='bbox 3387 4389 3456 4442; x_wconf 90' lang='lat' dir='ltr'><strong>ab</strong></span> <span class='ocrx_word' id='word_1_446' title='bbox 3497 4388 3590 4444; x_wconf 91' lang='lat' dir='ltr'><strong>illo</strong></span> 
     </span>
    </p>
   </div>
   <div class='ocr_carea' id='block_1_54' title="bbox 345 4501 3592 4580">
    <p class='ocr_par' dir='ltr' id='par_1_54' title="bbox 345 4501 3592 4580">
     <span class='ocr_line' id='line_1_54' title="bbox 345 4501 3592 4580; baseline -0.002 -17"><span class='ocrx_word' id='word_1_447' title='bbox 345 4511 562 4576; x_wconf 61' lang='lat' dir='ltr'><strong>absunt,</strong></span> <span class='ocrx_word' id='word_1_448' title='bbox 594 4527 713 4565; x_wconf 85' lang='lat' dir='ltr'><strong>esse</strong></span> <span class='ocrx_word' id='word_1_449' title='bbox 747 4511 932 4580; x_wconf 88' lang='lat' dir='ltr'><strong>spuria</strong></span> <span class='ocrx_word' id='word_1_450' title='bbox 961 4528 974 4577; x_wconf 92' lang='lat'><strong>;</strong></span> <span class='ocrx_word' id='word_1_451' title='bbox 1007 4509 1255 4579; x_wconf 89' lang='lat' dir='ltr'><strong>quinimo</strong></span> <span class='ocrx_word' id='word_1_452' title='bbox 1283 4508 1458 4563; x_wconf 88' lang='lat' dir='ltr'><strong>multo</strong></span> <span class='ocrx_word' id='word_1_453' title='bbox 1491 4507 1646 4578; x_wconf 90' lang='lat' dir='ltr'><strong>plura</strong></span> <span class='ocrx_word' id='word_1_454' title='bbox 1681 4516 1809 4563; x_wconf 83' lang='lat' dir='ltr'><strong>sunt</strong></span> <span class='ocrx_word' id='word_1_455' title='bbox 1838 4506 2213 4578; x_wconf 86' lang='lat' dir='ltr'><strong>Chrysostomi</strong></span> <span class='ocrx_word' id='word_1_456' title='bbox 2240 4507 2440 4577; x_wconf 79' lang='grc' dir='ltr'><strong>γνήσια</strong></span> <span class='ocrx_word' id='word_1_457' title='bbox 2470 4519 2634 4574; x_wconf 85' lang='lat' dir='ltr'><strong>opera</strong></span> <span class='ocrx_word' id='word_1_458' title='bbox 2657 4544 2670 4566; x_wconf 89' lang='lat'><strong>,</strong></span> <span class='ocrx_word' id='word_1_459' title='bbox 2707 4517 2869 4574; x_wconf 85' lang='lat' dir='ltr'><strong>quam</strong></span> <span class='ocrx_word' id='word_1_460' title='bbox 2908 4517 2971 4557; x_wconf 87' lang='lat' dir='ltr'><strong>ea</strong></span> <span class='ocrx_word' id='word_1_461' title='bbox 3003 4517 3123 4572; x_wconf 68' lang='lat' dir='ltr'><strong>quae</strong></span> <span class='ocrx_word' id='word_1_462' title='bbox 3156 4501 3212 4556; x_wconf 91' lang='lat' dir='ltr'><strong>in</strong></span> <span class='ocrx_word' id='word_1_463' title='bbox 3256 4502 3446 4557; x_wconf 91' lang='lat' dir='ltr'><strong>eodem</strong></span> <span class='ocrx_word' id='word_1_464' title='bbox 3487 4502 3592 4557; x_wconf 89' lang='lat' dir='ltr'><strong>Ca-</strong></span> 
     </span>
    </p>
   </div>
   <div class='ocr_carea' id='block_1_55' title="bbox 347 4595 3596 4680">
    <p class='ocr_par' dir='ltr' id='par_1_55' title="bbox 347 4595 3596 4680">
     <span class='ocr_line' id='line_1_55' title="bbox 347 4595 3596 4680; baseline -0.003 -18"><span class='ocrx_word' id='word_1_465' title='bbox 347 4612 527 4680; x_wconf 82' lang='lat' dir='ltr'><strong>talogo</strong></span> <span class='ocrx_word' id='word_1_466' title='bbox 559 4617 932 4663; x_wconf 88' lang='lat' dir='ltr'><strong>recensentur.</strong></span> <span class='ocrx_word' id='word_1_467' title='bbox 964 4608 1235 4662; x_wconf 63' lang='lat' dir='ltr'><strong>Ceterum</strong></span> <span class='ocrx_word' id='word_1_468' title='bbox 1259 4606 1388 4676; x_wconf 87' lang='lat' dir='ltr'><strong>quia</strong></span> <span class='ocrx_word' id='word_1_469' title='bbox 1417 4605 1662 4660; x_wconf 90' lang='lat' dir='ltr'><strong>eamdem</strong></span> <span class='ocrx_word' id='word_1_470' title='bbox 1694 4606 2012 4661; x_wconf 89' lang='lat' dir='ltr'><strong>concionem</strong></span> <span class='ocrx_word' id='word_1_471' title='bbox 2044 4603 2362 4660; x_wconf 86' lang='lat' dir='ltr'><strong>retractavit</strong></span> <span class='ocrx_word' id='word_1_472' title='bbox 2405 4602 2859 4673; x_wconf 85' lang='lat' dir='ltr'><strong>Chrysostomus,</strong></span> <span class='ocrx_word' id='word_1_473' title='bbox 2888 4596 3024 4652; x_wconf 89' lang='lat' dir='ltr'><strong>etin</strong></span> <span class='ocrx_word' id='word_1_474' title='bbox 3053 4595 3327 4665; x_wconf 87' lang='lat' dir='ltr'><strong>plerisque</strong></span> <span class='ocrx_word' id='word_1_475' title='bbox 3369 4596 3441 4649; x_wconf 94' lang='lat' dir='ltr'><strong>ita</strong></span> <span class='ocrx_word' id='word_1_476' title='bbox 3477 4611 3596 4651; x_wconf 90' lang='lat' dir='ltr'><strong>mu-</strong></span> 
     </span>
    </p>
   </div>
   <div class='ocr_carea' id='block_1_56' title="bbox 345 4717 3594 4790">
    <p class='ocr_par' dir='ltr' id='par_1_56' title="bbox 345 4717 3594 4790">
     <span class='ocr_line' id='line_1_56' title="bbox 345 4717 3594 4790; baseline -0.003 -8"><span class='ocrx_word' id='word_1_477' title='bbox 345 4729 498 4790; x_wconf 88' lang='lat' dir='ltr'><strong>tavit,</strong></span> <span class='ocrx_word' id='word_1_478' title='bbox 533 4735 592 4779; x_wconf 90' lang='lat' dir='ltr'><strong>nt</strong></span> <span class='ocrx_word' id='word_1_479' title='bbox 624 4725 757 4780; x_wconf 83' lang='lat' dir='ltr'><strong>duas</strong></span> <span class='ocrx_word' id='word_1_480' title='bbox 786 4742 850 4780; x_wconf 81' lang='lat' dir='ltr'><strong>cx</strong></span> <span class='ocrx_word' id='word_1_481' title='bbox 887 4738 996 4778; x_wconf 90' lang='lat' dir='ltr'><strong>una</strong></span> <span class='ocrx_word' id='word_1_482' title='bbox 1038 4722 1294 4778; x_wconf 87' lang='lat' dir='ltr'><strong>homilias</strong></span> <span class='ocrx_word' id='word_1_483' title='bbox 1332 4722 1588 4787; x_wconf 69' lang='lat' dir='ltr'><strong>effecerit,</strong></span> <span class='ocrx_word' id='word_1_484' title='bbox 1622 4723 1759 4778; x_wconf 90' lang='lat' dir='ltr'><strong>nihil</strong></span> <span class='ocrx_word' id='word_1_485' title='bbox 1791 4723 1989 4778; x_wconf 92' lang='lat' dir='ltr'><strong>mirum</strong></span> <span class='ocrx_word' id='word_1_486' title='bbox 2019 4723 2066 4779; x_wconf 92' lang='lat' dir='ltr'><strong>si</strong></span> <span class='ocrx_word' id='word_1_487' title='bbox 2108 4730 2258 4776; x_wconf 89' lang='lat' dir='ltr'><strong>tanta</strong></span> <span class='ocrx_word' id='word_1_488' title='bbox 2312 4722 2383 4777; x_wconf 87' lang='lat' dir='ltr'><strong>sit</strong></span> <span class='ocrx_word' id='word_1_489' title='bbox 2443 4721 2496 4775; x_wconf 92' lang='lat' dir='ltr'><strong>in</strong></span> <span class='ocrx_word' id='word_1_490' title='bbox 2537 4717 2923 4788; x_wconf 81' lang='lat' dir='ltr'><strong>Manuscriptis</strong></span> <span class='ocrx_word' id='word_1_491' title='bbox 2956 4717 3229 4783; x_wconf 88' lang='lat' dir='ltr'><strong>varietas;</strong></span> <span class='ocrx_word' id='word_1_492' title='bbox 3284 4733 3407 4771; x_wconf 91' lang='lat' dir='ltr'><strong>cum</strong></span> <span class='ocrx_word' id='word_1_493' title='bbox 3466 4733 3594 4773; x_wconf 88' lang='lat' dir='ltr'><strong>vero</strong></span> 
     </span>
    </p>
   </div>
   <div class='ocr_carea' id='block_1_57' title="bbox 346 4832 3593 4908">
    <p class='ocr_par' dir='ltr' id='par_1_57' title="bbox 346 4832 3593 4908">
     <span class='ocr_line' id='line_1_57' title="bbox 346 4832 3593 4908; baseline -0.002 -14"><span class='ocrx_word' id='word_1_494' title='bbox 346 4840 609 4894; x_wconf 90' lang='lat' dir='ltr'><strong>lectiones</strong></span> <span class='ocrx_word' id='word_1_495' title='bbox 642 4841 806 4894; x_wconf 66' lang='lat' dir='ltr'><strong>variae</strong></span> <span class='ocrx_word' id='word_1_496' title='bbox 834 4838 900 4892; x_wconf 91' lang='lat' dir='ltr'><strong>ad</strong></span> <span class='ocrx_word' id='word_1_497' title='bbox 931 4837 1248 4893; x_wconf 85' lang='lat' dir='ltr'><strong>alterutram</strong></span> <span class='ocrx_word' id='word_1_498' title='bbox 1286 4840 1613 4908; x_wconf 89' lang='lat' dir='ltr'><strong>pertineant,</strong></span> <span class='ocrx_word' id='word_1_499' title='bbox 1646 4839 1777 4893; x_wconf 88' lang='lat' dir='ltr'><strong>satis</strong></span> <span class='ocrx_word' id='word_1_500' title='bbox 1807 4839 2098 4894; x_wconf 89' lang='lat' dir='ltr'><strong>habuimus</strong></span> <span class='ocrx_word' id='word_1_501' title='bbox 2139 4846 2426 4908; x_wconf 88' lang='lat' dir='ltr'><strong>utramque</strong></span> <span class='ocrx_word' id='word_1_502' title='bbox 2461 4836 2718 4899; x_wconf 88' lang='lat' dir='ltr'><strong>edidisse,</strong></span> <span class='ocrx_word' id='word_1_503' title='bbox 2776 4845 2830 4889; x_wconf 88' lang='lat' dir='ltr'><strong>et</strong></span> <span class='ocrx_word' id='word_1_504' title='bbox 2887 4849 2917 4887; x_wconf 90' lang='lat' dir='ltr'><strong>a</strong></span> <span class='ocrx_word' id='word_1_505' title='bbox 2975 4832 3434 4903; x_wconf 82' lang='lat' dir='ltr'><strong>frequentissimis</strong></span> <span class='ocrx_word' id='word_1_506' title='bbox 3486 4834 3593 4889; x_wconf 91' lang='lat' dir='ltr'><strong>illis</strong></span> 
     </span>
    </p>
   </div>
   <div class='ocr_carea' id='block_1_58' title="bbox 346 4948 3591 5025">
    <p class='ocr_par' dir='ltr' id='par_1_58' title="bbox 346 4948 3591 5025">
     <span class='ocr_line' id='line_1_58' title="bbox 346 4948 3591 5025; baseline -0.001 -17"><span class='ocrx_word' id='word_1_507' title='bbox 346 4955 512 5009; x_wconf 76' lang='lat' dir='ltr'><strong>variis</strong></span> <span class='ocrx_word' id='word_1_508' title='bbox 535 4954 862 5010; x_wconf 90' lang='lat' dir='ltr'><strong>lectionibus</strong></span> <span class='ocrx_word' id='word_1_509' title='bbox 901 4957 1226 5011; x_wconf 87' lang='lat' dir='ltr'><strong>annotandis</strong></span> <span class='ocrx_word' id='word_1_510' title='bbox 1263 4955 1649 5009; x_wconf 88' lang='lat' dir='ltr'><strong>abstinuimus.</strong></span> <span class='ocrx_word' id='word_1_511' title='bbox 1700 4953 1895 5009; x_wconf 86' lang='lat' dir='ltr'><strong>Notatu</strong></span> <span class='ocrx_word' id='word_1_512' title='bbox 1937 4954 2133 5025; x_wconf 86' lang='lat' dir='ltr'><strong>dignus</strong></span> <span class='ocrx_word' id='word_1_513' title='bbox 2165 4960 2249 5008; x_wconf 89' lang='lat' dir='ltr'><strong>est</strong></span> <span class='ocrx_word' id='word_1_514' title='bbox 2307 4952 2360 5006; x_wconf 90' lang='lat' dir='ltr'><strong>in</strong></span> <span class='ocrx_word' id='word_1_515' title='bbox 2395 4960 2626 5021; x_wconf 88' lang='lat' dir='ltr'><strong>utraque</strong></span> <span class='ocrx_word' id='word_1_516' title='bbox 2689 4948 2913 5005; x_wconf 88' lang='lat' dir='ltr'><strong>homilia</strong></span> <span class='ocrx_word' id='word_1_517' title='bbox 2979 4949 3134 5004; x_wconf 92' lang='lat' dir='ltr'><strong>locus</strong></span> <span class='ocrx_word' id='word_1_518' title='bbox 3191 4949 3279 5003; x_wconf 89' lang='lat' dir='ltr'><strong>ille</strong></span> <span class='ocrx_word' id='word_1_519' title='bbox 3323 4966 3473 5004; x_wconf 90' lang='lat' dir='ltr'><strong>num.</strong></span> <span class='ocrx_word' id='word_1_520' title='bbox 3517 4949 3591 5007; x_wconf 88' lang='lat'><strong>6:</strong></span> 
     </span>
    </p>
   </div>
   <div class='ocr_carea' id='block_1_59' title="bbox 345 5063 3595 5134">
    <p class='ocr_par' dir='ltr' id='par_1_59' title="bbox 345 5063 3595 5134">
     <span class='ocr_line' id='line_1_59' title="bbox 345 5063 3595 5134; baseline 0.001 -17"><span class='ocrx_word' id='word_1_521' title='bbox 345 5065 509 5117; x_wconf 78' lang='lat' dir='ltr'><strong>Adest</strong></span> <span class='ocrx_word' id='word_1_522' title='bbox 539 5074 587 5116; x_wconf 88' lang='lat' dir='ltr'><strong>et</strong></span> <span class='ocrx_word' id='word_1_523' title='bbox 620 5081 756 5116; x_wconf 85' lang='lat' dir='ltr'><strong>nunc</strong></span> <span class='ocrx_word' id='word_1_524' title='bbox 798 5065 1039 5120; x_wconf 77' lang='lat' dir='ltr'><strong>Christus</strong></span> <span class='ocrx_word' id='word_1_525' title='bbox 1074 5083 1306 5120; x_wconf 84' lang='lat' dir='ltr'><strong>mensam</strong></span> <span class='ocrx_word' id='word_1_526' title='bbox 1341 5080 1625 5118; x_wconf 75' lang='lat' dir='ltr'><strong>exornans.</strong></span> <span class='ocrx_word' id='word_1_527' title='bbox 1652 5063 1837 5134; x_wconf 79' lang='lat' dir='ltr'><strong>Neque</strong></span> <span class='ocrx_word' id='word_1_528' title='bbox 1862 5065 2000 5117; x_wconf 89' lang='lat' dir='ltr'><strong>enim</strong></span> <span class='ocrx_word' id='word_1_529' title='bbox 2032 5064 2185 5118; x_wconf 83' lang='lat' dir='ltr'><strong>homo</strong></span> <span class='ocrx_word' id='word_1_530' title='bbox 2213 5074 2290 5119; x_wconf 86' lang='lat' dir='ltr'><strong>est</strong></span> <span class='ocrx_word' id='word_1_531' title='bbox 2322 5065 2390 5128; x_wconf 90' lang='lat' dir='ltr'><strong>is,</strong></span> <span class='ocrx_word' id='word_1_532' title='bbox 2427 5063 2513 5133; x_wconf 87' lang='lat' dir='ltr'><strong>qui</strong></span> <span class='ocrx_word' id='word_1_533' title='bbox 2542 5063 2670 5131; x_wconf 78' lang='lat' dir='ltr'><strong>facit</strong></span> <span class='ocrx_word' id='word_1_534' title='bbox 2700 5071 2754 5116; x_wconf 88' lang='lat' dir='ltr'><strong>ut</strong></span> <span class='ocrx_word' id='word_1_535' title='bbox 2792 5064 3062 5132; x_wconf 85' lang='lat' dir='ltr'><strong>proposita</strong></span> <span class='ocrx_word' id='word_1_536' title='bbox 3083 5079 3270 5133; x_wconf 78' lang='lat' dir='ltr'><strong>corpus</strong></span> <span class='ocrx_word' id='word_1_537' title='bbox 3301 5074 3350 5117; x_wconf 87' lang='lat' dir='ltr'><strong>et</strong></span> <span class='ocrx_word' id='word_1_538' title='bbox 3379 5067 3595 5134; x_wconf 82' lang='lat' dir='ltr'><strong>sanguis</strong></span> 
     </span>
    </p>
   </div>
   <div class='ocr_carea' id='block_1_60' title="bbox 347 5185 3594 5260">
    <p class='ocr_par' dir='ltr' id='par_1_60' title="bbox 347 5185 3594 5260">
     <span class='ocr_line' id='line_1_60' title="bbox 347 5185 3594 5260; baseline 0.001 -21"><span class='ocrx_word' id='word_1_539' title='bbox 347 5185 549 5239; x_wconf 82' lang='lat' dir='ltr'><strong>Christi</strong></span> <span class='ocrx_word' id='word_1_540' title='bbox 580 5188 891 5255; x_wconf 67' lang='lat' dir='ltr'><strong>efﬁciantur.</strong></span> <span class='ocrx_word' id='word_1_541' title='bbox 937 5186 1196 5257; x_wconf 84' lang='lat' dir='ltr'><strong>Figuram</strong></span> <span class='ocrx_word' id='word_1_542' title='bbox 1225 5196 1428 5241; x_wconf 82' lang='lat' dir='ltr'><strong>tantum</strong></span> <span class='ocrx_word' id='word_1_543' title='bbox 1472 5187 1692 5255; x_wconf 81' lang='lat' dir='ltr'><strong>implens</strong></span> <span class='ocrx_word' id='word_1_544' title='bbox 1727 5195 1833 5242; x_wconf 87' lang='lat' dir='ltr'><strong>stat</strong></span> <span class='ocrx_word' id='word_1_545' title='bbox 1872 5188 2115 5242; x_wconf 84' lang='lat' dir='ltr'><strong>sacerdos</strong></span> <span class='ocrx_word' id='word_1_546' title='bbox 2154 5200 2203 5244; x_wconf 90' lang='lat' dir='ltr'><strong>et</strong></span> <span class='ocrx_word' id='word_1_547' title='bbox 2238 5188 2677 5260; x_wconf 80' lang='lat' dir='ltr'><strong>supplicationem</strong></span> <span class='ocrx_word' id='word_1_548' title='bbox 2702 5186 2853 5256; x_wconf 73' lang='lat' dir='ltr'><strong>offert</strong></span> <span class='ocrx_word' id='word_1_549' title='bbox 2880 5202 2900 5239; x_wconf 89' lang='lat'><strong><em>:</em></strong></span> <span class='ocrx_word' id='word_1_550' title='bbox 2937 5188 3113 5256; x_wconf 88' lang='lat' dir='ltr'><strong>gratia</strong></span> <span class='ocrx_word' id='word_1_551' title='bbox 3153 5197 3329 5240; x_wconf 86' lang='lat' dir='ltr'><strong>autem</strong></span> <span class='ocrx_word' id='word_1_552' title='bbox 3355 5196 3402 5240; x_wconf 87' lang='lat' dir='ltr'><strong>et</strong></span> <span class='ocrx_word' id='word_1_553' title='bbox 3430 5189 3594 5241; x_wconf 84' lang='lat' dir='ltr'><strong>virtus</strong></span> 
     </span>
    </p>
   </div>
   <div class='ocr_carea' id='block_1_61' title="bbox 348 5303 3593 5378">
    <p class='ocr_par' dir='ltr' id='par_1_61' title="bbox 348 5303 3593 5378">
     <span class='ocr_line' id='line_1_61' title="bbox 348 5303 3593 5378; baseline 0.001 -23"><span class='ocrx_word' id='word_1_554' title='bbox 348 5303 444 5356; x_wconf 88' lang='lat' dir='ltr'><strong>Dei</strong></span> <span class='ocrx_word' id='word_1_555' title='bbox 474 5313 571 5366; x_wconf 79' lang='lat' dir='ltr'><strong>est,</strong></span> <span class='ocrx_word' id='word_1_556' title='bbox 601 5321 716 5374; x_wconf 74' lang='lat' dir='ltr'><strong>qua:</strong></span> <span class='ocrx_word' id='word_1_557' title='bbox 746 5308 923 5360; x_wconf 85' lang='lat' dir='ltr'><strong>omnia</strong></span> <span class='ocrx_word' id='word_1_558' title='bbox 950 5307 1122 5376; x_wconf 73' lang='lat' dir='ltr'><strong>efﬁcit.</strong></span> <span class='ocrx_word' id='word_1_559' title='bbox 1158 5303 1271 5361; x_wconf 87' lang='lat' dir='ltr'><strong>Hoc</strong></span> <span class='ocrx_word' id='word_1_560' title='bbox 1307 5314 1390 5359; x_wconf 87' lang='lat' dir='ltr'><strong>est</strong></span> <span class='ocrx_word' id='word_1_561' title='bbox 1422 5321 1620 5376; x_wconf 90' lang='lat' dir='ltr'><strong>corpus</strong></span> <span class='ocrx_word' id='word_1_562' title='bbox 1649 5321 1850 5374; x_wconf 89' lang='lat' dir='ltr'><strong>meum,</strong></span> <span class='ocrx_word' id='word_1_563' title='bbox 1878 5307 2092 5375; x_wconf 88' lang='lat' dir='ltr'><strong>inquit:</strong></span> <span class='ocrx_word' id='word_1_564' title='bbox 2122 5308 2217 5362; x_wconf 84' lang='lat' dir='ltr'><strong>hoc</strong></span> <span class='ocrx_word' id='word_1_565' title='bbox 2253 5307 2466 5362; x_wconf 79' lang='lat' dir='ltr'><strong>verbum</strong></span> <span class='ocrx_word' id='word_1_566' title='bbox 2507 5305 2780 5378; x_wconf 83' lang='lat' dir='ltr'><strong>proposita</strong></span> <span class='ocrx_word' id='word_1_567' title='bbox 2813 5306 3184 5374; x_wconf 78' lang='lat' dir='ltr'><strong>transformat.</strong></span> <span class='ocrx_word' id='word_1_568' title='bbox 3216 5303 3312 5359; x_wconf 89' lang='lat' dir='ltr'><strong>Hic</strong></span> <span class='ocrx_word' id='word_1_569' title='bbox 3341 5314 3393 5359; x_wconf 86' lang='lat' dir='ltr'><strong>et</strong></span> <span class='ocrx_word' id='word_1_570' title='bbox 3417 5317 3593 5360; x_wconf 84' lang='lat' dir='ltr'><strong>trans-</strong></span> 
     </span>
    </p>
   </div>
   <div class='ocr_carea' id='block_1_62' title="bbox 345 5418 3311 5497">
    <p class='ocr_par' dir='ltr' id='par_1_62' title="bbox 345 5418 3311 5497">
     <span class='ocr_line' id='line_1_62' title="bbox 345 5418 3311 5497; baseline 0.002 -30"><span class='ocrx_word' id='word_1_571' title='bbox 345 5418 720 5472; x_wconf 76' lang='lat' dir='ltr'><strong>substantiatio</strong></span> <span class='ocrx_word' id='word_1_572' title='bbox 750 5429 803 5474; x_wconf 87' lang='lat' dir='ltr'><strong>et</strong></span> <span class='ocrx_word' id='word_1_573' title='bbox 842 5422 1127 5490; x_wconf 73' lang='lat' dir='ltr'><strong>praesentia</strong></span> <span class='ocrx_word' id='word_1_574' title='bbox 1154 5422 1356 5477; x_wconf 86' lang='lat' dir='ltr'><strong>Christi</strong></span> <span class='ocrx_word' id='word_1_575' title='bbox 1388 5424 1440 5477; x_wconf 92' lang='lat' dir='ltr'><strong>in</strong></span> <span class='ocrx_word' id='word_1_576' title='bbox 1473 5425 1816 5481; x_wconf 79' lang='lat' dir='ltr'><strong>Eucharistra</strong></span> <span class='ocrx_word' id='word_1_577' title='bbox 1843 5425 1991 5480; x_wconf 90' lang='lat' dir='ltr'><strong>clare</strong></span> <span class='ocrx_word' id='word_1_578' title='bbox 2026 5425 2410 5494; x_wconf 84' lang='lat' dir='ltr'><strong>praedicantur,</strong></span> <span class='ocrx_word' id='word_1_579' title='bbox 2442 5433 2504 5481; x_wconf 91' lang='lat' dir='ltr'><strong>ut</strong></span> <span class='ocrx_word' id='word_1_580' title='bbox 2525 5424 2775 5497; x_wconf 87' lang='lat' dir='ltr'><strong>pluribus</strong></span> <span class='ocrx_word' id='word_1_581' title='bbox 2803 5424 3014 5480; x_wconf 89' lang='lat' dir='ltr'><strong>dicetur</strong></span> <span class='ocrx_word' id='word_1_582' title='bbox 3042 5436 3141 5478; x_wconf 91' lang='lat' dir='ltr'><strong>suo</strong></span> <span class='ocrx_word' id='word_1_583' title='bbox 3170 5420 3311 5474; x_wconf 91' lang='lat' dir='ltr'><strong>loco.</strong></span> 
     </span>
    </p>
   </div>
   <div class='ocr_carea' id='block_1_63' title="bbox 420 5570 3593 5654">
    <p class='ocr_par' dir='ltr' id='par_1_63' title="bbox 420 5570 3593 5654">
     <span class='ocr_line' id='line_1_63' title="bbox 420 5570 3593 5654; baseline 0.004 -31"><span class='ocrx_word' id='word_1_584' title='bbox 420 5570 575 5636; x_wconf 84' lang='lat' dir='ltr'><strong>Quod</strong></span> <span class='ocrx_word' id='word_1_585' title='bbox 609 5589 736 5628; x_wconf 86' lang='lat' dir='ltr'><strong>vero</strong></span> <span class='ocrx_word' id='word_1_586' title='bbox 768 5574 823 5627; x_wconf 92' lang='lat' dir='ltr'><strong>in</strong></span> <span class='ocrx_word' id='word_1_587' title='bbox 851 5584 1083 5646; x_wconf 90' lang='lat' dir='ltr'><strong>utraque</strong></span> <span class='ocrx_word' id='word_1_588' title='bbox 1113 5577 1339 5633; x_wconf 87' lang='lat' dir='ltr'><strong>homilia</strong></span> <span class='ocrx_word' id='word_1_589' title='bbox 1368 5577 1501 5634; x_wconf 88' lang='lat' dir='ltr'><strong>dicit</strong></span> <span class='ocrx_word' id='word_1_590' title='bbox 1554 5592 1614 5636; x_wconf 83' lang='lat' dir='ltr'><strong>se</strong></span> <span class='ocrx_word' id='word_1_591' title='bbox 1640 5580 1753 5650; x_wconf 86' lang='lat' dir='ltr'><strong>jam</strong></span> <span class='ocrx_word' id='word_1_592' title='bbox 1785 5590 1980 5650; x_wconf 85' lang='lat' dir='ltr'><strong>quarto</strong></span> <span class='ocrx_word' id='word_1_593' title='bbox 2004 5580 2092 5637; x_wconf 91' lang='lat' dir='ltr'><strong>die</strong></span> <span class='ocrx_word' id='word_1_594' title='bbox 2121 5581 2188 5636; x_wconf 91' lang='lat' dir='ltr'><strong>de</strong></span> <span class='ocrx_word' id='word_1_595' title='bbox 2221 5585 2466 5638; x_wconf 87' lang='lat' dir='ltr'><strong>oratione</strong></span> <span class='ocrx_word' id='word_1_596' title='bbox 2498 5597 2597 5654; x_wconf 88' lang='lat' dir='ltr'><strong>pro</strong></span> <span class='ocrx_word' id='word_1_597' title='bbox 2648 5580 2888 5637; x_wconf 90' lang='lat' dir='ltr'><strong>inimicis</strong></span> <span class='ocrx_word' id='word_1_598' title='bbox 2926 5595 3108 5653; x_wconf 86' lang='lat' dir='ltr'><strong>agere,</strong></span> <span class='ocrx_word' id='word_1_599' title='bbox 3168 5580 3372 5636; x_wconf 90' lang='lat' dir='ltr'><strong>indicat</strong></span> <span class='ocrx_word' id='word_1_600' title='bbox 3413 5581 3593 5650; x_wconf 74' lang='lat' dir='ltr'><strong>utique</strong></span> 
     </span>
    </p>
   </div>
   <div class='ocr_carea' id='block_1_64' title="bbox 346 5683 3383 5761">
    <p class='ocr_par' dir='ltr' id='par_1_64' title="bbox 346 5683 3383 5761">
     <span class='ocr_line' id='line_1_64' title="bbox 346 5683 3383 5761; baseline 0.006 -27"><span class='ocrx_word' id='word_1_601' title='bbox 346 5683 796 5753; x_wconf 76' lang='lat' dir='ltr'><strong>(.hrysostomum</strong></span> <span class='ocrx_word' id='word_1_602' title='bbox 835 5687 888 5742; x_wconf 91' lang='lat' dir='ltr'><strong>in</strong></span> <span class='ocrx_word' id='word_1_603' title='bbox 920 5695 1173 5758; x_wconf 91' lang='lat' dir='ltr'><strong>utroque,</strong></span> <span class='ocrx_word' id='word_1_604' title='bbox 1207 5705 1314 5760; x_wconf 77' lang='lat' dir='ltr'><strong>quo</strong></span> <span class='ocrx_word' id='word_1_605' title='bbox 1339 5690 1440 5745; x_wconf 87' lang='lat' dir='ltr'><strong>has</strong></span> <span class='ocrx_word' id='word_1_606' title='bbox 1465 5691 1719 5748; x_wconf 86' lang='lat' dir='ltr'><strong>homilias</strong></span> <span class='ocrx_word' id='word_1_607' title='bbox 1751 5692 1960 5761; x_wconf 88' lang='lat' dir='ltr'><strong>habuit,</strong></span> <span class='ocrx_word' id='word_1_608' title='bbox 1995 5709 2139 5752; x_wconf 91' lang='lat' dir='ltr'><strong>anno</strong></span> <span class='ocrx_word' id='word_1_609' title='bbox 2177 5697 2425 5753; x_wconf 88' lang='lat' dir='ltr'><strong>eumdem</strong></span> <span class='ocrx_word' id='word_1_610' title='bbox 2455 5696 2816 5754; x_wconf 88' lang='lat' dir='ltr'><strong>concionandi</strong></span> <span class='ocrx_word' id='word_1_611' title='bbox 2845 5697 3094 5754; x_wconf 90' lang='lat' dir='ltr'><strong>ordinem</strong></span> <span class='ocrx_word' id='word_1_612' title='bbox 3125 5698 3383 5753; x_wconf 89' lang='lat' dir='ltr'><strong>tenuisse.</strong></span> 
     </span>
    </p>
   </div>
   <div class='ocr_carea' id='block_1_65' title="bbox 426 5837 2017 5916">
    <p class='ocr_par' dir='ltr' id='par_1_65' title="bbox 426 5837 2017 5916">
     <span class='ocr_line' id='line_1_65' title="bbox 426 5837 2017 5916; baseline 0.006 -23"><span class='ocrx_word' id='word_1_613' title='bbox 426 5837 722 5910; x_wconf 78' lang='lat' dir='ltr'><strong>Utriusque</strong></span> <span class='ocrx_word' id='word_1_614' title='bbox 755 5841 990 5900; x_wconf 56' lang='lat' dir='ltr'><strong>homiliaI</strong></span> <span class='ocrx_word' id='word_1_615' title='bbox 1019 5844 1518 5916; x_wconf 70' lang='lat' dir='ltr'><strong>interpretationem</strong></span> <span class='ocrx_word' id='word_1_616' title='bbox 1559 5864 1756 5904; x_wconf 86' lang='lat' dir='ltr'><strong>novam</strong></span> <span class='ocrx_word' id='word_1_617' title='bbox 1784 5851 2017 5906; x_wconf 88' lang='lat' dir='ltr'><strong>edimus.</strong></span> 
     </span>
    </p>
   </div>
  </div>
