4066 6392
550 393 661 450 375

1249 399 1308 454 5.
1343 397 1630 457 JOANNIS
1667 401 2165 462 CHRYSOSTOMI
2199 404 2519 465 ARCHIEP.
2562 407 3108 465 CONSTANTINOP.

3696 409 3797 465 574

1672 998 1751 1057 ΙΝ
1815 995 2372 1059 PRODITIONEM
2429 1000 2648 1059 JUDAE
2668 1045 2685 1070 ,

543 1284 622 1331 ΕΤ
663 1285 730 1333 IN
775 1285 1051 1345 PASCHA,
1098 1287 1292 1342 ιΝουΕ
1332 1289 1770 1334 TRADITIONEM
1814 1289 2293 1346 MYSTERIORUM,
2345 1292 2421 1333 AC
2465 1290 2634 1342 QUOD
2669 1288 2800 1333 NON
2843 1290 3165 1335 OPORTEAT
3199 1290 3579 1336 INJURIARUR!
3612 1292 3813 1339 ηεδιιοη

1359 1366 1581 1424 NISSE,
1624 1366 1692 1412 IN
1732 1367 1969 1413 SANCTA
2009 1370 2086 1412 ET
2132 1369 2344 1414 MAGNA
2385 1368 2568 1413 rem
2615 1368 2847 1422 omnm
2887 1352 2992 1433 (α).

1170 1867 1396 1908 ιιοιιιιιΑ
1434 1869 1472 1907 1.

598 1944 785 2001 Paucis
813 1942 971 1999 hodie
998 1958 1122 1998 cum
1145 1951 1322 1998 vestra
1352 1942 1573 1997 caritate
1602 1947 1828 1995 tractare
1859 1954 2106 1995 necessa-

526 2039 662 2091 rium
701 2045 783 2091 est
815 2054 827 2087 :
857 2044 912 2089 et
948 2034 1068 2090 ideo
1099 2033 1282 2104 paucis
1302 2074 1317 2099 ,
1357 2048 1463 2087 non
1495 2030 1639 2102 quod
1667 2031 1931 2086 dictorum
1957 2032 2110 2101 copia

525 2128 815 2198 gravemini
848 2145 861 2181 :
890 2128 1086 2181 nullam
1115 2126 1259 2180 enim
1288 2124 1447 2179 aliam
1468 2123 1738 2179 civitatem
1762 2124 1999 2193 reperire
2028 2131 2112 2178 est

524 2218 908 2275 andiendorum
935 2216 1286 2287 spiritualium
1303 2229 1609 2270 sermonum
1630 2216 1767 2269 adeo
1790 2213 2105 2268 studiosam.

525 2310 641 2365 Non
668 2319 947 2379 propterea
974 2307 1131 2376 igitur
1160 2320 1323 2376 pauca
1350 2305 1596 2369 dicimus,
1628 2303 1769 2372 quod
1792 2302 1941 2358 vobis
1971 2302 2108 2356 mul-

525 2401 749 2456 titudine
772 2414 1085 2455 sermonum
1113 2396 1386 2451 fastidium
1418 2398 1685 2465 pariamus
1701 2436 1718 2460 ,
1744 2393 1839 2449 sed
1863 2394 1987 2462 quia
2007 2393 2106 2447 alia

524 2491 815 2548 intervenit
859 2489 1019 2545 hodie
1044 2488 1319 2543 brevitatis
1360 2501 1541 2541 causa.
1580 2485 1791 2540 Etenim
1818 2485 2013 2539 multos
2032 2484 2109 2537 vi-

523 2583 627 2639 deo
652 2582 836 2638 ﬁdeles
860 2582 925 2636 ad
957 2581 1347 2636 horrendorum
1374 2581 1749 2650 mysteriorum
1772 2578 2111 2632 communio-

524 2690 646 2729 nem
674 2668 1010 2729 festinantes.
1030 2671 1102 2728 Ut
1127 2672 1285 2742 igitur
1314 2686 1488 2741 neque
1517 2670 1606 2723 illa
1627 2684 1811 2723 mensa
1836 2667 2104 2735 excidant,

526 2780 699 2836 neque
729 2764 829 2820 hac
858 2779 1075 2834 prorsus
1100 2762 1444 2828 frustrentur,
1475 2775 1699 2816 necesse
1728 2769 1815 2815 est
1859 2760 2109 2815 modera-

521 2866 632 2912 tum
660 2857 835 2913 cibum
864 2871 1150 2927 apponere,
1170 2864 1228 2910 ut
1243 2856 1511 2924 utrimque
1540 2853 1692 2909 vobis
1720 2852 1926 2907 lucrum
1953 2867 2109 2909 acce-

520 2947 652 3014 dat,
705 2956 761 3001 et
806 2948 907 3002 hoc
948 2963 1047 3003 ceu
1089 2945 1346 3001 doctrinae
1376 2945 1571 3000 viatico
1619 2944 1838 3011 muniti,
1870 2943 1948 2998 sic
1984 2958 2107 2998 cum

521 3042 734 3107 timore,
754 3050 987 3096 tremore
1008 3081 1023 3105 ,
1051 3039 1337 3109 debitaque
1361 3038 1659 3094 reverentia
1682 3038 1747 3091 ad
1774 3037 2105 3093 tremendam

519 3132 948 3202 horrendamque
971 3132 1401 3187 communionem
1441 3129 1727 3185 accedatis.

588 3227 819 3298 Lugendi
840 3228 876 3280 ii
911 3227 997 3296 qui
1017 3224 1151 3280 male
1174 3233 1366 3296 agunt,
1402 3239 1502 3277 non
1532 3223 1617 3293 qui
1658 3223 1793 3277 mala
1821 3223 2106 3292 patiuntur;

524 3318 774 3373 orandum
798 3334 889 3388 pro
915 3316 1150 3370 inimicis.
1181 3345 1249 3354 —
1271 3314 1464 3380 Hodie,
1490 3312 1693 3380 dilecti,
1719 3312 1975 3367 Dominus
2004 3328 2105 3366 no-

515 3419 629 3468 ster
663 3410 817 3467 Jesus
840 3410 1084 3465 Christus
1126 3407 1348 3463 traditus
1394 3407 1687 3477 estzhujus
1730 3422 1959 3477 namque
1999 3406 2104 3461 diei

517 3516 738 3571 vespera
770 3500 941 3554 Judaei
970 3500 1063 3554 illo
1082 3499 1472 3569 comprehenso
1522 3499 1785 3554 abierunt.
1818 3498 2015 3553 Verum
2039 3514 2104 3554 ne

516 3588 848 3644 contristeris
896 3586 1118 3642 audiens
1171 3586 1441 3642 Christum
1482 3585 1747 3656 proditum
1803 3601 1924 3641 esse
1954 3603 1967 3639 :
1996 3586 2104 3639 imo

518 3680 693 3748 potius
706 3677 1042 3742 contristare,
1058 3685 1114 3732 et
1128 3678 1321 3732 acerbe
1334 3678 1471 3748 luge,
1490 3692 1593 3732 non
1616 3676 1879 3746 proditum
1895 3676 2099 3743 Jesum,

516 3769 612 3824 sed
634 3768 957 3839 proditorem
975 3767 1185 3822 Judam.
1213 3767 1421 3823 Etenim
1444 3768 1533 3838 qui
1562 3766 1804 3837 proditus
1828 3777 1930 3834 est,
1950 3783 2103 3821 mun-

514 3859 640 3913 dum
672 3860 875 3914 salvum
903 3858 1046 3921 fecit,
1076 3858 1316 3928 proditor
1336 3873 1465 3913 vero
1486 3858 1716 3912 animam
1739 3873 1891 3912 suam
1920 3857 2097 3928 perdi-

514 3950 593 4005 dit
621 3968 636 4003 :
662 3952 749 4021 qui
795 3950 1035 4019 proditus
1086 3958 1204 4017 est,
1235 3949 1302 4005 ad
1331 3949 1607 4005 dexteram
1634 3949 1808 4004 Patris
1855 3950 2007 4005 sedet
2047 3950 2098 4003 in

512 4044 676 4108 caelis,
696 4044 931 4114 proditor
959 4044 1013 4098 in
1044 4043 1254 4099 inferno
1281 4058 1424 4098 nunc
1453 4052 1567 4109 est,
1592 4042 1896 4098 inevitabile
1920 4042 2097 4098 ferens

511 4136 848 4206 supplicium.
869 4135 1036 4205 llujus
1051 4149 1209 4190 causa
1226 4135 1347 4205 lnge
1366 4143 1421 4190 et
1443 4134 1749 4204 ingemisoe,
1764 4132 1919 4202 hujus
1938 4148 2100 4188 causa

506 4225 828 4296 iacrymare,
849 4226 964 4296 ejus
985 4226 1180 4296 quippe
1203 4240 1361 4280 causa
1382 4222 1803 4279 ﬂevitChristus.
1819 4223 1949 4277 Nam
1974 4223 2101 4279 Cum

511 4317 712 4372 vidisset
755 4333 868 4371 eum
889 4359 905 4384 ,
941 4316 1141 4388 inquit,
1175 4315 1404 4371 turbatus
1447 4326 1553 4382 est,
1580 4324 1627 4368 et
1659 4314 1814 4381 dixit,
1851 4313 1994 4368 Unus
2038 4330 2101 4368 ea:

509 4408 646 4461 vobis
676 4407 837 4461 tradet
877 4424 956 4461 me
980 4407 1160 4476 (Joan.
1202 4407 1290 4463 15.
1341 4405 1458 4477 2t).
1486 4406 1531 4461 Ο
1556 4414 1753 4476 quanta
1791 4405 2096 4460 misericor-

507 4499 595 4555 dia
648 4500 892 4555 Dominii
936 4500 1175 4570 proditus
1220 4499 1548 4570 proditorem
1590 4498 1754 4569 luget.
1784 4497 1912 4554 Cum
1940 4498 2097 4553 vidis-

506 4599 579 4644 set
606 4607 739 4655 eum,
769 4592 863 4657 ait,
893 4591 1120 4644 turbatus
1146 4600 1241 4655 est,
1270 4598 1317 4644 et
1336 4591 1486 4659 dixit,
1515 4588 1660 4645 Unus
1685 4607 1748 4645 ea:
1773 4591 1910 4645 vobis
1935 4590 2098 4645 tradet

507 4696 605 4736 me.
637 4680 813 4748 Quare
841 4691 1064 4737 mtestus
1091 4681 1228 4736 fuit?
1255 4680 1425 4737 Simul
1455 4689 1512 4737 ut
1533 4697 1771 4738 amorem
1791 4682 2097 4740 ostenderet

505 4789 684 4840 suum,
708 4784 764 4829 et
789 4775 887 4829 bos
906 4775 1143 4841 doceret,
1175 4792 1279 4831 non
1301 4792 1422 4832 eum
1452 4778 1541 4847 qui
1562 4778 1702 4832 mala
1724 4779 1973 4848 patiatur,
1997 4777 2092 4833 sed

502 4879 649 4931 eum,
672 4866 761 4934 qui
790 4867 929 4921 male
950 4876 1090 4937 agat,
1109 4882 1321 4941 semper
1341 4868 1628 4940 lugendum
1650 4886 1789 4926 esse.
1815 4871 1930 4931 Hoc
1948 4872 2091 4927 enim

503 4958 599 5011 illo
624 4958 777 5028 pejus
818 4968 937 5025 est;
968 4960 1076 5017 imo
1099 4961 1279 5031 potius
1322 4962 1374 5017 id
1423 4978 1529 5017 non
1572 4963 1771 5019 malum
1805 4973 1921 5032 est,
1951 4966 2093 5020 male

504 5048 643 5117 pati,
699 5049 791 5104 sed
860 5051 1000 5106 male
1050 5067 1243 5122 agere,
1302 5053 1356 5108 id
1423 5069 1642 5125 prorsus
1720 5056 1941 5110 malum.
1996 5057 2091 5111 Et-

499 5142 642 5196 enim
690 5141 830 5197 male
856 5142 997 5212 pati,
1035 5142 1088 5197 id
1114 5159 1336 5215 regnum
1371 5146 1623 5202 caelorum
1652 5147 1919 5216 conciliat,
1950 5148 2091 5206 male

498 5239 677 5286 autem
732 5247 892 5302 agere
919 5274 934 5301 ,
1005 5234 1266 5305 gehennaa
1312 5235 1469 5292 nobis
1514 5244 1570 5292 et
1637 5236 1880 5306 supplicii
1927 5252 2087 5293 causa

497 5334 599 5378 est.
630 5324 760 5379 Nam
784 5369 797 5391 ,
821 5325 1000 5394 Beati,
1050 5330 1252 5400 inquit,
1287 5332 1376 5401 qui
1423 5333 1854 5402 persequutionem
1878 5336 2088 5402 patiun-

663 5418 841 5491 92¹1³ἔ¹³
862 5434 971 5491 Cum
985 5425 1282 5491 3.93m.
1302 5424 1453 5491 20529.
1477 5424 1618 5491 2424
1642 5426 1785 5491 2429’
1819 5436 1871 5491 ei
1892 5427 2083 5477 Coms"-

474 5478 620 5535 .
634 5489 687 5553 et
708 5481 816 5551 soi,
846 5490 897 5553 et
919 5483 1047 5553 Colb.
1076 5478 1321 5553 1711111111
1347 5493 1417 5536 tot
1428 5478 1705 5553 lectionum
1718 5478 1992 5539 discrimina
2006 5504 2086 5553 oo-

496 5550 711 5600 currunt,
729 5548 807 5590 vix
827 5551 882 5593 ut
906 5548 1089 5603 possint
1104 5548 1261 5595 omnia
1285 5549 1459 5596 notari.
1478 5556 1527 5597 In
1539 5550 1752 5600 editione
1762 5559 1927 5601 autem
1941 5552 2081 5603 Savil.

497 5607 625 5675 tanta
638 5605 859 5675 varietas
879 5605 1181 5671 observatur,
1204 5616 1257 5657 ut
1280 5609 1379 5656 bini
1399 5616 1562 5675 textus
1581 5611 1785 5675 edantur
1804 5624 1833 5660 e
1856 5615 2080 5675 regione,

496 5665 544 5707 in
568 5665 746 5770 (tribus
770 5666 897 5715 idem
921 5665 1288 5770 argumentum;
1327 5671 1414 5719 sed
1437 5672 1654 5721 ordiendi
1692 5676 1878 5733 modus,
1903 5665 2082 5734 series,

496 5732 583 5767 ver
619 5736 645 5769 ιι
670 5724 957 5770 plerumque
1014 5731 1267 5770 iscrtmant.
1294 5739 1389 5770 mm
1414 5732 1478 5770 dp.
1500 5747 1555 5770 ru,
1597 5732 1812 5770 ιιΙιηιὶΙηιε
1835 5737 1882 5770 ίιι
1907 5740 2080 5770 ιιηιιίιη

496 5724 645 5842 2:3):
670 5724 957 5788 plerumque
979 5724 1392 5792 discrepantIQua
1413 5732 1479 5783 de
1499 5747 1556 5782 re
1597 5732 1812 5795 pluribus
1835 5724 1884 5785 in
1906 5724 2080 5787 uouito

2222 1948 2305 1991 tur
2349 1946 2556 2007 prapter
2584 1935 2861 2005 justitiam,
2881 1934 3119 2004 quoniam
3137 1933 3360 2003 ipsorum
3381 1944 3451 1987 est
3474 1950 3682 2005 regnum
3703 1951 3811 1989 etz—

2217 2029 2381 2083 lorum
2409 2027 2622 2097 (Matth.
2654 2028 2706 2082 5.
2734 2026 2846 2097 10).
2882 2024 3069 2081 Viden’
3087 2026 3348 2080 malorum
3380 2027 3809 2096 perpessionem,

2217 2116 2273 2175 in
2302 2117 2601 2173 mercedem
2646 2132 2709 2172 ac
2748 2117 3023 2186 praemium
3048 2157 3064 2181 ,
3096 2118 3349 2186 consequi
3383 2132 3601 2187 regnum
3640 2118 3808 2171 caelo-

2216 2211 2372 2265 rum?
2412 2209 2551 2264 Audi
2600 2208 2868 2277 quomodo
2910 2209 3106 2263 malum
3132 2218 3439 2279 perpetrare
3499 2225 3713 2278 poenam
3754 2220 3812 2263 et

2216 2300 2531 2371 supplicium
2572 2299 2778 2357 aderat.
2807 2298 2940 2356 Cum
2977 2301 3121 2355 enim
3146 2301 3367 2356 dixisset
3399 2301 3595 2357 Paulus
3617 2302 3686 2356 de
3712 2302 3811 2356 Ju—

2214 2394 2363 2459 dmis,
2398 2394 2670 2447 Dominum
2698 2394 3008 2460 occiderunt,
3038 2395 3309 2463 praphetas
3349 2395 3635 2462 persequuti
3682 2404 3805 2448 sunt

2215 2488 2262 2557 (1
2298 2486 2477 2540 Thess.
2504 2486 2559 2540 2.
2604 2486 2730 2555 15),
2759 2486 2962 2552 intulit,
3011 2484 3239 2551 Quorum
3268 2486 3385 2555 ﬁnis
3411 2486 3505 2538 erit
3526 2488 3808 2539 secundum

2214 2596 2369 2645 opera
2388 2596 2562 2632 eorum
2584 2579 2602 2649 (
2622 2578 2659 2632 2
2682 2578 2803 2633 Cor.
2838 2579 2925 2633 11.
2957 2578 3070 2646 15).
3101 2577 3287 2633 Viden’
3308 2579 3577 2648 quomodo
3616 2579 3685 2645 ii,
3716 2579 3810 2648 qui

2215 2671 2639 2739 persecutionem
2682 2670 2971 2739 patiuntur,
3004 2685 3223 2738 regnum
3272 2669 3565 2739 accipiant,
3599 2671 3633 2724 ii
3670 2686 3807 2725 vero

2213 2762 2300 2830 qui
2331 2769 2741 2831 persequuntur,
2784 2761 2917 2815 iram
2937 2760 3038 2815 sibi
3064 2760 3288 2829 parent?
3334 2760 3458 2815 llazc
3495 2777 3654 2830 porro
3689 2777 3801 2814 non

2214 2864 2417 2909 temere
2444 2868 2585 2908 nunc
2608 2869 2637 2906 a
2667 2869 2755 2908 me
2779 2853 2921 2908 dicta
2950 2861 3107 2917 sunt,
3140 2853 3233 2908 sed
3261 2861 3318 2908 ut
3341 2868 3444 2908 non
3480 2865 3665 2909 contra
3694 2856 3804 2908 ini-

2214 2948 2381 3001 micos
2417 2948 2729 3012 irascamur,
2766 2946 2859 3001 sed
2902 2946 3249 3001 misereamur
3274 2945 3394 3000 illos
3422 2961 3484 2999 ac
3524 2946 3806 3015 lugeamus

2211 3052 2333 3093 cum
2360 3038 2531 3109 iisque
2554 3037 2852 3093 doleamus.
2876 3036 2951 3091 llli
2978 3035 3120 3091 enim
3147 3046 3291 3100 sunt,
3319 3036 3409 3106 qui
3424 3036 3563 3090 male
3590 3038 3809 3105 patiun-

2213 3139 2333 3195 tur,
2381 3144 2574 3198 nempe
2615 3128 2706 3198 qui
2736 3127 2888 3183 nobis
2935 3134 3061 3181 sunt
3098 3126 3318 3181 inimici.
3350 3126 3404 3182 Si
3449 3127 3528 3181 sic
3565 3127 3804 3181 animam

2211 3232 2449 3279 nostram
2495 3233 2852 3291 temperemus
2876 3263 2892 3288 ,
2931 3222 3091 3276 etiam
3138 3236 3236 3290 pro
3260 3220 3389 3291 ipsis
3416 3236 3571 3275 orare
3600 3222 3808 3290 poteri-

2211 3330 2348 3368 mus.
2392 3313 2518 3367 ldeo
2554 3313 2696 3366 enim
2736 3321 2978 3382 quartam
3016 3310 3126 3381 jam
3167 3312 3376 3367 insumo
3412 3312 3552 3366 diem
3596 3310 3801 3366 cohor-

2212 3403 2371 3459 tando
2395 3419 2490 3458 vos
2521 3414 2577 3458 ut
2613 3419 2711 3474 pro
2750 3403 2978 3458 inimicis
3013 3402 3178 3458 oretis
3200 3444 3215 3471 ,
3243 3417 3349 3473 quo
3374 3403 3578 3458 ﬁrmior
3598 3404 3669 3457 sit
3694 3402 3800 3457 do-

2208 3495 2409 3562 ctrina,
2460 3494 2758 3565 frequentia
2802 3494 3180 3549 admonitionis
3217 3494 3471 3550 radicata.
3523 3493 3647 3548 ideo
3692 3494 3801 3550 l're-

2208 3594 2437 3655 quenter
2459 3584 2796 3640 sermonibus
2837 3584 2978 3640 insto
2999 3626 3012 3649 ,
3038 3595 3093 3638 ut
3128 3584 3222 3639 ira:
3250 3592 3511 3641 tumorem
3540 3600 3800 3640 evacuem

2207 3686 2263 3730 et
2289 3675 2535 3731 ardorem
2564 3690 2931 3747 compescam,
2963 3684 3023 3730 ut
3060 3676 3150 3747 qui
3178 3686 3385 3731 oratum
3415 3676 3559 3731 venit
3590 3678 3668 3730 ira
3702 3693 3806 3731 va-

2211 3784 2344 3823 cuus
2368 3769 2459 3823 sit.
2486 3767 2617 3823 Nam
2648 3768 2895 3824 Christus
2934 3784 3040 3824 non
3081 3769 3415 3823 inimicorum
3442 3778 3644 3822 tantum
3672 3785 3803 3839 gra-

2207 3861 2278 3915 tia
2307 3860 2423 3916 haec
2447 3861 2757 3916 cohortatus
2800 3870 2918 3928 est,
2947 3860 3042 3915 sed
3086 3861 3246 3915 etiam
3275 3862 3448 3916 nostri
3476 3877 3637 3916 causa
3658 3903 3674 3927 ,
3708 3864 3799 3931 qui

2207 3962 2423 4023 peccata
2449 3953 2553 4008 illis
2591 3951 2906 4007 dimittimus
2930 3969 2944 4005 :
2972 3952 3175 4021 majora
3200 3953 3342 4006 enim
3367 3953 3564 4022 accipis
3582 3995 3599 4019 ,
3628 3969 3795 4022 quam

2204 4044 2322 4112 das,
2345 4060 2467 4100 cum
2495 4045 2627 4099 iram
2669 4044 2899 4100 remittis
2926 4043 3163 4100 inimico.
3195 4044 3263 4099 Et
3296 4046 3569 4115 quomodo
3590 4046 3798 4115 majora

2203 4136 2444 4205 accipio,
2476 4135 2722 4205 inquies?
2760 4135 2819 4191 Si
2847 4134 3065 4190 inimico
3105 4144 3319 4206 peccata
3358 4135 3665 4202 remiseris,
3695 4151 3792 4190 re-

2205 4227 2485 4281 mittuntur
2502 4226 2595 4281 tibi
2619 4225 2810 4281 delicta
2847 4236 3033 4280 contra
3058 4225 3340 4281 Dominum
3384 4227 3638 4280 admissa.
3664 4226 3796 4281 Ha-c

2204 4319 2517 4374 insanabilia
2537 4327 2663 4374 sunt
2705 4334 2769 4374 ac
2788 4319 2997 4375 veniam
3025 4333 3132 4374 non
3171 4329 3471 4383 merentur,
3500 4319 3588 4373 illa
3610 4330 3795 4375 autem

2202 4412 2410 4467 veniam
2437 4422 2492 4468 et
2516 4412 2759 4467 solatium
2792 4412 3081 4482 reperiunt.
3112 4412 3248 4467 Audi
3276 4412 3392 4467 Heli
3424 4412 3693 4467 dicentem
3727 4416 3794 4466 ti-

2192 4496 2290 4559 iiis
2316 4504 2426 4559 suis
2451 4522 2464 4558 :
2499 4505 2561 4559 Si
2582 4520 2791 4574 peccans
2812 4506 3086 4575 peccaverit
3110 4507 3261 4559 homo
3292 4505 3347 4558 in
3371 4504 3629 4558 hominem
3649 4546 3665 4568 ,
3695 4522 3793 4574 pro

2200 4597 2291 4651 illo
2338 4597 2602 4651 orabunt:
2627 4599 2673 4651 si
2722 4613 2838 4651 vero
2878 4598 2934 4651 in
2976 4596 3139 4653 Deum
3158 4597 3455 4669 peccaverit,
3475 4596 3591 4666 quis
3628 4598 3798 4650 orabit

2201 4705 2293 4757 pro
2321 4705 2379 4742 eo
2410 4690 2460 4761 (1
2487 4688 2620 4759 Reg.
2650 4688 2705 4745 2.
2728 4688 2863 4760 25)?
2898 4688 2974 4745 Ita
3000 4697 3058 4743 ut
3082 4691 3273 4745 vulnus
3298 4688 3424 4743 illud
3453 4705 3522 4743 ne
3546 4690 3797 4744 oratione

2198 4780 2411 4851 quidem
2442 4780 2594 4835 facile
2622 4780 2859 4835 solvatur
2878 4781 3149 4835 :oratione
3169 4780 3383 4851 quidem
3408 4795 3512 4834 non
3540 4780 3791 4843 solvitur,

2197 4874 2294 4930 sed
2328 4875 2645 4931 remissione
2689 4883 3026 4945 peccatorum
3064 4875 3287 4944 proximi
3325 4873 3566 4929 solvitur.
3589 4872 3795 4940 Quam-

2197 4967 2382 5025 obrem
2412 4966 2498 5021 illa
2546 4968 2599 5021 in
2642 4966 2924 5022 Dominum
2952 4976 3170 5038 peccata
3189 4966 3373 5021 decem
3404 4964 3567 5019 millia
3589 4964 3790 5017 talenta

2194 5058 2401 5113 vocavit
2434 5056 2704 5123 Christus,
2745 5058 2862 5112 haec
2887 5073 3014 5113 vero
3053 5066 3267 5113 centum
3293 5056 3542 5111 denarios
3567 5054 3791 5126 (Matth.

2197 5149 2284 5204 18.
2329 5148 2420 5204 25.
2459 5150 2617 5220 sqq.).
2649 5148 2864 5204 Dimitte
2906 5164 3036 5221 ergo
3074 5158 3288 5204 centum
3314 5147 3583 5213 denarios,
3611 5154 3669 5201 ut
3694 5145 3792 5201 de-

2192 5254 2310 5296 cem
2338 5240 2503 5295 millia
2533 5240 2729 5296 talenta
2755 5240 3095 5295 remittantur
3124 5240 3236 5294 tibi.

2260 5331 2318 5385 2.
2345 5330 2451 5387 Sed
2491 5331 2559 5388 de
2585 5332 2828 5388 oratione
2856 5332 3067 5401 quidem
3098 5345 3197 5402 pro
3240 5329 3467 5384 inimicis
3514 5330 3648 5384 satis
3695 5328 3783 5383 le-

2190 5422 2338 5495 quuti
2375 5435 2595 5489 sumus;
2623 5424 2732 5493 jam
2752 5463 2767 5489 ,
2785 5422 2831 5478 si
2860 5422 3067 5493 placet,
3107 5421 3176 5476 ad
3202 5421 3557 5491 proditionem
3586 5420 3783 5475 redeao

2190 5531 2329 5579 mtts,
2353 5522 2409 5570 et
2430 5514 2701 5571 videamus
2741 5514 3013 5585 quomodo
3040 5515 3295 5569 Dominus
3318 5521 3505 5568 noster
3531 5512 3777 5581 proditus

2188 5607 2278 5662 sit.
2306 5604 2451 5661 Tunc
2475 5604 2598 5658 abiit
2621 5622 2749 5659 unus
2770 5606 2834 5659 de
2871 5604 3135 5659 duodecim
3154 5644 3170 5670 ,
3193 5602 3361 5658 ludas
3397 5601 3671 5656 Iscan'otes
3691 5601 3773 5653 di-

2187 5708 2329 5762 ctus,
2386 5698 2453 5750 ad
2496 5698 2747 5767 principes
2783 5699 3130 5761 sacerdotum,
3165 5707 3212 5750 et
3254 5695 3411 5759 dixit,
3446 5693 3585 5760 Quid
3625 5693 3773 5744 uultis

2186 5790 2306 5842 mihi
2338 5789 2479 5858 dare,
2498 5799 2543 5845 et
2569 5807 2658 5863 ego
2683 5791 2816 5845 vobis
2839 5790 3036 5845 tradant
3058 5805 3168 5845 eunt
3190 5787 3403 5858 (.ilatth.
3425 5786 3518 5840 26.
3543 5786 3627 5841 11.
3663 5783 3769 5853 l5)l
