4066 6392
1362 419 1451 475 DE
1491 417 1908 478 PRODITIONE
1945 420 2141 478 JUDAS
2203 421 2434 478 HOMIL.
2479 421 2520 480 Ι.

1366 1088 1475 1143 ΕΙΣ
1507 1087 1652 1142 ΤΗΝ
1689 1088 2074 1144 ΠΡΟΔΟΣΙΛΝ
2114 1086 2251 1141 ΤΟΥ
2292 1088 2514 1154 ΙΟΥΔΑ,

321 1435 429 1490 Καί
473 1435 563 1499 είς
595 1433 658 1487 τὸ
687 1429 921 1502 Πάσχα,
952 1430 1048 1484 καί
1085 1432 1172 1497 εἰς
1212 1428 1326 1499 τὴν
1357 1427 1693 1496 παράδοσιν
1721 1424 1839 1478 τῶν
1868 1423 2238 1492 μυστηρίων,
2271 1423 2366 1476 καὶ
2396 1423 2525 1492 περὶ
2570 1424 2675 1477 τοῦ
2714 1424 2801 1492 μὴ
2839 1429 3256 1494 μνησικακεῖν.
3307 1428 3386 1498 Τῇ
3433 1430 3569 1500 ἁγίᾳ

1593 1516 1691 1571 καὶ
1723 1512 1957 1586 μεγάλῃ
1994 1514 2256 1584 Πέμπτῃ.

316 2241 426 2294 πην
466 2225 640 2279 εἰπεῖν
660 2239 674 2254 ο
705 2222 860 2290 ὀλίγα
895 2221 952 2275 δέ
983 2223 1196 2294 ἀνάγκη
1237 2223 1430 2288 εἰπεῖν,
1464 2221 1566 2275 οὐκ
1595 2219 1780 2290 ἐπειδὴ
1811 2217 1889 2289 τῷ

311 2307 512 2379 πλήθει
551 2305 659 2360 τῶν
700 2303 1009 2376 λεγομένων
1049 2305 1207 2376 ὑμεῖς
1240 2303 1574 2376 βαρύνεσθεο
1616 2302 1738 2355 οὐδέ
1779 2300 1888 2373 γὰρ

316 2392 467 2444 ἐστιν
499 2391 687 2460 ἐτέραν
724 2389 876 2442 πόλιν
904 2389 1084 2461 εὑρεῖν
1111 2387 1286 2452 οὕτως
1313 2385 1594 2459 ἐρωτικῶς
1624 2385 1763 2456 πρὸς
1791 2384 1889 2455 τὴν

313 2474 576 2546 ἀκρόασιν
616 2472 723 2525 τῶν
759 2471 1137 2542 πνευματικῶν
1166 2464 1366 2540 ’λογίων
1400 2468 1767 2540 διακειμένην.
1813 2467 1887 2521 Οὐ

311 2558 494 2610 τοίνυν
523 2556 610 2609 διά
641 2555 798 2609 τοῦτο
826 2555 982 2623 όλίγα
1019 2554 1245 2625 λέγομεν
1264 2595 1279 2619 ,
1309 2553 1493 2624 ἐπειδὴ
1524 2552 1889 2620 ἀποκναίομεν

315 2641 460 2712 ὑμᾶς
489 2641 568 2712 τῷ
593 2639 805 2712 πλήθει,
836 2637 953 2692 ἀλλ’
979 2637 1163 2708 ἐπειδὴ
1195 2635 1466 2706 ἀναγκαία
1494 2637 1594 2708 τῆς
1629 2634 1890 2708 βραχυλο-

311 2725 436 2793 γίας
467 2725 702 2794 σήμερον
725 2724 758 2794 ή
793 2721 941 2776 αἰτία
962 2736 976 2750 ⁶
1005 2721 1098 2774 καὶ
1126 2721 1234 2792 γὰρ
1265 2720 1375 2793 όρῶ
1403 2719 1629 2783 πολλοὺς
1653 2719 1760 2772 τῶν
1798 2734 1890 2771 πι-

315 2806 456 2859 στῶν
480 2805 865 2876 ἐπειγομένους
886 2804 1020 2875 πρὸς
1049 2803 1146 2876 τὴν
1167 2804 1276 2858 τῶν
1304 2802 1544 2879 φρικτῶν
1576 2801 1890 2878 μυστηρίων

313 2888 617 2943 κοινωνίαν.
656 2889 750 2944 Ἰν’
783 2883 876 2946 οῦν
912 2888 1036 2960 μήτ’
1069 2887 1283 2961 ἐκείνης
1313 2889 1410 2960 τῆς
1440 2889 1720 2962 τραπέζης
1756 2891 1889 2944 ἀπο-

309 2973 536 3042 τύχωσι,
571 2975 707 3046 μήτε
740 2973 943 3044 ταύτης
976 2973 1297 3039 ἐκπέσωσιν,
1333 2975 1544 3044 ἀνάγκη
1578 2973 1888 3045 σύμμετρον

311 3060 642 3130 ποιήσασθαι
681 3057 781 3129 τὴν
834 3058 1093 3120 ἑστίασιν,
1147 3059 1212 3112 ἶν’
1259 3057 1594 3128 ἑκατέρωθεν
1648 3059 1776 3130 ὑμῖν
1826 3058 1888 3112 τὸ

313 3142 506 3212 κέρδος
538 3142 794 3213 γένηται,
838 3142 930 3195 καὶ
971 3139 1124 3214 [577]
1161 3141 1268 3194 ἀπὸ
1311 3141 1513 3211 ταύτης
1555 3140 1890 3208 ἐφοδιασθέν·

309 3242 402 3289 τες
419 3226 512 3278 καὶ
534 3223 642 3279 τῶν
670 3225 798 3296 παρ’
824 3224 978 3294 ἡμῶν
1005 3224 1177 3293 λόγων
1197 3237 1245 3287 ι,
1272 3223 1441 3286 οὕτως
1470 3223 1760 3295 ἀπέλθητε,
1794 3225 1888 3277 καὶ

315 3307 454 3377 μετά
492 3306 654 3376 φόϐου
688 3307 783 3360 καὶ
811 3306 1013 3377 τρόμου
1051 3308 1145 3360 καὶ
1174 3307 1273 3372 τῆς
1311 3305 1693 3378 προσηκούσης
1732 3307 1888 3361 εὐλα-

314 3391 464 3452 ϐείας
490 3392 554 3461 τῇ
595 3390 801 3460 φοϐερᾷ
824 3390 918 3443 καὶ
947 3391 1148 3460 φρικτῇ
1185 3388 1514 3461 προσέλθητε
1541 3391 1814 3463 κοινωνίᾳ.

385 3475 652 3544 Σήμερον,
690 3472 984 3544 ἀγαπητοὶ,
1017 3473 1046 3525 6
1078 3472 1278 3544 Κύριος
1325 3472 1484 3544 ἡμῶν
1522 3474 1728 3546 Ἰησοῦς
1755 3475 1890 3546 Χρι-

315 3555 438 3620 στὸς
472 3556 744 3627 παρεδόθη
767 3573 780 3586 ·
808 3558 872 3626 τῇ
913 3555 1022 3627 γὰρ
1067 3555 1294 3628 ἐπιούσῃ
1342 3555 1548 3627 ἑσπέρα
1569 3556 1756 3628 ταύτῃ.
1793 3557 1892 3612 λα-

307 3640 497 3702 ϐόντες
542 3641 722 3702 αὐτὸν,
759 3639 998 3710 ἀπῆλθον
1025 3641 1075 3692 οῑ
1120 3639 1380 3693 Ἰουδαῖοι.
1423 3640 1582 3693 ’Δλλά
1625 3641 1698 3711 μὴ
1755 3640 1889 3714 γένῃ

313 3723 584 3794 κατηφὴς,
629 3723 866 3786 ἀκούσας
915 3725 995 3776 ὅτι
1037 3722 1241 3793 Ἰησοῦς
1286 3723 1587 3793 παρεδόθη·
1617 3722 1888 3793 μᾶλλονδὲ

310 3807 468 3873 γενοῦ
495 3807 762 3876 κατηφὴς,
809 3808 902 3860 καὶ
934 3805 1165 3860 κλαῦσον
1203 3806 1437 3878 πικρῶς,
1460 3806 1595 3860 ἀλλὰ
1625 3807 1698 3877 μὴ
1744 3806 1887 3876 ὑπὲρ

309 3889 404 3944 τοῦ
458 3891 851 3961 παραδοθέντος
903 3889 1097 3961 Ἰησοῦ,
1147 3890 1260 3943 ἀλλ’
1313 3891 1452 3960 ὐπέρ
1487 3890 1581 3944 τοῦ
1628 3892 1885 3962 προδότου

320 3974 512 4027 Ἰούδα.
559 3975 615 4028 ’0
640 3974 738 4044 μὲν
775 3975 884 4046 γὰρ
929 3972 1254 4043 παραδοθεὶς
1281 3973 1378 4045 τὴν
1403 3973 1722 4044 οίκουμένην
1751 3973 1887 4026 ἐσωο

311 4074 424 4122 σεν,
449 4059 478 4111 6
499 4058 557 4111 δέ
589 4058 817 4130 προδοὺς
851 4058 950 4128 τὴν
986 4056 1180 4110 ἐαυτοῦ
1210 4057 1388 4128 ψυχὴν
1421 4056 1695 4111 ἀπώλεσε·
1733 4057 1825 4111 καὶ
1855 4057 1885 4110 6

313 4141 414 4211 μὲν
444 4141 721 4212 προδοθεὶς
769 4143 827 4194 ἐν
869 4140 1019 4212 δεξιᾷ
1052 4141 1284 4212 κάθηται
1321 4141 1414 4194 τοῦ
1452 4142 1663 4212 Πατρὸς
1687 4142 1744 4194 ἐν
1771 4142 1885 4204 τοῖς

305 4225 578 4296 οὐρανοῖς,
595 4224 694 4277 όδέ
708 4224 980 4294 παραδοὺς
1006 4225 1063 4277 ἐν
1094 4223 1220 4296 ᾅδου
1241 4224 1336 4277 νῦν
1364 4226 1501 4288 ἐστι,
1519 4225 1616 4294 τὴν
1648 4223 1885 4295 ἀπαραί-

307 4323 470 4378 τητον
490 4308 772 4377 ἀναμένων
795 4307 1036 4362 κόλασιν.
1072 4307 1172 4361 Διά
1202 4307 1388 4362 τοῦτον
1412 4304 1504 4362 οὖν
1537 4308 1768 4362 κλαῦσον
1789 4309 1882 4362 καὶ

312 4389 585 4453 στέναξον,
611 4388 698 4443 διὰ
728 4388 917 4443 τοῦτον
947 4389 1232 4461 πένθησον,
1273 4390 1458 4462 ἐπειδὴ
1489 4391 1583 4445 καὶ
1612 4391 1641 4444 6
1675 4391 1882 4444 Δεσπόο

306 4489 408 4544 της
449 4473 605 4544 ήμῶν
651 4473 739 4527 διὰ
774 4472 962 4527 τοῦτον
1000 4473 1311 4545 ἐδάκρυσεν.
1356 4475 1514 4529 Ἰδὼν
1541 4477 1650 4546 γὰρ
1673 4475 1878 4538 αὑτὸν,

308 4556 494 4626 φησὶν,
515 4555 810 4626 ἐταράχθη
827 4557 923 4611 καὶ
941 4553 1128 4611 εἴπεν·
1149 4552 1255 4624 Εἷς
1270 4557 1338 4622 ἐξ
1354 4556 1522 4626 ὑμῶν
1543 4556 1880 4626 παραδώσει

300 4656 397 4708 με.
431 4639 496 4691 Ὢ
525 4639 665 4710 πόση
688 4639 1058 4709 εὐσπλαγχνία
1085 4636 1178 4693 τοῦ
1211 4641 1514 4693 Δεσπότουί
1546 4643 1574 4693 6
1597 4640 1879 4712 προδοθεὶς

305 4721 450 4793 ὑπὲρ
471 4722 564 4775 τοῦ
591 4722 879 4794 προδόντος
909 4723 1081 4791 ἀλγεῖ.
1113 4722 1280 4778 Ἰδὼν
1297 4722 1406 4793 γὰρ
1432 4724 1634 4789 αὑτὸν,
1673 4724 1880 4794 ἐταρά-

305 4802 445 4873 κθη,
470 4805 624 4874 φησι,
656 4804 755 4860 καὶ
777 4800 972 4860 εἶπεν·
1001 4799 1108 4870 Εἷς
1130 4805 1200 4870 ἐξ
1229 4805 1396 4874 ὑμῶν
1422 4805 1755 4874 παραδώσει
1779 4825 1874 4878 με.

303 4886 463 4950 Τίνος
481 4887 665 4941 ἕνεκεν
695 4886 1004 4959 ὴθύμησεν;
1039 4887 1202 4958 Ὁμοῦ
1240 4889 1335 4942 καὶ
1367 4887 1464 4959 τὴν
1499 4888 1878 4961 φιλοστοργίαν

301 4969 405 5040 τὴν
437 4968 630 5023 ἐαυτοῦ
667 4968 1129 5039 ἐπιδεικνύμενος,
1169 4971 1263 5026 καὶ
1298 4972 1563 5026 διδάσκων
1589 4975 1758 5046 ἡμᾶς,
1794 4975 1875 5028 ὅτι

301 5051 365 5103 οὐ
389 5050 481 5104 τδν
507 5052 784 5123 πάσχοντα
819 5055 1025 5120 κακῶς,
1061 5054 1196 5109 ἀλλά
1237 5057 1328 5110 τὸν
1365 5057 1620 5111 ποιοῦντα
1668 5057 1874 5122 κακῶς,

299 5131 490 5188 τοῦτον
519 5134 735 5207 θρηνεῖν
772 5137 1047 5210 πανταχοῦ
1075 5139 1302 5195 δίκαιον.
1332 5140 1501 5194 Τοῦτο
1534 5141 1642 5212 γὰρ
1667 5144 1874 5197 ἐκείνου

299 5220 501 5290 χεῖρον,
531 5221 731 5291 μᾶλλον
761 5221 819 5276 δέ
849 5225 1025 5278 ἐκεῖνο
1055 5225 1154 5295 μὲν
1179 5225 1240 5278 οὐ
1265 5225 1450 5289 κακὸν,
1481 5224 1542 5279 τὸ
1564 5227 1747 5290 κακῶς
1771 5245 1875 5280 πα-

300 5300 434 5365 θεῖν,
468 5303 710 5358 κακδνδέ
733 5305 796 5359 τὸ
830 5307 1052 5378 ποιῆσαι
1085 5306 1288 5373 κακῶς.
1319 5307 1392 5361 Τὸ
1425 5308 1524 5379 μὲν
1547 5309 1654 5380 γὰρ
1689 5310 1875 5374 κακῶς

299 5384 513 5450 παθεῖν,
543 5386 641 5460 τήν
671 5387 945 5455 βασιλείαν
990 5389 1099 5443 τῶν
1144 5390 1385 5462 οὐρανῶν
1422 5391 1700 5463 προξενεῖ,
1735 5393 1797 5447 τὸ
1816 5394 1873 5448 δέ

299 5466 485 5532 κακῶς
514 5469 735 5539 ποιῆσαι
763 5471 934 5525 αῐτιον
953 5472 1084 5543 ἡμῖν
1103 5473 1201 5544 τῆς
1220 5473 1443 5544 γεέννης
1467 5476 1559 5528 καὶ
1585 5476 1683 5548 τῆς
1713 5476 1872 5530 κολά-

298 5566 438 5613 σεως
464 5551 691 5618 γίνεται.
740 5553 1025 5624 Μακάριοι
1050 5555 1178 5626 γὰρ,
1210 5557 1392 5627 φησὶν,
1420 5559 1473 5611 οὶ
1498 5555 1871 5628 δεδιωγμένοι

295 5631 505 5687 ἕνεκεν
529 5633 937 5706 δικαιοσύνης,
967 5639 1058 5692 ὅτι
1096 5639 1296 5701 αὐτῶν
1327 5639 1499 5696 ἐστιν
1522 5640 1560 5698 ’ἡ
1582 5641 1870 5706 βασιλεία

357 5831 388 5861 ⁸
411 5828 492 5881 Sic
507 5844 622 5883 mss.
653 5833 779 5884 Edit.
807 5849 922 5886 vero
940 5838 1110 5899 λογίων

1860 2162 1884 2172 ο
1994 2128 2112 2182 τῶν·
2141 2128 2432 2198 οὐραγῶν.
2477 2131 2635 2201 Ὁρᾷς
2668 2132 2784 2197 πῶς
2808 2131 2870 2186 τὸ
2897 2133 3083 2197 κακῶς
3109 2133 3299 2190 παθεῖν
3329 2137 3440 2208 ἔχει
3480 2157 3567 2210 μι-

1995 2213 2118 2268 σθὸν
2149 2214 2242 2268 κα)⁸
2263 2213 2493 2268 ἔπαθλον
2536 2213 2633 2286 τὴν
2648 2215 2918 2286 βασιλείαν
2940 2218 3048 2270 τῶν
3078 2218 3354 2290 οὐρανῶν;
3381 2223 3568 2277 Ἀκου-

1995 2313 2088 2352 σον
2114 2296 2230 2360 πῶς
2259 2296 2319 2350 τὸ
2351 2296 2537 2361 κακῶς
2577 2300 2796 2369 ποιῆσαι
2837 2298 3056 2353 κόλασιν
3097 2301 3253 2372 φέρει
3282 2304 3375 2357 καὶ
3399 2321 3571 2375 τιμω-

1999 2381 2138 2450 ρίαν.
2165 2379 2347 2434 Είπὼν
2364 2381 2473 2452 γὰρ
2504 2384 2533 2436 6
2563 2383 2774 2446 Παῦλος
2817 2383 2946 2454 περὶ
2998 2383 3107 2437 τῶν
3170 2385 3456 2454 Ἰουδαίων,
3487 2390 3568 2442 ὅτι

2001 2462 2109 2515 Τὸν
2137 2464 2356 2531 Κύριον
2373 2463 2747 2532 ἀπέκτειναν,
2780 2465 2878 2520 καί
2911 2465 3050 2532 τοὺς
3071 2467 3378 2536 προφήτας
3402 2469 3567 2522 ἐδίω-

1995 2546 2128 2609 ξαν,
2153 2547 2430 2618 ἐπήγαγεν
2452 2565 2465 2580 ο
2496 2542 2612 2603 Ὧν
2635 2549 2702 2604 τὸ
2732 2548 2907 2616 τέλος
2963 2551 3132 2604 ἐσται
3162 2551 3309 2606 κατὰ
3332 2553 3402 2606 τὰ
3426 2553 3568 2621 ἔργα

1993 2629 2210 2685 αὐτῶν.
2251 2627 2407 2696 Εἶδες
2436 2631 2552 2697 πῶς
2581 2635 2628 2686 οί
2675 2633 2773 2705 μὲν
2805 2633 3120 2706 διωκόμενοι
3158 2634 3259 2704 τὴν
3292 2637 3566 2708 βασιλείαν

1992 2711 2379 2789 λαμϐάνουσιν,
2395 2716 2443 2769 οί
2462 2715 2521 2769 δὲ
2538 2712 2826 2783 διώκοντες
2837 2717 2936 2791 τὴν
2949 2717 3118 2790 ὀργὴν
3139 2716 3535 2794 κληρονομοῦσι
3550 2741 3564 2786 ;

1993 2799 2176 2857 Ταῦτα
2204 2798 2263 2857 δέ
2294 2821 2382 2875 μοι
2414 2805 2510 2874 οὐχ
2562 2805 2746 2869 άπλῶς
2779 2803 2872 2858 νῦν
2924 2807 3157 2877 εἴρηται,
3197 2807 3312 2860 ἀλλ’
3361 2807 3449 2860 ἵνα
3492 2807 3567 2878 μὴ

1992 2889 2105 2950 τοῖς
2136 2886 2352 2959 ἐχθροῖς
2380 2886 2750 2959 όργιζῶμεθα,
2780 2888 2896 2943 ἀλλ’
2942 2889 3182 2962 ἐλεῶμεν
3240 2891 3436 2954 αὐτοὺς
3474 2893 3567 2945 καὶ

1993 2969 2283 3042 θρηνῶμεν
2307 2970 2402 3025 καὶ
2437 2970 2788 3042 συναλγῶμεν
2816 2973 3000 3036 αὐτοῖς
3018 2991 3031 3004 ο
3062 2974 3256 3028 ἐκεῖνοι
3288 2975 3395 3045 γάρ
3431 2975 3567 3029 εἰσιν

1992 3055 2041 3107 οἱ
2067 3053 2251 3118 κακῶς
2278 3053 2596 3124 πάσχοντες,
2629 3055 2679 3107 οἱ
2705 3054 3073 3126 ἐχθραίνοντες
3104 3058 3254 3128 ἡμῖν.
3290 3059 3388 3111 "Av
3424 3059 3566 3112 οὕτω

1994 3137 2499 3210 παρασκευάσωμεν
2537 3138 2636 3209 τὴν
2675 3137 2850 3209 ψυχὴν
2888 3139 2986 3211 τὴν
3014 3140 3307 3212 ἡμετέραν,
3337 3141 3564 3213 δυνησό-

1997 3219 2136 3291 μεθα
2165 3221 2345 3276 αὐτῶν
2365 3223 2461 3276 καὶ
2492 3219 2908 3292 ὐπερεύχεσθαι.
2929 3221 3029 3275 Διά
3057 3221 3164 3293 γὰρ
3193 3222 3350 3276 τοῦτο
3375 3223 3564 3295 τετάρ-

1991 3321 2094 3374 την
2121 3305 2331 3376 ἡμέραν
2359 3304 2563 3376 ταύτην
2601 3304 2708 3375 ἔχω
2745 3303 3122 3376 διαλεγόμενος
3159 3306 3286 3375 ὑμῖν
3318 3308 3443 3377 περὶ
3477 3308 3564 3360 εὐ-

1992 3388 2094 3458 χῆς
2119 3388 2259 3459 ὑπὲρ
2286 3388 2394 3441 τῶν
2419 3386 2644 3460 ἐχθρῶν,
2679 3387 2766 3442 ἵνα
2826 3388 3050 3459 μόνιμος
3095 3389 3315 3460 γένηται
3355 3391 3452 3460 τῆς
3489 3390 3564 3442 δι.

1987 3471 2282 3536 δασκαλίας
2302 3473 2330 3526 6
2367 3471 2544 3540 λόγος,
2579 3474 2644 3542 τῇ
2673 3471 2918 3543 συνεχείᾳ
2948 3472 3048 3541 τῆς
3078 3473 3451 3543 παραινέσεως
3479 3477 3564 3544 ρι-

1989 3553 2202 3619 ζωθείς.
2236 3553 2335 3608 Διὰ
2363 3553 2521 3607 τοῦτο
2552 3552 2789 3623 συνεχῶς
2826 3554 3197 3625 ἀπαντλοῦμαι
3239 3556 3351 3618 τοῖς
3381 3557 3561 3626 ῥήμα-

1989 3653 2095 3701 σιν,
2146 3636 2286 3690 ὥστε
2337 3636 2398 3691 τὸ
2443 3636 2640 3707 οἴδημα
2687 3639 2787 3708 τῆς
2833 3638 3001 3708 ὀργῆς
3042 3638 3422 3709 ὐπονοστῆσαι,
3469 3643 3562 3694 καὶ

1985 3719 2387 3790 καταπαλῆναι
2423 3720 2522 3792 τὴν
2576 3719 2902 3791 φλεγμονὴν,
2943 3720 3083 3774 ὥστε
3115 3721 3355 3794 καθαρὸν
3394 3723 3561 3795 ὀργῆς

1987 3796 2125 3856 εἶναι
2155 3802 2248 3856 τὸν
2271 3804 2400 3874 εὐχῇ
2450 3804 2758 3874 προσιόντα.
2805 3803 2940 3857 Οὐδέ
2961 3803 3071 3874 γάρ
3102 3807 3131 3858 6
3158 3805 3393 3876 Χριστὸς
3420 3806 3560 3877 ὑπὲρ

1984 3883 2094 3938 τῶν
2123 3885 2330 3956 ἐχθρῶν
2383 3885 2553 3940 ταῦτα
2601 3885 2872 3958 παρῄνεσε
2921 3887 3099 3958 μόνον,
3131 3890 3266 3944 ἀλλὰ
3297 3891 3390 3945 καὶ
3420 3892 3559 3963 ὑπὲρ

1985 3967 2142 4038 ήμῶν
2167 3968 2276 4022 τῶν
2333 3967 2599 4038 ἀφιέντων
2644 3969 2870 4033 ἐκείνοις
2904 3970 2973 4024 τά
3001 3973 3405 4044 ἀμαρτήματα’
3442 3977 3560 4046 μεί-

1985 4049 2114 4114 ζονα
2133 4049 2242 4121 γὰρ
2279 4051 2575 4122 λαμϐάνεις
2621 4052 2654 4123 ἢ
2704 4053 2881 4116 δίδως,
2918 4054 3098 4122 ἀφιεὶς
3122 4054 3219 4128 τὴν
3253 4056 3422 4129 ὀργὴν
3479 4058 3557 4128 τῷ

1983 4131 2180 4204 ἐχθρῷ.
2243 4133 2352 4186 Καὶ
2414 4133 2532 4197 πῶς
2587 4132 2806 4203 μείζονα
2854 4135 3144 4206 λαμϐάνω;
3195 4139 3379 4209 φησίν.
3430 4140 3554 4194 Ἐάν

1983 4216 2200 4287 άφήσης
2227 4214 2298 4268 τά
2316 4217 2396 4279 είς
2425 4217 2515 4270 τὸν
2539 4216 2730 4288 ἐχθρὸν
2761 4219 3154 4291 ἁμαρτήματα,
3195 4225 3554 4293 συγχωρεῖταί

1984 4315 2066 4352 σοι
2101 4299 2172 4351 τά
2222 4300 2303 4359 είς
2351 4298 2443 4351 τὸν
2487 4299 2762 4371 Δεσπότην
2809 4301 3273 4375 πλημμελήματα.
3343 4306 3554 4362 Ἐκεῖνα

1981 4379 2174 4434 άνίατά
2198 4382 2301 4433 είσι
2326 4381 2418 4434 καὶ⁵
2443 4379 2592 4453 [378]
2619 4381 3197 4452 άσύγγνωστα’ταῦτα
3216 4387 3412 4460 πολλὴν
3439 4390 3550 4460 ἔχει

1985 4463 2334 4534 παραμυθίαν
2360 4465 2452 4517 καὶ
2485 4464 2830 4538 συγγνώμην.
2862 4469 3124 4523 Ἄκουσον
3153 4471 3283 4540 γοῦν
3302 4473 3396 4526 τοῦ
3433 4476 3551 4529 Ἠλὶ

1983 4545 2228 4615 λέγοντος
2254 4547 2390 4617 πρὸς
2415 4548 2542 4611 τοὺς
2603 4549 2753 4612 υίοὺς
2789 4549 2951 4604 αὐτοῦ
2977 4567 2991 4581 ⁶
3031 4553 3172 4607 Ἐὰν
3199 4555 3551 4624 ἁμαρτάνων

1983 4629 2210 4700 ἁμάρτῃ
2247 4631 2555 4699 ἅνθρωπος
2575 4634 2660 4699 εὶς
2699 4633 3030 4702 ἄνθρωπον,
3055 4638 3150 4690 καί
3181 4643 3549 4707 προσεύξον-

1978 4729 2073 4767 ται
2105 4715 2232 4782 περὶ
2247 4713 2433 4768 αὐτοῦ
2451 4731 2466 4746 ο
2494 4715 2603 4770 ἐὰν
2625 4715 2694 4768 δὲ
2708 4717 2795 4783 εις
2811 4718 2958 4772 Θεὸν
2980 4719 3226 4790 ἁμάρτῃ,
3255 4725 3342 4791 τίς
3365 4742 3549 4795 προσ..

1977 4797 2210 4862 εύξεται
2231 4798 2363 4866 περὶ
2411 4799 2636 4863 αὐτοῦς
2662 4799 2824 4854 Ὥστε
2857 4803 3029 4856 ἐκεῖνο
3069 4805 3130 4858 τὸ
3175 4808 3394 4880 τραῦμα
3424 4811 3548 4866 οὐτε

1977 4880 2126 4968 εὐχῇ*
2140 4880 2334 4968 ῥᾳδίως
2350 4881 2543 4968 λύεται
2563 4899 2577 4913 ο
2603 4883 2734 4968 εὐχῇ
2768 4885 2868 4954 μὲν
2890 4887 2951 4940 οὐ
2979 4887 3181 4954 λύεται,
3204 4896 3547 4968 συγχωρήσει

1975 4963 2034 5017 δέ
2061 4963 2167 5018 τῶν
2205 4965 2620 5035 ἁμαρτημάτων
2665 4967 2772 5019 τῶν
2825 4971 2905 5034 είς
2935 4971 3027 5025 τὸν
3057 4973 3282 5046 πλησίον
3307 4963 3544 5036 λέλυται.

1975 5046 2068 5132 Διὸ
2100 5048 2284 5132 ἐκεῖνα
2317 5047 2418 5132 μὲν
2466 5047 2634 5132 μύρια
2679 5049 2916 5106 τάλαντα
2947 5055 3204 5110 ἐκάλεσεν
3236 5061 3264 5112 6
3290 5062 3544 5132 Χριστὸς,

1976 5128 2044 5182 τὰ
2080 5131 2160 5192 είς
2193 5128 2283 5183 τὸν
2313 5130 2590 5201 Δεσπότην
2628 5133 2995 5204 ἁμαρτήματα
3014 5153 3028 5167 ο
3059 5139 3232 5195 ταῦτα
3259 5142 3316 5196 δὲ
3343 5128 3545 5199 ⁷ἐκατὺν

1975 5209 2420 5299 δηνάριαςΑφες
2458 5209 2551 5268 οὖν
2603 5215 2797 5270 ἑκατὸν
2826 5218 3074 5292 δηνάρια,
3123 5223 3208 5277 ἵνα
3248 5226 3420 5299 ἀφεθῇ
3462 5245 3545 5282 σοι

1977 5295 2144 5366 μύρια
2175 5294 2434 5350 τάλαντα.
3395 5294 3413 5334 ’ἕ

2045 5421 2289 5508 β’ςΑλλά
2304 5423 2372 5476 τά
2389 5424 2490 5495 μὲν
2507 5424 2743 5496 περὶτῆς
2757 5428 2923 5499 εὐχῆς
2937 5431 3037 5501 τῆς
3059 5433 3198 5505 ὑπὲρ
3212 5435 3319 5489 τῶν
3335 5436 3544 5508 ἐχθρῶν

1977 5505 2178 5570 ἱκανῶς
2205 5507 2448 5577 εἴρηταιο
2481 5509 2574 5563 ἐπὶ
2618 5509 2675 5563 δὲ
2713 5511 2804 5565 τὸν
2833 5513 2934 5583 τῆς
2956 5517 3261 5586 προδοσίας,
3301 5505 3538 5584 εἰ-δοκεῖ,

1971 5587 2353 5674 ἐπανέλθωμεν
2382 5589 2559 5660 λόγον,
2591 5593 2685 5647 καὶ
2721 5593 2917 5666 ἴδωμεν
2943 5597 3060 5662 πῶς
3092 5600 3360 5674 παρεδόθη
3381 5604 3542 5673 ἡμῶν

1971 5672 1999 5723 ὁ
2023 5673 2316 5744 Δεσπότης.
2352 5676 2488 5729 Τότε
2531 5679 2843 5746 πορευθεὶς
2860 5673 2948 5747 εἷς
2974 5681 3093 5737 τῶν
3117 5672 3362 5752 δώδεκα,
3397 5672 3538 5742 Ἰού-

1972 5755 2082 5840 δας
2107 5758 2140 5809 ό
2159 5757 2478 5840 λεγόμενος
2493 5759 2880 5831 Ἰσκαριώτης,
2895 5766 3046 5832 πρὸς
3068 5767 3205 5836 τοὺς
3226 5770 3535 5840 ἀρχιερεῖς,

1970 5833 2129 5891 εἶπες⁹
2157 5838 2218 5892 Τί
2241 5836 2444 5896 θέλετέ
2464 5859 2565 5912 μοι
2595 5841 2824 5912 δοῦναι,
2857 5847 3013 5918 κάγὼ
3041 5833 3538 5921 ὐιιῖν-ποῇιδιῖισίω
