4066 6392
535 389 639 446 375

532 502 716 560 αυτόν
737 518 758 568 ;
782 499 893 556 Καὶ
917 500 1068 557 δοκεῖ
1099 505 1202 574 μέν
1250 505 1421 574 σαφὲς
1443 499 1662 560 εἶναιτὸ
1680 504 2000 578 λεγόμενον,
2029 504 2124 559 καὶ

540 586 704 658 μηδὲν
733 585 896 639 πλέον
921 585 1253 640 αἰνίττεσθαι
1278 603 1292 618 ο
1323 589 1372 640 εί
1405 588 1463 641 δέ
1501 605 1588 652 τις
1621 589 1867 661 ἀκριϐῶς
1898 588 2127 660 ἐξετάσῃ

535 669 594 722 ἓν
619 669 848 722 ἕκαστον
866 667 976 722 τῶν
1001 667 1334 740 λεγομένων,
1375 669 1582 742 πολλὴν
1615 670 1726 742 ἔχει
1747 671 1847 742 τὴν
1870 669 2123 742 Θεωρίαν,

535 752 631 806 καὶ
658 751 792 804 πολὺ
850 750 912 805 τὸ
977 751 1138 821 βάθος
1183 752 1293 806 τῶν
1343 753 1655 824 νοημάτων.
1688 755 1798 808 Kal
1835 755 2070 826 πρῶτον,
2097 756 2126 807 6

539 834 746 906 καιρός.
783 833 859 887 Ού
888 833 999 906 7&9
1026 833 1212 899 ἀπλῶς
1253 837 1416 890 αὑτὸν
1451 839 1874 908 ἐπισημαίνεται
1903 840 1932 892 6
1960 837 2126 906 εύαγ-

536 919 789 989 γελιστής
807 933 822 946 ·
858 919 918 971 οὐ
939 917 1047 990 γάρ
1077 914 1198 973 εἷπε
1226 921 1540 988 πορευθείς
1561 922 1766 984 ἁπλῶς.
1793 920 1930 975 ἀλλά
1957 938 2126 993 προσ-

533 1003 697 1070 έθηκε
729 1001 792 1056 τὸ
817 1001 955 1056 Τότε
978 1003 1311 1070 πορευθείς.
1353 1005 1491 1058 Τότε
1516 1021 1532 1068 ;
1554 1005 1676 1058 εἰπέ
1705 1022 1816 1074 μοι,
1845 1005 2004 1068 πότε;
2029 1003 2123 1058 καὶ

529 1086 671 1148 τίνος
698 1085 884 1138 ἐνεκεν
911 1086 1268 1155 ἐπισημαίνει
1296 1086 1389 1140 τὸν
1405 1088 1629 1158 χρόνον;
1656 1089 1710 1141 τί
1745 1105 1811 1158 με
1830 1087 2076 1158 βούλεται
2094 1100 2121 1128 ι

529 1167 771 1233 διδάξαις
812 1169 887 1220 Οὐ
928 1169 1038 1240 γὰρ
1097 1168 1286 1232 άπλῶς
1319 1171 1537 1240 εἴρηται
1572 1171 1652 1236 τὺ,
1686 1173 1842 1236 Τότε,
1885 1173 1980 1225 καὶ
2012 1173 2122 1242 7&9

533 1254 811 1323 Πνεύματι
841 1253 1212 1321 φθεγγόμενος
1236 1253 1357 1306 ούδέ
1392 1253 1579 1318 ἁπλῶς
1605 1254 1726 1308 οὐδὲ
1747 1255 1870 1324 είκῆ
1897 1254 2122 1324 φθέγγε-

531 1354 641 1392 ται.
668 1338 733 1390 Τί
763 1334 856 1391 οὖν
873 1339 990 1390 ἐστι
1012 1327 1094 1396 τδ.
1115 1340 1284 1400 Τότε;
1319 1338 1433 1410 Πρὸ
1464 1337 1631 1392 αὐτοῦ
1661 1339 1756 1392 τοῦ
1781 1339 2122 1412 χρόνου,πρδ

532 1420 698 1489 αὐτῆς
729 1420 828 1490 τῆς
869 1419 1022 1491 ὥρας
1068 1421 1343 1491 προσῆλθε
1395 1421 1589 1492 πόρνη,
1633 1420 1977 1492 ἀλάϐαστρον
2020 1421 2122 1493 μύ-

533 1520 626 1573 ρου
675 1505 894 1571 ἐχουσα,
942 1503 1038 1556 καὶ
1090 1504 1316 1572 κατέχεε
1361 1503 1422 1556 τὸ
1460 1504 1638 1556 ἔλαιον
1682 1506 1859 1557 ἐκεῖνο
1901 1505 1992 1558 ἐπὶ
2020 1505 2122 1577 τὴν

529 1585 768 1654 κεφαλὴν
791 1586 884 1638 τοῦ
915 1585 1140 1656 Κυρίου.
1187 1587 1533 1651 Ἐπεδείξατο
1567 1588 1769 1658 πολλὴν
1797 1588 2117 1658 θεραπείαν,

528 1668 842 1732 ἐπεδείξατο
899 1669 1100 1738 πολλὴν
1151 1669 1355 1734 πίστιν,
1393 1670 1597 1741 πολλὴν
1633 1671 1884 1743 ὑπακοὴν
1905 1675 2002 1726 καὶ
2030 1675 2122 1728 εὖ·

527 1749 750 1804 λάϐειαν
773 1767 786 1780 ⁸
832 1751 1136 1822 μετεϐλήθη
1176 1752 1284 1804 ἀπὸ
1318 1752 1413 1806 τοῦ
1443 1754 1710 1824 προτέρου
1738 1754 1877 1825 βίου,
1904 1755 2120 1824 ἐγένετο

532 1833 756 1902 βελτίων
806 1835 902 1887 καὶ
954 1836 1394 1907 σωφρονεστέρα.
1433 1837 1545 1891 Kal
1568 1839 1657 1891 ὅτε
1694 1840 1729 1908 ἡ
1771 1839 1943 1911 πόρνη
1989 1857 2118 1910 μετ-

529 1918 771 1989 ενόησεν,
826 1919 915 1972 ὅτε
963 1919 1053 1973 τὸν
1084 1919 1362 1991 Δεσπότην
1399 1921 1768 1988 ἐπεσπάσατο,
1801 1924 1923 1977 τότε
1949 1925 1978 1975 6
2015 1942 2112 1995 μα-

528 2000 696 2072 θητὴς
742 2002 833 2054 τὸν
884 2001 1205 2056 διδάσκαλον
1250 2003 1552 2075 προέδωκε.
1609 2006 1709 2059 Διά
1768 2005 1926 2060 τοῦτο
1974 2003 2114 2074 εἷπε,

533 2087 689 2149 Τότε,
723 2087 810 2139 ῖνα
835 2087 910 2157 μὴ
927 2088 1309 2161 κατηγορήσῃς
1332 2088 1427 2141 τοῦ
1454 2089 1779 2144 διδασκάλου
1806 2091 2114 2156 ἀσθένειαν,

524 2171 652 2225 ὃταν
682 2170 799 2242 ίδῃς
855 2169 947 2224 τὸν
1005 2170 1255 2242 μαθητὴν
1288 2171 1610 2242 προδιδόντα
1639 2174 1729 2226 τὸν
1774 2173 2114 2230 διδάσκαλον.

528 2255 776 2324 Τοσαύτη
809 2253 918 2326 7&9
969 2249 1038 2325 ἦν
1086 2255 1120 2324 ἡ
1147 2243 1379 2326 δύναμις
1419 2255 1514 2308 τοῦ
1543 2256 1886 2322 διδασκάλου,
1916 2259 1991 2324 ὡς
2022 2259 2118 2314 καὶ

525 2340 730 2413 πόρνας
765 2338 1103 2393 ἐπισπᾶσθαι
1127 2339 1208 2404 είς
1238 2340 1336 2410 τὴν
1363 2339 1570 2394 οἰκείαν
1602 2341 1868 2414 ὑπακοήν.

594 2426 660 2478 Τί
679 2421 793 2488 οὖν,
825 2425 1011 2495 φησὶν,
1037 2425 1067 2477 6
1096 2425 1301 2494 πόρνας
1320 2424 1723 2497 ἐπισπώμενος,
1750 2426 1998 2498 μαθητὴν
2019 2427 2118 2481 οὐκ

527 2507 748 2578 ἴσχυσεν
806 2506 1247 2571 ἐπισπάσασθαι;
1295 2509 1512 2578 Ἱσχυεν
1568 2510 1970 2563 ἐπισπάσασθαι
2028 2511 2118 2564 τὸν

528 2592 798 2663 μαθητὴν,
829 2591 944 2644 ἀλλ’
979 2591 1081 2644 οὐκ
1123 2589 1384 2661 ἠϐούλετο
1427 2592 1642 2664 ἀνάγκῃ
1682 2593 1908 2664 ποιῆσαι
1929 2594 2115 2658 καλὸν,

523 2675 642 2729 οὐδὲ
683 2675 776 2747 βία
797 2674 1022 2728 ἑλκύσαι
1047 2675 1182 2745 πρὸς
1200 2675 1415 2730 ἐαυτόν.
1447 2677 1586 2730 Τότε
1610 2679 1943 2746 πορευθείς.
1962 2679 2118 2748 Ἔχει

525 2776 578 2813 τι
606 2759 704 2813 καὶ
735 2757 895 2811 τοῦτο
917 2757 976 2810 οὐ
1014 2757 1210 2829 μικρὸν
1248 2757 1532 2830 θεώρημα,
1565 2760 1648 2822 τὸ,
1673 2761 1990 2828 Πορευθείς
2009 2774 2023 2788 ’
2053 2763 2116 2814 ού

526 2844 635 2914 7&9
667 2843 1029 2915 μετακληθεὶς
1073 2843 1180 2896 ὑπὸ
1213 2841 1324 2896 τῶν
1365 2845 1693 2916 ἀρχιερέων,
1737 2846 1838 2900 ούκ
1873 2847 2118 2915 ἀναγκα-

527 2927 674 2993 σθεὶς
704 2927 826 2980 ούδέ
859 2927 1126 2998 βιασθεὶς,
1157 2927 1271 2981 ἀλλ’
1304 2928 1465 2991 αὐτὸς
1491 2929 1583 3000 ἀφ’
1619 2930 1812 2984 ἐαυτοῦ
1847 2931 1942 2984 xal
1975 2932 2118 2985 οἰκο-

524 3011 615 3064 θεν
649 3012 803 3065 ἔτεκε
819 3012 911 3064 τὸν
938 3012 1110 3075 δόλον,
1129 3014 1223 3066 καὶ
1239 3012 1340 3085 τὴν
1367 3013 1596 3085 γνώμην
1622 3013 1857 3086 ἐξήγαγε
1885 3016 2113 3088 ταύτην,

520 3095 715 3168 οὐδένα¹
750 3095 889 3166 έχων
924 3093 1227 3165 σύμϐουλον
1261 3095 1364 3165 τῆς
1413 3097 1678 3168 πονηρίας
1711 3098 1935 3170 ταύτης.
1981 3101 2118 3154 Τότε

521 3181 832 3248 πορευθεὶς
871 3173 959 3245 εἷς
993 3177 1113 3232 τῶν
1137 3178 1388 3235 δώδεκα.
1429 3181 1494 3234 Τί
1529 3182 1698 3245 ἐστιν,
1735 3177 1836 3248 Εἷς
1863 3183 1983 3236 τῶν
2007 3184 2118 3238 δώ-

519 3263 701 3329 δεκα;
736 3265 846 3318 Καὶ
863 3263 1022 3317 τοῦτο
1042 3263 1310 3336 μεγίστην
1334 3262 1484 3334 αύτῷ
1521 3264 1791 3319 δείκνυσιν
1823 3263 1987 3322 οὖσαν
2016 3268 2116 3340 τὴν

521 3349 858 3422 κατηγορίαν
910 3349 990 3420 τῷ
1039 3351 1237 3416 εἰπεῖν,
1279 3343 1385 3416 Εἷς
1412 3347 1533 3403 τῶν
1569 3349 1818 3405 δώδεκα.
1861 3354 1971 3406 Kal
2007 3354 2116 3426 7&9

520 3431 660 3504 ἦσαν
705 3433 883 3505 ἐτεροι
935 3431 1174 3503 μαθηταὶ
1239 3431 1317 3504 τῷ
1375 3432 1550 3504 Ἰησοῦ
1609 3435 1978 3506 ἐϐδομήκοντα
2022 3439 2115 3492 τὸν

521 3516 789 3588 ἀριθμόν·
831 3517 947 3569 ἀλλ’
1015 3517 1212 3570 ἐκεῖνοι
1271 3517 1340 3570 τά
1402 3517 1683 3589 δευτερεῖα
1726 3516 1891 3590 εἶχον,
1916 3521 2114 3575 ἐκεῖνοι

519 3603 580 3654 «.6
613 3601 876 3668 τοσαύτης
905 3601 1176 3655 ἀπέλαυον
1203 3602 1303 3670 τῆς
1332 3602 1520 3672 τιμῆς,
1541 3603 1662 3655 ούδέ
1692 3604 1958 3676 τοσαύτης
1983 3623 2114 3676 μετ-

521 3690 665 3756 εἰχον
699 3685 798 3754 τῆς
855 3685 1193 3756 παρρησίας,
1231 3685 1333 3738 ούκ
1378 3685 1741 3756 ἐκοινώνησαν
1785 3690 2114 3761 ἀπορρήτων

520 3768 795 3832 τοσοῦτον,
822 3768 898 3828 ὡς
941 3769 992 3820 οί
1043 3766 1275 3820 δώδεκα.
1320 3761 1481 3821 Οὗτοι
1523 3770 1759 3840 μάλιστα
1799 3766 1942 3842 ἦσαν
1969 3772 2116 3826 δόκι-

523 3871 635 3925 μοι,
675 3853 771 3906 xal
801 3854 829 3906 6
859 3852 989 3923 περὶ
1014 3851 1105 3904 τὸν
1147 3851 1372 3921 βασιλέα
1403 3853 1564 3925 χορὸς
1583 3848 1735 3918 οὗτος
1763 3851 1863 3927 ἦν·
1903 3856 2041 3928 αῦτη
2075 3860 2110 3929 ἠ

521 3935 802 4007 συμμορία
823 3937 858 4006 ἡ
892 3935 1022 4005 περὶ
1047 3934 1138 3987 τὸν
1162 3934 1502 4000 διδάσκαλον,
1526 3938 1621 3990 καὶ
1644 3937 1752 3990 ἀπὸ
1773 3939 1979 4011 ταύτης
2024 3941 2111 4006 ἐξ.

518 4019 792 4090 επήδησεν
819 4021 848 4072 6
889 4017 1107 4081 Ἰούδας.
1137 4019 1234 4071 ”Ιν’
1279 4014 1372 4072 οὗν
1432 4020 1608 4092 μάθῃς
1643 4022 1726 4074 ὅτι
1762 4023 1823 4074 ού
1861 4024 2112 4096 μαθητὴς

517 4103 704 4168 ἀπλῶς
728 4103 891 4156 αὑτὸν
918 4101 1253 4177 προύδωκεν,
1279 4103 1416 4158 άλλά
1443 4105 1540 4174 τῆς
1564 4104 1713 4176 [ὂῗθι
1733 4107 2112 4178 δοκιμωτάτης

514 4186 723 4252 τάξεως
752 4181 856 4254 εἷς,
889 4185 976 4240 διά
1012 4185 1170 4239 τοῦτὸ
1200 4203 1399 4256 φησιν·
1433 4182 1539 4254 Εἷς
1581 4188 1694 4241 τῶν
1721 4188 1968 4246 δώδεκα.
2002 4194 2112 4247 Kal

514 4271 614 4324 οὐκ
637 4270 948 4340 αἰσχύνεται
969 4271 997 4322 6
1013 4267 1185 4322 ταῦτα
1211 4269 1426 4341 γράψας
1447 4269 1742 4335 Ματθαῖος.
1759 4273 1915 4339 Τίνος
1925 4275 2111 4331 ἕνεκεν

515 4356 616 4408 ούκ
667 4352 1036 4424 αίσχύνεται;
1075 4352 1196 4406 Ἵνα
1249 4352 1448 4426 μάθῃς,
1497 4353 1578 4428 ὅτι
1629 4356 1904 4427 πανταχοῦ
1970 4359 2110 4429 μετά

515 4439 774 4510 ἀληθείας
796 4439 976 4492 πάντα
993 4437 1342 4507 φθέγγονται,
1363 4438 1458 4491 καὶ
1479 4437 1629 4492 ούδέν
1645 4441 2108 4513 ἀποκρύπτονται,

515 4523 634 4576 οὐδὲ
659 4522 727 4576 τά
748 4521 1011 4575 δοκοῦντα
1058 4515 1199 4574 εἶναι
1233 4520 1570 4574 ἐπονείδιστα
1609 4523 1658 4574 b.
1691 4524 1876 4579 Ταῦτα
1909 4526 2018 4598 7&9
2041 4527 2111 4581 τὰ

514 4606 776 4660 δοκοῦντα
804 4601 946 4658 εἷναι
979 4605 1340 4665 ἐπονείδιστα.
1397 4605 1574 4659 ταῦτα
1611 4607 1851 4662 δείκνυσι
1884 4610 1977 4663 τοῦ
2011 4613 2110 4663 As-

519 4691 720 4743 σπότου
751 4690 854 4760 τὴν
875 4689 1290 4761 φιλανθρωπίαν
1312 4705 1326 4719 ”
1357 4691 1439 4744 ὅτι
1463 4691 1557 4746 τὸν
1581 4692 1864 4763 προδότην,
1900 4696 1990 4748 τὸν
2014 4695 2108 4768 λῃ-

517 4775 666 4845 στὴν,
722 4775 812 4828 τὸν
862 4774 1126 4846 κλέπτην,
1159 4774 1429 4829 τοσούτων
1470 4775 1700 4844 ἠξίωσεν
1741 4778 1983 4846 ἀγαθῶν,
2013 4782 2108 4835 καὶ

517 4857 680 4928 μέχρι
704 4857 801 4927 τῆς
860 4859 1094 4928 ἐσχάτης
1153 4857 1531 4923 διαϐαστάζων
1564 4860 1725 4914 αὑτὸν
1751 4861 1974 4916 διετέλει
2006 4865 2108 4934 τῆς

512 4941 662 5012 ὧρας
685 4958 700 4972 ·
736 4941 833 4994 καὶ
862 4942 971 5013 7&9
996 4941 1263 4996 ἐνουθέτει
1283 4944 1379 4996 καὶ
1407 4944 1638 5015 παρῄνει
1660 4945 1754 4999 καὶ
1776 4946 1952 5000 πάντα
1977 4949 2106 5019 τρό-

518 5043 614 5079 πον
639 5025 978 5096 ἐπεμελεῖτο.
1019 5026 1079 5080 Εἰ
1128 5025 1185 5079 δὲ
1235 5027 1311 5099 μὴ
1357 5030 1648 5099 προσεῖχεν
1681 5029 1910 5096 ἐκεῖνος,
1947 5032 2046 5104 οὐχ
2077 5035 2105 5087 6

517 5109 712 5180 Κύριος
745 5109 916 5174 αἴτιος
935 5128 947 5140 ο
979 5110 1075 5163 καὶ
1096 5109 1304 5181 μάρτυς
1336 5113 1370 5182 ἡ
1393 5112 1565 5183 πόρνη
1590 5129 1604 5143 ⁶
1637 5111 1774 5184 αῦτη
1799 5113 1908 5186 7&9
1936 5133 2106 5185 προσ-

512 5194 711 5264 έχουσα
744 5193 910 5261 ἐαυτῇ
970 5191 1170 5263 ἐσώθη.
1206 5193 1296 5265 Μὴ
1345 5193 1526 5247 τοίνυν
1563 5194 1818 5267 άπογνῷς
1849 5197 2103 5264 σεαυτοῦ,

513 5277 651 5348 πρὸς
674 5275 775 5346 τὴν
825 5275 1032 5346 πόρνην
1083 5275 1324 5329 ἀπιδών·
1371 5276 1506 5347 μηδέ
1546 5275 1831 5351 θαρρήσῃς
1869 5279 2099 5351 σεαυτῷ,

515 5359 647 5430 πρὸς
674 5358 766 5411 τὸν
799 5357 1000 5411 Ἰούδαν
1027 5358 1170 5414 ἰδών.
1208 5359 1522 5430 Ἀμφότερα
1543 5359 1650 5431 7&9
1666 5362 1838 5414 ταῦτα
1861 5362 2099 5436 ὀλέθρια,

510 5444 605 5497 καὶ
645 5443 706 5496 τὸ
763 5441 1008 5512 θαρρεῖν,
1059 5441 1156 5495 καὶ
1195 5441 1259 5495 τὸ
1297 5441 1732 5510 ἀπογινώσκειν·
1762 5444 1823 5498 τὸ
1869 5446 1966 5517 μὲν
1991 5447 2101 5521 7&9

510 5529 735 5599 θαρρεῖν
788 5524 879 5580 τὸν
928 5525 1198 5596 ἑστηκότα
1240 5528 1384 5578 ποιεῖ
1418 5528 1624 5590 πεσεῖν,
1654 5526 1714 5581 τὸ
1742 5526 1799 5581 δὲ
1831 5529 2103 5599 ἀπογινώ-

510 5626 659 5663 σκειν
671 5609 762 5662 τὸν
778 5609 1031 5679 κείμενον
1057 5609 1158 5662 οὐκ
1187 5609 1410 5679 ἀφίησιν
1431 5608 1744 5682 ἀναστῆναι.
1765 5611 1864 5665 Διά
1888 5612 2048 5667 τοῦτο
2071 5616 2101 5668 6

511 5692 718 5755 Παῦλος
748 5693 981 5764 παρῄνει
1004 5693 1206 5762 λέγων’
1240 5692 1304 5745 '0
1319 5690 1514 5746 δοκῶν
1537 5693 2100 5762 ἐστιίναι,βλεπέτω

569 5796 596 5825 ⁸
621 5796 732 5845 Mss.
762 5795 938 5858 βούλει,
960 5797 1088 5856 quo!
1112 5793 1153 5844 si
1192 5796 1478 5856 recipiatur,
1519 5796 1789 5858 legendum
1815 5797 1968 5849 etiam
1993 5801 2097 5854 erit

507 5857 631 5912 τίνος
651 5859 805 5904 ἕνεκεν
828 5877 850 5897 ει
865 5858 1150 5919 ἐπισημαίνῃ
1169 5878 1190 5899 υ
1211 5858 1498 5919 τὸνχρὸνον.
1530 5857 1659 5907 Enn.

569 5919 599 5960 δ
623 5921 718 5968 Alii
742 5919 850 5968 οὐδέ
875 5921 969 5965 τῶν
989 5918 1254 5968 δοκούντων
1277 5918 1394 5966 εἶναι
1409 5920 1754 5969 ἐπονειδίστων.

1295 388 1376 446 S.‘
1393 388 1679 448 JOANNIS
1713 391 2113 450 CHRYSOS‘H

2243 393 2565 452 ARCHIEP.
2609 395 3160 456 CONSTANTINOP.

3699 406 3809 464 376

2226 504 2313 574 μὴ
2346 505 2532 576 πέσῃ.
2572 509 2756 580 Ἔχεις
2783 511 3109 584 ἀμφοτέρων
3136 513 3204 567 τά
3230 515 3670 588 παραδείγματα,
3697 521 3815 578 πῶς

2227 591 2258 642 6
2291 589 2538 662 μαθητὴς
2565 592 2738 646 δοκῶν
2774 595 3017 660 ἑστάναι,
3065 596 3259 651 ἐπεσεο
3290 600 3386 654 καὶ
3421 601 3536 666 πῶς
3563 603 3597 672 ἡ
3638 603 3812 674 πόρνη

2227 674 2480 747 κειμένη,
2508 677 2734 747 ἀνέστη.
2769 679 3057 734 Εύὸλισθον
3095 681 3253 752 ἡμῶν
3282 684 3316 755 ἡ
3342 685 3557 758 γνώμη,
3591 689 3814 761 εὐπερί-

2225 774 2461 843 τρεπτον
2479 761 2514 832 ἠ
2545 763 2867 834 προαίρεσις
2886 781 2898 794 ·
2933 764 3022 818 διὰ
3051 766 3210 820 τοῦτο
3231 769 3456 833 ἑαυτοὺς
3477 774 3815 843 πανταχόθεν

2225 842 2621 926 ἀσφαλίζεσθαι
2675 847 2768 899 καὶ
2804 847 3132 917 τειχίζεσθαι
3167 853 3297 922 χρή.
3333 855 3468 908 Τότε
3498 842 3814 926 πορευθείς

2224 921 2314 1011 εἷς
2358 927 2478 982 τῶν
2510 929 2758 997 δώδεκα,
2804 932 3024 999 Ἰούδας
3073 921 3466 1004 Ἰσκαριώτης.
3506 921 3668 1011 Ὁρᾷς
3703 921 3816 995 ἀπδ

2226 1010 2382 1064 ποίου
2408 1012 2569 1083 χοροῦ
2597 1013 2886 1079 ἐξέπεσενς
2925 1017 3058 1088 δρᾷς
3101 1017 3260 1083 ποίας
3281 1010 3629 1087 διδασκαλίας
3681 1043 3816 1078 κατ-

2224 1095 2558 1182 εφρόνησεν;
2591 1100 2723 1169 ὁρᾷς
2779 1099 2903 1153 ὅσον
2949 1101 3116 1154 κακόν
3151 1101 3297 1156 ἐστιν
3322 1106 3355 1174 ὴ
3397 1104 3638 1177 ῥᾳθυμία
3661 1110 3813 1182 καὶὴ

2223 1177 2514 1262 όλιγωρία;
2559 1183 2833 1248 Ἰοὐδαςό
2853 1185 3174 1254 λεγόμενος
3211 1187 3691 1257 Ἰσκαριώτης-,Τί
3722 1177 3814 1262 μοί

2223 1261 2404 1332 λέγεις
2434 1266 2600 1319 αὑτοῦ
2650 1267 2747 1338 τὴν
2777 1267 2967 1332 πόλιν;
2998 1269 3123 1321 Εἴθε
3157 1269 3231 1341 μὴ
3266 1272 3454 1326 τοῦτον
3489 1261 3814 1343 ἐγίνωσκονῐ

2236 1348 2462 1432 Ἰούδας
2482 1353 2516 1403 ό
2540 1353 2865 1419 λεγγῖμενος
2898 1353 3296 1432 Ἰσκαριώτης.
3329 1355 3481 1421 Τίνος
3508 1357 3692 1412 ἐνεκεν
3713 1362 3816 1432 τὴν

2223 1430 2378 1516 πόλιν
2437 1432 2602 1487 αὐτοῦ
2649 1433 2862 1503 λέγεις;
2894 1429 3003 1488 Ἦν
3052 1435 3237 1508 ἕτερος
3281 1437 3481 1504 Ἰούδας
3536 1429 3812 1516 μαθητὴς.

2222 1513 2467 1586 ζηλωτὴς
2513 1517 2959 1590 ἐπικαλούμενος.
2991 1520 3089 1573 Ἴν⁹
3121 1518 3214 1574 οὖν
3242 1521 3329 1575 διά
3363 1524 3462 1593 τῆς
3490 1513 3815 1597 ὁμωνυμίας

2224 1599 2298 1668 μὴ
2332 1600 2555 1672 γένηταί
2581 1620 2666 1666 τις
2688 1603 2886 1674 πλάνη,
2913 1604 3074 1657 διεῖλε
3099 1604 3289 1658 τοῦτον
3326 1607 3419 1659 ἀπ’
3457 1609 3687 1672 ἐκείνου,
3717 1612 3815 1665 καὶ

2221 1685 2427 1738 ἐκεῖνον
2452 1687 2549 1756 μὲν
2573 1688 2679 1740 ἀπὸ
2709 1689 2810 1759 τῆς
2838 1689 3040 1760 ἀρετῆς
3066 1689 3366 1760 ὠνόμασεν,
3409 1692 3610 1756 Ἰούδας
3648 1696 3675 1746 ὁ
3709 1693 3812 1765 ζη-

2221 1767 2398 1838 λωτής
2419 1785 2431 1798 ·
2455 1770 2642 1824 τοῦτον
2679 1772 2735 1825 δέ
2764 1774 2864 1826 οὐκ
2904 1773 3190 1844 ὠνόμασεν
3219 1775 3328 1828 ἀπὸ
3349 1776 3446 1844 τῆς
3481 1778 3681 1841 κακίας
3703 1796 3715 1807 ’
3749 1780 3810 1832 ού

2220 1851 2330 1921 7&9
2351 1849 2526 1918 εἶπεν,
2563 1856 2761 1920 Ἰούδας
2789 1860 2818 1910 6
2841 1857 3125 1929 προδότης.
3165 1859 3356 1912 Καίτοι
3387 1861 3574 1932 ἐχρῆν,
3617 1861 3813 1934 ὥσπερ

2222 1937 2430 1989 ἐκεῖνον
2456 1937 2564 1991 ἀπὸ
2603 1939 2705 2010 τῆς
2750 1941 2952 2011 ἀρετῆς
2983 1942 3265 2004 ἐκάλεσεν,
3305 1942 3448 1996 οὕτω
3480 1946 3573 1998 καὶ
3617 1943 3813 1998 τοῦτον

2221 2021 2329 2074 ἀπὸ
2359 2022 2459 2092 τῆς
2497 2023 2692 2086 κακίας
2730 2025 3193 2096 προσαγορεῦσαι,
3233 2028 3328 2080 καὶ
3369 2029 3561 2083 εἰπεῖν.
3608 2028 3814 2093 Ἰούδας

2219 2105 2247 2156 6
2269 2104 2534 2177 προδότης
2558 2123 2574 2138 ο
2596 2105 2710 2160 ἀλλ’
2738 2107 2824 2160 ἶνα
2855 2125 2914 2160 σε
2947 2109 3209 2182 παιδεύσῃ
3224 2110 3468 2182 καθαράν
3495 2110 3641 2180 ἐχειν
3673 2130 3811 2165 κατ-

2219 2189 2450 2260 ηγορίας
2492 2189 2594 2261 τὴν
2639 2190 2909 2258 γλῶτταν,
2943 2193 3234 2263 καὶιαύτοῦ
3269 2193 3364 2246 τοῦ
3394 2194 3660 2264 προδότου
3691 2197 3814 2264 φεί-

2218 2272 2390 2330 δεται.
2436 2275 2758 2342 Πορευθείς
2811 2277 2957 2348 γάρ,
3011 2278 3210 2348 φησὶν,
3255 2272 3346 2342 εἷς
3397 2275 3515 2331 τῶν
3556 2277 3813 2346 δώδεκα,

2232 2355 2458 2424 Ἰούδας
2495 2358 2893 2428 Ἰσκαριώτης,
2929 2361 3081 2428 πρὸς
3132 2362 3275 2428 τοὺς
3296 2361 3608 2431 ἀρχιερεῖς,
3639 2359 3815 2417 εἶπεν

2217 2441 2422 2506 αὐτοῖς
2446 2458 2459 2472 ·
2491 2443 2552 2496 Τί
2573 2461 2674 2512 μοι
2729 2445 2934 2498 θέλετε
2975 2445 3206 2508 δοῦναι,
3246 2447 3408 2515 κάγὼ
3437 2447 3580 2516 ὑμῖν
3623 2463 3815 2517 παραρ

2218 2521 2391 2578 δώσω
2411 2527 2598 2580 αὐτόν
2618 2543 2635 2590 ;
2653 2528 2716 2580 Ὢ
2732 2529 2828 2596 τῆς
2859 2531 3059 2599 μιαρᾶς
3081 2531 3297 2599 ἐκείνης
3323 2532 3534 2602 φωνῆςί
3560 2533 3671 2585 Kal
3693 2531 3815 2596 πῶς

2219 2608 2518 2679 ἐξεπήδησε
2544 2609 2639 2663 τοῦ
2677 2609 2973 2679 στόματος;
3001 2611 3364 2684 πῶς’ἐκίνησε
3397 2613 3494 2685 τὴν
3517 2614 3809 2682 γλῶσσανς

2218 2694 2336 2756 πῶς
2366 2695 2467 2747 οὐκ
2503 2695 2804 2766 ἐνάρκησεν
2831 2694 2976 2750 άπαν
2997 2695 3058 2749 τὸ
3099 2697 3260 2766 σῶμα
3283 2715 3297 2761 ;
3321 2695 3438 2760 πῶς
3479 2698 3578 2751 οὐκ
3612 2696 3812 2770 ἐξέστη

2217 2778 2250 2848 ἡ
2283 2777 2490 2832 διάνοια
2512 2795 2528 2844 ;

2287 2902 2356 2970 γ’.
2403 2903 2464 2956 Τί
2493 2902 2694 2958 θέλετέ
2721 2923 2823 2974 μοι
2858 2905 3089 2970 δοῦναι,
3119 2908 3280 2980 κάγὼ
3309 2910 3451 2980 ὑμῖν
3473 2911 3813 2980 παραδώσω

2216 2987 2402 3038 αὐτόν
2425 3004 2443 3050 ;
2469 2986 2654 3040 Ταῦτά
2679 3005 2734 3041 σε
2762 2990 3081 3045 ἐπαίδευσεν
3106 2996 3134 3047 6
3153 2994 3408 3064 Χριστὸς,
3438 2995 3559 3048 είπέ
3584 3014 3674 3066 μοι
3697 3013 3716 3063 ;
3746 2998 3810 3050 οὐ

2218 3067 2307 3121 διὰ
2329 3068 2486 3122 τοῦτο
2511 3070 2685 3139 ἔλεγε,
2713 3072 2807 3140 Μὴ
2839 3073 3150 3140 κτήσασθε
3197 3076 3458 3147 χρυσὸν,
3509 3078 3664 3143 μηδὲ
3705 3080 3812 3148 ἄρα

2217 3171 2420 3223 τυρόν,
2450 3155 2606 3224 μηδὲ
2641 3156 2877 3226 χαλκὸν
2935 3161 3022 3225 εις
3055 3160 3163 3227 τὰς
3185 3159 3367 3226 ζώνας
3382 3163 3569 3231 ὐμων,
3597 3163 3813 3216 ἀνωθεν

2217 3239 2669 3308 προαναστέλλων
2703 3257 2796 3294 σου
2827 3242 2926 3312 τῆς
2963 3243 3330 3317 φιλαργυρίας
3360 3245 3459 3316 τὴν
3499 3247 3760 3301 ὑπόθεσιν
3791 3267 3808 3315 ;

2215 3322 2276 3375 ού
2301 3321 2476 3378 ταῦτα
2514 3324 2746 3396 παρῄνει
2778 3324 3041 3396 διηνεκῶς
3067 3330 3161 3381 καὶ
3192 3328 3332 3400 μετά
3360 3329 3562 3384 τούτων
3594 3331 3808 3400 ἔλεγεν,

2229 3405 2372 3460 Ἐάν
2391 3407 2482 3473 τίς
2506 3424 2580 3461 σε
2593 3409 2828 3477 ραπίσῃ
2846 3412 2933 3475 είς
2959 3411 3074 3478 τὴν
3097 3410 3304 3489 δεξιὰν
3332 3417 3604 3484 σιαγόνα,
3632 3415 3812 3484 στρέ-

2215 3494 2338 3559 ψον
2361 3489 2523 3556 αὑτῷ
2563 3492 2659 3545 καὶ
2691 3490 2808 3559 τὴν
2835 3492 3070 3561 mar;
3110 3496 3172 3548 Τί
3206 3497 3408 3553 θέλετέ
3438 3514 3542 3568 μοι
3565 3497 3806 3564 δοῦναι,

2215 3575 2378 3644 κάγὼ
2423 3575 2570 3645 ὑμῖν
2614 3574 2950 3643 παραδώσω
2985 3579 3208 3644 αὐτόν;
3250 3581 3314 3633 Ὢ
3360 3598 3461 3650 της
3506 3582 3806 3646 ἀπονοίαςί

2225 3660 2374 3714 ’Δντὶ
2407 3662 2573 3726 τίνος.
2621 3660 2743 3714 είπέ
2799 3679 2925 3732 μοις
2976 3664 3030 3716 τί
3065 3664 3316 3734 μικρδνῆ
3357 3665 3500 3735 μέγα
3550 3667 3809 3734 ἐγκαλεῖν

2215 3743 2375 3816 ἔχων.
2429 3746 2739 3818 παραδίδως
2772 3748 2864 3801 τὸν
2886 3748 3205 3801 διδάσκαλον
3232 3766 3247 3814 ;
3286 3750 3369 3802 ὅτι
3400 3767 3481 3803 σοι
3515 3752 3809 3823 παρέδωκε

2213 3830 2321 3883 τῶν
2350 3828 2500 3902 [58οι
2518 3830 2786 3901 δαιμόνων
2811 3833 2911 3902 τὴν
2932 3832 3210 3896 ἐξουσίαν;
3238 3833 3319 3886 ὅτι
3343 3835 3624 3904 νοσήματα
3653 3835 3809 3888 λύειν

2214 3911 2468 3978 ἐποίησεν
2488 3927 2502 3974 ;
2520 3912 2602 3986 ὅτι
2627 3910 2834 3984 λέπρας
2852 3913 3166 3985 καθαίρειν;
3189 3915 3270 3967 ὅτι
3285 3915 3514 3985 νεκροὺς
3537 3916 3804 3986 άνιστᾷνς

2212 3995 2383 4066 ὅτιτῇ
2412 3995 2686 4066 τυραννίδι
2713 3995 2984 4068 ἐπέστησε
3019 3997 3111 4050 τοῦ
3154 3997 3417 4064 θανάτου;
3452 3999 3571 4052 ἀντὶ
3593 4000 3808 4054 τούτων

2211 4077 2322 4131 τῶν
2351 4077 2679 4150 εὐεργεσιῶν
2729 4078 2934 4144 ταύτας
2993 4080 3148 4144 δίδως
3181 4084 3279 4144 τάς
3307 4081 3571 4152 ἀμοιϐάς;
3613 4085 3678 4137 Τί
3703 4084 3806 4138 θέ-

2213 4161 2354 4215 λετέ
2396 4179 2500 4231 μοι
2544 4161 2776 4228 δοῦναι,
2819 4163 2979 4234 κάγὼ
3030 4164 3173 4233 ὑμῖν
3211 4164 3805 4231 παραδώσω.αῠτόν;

2217 4244 2281 4296 Ὦ
2313 4244 2411 4316 τῆς
2459 4246 2750 4311 ἀπονοίαςί
2806 4247 3005 4318 μᾶλλον
3047 4247 3126 4310 δέ,
3157 4246 3202 4300 ὣ
3247 4247 3341 4319 τῆς
3394 4249 3804 4320 φιλαργυρίαςί

2212 4328 2391 4382 πάντα
2429 4328 2538 4400 7&9
2583 4330 2764 4401 ἐκείνη
2817 4329 2972 4383 ἔτεκε
3019 4329 3088 4383 τά
3136 4331 3318 4384 κακά·
3379 4332 3594 4402 ἐκείνης
3636 4334 3809 4397 αὐτὸς

2212 4413 2582 4485 ἐπιθυμήσας,
2608 4413 2894 4485 προῦδωκε
2921 4414 3012 4467 τὸν
3045 4413 3383 4470 διδάσκαλον.
3415 4417 3670 4470 Τοιοῦτον
3690 4421 3808 4489 γάρ

2211 4499 2360 4550 ἐστιν
2396 4499 2429 4568 ὴ
2461 4497 2673 4570 πονηρά
2727 4497 2853 4570 ῥίζα
2887 4498 3093 4569 ἐκείνη,
3129 4497 3381 4568 δαίμονος
3415 4499 3809 4572 χαλεπώτερον

2210 4581 2309 4644 τὰς
2345 4581 2581 4645 ἁλούσας
2631 4579 2958 4652 ἐκϐακχεύει
3002 4580 3200 4651 ψυχὰς,
3260 4581 3354 4635 καὶ
3399 4586 3544 4636 ποιεῖ
3585 4585 3809 4649 πάντας

2209 4665 2449 4734 ἀγνοεῖν,
2481 4665 2576 4718 καὶ
2609 4665 2802 4718 ἑαυτὸν
2837 4665 2934 4719 καὶ
2973 4665 3102 4729 τοὺς
3148 4665 3374 4736 πλησίον
3407 4668 3501 4721 καὶ
3530 4669 3658 4733 τοὺς
3707 4672 3806 4740 τῆς

2210 4747 2424 4818 φύσεως
2452 4749 2669 4818 νόμους,
2701 4749 2794 4802 καὶ
2823 4747 3003 4802 αύτῶν
3037 4748 3285 4801 ἐκϐάλλει
3313 4751 3419 4802 τῶν
3449 4751 3664 4820 φρενῶν
3704 4754 3808 4806 καὶ

2209 4831 2576 4902 παραπλῆγας
2619 4833 2930 4903 ἐργάζεται.
2957 4833 3098 4902 Ὅρα
3138 4832 3247 4902 γάρ
3277 4832 3420 4887 πόσα
3449 4834 3705 4900 ἐξέϐαλεν
3737 4840 3808 4890 ἐκ

2205 4915 2307 4985 τῆς
2335 4916 2428 4968 τοῦ
2470 4916 2638 4969 Ἰούδα
2669 4916 2848 4987 ψυχῆς
2873 4935 2884 4947 ·
2922 4917 3022 4986 τὴν
3065 4917 3300 4987 ὁμιλίαν,
3338 4917 3434 4988 τὴν
3479 4919 3803 4986 συνήθειαν,

2205 5000 2304 5069 τὴν
2333 5001 2619 5052 κοινωνίαν
2647 5001 2745 5070 τὴν
2774 5003 2831 5052 ἐν
2855 5000 3124 5070 τραπέζῃ,
3142 5000 3209 5052 τά
3233 4999 3506 5070 θαύματα,
3530 5003 3631 5072 τὴν
3651 5003 3807 5058 διδαο

2208 5083 2454 5148 σκαλίαν,
2481 5083 2578 5154 τὴν
2600 5083 2938 5154 παραίνεσιν.
2967 5083 3064 5154 τὴν
3082 5082 3362 5136 νουθεσίαν
3381 5099 3394 5114 ·
3423 5084 3599 5139 ταῦτα
3615 5089 3805 5140 πάντα

2205 5167 2286 5229 εἰς
2342 5165 2514 5237 λήθην
2563 5166 2815 5220 ἐνέϐαλεν
2861 5169 2894 5236 ἠ
2933 5167 3264 5237 φιλαργυρία
3315 5167 3457 5220 τότε.
3506 5169 3607 5222 Διά
3636 5171 3806 5226 τοῦτο

2204 5249 2430 5314 εἰκότως
2455 5251 2482 5303 6
2509 5250 2720 5314 Παῦλος
2743 5250 2951 5318 ἔλεγεν,
2986 5251 3068 5303 δτι
3085 5249 3230 5310 Ῥίῖα
3258 5249 3500 5304 πάντων
3529 5250 3650 5305 τῶν
3686 5271 3805 5307 κα-

2203 5330 2328 5386 κῶν
2348 5332 2521 5386 ἐστιν
2552 5335 2589 5400 ἡ
2617 5334 2994 5402 φιλαργιιοιά.
3013 5332 3164 5387 -Τί
3195 5331 3400 5386 θέλετέ
3421 5351 3522 5403 μοι
3554 5334 3800 5397 δοῦναι.

2202 5415 2365 5486 κάγὼ
2394 5415 2537 5485 ὑμῖν
2567 5416 2900 5485 παραδώσω
2929 5418 3133 5470 αὐτόν.
3172 5415 3346 5488 Πολλὴ
3367 5419 3400 5487 ὴ
3434 5418 3667 5474 ἀπόνοια
3698 5421 3799 5473 τοῦ

2203 5501 2466 5572 ῥήματος.
2499 5501 2834 5572 Παραδίδως.
2861 5500 2982 5554 είπέ
3016 5517 3125 5571 μοι,
3149 5500 3241 5554 τὸν
3265 5501 3441 5555 πάντα
3458 5503 3798 5573 κρατοῦντα.

2200 5583 2291 5636 τὸν
2323 5583 2590 5654 δαιμόνων
2617 5583 3018 5650 ἐξουσιάζοντα,
3041 5587 3105 5656 τῇ
3139 5584 3375 5657 θαλάττῃ
3405 5586 3796 5650 ἐπιτάττοντα,

2197 5666 2291 5719 τὸν
2346 5666 2445 5738 τῆς
2490 5665 2706 5735 φύσεως
2747 5667 3005 5722 ἀπάντων
3043 5669 3350 5739 Δεσπότην;
3377 5668 3475 5723 Ἰν’
3499 5667 3594 5724 οὖν
3621 5673 3799 5726 αὐτοῦ

2200 5751 2527 5821 καταστείλῃ
2561 5750 2661 5822 τὴν
2693 5751 2974 5816 ἀπόνοιαν,
3003 5753 3096 5806 καὶ
3148 5752 3296 5823 δειξῃ
3326 5754 3406 5807 ὅτι
3432 5756 3481 5807 εί
3522 5755 3600 5825 μὴ
3630 5755 3798 5808 £605-

2198 5833 2340 5899 λετο,
2374 5834 2473 5885 οὐκ
2501 5833 2566 5887 ἀν
2589 5835 2884 5906 παρεδόθη,
2927 5835 3154 5889 ἄκουσον
3187 5835 3237 5888 τί
3267 5839 3434 5891 ποιεῖ.
3464 5838 3600 5889 Κατ’
3625 5838 3798 5893 αὐτὸν

2199 5916 2288 5970 τὸν
2312 5919 2502 5986 καιρὸν
2561 5921 2659 5988 τῆς
2713 5920 3020 5990 προδοσίας,
3053 5921 3140 5972 ὅτε
3173 5917 3406 5988 ἐπῆλθον
3455 5918 3626 5989 αύτῷ,
3655 5920 3799 5985 ξύλα
