4066 6392
395 375 500 431 375

397 489 459 541 Et
492 487 698 542 videtur
741 489 956 556 quidem
983 490 1030 544 id
1060 492 1198 560 quod
1229 491 1425 548 dictum
1459 503 1542 548 est
1581 495 1784 549 clarum
1807 510 1927 551 esse
1950 537 1965 560 ,

395 579 632 646 nihilque
675 581 903 648 amplius
951 581 1316 648 subindicare;
1349 583 1442 638 sed
1485 585 1530 638 si
1579 585 1699 654 quis
1727 593 1972 640 accurate

393 669 619 738 singula,
645 687 766 741 quae
804 671 946 726 dicta
971 681 1111 738 sunt,
1142 675 1430 742 examinet,
1463 691 1707 746 magnam
1735 677 1972 747 przebent

392 763 788 831 contemplandi
811 765 1105 828 materiam,
1133 768 1456 837 multamque
1474 783 1729 823 sensuum
1755 769 1974 838 profun-

393 853 634 906 ditatem.
668 854 845 908 Primo
867 862 1074 924 tempus
1096 857 1541 912 considerandum
1563 868 1663 913 est.
1686 858 1800 913 Non
1831 860 1971 913 enim

397 945 711 1014 simpliciter
740 947 868 1000 illud
911 947 1108 1002 indicat
1133 949 1492 1018 evangelista;
1523 965 1694 1019 neque
1721 951 1862 1004 enim
1888 950 1972 1004 di-

399 1037 476 1090 xit
503 1037 673 1092 solum
695 1080 710 1104 ,
742 1038 872 1091 Abiit
895 1081 910 1105 ,
937 1039 1029 1094 sed
1059 1039 1286 1109 adjecit,
1319 1040 1457 1094 Tunc
1501 1041 1642 1096 abiit.
1669 1040 1848 1096 Tunc?
1887 1042 1974 1096 dic

399 1134 529 1188 mihi
557 1133 892 1202 quandonam
917 1174 932 1199 ,
963 1144 1016 1188 et
1039 1150 1265 1203 quanam
1291 1135 1358 1189 de
1383 1151 1542 1190 causa
1574 1146 1781 1204 tempus
1829 1136 1970 1190 indi-

399 1224 520 1277 cet?
551 1224 672 1294 quid
701 1240 784 1277 me
805 1225 999 1279 docere
1028 1226 1139 1278 vult
1169 1225 1191 1278 ?
1221 1225 1334 1279 Non
1365 1226 1507 1281 enim
1553 1235 1755 1282 temere
1775 1227 1973 1282 dictum

399 1324 484 1369 est
509 1314 634 1368 illud
657 1357 672 1381 ,
701 1323 820 1368 tunc
853 1331 870 1368 :
897 1316 1154 1384 siquidem
1184 1331 1305 1370 cum
1331 1315 1531 1385 Spiritu
1568 1327 1744 1371 motus
1792 1318 1978 1386 loque-

402 1416 569 1473 retur,
597 1421 695 1462 nec
723 1416 924 1462 temere
954 1423 1050 1462 nec
1072 1408 1260 1462 frustra
1289 1409 1622 1477 loquebatur.
1646 1408 1784 1475 Quid
1817 1409 1977 1478 igitur

402 1508 484 1554 est
513 1498 660 1565 illud,
693 1499 846 1552 tunc?
875 1500 1012 1554 Ante
1041 1499 1168 1554 illud
1201 1510 1440 1569 tempus,
1468 1510 1591 1554 ante
1620 1501 1760 1555 illam
1787 1501 1974 1556 horam

401 1592 625 1646 accessit
652 1591 904 1644 meretrix
935 1591 1254 1645 alabastrum
1284 1593 1534 1662 tmguenti
1561 1592 1784 1658 habens,
1816 1601 1869 1648 et
1893 1592 1974 1647 ef-

406 1681 539 1735 fudit
566 1682 739 1734 oleum
796 1681 922 1734 illud
947 1696 1107 1750 super
1131 1690 1289 1749 caput
1337 1682 1565 1737 Domini.
1617 1681 1856 1752 Magnam
1885 1697 1978 1737 cu-

405 1789 518 1827 ram
563 1773 824 1837 ostendit,
858 1774 1108 1842 grandem
1139 1773 1293 1828 lidem
1313 1814 1330 1838 ,
1359 1774 1578 1828 multam
1609 1774 1964 1828 obedientiam

404 1881 467 1918 ac
495 1867 762 1934 pietatem;
791 1867 1020 1933 priorem
1049 1867 1204 1920 vitam
1235 1867 1490 1932 mutavit,
1520 1866 1652 1920 facta
1679 1876 1760 1922 est
1789 1868 1979 1922 melior

405 1965 458 2008 et
525 1955 922 2022 temperantior.
976 1955 1042 2008 Et
1111 1955 1321 2024 quando
1387 1959 1637 2010 meretrix
1717 1958 1974 2027 resipuit,

406 2049 616 2112 quando
639 2046 736 2099 sibi
763 2045 1040 2099 Dominum
1071 2047 1330 2113 attraxit,
1365 2055 1490 2102 tunc
1529 2047 1820 2118 discipulus
1868 2065 1980 2104 ma-

405 2139 626 2206 gistratu
671 2137 919 2206 prodidit.
956 2137 1080 2191 Ideo
1108 2137 1260 2200 dixit,
1292 2147 1429 2204 tunc,
1462 2153 1528 2193 ne
1571 2139 1877 2208 magistrum
1902 2139 1982 2193 in-

411 2227 673 2280 firmitatis
723 2242 1033 2292 accusares,
1084 2228 1170 2282 ubi
1221 2229 1429 2284 videres
1481 2245 1602 2284 eum
1646 2245 1676 2284 a
1723 2230 1980 2300 discipulo

407 2318 578 2387 prodi.
605 2318 767 2371 Tanta
811 2319 949 2372 enim
979 2319 1059 2372 vis
1087 2327 1199 2373 erat
1227 2320 1498 2389 magistri,
1524 2330 1579 2374 ut
1606 2322 1766 2376 etiam
1807 2336 1982 2376 mere-

409 2409 566 2463 trices
590 2409 656 2463 ad
685 2409 1081 2479 obsequendum
1110 2411 1210 2465 sibi
1244 2411 1590 2480 pertraheret.

480 2496 617 2552 Deus
641 2515 740 2551 non
763 2499 1047 2553 necessitate
1067 2501 1309 2568 pertraltit
1329 2501 1395 2554 ad
1419 2501 1603 2556 bonum
1622 2503 1894 2573 agendum.
1914 2533 1984 2545 â€”

409 2588 546 2654 Quid
575 2589 732 2658 igitur
750 2630 766 2654 ,
796 2588 1001 2658 inquies
1019 2631 1035 2656 ,
1061 2589 1150 2659 qui
1179 2591 1485 2646 meretrices
1514 2594 1718 2662 potuit,
1745 2592 1983 2664 discipu-

410 2681 517 2732 lum
543 2680 850 2749 pertrahere
870 2696 974 2734 non
1003 2682 1172 2749 potuit
1198 2681 1221 2734 ?
1250 2681 1460 2737 Poterat
1503 2682 1721 2752 quidem
1746 2682 1984 2754 discipu-

413 2771 518 2824 lum
549 2773 872 2840 pertrahere,
904 2771 998 2826 sed
1043 2772 1210 2826 noluit
1253 2772 1400 2826 illum
1450 2774 1764 2830 necessitate
1787 2774 1983 2832 bonum

413 2863 604 2927 facere,
634 2877 806 2932 neque
829 2863 880 2916 vi
896 2862 961 2916 ad
986 2877 1044 2917 se
1074 2862 1398 2932 pertrahere.
1433 2862 1573 2918 Tunc
1592 2865 1780 2921 abiens.
1812 2866 1984 2922 Etiam

415 2951 542 3006 illud
560 2992 575 3018 ,
594 2951 762 3005 abiens
777 2993 792 3017 ,
811 2953 1038 3022 aliquam
1068 2953 1225 3007 habet
1249 2956 1640 3024 contemplandi
1668 2958 1943 3012 materiam
1969 2975 1984 3013 :

411 3057 518 3096 non
549 3044 689 3097 enim
719 3045 918 3098 accitus
949 3060 980 3098 a
1003 3044 1328 3114 principibus
1356 3047 1691 3103 sacerdotum
1710 3091 1726 3117 ,
1759 3065 1864 3105 non
1896 3065 1989 3105 ne-

415 3134 662 3188 cessitate
706 3133 976 3202 iuductus,
1008 3151 1114 3190 non
1140 3147 1382 3203 coactus;
1419 3138 1514 3193 sed
1552 3154 1582 3192 a
1615 3142 1790 3210 seipso
1818 3150 1872 3196 et
1895 3157 1988 3197 sua

413 3237 601 3296 sponte
625 3226 802 3280 dolum
834 3228 1058 3297 peperit,
1086 3238 1139 3282 et
1163 3228 1300 3284 hanc
1315 3231 1504 3285 extulit
1521 3235 1838 3288 sententiam
1857 3275 1873 3300 ,
1897 3251 1992 3290 ne-

415 3319 556 3373 mine
601 3319 705 3372 alio
742 3320 842 3374 sibi
886 3321 1133 3390 nequitiae
1179 3321 1338 3392 hujus
1383 3333 1619 3381 auctore.
1655 3325 1795 3381 Tunc
1819 3328 1990 3382 abiens

417 3426 542 3462 unus
570 3409 632 3462 de
668 3409 953 3463 duodecim.
979 3412 1113 3479 Quid
1140 3421 1242 3480 est,
1270 3413 1414 3468 Unus
1457 3416 1519 3469 de
1545 3417 1805 3471 duodecim
1831 3417 1856 3471 ?
1882 3418 1993 3474 Hoc

417 3500 489 3553 illi
540 3516 734 3570 magno
775 3503 985 3557 crimini
1020 3506 1270 3572 vertitur,
1319 3507 1460 3577 quod
1488 3509 1713 3575 dicatur,
1744 3509 1887 3566 Unus
1930 3511 1992 3565 de

417 3590 701 3644 duodecim.
734 3591 945 3648 Etenim
969 3603 1123 3649 erant
1155 3604 1209 3651 et
1235 3597 1325 3652 alii
1347 3597 1470 3652 Jesu
1503 3599 1746 3668 discipuli
1771 3617 1992 3656 numero

415 3682 745 3751 septuaginta
766 3700 780 3736 :
801 3683 895 3738 sed
925 3685 1002 3738 illi
1029 3686 1289 3742 secundas
1315 3687 1599 3754 habebant,
1625 3690 1702 3744 illi
1724 3705 1829 3745 non
1847 3701 1993 3747 tanto

420 3771 730 3829 fruebantur
773 3775 994 3844 honore,
1042 3793 1142 3834 nec
1170 3788 1315 3835 tanta
1362 3792 1513 3836 erant
1542 3784 1746 3851 praediti
1769 3784 1990 3851 ï¬ducia,

419 3880 522 3918 nou
549 3875 811 3920 tantorum
836 3878 989 3923 erant
1014 3870 1296 3941 participes
1311 3885 1626 3928 arcanorum
1643 3917 1658 3942 ,
1676 3884 1992 3945 quantorum

415 3957 694 4014 duodecim
726 3962 819 4016 illi.
848 3962 945 4018 Hic
971 3964 1200 4020 maxime
1225 3967 1427 4034 probati
1454 3977 1626 4034 erant,
1660 3968 1743 4024 hic
1764 3979 1878 4024 erat
1903 3984 1992 4024 re-

421 4051 537 4118 gius
564 4053 778 4119 chorus;
803 4055 889 4111 hic
918 4072 1120 4112 cuneus
1139 4059 1393 4129 magistro
1419 4060 1629 4115 haerens
1653 4079 1666 4114 :
1694 4062 1761 4116 ab
1786 4061 1886 4117 hoc
1906 4078 1993 4116 re-

417 4143 548 4197 siliit
575 4143 756 4199 Judas.
790 4146 857 4202 Ut
879 4148 1035 4217 igitur
1063 4151 1235 4206 discas
1261 4165 1365 4205 non
1394 4151 1712 4221 discipulum
1734 4152 1992 4222 simplici-

423 4243 502 4289 ter
549 4237 718 4306 ipsum
776 4240 1104 4308 prodidisse,
1160 4242 1254 4297 sed
1299 4258 1460 4297 unum
1506 4259 1572 4298 ex
1625 4243 1995 4313 probatissimo

422 4327 608 4382 ordine
627 4380 639 4394 ,
665 4330 786 4384 ideo
812 4331 970 4397 dicit,
1003 4333 1146 4388 Unus
1167 4337 1229 4387 de
1256 4336 1537 4390 duodecim.
1593 4336 1772 4407 Neque
1799 4339 1994 4394 erube-

418 4419 524 4472 scit
549 4420 612 4482 is,
635 4422 725 4489 qui
750 4422 862 4478 hzec
888 4425 1096 4494 scripsit
1124 4426 1420 4481 Matthmus.
1477 4431 1651 4495 Quare
1675 4443 1782 4482 non
1806 4430 1995 4484 erube-

417 4510 555 4563 scit?
582 4508 648 4566 Ut
663 4512 834 4567 discas
851 4529 944 4569 eos
973 4530 1184 4585 semper
1207 4532 1324 4571 cum
1348 4518 1566 4573 veritate
1589 4527 1777 4573 cuncta
1793 4519 1989 4587 dicere,

423 4617 520 4656 nec
559 4605 642 4657 vel
685 4621 745 4660 ea
791 4606 986 4671 celare,
1009 4624 1126 4676 qua:
1155 4608 1255 4662 sibi
1285 4610 1539 4678 probrosa
1563 4610 1827 4665 videntur.
1871 4611 1994 4666 Î™Î™Ï‰Î¿

421 4692 616 4761 quippe
660 4694 770 4762 ipsa
801 4711 917 4764 quae
943 4697 1186 4751 videntur
1206 4698 1490 4767 probrosa,
1521 4699 1728 4754 Domini
1757 4699 1995 4770 benigni-

421 4791 580 4837 tatem
612 4785 927 4852 ostendunt,
959 4787 1097 4856 quod
1129 4788 1482 4857 proditorem,
1513 4790 1793 4858 latronem,
1825 4791 1991 4846 furem

420 4876 577 4928 tantis
595 4876 833 4946 dignatus
851 4877 920 4930 sit
943 4877 1183 4945 bouis,et
1204 4894 1369 4948 usque
1394 4879 1460 4933 ad
1485 4891 1781 4935 extremam
1809 4881 1992 4936 horam

419 4968 590 5035 ipsum
639 4968 834 5022 tulerit.
879 4969 1086 5022 Etenim
1124 4968 1476 5035 admouebat,
1507 4970 1849 5037 hortabatur,
1881 4987 1995 5025 om-

419 5073 651 5127 nemque
695 5074 875 5112 curam
902 5059 1122 5128 gerebat
1143 5060 1283 5116 illius
1312 5078 1324 5114 :
1355 5061 1494 5129 quod
1541 5061 1585 5115 si
1625 5062 1714 5116 ille
1751 5077 1855 5116 non
1882 5063 1996 5117 aui-

419 5163 562 5201 mum
589 5148 848 5214 adhibuit,
879 5164 981 5204 non
1013 5151 1064 5204 in
1091 5165 1245 5204 causa
1270 5158 1384 5205 erat
1421 5151 1692 5208 Dominus.
1718 5152 1888 5208 Testis
1913 5163 1995 5208 est

421 5250 531 5306 Ipsa
579 5240 828 5293 meretrix
858 5258 872 5296 :
904 5241 990 5293 illa
1022 5256 1249 5310 namque
1276 5256 1396 5295 cum
1426 5242 1526 5297 sibi
1551 5243 1873 5310 attenderet,
1906 5259 1993 5298 sa-

418 5328 579 5382 lutem
608 5343 760 5385 nacta
789 5341 887 5386 est.
919 5331 996 5385 Ne
1027 5331 1203 5400 itaque
1243 5332 1496 5402 desperes
1518 5375 1533 5399 ,
1566 5335 1710 5388 illam
1738 5343 1994 5391 contuens

422 5423 782 5485 meretricem;
808 5439 975 5494 neque
994 5424 1230 5478 confidas
1253 5425 1366 5492 tibi,
1384 5424 1451 5479 ad
1475 5425 1660 5481 Judam
1681 5427 1990 5497 respiciens.

423 5511 710 5583 Utrumque
734 5516 874 5569 enim
900 5517 1254 5584 perniciosum
1274 5526 1357 5573 est
1372 5526 1426 5573 et
1447 5519 1712 5574 conï¬dere
1734 5528 1788 5574 et
1807 5518 1994 5588 despe-

419 5618 536 5658 rare
567 5619 580 5656 :
611 5605 930 5660 conï¬dentia
977 5607 1116 5661 enim
1146 5617 1373 5663 stantem
1402 5610 1716 5678 prosternit;
1744 5610 1996 5680 despera-

420 5697 492 5747 tio
509 5695 710 5764 lapsum
739 5712 1018 5767 resurgere
1045 5715 1149 5752 non
1181 5699 1323 5754 sinit.
1357 5699 1479 5754 ldeo
1507 5700 1696 5755 Paulus
1716 5699 1799 5754 his
1819 5700 1995 5757 verbis

420 5786 728 5842 hortabatur
760 5806 770 5841 :
804 5788 901 5854 Qui
923 5789 1112 5843 videtur
1140 5801 1291 5857 stare,
1317 5790 1478 5844 rideat
1507 5808 1569 5846 ne
1591 5792 1740 5846 cadat
1765 5792 1840 5864 (1.
1870 5791 1988 5848 Cor.

1487 386 1576 444 DE
1614 388 2023 446 PRODITIONE
2060 391 2252 448 JUDAS
2281 393 2505 450 HOMIL.
2538 390 2582 448 l.

3545 385 3648 442 57f

2080 497 2166 551 10.
2199 495 2311 555 Î·).
2337 495 2513 551 Habes
2533 495 2808 549 amborum
2835 494 3100 566 exempla,
3126 493 3392 567 quomodo
3421 498 3648 568 discipu-

2075 587 2159 642 lus
2181 601 2302 642 cum
2321 595 2466 641 stare
2492 585 2778 652 videretur,
2810 585 3080 650 ceciderit,
3109 595 3163 642 et
3189 588 3455 658 quomodo
3477 606 3650 643 tuere-

2077 680 2181 734 trix
2198 680 2380 749 jacens
2406 679 2722 734 surrexerit.
2754 679 2834 732 Ad
2860 678 3063 748 lapsum
3095 693 3294 747 pronus
3329 690 3410 734 est
3446 682 3654 734 animus

2076 781 2290 837 noster,
2331 773 2576 827 volubilis
2604 774 2845 826 voluntas
2874 790 2888 826 :
2919 773 3262 842 quamobrem
3293 788 3426 842 opus
3469 783 3552 827 est
3595 784 3654 826 ut

2077 878 2174 916 nos
2217 862 2450 932 undique
2507 864 2808 916 muniamus
2856 863 3246 932 sepiamusque.
3301 863 3439 917 Tunc
3486 864 3655 916 abiens

2075 969 2206 1006 unus
2247 953 2308 1006 de
2352 953 2632 1020 duodecim,
2659 951 2824 1005 Judas
2869 951 3155 1006 lscariotes.
3215 953 3402 1007 Videuâ€™
3435 968 3464 1006 a
3512 953 3651 1023 quali

2077 1043 2244 1097 choro
2273 1043 2764 1097 exciderit?videnâ€™
2795 1058 2953 1112 quam
2980 1043 3273 1096 doctrinam
3303 1041 3603 1113 despexerit
3633 1043 3655 1094 ?

2076 1136 2248 1190 videnâ€™
2289 1144 2540 1205 quantum
2582 1136 2778 1189 malum
2818 1136 2886 1188 sit
2910 1135 3164 1204 segnities
3202 1144 3256 1189 et
3286 1134 3655 1203 negligentia?

2076 1227 2242 1281 Judas
2270 1227 2356 1296 qui
2378 1225 2633 1279 dicebatur
2661 1225 2952 1279 Iscariotes.
2997 1226 3101 1280 Cur
3130 1226 3258 1280 mihi
3289 1227 3510 1296 patriam
3541 1225 3656 1294 ejus

2079 1332 2341 1372 memoras
2378 1321 2400 1369 â€˜l
2429 1316 2641 1371 Utinam
2662 1332 2730 1370 ne
2759 1318 2928 1386 ipsum
2958 1317 3168 1385 quidem
3196 1332 3406 1370 nossem
3445 1317 3458 1370 Î¹
3488 1315 3656 1368 Judas

2077 1408 2163 1478 qui
2197 1406 2454 1460 dicebatur
2479 1404 2770 1460 Iscariotes.
2799 1404 2904 1460 Cur
2929 1406 3043 1474 ejus
3071 1406 3336 1460 civitatem
3366 1407 3606 1459 nominas
3633 1406 3656 1457 á¼²

2079 1499 2228 1553 Alius
2251 1506 2367 1554 erat
2402 1497 2564 1552 Judas
2591 1498 2901 1568 discipulus,
2933 1507 3283 1568 cognomento
3311 1498 3522 1552 Zelotes
3549 1515 3561 1548 Îµ
3591 1513 3658 1551 ne

2080 1591 2236 1660 igitur
2256 1606 2320 1644 ex
2350 1590 2539 1644 eodem
2570 1591 2785 1644 nomine
2835 1605 2988 1644 error
3030 1600 3335 1644 nasceretur
3356 1632 3368 1654 ,
3401 1590 3540 1644 hunc
3579 1590 3659 1643 di-

2079 1681 2264 1734 stinxit
2280 1681 2346 1734 ab
2373 1681 2463 1734 illo
2487 1697 2501 1735 :
2523 1691 2575 1734 et
2598 1681 2741 1734 illum
2765 1681 2977 1750 quidem
2994 1697 3024 1735 a
3042 1682 3232 1735 virtute
3260 1682 3546 1736 nominavit
3567 1681 3660 1736 Ju-

2079 1769 2175 1824 das
2207 1770 2445 1835 Zelotes,
2481 1771 2624 1825 hunc
2655 1780 2834 1826 autem
2863 1787 2893 1826 a
2921 1771 3153 1842 nequitia
3180 1787 3284 1826 non
3317 1773 3608 1826 nominavit
3641 1789 3654 1826 :

2081 1875 2254 1930 neque
2302 1862 2444 1915 enim
2473 1861 2628 1928 dixit,
2661 1861 2823 1916 Judas
2851 1863 3108 1933 proditor.
3145 1865 3305 1932 Atqui
3347 1881 3439 1932 par
3464 1873 3578 1918 erat
3605 1873 3661 1918 ut

2081 1953 2227 2008 illum
2255 1969 2283 2008 a
2313 1955 2508 2010 virtute
2535 1955 2858 2022 nominavit,
2903 1955 3043 2010 hunc
3063 1957 3221 2010 etiam
3248 1973 3279 2010 a
3311 1957 3538 2026 nequitia
3567 1971 3662 2026 ap-

2081 2044 2280 2113 pellare
2305 2060 2368 2101 ac
2391 2045 2592 2110 dicere,
2623 2046 2787 2102 Judas
2813 2047 3053 2116 proditor
3077 2065 3091 2101 :
3121 2063 3304 2102 verum
3338 2056 3395 2100 ut
3421 2057 3473 2102 te
3498 2048 3662 2102 doce-

2085 2143 2166 2189 ret
2190 2135 2418 2207 linguam
2441 2138 2778 2191 accusatione
2805 2153 2988 2207 puram
3016 2152 3231 2192 servare
3255 2177 3272 2204 ,
3299 2139 3380 2192 vel
3412 2138 3510 2208 ipsi
3542 2155 3662 2207 pro-

2084 2226 2240 2282 ditori
2271 2227 2458 2297 parcit.
2487 2227 2670 2282 Abiens
2686 2229 2849 2296 enim,
2873 2228 3061 2298 inquit.
3088 2229 3255 2282 Judas
3295 2228 3567 2283 Iscariotes
3593 2230 3662 2282 ad

2084 2320 2334 2388 principes
2359 2320 2711 2387 sacerdotum,
2735 2322 2806 2374 ait
2842 2321 2944 2374 illis
2965 2337 2984 2374 :
3022 2321 3156 2386 Quid
3180 2321 3329 2374 vultis
3354 2321 3476 2373 mihi
3505 2321 3626 2374 dare
3642 2361 3660 2385 ,

2085 2420 2132 2465 et
2174 2427 2267 2482 ego
2309 2411 2447 2466 vobis
2500 2411 2698 2465 tradam
2736 2427 2852 2465 eum
2879 2412 2905 2465 Î³
2942 2411 2985 2466 ÎŸ
3013 2411 3392 2467 exsecrandum
3428 2426 3609 2465 vocem
3643 2413 3658 2465 l

2088 2502 2357 2571 quomodo
2382 2517 2448 2557 ex
2469 2519 2562 2558 ore
2585 2503 2813 2568 exsiliit,
2857 2503 3124 2572 quomodo
3172 2502 3405 2572 linguam
3452 2502 3663 2556 movit?

2085 2593 2352 2662 quomodo
2378 2602 2547 2648 totum
2564 2608 2758 2664 corpus
2779 2608 2885 2649 non
2902 2593 3174 2664 obtorpuit
3189 2594 3212 2648 ?
3227 2593 3492 2663 quomodo
3513 2607 3665 2648 mens

2087 2700 2194 2740 non
2217 2686 2493 2740 excessit?

2159 2774 2213 2828 5.
2249 2775 2383 2841 Quid
2408 2775 2554 2828 uultis
2591 2775 2714 2828 mihi
2740 2774 2892 2841 dare,
2918 2783 2964 2828 et
2992 2791 3084 2846 ego
3117 2774 3254 2829 vobis
3279 2775 3477 2829 tradam
3509 2792 3620 2829 eum
3641 2775 3666 2827 ?

2089 2864 2334 2920 Haeccine
2365 2874 2414 2920 te
2440 2865 2620 2921 docuit
2641 2865 2905 2934 Christus,
2932 2866 3019 2921 dic
3040 2865 3168 2920 mihi
3195 2866 3218 2918 â€˜t
3246 2881 3420 2920 nonne
3448 2865 3566 2920 ideo
3586 2865 3667 2920 di-

2088 2955 2242 3010 cebat
2260 2970 2280 3009 :
2311 2953 2485 3009 Nolite
2509 2955 2765 3024 possidere
2788 2972 2971 3009 aurum
3007 2972 3164 3024 najue
3187 2966 3483 3025 argentum,
3511 2968 3668 3024 neque

2088 3065 2158 3104 tes
2181 3050 2236 3104 in
2261 3049 2402 3103 zonis
2431 3049 2605 3104 vestris
2643 3048 2851 3120 (Matth.
2885 3049 2971 3104 10.
3000 3047 3088 3119 9),
3120 3057 3179 3103 ut
3218 3048 3492 3102 avaritiam
3523 3049 3667 3102 illam

2095 3141 2206 3211 jam
2233 3141 2360 3196 olim
2386 3140 2439 3194 in
2470 3149 2520 3196 te
2539 3141 2915 3210 comprimeret
2935 3141 2958 3193 â€˜l
2980 3155 3157 3195 nonne
3177 3139 3290 3192 haec
3315 3138 3524 3194 assidue
3554 3139 3670 3192 hor-

2093 3233 2322 3300 tabatur,
2340 3247 2401 3286 ac
2431 3243 2688 3301 praeterea
2718 3232 2927 3287 dicebat
2959 3248 2974 3285 :
3007 3231 3069 3286 Si
3105 3231 3216 3300 quis
3237 3239 3284 3283 te
3305 3230 3597 3298 percusserit
3615 3231 3668 3283 iu

2091 3323 2350 3376 dexteram
2371 3322 2647 3386 maxillam,
2673 3332 2805 3377 verte
2838 3323 2918 3375 illi
2949 3331 2997 3374 et
3020 3322 3175 3375 aliam
3201 3321 3409 3390 (Matth.
3434 3322 3486 3376 5.
3513 3320 3580 3374 59
3607 3320 3670 3391 )â€˜l

2095 3412 2230 3478 Quid
2249 3412 2395 3466 vultis
2416 3413 2539 3465 mihi
2569 3413 2722 3480 dare,
2751 3421 2796 3466 et
2819 3428 2910 3481 ego
2945 3407 3672 3477 vobistradameuthatth.

2092 3501 2181 3556 26.
2208 3503 2275 3558 15
2300 3503 2320 3573 )
2344 3502 2366 3555 ?
2391 3501 2435 3557 ÎŸ
2459 3503 2735 3557 stultitiam
2764 3503 2778 3558 Î¹
2812 3502 2916 3558 Pro
2945 3516 3046 3571 qua
3068 3517 3149 3567 re,
3175 3515 3375 3570 qumso,
3403 3515 3560 3570 quam
3587 3499 3669 3554 vel

2095 3609 2311 3663 parvam
2339 3595 2423 3649 vel
2466 3609 2712 3662 magnam
2757 3594 3152 3648 accusationem
3189 3591 3431 3664 proferre
3457 3592 3670 3656 valens,

2095 3687 2408 3755 magistrum
2439 3685 2620 3755 prodis
2645 3685 2668 3738 ?
2698 3699 2766 3738 an
2795 3685 2917 3754 quia
2945 3693 3259 3754 potestatem
3289 3684 3380 3737 tibi
3410 3683 3555 3738 dedit
3574 3683 3671 3736 ad-

2094 3790 2281 3831 versus
2317 3775 2632 3830 daemonas?
2661 3790 2729 3830 an
2759 3775 2880 3844 quia
2919 3776 3134 3831 morbos
3173 3789 3364 3830 curare
3407 3773 3560 3840 fecit,
3589 3773 3671 3827 vel

2095 3867 2294 3935 lepram
2320 3866 2582 3921 mundare
2600 3867 2623 3920 ?
2639 3881 2706 3920 an
2731 3866 2853 3936 quia
2879 3875 3117 3921 mortuos
3139 3866 3512 3920 suscitareian
3530 3865 3672 3934 quod

2095 3963 2282 4011 contra
2333 3956 2520 4011 mortis
2559 3956 2893 4027 tyrannidem
2945 3963 2998 4012 te
3039 3956 3312 4011 constituit
3351 3957 3373 4010 ?
3418 3956 3674 4010 hanccine

2095 4049 2398 4106 mercedem
2452 4064 2550 4120 pro
2589 4059 2666 4105 tot
2717 4048 2990 4105 beneficiis
3031 4048 3325 4118 rependis?
3351 4049 3486 4112 Quid
3527 4047 3676 4102 vultis

2095 4141 2220 4194 mihi
2243 4141 2384 4207 dare,
2416 4150 2462 4196 et
2481 4157 2570 4212 ego
2597 4140 2735 4195 vobis
2755 4157 2869 4196 eum
2890 4141 3087 4194 tradam
3108 4141 3133 4194 Î–)
3156 4139 3199 4196 ÎŸ
3225 4140 3502 4194 stultitiam
3529 4143 3541 4194 !
3570 4141 3676 4194 imo

2098 4234 2303 4302 potius,
2333 4246 2368 4287 Î¿
2391 4232 2664 4286 avaritiam
2693 4233 2707 4284 Îµ
2740 4247 2860 4285 nam
2889 4231 3003 4286 haec
3027 4241 3104 4285 tot
3135 4231 3271 4284 mala
3301 4231 3501 4299 peperit
3531 4247 3543 4284 :
3579 4231 3677 4284 hu-

2093 4325 2179 4396 jus
2201 4326 2289 4381 ille
2303 4324 2731 4393 concupiscentia
2748 4323 3058 4393 magistrum
3080 4322 3329 4392 prodidit.
3352 4322 3496 4375 Talis
3516 4322 3671 4391 quip-

2099 4431 2164 4486 pe
2189 4425 2271 4472 est
2288 4416 2375 4469 illa
2401 4415 2540 4470 mala
2570 4414 2749 4479 radix;
2779 4429 2911 4484 quas
2938 4413 3353 4468 invaditanintas
3383 4414 3498 4483 plus
3518 4428 3678 4482 quam

2098 4509 2309 4563 dtemon
2328 4509 2380 4563 in
2408 4509 2640 4562 furorem
2664 4507 2850 4573 vertit,
2875 4506 3108 4560 omnium
3140 4505 3489 4574 ignorantiam
3519 4504 3676 4573 parit.

2099 4610 2156 4656 et
2175 4602 2254 4656 sui
2282 4610 2336 4657 et
2363 4600 2589 4670 proximi
2619 4608 2675 4654 et
2693 4599 3014 4653 naturalium
3039 4597 3326 4667 legum;ab
3356 4598 3466 4666 ipsa
3498 4607 3681 4653 mente

2098 4694 2364 4749 excedere
2388 4692 2542 4759 facit,
2566 4701 2621 4746 et
2641 4691 2873 4746 furiosos
2894 4689 3078 4745 efï¬cit.
3114 4690 3245 4744 Vide
3274 4698 3466 4759 quanta
3491 4705 3555 4742 ex
3585 4687 3680 4743 Ju-

2097 4783 2180 4838 dte
2205 4782 2384 4837 animo
2408 4781 2626 4852 ejecerit
2645 4823 2661 4849 ,
2683 4781 3174 4845 conversationem,
3199 4778 3636 4832 consuetudinem
3659 4819 3678 4842 ,

2099 4889 2297 4930 mensae
2322 4873 2630 4930 societatem
2650 4913 2665 4937 ,
2694 4871 2969 4938 miracula,
2999 4871 3295 4926 doctrinam
3316 4913 3330 4935 ,
3355 4871 3680 4925 cohortatio-

2098 4984 2250 5034 nem,
2271 4967 2685 5022 admonitionem
2720 4984 2734 5020 :
2768 4965 2818 5018 iu
2847 4965 3038 5020 horum
3077 4966 3315 5018 omnium
3355 4963 3675 5017 oblivionem

2103 5071 2231 5116 tunc
2257 5059 2486 5129 conjecit
2507 5074 2628 5114 eum
2650 5059 2895 5112 avaritia.
2928 5057 3048 5113 Ideo
3070 5058 3262 5112 Paulus
3282 5057 3402 5125 jure
3427 5055 3673 5109 dicebat:

2099 5150 2270 5204 Radix
2298 5151 2521 5204 omnium
2561 5149 2810 5202 malorum
2848 5157 2919 5202 est
2961 5148 3171 5202 avaritia
3199 5147 3217 5218 (
3247 5149 3295 5202 1.
3325 5145 3452 5200 Tim.
3478 5145 3530 5199 6.
3561 5144 3674 5216 10).

2103 5241 2238 5308 Quid
2262 5241 2410 5294 vultis
2439 5241 2560 5293 mihi
2575 5239 2725 5304 dare,
2748 5249 2793 5293 et
2810 5255 2900 5309 ego
2928 5239 3063 5292 vobis
3081 5255 3196 5291 eum
3221 5238 3414 5290 tradam
3443 5237 3468 5289 .â€™
3492 5235 3676 5305 Magna

2097 5331 2224 5386 dicti
2254 5331 2496 5386 stultitia.
2521 5331 2777 5385 Tradisne
2797 5371 2812 5396 ,
2843 5345 3044 5400 quaeso,
3079 5344 3202 5384 eum
3241 5329 3330 5397 qui
3355 5328 3530 5382 omnia
3558 5341 3681 5381 cou-

2098 5423 2264 5491 tinet,
2298 5423 2629 5480 daemonibus
2659 5425 2921 5494 imperat,
2948 5424 3080 5478 mari
3111 5423 3349 5492 praecipit
3368 5461 3384 5487 ,
3417 5424 3678 5475 universae

2099 5527 2304 5573 natura:
2331 5518 2657 5573 Dominum?
2695 5518 2763 5574 Ut
2793 5517 2950 5587 igitur
2975 5516 3093 5586 ejus
3138 5516 3496 5584 arrogantiam
3538 5529 3679 5568 com-

2099 5611 2384 5680 primeret,
2434 5618 2490 5664 et
2525 5608 2829 5664 ostenderet
2853 5623 2910 5662 se
2933 5647 2948 5670 ,
2978 5607 3023 5661 si
3071 5607 3359 5668 noluisset,
3392 5620 3678 5674 numquam

2097 5701 2348 5757 traditum
2380 5700 2465 5767 iri,
2487 5701 2608 5756 audi
2629 5699 2755 5770 quid
2782 5697 3175 5755 faciatzeodem
3202 5696 3515 5766 proditionis
3543 5706 3680 5750 tem-

2102 5808 2254 5865 pore,
2284 5808 2404 5849 cum
2433 5793 2608 5865 ipsum
2639 5790 2970 5856 invaderent,
3003 5803 3124 5844 cum
3155 5787 3401 5851 fustibus,
3425 5785 3678 5857 Lampadi--
