4066 6392
370 346 473 402 επ

373 458 471 513 bus
488 467 543 513 et
562 457 785 529 lumine,
803 459 932 517 dicit
954 458 1079 525 illis,
1099 462 1259 528 Quem
1278 462 1501 530 quwritis
1528 462 1710 533 (Joan.
1733 464 1821 518 18.
1844 464 1878 517 4
1902 462 1958 535 )?

372 559 426 602 et
457 550 769 621 ignorabant
792 568 949 624 quem
980 568 1173 624 capere
1200 553 1476 610 deberem.
1504 553 1732 610 Tantum
1754 554 1961 623 aberat,

374 650 433 694 ut
466 656 589 696 eum
638 641 803 698 Judas
851 643 1062 699 tradere
1106 654 1315 715 posset,
1344 654 1405 701 ut
1429 662 1604 716 neque
1631 656 1963 716 praesentem

374 742 623 788 cerneret
649 749 805 800 eum,
831 750 988 805 quem
1031 735 1320 791 traditurus
1339 746 1453 791 erat
1474 778 1489 803 ,
1522 737 1648 793 licet
1670 752 1793 792 cum
1826 736 1962 792 lam-

376 826 600 896 padibus
624 838 679 883 et
703 828 901 883 lumine
931 837 1113 884 tanto:
1141 828 1244 884 hoc
1278 829 1620 885 subindicans
1639 829 1963 900 evangelista

377 917 525 984 dicit,
556 919 834 989 lampades
860 919 1127 976 habebant
1157 929 1212 976 et
1238 922 1416 977 lumen
1438 962 1453 989 ,
1480 932 1535 976 et
1562 935 1670 976 non
1712 919 1964 977 videbant

376 1024 500 1065 eum
526 1009 686 1081 (Ibid.
714 1012 797 1079 5).

449 1101 626 1158 Libera
650 1104 831 1158 bonum
854 1120 1143 1176 aperamur,
1168 1122 1269 1160 non
1292 1106 1601 1161 necessitate.
1623 1134 1695 1145 —-
1714 1104 1965 1173 Quotidie

377 1192 622 1249 Christus
663 1210 787 1250 eum
828 1195 1338 1252 commonefaciebat
1377 1205 1487 1251 tum
1528 1196 1808 1267 operibus,
1854 1205 1965 1250 tum

379 1287 556 1343 verbis
579 1287 867 1344 ostendens
886 1329 901 1354 ,
933 1289 1074 1359 quod
1103 1305 1225 1345 eum
1256 1305 1360 1345 non
1394 1290 1556 1345 latere
1586 1298 1765 1361 posset
1790 1287 1968 1358 prodi-

380 1389 532 1434 turus
562 1396 579 1434 :
610 1394 783 1450 neque
824 1380 995 1450 palam
1035 1396 1157 1435 eum
1199 1382 1551 1451 praesentibus
1594 1381 1841 1436 omnibus
1876 1394 1965 1434 ar-

379 1471 591 1539 guebat,
616 1485 683 1525 ne
702 1470 780 1527 sic
806 1470 1252 1541 impudentiorem
1272 1472 1543 1539 redderet,
1565 1486 1739 1543 neque
1761 1470 1971 1527 tacebat

380 1563 542 1618 etiam
563 1605 578 1629 ,
610 1579 677 1619 ne
702 1563 747 1618 si
775 1563 940 1619 latere
966 1579 1025 1619 se
1054 1574 1327 1633 putasset,
1367 1564 1482 1619 sine
1511 1574 1654 1619 metu
1692 1563 1758 1618 ad
1785 1562 1969 1633 prodi-

382 1657 580 1712 tionem
603 1656 807 1711 veniret
836 1673 848 1709 :
877 1655 971 1711 sed
998 1654 1303 1726 frequenter
1327 1656 1558 1721 dicebat,
1586 1654 1730 1710 Unus
1754 1666 1971 1708 vestrum

382 1748 544 1801 tradet
568 1764 688 1813 me;
716 1762 888 1818 neque
913 1755 1090 1802 tamen
1120 1762 1241 1801 eum
1282 1748 1457 1818 palam
1488 1747 1794 1803 declarabat
1828 1746 1970 1801 mul-

381 1848 465 1894 tos
491 1840 561 1895 de
598 1839 838 1910 gehenna
868 1852 1145 1894 sermones
1172 1837 1515 1905 instituebat,
1548 1838 1744 1893 multos
1780 1838 1847 1892 de
1879 1852 1969 1893 re-

380 1943 487 2000 gno
512 1949 528 1986 :
551 1945 809 2002 suamque
830 1931 883 1986 in
904 1931 1006 1986 hac
1030 1939 1253 2003 utraque
1273 1947 1332 1988 re
1354 1931 1642 2001 potentiam
1663 1930 1968 1996 exhibebat,

382 2024 494 2077 sive
514 2023 565 2077 in
588 2022 856 2092 puniendo
876 2033 1209 2092 peccatores,
1232 2023 1345 2078 sive
1369 2022 1423 2077 in
1444 2022 1757 2079 honorando
1778 2022 1968 2093 iustos.

382 2110 580 2167 Verum
614 2115 729 2168 hsce
756 2113 934 2167 omnia
965 2113 1054 2169 ille
1082 2112 1357 2185 despexit,
1389 2114 1531 2170 Deus
1568 2122 1745 2169 autem
1770 2114 1822 2168 vi
1847 2128 1969 2169 eum

383 2222 490 2261 non
532 2206 768 2260 attraxit.
813 2205 947 2273 Quia
990 2206 1130 2260 enim
1175 2216 1229 2261 et
1270 2206 1566 2273 malorum,
1612 2213 1668 2261 et
1708 2206 1969 2262 bonorum

382 2311 604 2367 cperum
631 2297 907 2352 electionis
934 2311 1034 2353 nos
1051 2296 1297 2352 dominos
1320 2297 1463 2365 fecit,
1488 2312 1586 2353 nos
1614 2298 1779 2354 libere
1803 2298 1972 2355 bonos

384 2389 496 2443 vult
521 2404 663 2443 esse.
696 2388 822 2443 Ideo
847 2388 891 2443 si
921 2388 1253 2444 uoluerimus
1275 2430 1288 2455 ,
1321 2403 1428 2444 non
1463 2389 1606 2459 cogit
1624 2429 1640 2457 ,
1671 2404 1843 2460 neque
1871 2404 1971 2443 ne-

383 2481 685 2536 cessitatem
718 2481 877 2537 infert
906 2498 919 2536 :
950 2496 1073 2536 nam
1099 2490 1342 2537 coactum
1372 2496 1494 2537 esse
1522 2482 1717 2537 bonum
1738 2523 1752 2545 ,
1782 2483 1831 2536 izl
1864 2498 1970 2535 non

383 2582 466 2627 est
501 2587 621 2627 esse
665 2573 882 2627 bonum.
931 2572 1195 2640 Quoniam
1238 2573 1398 2643 igitur
1433 2583 1487 2629 et
1525 2573 1615 2629 ille
1647 2573 1850 2627 arbitrii
1892 2573 1973 2627 sui

382 2662 631 2718 dominus
658 2672 772 2719 erat
791 2704 806 2728 ,
834 2672 889 2718 et
913 2664 965 2717 in
990 2663 1109 2734 ejus
1138 2671 1400 2733 potestate
1426 2672 1543 2719 erat
1576 2678 1685 2719 non
1714 2664 1971 2733 obsequi,

384 2765 439 2810 et
464 2755 532 2811 ad
556 2756 830 2811 avaritiam
860 2772 964 2812 non
990 2757 1258 2812 declinare
1280 2798 1295 2824 ,
1324 2757 1446 2813 ideo
1472 2767 1653 2812 mente
1677 2766 1975 2813 exetecatns

382 2855 488 2910 est,
511 2856 566 2902 et
590 2848 815 2903 salutem
843 2862 991 2903 suam
1020 2848 1253 2919 prodidit
1282 2864 1297 2902 :
1320 2859 1374 2903 et
1396 2849 1489 2914 ait,
1519 2849 1655 2916 Quid
1681 2850 1829 2903 vultis
1851 2848 1975 2902 mihi

382 2938 507 2992 dare
525 2979 539 3004 ,
568 2948 615 2993 et
642 2956 732 3008 ego
756 2939 894 2993 vobis
918 2955 1031 2993 eum
1057 2939 1300 2994 tradam?
1322 2939 1512 2995 Mentis
1545 2938 1706 3010 igitur
1730 2940 1845 3009 ejus
1870 2954 1976 2993 cre-

381 3029 595 3084 citatem
622 3040 678 3085 et
704 3030 962 3085 insaniam
992 3045 1219 3101 arguens
1246 3031 1569 3101 evangelista
1597 3032 1703 3098 ait,
1734 3042 1973 3100 tempore

382 3120 676 3177 invasionis
710 3120 901 3177 Judam
945 3137 1113 3193 prope
1157 3137 1253 3177 eos
1294 3123 1544 3189 stetisse,
1584 3122 1732 3177 illum
1769 3124 1974 3178 scilicet

381 3213 471 3284 qui
504 3212 754 3268 dixerat:
786 3213 922 3280 Quid
950 3214 1100 3268 vultis
1139 3214 1265 3268 mihi
1302 3214 1452 3282 dare,
1485 3224 1532 3268 et
1568 3231 1660 3284 ego
1697 3214 1832 3268 vobis
1858 3231 1975 3268 eum

383 3305 623 3360 tradam?
647 3305 832 3376 Neque
863 3306 987 3361 hinc
1014 3306 1188 3361 solum
1216 3314 1454 3376 potestas
1482 3305 1679 3360 Christi
1705 3306 1972 3376 conspici—

384 3402 489 3462 tur,
512 3396 608 3454 sed
629 3397 788 3451 etiam
813 3398 954 3468 quod
983 3397 1099 3467 ipso
1120 3411 1303 3452 vocem
1325 3397 1621 3465 emittente,
1653 3398 1974 3453 recesserint

382 3488 459 3543 illi
483 3498 537 3543 et
563 3489 854 3544 ceciderint
899 3489 951 3543 in
996 3500 1212 3544 terram.
1254 3488 1387 3557 Quia
1424 3503 1557 3544 vero
1599 3504 1771 3561 neque
1800 3490 1878 3544 sic
1904 3488 1974 3543 ab

382 3580 707 3651 impudentia
733 3581 1084 3648 destiterunt,
1114 3582 1327 3636 demum
1363 3582 1597 3652 seipsum
1632 3581 1882 3650 tradidit,
1912 3598 1974 3639 ac

382 3672 428 3726 si
458 3671 680 3726 dixisset
711 3690 724 3726 :
756 3671 909 3739 Quod
940 3687 1122 3727 meum
1150 3680 1266 3727 erat
1303 3680 1472 3727 totum
1509 3670 1645 3739 feci,
1679 3674 1972 3743 potentiam

381 3764 647 3819 declaravi
688 3779 860 3819 meam
885 3805 901 3831 ,
930 3764 1137 3820 ostendi
1179 3780 1275 3821 vos
1315 3780 1379 3822 ea
1421 3765 1667 3837 aggredi,
1700 3783 1819 3838 qua:
1858 3767 1972 3823 ﬂeri

383 3864 671 3928 nequeant.
704 3856 960 3912 Volebam
996 3858 1285 3926 nequitiam
1313 3867 1544 3914 vestram
1571 3860 1925 3929 comprimere
1955 3877 1969 3916 :

381 3949 596 4020 quando
620 3958 799 4005 autem
824 3965 920 4005 vos
946 3950 1212 4017 noluistis,
1240 3951 1336 4007 sed
1357 3952 1408 4007 in
1435 3951 1639 4008 insania
1665 3970 1975 4025 persevera-

382 4041 486 4106 tis,
516 4040 778 4112 meipsum
809 4040 990 4111 utique
1026 4040 1195 4097 trado.
1238 4042 1363 4097 Haec
1397 4057 1559 4113 porro
1586 4042 1694 4100 dixi
1714 4086 1729 4110 ,
1760 4060 1827 4099 ne
1857 4045 1975 4115 qui-

380 4132 504 4187 dam
541 4131 812 4187 Christum
855 4143 1205 4200 accusarent,
1234 4149 1297 4189 ac
1335 4134 1608 4203 dicerent,
1636 4135 1743 4191 Cur
1782 4135 1970 4192 Iudam

383 4243 491 4282 non
519 4229 776 4284 mutavit?
806 4243 903 4283 cur
935 4244 1057 4285 eum
1100 4236 1487 4299 temperantem
1535 4229 1973 4300 moderatumque

383 4335 489 4376 non
532 4320 701 4377 fecit?
742 4321 1023 4389 Quomodo
1072 4336 1195 4378 eum
1242 4321 1578 4378 moderatum
1624 4322 1837 4378 efficere
1878 4337 1973 4392 par

380 4415 531 4467 erat?
560 4415 949 4470 necessitatene
967 4456 982 4479 ,
1011 4430 1079 4468 an
1111 4414 1374 4469 arbitrio?
1403 4414 1457 4470 Si
1486 4414 1700 4486 quidem
1731 4416 1970 4471 necessi-

384 4511 493 4558 tate
513 4545 528 4570 ,
559 4518 730 4573 neque
755 4505 833 4559 sic
861 4505 1053 4559 melior
1083 4504 1290 4560 futurus
1319 4514 1470 4570 erat;
1502 4504 1677 4559 nullus
1704 4506 1845 4560 enim
1875 4521 1970 4562 ne—

380 4596 629 4651 cessitate
668 4596 860 4652 melior
896 4596 1158 4652 efliciatur
1190 4615 1202 4651 :
1242 4597 1287 4651 si
1327 4598 1548 4653 arbitrio
1582 4605 1637 4653 et
1676 4597 1969 4664 electione,

382 4686 560 4741 omnia
587 4702 935 4758 quaecumque
962 4688 1238 4742 arbitrium
1265 4698 1317 4743 et
1347 4689 1667 4745 electionem
1702 4692 1972 4758 corrigere

381 4786 663 4847 poterant,
710 4778 904 4832 intulit.
949 4777 1006 4833 Si
1046 4787 1222 4833 autem
1262 4779 1351 4834 ille
1390 4779 1686 4835 remedium
1726 4781 1971 4850 accipere

380 4867 553 4923 noluit
573 4908 588 4933 ,
618 4882 725 4922 non
755 4867 856 4923 fuit
882 4868 1073 4925 medici
1102 4870 1289 4940 culpa,
1318 4871 1412 4926 sed
1442 4871 1559 4941 ejus
1585 4870 1677 4942 qui
1706 4871 1969 4928 medelam

382 4958 599 5029 repulit.
622 4958 757 5014 Vide
783 4959 941 5030 igitur
959 4969 1155 5031 quanta
1178 4960 1364 5018 fecerit
1384 4970 1441 5017 ut
1460 4978 1579 5018 eum
1601 4963 1666 5019 ad
1694 4964 1968 5018 meliorem

380 5050 588 5119 frugem
617 5058 673 5105 et
704 5049 933 5104 salutem
964 5050 1246 5107 reduceret
1271 5068 1287 5107 :
1313 5067 1527 5109 omnem
1570 5068 1691 5108 eum
1736 5054 1970 5125 philoso-

381 5140 561 5209 phiam
581 5140 764 5196 docuit
786 5141 1035 5211 cperibus
1063 5142 1212 5213 ipsis,
1233 5152 1393 5215 atque
1418 5144 1617 5210 verbis,
1639 5145 1970 5201 daemonibus

380 5231 715 5299 superiorem
744 5230 906 5297 fecit,
939 5232 1243 5289 facultatem
1269 5234 1414 5290 dedit
1439 5244 1498 5290 ut
1525 5234 1689 5291 multa
1715 5235 1968 5291 miracula

379 5324 583 5392 ederet,
613 5325 873 5396 gehennae
897 5327 1312 5382 comminatione
1336 5328 1545 5395 terruit,
1570 5327 1719 5399 regni
1744 5329 1971 5399 promis-

379 5415 532 5471 sione
560 5416 872 5473 cohortatus
896 5425 981 5472 est
998 5458 1013 5484 ,
1037 5432 1229 5473 arcana
1258 5418 1373 5485 ejus
1398 5418 1618 5474 consilia
1642 5419 1854 5475 assidue
1882 5434 1970 5474 ar-

377 5510 520 5578 guit,
562 5524 663 5565 nec
706 5510 979 5581 arguendo
1023 5512 1231 5581 publica
1280 5511 1431 5580 fecit,
1464 5511 1628 5582 pedes
1670 5513 1783 5584 ejus
1826 5521 1971 5569 utet

376 5600 604 5656 aliorum
644 5603 845 5670 abluit,
879 5618 1079 5659 mensae
1105 5612 1159 5659 et
1184 5603 1423 5658 ciborum
1455 5604 1764 5676 participem
1796 5604 1920 5661 fecit
1949 5623 1964 5663 :

379 5689 511 5745 nihil
536 5700 626 5746 aut
653 5708 871 5762 parvum
896 5703 987 5749 aut
1018 5710 1266 5765 magnum
1292 5704 1434 5751 retro
1457 5696 1666 5768 reliquit
1693 5716 1705 5753 :
1730 5698 1820 5753 ille
1842 5714 1968 5754 vero

380 5782 553 5841 libens
596 5784 711 5840 sine
746 5786 1123 5843 emendatione
1166 5789 1375 5844 mansit.
1413 5789 1481 5846 Et
1509 5797 1566 5846 ut
1597 5791 1771 5847 discas
1800 5807 1921 5847 eum
1946 5832 1961 5859 ,

1139 349 1195 402 S.
1238 347 1514 405 JOANNIS
1548 348 2027 407 CHRYSOSTOMI
2068 346 2382 407 ARCHIEP.
2420 346 2957 404 CONSTANTINOP.

3540 339 3651 397 578

2071 478 2192 518 eum
2224 463 2415 519 mutari
2443 471 2642 534 posset,
2669 463 2928 530 noluisse,
2951 459 3049 518 sed
3071 475 3139 517 ex
3174 459 3292 531 ejus
3318 458 3541 529 segnitie
3568 468 3657 513 to-

2069 564 2183 611 tum
2231 556 2531 626 prodiisse,
2574 555 2719 611 audi.
2762 555 2895 610 Cum
2938 554 3083 610 enim
3124 551 3444 623 prodidisset
3488 566 3610 606 eum
3636 591 3651 615 ,

2071 646 2295 717 projecit
2337 647 2549 716 triginta
2589 654 2901 716 argenteos,
2943 652 2999 699 et
3037 644 3112 700 ait
3144 661 3158 699 :
3200 643 3414 698 Peccavi
3453 642 3658 696 tradens

2068 738 2362 807 sanguinem
2400 738 2599 807 justum
2635 735 2858 805 (Matth.
2895 735 2988 789 27.
3027 735 3106 805 4).
3136 734 3275 804 Quid
3305 733 3405 787 hoc
3433 733 3507 788 rei
3539 733 3656 787 est?

2070 828 2201 883 Cum
2232 828 2484 883 miracula
2513 836 2810 898 patrantem
2835 826 3045 883 videres
3063 866 3078 892 ,
3106 840 3217 882 non
3251 826 3491 889 dicebas,
3520 823 3657 901 Pec-

2070 920 2181 973 cavi
2207 919 2412 974 tradens
2446 920 2745 990 sanguinem
2777 921 3013 992 justum;
3038 918 3132 975 sed
3151 959 3166 981 ,
3198 919 3336 987 Quid
3364 920 3510 974 vultis
3533 919 3660 972 mihi

2071 1011 2225 1079 dare,
2266 1019 2314 1065 et
2356 1027 2447 1083 ego
2491 1012 2626 1066 vobis
2663 1012 2862 1065 tradam
2903 1011 3057 1066 eum?
3098 1009 3198 1067 Ubi
3238 1021 3418 1067 autem
3458 1010 3656 1065 malum

2072 1102 2293 1157 ulterius
2321 1102 2599 1173 processit,
2628 1111 2684 1158 et
2710 1103 2941 1174 proditio
2968 1103 3130 1158 linem
3168 1102 3355 1158 sortita
3382 1110 3485 1166 est,
3518 1118 3648 1172 pec-

2072 1203 2356 1265 catumque
2380 1203 2803 1250 consummatum
2831 1204 2947 1261 est,
2975 1203 3102 1250 tunc
3128 1204 3401 1264 peccatum
3435 1193 3659 1264 agnovi-

2073 1287 2160 1342 sti.
2188 1286 2328 1354 Quid
2358 1287 2518 1358 igitur
2557 1287 2683 1343 hinc
2720 1287 3009 1343 discimus?
3048 1287 3310 1343 Nimirum
3349 1286 3561 1358 quando
3604 1287 3660 1341 in

2075 1380 2303 1450 segnitie
2339 1379 2583 1451 degimus
2607 1420 2623 1446 ,
2664 1379 2798 1435 nihil
2834 1394 2935 1434 nos
2975 1378 3395 1434 admonitionem
3433 1376 3659 1448 iuvare;

2074 1474 2287 1545 quando
2329 1482 2507 1530 autem
2549 1473 2788 1529 studiose
2823 1472 3030 1544 agimus
3052 1513 3069 1540 ,
3099 1472 3259 1528 etiam
3296 1486 3327 1525 a
3364 1470 3662 1526 nobismet-

2075 1566 2204 1636 ipsis
2246 1580 2343 1620 nos
2384 1566 2592 1636 erigere
2630 1578 2808 1634 posse.
2849 1562 3290 1633 Quandoquidem
3325 1569 3380 1617 et
3417 1560 3505 1616 hic
3536 1575 3660 1616 cum

2075 1657 2329 1726 magister
2363 1655 2713 1723 admoneret,
2744 1670 2849 1710 non
2887 1655 3121 1722 audivit;
3157 1670 3279 1709 cum
3315 1668 3445 1709 vero
3486 1652 3663 1708 nullus

2076 1758 2339 1815 moneret,
2369 1748 2485 1818 ejus
2513 1749 2729 1819 propria
2759 1746 3086 1803 conscientia
3120 1756 3387 1802 commota
3416 1751 3537 1810 est;
3568 1758 3665 1799 ne-

2076 1839 2326 1910 mineque
2353 1839 2575 1895 doctore
2605 1854 2723 1895 sese
2751 1839 3012 1907 mutavit,
3040 1838 3244 1894 facinus
3268 1851 3422 1892 suum
3445 1836 3665 1890 damna-

2078 1931 2170 1996 vit,
2204 1932 2416 2000 triginta
2441 1939 2725 2001 argenteos
2757 1929 3002 2001 projecit.
3030 1928 3169 1997 Quid
3195 1929 3342 1982 vultis
3369 1927 3495 1982 mihi
3518 1927 3663 1990 dare,

2075 2030 2122 2074 et
2148 2036 2238 2091 ego
2265 2020 2400 2074 vobis
2437 2021 2637 2075 tradam
2665 2020 2820 2074 eunt?
2848 2018 2917 2074 Et
2945 2020 3307 2073 constituerunt
3343 2018 3419 2085 ei,
3460 2018 3664 2087 inquit,

2078 2113 2282 2183 triginta
2323 2122 2603 2183 argenteos.
2655 2111 2891 2167 Pretium
2940 2118 3351 2165 numeraverunt
3392 2110 3667 2180 sanguinis

2078 2207 2303 2277 pretium
2331 2221 2437 2260 non
2466 2206 2732 2261 habentis.
2760 2204 2872 2260 Cur
2896 2206 3094 2274 accipis
3123 2204 3333 2274 triginta
3363 2212 3667 2273 argenteos.

2077 2311 2110 2350 ο
2135 2294 2336 2350 Judas?
2357 2295 2536 2351 Gratis
2566 2295 2714 2350 venit
2738 2293 2983 2349 Christus
3007 2295 3319 2363 sanguinem
3344 2308 3440 2363 pro
3467 2291 3668 2346 mundo

2078 2385 2360 2449 el'iusurus,
2387 2402 2485 2456 pro
2510 2400 2620 2455 quo
2650 2394 2707 2440 tu
2742 2384 3067 2456 impudentia
3096 2394 3248 2455 pacta
3273 2393 3328 2439 et
3351 2383 3660 2438 conventio-

2077 2496 2175 2537 nes
2197 2481 2403 2534 statuis.
2426 2479 2563 2547 Quid
2588 2479 2948 2548 impudentius
2975 2478 3075 2533 hac
3104 2476 3385 2545 pactione?

2147 2571 2203 2626 4.
2226 2569 2370 2625 Tunc
2391 2578 2705 2625 accesserunt
2726 2569 3059 2639 discipuli.—
3074 2567 3226 2622 Tunc
3248 2585 3263 2621 :
3282 2565 3665 2638 quandonam?

2077 2662 2208 2719 Cum
2238 2662 2355 2718 htec
2384 2662 2572 2718 fierent
2593 2704 2609 2729 ,
2639 2677 2762 2717 cum
2791 2660 3020 2731 proditio
3047 2666 3400 2723 statueretur,
3428 2672 3549 2712 cum
3576 2670 3666 2711 se-

2079 2759 2249 2828 ipsum
2291 2757 2455 2813 Judas
2500 2756 2761 2827 perdidit,
2801 2756 3127 2811 Accesserant
3167 2755 3236 2807 ad
3278 2770 3390 2808 eum
3429 2752 3667 2822 discipuli

2078 2852 2319 2918 dicentes,
2351 2850 2450 2907 Ubi
2475 2851 2550 2906 vis
2575 2866 2809 2921 paremus
2836 2850 2925 2903 tibi
2945 2848 3201 2903 comedere
3231 2846 3429 2901 Pascha
3454 2845 3666 2919 (Matth.

2077 2942 2167 2998 26.
2195 2943 2281 2998 l7.
2310 2952 2356 2996 et
2384 2940 2508 3013 li)?
2536 2941 2725 2997 Vidisti
2752 2939 3106 3010 discipulum?
3133 2938 3310 2993 vidisti
3336 2938 3628 3006 discipulos
3646 2938 3671 2990 ἲ

2080 3034 2171 3090 Ille
2198 3034 2376 3104 prodit
2403 3033 2707 3098 Dominum,
2737 3031 2789 3086 hi
2818 3031 2889 3087 de
2915 3029 3175 3087 Paschate
3199 3038 3389 3086 curant
3416 3048 3430 3084 :
3459 3029 3548 3083 ille
3576 3045 3672 3098 pa-

2078 3134 2161 3182 cta
2187 3126 2308 3193 init,
2338 3125 2392 3179 hi
2423 3125 2488 3179 ad
2518 3124 2874 3180 ministerium
2900 3131 3178 3193 apparant.
3206 3120 3396 3176 Iisdem
3424 3129 3476 3175 et
3502 3118 3592 3174 hic
3616 3127 3673 3173 et

2078 3216 2157 3273 illi
2200 3215 2476 3271 miraculis
2516 3214 2851 3277 claruerant,
2894 3213 3080 3268 eadem
3122 3212 3367 3267 doctrina
3409 3208 3668 3272 instituti,

2076 3307 2265 3364 eadem
2298 3315 2562 3377 potestate
2588 3306 2794 3376 praediti
2821 3324 2833 3358 :
2861 3305 3124 3359 undenam
3152 3303 3411 3358 mutatio?
3436 3301 3514 3355 Ex
3547 3316 3673 3369 pm-

2080 3400 2270 3471 posito.
2314 3399 2441 3454 Haec
2480 3398 2719 3454 omnium
2765 3397 2961 3467 ubique
3007 3411 3163 3451 causa
3214 3405 3269 3452 et
3311 3396 3571 3450 bonorum
3614 3404 3672 3448 et

2078 3494 2365 3549 malorum.
2408 3491 2505 3547 Ubi
2533 3492 2608 3546 vis
2634 3507 2870 3561 paremus
2895 3491 2984 3544 tibi
3012 3490 3270 3545 comedere
3294 3489 3538 3544 Pascha?
3566 3488 3676 3543 llo-

2078 3585 2266 3641 dierna
2308 3586 2424 3640 htec
2459 3598 2683 3655 vespera
2726 3593 2851 3638 tunc
2890 3591 3007 3638 erat
3037 3598 3049 3637 :
3080 3582 3203 3652 quia
3231 3580 3391 3651 igitur
3417 3579 3674 3634 Dominus

2078 3676 2296 3733 domum
2320 3692 2427 3732 non
2451 3676 2701 3741 habebat,
2729 3674 2851 3731 ideo
2874 3674 3057 3729 dicunt
3082 3672 3153 3728 illi
3180 3690 3194 3727 :
3220 3671 3319 3728 Ubi
3342 3673 3415 3726 vis
3438 3688 3675 3743 paremus

2078 3769 2166 3823 tibi
2194 3769 2452 3824 comedere
2482 3766 2730 3822 Pascha?
2756 3766 2874 3822 Non
2900 3766 3158 3822 habemus
3185 3763 3539 3820 diversorium
3571 3761 3670 3816 dc-

2078 3860 2306 3928 ﬁnitum,
2340 3876 2448 3916 non
2477 3859 2899 3923 tabernaculum,
2924 3874 3031 3915 non
3063 3859 3301 3914 domum.
3326 3858 3542 3912 Discant
3572 3856 3671 3923 illi,

2076 3952 2167 4023 qui
2193 3950 2498 4023 splendidas
2524 3959 2842 4007 construunt
2865 3952 3075 4013 domos,
3105 3951 3240 4005 latas
3270 3952 3526 4021 porticus,
3553 3950 3671 4002 lon-

2076 4059 2141 4116 ga
2190 4054 2373 4115 septa,
2418 4043 2686 4099 Christum
2733 4059 2838 4098 non
2887 4042 3137 4099 habuisse
3179 4041 3270 4097 ubi
3312 4050 3472 4113 caput
3514 4056 3668 4095 suum

2078 4136 2363 4193 reclinaret
2383 4135 2594 4207 (Matth.
2623 4135 2677 4191 8.
2698 4134 2814 4208 20).
2837 4135 3194 4203 Quamobrem
3219 4133 3550 4203 interrogant
3571 4132 3668 4197 illi,

2083 4231 2180 4286 Ubi
2203 4232 2277 4287 vis
2303 4247 2536 4302 paremus
2563 4230 2651 4285 tibi
2678 4229 2936 4284 comedere
2965 4228 3164 4283 Pascha
3184 4228 3211 4283 Ρ
3234 4227 3403 4297 Quale
3428 4225 3632 4282 Pascha
3648 4227 3675 4280 ?

2077 4322 2193 4378 Non
2225 4322 2327 4378 hoc
2354 4333 2594 4379 nostrum
2613 4364 2629 4390 ,
2655 4322 2749 4378 sed
2772 4322 2984 4378 interim
3023 4320 3323 4377 Iudaicum.
3355 4318 3490 4373 Illud
3528 4319 3674 4372 enim

2078 4416 2321 4487 discipuli
2352 4425 2702 4487 paraverunt,
2733 4415 2835 4470 hoc
2861 4430 2989 4471 vero
3015 4422 3255 4469 nostrum
3281 4413 3395 4482 ipse
3420 4412 3670 4481 paravit:

2079 4526 2251 4582 neque
2280 4511 2450 4565 solum
2483 4511 2597 4581 ipse
2621 4509 2855 4581 paravit,
2888 4508 2983 4563 sed
3009 4508 3169 4564 etiam
3199 4506 3314 4576 ipse
3353 4503 3560 4560 Pascha
3587 4502 3672 4557 ef-

2077 4601 2248 4656 fectus
2272 4610 2374 4657 est.
2403 4600 2500 4656 Ubi
2526 4602 2599 4655 vis
2625 4617 2855 4671 paremus
2881 4600 2967 4653 tibi
2994 4598 3250 4653 comedere
3274 4596 3515 4651 Pascha?
3535 4595 3669 4649 Illud

2076 4691 2354 4748 Iudaicum
2395 4692 2599 4748 Pascha
2641 4700 2790 4758 erat,
2819 4690 2946 4745 illud
2987 4691 3041 4746 in
3072 4688 3305 4759 Egypto
3332 4687 3541 4742 initium
3570 4687 3672 4739 ha-

2079 4783 2284 4839 buerat.
2327 4783 2439 4852 Qua
2485 4798 2613 4854 ergo
2652 4783 2720 4838 de
2763 4796 2922 4837 causa
2952 4782 3195 4837 Christus
3234 4779 3363 4835 illud
3398 4777 3675 4834 comedit?

2076 4876 2209 4945 Quia
2231 4876 2417 4947 legalia
2439 4875 2617 4932 omnia
2643 4874 2903 4945 implevit.
2932 4874 3139 4929 Etenim
3162 4887 3281 4927 cum
3303 4869 3675 4941 baptizabatur

2076 4968 2284 5023 dicebat
2315 4984 2327 5021 :
2358 4966 2448 5023 Sic
2474 4968 2607 5021 enim
2633 4966 2859 5020 convenit
2889 4964 3031 5019 nobis
3057 4964 3265 5034 implere
3291 4976 3487 5016 omnem
3506 4959 3675 5030 justi-

2079 5058 2200 5112 tiam
2228 5057 2435 5131 (Matth.
2468 5059 2521 5114 '5.
2552 5056 2663 5127 l5).
2695 5056 2829 5112 Veni
2866 5056 3135 5111 hominem
3163 5053 3429 5109 redimere
3454 5067 3519 5107 es
3549 5066 3673 5105 ma-

2077 5149 2269 5205 ledicto
2307 5149 2441 5221 legis
2477 5168 2490 5205 :
2520 5164 2643 5204 nam
2674 5147 2815 5203 Deus
2841 5146 3036 5201 Filium
3061 5162 3208 5201 suum
3233 5145 3370 5198 misit
3403 5153 3579 5197 natum
3605 5159 3673 5197 σε

2076 5242 2301 5307 muliere,
2335 5243 2525 5313 factum
2550 5240 2641 5295 sub
2666 5240 2792 5311 lege,
2820 5247 2873 5292 ut
2898 5255 2982 5292 eos
3007 5237 3094 5306 qui
3118 5236 3207 5290 sub
3233 5235 3339 5307 lege
3362 5243 3504 5289 erant
3532 5234 3676 5286 redi-

2076 5341 2228 5386 meret
2269 5331 2463 5403 (Galat.
2504 5332 2559 5387 4.
2598 5332 2651 5386 4.
2683 5331 2761 5402 5),
2793 5339 2845 5386 et
2876 5330 3042 5399 legem
3069 5328 3373 5398 abrogaret.
3403 5325 3482 5380 Ne
3509 5326 3675 5395 igitur

2076 5424 2194 5494 quis
2214 5423 2435 5489 diceret,
2457 5422 2579 5478 Ideo
2601 5420 2898 5493 abrogavit,
2920 5420 3038 5489 quia
3065 5419 3285 5489 implere
3305 5431 3408 5472 non
3436 5425 3671 5485 poterat,

2075 5525 2260 5587 utpote
2304 5530 2563 5587 gravem,
2605 5528 2887 5570 onerosam
2932 5527 2995 5567 ac
3032 5510 3345 5574 difﬁcilem;
3386 5517 3671 5579 postquam

2077 5622 2139 5664 ea
2165 5649 2180 5673 ,
2212 5623 2329 5677 quae
2368 5607 2435 5662 ad
2480 5607 2648 5677 ipsam
2691 5604 3040 5676 spectabant,
3078 5604 3257 5658 omnia
3299 5600 3675 5671 implevisset,

2080 5712 2204 5757 tunc
2230 5702 2387 5756 solvit
2416 5701 2577 5755 illam.
2612 5699 2737 5755 Ideo
2765 5699 2964 5754 Pascha
2994 5696 3135 5762 fecit,
3167 5695 3300 5766 legis
3334 5695 3475 5748 enim
3498 5692 3672 5762 jussio

2080 5795 2277 5850 I’ascna
2301 5804 2433 5850 erat.
2461 5794 2569 5850 Cur
2600 5793 2679 5850 les
2714 5791 2912 5849 Pascha
2937 5787 3218 5847 comedere
3245 5785 3435 5858 jussit?
3464 5781 3668 5853 Ingrati
