4066 6392
350 404 458 465 δτι

359 527 570 595 ἔχοντες
627 519 720 576 καὶ
748 517 1042 595 λαμπάδας
1071 526 1165 580 καὶ
1191 523 1326 595 φῶς,
1346 523 1493 592 λέγει
1520 524 1705 585 αὐτοῖς
1724 536 1739 552 ·
1785 524 1926 578 Τίνα

360 607 613 676 ζητεῖτε;
644 605 736 657 καὶ
776 607 1003 676 ἠγνόουν
1026 609 1084 661 6v
1111 607 1341 679 ἤμελλον
1385 606 1795 678 συλλαμϐάνειν.
1827 605 1928 661 Το-

355 690 545 745 σοῦτον
591 690 782 760 ἀπεῖχε
835 692 931 744 τοῦ
970 685 1260 762 δυνηθῆναι
1304 690 1637 762 παραδοῦναι
1693 690 1853 743 αὐτὸν
1901 692 1931 744 6

366 774 587 839 Ἰούδας,
644 775 726 828 δτι
772 776 894 829 οὐδὲ
932 776 1079 845 ἐώρα
1125 774 1386 847 παρόντα,
1421 775 1479 827 ὃν
1513 774 1713 845 ήμελλε
1755 790 1933 845 παρα-

356 857 565 922 δώσειν,
608 860 699 911 καὶ
750 859 921 913 ταῦτα
968 860 1265 930 λαμπάδιον
1300 858 1474 912 οὐσῶν
1520 858 1616 911 καὶ
1644 857 1821 928 φωτὸς
1844 875 1931 912 το-

360 940 571 994 σούτου.
588 942 708 995 Ὅτι
732 941 839 1012 769
862 942 1019 996 τοῦτο
1046 942 1265 1014 ᾐνίξατο
1292 944 1320 995 6
1343 941 1751 1012 εὐαγγελιστὴς,
1774 940 1929 1012 φησί·

360 1023 672 1094 Λαμπάδας
697 1021 838 1094 εἶχον
870 1024 963 1077 καὶ
986 1025 1120 1093 φῶς,
1142 1025 1235 1077 καὶ
1262 1024 1360 1093 οὐχ
1388 1023 1574 1094 ἐώρων
1607 1023 1789 1077 αὐτόν.

280 1111 289 1155 ι
428 1108 540 1160 Καὶ
565 1107 686 1160 καθ’
716 1108 952 1175 ἑκάστην
975 1107 1031 1160 δὲ
1060 1107 1221 1160 αὐτὸν
1256 1106 1675 1176 ὑπεμίμνησκεν
1698 1104 1932 1176 ἡμέραν,

357 1189 455 1242 καὶ
475 1190 541 1243 δι’
567 1190 760 1260 ἔργων,
815 1191 907 1243 καὶ
944 1190 1031 1243 διά
1083 1190 1361 1260 ῥημάτων,
1389 1190 1601 1253 δεικνὺς
1636 1190 1717 1242 ὅτι
1753 1189 1814 1241 ού
1842 1189 1936 1258 λή-

360 1291 514 1327 σεται
552 1274 851 1345 προδιδούς.
911 1274 1019 1326 Καὶ
1058 1273 1181 1326 οὔτε
1230 1272 1480 1343 φανερῶς
1512 1273 1673 1327 αὑτὸν
1707 1272 1935 1342 ήλεγχεν

361 1363 453 1414 ἐπὶ
485 1361 720 1425 πάντων,
745 1360 885 1414 ὥστε
940 1363 1014 1431 μὴ
1056 1360 1536 1430 ἀναισχυντότερον
1570 1359 1732 1413 αὑτὸν
1770 1359 1937 1429 ἐργά-

363 1443 558 1497 σασθαι
580 1462 591 1472 ·
614 1442 736 1496 οὕτε
772 1442 1116 1514 παρεσιώπα,
1151 1443 1239 1496 ἵνα
1271 1441 1346 1513 μὴ
1371 1441 1606 1512 νομίζων
1633 1441 1934 1509 λανθάνειν,

360 1526 530 1589 ἀδεῶς
560 1527 810 1596 ἐπιχειρῇ
843 1525 943 1594 τὴν
966 1524 1275 1595 προδοσίαν,
1307 1524 1441 1578 άλλά
1468 1524 1705 1595 συνεχῶς
1728 1523 1934 1591 ἔλεγεν,

362 1606 469 1675 Εἷς
499 1610 565 1674 ἐξ
597 1609 762 1678 ὑμῶν
794 1609 1135 1676 παραδώσει
1185 1626 1292 1678 με·
1352 1609 1413 1661 οὐ
1468 1609 1649 1679 μέντοι
1707 1606 1938 1678 φανερὸν

362 1694 522 1746 αὐτὸν
556 1691 807 1763 καθίστη.
848 1691 1080 1754 Πολλοὺς
1118 1692 1174 1744 δέ
1220 1691 1315 1745 καὶ
1348 1691 1477 1761 περὶ
1507 1692 1729 1761 γεέννης
1757 1688 1940 1759 διῆλθε

360 1776 571 1845 λόγους,
602 1775 827 1839 πολλοὺς
854 1777 945 1829 καὶ
973 1776 1099 1847 περ)⁸
1133 1774 1428 1845 βασιλείας,
1461 1777 1553 1828 καὶ
1575 1774 1673 1845 τὴν
1700 1774 1784 1842 ἐφ’
1813 1773 1942 1827 ἐκά-

362 1879 493 1932 τερα
524 1860 751 1932 δύναμιν
804 1859 1134 1925 ἐπεδείξατο,
1186 1858 1286 1929 τὴν
1331 1860 1389 1911 ἐν
1420 1858 1495 1929 τῷ
1536 1858 1783 1923 κολάζειν
1815 1860 1942 1921 τοὺς

361 1945 793 2014 ἁμαρτάνοντας,
848 1942 941 1995 καὶ
986 1942 1084 2013 τὴν
1136 1943 1192 1993 ἐν
1235 1941 1313 2012 τῷ
1360 1942 1525 2011 τιμᾷν
1570 1943 1696 2004 τοὺς
1744 1958 1941 2010 κατορ-

364 2025 609 2090 θοῦντας.
652 2024 807 2078 Ἀλλά
847 2025 1019 2078 ταῦτα
1060 2026 1238 2078 πάντα
1276 2026 1481 2086 ἐκεῖνος
1511 2023 1940 2095 παρεκρούσατο,

364 2109 393 2160 ὁ
442 2108 500 2160 δὲ
544 2108 674 2170 Θεὸς
711 2108 797 2178 βίᾳ
847 2111 945 2177 οὐχ
991 2107 1261 2161 εἵλκυσεν.
1307 2105 1525 2176 Ἐπειδὴ
1573 2106 1681 2176 γὰρ
1724 2106 1943 2175 κυρίους

362 2191 512 2259 ἡμᾶς
542 2191 763 2260 ἐποίησε
786 2192 879 2243 καί
904 2192 1000 2259 τῆς
1030 2190 1138 2242 τῶν
1155 2189 1373 2258 φαύλων
1424 2190 1520 2241 καὶ
1546 2189 1642 2255 τῆς
1666 2188 1774 2240 τῶν
1804 2189 1943 2256 ἀγα-

368 2272 477 2325 θῶν
526 2273 775 2343 πράξεων
810 2275 1094 2343 αἱρέσεως,
1142 2274 1235 2325 καὶ
1263 2272 1488 2334 ἑκόντας
1535 2266 1668 2324 εἶναι
1700 2271 1945 2341 βούλεται

363 2356 596 2419 καλούς·
630 2356 716 2409 διά
767 2357 946 2421 τοῦτο,
981 2356 1047 2410 ἂν
1093 2356 1169 2427 μὴ
1225 2355 1566 2425 βουλοίμεθα,
1612 2356 1672 2407 ού
1702 2354 1946 2424 βιάζεται

364 2442 476 2493 οὐδ’
508 2440 807 2509 ἀναγκάζει
825 2455 839 2468 ·
870 2440 930 2494 τὸ
951 2439 1060 2510 γὰρ
1088 2439 1376 2510 βιασθέντα
1400 2434 1537 2492 εἶναι
1560 2440 1815 2509 χρηστὸν,
1847 2438 1948 2491 οὐκ

366 2524 511 2577 ἐστιν
541 2519 680 2578 εἷναι
714 2523 970 2595 χρηστόν.
1019 2523 1171 2576 Ἐπεὶ⁴
1199 2518 1291 2577 οῦν
1312 2524 1566 2585 κάκεῖνος
1598 2521 1826 2592 γνώμης
1848 2521 1948 2574 κύ-

370 2625 483 2680 ριος
520 2602 608 2678 ἦν,
648 2607 745 2660 καὶ
777 2609 834 2662 ἐν
867 2607 1083 2679 ἐξουσίᾳ
1108 2606 1203 2659 τοῦ
1242 2607 1318 2679 μὴ
1358 2605 1665 2675 πεισθῆναι,
1691 2606 1784 2659 καὶ
1813 2606 1948 2675 πρὸς

366 2691 730 2763 φιλαργυρίαν
780 2690 857 2762 μὴ
910 2691 1228 2756 ἀποκλῖναι,
1268 2688 1357 2743 διὰ
1390 2688 1549 2743 τοῦτο
1585 2688 1949 2758 ἀπετυφλώθη

365 2776 466 2845 τὴν
489 2774 746 2838 διάνοιαν,
780 2775 874 2827 καὶ
902 2774 1001 2845 τὴν
1020 2773 1294 2844 σωτηρίαν
1310 2772 1406 2844 τὴν
1423 2771 1615 2824 ἐαυτοῦ
1642 2771 1918 2843 προέδωκε
1932 2787 1945 2798 ·

369 2858 462 2912 καί
487 2874 648 2929 φησι,
683 2858 744 2911 Τί
765 2855 969 2910 θέλετέ
1011 2873 1115 2927 μοι
1144 2854 1373 2919 δοῦναι,
1411 2853 1571 2922 κάγὼ
1593 2854 1734 2923 ὑμῖν
1766 2870 1952 2922 παρα-

367 2940 538 2994 δώσω
569 2941 789 3004 αὑτόν;
838 2938 1103 3009 Ἐλέγχων
1132 2937 1310 2992 τοίνυν
1355 2936 1449 2990 τοῦ
1482 2936 1598 2999 νοὸς
1648 2936 1817 2990 αὐτοῦ
1850 2938 1950 3008 τὴν

366 3024 640 3092 τύφλωσιν
672 3022 766 3077 καί¹
814 3022 911 3094 τὴν
960 3022 1219 3076 ἀπόνοιαν
1256 3022 1285 3074 6
1320 3020 1726 3089 εὐαγγελιστὴς,
1764 3019 1947 3091 φησίν·

382 3110 470 3162 Ἐν
497 3107 577 3176 τῷ
604 3105 781 3178 καιρῷ
798 3106 899 3176 τῆς
924 3106 1112 3176 ἐφόδου
1132 3107 1160 3158 6
1192 3103 1390 3167 Ἰούδας
1410 3105 1650 3174 εἱστήκει
1667 3104 1833 3173 ἐγγὺς
1856 3104 1953 3156 αὑ-

367 3191 497 3256 τῶν,
521 3192 728 3253 ἐκεῖνος
757 3190 786 3242 6
833 3188 1030 3243 εἰπών·
1064 3188 1126 3242 Τί
1162 3187 1365 3242 θέλετέ
1400 3204 1502 3255 μοι
1534 3186 1765 3249 δοῦναι,
1791 3185 1953 3256 κάγὼ

370 3274 512 3342 ὑμῖν
542 3273 877 3342 παραδώσω
905 3273 1091 3326 αὐτόν
1113 3272 1266 3337 ;Οὐκ
1304 3270 1553 3324 ἐντεῦθεν
1581 3270 1639 3323 δὲ
1659 3270 1817 3340 μόνον
1838 3270 1953 3322 ἐστι

371 3355 665 3409 θεάσασθαι
683 3354 782 3426 τὴν
814 3354 1041 3425 δύναμιν
1066 3353 1160 3407 τοῦ
1183 3352 1445 3425 Χριστοῦ,
1469 3353 1583 3406 ἀλλ’
1608 3353 1691 3405 ὅτι
1719 3351 1813 3405 καὶ
1841 3369 1954 3420 φω⁴

371 3441 465 3510 νὴν
499 3438 728 3507 ἀφέντος
761 3436 910 3508 1581]
942 3437 1125 3506 ψιλὴν,
1144 3436 1389 3507 ἀπῆλθον
1418 3436 1511 3489 καὶ
1534 3435 1728 3487 ἔπεσον
1758 3436 1950 3505 χαμαί.

397 3520 614 3591 Ἐπειδὴ
649 3520 706 3573 δὲ
744 3520 863 3573 οὐδὲ
894 3519 1067 3582 οὕτως
1101 3520 1395 3589 ἀφίσταντο
1422 3518 1518 3589 τῆς
1555 3518 1952 3588 ἀναισχυντίας,

369 3606 555 3659 λοιπὸν
584 3604 771 3656 ἑαυτὸν
800 3603 1152 3672 παραδίδωσι,
1187 3603 1467 3675 μονονουχὶ
1492 3602 1691 3670 λέγων·
1723 3601 1864 3669 Ἐγὼ
1896 3604 1956 3657 τὸ

372 3687 609 3759 ἐμαυτοῦ
649 3687 767 3739 ὅλον
804 3687 1056 3757 ἐποίησα,
1104 3686 1204 3756 τὴν
1244 3686 1473 3757 δύναμιν
1520 3683 1826 3753 ἐξεκάλυψα
1858 3686 1958 3756 τὴν

372 3769 631 3841 ἐμαυτοῦ,
654 3768 830 3835 ἔδειξα
858 3770 940 3823 ὅτι
966 3769 1246 3831 ἀδυνάτοις
1267 3770 1591 3839 ἐπιχειρεῖτε
1618 3769 1954 3841 πράγμασιν.

386 3852 721 3925 Ἥϐουλήθην
754 3851 1103 3905 καταστεῖλαι
1142 3851 1295 3922 ὑμῶν
1323 3850 1420 3921 τὴν
1455 3850 1740 3920 πονηρίαν·
1770 3851 1957 3920 ἐπειδὴ

372 3935 431 3990 δὲ
461 3937 619 4006 ὑμεῖς
651 3936 751 3988 οὐκ
777 3934 1136 4006 ὴϐουλήθητε,
1163 3933 1276 3987 ἀλλ’
1305 3932 1591 4002 ἐπιμένετε
1621 3933 1959 4003 παραπαίον-

373 4035 485 4083 τες,
512 4020 618 4072 ίδοὺ
648 4017 993 4089 παραδίδωμι
1014 4017 1273 4088 ἐμαυτόν.
1313 4015 1499 4070 Ταῦτα
1526 4015 1583 4068 δέ
1617 4033 1704 4086 μοι
1725 4015 1956 4088 εἴρηται,

377 4102 463 4156 ἶνα
487 4102 561 4173 μὴ
584 4100 931 4173 κατηγορῶσί
958 4116 1103 4161 τινες
1144 4097 1236 4152 τοῦ
1276 4097 1533 4169 Χριστοῦ,
1568 4097 1835 4166 λέγοντες·
1862 4100 1962 4153 Διά

373 4184 428 4238 τί
456 4185 516 4237 οὐ
547 4182 811 4254 μετέϐαλε
862 4183 954 4237 τὸν
980 4180 1178 4236 Ἰούδαν
1204 4198 1218 4246 ;
1263 4181 1350 4235 διά
1382 4181 1435 4234 τί
1463 4182 1563 4234 οὐκ
1584 4180 1839 4251 ἐποίησεν
1862 4182 1961 4235 αὺ-

372 4268 465 4321 τὸν
495 4265 746 4337 σώφρονα
778 4267 875 4320 καὶ
903 4266 1159 4336 ἐπιεικῆ;
1196 4265 1321 4329 Πῶς
1353 4264 1460 4319 ἔδει
1486 4265 1703 4334 ἐπιεικῆ
1738 4264 1962 4335 ποιῆσαι

374 4349 565 4416 αύτόν;
591 4351 828 4420 ἀνάγκη,
845 4350 880 4419 ἢ
906 4348 1099 4420 γνώμῃ
1125 4367 1139 4416 ;
1172 4350 1234 4403 Εί
1269 4349 1367 4419 μὲν
1402 4350 1639 4419 ἀνάγκη,
1661 4348 1770 4403 οὐδ’
1790 4348 1964 4413 οὕτως

376 4433 603 4503 ἔμελλεν
641 4433 862 4486 ἔσεσθαι
894 4431 1118 4503 βελτίων
1138 4448 1151 4461 ·
1179 4432 1353 4495 οὐδεὶς
1395 4432 1502 4503 γὰρ
1533 4432 1746 4504 ἀνάγκη
1764 4432 1962 4501 γένοιτ’

377 4516 443 4570 ἂν
467 4516 700 4587 ἀγαθός·
742 4518 792 4569 εί
824 4517 881 4570 δὲ
933 4515 1131 4590 γνώμῃ
1180 4516 1275 4569 καὶ
1319 4516 1658 4587 προαιρέσει,
1690 4515 1870 4571 πάντα
1894 4516 1965 4570 τά

375 4601 643 4671 δυνάμενα
688 4598 979 4670 διορθῶσαι
1042 4599 1363 4671 προαίρεσιν
1416 4601 1511 4651 καὶ
1574 4596 1798 4670 γνώμην
1853 4601 1964 4653 εἰσ-

374 4685 624 4756 ήνεγκεν.
664 4682 728 4735 Εί
757 4682 813 4735 δὲ
867 4684 940 4754 μὴ
980 4682 1245 4753 ἐϐουλήθη
1277 4681 1529 4747 δέξασθαι
1557 4681 1617 4733 τὸ
1644 4682 1959 4751 φάρμακον,

375 4769 435 4821 οὐ
464 4768 555 4821 τοῦ
586 4766 771 4838 ἰατροῦ
816 4765 878 4819 τὸ
928 4765 1200 4836 ἔγκλημα,
1252 4764 1387 4818 ἀλλά
1415 4764 1507 4817 τοῦ
1542 4764 1639 4834 τὴν
1670 4765 1963 4834 θεραπείαν

376 4849 862 4922 διακρουσαμένου.
893 4849 1037 4917 Ὅρα
1066 4845 1158 4901 οὖν
1183 4849 1283 4902 ὅσα
1327 4848 1602 4918 ἐποίησεν,
1634 4845 1773 4899 ὥστε
1801 4847 1962 4901 αὐτὸν

378 4932 790 5004 ἀνακτήσασθαι
815 4932 910 4984 καὶ
930 4932 1216 4985 διασῶσαι.
1267 4930 1575 4984 Ἐδίδασκεν
1598 4930 1759 4983 αὐτὸν
1786 4931 1965 4983 πᾶσαν

378 5015 694 5085 φιλοσοφίαν
730 5014 818 5068 διά
867 5016 1232 5087 πραγμάτων,
1259 5013 1345 5066 διά
1382 5014 1662 5084 ῥημάτων,
1692 5013 1965 5085 ἀνώτερον

377 5101 539 5153 αὐτὸν
585 5098 695 5152 τῶν
731 5098 999 5169 δαιμόνων
1047 5097 1297 5169 ἐποίησε,
1340 5097 1595 5168 θαύματα
1638 5096 1964 5168 ἐργάζεσθαι

379 5184 552 5238 πολλά
572 5182 1009 5253 παρεσκεύασεν,
1035 5182 1269 5251 ἐφόϐησε
1285 5182 1351 5251 τῇ
1378 5180 1476 5250 τῆς
1497 5179 1718 5251 γεέννης
1740 5180 1961 5253 ἀπειλῇ,

378 5265 753 5338 προετρέψατο
784 5269 849 5336 τῇ
901 5266 999 5336 τῆς
1052 5263 1327 5334 βασιλείας
1372 5261 1708 5333 ἐπαγγελίᾳ·
1770 5262 1964 5333 ήλεγξε

376 5349 640 5419 διηνεκῶς
686 5350 756 5402 τά
788 5349 1077 5420 ἀπόρρητα
1131 5345 1296 5401 αὑτοῦ
1332 5345 1695 5415 βουλεύματα,
1727 5345 1963 5417 ἐλέγχων

373 5433 433 5486 δέ
456 5433 557 5485 οὐκ
580 5432 897 5503 ἐδημοσίευε
920 5448 935 5462 ·
954 5433 1084 5494 τοὺς
1112 5431 1277 5494 πόδας
1299 5428 1465 5483 αὑτοῦ
1487 5427 1626 5499 μετά
1656 5427 1764 5481 τῶν
1790 5429 1964 5484 ἄλλων

376 5516 579 5585 ἔνιψεν,
610 5515 754 5570 ἀλῶν
784 5515 933 5587 αὐτῷ
949 5516 1043 5568 καὶ
1057 5513 1339 5585 τραπέζης
1367 5510 1722 5581 ἐκοινώνησεν
1741 5527 1754 5541 ·
1785 5511 1958 5579 οὐδὲν,

376 5600 439 5654 οὐ
478 5599 740 5672 μικρὸν,ἢ
773 5601 916 5672 μέγα
940 5599 1214 5653 ἐνέλιπεν·
1246 5599 1275 5650 6
1299 5597 1355 5650 δὲ
1377 5596 1517 5650 ἐκὼν
1541 5595 1753 5666 ἔμεινεν
1780 5597 1962 5667 ἀδιόρ-

380 5686 570 5747 θωτος.
608 5687 719 5739 Καὶ
744 5686 830 5738 ἴνα
864 5684 1061 5757 μάθῃς,
1086 5683 1167 5735 ὅτι
1197 5680 1422 5744 δυνατὸς
1455 5678 1529 5733 ὢν
1562 5680 1962 5752 μεταϐαλέσθαι

376 5770 478 5822 οὐκ
505 5766 787 5837 ήθέ)ησεν,
823 5768 959 5822 ἀλλά
989 5769 1090 5836 τῆς
1115 5764 1282 5818 αὑτοῦ
1319 5764 1589 5835 ῥᾳθυμίας
1605 5764 1667 5817 τὸ
1699 5765 1805 5817 πᾶν
1838 5763 1965 5830 ἐγέ-

378 5867 519 5915 νετο,
547 5851 793 5906 ἄκουσον.
836 5850 1053 5922 Ἐπειδὴ
1070 5849 1178 5923 γὰρ
1201 5849 1518 5921 παρέδωκεν
1538 5848 1718 5915 αὐτὸν,
1760 5845 1952 5919 ἔρριψε

1381 406 1470 462 DE
1505 397 1923 464 PRODITIONE
1957 407 2155 465 ,ιυῡιε
2216 406 2449 467 HOMIL.
2488 408 2531 464 Ι.

3491 409 3601 467 578

2028 526 2096 578 τά
2121 525 2410 595 τριάκοντα
2435 523 2693 597 ἀργύρια.
2726 524 2818 579 καί
2859 537 3044 597 φησιν·
3087 525 3380 594 Ἥμαρτον
3419 542 3606 595 nam.

2027 606 2174 673 δοὺς
2201 602 2345 676 αἷμα
2376 608 2630 663 δίκαιον.
2677 609 2744 662 Τί
2788 608 3045 677 γέγονεν;
3086 609 3213 663 Ὅτε
3264 608 3608 681 θαυματουρ-

2029 691 2228 758 γοῦντα
2264 687 2420 755 εἶδες,
2449 691 2550 744 οὐκ
2590 691 3097 762 ἕλεγες,Ἦμαρτον
3133 693 3435 763 παραδοὺς
3464 689 3608 763 αἷμα

2029 774 2254 830 ἀθῶον·
2305 775 2460 837 ἀλλά,
2513 776 2576 829 Τί
2617 775 2820 832 θέλετέ
2855 795 2955 845 μοι
3005 777 3234 843 δοῦναι,
3279 780 3439 847 κάγὼ
3467 778 3610 848 ὑμῖν

2031 856 2363 926 παραδώσω
2378 859 2600 919 αὑτόν-ς
2630 859 2843 930 Ἐπειδὴ
2868 859 3001 912 δὲτὸ
3028 860 3195 913 κακὸν
3228 861 3605 932 προεχώρησε,

2030 941 2126 993 καὶ
2158 942 2191 1009 ή
2220 941 2478 1012 προδοσία
2500 942 2650 1005 τέλος
2672 941 2819 1011 ἔσχε,
2849 942 2944 995 καὶ
2963 944 2993 1012 ἡ
3012 942 3256 1013 ἁμαρτία
3277 945 3606 1014 ἀπήρτιστο,

2031 1025 2153 1078 τότε
2186 1025 2427 1093 ἐπέγνως
2460 1025 2560 1096 τὴν
2608 1026 2901 1097 ἁμαρτίαν.
2942 1026 3006 1078 Τί
3045 1022 3137 1080 οὖν
3187 1026 3436 1080 ἐντεῦθεν
3464 1038 3609 1097 μαν⁴

2034 1108 2299 1178 θάνομεν;
2336 1109 2458 1161 Ὅτι
2499 1110 2626 1161 ὅταν
2676 1109 2776 1178 μὲν
2812 1108 3161 1180 ρᾳθυμῶμεν,
3194 1110 3315 1163 οὐδὲ
3344 1110 3609 1182 παραίνε-

2036 1208 2119 1255 σις
2146 1192 2293 1261 ἡμᾶς
2345 1190 2578 1260 ώφελεῖ·
2630 1191 2757 1245 ὅταν
2784 1190 2841 1244 δὲ
2888 1190 3296 1261 σπουδάζωμεν,
3323 1194 3417 1245 καὶ
3456 1194 3614 1247 αὐτοὶ

2035 1275 2127 1344 ἀφ’
2157 1273 2364 1327 ἐαυτῶν
2391 1275 2739 1344 διαναστῆναι
2781 1275 3073 1345 δυνάμεθα.
3112 1276 3221 1328 Καὶ
3258 1275 3366 1347 γάρ
3406 1278 3502 1329 καὶ
3522 1272 3615 1331 οῦ-

2035 1376 2147 1421 τος,
2175 1358 2265 1411 ὅτε
2288 1357 2519 1429 παρῄνει
2555 1359 2653 1429 μὲν
2681 1362 2710 1412 6
2734 1358 3070 1423 διδάσκαλος,
3116 1360 3217 1412 οὐκ
3264 1361 3487 1430 ήκουεν·
3521 1362 3614 1415 ὅτε

2036 1440 2094 1493 δὲ
2119 1440 2291 1503 οὐδεὶς
2316 1436 2387 1511 ἦν
2417 1442 2445 1492 6
2492 1441 2796 1511 παραινῶν,
2835 1441 2896 1494 τὸ
2929 1443 3124 1495 οίκεῖον
3162 1442 3397 1506 συνειδὸς
3442 1445 3613 1497 ἐπανκ

2038 1522 2191 1593 έστη,
2233 1523 2326 1575 καὶ
2359 1522 2583 1593 μηδενὸς
2617 1524 2768 1587 ὄντος
2794 1523 3110 1578 διδασκάλου
3144 1525 3485 1595 μετεϐάλετο,
3522 1526 3615 1580 καὶ

2040 1606 2286 1673 κατέγνω
2299 1605 2409 1658 τῶν
2436 1606 2871 1676 τετολμημένων,
2896 1607 2991 1660 καὶ
3022 1607 3211 1679 ἔρριψε
3235 1607 3304 1660 τὰ
3325 1608 3615 1678 τριάκοντα

2040 1689 2296 1761 ἀργύρια.
2341 1690 2402 1743 Τί
2427 1690 2630 1745 θέλετέ
2660 1707 2763 1759 μοι
2804 1689 3033 1753 δοῦναι,
3065 1690 3226 1760 κάγὼ
3258 1691 3400 1760 ὑμῖν
3430 1709 3618 1759 napa-

2040 1773 2212 1827 δώσω
2246 1776 2464 1839 αὑτόν;
2495 1776 2604 1829 Καὶ
2659 1774 2953 1842 ἔστησαν,
3011 1777 3195 1844 φησὶν,
3249 1773 3408 1840 αὺτῷ
3460 1775 3617 1843 τριά-

2042 1873 2226 1926 κοντα
2276 1857 2545 1926 ἀργύρια.
2603 1857 2779 1927 Τιμὴν
2828 1857 3127 1910 κατέϐαλον
3179 1857 3406 1926 αἵματος
3452 1858 3618 1928 τιμὴν

2042 1940 2141 1992 οὐκ
2175 1940 2404 2009 ἔχοντος.
2453 1939 2517 1993 Τί
2571 1940 2868 2009 λαμϐάνεις
2919 1940 3211 2011 τριάκοντα
3262 1940 3519 2012 ἀργύρια,
3572 1941 3619 1993 ὦ

2056 2023 2255 2088 Ἰούδα;
2313 2025 2530 2095 Δωρεάν
2580 2019 2744 2093 ἦλθεν
2779 2025 2807 2075 6
2844 2023 3079 2094 Χριστὸς
3125 2024 3307 2092 ἐκχέαι
3359 2024 3427 2077 τὸ
3478 2019 3620 2095 αἷμα

2042 2105 2199 2157 τοῦτο
2226 2107 2365 2177 ὑπὲρ
2414 2105 2514 2175 τῆς
2566 2106 2907 2175 οἰκουμένης,
2970 2106 3110 2176 ὑπὲρ
3156 2100 3217 2159 οῦ
3250 2106 3513 2176 σύμφωνα
3553 2109 3618 2161 σὺ

2045 2192 2217 2252 ποιεῖς
2230 2191 2321 2242 καὶ
2345 2191 2763 2260 συναλλάγματα
2786 2190 2997 2260 ἀναιδῆ.
3026 2190 3091 2242 Τί
3114 2191 3222 2263 γάρ
3244 2191 3621 2261 ἀναιδέστερον

2045 2272 2137 2324 τοῦ
2164 2272 2608 2343 συναλλάγματος
2639 2272 2826 2326 τούτου
2847 2289 2862 2338 ;

2115 2437 2177 2490 δ’.
2218 2437 2358 2491 Τότε
2383 2437 2739 2506 προσῆλθον
2756 2440 2809 2492 οἱ
2827 2438 3084 2507 μαθηταί
3090 2479 3102 2492 .
3133 2438 3287 2492 Τότε·
3310 2439 3438 2492 πότε
3457 2457 3470 2506 ;
3492 2440 3621 2494 Ὅτε

2046 2521 2216 2594 ταῦτα
2264 2522 2500 2589 ἐγένετο,
2558 2522 2647 2573 ὅτε
2685 2523 2717 2589 ἡ
2751 2521 3009 2591 προδοσία
3066 2522 3486 2594 προεχώρησεν,
3530 2524 3621 2577 ὅτε

2049 2588 2241 2658 ἐαῦτὸν
2272 2588 2551 2657 ἀπώλεσεν
2573 2607 2601 2657 6
2624 2588 2846 2667 Ἰούδας,
2872 2588 3236 2672 Προσῆλθον
3253 2588 3413 2671 αύτῷ
3452 2609 3625 2676 οἶμα-

2049 2688 2219 2756 θηταὶ
2230 2687 2663 2757 λέγοντεςᾞοῦ
2679 2688 2873 2754 θέλεις
2888 2688 3290 2763 ἑτοιμάσωμέν
3304 2704 3398 2743 σοι
3415 2691 3627 2759 φαγεῖν

2049 2772 2113 2824 τὸ
2145 2770 2397 2839 Πάσχα;
2432 2767 2583 2833 Εἶδες
2613 2768 3049 2841 μαθητήν;είδες
3069 2772 3349 2842 μαθητάς;
3390 2774 3627 2837 Ἐκεῖνος

2053 2852 2206 2925 [382]
2238 2854 2525 2925 προδίδωσι
2553 2854 2643 2907 τὸν
2676 2854 2974 2924 Δεσπότην,
3014 2849 3157 2907 οῦτοι
3196 2855 3324 2925 περὶ
3352 2854 3410 2907 τὸ
3434 2855 3627 2925 Πάσχα

2058 2936 2407 3008 μεριμνῶσιν·
2423 2938 2627 2998 ἐκεῖνος
2641 2935 2905 3004 σύμφωνα
2919 2938 3077 2998 ποιεῖ,
3100 2930 3244 2989 οῦτοι
3262 2937 3396 3007 πρὸς
3423 2939 3629 3009 ὑπηρε-

2056 3020 2175 3073 σίαν
2232 3019 2655 3093 παρεσκεύαζον.
2704 3018 2822 3072 Τῶν
2838 3018 3017 3071 αὐτῶν
3039 3018 3349 3072 ἀπέλαυσαν
3380 3023 3629 3083 κάκεῖνος

2052 3104 2145 3158 καὶ
2180 3098 2323 3157 οῦτοι
2375 3104 2684 3173 θαυμάτων,
2736 3102 2845 3155 τῶν
2910 3102 3086 3156 αὐτῶν
3136 3102 3498 3174 διδαγμάτων,
3530 3106 3629 3175 τῆς

2054 3188 2223 3257 αὐτῆς
2267 3186 2512 3251 ἐξουσίας
2535 3203 2548 3217 ·
2603 3185 2765 3239 πόθεν
2819 3182 2913 3238 οὖν
2948 3187 2979 3254 ή
3013 3185 3314 3256 μεταϐολή;
3367 3187 3496 3239 Ἀπὸ
3528 3188 3629 3257 τῆς

2056 3270 2428 3341 προαιρέσεως
2447 3286 2458 3295 ·
2501 3267 2639 3337 αῦτη
2674 3267 2890 3321 πάντων
2921 3269 3070 3321 αίτία
3104 3268 3379 3338 πανταχοῦ
3406 3270 3629 3323 καὶτῶν

2055 3353 2273 3421 ἀγαθῶν
2307 3353 2399 3405 καὶ
2440 3352 2550 3407 τῶν
2592 3352 2794 3405 κακῶν.
2838 3352 2964 3405 Ποῦ
3001 3352 3197 3417 θέλεις
3228 3353 3631 3423 ἑτοιμάσωμέν

2056 3453 2153 3490 σοι
2186 3435 2396 3506 φαγεῖν
2425 3436 2493 3490 τὸ
2524 3436 2773 3503 Πάσχα;
2809 3436 2872 3488 'H
2924 3436 3131 3507 ἑσπέρα
3177 3435 3315 3506 αῦτη
3354 3432 3422 3508 ἦν
3465 3439 3587 3491 τότε
3614 3456 3628 3469 ο

2058 3522 2176 3574 ἐπεὶ
2204 3516 2296 3572 οὖν
2324 3521 2498 3572 οὶκίαν
2528 3520 2627 3571 οὐκ
2654 3517 2795 3589 εἶχεν
2816 3520 2844 3571 6
2864 3519 3161 3591 Δεσπότης,
3193 3520 3283 3573 διά
3307 3520 3465 3574 τοῦτο
3482 3522 3632 3593 αὐτῷ

2056 3604 2306 3671 λέγουσι·
2352 3602 2475 3656 Ποῦ
2508 3603 2702 3667 θέλεις
2734 3602 3139 3672 ἑτοιμάσωμέν
3183 3620 3283 3657 σοι
3317 3605 3529 3673 φαγεῖν
3564 3608 3631 3660 τὸ

2060 3688 2306 3756 Πάσχα;
2360 3687 2471 3739 Οὐκ
2516 3684 2711 3755 ἔχομεν
2762 3684 3102 3754 καταγώγιον
3155 3687 3477 3758 ώρισμένον,
3532 3690 3633 3743 οὐκ

2058 3771 2250 3841 ἔχομεν
2302 3769 2526 3839 σκηνὴν,
2556 3768 2675 3821 οὐδὲ
2719 3769 2916 3822 οίκίαν.
2967 3769 3401 3825 Μανθανέτωσαν
3441 3772 3490 3825 οί
3534 3772 3633 3837 τὰς

2058 3852 2316 3923 λαμπρὰς
2341 3849 2742 3920 οἰκοδομοῦντες
2764 3852 2959 3915 οἰκίας,
2977 3853 3071 3905 καὶ
3092 3851 3190 3915 τάς
3212 3854 3427 3925 εὐρείας
3451 3858 3636 3925 στοάς,

2060 3937 2154 3989 καὶ
2197 3936 2321 3997 τοὺς
2371 3935 2615 4004 μακροὺς
2643 3934 2985 4005 περιϐόλους,
3012 3936 3093 3988 ὃτι
3139 3936 3237 3988 οὐκ
3273 3933 3415 4007 εἶχεν
3444 3940 3472 3992 6
3501 3937 3634 4009 Χρι-

2062 4019 2183 4082 στὸς
2216 4017 2318 4071 ποῦ
2351 4017 2450 4088 τὴν
2476 4018 2718 4087 κεφαλὴν
2752 4019 3091 4073 κατακλῖναι.
3133 4019 3225 4072 Διὸ
3252 4021 3527 4093 ἐρωτῶσιν
3554 4019 3636 4076 οὗ·

2062 4118 2166 4156 τοι·
2195 4100 2320 4156 Ποῦ
2352 4101 2548 4166 θέλεις
2583 4100 2987 4171 ἑτοιμάσωμέν
3018 4117 3117 4157 σοι
3151 4104 3364 4174 φαγεῖν
3403 4105 3471 4160 τὸ
3514 4106 3634 4159 Πά-

2061 4201 2217 4255 σχα;
2251 4186 2409 4239 Ποῖον
2440 4185 2666 4254 Πάσχα;
2715 4184 2851 4255 Οὐχὶ
2882 4184 3039 4239 τοῦτο
3071 4185 3131 4238 τὸ
3169 4187 3454 4259 ἡμέτερον,
3500 4190 3636 4244 ἀλλά

2059 4270 2122 4322 τὸ
2158 4267 2447 4322 Ἰουδαϊκὸν
2475 4266 2642 4329 τέως·
2682 4267 2858 4319 ἐκεῖνο
2890 4268 2986 4337 μὲν
3017 4267 3127 4339 γάρ
3152 4269 3203 4321 οί
3236 4270 3473 4341 μαθηταὶ
3498 4290 3637 4344 παρ-

2062 4350 2384 4413 εσκεύασαν,
2417 4348 2576 4402 τοῦτο
2614 4348 2671 4401 δὲ
2698 4349 2759 4401 τὸ
2784 4349 3052 4419 ἡμέτερον
3086 4350 3249 4416 αὐτὸς
3293 4356 3635 4409 κατεσκεύα-

2066 4453 2183 4489 σεν·
2213 4435 2274 4488 οὐ
2309 4434 2466 4505 μόνον
2495 4433 2550 4486 δὲ
2582 4432 2744 4496 αὐτὸς
2776 4433 2907 4485 αὐτὸ
2939 4434 3359 4501 κατεσκεύασεν,
3384 4438 3520 4491 ἀλλά
3542 4441 3637 4493 καὶ

2062 4520 2223 4583 αὐτὸς
2248 4518 2438 4588 Πάσχα
2474 4517 2707 4584 ἐγένετο.
2748 4517 2870 4571 Ποῦ
2891 4517 3086 4584 θέλεις
3109 4520 3515 4592 ἑτοιμάσωμέν
3534 4540 3636 4579 σοι

2063 4601 2274 4672 φαγεῖν
2296 4600 2363 4654 τὸ
2395 4599 2650 4670 Πάσχα;
2683 4599 2889 4654 Ἐκεῖνο
2920 4601 3207 4667 Ἰουδαϊκὸν
3238 4599 3306 4674 ἦν
3328 4605 3389 4658 16
3423 4607 3633 4678 Πάσχα,

2065 4687 2240 4739 ἐκεῖνο
2267 4685 2323 4737 ἐν
2351 4682 2612 4754 Αἰγύπτῳ
2638 4683 2737 4755 τὴν
2762 4682 2936 4756 ἀρχὴν
2959 4683 3311 4751 ἐλαϐε.Τίνος
3335 4684 3430 4741 οὖν
3450 4688 3636 4744 ἕνεκεν

2064 4769 2264 4841 τρώγει
2285 4768 2417 4821 αὐτὸ
2445 4770 2473 4821 6
2502 4763 2767 4838 Χριστόςς
2799 4768 2923 4821 ’Ότι
2952 4768 3131 4823 πάντα
3156 4770 3224 4822 τὰ
3253 4772 3449 4842 νομικά
3471 4774 3631 4846 ἐπλήο

2067 4868 2229 4924 ρωσε.
2255 4850 2365 4905 Καὶ
2407 4849 2515 4922 γὰρ
2554 4851 2642 4905 ὅτε
2676 4849 3018 4917 ἐϐαπτίζετο,
3059 4852 3246 4921 ἔλεγεν
3270 4869 3284 4882 ·
3322 4855 3487 4909 Οὕτω
3526 4861 3637 4928 γὰρ

2065 4934 2295 5001 πρέπον
2337 4933 2510 4987 ἐστίν
2548 4932 2695 5002 ἡμῖν
2732 4935 3047 5002 πληρῶσαι
3081 4934 3290 4991 πᾶσαν
3329 4938 3637 4995 δικαιοσύ-

2063 5013 2406 5085 νηνῘἫλθον
2450 5020 2515 5071 ἐκ
2559 5016 2659 5086 τῆς
2689 5016 2783 5069 τοῦ
2814 5017 2981 5089 νόμου
3022 5019 3271 5091 κατάρας
3309 5020 3635 5094 ἐξαγοράσαι

2062 5100 2154 5152 τὸν
2183 5098 2484 5171 ἄνθρωπον.
2502 5099 2555 5152 '0
2587 5102 2696 5169 γάρ
2726 5098 2872 5166 Θεὸς
2902 5100 3013 5154 τὸν
3040 5100 3259 5156 ἑαυτοῦ
3295 5104 3433 5158 Υίὸν
3459 5105 3637 5175 ἔπεμο

2064 5185 2145 5251 ψε
2177 5180 2549 5252 γεννώμενον
2579 5182 2648 5235 ἐκ
2680 5182 2991 5251 γυναικὸς.
3027 5186 3351 5254 γενόμενον
3383 5189 3501 5241 ὑπὸ
3538 5191 3638 5241 νό-

2058 5282 2197 5335 μον,
2239 5266 2340 5319 ἵνα
2382 5264 2519 5330 τοὺς
2565 5264 2685 5319 ὑπὸ
2726 5267 2910 5334 νόμον
2943 5265 3309 5336 ἐξαγοράσῃ,
3343 5270 3437 5322 καὶ
3475 5271 3638 5325 αὑτὸν

2063 5346 2353 5421 ἀναπαύσῃ
2394 5348 2484 5403 τὸν
2515 5348 2823 5418 νόμον.Ἵνα
2864 5344 2957 5403 οῦν
3007 5351 3081 5421 μή
3115 5367 3201 5414 τις
3228 5349 3379 5423 λέγῃ,
3424 5351 3508 5405 ὃτι
3549 5354 3639 5410 διά

2061 5430 2220 5484 τοῦτο
2247 5430 2407 5484 αὑτὸν
2435 5432 2804 5503 κατήργησεν,
2832 5431 3019 5503 ἐπειδὴ
3046 5432 3330 5504 πληρῶσαι
3354 5435 3515 5489 αὑτὸν
3538 5438 3639 5492 οὐκ

2062 5514 2314 5585 ἠδύνατο,
2347 5514 2423 5578 ώς
2462 5516 2718 5587 φορτικὸν
2746 5516 2841 5570 καὶ
2868 5516 3079 5587 ἐπαχθῆ
3121 5517 3216 5571 καὶ
3258 5518 3637 5592 δυσκατόρθω-

2060 5615 2152 5651 τον
2176 5598 2324 5665 ὄντα,
2360 5598 2575 5671 πρῶτον
2605 5600 2771 5654 αὐτοῦ
2798 5600 3093 5672 πληρώσας
3116 5602 3349 5670 ἅπαντα,
3369 5605 3488 5659 τότε
3508 5623 3641 5660 κατ-

2061 5680 2238 5762 έλυσε.
2268 5682 2366 5735 Διά
2395 5681 2552 5735 τοῦτο
2588 5684 2682 5737 καὶ
2722 5684 2785 5737 16
2829 5686 3021 5753 Πάσχα
3043 5686 3297 5757 ἐποίησε·
3332 5687 3496 5759 νόμου
3532 5691 3639 5762 γάρ

2060 5759 2129 5834 ἦν
2158 5765 2438 5835 ἐπίταγμα
2463 5766 2524 5817 τὸ
2554 5768 2764 5836 Πάσχα.
2797 5769 2906 5821 Καὶ
2936 5768 3081 5830 τίνος
3107 5768 3293 5821 ἕνεκεν
3317 5772 3345 5823 6
3367 5773 3528 5843 νόμος
3549 5759 3641 5825 ἐτέ-

2064 5848 2218 5913 έταξε
2249 5850 2309 5902 τὸ
2341 5849 2531 5920 Πάσχα
2576 5850 2812 5917 ἐσθίειν;
2853 5850 3190 5923 Ἀγνώμονες
3222 5847 3362 5921 ἦσαν
3389 5857 3518 5927 περὶ
3545 5857 3639 5914 τὸν
