4066 6392
414 366 521 424 379

415 472 712 548 εὐεργέτην
752 471 801 524 οἱ
835 468 1094 532 Ἰουδαῖοι,
1130 469 1222 521 καὶ
1266 467 1396 536 παρ’
1420 465 1588 530 αὑτάς
1627 463 1739 548 τάς⁸
1771 461 1993 548 εὑεργετ

419 542 540 623 σίας
569 542 994 610 ἐπελανθάνοντο
1016 549 1112 604 τοῦ
1141 549 1565 621 προστάγματος
1587 546 1681 600 τοῦ
1709 542 1864 598 Θεοῦ.
1885 542 1996 596 Kal

418 644 527 714 γὰρ
554 643 642 694 ὅτε
671 636 892 708 ἐξῆλθον
921 636 978 701 ἐξ
1004 633 1302 703 Αἰγύπτου,
1342 633 1541 695 ἰδόντες
1578 630 1848 714 θάλασσαν
1867 643 1998 714 ,σχι-

417 710 652 797 ζομὲνην
696 723 792 777 καὶ
828 720 1116 776 συνιοῦσαν
1158 719 1340 780 πάλιν,
1373 717 1466 771 καὶ
1499 716 1635 770 ἀλλα
1665 713 1836 797 μυρία
1861 710 1996 766 θαύ-

423 828 588 884 ματα,
610 795 803 875 -ἐλεγον
826 822 838 835 ’
872 804 1224 871 Ποιήσωμεν
1251 799 1488 884 ἑαυτοῖς
1512 799 1722 884 Ῠθεοὺς,
1767 795 1823 884 οἳ
1854 810 1998 862 προ-

421 881 818 963 πορεύσονται
846 887 1031 958 ἡμῶν.
1063 887 1131 939 Tt
1159 885 1372 953 λέγεις;
1407 882 1478 936 τά
1503 881 1758 952 θαύματα
1790 882 1848 963 ἐν
1871 895 1998 963 χερ-

423 959 512 1034 σὶν
547 979 650 1038 ἔτι,
691 974 787 1028 καὶ
815 970 1078 1024 ἐπελάθου
1108 967 1200 1022 τοῦ
1233 967 1557 1038 εὑεργέτου;
1598 965 1751 1019 Ἐπεὶ
1788 959 1882 1018 οὖν
1913 961 1999 1015 οῦ-

420 1081 528 1126 τως
555 1059 692 1132 ἦσαν
721 1055 1036 1125 ἀναίσθητοι
1053 1053 1148 1106 καὶ
1169 1050 1501 1122 ἀγνώμονες,
1523 1051 1590 1119 τῇ
1618 1047 1870 1102 ὑποθέσει
1891 1044 2000 1132 τῶν

418 1129 623 1218 ἑορτῶν
671 1139 1000 1209 ἐγκατέδησε
1043 1136 1152 1189 τῶν
1197 1134 1414 1206 δωρεῶν
1459 1132 1530 1218 τά
1565 1132 1936 1218 ὑπομνήματα
1970 1129 2000 1180 ὁ

422 1215 573 1293 Θεὸς,
606 1228 698 1281 καὶ
730 1225 818 1278 διά
859 1222 1017 1276 τοῦτο
1060 1219 1153 1273 καὶ
1193 1219 1255 1272 τὸ
1296 1219 1487 1287 Πάσχα
1513 1217 1664 1270 θύειν
1692 1215 1998 1278 ἐκέλευσεν,

424 1316 568 1367 Ἵνα.
593 1311 702 1367 ἐάν
729 1324 802 1362 σε
852 1305 1147 1373 ἐρωτήσῃ,
1177 1303 1360 1372 φησὶν,
1393 1306 1425 1356 ό
1462 1303 1593 1368 υἱός
1617 1315 1758 1364 σου,
1786 1299 1852 1354 Τί
1885 1300 2001 1352 ἐστι

421 1399 482 1451 τὸ
523 1396 712 1464 Πάσχα
755 1391 946 1452 τοῦτος
995 1390 1174 1461 εἴπῃς,
1208 1388 1289 1440 ὃτι
1318 1385 1424 1440 Τοῦ
1456 1385 1729 1456 προϐάτου
1759 1383 1820 1437 τὸ
1861 1376 2002 1453 αἷμα

423 1481 719 1551 ἐπέχρισαν
745 1479 864 1539 ταῖς
898 1474 1092 1545 θύραις
1120 1473 1250 1525 ποτέ
1275 1470 1431 1541 ήμῶν
1459 1470 1510 1523 οί
1543 1469 1798 1551 πρόγονοι
1821 1468 1884 1551 ἐν
1915 1467 2004 1520 Δί-

423 1550 635 1632 γύπτῳ,
678 1560 765 1614 ἵνα
798 1557 872 1629 μὴ
900 1559 928 1610 6
955 1553 1257 1626 ὀλοθρεύων
1284 1553 1455 1606 ἐλθὼν
1481 1555 1574 1607 καὶ
1607 1550 1728 1632 ίδῲν
1755 1550 2001 1622 τολμήσῃ

425 1631 770 1715 εἰσπηδῆσαι.
811 1641 904 1694 καὶ
947 1639 1201 1708 ἐπαγάγῃ
1246 1637 1478 1708 πληγήν.
1526 1637 1635 1689 Καὶ
1667 1631 1738 1706 ἦν
1776 1637 1809 1706 ή
1842 1634 2003 1705 ἐορτὴ

424 1728 609 1782 λοιπὸν
639 1726 942 1796 ὑπόμνησις
972 1721 1242 1792 σωτηρίας
1270 1720 1546 1790 διηνεκής.
1579 1719 1793 1773 Μᾶλλον
1842 1717 1898 1770 δὲ
1941 1716 2003 1770 οὑ

425 1811 585 1866 τοῦτο
635 1809 796 1881 μόνον
847 1805 1179 1879 ἐκέρδαινον,
1223 1805 1304 1858 ὅτι
1347 1804 1459 1857 τῶν
1513 1801 1760 1857 παλαιῶν
1809 1801 2006 1864 αὑτοὺς

425 1893 833 1965 ἀνεμίμνησκεν
871 1888 1349 1962 εὐεργετημάτων,
1378 1886 1513 1941 ἀλλά
1543 1887 1639 1940 καὶ
1671 1887 1854 1958 ἕτερον
1894 1887 2005 1965 μεῖ·

425 1963 541 2042 ζον,
575 1963 657 2029 ὅτι
685 1975 752 2028 τά
788 1973 1053 2045 μέλλοντα
1073 1970 1454 2040 προδιετύπου.
1487 1969 1597 2023 Kal
1621 1968 1730 2039 γάρ
1751 1967 1919 2031 τύπος
1938 1963 2006 2039 ἦν

426 2063 632 2124 ἐκεῖνος
667 2059 694 2112 ό
723 2057 892 2128 ἀμνὸς
920 2056 1107 2127 ἐτέρου
1137 2054 1308 2126 ἀμνοῦ
1342 2052 1733 2124 πνευματικοῦ,
1757 2053 1848 2106 καὶ
1880 2052 2008 2124 πρό-

427 2145 590 2197 ϐατον
618 2141 893 2214 προϐάτου
912 2156 926 2170 ο
956 2139 1050 2194 καί
1079 2139 1141 2192 τὸ
1175 2139 1274 2209 μὲν
1306 2133 1374 2210 ἦν
1405 2136 1550 2198 σκιά,
1583 2137 1644 2189 τὸ
1670 2136 1727 2190 δέ
1754 2135 2002 2206 ἀλήθεια.

443 2229 661 2300 Ἐπειδὴ
695 2227 752 2281 δέ
777 2226 1045 2295 ἐπέφανεν
1072 2226 1102 2277 ὁ
1133 2224 1232 2295 τῆς
1255 2223 1600 2294 δικαιοσύνης
1623 2223 1793 2294 ἥλιος,
1815 2225 1848 2294 ή
1879 2223 2006 2276 σκιά

426 2313 610 2366 λοιπὸν
642 2309 944 2365 ἐπαύσατο·
977 2309 1131 2380 ἡλίου
1157 2312 1264 2380 γὰρ
1288 2307 1619 2376 ἀνίσχοντος,
1643 2306 1945 2377 κρύπτεται
1971 2307 2006 2378 ή

429 2395 577 2448 σκιά.
599 2393 697 2447 Διά
719 2391 876 2446 τοῦτο
900 2391 1010 2463 γάρ
1039 2389 1189 2464 [585]
1216 2392 1272 2445 ἐν
1295 2390 1433 2461 αὑτῇ
1461 2393 1526 2460 τῇ
1552 2389 1799 2462 τραπέζῃ
1823 2389 2010 2443 ἐκάτε-

430 2495 522 2548 ρον
556 2476 761 2544 γίνεται
808 2476 1022 2546 Πάσχα,
1071 2475 1164 2528 καὶ
1206 2473 1267 2526 τὸ
1314 2473 1406 2526 τοῦ
1447 2473 1640 2535 τύπου,
1675 2474 1771 2527 xal
1815 2473 1876 2527 τὸ
1906 2473 2007 2544 τῆς

427 2559 702 2632 ἀληθείας.
731 2559 999 2630 Καθάπερ
1027 2557 1134 2629 γὰρ
1159 2560 1206 2612 οἱ
1239 2557 1518 2629 ζωγράφοι
1551 2560 1608 2612 ἐν
1639 2557 1790 2627 αὑτῷ
1815 2557 1893 2629 τῷ
1916 2559 2006 2612 πί·

428 2662 552 2698 νακι
585 2643 680 2696 καὶ
704 2642 801 2706 τάς
822 2642 1088 2713 γραμμάς
1111 2632 1433 2711 περιάγουσὶ
1459 2643 1554 2695 καὶ
1577 2641 1676 2712 τὴν
1699 2641 1857 2695 σκιὰν
1877 2642 2008 2714 γρά-

429 2743 588 2796 φουσι
608 2738 656 2789 ι,
691 2725 786 2778 καὶ
815 2725 937 2777 τότε
963 2724 1062 2795 τὴν
1090 2724 1366 2794 ἀλήθειαν.
1386 2725 1495 2778 τῶν
1523 2726 1832 2796 χρωμάτων
1857 2725 2009 2797 αὺτῷ

429 2809 765 2863 ἐπιτιθέασιν
782 2825 795 2838 ·
820 2806 964 2861 οὑτω
987 2809 1082 2860 καὶ
1106 2809 1135 2860 ό
1158 2808 1392 2878 Χριστὸς
1414 2809 1671 2877 ἐποίησεν
1694 2824 1706 2836 ·
1729 2808 1817 2861 ἐπ’
1839 2809 2010 2878 αὑτῆς

427 2893 526 2964 τῆς
566 2892 842 2964 τραπέζης
885 2891 978 2944 καὶ
1005 2891 1066 2944 τὸ
1090 2890 1317 2944 τυπικδν
1344 2891 1536 2962 Πάσχα
1576 2891 1882 2963 ὑπέγραψε,
1915 2893 2010 2947 καὶ

427 2977 489 3029 τὸ
528 2974 780 3045 ἀληθινὸν
825 2974 1148 3045 προσέθηκε·
1197 2974 1322 3029 Ποῦ
1367 2975 1564 3042 θέλεις
1602 2975 2011 3046 ἑτοιμάσωμέν

428 3076 531 3115 σοι
581 3059 795 3131 φαγεῖν
837 3059 904 3113 τὸ
949 3057 1208 3126 Πάσχα;
1244 3054 1352 3113 Ἦν
1393 3058 1454 3112 τὸ
1485 3059 1773 3114 Ἰουδαϊκὸν
1817 3061 2011 3132 Πάσχα

428 3146 550 3200 τότε
571 3161 584 3174 ’
621 3144 757 3199 ἀλλά
777 3142 870 3196 τοῦ
899 3143 1047 3214 ήλίου
1079 3141 1347 3207 ἐλθόντος,
1383 3143 1580 3214 μηκέτι
1606 3144 1800 3216 λύχνος
1831 3147 2011 3215 φαινέ-

429 3248 526 3297 τω,
549 3229 656 3300 .τῆς
688 3227 944 3301 ἀληθείας
970 3227 1445 3299 παραγενομένης,
1477 3228 1715 3301 ἁργείτω
1751 3228 1936 3283 λοιπὸν
1973 3233 2004 3302 ή

433 3311 581 3367 σκιά.
615 3361 626 3371 ,

502 3395 562 3451 ε’.
580 3394 765 3449 Ταῦτα
776 3393 911 3466 πρὸς
927 3392 1378 3462 Ἰουδαίουςλέγω,
1393 3393 1576 3466 ἐπειδή
1589 3395 1803 3450 δοκοῦσι
1818 3397 2011 3466 Πάσχα

429 3481 627 3543 ποιεῖν,
662 3479 850 3549 ἐπειδὴ
875 3477 1069 3551 γνώμῃ
1099 3476 1440 3548 ἀναισχύντῳ
1473 3478 1539 3531 τά
1561 3477 1745 3550 ἄζυμα
1775 3480 2011 3552 προϐάλ-

430 3562 616 3616 λουσιν
633 3562 681 3615 οί
707 3562 1071 3632 ἀπερίτμητοι
1109 3564 1230 3624 ταῖς
1261 3562 1529 3632 καρδίαις.
1569 3563 1712 3624 Πῶς,
1744 3566 1861 3617 είπέ
1895 3583 2007 3635 μοι,

427 3645 493 3697 τὸ
521 3644 712 3716 Πάσχα
737 3643 1026 3710 ἐπιτελεῖς,
1049 3638 1356 3708 ὧἸουδαῖες
1389 3645 1445 3696 '0
1471 3645 1596 3708 ναὺς
1613 3646 2007 3712 κατέσκαπται,

428 3731 459 3781 ὁ
489 3727 667 3798 βωμὸς
696 3728 984 3799 ἀνῄρηται,
1019 3728 1090 3782 τά
1116 3728 1282 3797 ’Ἅγια
1319 3729 1426 3782 τῶν
1465 3729 1635 3797 ἁγίων
1679 3731 2008 3803 πεπάτηται,

431 3811 612 3880 πάσης
650 3809 839 3874 θυσίας
870 3805 1009 3874 εἶδος
1036 3810 1284 3864 λέλυται·
1318 3811 1461 3874 τίνος
1493 3808 1587 3866 οῦν
1616 3811 1801 3868 ἕνεκεν
1837 3815 2014 3868 ταῦτα

429 3895 636 3964 τολμᾷς
657 3892 738 3946 τάι
753 3892 1046 3964 παράνομα
1090 3894 1349 3964 πράττειν
1377 3895 1713 3965 πράγματα;
1745 3897 2014 3970 ’Δπῆλθες

432 3980 512 4041 είς
536 3977 832 4032 Βαϐυλῶνά
863 3994 1008 4032 ποτε.
1040 3978 1201 4030 κάκεῖ
1234 3977 1419 4046 ελεγον
1452 3979 1501 4030 οἱ
1539 3980 2013 4049 αίχμαλωτεύσαν-

429 4061 522 4124 τές
551 4077 637 4114 σε’
674 4062 895 4130 ’ᾼσατε
929 4060 1073 4129 ἡμῖν
1104 4061 1172 4114 ἐκ
1199 4060 1318 4116 τῶν
1350 4059 1521 4126 ᾠδῶν
1544 4061 1697 4117 Σιών
1716 4082 1729 4096 ·
1777 4065 1873 4118 καὶ
1913 4067 2014 4119 οὑκ

431 4145 683 4215 ἠνέσχου.
726 4147 835 4199 Καὶ
878 4145 1050 4198 ταῦτα
1091 4145 1306 4208 δεικνὺς
1344 4148 1371 4198 6
1402 4145 1585 4211 Δαυῒδ,
1617 4146 1836 4217 έλεγεν·
1885 4148 2013 4202 Ἐπὶ

429 4229 540 4282 τὸν
587 4232 858 4298 ποταμὸν
911 4229 1291 4297 Βαϐυλῶνος,
1320 4228 1449 4284 ἐκεῖ
1497 4231 1866 4300 ἐκαθίσαμεν
1910 4234 2010 4287 καὶ

397 4313 816 4382 ’ἐκλαύσαμεν
840 4331 852 4344 ·
882 4313 980 4367 ἐπὶ
1005 4314 1134 4380 ταῖς
1154 4315 1336 4380 ίτέαις
1357 4314 1428 4368 ἐν
1447 4313 1617 4384 μέσῳ
1638 4314 1826 4384 αὐτῆς
1844 4317 2012 4384 ἐκρε-

428 4396 708 4466 μάσαμεν
735 4397 806 4451 τὰ
825 4397 1048 4466 ὄργανα
1073 4395 1262 4466 ἡμῶν,
1291 4397 1558 4462 τουτέστι,
1583 4398 1903 4470 ψαλτήριον,
1936 4418 2014 4454 κιο

430 4480 624 4550 θάραν,
657 4479 847 4550 λύραν,
878 4478 974 4532 καὶ
997 4479 1066 4532 τά
1095 4479 1260 4533 λοιπά
1283 4497 1295 4509 °
1328 4480 1538 4545 τούτοις
1573 4483 1682 4554 γάρ
1716 4483 2012 4555 ἐκέχρηντο

429 4563 493 4615 τὸ
526 4563 770 4625 παλαιὸν,
801 4563 897 4617 καὶ
931 4561 1020 4616 διὰ
1051 4562 1257 4617 τούτων
1285 4564 1414 4628 τοὺς
1446 4563 1696 4635 ψαλμοὺς
1721 4561 1868 4640 ᾖδον.
1902 4569 2013 4620 Καὶ

430 4645 605 4701 ταῦτα
636 4647 961 4710 ἀπελθόντες
988 4649 1070 4710 είς
1107 4647 1206 4719 τὴν
1247 4648 1649 4718 αἰχμαλωσίαν,
1691 4649 1900 4714 ἔλαϐον,
1944 4651 2011 4702 ἵν’

435 4730 598 4799 ἐχωσι
613 4730 712 4801 τὴν
730 4730 1036 4800 ὑπόμνησιν
1058 4729 1158 4800 τῆς
1179 4730 1455 4794 πολιτείας
1475 4732 1576 4803 τῆς
1599 4734 1657 4785 ἐν
1679 4735 1743 4804 τῇ
1768 4733 2009 4808 πατρίδι,

432 4814 533 4882 οὺχ
567 4813 652 4866 ἴνα
680 4815 1010 4883 χρήσωνται.
1028 4813 1189 4869 Ἐκεῖ
1218 4813 1351 4884 γὰρ,
1394 4814 1579 4885 φησὶν,
1617 4814 2014 4883 ἐπηρώτησαν

435 4894 594 4964 ἡμᾶς
631 4898 683 4948 οἱ
716 4896 1312 4965 αὶχμαλωτεύσαντες
1353 4896 1514 4967 ἡμᾶς
1555 4898 1778 4966 λόγους
1822 4898 2009 4965 ᾠδῶν.

439 4978 546 5030 Kal
577 4978 802 5047 εἴπομεν
822 4995 835 5008 ο
870 4977 1004 5044 Πῶς
1033 4978 1275 5050 ᾷσωμεν
1301 4977 1422 5046 τὴν
1459 4979 1625 5048 ᾠδὴν
1651 4981 1875 5050 Κυρίου
1913 4982 2013 5036 ἐπὶ

438 5057 551 5129 γῆς
577 5060 928 5128 ἀλλοτρίας;
975 5062 1038 5115 Τί
1083 5062 1290 5132 λέγεις;
1337 5061 1435 5134 τὴν
1480 5063 1622 5135 ᾠδὴν
1671 5065 1878 5134 Κυρίου
1913 5067 2013 5119 οὑκ

435 5144 584 5216 ᾄδεις
618 5146 712 5198 ἐπὶ
739 5145 840 5216 γῆς
881 5144 1189 5218 ἀλλοτρίας,
1221 5147 1315 5200 καὶ
1342 5147 1403 5200 τὸ
1433 5148 1625 5218 Πάσχα
1659 5149 1863 5220 Κυρίου
1900 5150 2014 5203 ἐπι-

436 5229 608 5292 τελεῖς
654 5229 747 5283 ἐπὶ
793 5229 897 5299 γῆς
923 5229 1240 5300 ἀλλοτρίας;
1272 5227 1424 5294 Εἶδες
1450 5229 1548 5302 τὴν
1577 5232 2010 5305 ἀγνωμοσύνην;

435 5307 574 5374 εἶδες
615 5311 714 5383 τὴν
757 5312 1131 5384 παρανομίαν;
1169 5313 1300 5366 Ὅτε
1340 5314 1590 5385 πολέμιοι
1631 5311 1770 5387 ἦσαν
1801 5318 1852 5370 οἱ
1890 5333 2015 5370 κατ-

434 5393 860 5461 αναγκάζοντες,
888 5395 1008 5448 οὐδὲ
1047 5395 1262 5466 ψαλμὸν
1305 5397 1481 5450 εἰπεῖν
1509 5398 1750 5470 ἐτόλμων
1784 5399 1877 5452 ἐπὶ
1908 5399 2013 5470 γῆς

435 5475 718 5548 ἀλλοτρίας
738 5495 751 5508 ·
776 5477 871 5532 νῦν
891 5478 947 5533 δὲ
973 5479 1066 5547 ἀφ’
1095 5480 1325 5542 ἑαυτῶν,
1364 5481 1590 5551 μηδενὸς
1616 5481 2012 5548 ἀναγκάζοντος

437 5559 573 5629 μηδὲ
613 5558 954 5630 βιαζομένου,
983 5563 1220 5633 πόλεμον
1259 5564 1542 5632 εἰσάγουσι
1570 5567 1706 5638 πρὸς
1735 5566 1824 5621 τὸν
1857 5566 2008 5621 Θεόν.

447 5640 606 5713 Ὁρᾷς
656 5643 771 5706 πῶς
805 5645 1092 5716 ἀκάθαρτα
1118 5646 1187 5700 τά
1219 5646 1437 5718 ἀζυμας
1484 5648 1602 5712 πῶς
1632 5649 1948 5720 παράνομος
1978 5651 2011 5722 ὴ

495 5828 521 5856 ⁸
541 5826 638 5876 Alii
659 5829 736 5875 καὶ
760 5833 1113 5892 σκιογράςονσι.

1087 355 1147 412 S.
1185 351 1471 412 JOANNIS
1505 344 1994 410 οηιιγεοετοωι

2109 341 2358 400 ιοηιερ.
2392 341 2951 400 οοΝεΤΑΝΤιΝοΡ.

3563 342 3671 400 580

2100 457 2263 530 ἑορτή
2285 474 2300 523 ;
2323 457 2440 522 πῶς
2475 457 2664 530 Πάσχα
2695 456 2796 510 οὑκ
2820 455 2966 511 ἐστιν
2995 452 3318 522 Ἰουδαϊκόνς
3344 449 3452 509 Ἦν
3483 455 3675 526 Πάσχα

2114 541 2404 598 Ἰουδαϊκόν
2434 559 2586 606 ποτε,
2611 540 2726 596 ἀλλ’
2748 540 2911 614 ἐλύθη
2939 540 3054 604 νῦν,
3078 540 3176 595 καὶ
3209 538 3410 610 ἐπῆλθε
3440 539 3500 592 τὸ
3521 555 3678 594 πνευ-

2101 627 2330 698 ματικὸν
2349 625 2565 698 Πάσχα,
2599 625 2628 679 ὃ
2657 624 2940 696 παρεδίδου
2970 624 3092 679 τότε
3129 624 3159 677 ὁ
3180 623 3432 694 Χριστός.
3450 623 3680 676 Ἐσθιόν-

2099 727 2208 764 των
2250 710 2358 780 γὰρ
2389 709 2569 764 αὑτῶν
2609 711 2704 762 καὶ.
2742 708 3027 771 πινόντων,
3076 708 3230 779 φησι,
3273 705 3451 761 λαϐὼν
3489 707 3675 777 ἀρτον,

2098 793 2299 847 έκλασε
2322 793 2419 848 καὶ
2447 787 2570 846 εἶπε
2586 809 2600 824 ο
2639 793 2820 848 Τοῦτό
2845 793 2977 846 ἐστι
3003 790 3069 845 τὸ
3095 790 3270 861 σῶμά
3289 808 3406 860 μου
3439 790 3503 843 τὸ
3527 789 3680 856 ὑπὲρ

2100 876 2271 946 ὑμῶν
2316 875 2624 946 κλώμενον
2671 879 2757 943 είς
2803 875 3024 946 ἄφεσιν
3066 873 3597 944 ἁμαρτών.¹’ῐσασιν
3629 873 3680 924 οἱ

2105 962 2447 1032 μεμυημένοι
2470 961 2538 1014 τὰ
2565 960 2849 1031 λεγόμενα.
2877 960 2987 1013 Καὶ
3014 958 3175 1013 πάλιν
3195 957 3256 1010 τὸ
3289 958 3569 1028 ποτήριον,
3591 956 3682 1009 λέ-

2101 1061 2250 1114 γων·
2290 1045 2472 1100 Τοῦτό
2511 1045 2643 1099 ἐστι
2684 1046 2751 1100 τὸ
2796 1039 2940 1114 αἷμά
2961 1060 3101 1112 μου,
3133 1041 3202 1095 τὸ
3239 1040 3391 1110 ὑπὲρ
3433 1040 3684 1095 πολλῶν

2099 1131 2511 1198 ὲκχυνόμενον
2542 1131 2631 1195 εὶς
2673 1127 2895 1199 ἄφεσιν
2936 1125 3257 1196 ἁμαρτιῶν.
3292 1125 3404 1179 Kal
3445 1125 3625 1195 παρῆν
3652 1123 3684 1176 ὁ

2116 1213 2335 1276 Ἰούδας,
2363 1212 2457 1268 τοῦ
2494 1213 2730 1286 Χριστοῦ
2771 1212 2943 1267 ταῦτα
2984 1211 3253 1280 λέγοντος.
3283 1209 3453 1263 Τοῦτό
3477 1211 3592 1262 ἐστι
3623 1208 3685 1262 τὸ

2107 1298 2286 1369 σῶμα,
2301 1298 2329 1352 ὃ
2348 1298 2532 1369 ἐπὼλη
2540 1316 2659 1362 σας,
2676 1296 2864 1364 Ἰούδα,
2878 1297 3171 1367 τριάκοντα
3191 1293 3467 1366 ἀργυρίων
3485 1309 3504 1326 ο
3526 1293 3686 1346 τοῦτό

2106 1383 2223 1436 ἐστι
2257 1383 2320 1436 τὸ
2349 1377 2505 1453 αἷμα,
2538 1382 2678 1452 ὑπὲρ
2721 1375 2783 1436 οὗ
2819 1381 2925 1453 πρὸ
2963 1378 3160 1450 μικροῦ
3203 1378 3274 1432 τά
3316 1376 3508 1447 ἀναιδῆ
3554 1375 3686 1447 σύμ-

2105 1483 2262 1536 φωνα
2307 1465 2493 1519 ἐποίου
2543 1465 2680 1537 πρὸς
2724 1466 2848 1528 τοὺς
2888 1463 3208 1534 ἀγνώμονας
3256 1459 3601 1533 Φαρισαίους.
3622 1461 3688 1511 Ὦ

2103 1551 2204 1622 τῆς
2247 1550 2344 1604 τοῦ
2392 1550 2630 1621 Χριστοῦ
2676 1547 3117 1620 φιλανθρωπίαςί
3149 1546 3196 1600 ὣ
3233 1547 3334 1616 τῆς
3383 1545 3478 1599 τοῦ
3518 1545 3688 1599 Ἰούδα

2105 1633 2518 1704 παραπληξίαςί
2545 1632 2590 1686 ὣ
2626 1634 2725 1704 τῆς
2783 1631 3011 1703 μανίαςί
3045 1634 3074 1684 ὁ
3108 1631 3206 1702 μὲν
3251 1630 3359 1701 γὰρ
3405 1627 3685 1698 ἐπώλησεν

2099 1717 2269 1771 αὑτὸν
2306 1717 2600 1789 τριάκοντα
2629 1717 2928 1789 δηναρίων·
2970 1717 2999 1768 ὁ
3044 1716 3280 1788 Χριστὸς
3325 1715 3381 1768 δὲ
3421 1714 3516 1768 καὶ
3550 1711 3688 1784 μετά

2105 1801 2263 1856 τοῦτο
2287 1804 2346 1856 οὑ
2383 1803 2740 1876 παρῃτήσατο
2770 1802 2900 1855 αὑτὸ
2923 1801 2983 1854 τὸ
3009 1797 3148 1872 αἷμα
3181 1800 3241 1854 τὸ
3274 1799 3482 1872 πραθὲν
3503 1798 3687 1851 δοῦναι

2103 1888 2187 1952 είς
2212 1888 2406 1956 ἄφεσιν
2433 1887 2717 1958 ἁμαρτιῶν
2749 1885 2828 1957 τῷ
2867 1886 3197 1958 πεπραχότι,
3240 1886 3294 1939 εί
3328 1902 3392 1954 γε
3427 1883 3684 1954 ἠθέλησε.

2105 1971 2218 2024 Kal
2245 1970 2354 2042 γάρ
2385 1971 2566 2042 παρῆν
2609 1969 2828 2036 Ἰούδας,
2854 1970 2949 2024 καὶ
3003 1972 3216 2041 μετεῖχε
3243 1971 3343 2039 τῆς
3376 1969 3530 2039 ίερᾶς
3557 1983 3691 2038 τρα-

2105 2053 2522 2125 πέζης.’Ὢσπερ
2546 2053 2654 2126 γάρ
2678 2054 2806 2118 τοὺς
2835 2053 3000 2117 πόδας
3032 2052 3198 2108 αὑτοῦ
3227 2051 3365 2122 μετά
3391 2052 3499 2105 τῶν
3515 2051 3692 2105 ἄλλων

2107 2139 2256 2208 ἐνιψε
2289 2138 2568 2210 μαθητῶν,
2603 2137 2745 2192 οὑτω
2789 2139 2883 2191 καὶ
2919 2139 3017 2209 τῆς
3051 2137 3201 2208 ἱερᾶς
3233 2137 3460 2208 μετέσχε
3489 2127 3693 2207 τβαπέ-

2107 2221 2228 2295 ζης,
2254 2223 2342 2277 ἵνα
2378 2222 2648 2295 μηδεμίαν
2669 2222 2966 2291 ἀπολογίας
2998 2223 3096 2294 έχῃ
3126 2223 3422 2294 πρόφασιν,
3446 2222 3542 2275 ἐὰν
3569 2223 3693 2274 ἐπι-

2110 2307 2270 2379 μείνῃ
2311 2310 2380 2378 τῇ
2425 2307 2681 2376 πονηρίᾳ.
2708 2305 2894 2360 Πάντα
2927 2306 3036 2377 γάρ
3065 2305 3214 2377 [584]
3237 2305 3307 2359 τά
3341 2307 3472 2371 παρ’
3495 2303 3690 2358 ἐαυτοῦ

2103 2392 2440 2460 ἐπεδείξατο,
2471 2392 2567 2446 καὶ
2595 2391 2944 2463 είσήνεγκενο
2977 2391 3007 2444 ό
3031 2391 3090 2448 δὲ
3111 2389 3292 2463 ἔμεινε
3319 2391 3418 2462 τὴν
3447 2389 3694 2462 πονηρὰν

2103 2477 2377 2548 διατηρῶν
2398 2477 2649 2548 γνώμην.

2182 2566 2256 2624 ς’.
2275 2559 2438 2613 Ἀλλά
2452 2560 2642 2632 καιρὸς
2665 2558 2852 2613 λοιπὺν
2867 2560 2934 2630 τῇ
2953 2559 3157 2630 φρικτῇ
3179 2557 3352 2629 ταύτῃ
3373 2555 3696 2628 προσελθεῖν

2107 2643 2378 2717 τραπέζῃ.
2398 2644 2606 2709 Πάντες
2627 2643 2808 2699 τοίνυν
2839 2642 3228 2716 προσέλθωμεν
3253 2641 3390 2714 μετά
3409 2643 3506 2712 τῆς
3534 2658 3698 2712 προσ-

2110 2727 2352 2800 ηκούσης
2395 2728 2752 2800 σωφροσύνης
2795 2728 2889 2782 καὶ
2920 2728 3167 2798 νήψεως·
3215 2727 3309 2781 καὶ
3341 2725 3531 2797 μηδεὶς
3553 2725 3697 2778 έστω

2123 2811 2325 2876 Ἰούδας
2358 2811 2460 2876 έτι,
2501 2813 2688 2883 μηδεὶς
2714 2812 2856 2865 ἐστω
2883 2810 3141 2882 πονηρὸς,
3175 2809 3364 2882 μηδεὶς
3407 2808 3546 2879 ἔχων
3591 2807 3695 2872 ίὺν,

2113 2896 2190 2967 μὴ
2220 2894 2354 2949 ἀλλα
2387 2896 2485 2966 μὲν
2514 2896 2607 2948 ἐπὶ
2641 2895 2738 2949 τοῦ
2780 2894 3051 2966 στόματος
3087 2893 3289 2965 φέρων,
3314 2891 3451 2946 ἄλλα
3496 2892 3556 2946 δέ
3600 2892 3699 2944 ἐπὶ⁵

2108 2981 2209 3051 τῆς
2231 2979 2493 3042 διανοίας.
2521 2979 2793 3051 Πάρεστιν
2832 2981 2863 3034 ό
2909 2977 3167 3050 Χριστὸς,
3198 2978 3292 3031 καὶ
3315 2975 3409 3031 νῦν
3433 2977 3642 3039 ἐκεῖνος
3668 2978 3700 3030 ὁ

2109 3064 2208 3135 τὴν
2231 3062 2510 3134 τράπεζαν
2531 3062 2905 3134 διακοσμήσας
2924 3061 3162 3134 ἐκείνην,
3183 3054 3338 3125 οὗτος
3367 3062 3460 3114 καὶ
3490 3062 3701 3131 ταύτην

2109 3147 2396 3217 διακοσμεῖ
2417 3145 2532 3200 νῦν.
2570 3146 2705 3199 Οὑδέ
2733 3145 2843 3216 γάρ
2875 3145 3163 3214 ἄνθρωπός
3193 3147 3342 3198 ἐστιν
3373 3146 3401 3198 ό
3427 3143 3702 3217 ποιῶντά

2111 3215 2451 3303 προκείμενα
2495 3230 2748 3299 γενέσθαι
2789 3215 2948 3300 σῶμα
2979 3229 3076 3284 καὶ
3115 3224 3255 3300 αἷμα
3283 3228 3542 3300 Χριστοῦ,
3578 3215 3701 3283 ἀλλ’

2111 3315 2272 3378 αὑτὸς
2301 3317 2330 3368 6
2358 3313 2692 3386 σταυρωθεὶς
2721 3313 2861 3384 ὑπὲρ
2884 3312 3042 3384 ἡμῶν
3070 3312 3324 3383 Χριστός.
3350 3313 3543 3384 Σχῆμα
3565 3313 3701 3384 πλη.

2113 3397 2224 3468 ρῶν
2257 3397 2490 3468 ἕστηκεν
2516 3400 2544 3451 ὁ
2573 3398 2772 3470 ἱερεὺς,
2801 3396 2870 3450 τά
2900 3397 3122 3468 ῥήματα
3152 3396 3523 3466 φθεγγόμενος
3559 3397 3702 3450 ἐκεῖ·

2110 3496 2210 3534 va'
2243 3482 2357 3553 ήδέ
2394 3481 2624 3552 δύναμις
2665 3480 2761 3533 καὶ
2801 3482 2834 3552 ἡ
2863 3480 3022 3552 χάρις
3048 3478 3142 3533 τοῦ
3166 3479 3301 3533 Θεοῦ
3340 3480 3475 3533 ἐστι.
3514 3479 3701 3535 Τοῦτό

2106 3583 2227 3634 μου
2257 3566 2385 3620 ἐστὶ
2409 3563 2476 3618 τὸ
2504 3563 2698 3634 σῶμα,
2719 3563 2869 3634 φησί.
2890 3563 3059 3617 Τοῦτο
3078 3563 3137 3617 τὸ
3156 3564 3305 3635 ῥῆμα
3332 3563 3703 3636 μεταρρυθμί-

2111 3648 2193 3713 ζει
2238 3649 2309 3704 τά
2349 3649 2719 3721 προκείμενα⁸
2769 3649 2863 3702 καὶ
2891 3648 3144 3720 καθάπερ
3173 3651 3205 3720 ή
3237 3649 3390 3720 φωνὴ
3431 3649 3617 3719 ἐκείνη
3667 3651 3701 3720 ἡ

2109 3733 2375 3801 λέγουσα·
2413 3732 2782 3798 Αὺξάνεσθε,
2814 3732 2912 3786 καί
2956 3735 3362 3801 πληθύνεσθε,
3390 3732 3489 3787 καί
3541 3737 3701 3800 πλη-

2102 3815 2341 3886 ρώσατε
2368 3816 2484 3885 τὴν
2509 3816 2649 3886 γῆν,
2693 3815 2892 3888 ἐρρέθη
2941 3816 3038 3886 μὲν
3083 3815 3250 3883 ἅπαξ,
3297 3816 3385 3869 διὰ
3414 3816 3616 3880 παντὸς
3644 3816 3703 3869 δὲ

2111 3900 2208 3953 τοῦ
2244 3902 2439 3972 χρόνου
2468 3900 2676 3969 γίνεται
2713 3899 2859 3971 ἔργῳ
2887 3899 3261 3970 ἐνδυναμοῦσα
3289 3902 3389 3971 τὴν
3416 3900 3579 3970 φύσιν
3602 3901 3702 3971 τὴν

2112 3984 2391 4057 ἡμετέραν
2435 3984 2573 4056 πρὸς
2609 3981 2980 4038 παιδοποιίαψ
3017 3983 3158 4036 οὑτω
3185 3989 3278 4055 καὶ
3305 3986 3338 4055 ὴ
3372 3984 3523 4056 φωνὴ
3555 3984 3700 4057 αῦτη

2114 4067 2264 4132 ams,
2293 4067 2548 4137 λεχθεῖσα
2582 4067 2705 4120 καθ’
2727 4067 2965 4139 ἑκάστην
2994 4067 3276 4138 τράπεζαν
3320 4071 3377 4120 ἐν
3418 4071 3540 4130 ταῖς
3571 4069 3703 4120 Ἐκ-

2113 4151 2366 4222 κλησίαις
2413 4151 2472 4218 ἐξ
2522 4151 2733 4206 ἐκείνου
2785 4150 2948 4222 μέχρι
2981 4153 3224 4223 σήμερον
3259 4151 3552 4224 καὶμέχρι
3595 4151 3704 4221 τῆς

2112 4234 2275 4288 αὑτοῦ
2312 4233 2642 4306 παρουσίας,
2663 4234 2763 4306 τὴν
2794 4233 2984 4288 θυσίαν
3017 4237 3436 4307 ἀπηρτισμένην
3462 4234 3706 4307 ἐργάξε-

2111 4335 2224 4373 ται.
2261 4317 2467 4389 Μηδεὶς
2496 4318 2677 4371 τοίνυν
2723 4316 2956 4382 ὕπουλος
2996 4319 3159 4381 ἔστω,
3190 4319 3382 4391 μηδεὶς
3429 4320 3704 4392 πονηρίας

2113 4402 2323 4472 γέμων,
2357 4401 2547 4472 μηδεὶς
2602 4401 2679 4455 ίὸν
2725 4401 2864 4472 ἔχων
2915 4403 2974 4456 ἐν
3021 4405 3087 4474 τῇ
3137 4403 3367 4476 διανοίᾳ,
3402 4405 3492 4458 ἵνα
3517 4405 3592 4476 μὴ
3617 4406 3704 4468 εἰς

2113 4486 2436 4556 κατάκριμα
2468 4485 2881 4558 μεταλαμϐάνῃ.
2905 4487 3016 4540 Kal
3045 4487 3153 4558 γάρ
3181 4488 3325 4552 τότε,
3357 4489 3496 4559 μετά
3523 4489 3583 4540 τὸ
3606 4487 3706 4540 λα-

2115 4569 2230 4623 ϐεῖν
2275 4570 2373 4639 τὴν
2406 4569 2746 4641 προσφορὰν,
2774 4571 3088 4641 ἐπεπήδησε
3120 4570 3199 4643 τῷ
3231 4571 3400 4645 Ἰούδᾳ
3446 4574 3475 4626 6
3513 4572 3705 4626 διάϐο-

2114 4652 2226 4718 λος,
2255 4654 2314 4707 οὑ
2349 4653 2442 4706 τοῦ
2473 4653 2723 4725 σώματος
2753 4659 3176 4728 καταφρονήσας
3206 4655 3303 4710 τοῦ
3338 4657 3701 4720 Δεσποτικοῦ,

2114 4736 2253 4790 ἀλλά
2282 4737 2371 4790 διὰ
2403 4738 2503 4808 τὴν
2535 4739 2922 4810 ἀναισχυντίαν
2966 4740 3324 4812 καταφρονῶν
3369 4739 3465 4794 τοῦ
3497 4741 3700 4804 Ἰούδα,

2115 4819 2201 4874 ἵνα
2231 4818 2429 4892 μάθῃς,
2460 4822 2543 4874 ὅτι
2573 4823 2687 4883 τοῖς
2716 4821 2949 4886 ἀναξίως
2975 4823 3259 4894 μετέχουσι
3281 4823 3390 4878 τῶν
3412 4824 3572 4877 θείων
3598 4842 3704 4895 μυ-

2115 4903 2376 4974 στηρίων,
2406 4902 2617 4966 τούτοις
2649 4904 2884 4974 μάλιστα
2907 4907 3148 4978 ἐπιπηδᾷ
3170 4908 3263 4961 καὶ
3279 4907 3548 4962 ἐπιϐαίνει
3573 4924 3706 4962 συν-

2113 4986 2255 5057 εχῶς
2283 4988 2313 5040 ό
2334 4986 2602 5051 διάϐολος,
2645 4987 2831 5060 ὥσπερ
2879 4990 2973 5042 καὶ
3005 4990 3083 5060 τῷ
3118 4991 3290 5062 Ἰούδᾳ
3314 4993 3459 5046 τότε.
3486 4993 3554 5044 Αἱ
3588 4992 3704 5065 γάρ

2106 5071 2271 5141 τιμαὶ
2313 5071 2442 5134 τοὺς
2489 5071 2589 5141 μὲν
2625 5072 2811 5139 ἀξίους
2839 5073 3130 5142 ὠφελοῦσι,
3165 5077 3294 5138 τοὺς
3328 5075 3384 5130 δὲ
3411 5076 3567 5147 παρά
3600 5077 3704 5149 τὴν

2108 5153 2274 5220 ἀξίαν
2293 5153 2672 5218 ἀπολαύοντας
2694 5159 2774 5219 είς
2799 5157 3020 5227 μείζονα
3043 5159 3315 5229 τιμωρίαν
3339 5159 3699 5230 ἐμϐάλλουσι.

2109 5236 2225 5290 Kal
2265 5235 2459 5302 ταῦτα,
2491 5239 2591 5309 οὑχ
2619 5239 2706 5292 ἵνα
2739 5242 2980 5312 φοϐήσω,
3018 5241 3181 5310 λέγω,
3211 5242 3440 5298 ἀλλ’ἵνα
3469 5245 3706 5312 ἀσφαλί-

2115 5337 2318 5392 σωμαι.
2355 5323 2562 5393 Μηδεὶς
2607 5325 2787 5379 τοίνυν
2825 5326 2966 5380 ἔστω
2998 5327 3219 5390 Ἰούδας,
3272 5329 3466 5400 μηδεὶς
3512 5330 3705 5384 εἰσιὼν

2117 5405 2193 5458 ίδν
2237 5405 2407 5476 ἐχέτω
2441 5408 2726 5479 πονηρίας.
2759 5409 2946 5482 Τροφὴ
2979 5412 3086 5484 γάρ
3130 5416 3247 5466 ἐστι
3281 5417 3630 5484 πνευματικὴ
3666 5419 3701 5486 ἡ

2114 5486 2278 5543 θυσία
2299 5505 2313 5519 ο
2339 5489 2433 5544 καὶ
2460 5490 2710 5564 καθάπερ
2738 5493 2770 5562 ή
2803 5496 3090 5567 σωματικὴ
3119 5497 3314 5569 τροφὴ,
3342 5499 3472 5552 ὅταν
3499 5500 3578 5562 εἰς
3603 5517 3706 5568 ya-

2118 5573 2286 5643 στέρα
2315 5575 2520 5644 χυμοὺς
2551 5575 2780 5645 ἔχουσαν
2811 5581 3080 5650 πονηροὺς
3108 5582 3347 5654 ἐμπέσῃ,
3379 5582 3542 5636 πλέον
3578 5585 3706 5637 ἐπι-

2115 5656 2282 5710 τείνει
2328 5657 2426 5729 τὴν
2470 5659 2805 5731 ἀρρωστίαν,
2831 5663 2892 5714 οὐ
2942 5663 3094 5734 παρὰ
3142 5665 3241 5736 τήν
3274 5666 3483 5720 οἰκείαν
3513 5667 3702 5736 φύσιν,

2119 5738 2254 5793 ἀλλά
2283 5740 2434 5812 παρά
2465 5742 2563 5812 τὴν
2589 5743 2869 5798 ἀσθένειαν
2897 5746 2994 5818 τῆς
3018 5749 3292 5820 γαστρόςιι
3312 5767 3325 5781 ·
3357 5749 3500 5802 οὑτω
3524 5750 3590 5822 δή
3610 5752 3703 5804 καὶ

2184 5843 2211 5883 δ
2233 5844 2330 5894 Alii
2351 5852 2433 5904 τῆς
2449 5848 2637 5911 σαρκός.
2666 5848 2787 5899 Infra
2815 5850 3001 5900 ἐπειδὰν
3027 5852 3090 5909 εἰς
3111 5853 3315 5901 διάνοιαν
3337 5855 3703 5917 ἐμπέσῃμὶθεί.
