4066 6392
278 427 286 438 ‘
328 413 429 472 3'79

327 543 446 596 erga
474 527 790 583 beneﬁcium
818 540 970 584 erant
995 529 1163 585 Judmi
1187 572 1202 596 ,
1233 540 1288 585 et
1324 534 1500 587 statim
1538 543 1656 603 post
1695 542 1912 602 accepta

327 618 583 673 beneﬁcia
627 622 874 689 praecepti
917 620 1083 676 divini
1124 623 1595 678 obliviscebantur.
1633 624 1764 678 Nam
1793 639 1914 678 cum

324 714 524 781 egressi
565 721 689 769 sunt
736 729 799 768 ex
843 714 1114 785 IEgypto,
1159 725 1439 784 postquam
1484 732 1633 772 mare
1669 717 1918 772 viderunt

324 805 548 859 scissum
580 815 633 859 et
665 821 848 860 rursus
877 808 1184 861 eoalescens
1209 847 1225 872 ,
1257 809 1466 878 aliaque
1495 809 1776 865 innumera
1814 810 1917 863 mi-

326 896 526 958 racula.
562 896 806 952 dicebant
841 916 853 952 :
888 897 1160 952 Faciamus
1186 898 1326 952 nobis
1345 900 1486 965 deos,
1517 901 1603 970 qui
1632 901 1916 970 prtecedant

325 1004 416 1040 nos
447 985 640 1057 (Exod.
668 987 755 1042 52.
789 988 862 1057 l).
890 988 1023 1055 Quid
1051 988 1220 1042 dicis?
1247 989 1501 1044 miracula
1523 989 1700 1044 adhuc
1725 991 1776 1045 in
1804 1006 1916 1044 ma-

325 1077 482 1133 nibus
529 1087 681 1144 sunt,
722 1088 778 1134 et
817 1080 926 1148 jam
968 1079 1194 1134 beneﬁci
1234 1079 1430 1136 oblitus
1470 1083 1566 1137 es?
1592 1083 1724 1150 Quia
1759 1085 1918 1152 igitur

325 1183 492 1238 usque
513 1168 647 1224 adeo
670 1170 867 1237 stupidi
889 1179 944 1224 et
968 1171 1157 1241 ingrati
1182 1181 1354 1238 erant,
1382 1172 1732 1228 festivitatum
1756 1190 1918 1244 argu-

325 1270 508 1313 mento
539 1260 679 1314 Deus
708 1261 971 1316 donorum
1007 1264 1576 1320 commemorationem
1599 1265 1914 1332 adstrinxit,

326 1349 554 1420 ideoque
583 1351 786 1406 Pascha
818 1353 1096 1407 immolare
1126 1353 1284 1422 jussit
1314 1372 1332 1410 :
1365 1354 1465 1420 Ut,
1495 1357 1539 1409 si
1565 1367 1611 1409 te
1637 1358 1919 1428 interroga-

325 1431 477 1508 veiit,
510 1443 708 1513 inquit,
736 1445 872 1512 filius
901 1454 1046 1510 tuus,
1072 1446 1208 1512 Quid
1237 1456 1319 1502 est
1347 1447 1448 1500 hoc
1476 1448 1717 1503 Pascha?
1739 1449 1914 1516 dicas,

327 1533 458 1599 Quia
500 1536 622 1606 agni
667 1537 927 1605 sanguine
969 1538 1163 1606 januas
1205 1549 1473 1594 unxerunt
1518 1543 1644 1596 olim
1689 1541 1919 1611 majores

328 1627 497 1682 nostri
537 1630 588 1681 in
634 1627 900 1699 IEgypto,
935 1646 1003 1684 ne
1043 1640 1282 1686 vastator
1325 1634 1545 1703 angelus
1584 1636 1802 1690 veniens
1836 1637 1919 1689 vi-

327 1721 566 1792 densque
591 1722 846 1777 insultare
867 1723 1106 1788 auderet,
1129 1733 1183 1778 et
1207 1726 1416 1796 plagam
1441 1725 1702 1796 inﬁigeret
1723 1727 1914 1796 (Exod.

329 1811 417 1866 12.
461 1811 576 1882 27).
625 1814 854 1882 Eratque
894 1814 1146 1884 deinceps
1186 1814 1382 1870 festum
1433 1829 1684 1887 perpetua
1730 1819 1920 1872 salutis

326 1907 782 1961 commemoratio.
816 1905 925 1961 lmo
961 1923 1090 1963 vero
1124 1924 1228 1962 non
1260 1907 1312 1962 id
1344 1909 1514 1963 solum
1557 1910 1917 1976 lucrabantur,

329 1998 469 2067 quod
500 1997 578 2052 eis
613 1999 952 2068 antiquorum
995 2000 1372 2057 beneﬁciorum
1413 2004 1723 2056 memoriam
1763 2019 1920 2058 revo-

328 2100 512 2155 caret,
543 2090 638 2146 sed
665 2103 718 2146 et
742 2091 884 2146 aliud
913 2092 1084 2161 majus
1107 2135 1122 2160 ,
1156 2094 1296 2164 quod
1327 2096 1500 2151 futura
1534 2095 1919 2164 praeﬁguraret.

330 2180 425 2236 llle
453 2183 645 2252 quippe
673 2197 840 2252 agnus
868 2183 1033 2253 ﬁgura
1062 2193 1178 2239 erat
1211 2185 1430 2240 alterius
1459 2186 1576 2254 agni
1610 2184 1917 2253 spiritttalis,

329 2282 385 2328 et
405 2272 519 2326 ovis
545 2287 700 2328 ovem
730 2273 1075 2343 prtenotahat.
1106 2274 1283 2344 Atque
1314 2274 1441 2328 illud
1473 2275 1683 2344 quidem
1713 2275 1922 2340 umbra,

334 2365 436 2420 hoc
461 2365 657 2419 veritas
678 2373 811 2419 erat.
835 2365 968 2420 Cum
1002 2375 1179 2421 autem
1208 2367 1543 2435 apparuisset
1567 2365 1656 2420 Sol
1681 2365 1928 2435 justitiae,

335 2456 522 2511 umbra
551 2457 778 2511 cessavit
807 2474 820 2512 :
845 2458 1050 2511 oriente
1076 2457 1272 2526 quippe
1312 2457 1424 2509 sole
1462 2457 1686 2510 solvitur
1711 2455 1920 2511 umbra.

337 2549 462 2605 Ideo
490 2551 540 2604 in
573 2551 758 2605 eadem
797 2550 910 2621 ipsa
942 2566 1122 2606 mensa
1156 2560 1439 2621 utrumque
1470 2551 1674 2606 Pascha
1717 2551 1925 2623 perlici-

337 2650 443 2704 tur,
473 2651 526 2695 et
553 2641 659 2712 typi
684 2651 738 2696 et
761 2642 1014 2697 veritatis.
1039 2642 1495 2710 Quemadmodum
1527 2643 1669 2698 enim
1695 2644 1925 2714 pictores

335 2731 390 2786 in
418 2731 605 2786 eadem
634 2731 745 2802 ipsa
778 2731 952 2786 tabula
989 2741 1043 2787 et
1084 2733 1256 2787 lineas
1285 2733 1693 2789 circumducunt
1720 2742 1774 2789 ct
1802 2751 1923 2787 nm-

336 2825 486 2880 bram
529 2825 853 2896 depingunt,
900 2833 1132 2894 tuncque
1168 2826 1408 2881 colorum
1445 2826 1724 2881 veritatem
1762 2842 1927 2896 appo-

338 2925 514 2970 nunt:
545 2916 622 2970 sic
659 2925 712 2970 et
753 2916 996 2970 Christus
1040 2915 1164 2970 fecit
1200 2933 1213 2969 :
1258 2917 1310 2971 in
1352 2916 1538 2971 eadem
1585 2917 1698 2986 ipsa
1741 2932 1925 2970 mensa

339 3009 569 3078 typicum
601 3007 804 3062 Pascha
830 3007 1109 3076 descripsit
1129 3047 1144 3071 ,
1174 3014 1227 3062 et
1255 3022 1438 3061 verum
1474 3006 1694 3062 addidit.
1731 3005 1828 3061 Ubi
1854 3007 1927 3062 vis

340 3115 573 3168 paremus
609 3097 696 3152 tibi
738 3098 996 3152 comedere
1038 3097 1281 3152 Pascha?
1309 3098 1457 3152 Tunc
1497 3097 1774 3154 Iudaicum
1812 3106 1929 3153 erat

341 3188 542 3243 Pascha
562 3229 578 3252 ,
608 3188 701 3242 sed
732 3191 977 3244 veniente
1005 3190 1118 3245 sole
1143 3231 1159 3256 ,
1190 3190 1408 3246 lucerna
1434 3205 1502 3248 ne
1530 3191 1705 3247 luceat
1731 3207 1744 3245 :
1770 3205 1927 3245 accc-

341 3281 502 3336 dente
529 3280 773 3345 veritate,
800 3293 974 3336 cesset
999 3280 1191 3337 deinde
1218 3281 1426 3336 umbra.

413 3375 466 3429 5.
485 3375 671 3428 Contra
689 3373 918 3428 Judwos.
938 3375 957 3445 (
977 3373 1099 3428 Vide
1123 3376 1174 3428 in
1205 3374 1444 3430 Homiliis
1458 3383 1632 3429 contra
1655 3374 1827 3438 eos,'l'.
1849 3374 1925 3445 l.)

341 3494 412 3504 —
442 3465 563 3520 Haec
587 3465 785 3520 Judaais
812 3465 954 3531 dico,
985 3466 1105 3535 quia
1136 3466 1380 3521 videntur
1404 3466 1609 3521 Pascha
1633 3465 1925 3531 celebrare,

340 3558 464 3626 quia
491 3556 780 3625 impudenti
807 3557 1030 3612 consilio
1051 3572 1233 3628 azyma
1261 3556 1517 3626 objiciunt
1545 3557 1617 3610 illi
1647 3557 1930 3611 incircum-

342 3648 438 3701 eisi
461 3649 645 3702 corde.
674 3647 973 3716 Quomodo,
992 3664 1194 3718 qumso,
1217 3648 1416 3702 Pascha
1438 3649 1695 3712 celebras,
1714 3647 1928 3703 Iuda-ei

343 3739 623 3810 Templum
651 3741 879 3794 dirutum
911 3748 993 3794 est
1015 3780 1030 3806 ,
1062 3741 1229 3793 altare
1258 3740 1521 3794 sublatum
1547 3782 1562 3806 ,
1592 3747 1774 3794 sancta
1803 3754 1928 3793 san-

341 3839 548 3884 ctorum
569 3830 898 3909 conculcata,
917 3845 1074 3885 omne
1097 3829 1341 3884 sacriﬁcii
1368 3845 1532 3899 genus
1554 3829 1782 3884 solutum
1803 3840 1884 3885 est
1913 3846 1928 3884 :

345 3940 443 3979 cur
462 3940 589 3995 ergo
606 3924 769 3980 audes
795 3924 908 3979 hinc
929 3924 1199 3994 illegitima
1230 3926 1575 3995 perpetrare?
1604 3924 1928 3996 Babylonem

343 4016 626 4086 aliquando
646 4016 994 4083 concessisti,
1022 4027 1181 4087 atque
1211 4017 1317 4071 illic
1341 4016 1624 4083 dicebant,
1647 4017 1735 4087 qui
1763 4025 1814 4070 te
1838 4032 1930 4071 ca-

346 4108 548 4177 plivum
601 4106 970 4174 adduxerant,
1006 4107 1220 4163 Cantate
1261 4107 1406 4161 nobis
1445 4109 1507 4162 de
1546 4109 1753 4163 canticis
1802 4109 1931 4164 Sion

345 4198 528 4268 (Psal.
553 4199 675 4254 156.
707 4199 776 4268 5)
815 4217 828 4252 :
859 4208 913 4253 et
938 4208 992 4254 tu
1014 4200 1294 4254 renuebas.
1329 4200 1450 4254 llaec
1475 4215 1632 4269 porro
1653 4200 1931 4254 declarans

349 4292 512 4346 David
537 4292 746 4347 dicebat
777 4310 791 4346 :
822 4291 991 4360 Super
1016 4293 1229 4362 [lumina
1255 4291 1550 4362 Babylonis,
1583 4292 1690 4345 illic
1713 4293 1930 4345 sedimus

345 4391 393 4436 et
421 4383 647 4451 ﬂeuimus
671 4398 688 4436 :
711 4383 762 4436 in
792 4382 1028 4436 salicibus
1055 4384 1107 4436 in
1135 4382 1298 4436 medio
1326 4384 1434 4446 eius
1461 4381 1816 4450 suspendimus
1843 4399 1930 4434 or-

349 4489 482 4542 gana
510 4483 684 4526 nostra
712 4473 883 4546 (Ibid.
909 4490 958 4526 υ.
990 4474 1039 4528 1.
1065 4473 1161 4544 2),
1192 4473 1243 4527 id
1271 4482 1372 4539 est,
1407 4473 1734 4541 psalterium,
1763 4471 1934 4526 citha-

347 4581 461 4621 ram
483 4606 498 4630 ,
522 4566 720 4637 lyram,
751 4575 804 4622 et
832 4576 1045 4621 caetera.
1077 4567 1168 4621 His
1195 4567 1338 4621 enim
1369 4566 1494 4619 olim
1527 4565 1812 4620 utebantur
1835 4606 1849 4626 ,
1880 4575 1936 4619 et

349 4659 431 4714 his
458 4660 692 4729 psalmos
715 4659 980 4715 canebant
1004 4678 1017 4715 :
1042 4659 1262 4729 haecque
1291 4660 1343 4713 in
1372 4659 1733 4729 captivitatem
1763 4657 1932 4712 abdu-

346 4751 416 4804 cti
440 4765 619 4805 secum
651 4752 899 4817 tulerant,
925 4763 982 4806 ut
1007 4761 1410 4806 monumentum
1439 4752 1622 4822 patriae
1646 4761 1933 4806 consuetu-

347 4842 486 4896 tlinis
516 4843 803 4908 haberent,
829 4859 932 4898 non
963 4854 1020 4898 ut
1061 4845 1125 4898 iis
1150 4854 1445 4898 uterentur.
1476 4843 1592 4897 Illic
1617 4845 1757 4897 enim
1783 4885 1797 4909 ,
1825 4846 1932 4908 ait,

348 4935 776 5006 interregaverunt
806 4953 896 4991 nos
919 4978 932 4999 ,
961 4936 1044 5006 qui
1082 4937 1304 5006 captivos
1347 4935 1599 4989 duxerunt
1629 4951 1718 4988 nos
1742 4977 1757 5002 ,
1789 4935 1937 4988 verba

348 5030 638 5081 cantionum
672 5027 842 5097 (Ibid.
868 5043 915 5081 υ.
947 5029 980 5083 5
1002 5027 1043 5098 ).
1075 5029 1141 5082 Et
1175 5027 1439 5093 diximus,
1472 5027 1737 5092 Quomodo
1763 5039 1938 5080 conta-

348 5118 510 5172 bimus
547 5121 796 5172 canticum
837 5119 1043 5172 Domini
1083 5120 1137 5172 in
1178 5129 1313 5173 terra
1349 5117 1559 5172 aliena?
1596 5118 1733 5184 Quid
1760 5118 1936 5173 dicis?

350 5210 614 5264 canticum
640 5209 849 5264 Domini
873 5226 975 5265 non
1003 5219 1186 5264 cantas
1206 5210 1258 5263 in
1283 5219 1421 5264 terra
1444 5209 1636 5276 aliena,
1660 5219 1713 5264 et
1733 5209 1936 5265 Pascha

355 5301 558 5356 Domini
581 5303 822 5358 celebras
849 5303 898 5356 in
928 5312 1064 5358 terra
1093 5303 1302 5358 aliena?
1328 5303 1510 5359 Viden‘
1533 5304 1794 5374 ingratum
1817 5305 1936 5358 ani-
1967 5301 1971 5306 ’

352 5393 537 5446 mum?
567 5393 739 5448 viden‘
768 5394 1137 5464 iniquitatem?
1166 5395 1296 5450 Cum
1322 5396 1518 5451 inimici
1547 5398 1815 5467 erantqui
1842 5413 1938 5452 co-

352 5494 562 5552 gerent,
591 5501 657 5539 ne
686 5487 946 5554 psalmum
977 5487 1188 5556 quidem
1217 5487 1395 5542 dicere
1422 5489 1687 5542 audebant
1716 5491 1766 5542 in
1797 5498 1938 5544 terra

349 5577 554 5640 aliena;
585 5593 722 5631 nunc
747 5587 924 5632 autem
952 5594 1044 5632 sua
1077 5590 1264 5648 sponte
1291 5623 1302 5640 .
1329 5581 1537 5635 nemine
1563 5592 1784 5650 cogente
1805 5624 1818 5647 ,
1849 5598 1945 5637 nc-

354 5670 497 5724 mine
519 5670 622 5724 vim
647 5671 924 5737 inferente,
947 5671 1141 5726 bellum
1167 5672 1398 5727 inferunt
1421 5674 1548 5728 Deo.
1575 5674 1758 5730 Viden’
1780 5691 1939 5745 quam

352 5761 560 5830 impura
584 5763 688 5816 sint
711 5777 893 5834 azyma
916 5763 940 5816 ?
967 5779 1125 5835 quam
1153 5765 1485 5835 illegitimum
1518 5765 1755 5822 festum?
1783 5783 1940 5838 quam

355 5869 479 5909 vere
506 5870 608 5909 non
637 5855 708 5910 sit
731 5855 932 5912 Pascha
962 5855 1281 5914 Iudaicum?
1311 5858 1437 5914 Erat
1471 5859 1596 5915 olim
1630 5860 1830 5918 Pascha
1859 5860 1943 5917 Ju-

1407 415 1493 472 ΒΕ
1531 417 1951 476 PRODITIONE
1987 421 2183 480 JUDIE
2251 425 2476 482 HOMIL.
2522 427 2562 482 1.

3509 421 3612 476 580

2024 532 2258 603 daicum,
2288 537 2380 592 sed
2410 555 2550 593 nunc
2570 537 2800 593 solutum
2829 545 2940 596 est,
2971 535 3291 604 advertitque
3330 533 3613 600 Spirituale

2024 626 2248 694 Pascha,
2277 629 2420 699 quod
2453 639 2575 682 tunc
2619 627 2837 683 tradidit
2860 627 3127 682 Christus.
3161 626 3265 680 lllis
3300 627 3439 679 enim
3468 643 3618 679 man-

2020 717 2336 773 docantibus
2371 735 2435 775 ac
2480 720 2818 788 bibentibus,
2866 718 3076 788 inquit,
3117 718 3384 786 accipiens
3423 733 3615 787 panem

2022 808 2178 879 fregit
2215 819 2267 864 et
2295 811 2428 865 dixit
2462 829 2475 865 :
2507 811 2620 864 Hoc
2647 821 2716 866 est
2743 827 2928 882 corpus
2957 825 3123 862 meum
3143 850 3158 872 ,
3190 808 3326 878 quod
3360 825 3452 876 pro
3479 809 3617 863 vobis

2021 902 2274 970 frangitur
2297 903 2349 955 in
2385 904 2733 956 remissionem
2761 911 3082 971 peccatorum
3109 899 3329 971 (Matth.
3360 898 3449 954 26.
3477 898 3548 952 26

2020 991 2205 1046 Sciunt
2227 993 2280 1056 ii,
2303 993 2392 1062 qui
2417 994 2605 1047 initiati
2629 1002 2774 1058 sunt,
2804 994 2888 1047 illa
2914 1009 3032 1063 quae
3057 993 3326 1057 dicuntur,
3352 1001 3406 1045 et
3432 1006 3617 1045 rursus

2020 1082 2240 1136 calicem
2271 1082 2454 1139 dicens
2485 1100 2500 1136 :
2532 1082 2631 1136 Hic
2659 1094 2731 1138 est
2767 1083 2974 1153 sanguis
3001 1099 3170 1147 meus,
3207 1081 3295 1152 qui
3322 1097 3414 1150 pro
3443 1080 3616 1134 multis

2021 1175 2298 1241 e/funditur
2321 1177 2372 1230 in
2402 1178 2742 1230 remissionem
2771 1187 3086 1247 peccatorum
3114 1176 3282 1244 (Ibid.
3313 1177 3383 1230 28
3405 1175 3443 1245 ).
3473 1173 3617 1231 Ade-

2023 1277 2103 1320 rat
2132 1266 2297 1322 Judas
2326 1267 2441 1322 hinc
2465 1267 2682 1323 Christo
2707 1268 2942 1323 dicente.
2971 1268 3084 1322 lloc
3113 1277 3194 1322 est
3223 1283 3439 1338 corpus,
3471 1264 3616 1337 quod

2022 1358 2341 1426 vendidisti,
2370 1358 2504 1414 Iuda
2528 1401 2542 1424 ,
2575 1358 2788 1430 triginta
2818 1359 3119 1429 argenteis;
3149 1358 3237 1413 hic
3260 1368 3342 1413 est
3360 1359 3573 1428 sanguis
3596 1397 3612 1421 ,

2021 1465 2120 1519 pro
2145 1466 2250 1520 quo
2277 1468 2443 1521 nuper
2464 1460 2613 1521 pacta
2646 1451 2982 1521 impudenter
3005 1451 3177 1505 inibas
3206 1467 3324 1504 cum
3360 1449 3616 1519 improbis

2023 1540 2324 1596 Pharismis.
2349 1545 2392 1597 Ο
2411 1543 2608 1597 Christi
2634 1544 3042 1612 benignitatem!
3073 1559 3104 1594 o
3125 1542 3272 1596 Jutlae
3290 1542 3611 1596 dementiam

2023 1646 2077 1686 et
2105 1633 2400 1688 insaniam!
2435 1633 2528 1690 llle
2568 1649 2796 1704 namque
2823 1633 3064 1689 vendidit
3097 1633 3243 1688 illum
3273 1635 3489 1702 triginta
3516 1632 3615 1686 de—

2027 1729 2210 1794 nariis,
2229 1728 2472 1784 Christus
2487 1743 2614 1785 vero
2640 1736 2821 1797 postea
2853 1744 2958 1782 non
2982 1727 3253 1782 recusavit
3279 1727 3419 1780 hunc
3443 1727 3615 1795 ipsum

2025 1821 2333 1889 sanguinem
2370 1820 2644 1875 venditum
2683 1818 2935 1873 vendenti
2979 1817 3108 1872 dare
3147 1817 3200 1872 in
3245 1817 3616 1872 remissionem

2027 1921 2387 1982 peccatorum,
2413 1912 2673 1982 siquidem
2696 1912 2980 1966 voluisset.
3012 1911 3209 1964 Aderat
3233 1909 3417 1972 Judas,
3451 1920 3504 1965 et
3527 1925 3618 1964 sa-

2027 2018 2132 2057 cra:
2169 2018 2364 2058 mensae
2393 2003 2658 2073 particeps
2692 2012 2825 2056 erat.
2854 2002 3003 2056 Sicut
3030 2002 3173 2055 enim
3206 2001 3369 2071 pedes
3395 2001 3512 2070 ejus
3539 2001 3620 2054 la-

2025 2094 2122 2153 vit.
2152 2103 2208 2147 nt
2236 2105 2290 2148 et
2316 2094 2542 2149 aliorum
2581 2094 2964 2163 discipulorum
2987 2135 3001 2160 ,
3035 2095 3104 2147 ita
3144 2103 3197 2148 et
3227 2108 3393 2147 sacrae
3419 2107 3621 2148 mensa:

2022 2185 2293 2255 particeps
2320 2186 2407 2239 ille
2438 2186 2531 2239 fuit
2557 2227 2570 2249 ,
2602 2195 2659 2240 ut
2687 2185 2888 2239 nullum
2918 2184 3277 2239 excusationis
3311 2185 3484 2238 locum
3515 2184 3612 2237 ha-

2026 2280 2200 2343 heret,
2218 2279 2262 2332 si
2282 2276 2334 2331 in
2353 2277 2586 2347 nequitia
2611 2286 2995 2347 perseveraret.
3018 2275 3208 2331 Omnia
3225 2275 3366 2330 enim
3390 2291 3508 2346 quae
3532 2291 3625 2344 pe-

2031 2383 2126 2424 nes
2155 2385 2213 2425 se
2246 2379 2398 2426 erant
2427 2370 2684 2428 Dominus
2723 2369 3036 2424 exhibuerat
3071 2377 3125 2423 et
3163 2367 3459 2437 protulerat
3488 2382 3501 2418 :
3531 2368 3623 2422 ille

2031 2478 2160 2517 vero
2189 2465 2240 2519 in
2267 2463 2408 2518 malo
2435 2478 2532 2517 suo
2557 2464 2832 2532 proposito
2858 2462 3072 2517 mansit.

2101 2556 2154 2610 6.
2199 2554 2360 2609 Panis
2385 2557 2778 2625 trausformatur
2805 2554 2856 2606 in
2888 2551 3233 2619 Eucharistia,
3262 2561 3308 2605 et
3335 2551 3391 2620 fit
3419 2551 3624 2618 sacriﬁ.

2032 2647 2162 2698 cium
2182 2650 2478 2717 perfectum.
2502 2675 2575 2685 —
2599 2643 2705 2700 Sed
2737 2655 2941 2714 tempus
2962 2643 3180 2697 demum
3209 2650 3291 2697 est
3309 2641 3376 2696 ad
3397 2642 3591 2696 horren

2031 2736 2152 2790 dam
2191 2736 2328 2790 hanc
2366 2751 2606 2791 mensam
2654 2734 2966 2790 accedendi.
3007 2735 3206 2789 Omnes
3249 2735 3424 2803 itaque
3467 2749 3625 2788 acce-

2032 2828 2220 2883 damus
2258 2843 2380 2882 cum
2425 2827 2735 2897 congruenti
2785 2826 3136 2895 temperantia
3183 2840 3248 2880 ac
3289 2826 3556 2896 vigilantia
3606 2843 3620 2878 :

2035 2918 2209 2972 nullus
2233 2919 2369 2972 ultra
2399 2917 2566 2973 Iudas
2591 2926 2709 2972 esto
2727 2958 2744 2984 ,
2773 2917 2949 2972 nullus
2980 2915 3256 2985 improbus
3277 2956 3292 2980 ,
3327 2916 3505 2969 nullus
3531 2933 3625 2969 ve-

2035 3024 2174 3064 neno
2199 3007 2446 3075 infectus,
2473 3023 2646 3077 neque
2669 3009 2770 3062 alia
2797 3008 2849 3061 in
2870 3021 2964 3062 ore.
2985 3020 3226 3071 versans,
3249 3006 3349 3059 alia
3374 3006 3425 3060 in
3448 3018 3628 3061 mente

2035 3101 2289 3156 retinens.
2321 3099 2487 3155 Adest
2514 3099 2794 3164 Chrlstus,
2820 3108 2875 3154 et
2903 3114 3045 3155 nunc
3073 3101 3137 3163 is,
3169 3098 3262 3168 qui
3293 3113 3530 3153 mensam
3561 3101 3626 3152 il-

2035 3195 2138 3248 lam
2160 3193 2454 3264 apparavit,
2477 3192 2566 3248 hic
2591 3193 2706 3263 ipse
2730 3191 2868 3246 hanc
2895 3205 3035 3245 nunc
3064 3199 3310 3245 exornat.
3340 3190 3454 3245 Non
3482 3193 3625 3245 enim

2036 3287 2196 3340 homo
2219 3293 2301 3341 est
2321 3325 2338 3352 ,
2359 3284 2451 3356 qui
2480 3282 2609 3338 facit
2639 3291 2695 3338 ut
2721 3282 2991 3354 proposita
3017 3281 3316 3335 efﬁciantur
3341 3297 3535 3350 corpus
3574 3292 3628 3336 ul

2035 3376 2250 3446 sanguis
2277 3374 2473 3431 Christi
2497 3416 2513 3441 ,
2540 3373 2634 3430 sed
2661 3374 2774 3443 ipse
2800 3373 3042 3426 Christus
3072 3373 3160 3442 qui
3192 3388 3290 3442 pro
3317 3373 3470 3427 nobis
3499 3389 3595 3427 cru
3614 3403 3627 3413 -

2035 3468 2224 3522 ciﬁxus
2251 3473 2354 3521 est.
2381 3465 2628 3535 Figuram
2661 3465 2887 3534 implens
2914 3473 3018 3519 stat
3042 3465 3296 3518 sacerdos
3334 3465 3496 3520 verba
3537 3465 3629 3520 illa

2039 3559 2316 3630 proferens
2349 3576 2362 3612 :
2394 3559 2562 3613 virtus
2608 3567 2787 3612 autem
2831 3567 2885 3613 et
2924 3559 3092 3627 gratia
3134 3557 3225 3612 Dei
3270 3567 3372 3613 est.
3406 3557 3519 3611 Hoc
3555 3569 3631 3612 cst

2035 3667 2220 3721 corpus
2257 3667 2462 3718 meum,
2493 3651 2682 3720 inquit.
2727 3649 2838 3706 Hoc
2876 3649 3095 3704 verbum
3143 3650 3481 3703 trans'ormat
3524 3666 3583 3705 ea
3606 3687 3631 3717 ,

2035 3760 2155 3814 quze
2176 3743 2446 3814 proposita
2470 3751 2616 3798 sunt.
2641 3744 2717 3797 Ac
2742 3741 3188 3812 quemadmodum
3215 3759 3314 3795 vox
3344 3743 3430 3796 illa
3464 3760 3477 3796 :
3509 3741 3630 3796 Cre-

2036 3836 2177 3900 scite,
2211 3843 2258 3889 et
2285 3833 2712 3905 multiplicamini,
2745 3844 2792 3887 et
2817 3834 3002 3902 replete
3028 3843 3210 3886 terram
3234 3832 3388 3902 (Cen.
3421 3835 3471 3888 1.
3498 3834 3589 3904 28)
3611 3877 3627 3897 ,

2037 3925 2206 3982 semel
2236 3924 2450 3997 quidem
2501 3926 2705 3995 prolata
2753 3933 2870 3989 est,
2909 3923 3055 3977 omni
3094 3939 3220 3976 vero
3257 3932 3497 3993 tempore
3536 3940 3632 3978 na-

2040 4028 2172 4072 tura:
2202 4027 2401 4072 nostrae
2426 4016 2532 4070 vim
2560 4015 2760 4086 prmbet
2803 4014 2869 4068 ad
2903 4013 3129 4068 ﬁliorum
3163 4015 3584 4082 procreationem
3613 4033 3626 4079 ;

2040 4112 2110 4166 ita
2136 4119 2192 4165 et
2218 4125 2318 4164 vox
2361 4109 2477 4164 haec
2515 4108 2680 4164 semel
2720 4109 2922 4177 prolata
2962 4107 3014 4160 in
3057 4107 3312 4161 Ecclesiis
3346 4105 3411 4160 ad
3445 4123 3632 4160 unam.

2038 4218 2306 4274 quamque
2335 4215 2576 4256 mensam
2599 4239 2616 4266 ,
2646 4199 2714 4254 ab
2745 4199 2836 4253 illo
2862 4197 2929 4252 ad
2960 4197 3272 4252 hodiernum
3302 4212 3468 4267 usque
3497 4207 3632 4250 tem-

2041 4310 2140 4364 pus
2158 4301 2213 4347 et
2235 4307 2402 4362 usque
2422 4290 2490 4345 ad
2517 4289 2809 4345 adventum
2834 4288 2969 4358 ejus,
2995 4288 3315 4342 sacriﬁcium
3338 4289 3628 4358 perfectum

2039 4386 2220 4442 efﬁcit.
2255 4384 2440 4438 Nullus
2467 4382 2626 4452 igitur
2650 4381 2927 4435 simulatus
2965 4379 3205 4445 accedat,
3239 4379 3415 4432 nullus
3445 4381 3634 4449 ncqui-

2041 4479 2109 4532 tia
2141 4477 2355 4548 plenus,
2385 4476 2560 4530 nullus
2588 4483 2848 4529 venenata
2878 4481 3060 4527 mente
3085 4514 3100 4536 ,
3133 4488 3200 4526 ne
3225 4472 3276 4526 in
3302 4473 3630 4526 condemna—

2041 4571 2238 4625 tionem
2261 4571 2527 4641 particeps
2557 4567 2842 4624 efﬁciatur.
2871 4566 3022 4621 Tunc
3047 4566 3190 4620 enim
3218 4575 3337 4635 post
3355 4579 3631 4636 acceptam

2040 4661 2362 4716 oblationem
2381 4701 2397 4727 ,
2421 4659 2664 4714 diabolus
2700 4657 2886 4713 insiliit
2918 4657 2973 4711 in
3005 4656 3196 4712 Judam
3217 4697 3233 4722 ,
3263 4673 3368 4712 non
3399 4658 3634 4712 Domini.

2041 4768 2162 4808 cum
2183 4767 2377 4824 corpus
2391 4749 2808 4822 despiciens,sed
2829 4749 3017 4804 Judam
3035 4749 3496 4818 obimpudentiam
3515 4767 3634 4804 con-

2045 4855 2319 4911 temnens;
2349 4855 2406 4899 ut
2425 4845 2600 4899 discas
2631 4845 2684 4898 in
2713 4859 2806 4899 eos
2830 4842 3083 4906 maxime,
3115 4843 3202 4912 qui
3228 4843 3404 4897 divina
3435 4854 3636 4914 myste-

2043 4940 2118 4994 ria
2149 4938 2360 5008 indigne
2397 4937 2750 5007 participant,
2783 4934 3090 5004 frequenter
3125 4935 3326 4989 insilire
3354 4943 3408 4990 et
3435 4936 3634 4990 irrum-

2044 5047 2169 5101 pere
2189 5029 2479 5094 diabolum,
2506 5036 2562 5082 ut
2587 5038 2712 5082 tunc
2735 5026 2886 5082 Juda:
2907 5026 3146 5096 contigit.
3173 5025 3383 5080 Etenim
3402 5025 3634 5080 honores

2044 5138 2138 5178 eos
2159 5121 2247 5191 qui
2284 5119 2429 5190 digni
2473 5129 2595 5174 sunt
2635 5119 2856 5189 juvant,
2891 5133 2986 5174 eos
3014 5133 3141 5173 vero
3183 5119 3275 5187 qui
3317 5117 3529 5188 indigne
3571 5119 3638 5172 iis

2045 5215 2312 5278 fruuntur,
2347 5213 2399 5267 in
2426 5213 2598 5281 majus
2628 5212 2945 5281 supplicium
2985 5211 3293 5280 cenjiciunt.
3326 5209 3450 5264 llzec
3477 5225 3637 5278 porro

2046 5322 2152 5360 non
2181 5314 2238 5360 ut
2267 5320 2365 5358 vos
2388 5305 2716 5358 terrefaciatn
2735 5303 2873 5365 dico,
2905 5303 2998 5357 sed
3023 5313 3079 5356 ut
3098 5302 3366 5356 cautiores
3388 5301 3631 5356 reddam.

2046 5399 2215 5454 Nemo
2237 5399 2412 5468 itaque
2441 5398 2508 5451 sit
2534 5398 2719 5464 Judas,
2747 5412 2905 5450 nemo
2933 5395 3258 5464 ingrediatur
3280 5395 3524 5463 nequitia:
3547 5411 3638 5448 ve-

2051 5506 2187 5545 neno
2213 5489 2457 5543 infectus.
2490 5489 2621 5543 Nam
2661 5489 2976 5542 sacriﬁcium
3015 5495 3097 5539 est
3134 5485 3420 5555 spiritualis
3445 5485 3633 5541 cibus:

2049 5598 2112 5636 ac
2135 5580 2584 5652 quemadmodum
2623 5580 2773 5634 cibus
2800 5592 3092 5648 corporeus
3116 5618 3130 5641 ,
3163 5591 3284 5630 cum
3315 5576 3365 5628 in
3396 5587 3638 5629 ventrem

2051 5675 2232 5745 pravis
2255 5673 2570 5728 humoribus
2599 5671 2858 5742 repletum
2893 5669 3160 5733 inciderit,
3187 5677 3344 5737 auget
3369 5668 3635 5735 morbum,

2054 5783 2157 5821 non
2204 5775 2390 5819 natura
2434 5779 2528 5818 sua
2553 5803 2568 5828 ,
2608 5761 2703 5817 sed
2733 5761 2933 5817 ventris
2980 5759 3288 5815 inﬁrmitate
3322 5777 3336 5813 :
3365 5759 3435 5814 ita
3477 5761 3636 5814 etiam

2054 5856 2314 5927 contingit
2338 5857 2389 5910 in
2412 5854 2774 5927 spiritualibus
2803 5853 3107 5924 mysteriis;
3138 5866 3259 5906 nam
3290 5866 3410 5906 cum
3441 5851 3492 5907 in
3519 5851 3634 5905 ani-
