4066 6392
459 409 556 464 Sili

461 539 601 580 mam
631 520 912 577 inciderint
931 518 1160 588 nequitia
1190 517 1418 587 plenam,
1443 516 1585 570 illam
1614 513 1781 584 magis
1800 528 2039 568 corrum-

462 630 594 685 punt
617 623 671 668 et
703 612 1055 676 labefactant,
1092 624 1195 664 non
1237 620 1423 662 natura
1456 622 1547 661 sua
1567 647 1580 670 ,
1612 604 1705 659 sed
1735 604 2043 674 recipientis

458 707 652 761 animm
697 704 1028 759 inﬁrmitate.
1078 701 1246 756 Nemo
1287 699 1447 770 igitur
1489 697 1657 753 malas
1693 696 2043 767 cogitationes

459 797 600 852 intus
625 796 836 861 haheat,
864 794 956 849 sed
989 800 1223 847 mentem
1253 804 1539 861 purgemus
1572 806 1585 842 :
1614 788 1811 843 etenim
1840 785 1907 840 ad
1939 801 2044 855 pu-

459 902 578 941 rum
606 885 922 941 sacriﬁcium
965 883 1300 945 accedimus;
1332 888 1570 936 sanctam
1610 878 1895 934 reddamus
1920 877 2042 931 ani-

458 994 598 1032 mam
625 997 636 1031 :
662 979 763 1032 hoc
784 977 924 1032 enim
950 976 1035 1030 vel
1063 990 1167 1029 uno
1195 974 1281 1027 die
1308 972 1487 1043 perﬁci
1518 980 1709 1041 potest.
1738 968 2037 1036 Quomodo,

456 1086 558 1139 qua
592 1068 835 1123 ratione?
876 1068 931 1123 Si
961 1067 1086 1137 quid
1122 1066 1320 1121 habeas
1354 1072 1540 1120 contra
1570 1062 1841 1116 inimicum
1865 1101 1882 1125 ,
1915 1060 2040 1115 tolle

455 1162 609 1225 iram,
634 1160 838 1229 plagam
861 1158 1004 1212 illam
1030 1172 1178 1221 cura,
1206 1155 1351 1211 solve
1378 1154 1727 1217 inimicitiam,
1752 1162 1806 1207 ut
1832 1167 1861 1205 a
1884 1167 2040 1206 men-

453 1264 512 1303 sa
535 1249 794 1303 medelam
822 1248 1052 1317 accipias
1076 1266 1090 1300 :
1116 1246 1181 1300 ad
1210 1245 1535 1301 horrendum
1561 1243 1703 1299 enim
1724 1251 1779 1298 et
1796 1251 2038 1297 sanctum

451 1340 771 1394 sacriﬁcium
800 1338 1023 1393 accedis.
1058 1338 1363 1392 ltevereare
1394 1336 1549 1405 hujus
1577 1334 1862 1390 oblationis
1881 1348 2039 1403 argu-

454 1442 712 1497 mentum,
744 1431 953 1487 occisus
989 1431 1135 1499 jacet
1162 1428 1427 1484 Christus.
1459 1428 1621 1497 Cujus
1647 1442 1773 1482 vero
1795 1442 1955 1481 causa
1985 1435 2039 1481 et

453 1538 620 1592 quare
638 1523 846 1577 occisus
869 1522 988 1577 est?
1015 1520 1085 1576 Ut
1109 1519 1418 1575 ctnlestibus
1443 1518 1601 1573 simul
1627 1527 1681 1571 et
1700 1518 1927 1573 terrenis
1947 1532 2040 1586 pa-

450 1630 568 1669 cem
599 1615 844 1681 aﬁ'erret,
874 1622 932 1668 ut
957 1624 1009 1668 te
1033 1614 1338 1681 angelorum
1370 1612 1529 1666 etiam
1561 1611 1788 1665 amicum
1816 1610 2033 1677 faceret,

450 1716 509 1762 ut
526 1715 576 1761 te
600 1722 719 1762 cum
746 1707 853 1761 Deo
876 1706 1243 1760 universorum
1266 1702 1653 1769 reconciliaret,
1674 1712 1731 1756 ut
1750 1712 1803 1757 te
1827 1703 2035 1757 hostem

448 1808 503 1852 et
545 1798 907 1853 adversarium
947 1798 1177 1850 amicum
1221 1794 1443 1849 faceret.
1476 1794 1571 1849 Ille
1611 1794 1845 1849 animam
1882 1809 2035 1848 suam

448 1890 595 1944 dedit
618 1905 715 1959 pro
736 1889 821 1954 iis,
846 1888 933 1959 qui
961 1903 1018 1941 se
1037 1887 1296 1953 oderant;
1325 1895 1383 1941 tu
1405 1900 1534 1941 vero
1560 1885 1889 1941 inimicitiam
1916 1899 2033 1939 ser-

447 1996 544 2035 vas
584 1991 770 2034 contra
810 1978 1168 2034 conservum?
1211 1986 1267 2033 et
1307 1991 1414 2047 quo
1452 1985 1610 2047 pacto
1646 1976 1796 2032 adire
1836 1977 2035 2046 poteris

447 2089 685 2129 mensam
708 2073 889 2143 pacis?
914 2081 970 2128 et
999 2072 1091 2128 ille
1114 2085 1183 2127 ne
1207 2070 1345 2125 mori
1371 2060 1588 2140 quidem
1615 2083 1712 2140 pro
1743 2076 1795 2124 te
1816 2083 2032 2124 recusa-

448 2165 540 2227 vit,
571 2172 625 2217 tu
654 2179 781 2218 vero
817 2164 950 2218 iram
978 2176 1239 2218 conservo
1280 2162 1354 2215 tui
1386 2161 1551 2230 ipsius
1574 2174 1733 2214 causa
1760 2160 2035 2214 remittere

444 2255 671 2311 abnuis?
699 2270 863 2325 ecqua
892 2255 1007 2309 haec
1045 2254 1196 2310 venia
1233 2253 1389 2323 digna
1420 2251 1588 2308 sunt?
1625 2252 1748 2307 Mihi
1777 2252 2031 2307 damnum

445 2346 644 2411 intulit,
676 2347 884 2415 inquies
908 2386 923 2411 ,
952 2354 1007 2400 et
1047 2344 1335 2399 admodum
1368 2359 1453 2398 me
1483 2342 1641 2398 laesit.
1680 2343 1751 2398 Et
1772 2343 1898 2411 quid
1926 2342 2029 2399 hoc

443 2437 558 2489 est?
586 2436 937 2490 Pecuniarum
965 2445 1047 2490 est
1075 2434 1326 2489 damnum
1356 2452 1369 2487 :
1404 2434 1640 2490 nondum
1669 2435 1813 2489 enim
1840 2435 2015 2492 vulne-

444 2530 578 2582 ravit
600 2528 738 2581 sicut
765 2527 1035 2582 Christum
1063 2526 1261 2593 Iudas;
1292 2535 1524 2581 attamen
1556 2527 1669 2596 ipse
1693 2525 2027 2596 sanguinem,

441 2620 532 2689 qui
561 2618 761 2674 effusus
788 2627 893 2684 est,
919 2618 969 2672 in
1001 2619 1260 2688 ipsorum,
1290 2618 1380 2688 qui
1411 2616 1772 2677 eﬁ‘undebant,
1803 2617 2030 2671 salutem

439 2712 606 2766 dedit.
629 2711 765 2778 Quid
784 2712 908 2766 huic
929 2712 1005 2766 rei
1031 2710 1314 2781 pardicere
1334 2711 1549 2767 valeas?
1570 2712 1625 2767 Si
1643 2726 1747 2766 non
1766 2711 2031 2767 dimiseris

442 2807 672 2870 inimico,
694 2820 799 2859 non
823 2804 969 2859 illum
995 2804 1167 2868 laedis,
1193 2803 1286 2859 sed
1316 2804 1563 2874 teipsum.
1592 2804 1741 2859 illum
1767 2803 2027 2875 siquidem

439 2914 583 2968 smne
618 2899 669 2953 in
720 2898 819 2953 hac
844 2899 952 2953 vita
996 2898 1178 2952 laesisti
1203 2938 1219 2963 ,
1263 2898 1490 2967 teipsum
1533 2912 1664 2953 vero
1694 2897 1846 2951 venia
1887 2896 2026 2951 indi-

439 3004 602 3059 gnum
633 2989 948 3055 reddidisti,
977 2989 1030 3043 in
1062 2991 1268 3044 actione
1294 2988 1456 3043 futuri
1481 2987 1689 3058 judicii.
1716 2988 1855 3043 Nihil
1883 2989 2025 3043 enim

439 3080 509 3133 ita
543 3080 678 3133 Deus
706 3080 819 3134 odit
845 3089 902 3134 ut
945 3079 1214 3135 hominem
1262 3079 1578 3149 injuriarum
1605 3093 1896 3134 memorem
1921 3122 1936 3143 ,
1970 3088 2027 3133 ut

438 3187 533 3228 cor
555 3182 764 3228 tumens
789 3181 844 3227 et
871 3173 1106 3227 animum
1134 3177 1212 3228 ira
1237 3172 1533 3228 ardentem.
1559 3171 1699 3226 Audi
1724 3171 1880 3242 igitur
1898 3171 2023 3241 quid

436 3263 580 3318 dicat
616 3282 629 3318 :
658 3262 783 3318 Cum
810 3262 1046 3317 obtuleris
1072 3279 1256 3317 munus
1282 3272 1424 3317 tuum
1451 3263 1520 3316 ad
1552 3264 1714 3317 altare
1736 3304 1754 3329 ,
1782 3273 1829 3317 et
1857 3262 1927 3315 ibi
1945 3279 2024 3317 re.

435 3358 672 3410 cordatus
711 3357 867 3426 fueris
895 3356 1104 3411 adstans
1140 3356 1326 3423 altari,
1356 3356 1491 3424 quod
1514 3358 1672 3425 frater
1701 3365 1816 3408 tuus
1845 3355 2022 3408 habeat

434 3447 628 3516 aliquid
656 3448 918 3500 adversum
946 3457 992 3500 te
1022 3462 1040 3500 :
1068 3446 1291 3516 relinque
1328 3462 1511 3499 munus
1552 3456 1693 3499 tuum
1728 3445 1797 3499 ad
1820 3446 1982 3500 altare
2002 3487 2019 3511 ,

434 3545 482 3590 et
518 3540 688 3591 abiens
724 3538 1049 3591 reconciliare
1095 3539 1243 3607 fratri
1289 3548 1375 3591 tuo
1399 3581 1414 3602 ,
1454 3548 1501 3591 et
1532 3547 1650 3592 tunc
1687 3538 1814 3605 offer
1838 3554 2021 3592 munus

434 3639 577 3682 tuum
608 3629 836 3700 (Matth.
881 3631 936 3685 5.
978 3629 1070 3685 εδ.
1099 3630 1228 3701 ει).
1261 3630 1398 3697 Quid
1440 3631 1573 3686 dicis
1594 3674 1608 3697 ,
1641 3632 2019 3687 Dimittamne?

434 3786 493 3801 -ο

1153 414 1210 470 S.
1251 410 1528 469 IOANNIS
1563 403 2040 463 CHRYSOSTOMI
2080 402 2397 461 ARCHIEP.
2438 400 2962 461 CONSTANTINOP.

3623 396 3730 452 382

2150 509 2345 576 Etiam,
2369 510 2559 579 inquit,
2586 509 2655 565 ob
2676 524 2861 580 pacem
2891 510 3034 565 enim
3062 524 3184 565 cum
3211 508 3374 567 fratre
3399 519 3490 567 tuo
3516 510 3617 568 hoc
3638 530 3728 567 sa-

2144 602 2401 656 crificium
2419 601 2712 655 institutum
2732 598 2901 655 est.Si
2931 600 3091 670 igitur
3113 602 3182 656 ob
3199 616 3382 671 pacem
3412 617 3530 657 cum
3564 603 3729 661 fratre

2146 699 2239 747 tuo
2262 691 2574 747 servandam
2614 692 2715 745 hoc
2744 689 3062 745 sacriﬁcium
3094 691 3390 747 institutum
3415 702 3519 760 est,
3548 702 3603 749 tu
3631 711 3723 749 au-

2145 792 2255 838 tem
2280 797 2466 852 pacem
2511 798 2617 836 non
2663 782 2766 836 iuis
2785 823 2800 847 ,
2833 782 3025 838 frustra
3055 785 3373 838 sacriﬁcium
3399 786 3677 855 participas
3707 803 3723 841 :

2145 873 2330 928 inutile
2367 888 2594 943 namque
2634 873 2729 927 tibi
2770 873 2872 929 hoc
2908 888 3046 943 opus
3085 873 3333 928 efﬁcitur.
3375 874 3506 930 Illud
3550 878 3727 946 itaque

2145 968 2374 1037 primum
2406 964 2597 1031 facito,
2632 982 2729 1037 pro
2766 981 2873 1036 quo
2916 966 3234 1021 sacriﬁcium
3264 967 3499 1022 oblatum
3528 980 3608 1024 est
3628 1011 3643 1033 ,
3672 980 3729 1024 et

2144 1067 2271 1113 tunc
2295 1057 2387 1112 illo
2415 1056 2640 1128 pulchre
2682 1058 2894 1112 frueris.
2936 1056 3061 1114 ideo
3097 1056 3375 1113 descendit
3405 1058 3567 1113 Filius
3592 1059 3724 1126 Dei,

2142 1158 2200 1205 ut
2220 1159 2462 1204 naturam
2488 1158 2725 1205 nostram
2750 1149 2974 1225 Domino
2998 1163 3097 1203 suo
3118 1150 3485 1205 reconciliaret
3514 1168 3527 1202 :
3552 1166 3725 1220 neque

2142 1242 2263 1297 ideo
2281 1242 2454 1297 solum
2475 1242 2640 1309 venit,
2657 1240 2754 1297 sed
2781 1241 2941 1296 etiam
2974 1248 3032 1295 ut
3059 1256 3180 1307 n0s,
3213 1241 3258 1296 si
3284 1257 3395 1295 rem
3422 1241 3728 1311 hujusmodi

2140 1332 2459 1400 faceremus,
2486 1348 2597 1389 sua:
2614 1332 2986 1403 appellationis
3011 1334 3294 1403 participes
3313 1331 3567 1387 efﬁceret.
3591 1332 3727 1386 Nam

2139 1424 2305 1492 Beati,
2334 1426 2521 1495 inquit,
2544 1426 2765 1495 paciﬁci,
2792 1426 3031 1489 quoniam
3053 1425 3151 1494 ipsi
3178 1423 3273 1491 lilii
3299 1423 3392 1478 Dei
3422 1425 3730 1477 vocabuntur

2139 1518 2369 1590 (Matth.
2396 1518 2451 1573 5.
2478 1517 2567 1588 9).
2597 1517 2749 1583 Quod
2776 1517 2918 1571 enim
2946 1515 3071 1571 fecit
3093 1516 3393 1584 unigenitus
3420 1515 3583 1569 Filius
3608 1514 3727 1581 Dei,

2138 1611 2191 1665 id
2223 1619 2278 1665 tu
2310 1625 2406 1681 pro
2434 1610 2573 1664 virili
2604 1618 2693 1663 tua
2720 1607 2883 1663 facito
2905 1649 2919 1673 ,
2951 1616 3009 1661 ut
3035 1608 3181 1677 pacis
3207 1605 3519 1659 conciliator
3546 1615 3599 1659 et
3630 1605 3725 1659 tibi

2136 1703 2213 1758 sis
2239 1710 2294 1758 et
2314 1702 2455 1762 aliis.
2482 1700 2606 1757 Ideo
2646 1710 2697 1756 te
2726 1700 3001 1770 paciﬁcum
3022 1740 3037 1765 ,
3063 1699 3227 1753 ﬁlium
3259 1698 3349 1753 Dei
3377 1710 3530 1753 vocat
3559 1716 3573 1752 :
3604 1698 3725 1753 ideo

2138 1804 2381 1865 tempore
2405 1794 2658 1851 sacriﬁcii
2696 1792 2900 1848 nullum
2926 1790 3069 1846 aliud
3096 1800 3417 1861 praeceptum
3446 1799 3723 1854 memorat,

2135 1904 2293 1959 quam
2338 1887 2829 1943 reconciliationem
2866 1901 2990 1941 cum
3030 1884 3193 1940 fratre
3216 1926 3232 1952 ,
3266 1884 3555 1940 ostendens
3595 1884 3724 1939 illud

2134 1978 2373 2034 omnium
2419 1979 2707 2033 maximum
2749 1992 2888 2033 esse.
2936 1976 3189 2032 Volebam
3234 1976 3571 2047 prolixiorem
3629 1976 3726 2030 ha—

2135 2069 2262 2125 bere
2286 2083 2588 2124 sermonem
2611 2111 2626 2135 ,
2659 2070 2753 2125 sed
2795 2069 2859 2124 iis
2901 2068 2990 2138 qui
3028 2066 3128 2123 sibi
3166 2066 3445 2121 attendunt
3473 2066 3587 2121 haec
3611 2067 3725 2122 sola

2134 2159 2429 2223 sufficiunt,
2460 2159 2504 2213 si
2528 2160 2841 2215 memoriam
2869 2158 3146 2213 retineant.
3176 2156 3375 2211 [lorum
3402 2156 3608 2225 itaque‘,
3638 2155 3726 2211 di-

2134 2252 2294 2319 lecti,
2329 2252 2610 2307 verborum
2656 2267 2869 2322 semper
2906 2249 3278 2314 recordemur,
3324 2264 3422 2303 nec
3463 2264 3567 2303 non
3599 2263 3726 2304 san-

2134 2353 2343 2401 ctorum
2396 2346 2741 2412 osculorum,
2784 2344 3149 2416 tremendique
3199 2346 3513 2416 amplexus,
3557 2358 3717 2414 quem

2139 2447 2325 2494 mutuo
2351 2437 2559 2492 damus.
2606 2437 2717 2493 lioc
2746 2438 2941 2508 quippe
2984 2438 3191 2491 animas
3219 2438 3432 2506 colligat
3472 2444 3681 2490 nostras
3701 2475 3720 2500 ,

2135 2540 2192 2588 et
2218 2547 2407 2587 omnes
2445 2546 2611 2586 unum
2652 2546 2845 2601 corpus
2888 2530 3089 2595 efficit,
3120 2528 3545 2601 quandoquidem
3575 2538 3629 2582 et
3654 2527 3723 2581 de

2136 2641 2245 2680 uno
2269 2640 2495 2695 corpore
2524 2639 2711 2679 omnes
2752 2624 3152 2694 participamus.
3192 2623 3298 2678 Nos
3323 2638 3450 2692 ergo
3478 2621 3529 2675 in
3556 2636 3718 2675 unum

2135 2727 2189 2772 ct
2218 2717 2359 2772 idem
2405 2732 2599 2787 corpus
2638 2716 3006 2771 coalescamus
3040 2730 3053 2769 :
3084 2730 3188 2769 non
3230 2729 3454 2783 corpora
3491 2714 3721 2767 commi-

2133 2819 2365 2873 scentes,
2398 2808 2492 2863 sed
2520 2808 2731 2862 animas
2758 2817 2946 2862 mutuo
2972 2807 3208 2862 caritatis
3234 2805 3441 2860 vinculo
3468 2805 3719 2874 cepulan-

2134 2912 2234 2957 tes.
2258 2902 2345 2956 Sic
2362 2902 2653 2971 poterimus
2674 2901 2773 2955 hac
2794 2916 2977 2956 mensa
3001 2915 3121 2955 cum
3143 2900 3333 2954 ﬁducia
3352 2899 3449 2953 frui
3472 2917 3484 2952 :
3508 2897 3718 2953 etiamsi

2132 2995 2274 3046 enim
2303 2993 2575 3047 sexcentis
2604 2991 2939 3047 abundemus
2971 2991 3192 3062 justitim
3233 2990 3502 3060 operibus,
3540 2990 3584 3042 si
3632 2988 3717 3043 in-

2128 3084 2388 3153 juriarum
2422 3085 2734 3139 memoriam
2773 3084 3121 3150 retineamus,
3149 3083 3327 3136 omnia
3357 3082 3409 3135 in
3440 3095 3633 3133 vanum
3661 3088 3719 3134 et

2132 3175 2324 3231 frustra
2354 3175 2585 3241 cedunt,
2618 3190 2681 3230 ac
2711 3176 2915 3230 nullum
2957 3173 3081 3230 inde
3119 3174 3347 3228 fructum
3386 3171 3449 3227 ad
3490 3172 3715 3226 salutem

2130 3280 2419 3336 excerpere
2444 3267 2755 3337 poterimus.
2786 3266 2911 3321 Hmc
2940 3266 3115 3337 itaque
3142 3264 3321 3329 docti,
3353 3279 3565 3319 omnem
3605 3263 3717 3317 sol-

2130 3371 2315 3411 vamus
2345 3358 2500 3421 iram,
2532 3366 2856 3427 purgataque
2879 3356 3223 3419 conscientia,
3254 3371 3375 3411 cum
3400 3363 3711 3410 mansuetu-

2129 3447 2252 3503 dine
2286 3457 2342 3503 et
2380 3448 2639 3503 modestia
2675 3449 2819 3503 omni
2852 3448 3166 3503 accedamus
3191 3447 3257 3501 ad
3289 3462 3523 3502 mensam
3550 3446 3711 3501 Chri-

2128 3540 2217 3605 sti,
2241 3554 2361 3594 cum
2393 3555 2500 3609 quo
2526 3540 2665 3595 Patri
2691 3540 2878 3609 gloria,
2910 3539 3099 3605 honor,
3132 3539 3432 3608 imperium,
3458 3553 3558 3592 una
3586 3552 3709 3592 cum

2128 3641 2313 3687 sancto
2343 3631 2564 3701 Spiritu,
2597 3648 2737 3686 nunc
2759 3642 2814 3687 et
2833 3647 3065 3703 semper,
3096 3642 3202 3688 etc.

435 3885 495 3928 IN
544 3884 810 3927 DIVINAM
854 3883 934 3925 ET
976 3882 1293 3924 MYSTICAM
1339 3882 1585 3925 COENAM
1630 3882 2033 3930 SALVATORIS.
2080 3883 2159 3925 ET
2202 3884 2283 3925 DE
2327 3884 2709 3926 PRODITIONE
2753 3885 2932 3926 JUDE
2963 3886 2979 3925 τ
3013 3884 3077 3927 IN
3120 3885 3353 3927 PASCIIA
3399 3886 3579 3939 ITEM,
3626 3885 3708 3928 ET

514 3984 575 4025 IN
622 3981 1156 4026 DISPENSATIONEM
1211 3981 1572 4025 DIVINORUM
1614 3982 2097 4038 MYSTERIORUH,
2144 3985 2225 4026 ET
2268 3985 2349 4025 DE
2393 3985 2731 4027 OBLIVIONE
2801 3986 3217 4029 INJILRIARUM.
3292 3987 3525 4030 HABITA
3594 3988 3705 4031 EST

512 4083 781 4126 BOMILIA
822 4082 887 4125 IN
928 4081 1164 4125 SANCTA
1201 4081 1278 4122 ET
1308 4081 1527 4125 MAGNA
1554 4082 1745 4123 FERIA
1775 4081 2035 4133 QUINTA.

1054 4198 1274 4237 llOlllLlA
1312 4196 1374 4239 11.

506 4278 557 4332 ι.
587 4276 617 4329 J
626 4277 751 4328 udas
780 4275 945 4345 potius
969 4291 1121 4346 quam
1160 4272 1332 4337 Iesus,
1361 4283 1406 4327 et
1441 4275 1715 4344 generatim
1739 4314 1756 4337 ,
1797 4273 1929 4327 male
1954 4290 2017 4326 a-

434 4384 600 4443 gentes
626 4372 789 4439 potius
810 4384 972 4439 quam
991 4367 1136 4423 mala
1152 4367 1298 4439 passi
1313 4366 1519 4436 lugendi
1552 4376 1692 4421 sunt.
1740 4396 1812 4407 —
1846 4365 2009 4421 Vole-

440 4463 580 4523 ham,
614 4461 813 4525 dilecti,
834 4460 902 4516 de
924 4460 1222 4530 patriarcha
1252 4473 1436 4513 rursus
1461 4472 1762 4513 sermonem
1792 4456 2007 4523 habere,

433 4562 488 4605 et
518 4551 639 4605 inde
672 4552 819 4605 vobis
870 4549 1147 4619 spirituale
1195 4548 1497 4617 convivium
1552 4564 1822 4619 apponere
1869 4549 2011 4603 :sed

436 4642 677 4711 ingratus
718 4641 1005 4710 proditoris
1032 4642 1242 4697 animus
1283 4640 1349 4695 ad
1399 4640 1538 4697 illius
1584 4640 2009 4711 pertractandum

432 4734 633 4788 facinus
662 4734 895 4803 linguam
918 4742 1152 4789 nostram
1171 4732 1448 4803 pertrahit,
1476 4740 1531 4787 et
1556 4731 1665 4788 diei
1689 4734 2010 4804 opportuni-

430 4837 533 4893 tas,
562 4834 621 4880 ut
640 4825 707 4880 de
733 4826 933 4881 insania
963 4827 1177 4881 sceleris
1202 4826 1320 4895 ejus
1360 4840 1577 4896 agamus
1598 4868 1614 4892 ,
1638 4840 1740 4881 nos
1764 4825 2010 4881 cohorta-

431 4928 537 4973 tur.
571 4918 739 4973 Hodie
783 4918 981 4988 quippe
1022 4918 1279 4972 Dominus
1325 4926 1509 4972 noster
1534 4916 1689 4972 Iesus
1712 4915 1954 4972 Christus
1978 4932 2009 4971 a

433 5011 649 5080 proprio
663 5009 923 5080 discipulo
937 5008 1242 5064 Iudaeorum
1269 5009 1515 5064 manibus
1531 5008 1756 5063 traditus
1776 5015 1880 5063 est.
1903 5007 2009 5063 Ve-

429 5118 545 5155 rum
577 5113 631 5155 tu
675 5100 774 5154 hoc
802 5100 1021 5154 audiens
1044 5141 1060 5167 ,
1090 5100 1401 5164 carissime,
1431 5114 1497 5154 ne
1520 5099 1686 5154 tristis
1712 5111 1831 5154 esto
1850 5139 1867 5166 ,
1907 5113 2008 5154 nec

431 5194 668 5261 graviter
696 5191 858 5258 feras,
892 5191 1031 5261 quod
1061 5191 1316 5245 Dominus
1347 5191 1569 5245 traditus
1615 5191 1684 5244 sit
1715 5206 1729 5243 :
1761 5190 1869 5245 imo
1914 5203 2011 5259 po-

433 5286 534 5339 tius
565 5284 850 5354 ingemisce
890 5292 946 5337 et
987 5283 1040 5337 in
1078 5281 1233 5336 ﬂetus
1258 5297 1499 5351 erumpe,
1532 5296 1637 5335 non
1664 5281 1732 5335 ob
1759 5280 2006 5334 traditum

428 5374 633 5441 Iesum,
660 5375 753 5430 sed
772 5376 842 5429 ob
873 5373 1179 5428 traditorem
1207 5373 1418 5429 Iudam.
1441 5372 1572 5427 Nam
1597 5372 1817 5427 traditus
1852 5370 2007 5426 Iesus

430 5468 685 5522 nmudum
714 5467 965 5532 servavit,
984 5466 1226 5537 proditor
1250 5482 1379 5521 vero
1407 5465 1571 5520 Iudas
1601 5465 1828 5519 animam
1855 5478 2006 5519 suam

429 5561 689 5630 perdidit;
719 5560 956 5629 proditus
979 5560 1133 5616 Iesus
1171 5561 1236 5615 ad
1267 5560 1541 5615 dexteram
1578 5559 1750 5614 Patris
1776 5558 1926 5614 sedet
1953 5559 2005 5613 in

426 5654 590 5715 cadis,
617 5654 855 5722 proditor
882 5652 1045 5707 Iudas
1071 5654 1121 5706 in
1154 5652 1359 5707 inferno
1388 5665 1528 5706 nunc
1554 5660 1654 5717 est,
1671 5659 1828 5720 atque
1856 5648 2006 5705 inde-

430 5745 693 5811 precabile
712 5755 1076 5814 aeternumque
1096 5754 1367 5814 exspectat
1396 5744 1732 5813 supplicium.
1774 5742 1899 5797 Ideo
1926 5741 2007 5795 in-

425 5833 659 5904 gemisce
681 5876 699 5901 ,
729 5834 849 5891 ideo
880 5836 931 5890 in
983 5836 1138 5891 ﬂetus
1176 5849 1397 5907 erumpe
1429 5852 1443 5888 :
1474 5833 1902 5906 quandoquidem
1949 5843 2003 5889 et

2128 4275 2241 4345 ipse
2257 4274 2512 4329 Dominus
2540 4284 2720 4329 uoster
2744 4272 2899 4329 Iesus
2920 4271 3161 4329 Christus
3179 4274 3361 4329 videns
3378 4274 3564 4329 Iudam
3591 4284 3708 4330 tur-

2125 4365 2281 4419 batus
2297 4374 2378 4420 est
2396 4376 2448 4419 ct
2473 4364 2638 4419 flevit.
2689 4364 2876 4418 Videas
2903 4365 3046 4420 enim
3076 4380 3189 4418 eum
3216 4406 3229 4428 ,
3271 4365 3456 4435 inquit,
3480 4366 3705 4420 turbatus

2119 4469 2212 4522 est,
2241 4467 2288 4511 et
2312 4457 2440 4511 dixit
2463 4499 2477 4523 ,
2517 4456 2657 4511 Unus
2688 4467 2903 4511 vestrum
2934 4457 3094 4510 tradet
3121 4472 3198 4510 me
3227 4457 3246 4524 (
3285 4456 3443 4511 Joan.
3479 4458 3563 4512 l5.
3583 4457 3700 4520 21).

2122 4550 2299 4615 Quare
2329 4548 2571 4602 turbatus
2592 4549 2716 4604 est?
2742 4548 2992 4617 Cogitaus
3026 4548 3245 4612 scilicet,
3275 4562 3395 4601 eum
3423 4558 3545 4618 post
3581 4558 3702 4602 tan-

2119 4651 2227 4696 tam
2267 4641 2564 4696 doctrinam
2591 4682 2605 4705 ,
2638 4650 2758 4711 post
2796 4651 2901 4694 tam
2952 4640 3150 4695 multas
3174 4641 3573 4695 adhortationes
3596 4683 3611 4706 ,
3644 4642 3699 4696 in

2118 4745 2373 4803 quantum
2401 4749 2522 4789 sese
2545 4735 2892 4803 praecipitium
2919 4745 3119 4805 ageret,
3153 4751 3256 4789 non
3284 4737 3698 4805 presentiscere.

2119 4828 2317 4882 Videns
2343 4828 2500 4898 igitur
2526 4828 2779 4882 Dominus
2802 4826 3043 4897 discipuli
3071 4827 3327 4882 insaniam
3350 4870 3365 4894 ,
3393 4836 3448 4881 et
3484 4828 3703 4884 miseri-

2115 4918 2295 4972 cordia
2329 4918 2381 4972 in
2411 4934 2531 4973 eum
2556 4928 2749 4984 motus,
2768 4918 3010 4972 turbatus
3035 4928 3117 4973 est
3142 4930 3196 4973 et
3225 4918 3389 4973 ﬂevit.
3416 4919 3531 4974 Hoc
3557 4922 3700 4975 enim

2117 5007 2260 5062 ultro
2286 5010 2528 5077 citroque
2555 5016 2854 5062 memorant
2887 5008 3223 5078 evangelista:
3245 5049 3262 5073 ,
3304 5020 3360 5062 ut
3387 5012 3702 5065 mcnnomiae

2114 5098 2323 5154 veritati
2351 5098 2510 5153 ﬁdem
2552 5099 2765 5154 faciant.
2814 5098 3080 5154 Turbatus
3107 5100 3284 5170 itaque
3322 5111 3405 5156 est
3444 5102 3703 5157 Dominus

2112 5189 2355 5260 discipuli
2402 5190 2639 5245 animum
2668 5205 3007 5259 summopere
3051 5191 3312 5261 ingratum
3353 5194 3593 5260 intuitus,
3641 5206 3703 5249 ut

2115 5297 2213 5338 nos
2237 5282 2428 5337 doceat
2458 5282 2576 5337 illos
2619 5282 2850 5335 maxime
2894 5280 3149 5351 lugendos
3193 5297 3311 5337 esse
3340 5283 3429 5353 qui
3472 5285 3611 5338 male
3637 5301 3702 5339 a-

2112 5382 2265 5444 gunt,
2304 5390 2409 5429 non
2459 5385 2639 5428 autem
2689 5389 2783 5428 eos
2822 5373 2909 5443 qui
2946 5374 3083 5428 mala
3114 5375 3401 5443 patiuntur.
3449 5376 3579 5431 Nam
3607 5379 3702 5448 qui

2115 5464 2310 5532 injusta
2332 5474 2387 5518 et
2431 5464 2642 5533 indigna
2697 5464 3000 5533 patiuntur,
3031 5464 3174 5535 digni
3220 5465 3399 5534 potius
3436 5477 3562 5521 sunt
3606 5470 3701 5539 qui

2114 5553 2253 5611 beati
2317 5556 2691 5626 przedicentur.
2746 5556 3079 5625 Quapropter
3128 5556 3337 5613 dicebat
3380 5559 3627 5614 Christus
3684 5578 3701 5615 :

2110 5646 2257 5702 Beati
2282 5648 2367 5717 qui
2398 5649 2836 5717 persequutionem
2883 5636 3167 5719 patiuntur!
3191 5660 3395 5720 prapter
3411 5652 3696 5720 justitiam,

2109 5738 2345 5806 quoniam
2371 5739 2592 5806 ipsorum
2618 5748 2687 5794 est
2698 5756 2909 5811 regnum
2938 5740 3173 5794 calorum
3192 5738 3402 5805 (Matth.
3422 5741 3698 5813 5.10).“-

2109 5832 2227 5888 den‘
2252 5840 2508 5903 quantum
2532 5848 2652 5890 esse
2683 5834 2886 5890 lucrum
2925 5832 3155 5889 ostendit
3189 5848 3373 5889 eorum
3396 5874 3411 5900 ,
3442 5834 3530 5904 qui
3558 5835 3696 5890 tmte
