4066 6392
384 408 480 466 381

386 527 637 616 ἐπὶᾼτῶν
686 532 1005 616 ,μυστηρίων
1060 536 1169 589 τῶν
1213 542 1603 609 πνευματικῶν
1649 543 1971 616 ωμὸαίνειν

381 611 578 698 εἴωθε..
596 614 706 666 Kal
736 615 844 698 γὰρ
870 618 964 669 καὶ
990 618 1149 679 αὐτὰ.
1178 622 1403 675 ἐπειδάν
1427 626 1508 687 εἰς
1535 611 1733 697 ψυχὴν⁷
1752 626 1968 698 ἐμπέσῃ

383 695 649 782 πονηρίας
695 697 1010 782 γέμουσαν,
1062 702 1266 772 μᾶλλον
1310 706 1481 778 αὐτὴν
1526 695 1830 782 διαφθείρει
1876 695 1970 763 καί

382 779 699 864 ἀπόλλυσιν,
730 781 791 835 οὐ
842 783 994 856 παρὰ
1036 786 1135 857 τὴν
1175 788 1383 843 οἰκείαν
1417 790 1599 859 φύσιν,
1633 779 1769 846 ἀλλά
1816 792 1970 864 παρά

379 862 481 932 τὴν
523 862 807 919 ἀσθένειαν
849 866 949 936 τῆς
991 868 1294 941 δεξαμένης
1316 872 1514 944 ψυχῆς.
1550 876 1757 945 Μηδεὶς
1787 862 1968 930 τοίνυν

380 946 550 1031 ἐχέτω
574 945 742 1031 *ἔνδον
794 954 1064 1023 πονηροὺς
1105 952 1422 1025 λογισμοὺς,
1458 957 1595 1012 ἀλλά
1634 958 1967 1031 καθάρωμεν

378 1029 478 1113 τὴν
502 1028 738 1083 διάνοιαν
757 1046 773 1061 ·
803 1031 899 1083 καὶ⁵
929 1031 1039 1102 γὰρ
1068 1034 1283 1107 καθαρᾷ
1309 1038 1731 1110 προσερχόμεθα
1763 1028 1922 1113 θυσία
1946 1056 1965 1074 ·

379 1111 541 1178 ἁγίαν
574 1113 889 1184 ποιήσωμεν
917 1115 1015 1187 τὴν
1038 1117 1215 1189 ψυχήν
1236 1136 1251 1149 ·
1281 1118 1507 1173 δυνατὸν
1535 1123 1643 1192 γὰρ
1664 1124 1757 1175 καὶ
1783 1123 1842 1175 ἐν
1867 1111 1965 1194 μιᾷ

377 1196 565 1267 ἡμέρᾳ
600 1196 758 1250 τοῦτο
803 1199 1081 1266 γενέσθαι.
1120 1203 1244 1265 Πῶς
1287 1205 1380 1256 καὶ
1419 1204 1524 1258 τίνι
1569 1206 1790 1277 τρόπῳ;
1836 1207 1965 1261 Ἐἀν

376 1279 508 1354 ἔχῃς
539 1297 590 1333 τι
618 1282 759 1336 κατά
785 1282 881 1336 τοῦ
913 1285 1134 1355 ἐχθροῦ,
1162 1286 1309 1352 ἐξελε
1339 1287 1437 1360 τὴν
1471 1289 1661 1362 ὀργὴν,
1695 1291 1964 1362 θεράπευ-

377 1379 469 1447 σον
492 1364 591 1435 τὴν
621 1365 858 1435 πληγὴν,
892 1366 1053 1421 λῦσον
1095 1368 1195 1440 τὴν
1230 1369 1448 1443 ἔχθραν,
1485 1372 1571 1425 ἴνα
1602 1373 1773 1446 λάσῃς
1808 1374 1967 1447 θερα-

375 1445 537 1533 πείαν
564 1448 673 1533 ἀπὸ
689 1450 790 1533 τῆς
807 1450 1117 1523 τραπέζης’
1143 1452 1305 1525 θυσίᾳ
1329 1455 1437 1525 γὰρ
1459 1445 1735 1529 προσέρχῃ
1758 1445 1958 1533 φριδὶτῇ

375 1529 470 1582 καὶ
513 1530 669 1601 ἁγίᾳ.
697 1532 986 1605 Αἰδέσθητι
1034 1534 1133 1607 τὴν
1166 1536 1424 1591 ὑπόθεσιν
1456 1539 1626 1609 αὐτῆς
1654 1541 1757 1610 τῆς
1789 1529 1963 1612 προσξ

374 1614 582 1682 φορᾶς·
621 1615 967 1686 ἐσφαγμένος
1003 1619 1290 1689 πρόκειται
1323 1622 1351 1673 6
1384 1621 1638 1692 Χριστός.
1676 1624 1784 1677 Kal
1814 1625 1962 1688 τίνος

372 1693 559 1780 ἕνεκεν
592 1698 827 1769 ἐσφάγη,
860 1701 956 1754 καὶ
992 1701 1082 1755 διά
1112 1703 1193 1768 τί;
1231 1703 1350 1757 Ἵνα
1376 1707 1760 1780 εἰρηνοποιήσῃ
1792 1710 1872 1771 ,τὰ
1902 1712 1961 1765 ἐν

477 1780 811 1866 οὐρανῷκαί
836 1784 908 1836 τά
935 1785 1028 1838 ἐπὶ
1052 1787 1150 1857 τῆς
1187 1789 1310 1859 γῆς,
1350 1790 1437 1845 ἵνα
1470 1794 1566 1847 καὶ
1594 1776 1842 1863 ἀγγέλων
1873 1797 1962 1866 φί-

371 1859 462 1951 λον
495 1879 553 1951 σε
587 1865 810 1951 ποιήσῃ,
847 1867 1027 1951 ἴνασε
1060 1869 1139 1939 τῷ
1167 1872 1286 1942 Θεῷ
1316 1872 1422 1927 τῶν
1453 1876 1590 1929 ὅλων
1623 1859 1957 1951 καταλλάξῃ,

370 1942 561 2033 ἐχθρόν
589 1946 716 2000 ὄντα
747 1966 805 2001 σε
832 1952 927 2005 καὶ
950 1950 1103 2026 1585]
1137 1955 1417 2026 πολέμιον,
1442 1959 1529 2013 ἵνα
1560 1962 1759 2033 ποιήσῃ
1783 1942 1955 2030 φίλον.

383 2028 618 2117 Ἐκεῖνος
644 2033 770 2117 *τὴν
788 2034 966 2108 ψυχὴν
995 2038 1159 2092 αὑτοῦ
1186 2040 1384 2096 ἔδωκεν
1417 2045 1557 2117 ὑπὲρ
1594 2028 1702 2099 τῶν
1733 2028 1958 2117 μισούν-

366 2126 474 2198 των
493 2128 507 2142 ·
541 2113 605 2198 σὺ
637 2115 694 2169 δὲ
726 2116 819 2170 τὸν
845 2118 1130 2175 σύνδουλον
1160 2124 1342 2193 μένεις
1363 2113 1690 2198 ἐχθραίνωνς
1723 2113 1958 2194 καὶπῶς

364 2193 497 2267 δύνῃ
538 2194 751 2265 βαδίσαι
778 2201 872 2255 ἐπὶ
899 2203 999 2274 τήν
1026 2205 1127 2276 τῆς
1158 2209 1378 2279 εἰρήνης
1393 2193 1719 2279 ⁷ιτρ-άπεζαη
1748 2193 1955 2267 Κάκεῖέ

364 2295 454 2369 νος
477 2280 590 2369 ’μὲν
617 2283 726 2338 οὐδ’
746 2286 1039 2343 ἀποθανεῖν
1067 2290 1210 2364 ὑπὲρ
1249 2294 1343 2346 σοῦ
1376 2298 1760 2369 παρῃτήσατο·
1805 2301 1868 2353 σὺ
1897 2299 1954 2353 δὲ

366 2362 535 2434 ὀργὴν
566 2365 784 2435 ἀφεῖναι
829 2370 907 2441 τῷ
957 2362 1225 2445 συνδούλιρ
1252 2393 1347 2429 σου
1375 2362 1472 2431 διὰ*
1494 2362 1691 2433 σαύτὸν
1722 2382 1824 2435 οῦκ
1862 2382 1956 2436 ἁν-

364 2446 498 2538 έχῃς
530 2450 628 2538 καί
654 2453 817 2538 ποίας
843 2454 1017 2538 ταῦτα
1044 2459 1376 2533 συγγνώμης
1414 2461 1578 2529 ἀξιας
1621 2465 1950 2538 Ἐπηρέασε,

364 2532 518 2616 (ﬁnal,
547 2535 643 2588 καί⁸
687 2535 759 2589 τὰ
808 2536 1042 2607 μέγιστα
1073 2541 1490 2616 ἐπλεονέκτησε.
1530 2548 1642 2601 Kal
1670 2549 1723 2601 τί
1747 2532 1948 2615 ⁷ιιξοῦτος

362 2614 459 2705 Εἰς
486 2618 999 2705 χρήματαῗπάντως
1026 2625 1059 2695 ή
1088 2623 1288 2696 ζημία·
1319 2614 1531 2683 οὐδέπω
1570 2630 1678 2704 γὰρ
1720 2614 1946 2705 ἔτρωσε,

360 2697 613 2783 καθά-περ
641 2699 732 2755 τὸν
755 2704 990 2774 Χριστὸν
1031 2708 1060 2759 6
1092 2708 1292 2772 Ἰούδας
1312 2726 1327 2740 ·
1364 2711 1480 2764 ἀλλ’
1508 2697 1660 2783 ὅμως
1692 2697 1797 2769 καὶ,
1817 2697 1949 2769 αύτδ

360 2781 421 2833 τὸ
457 2777 616 2854 αἷμα,
653 2785 788 2858 ὅπερ
818 2784 1054 2858 ἐξέχεεν,
1080 2792 1161 2854 εἰς
1195 2794 1472 2866 σωτηρίαν
1501 2777 1683 2861 αύτοῖς
1712 2801 1824 2862 τοῖς
1856 2801 1950 2853 ἐκο

359 2866 549 2956 χέασιν
571 2868 882 2956 -έδωκεῖΤί
913 2873 1101 2927 τούτου
1134 2877 1247 2929 ἴσον
1281 2876 1425 2948 ἔχεις
1456 2881 1666 2946 εἰπείν;
1709 2881 1829 2937 Ἐὰν
1870 2883 1945 2956 μή

359 2952 503 3020 ἀφῇς
528 2951 605 3022 τῷ
634 2954 834 3027 ἐχθρῷ,
862 2957 961 3010 οὐκ
994 2960 1199 3013 ἐκεῖνον
1227 2961 1510 3033 ἠδίκησας,
1543 2964 1677 3018 ἀλλά
1713 2951 1940 3019 σαυτόν·

358 3036 565 3119 ἐκεῖνον
592 3038 688 3107 μὲν
710 3039 820 3110 γὰρ
854 3041 1111 3108 πολλάκις
1139 3047 1217 3109 εἰς
1241 3045 1333 3098 τὸν
1368 3048 1610 3119 παρόντα
1640 3049 1754 3119 βίον
1786 3050 1944 3103 ἐϐλα-

356 3117 494 3206 ιικας·
528 3121 724 3175 σαυτὸν
751 3122 809 3175 δέ
835 3124 1216 3195 άσύγγνωστον
1236 3117 1499 3200 ἐποίησας
1530 3117 1667 3205 πρὸς
1690 3134 1788 3206 τὴν
1813 3135 1950 3188 ἀπο-

356 3201 547 3271 λογίαν
595 3207 674 3289 εἰς
714 3206 814 3278 τήν
862 3209 1163 3279 μέλλουσαν
1202 3214 1435 3285 ἡμέραν.
1473 3201 1639 3270 Οὐδὲν
1671 3201 1780 3289 γὰρ
1808 3219 1951 3272 οὕτω

362 3290 514 3356 μισεῖ
543 3289 571 3341 ό
599 3288 750 3353 Θεὸς,
779 3291 855 3355 ὡς
886 3294 1223 3365 μνησίκακον
1244 3298 1551 3369 ἄνθρωπον,
1581 3302 1657 3364 ὡς
1683 3288 1948 3356 οἰδαίνου-

358 3387 459 3425 σαν
485 3372 713 3443 καρδίαν
737 3376 831 3428 καὶ
859 3377 1298 3449 φλεγμαίνουσαν
1316 3381 1951 3456 ψυχήν.”Ακουσον,γοῦν

355 3455 409 3508 τί
440 3473 634 3527 φησιν·
671 3459 850 3513 Ὅταν
881 3463 1231 3534 προσφέρῃς
1257 3465 1325 3519 τὸ
1358 3455 1553 3537 δῶρόν
1592 3486 1709 3525 σου
1747 3472 1844 3526 ἐπὶ
1877 3472 1945 3526 τὸ

357 3540 810 3610 θυσιαστήριον,
842 3547 1019 3600 κάκεῖ
1037 3549 1324 3619 μνησθῇς
1351 3551 1474 3605 ἅνω
1500 3556 1814 3622 παρεστὼς
1839 3557 1939 3611 ἐπί

354 3622 894 3708 ⁸τοῦ-θυσιαστηρίηι),
924 3631 1013 3685 ὅτι
1045 3637 1078 3687 ό
1110 3635 1375 3705 ἀδελφός
1409 3653 1526 3692 σου
1555 3639 1681 3708 ἔχει
1708 3657 1764 3693 τι
1790 3643 1942 3695 κατὰ

353 3706 494 3793 σοῦ,
524 3708 674 3778 ἄφες
706 3711 774 3764 τὸ
798 3712 990 3783 δῶρόν
1022 3730 1139 3771 σου
1182 3719 1281 3772 ὲπί
1329 3719 1438 3773 τοῦ
1482 3706 1938 3793 θυσιαστηρίου,

354 3790 456 3844 και
507 3794 788 3849 ἀπελθὼν
836 3796 1195 3870 διαλλάγηθι
1242 3801 1323 3869 τῷ
1369 3804 1611 3876 ἀδελρῷ
1659 3790 1797 3877 σου,
1838 3790 1939 3863 και

1432 421 1518 475 DE
1560 421 1974 477 PRUDITIONE
2015 416 2251 479 101).²Ε.³
2272 423 2507 479 HUMIL.
2551 424 2610 478 ΙΙ.

3550 421 3657 477 διε

2071 544 2205 597 τότε
2232 545 2534 613 πρόσφερε
2564 543 2631 598 τὸ
2669 542 2861 613 δῶρόν
2888 558 3025 597 σου.
3063 542 3127 595 Τί
3161 541 3355 611 λέγεις,
3396 542 3616 612 Ἀφήσω
3634 585 3653 609 ,

2070 625 2199 692 Ναὶ,
2234 627 2401 698 φησί·
2430 626 2520 680 διὰ
2548 626 2657 697 γὰρ
2690 626 2788 696 τὴν
2820 627 3041 697 εἰρήνην
3067 626 3166 695 τὴν
3194 626 3275 688 εἰς
3301 624 3393 678 τὸν
3421 626 3654 695 ἀδελφόν

2072 724 2166 762 σου
2201 710 2297 764 καὶ
2323 708 2462 781 αὕτη
2492 711 2527 780 ή
2558 710 2717 763 θυσία
2744 709 2985 778 γέγονεν.
3022 709 3087 762 Εἰ
3117 708 3296 761 τοίνυν
3326 707 3413 760 διὰ
3438 708 3537 779 τὴν
3573 710 3652 762 εἰ-

2074 794 2241 865 ρήνην
2267 792 2367 865 τήν
2395 796 2476 857 εἰς
2498 794 2591 847 τὸν
2626 793 2854 862 ἀδελφὸν
2878 793 3099 861 γέγονεν
3130 793 3162 863 ή
3199 792 3379 855 θυσία,
3414 791 3477 844 σὺ
3504 792 3560 844 δὲ
3587 792 3651 845 οὐ

2068 877 2355 949 κατορθοῖς
2395 878 2495 949 τὴν
2542 879 2786 949 εἰρήνην,
2822 878 2943 949 εἰκῆ
2982 877 3228 949 μετέχεις
3274 877 3372 947 τῆς
3422 876 3650 941 θυσίας·

2067 960 2325 1031 ἀνόνητον
2349 962 2458 1033 γάρ
2488 978 2571 1015 σοι
2598 960 2662 1014 τὸ
2688 960 3018 1032 κατόρθωμα
3047 961 3258 1029 γέγονε.
3282 961 3515 1031 Ποίησον
3538 959 3653 1013 τοί-

2066 1062 2161 1098 νυν
2205 1046 2381 1098 ἐκεῖνο
2424 1044 2661 1116 πρῶτον,
2690 1044 2756 1097 δι’
2776 1045 2911 1115 ὅπερ
2944 1045 2977 1115 ἡ
3008 1044 3167 1097 θυσία
3197 1045 3648 1115 προσενήνεκται,

2066 1128 2160 1181 καὶ
2186 1126 2306 1181 τότε
2337 1128 2505 1199 αὐτῆς
2531 1127 2858 1191 ἀπολαύσεις
2895 1128 3097 1191 καλῶς.
3136 1127 3237 1181 Διά
3264 1127 3421 1182 τοῦτο
3441 1129 3649 1199 κατῆλ-

2066 1211 2159 1267 θεν
2189 1215 2217 1266 6
2246 1213 2375 1276 Υἰὸς
2409 1212 2504 1266 τοῦ
2535 1211 2694 1279 Θεοῦ,
2721 1212 2810 1266 ἶνα
2841 1211 3151 1283 καταλλάξῃ
3178 1212 3337 1282 ήμῶν
3360 1212 3457 1282 τὴν
3484 1211 3648 1280 φύσιν

2064 1297 2141 1368 τῷ
2175 1298 2423 1370 Δεσπότῃ
2445 1315 2461 1329 ·
2495 1297 2583 1351 διὰ
2625 1297 2784 1351 τοῦτο
2815 1298 2917 1350 οὐκ
2941 1296 3102 1360 αὐτὸς
3132 1297 3290 1367 μόνον
3315 1292 3497 1368 ἦλθεν,
3529 1296 3647 1349 ἀλλ’

2064 1380 2151 1435 l'va
2182 1382 2278 1436 καὶ
2299 1384 2450 1453 ἡμᾶς
2480 1381 2607 1445 τοὺς
2639 1380 2707 1435 τὰ
2746 1379 2973 1434 τοιαῦτα
3002 1378 3290 1443 ποιοῦντας
3320 1381 3521 1453 ποιήσῃ
3546 1381 3651 1451 τῆς

2063 1466 2258 1519 ἐαυτοῦ
2310 1465 2683 1537 προσηγορίας
2724 1464 3035 1528 κοινωνούς.
3062 1463 3515 1535 Μακάριοι-’γὰρ,
3544 1481 3651 1535 φης

2063 1549 2168 1612 σίν,
2221 1550 2276 1602 οἱ
2307 1550 2692 1617 εἰρηνοποιοί,
2736 1548 2826 1602 ὅτι
2868 1546 3039 1602 αὐτοὶ
3070 1547 3186 1602 υίοί
3233 1545 3384 1601 Θεοῦ
3418 1547 3643 1614 κληθή-

2061 1649 2296 1688 σονται.
2320 1633 2500 1704 Ὅπερ
2540 1633 2649 1704 γάρ
2699 1632 2956 1703 ἐποίησεν
2990 1633 3019 1685 6
3060 1630 3353 1702 μονογενὴς
3380 1629 3509 1693 Υἰὸς
3548 1629 3644 1683 τοῦ

2061 1716 2221 1782 Θεοῦ,
2246 1716 2406 1770 τοῦτο
2434 1719 2531 1771 καὶ
2561 1718 2624 1770 σὺ
2662 1716 2886 1787 ποίησον
2920 1716 3063 1769 κατά
3108 1714 3337 1785 δύναμιν
3367 1711 3644 1783 ἀνθρωπί-

2060 1817 2182 1870 νην,
2212 1801 2437 1871 εἰρήνης
2466 1799 2757 1870 γενόμενος
2787 1798 3047 1870 πρόξενος
3073 1799 3167 1851 καί
3188 1796 3397 1867 σεαυτῷ
3419 1796 3646 1859 καὶτοῖς

2058 1882 2257 1946 ἄλλοις.
2282 1882 2381 1936 Διὰ
2408 1882 2569 1935 τοῦτό
2600 1899 2659 1935 σε
2692 1882 2788 1935 καὶ
2822 1882 2936 1935 υἰὺν
2970 1881 3106 1934 Θεοῦ
3138 1880 3294 1934 καλεῖ
3322 1882 3413 1934 τὸν
3434 1881 3647 1950 εἰρηνο-

2057 1966 2242 2019 ποιόν·
2280 1964 2369 2018 διὰ
2398 1966 2556 2019 τοῦτο
2590 1966 2684 2019 καὶ
2717 1966 2776 2018 ἐν
2807 1964 2884 2036 τῷ
2926 1962 3105 2035 καιρῷ
3137 1963 3238 2033 τῆς
3269 1962 3459 2024 θυσίας
3495 1961 3647 2013 οὐδε-

2060 2052 2187 2121 μιᾶς
2208 2049 2372 2120 ἄλλης
2395 2049 2797 2121 ἐμνημόνευσεν
2817 2048 3055 2119 ἐντολῆς,
3076 2047 3188 2101 ἀλλ’
3209 2048 3242 2119 ἢ
3277 2047 3376 2117 τῆς
3400 2046 3534 2117 πρὸς
3552 2047 3644 2099 τὸν

2055 2132 2284 2201 ἀδελφὸν
2313 2132 2678 2203 καταλλαγῆς,
2711 2134 2945 2196 δεικνὺς,
2975 2133 3057 2185 ὅτι
3079 2132 3296 2184 πάντων
3319 2130 3501 2202 μεῖζόν
3524 2132 3641 2182 ἐστι

2053 2216 2233 2269 τοῦτο.
2252 2210 2587 2287 Ἐϐουλόμην
2633 2219 2986 2289 παρεκτεῖναι
3020 2216 3110 2267 τὸν
3142 2213 3318 2283 λόγον,
3347 2214 3460 2266 ἀλλ’
3482 2214 3645 2284 ἀρκεῖ

2054 2302 2149 2356 καὶ
2182 2300 2251 2354 τά
2280 2301 2549 2372 εἰρημένα
2567 2303 2681 2364 τοῖς
2701 2301 3084 2373 προσέχουσιν,
3104 2299 3202 2353 ἐὰν
3232 2317 3336 2370 μνη
3346 2297 3636 2369 μονεύωσι.

2052 2384 2498 2456 Μνημονεύωμεν
2531 2380 2622 2438 οῦν
2651 2385 2947 2448 διαπαντὸς
2974 2383 3182 2437 τούτων
3207 2382 3318 2435 τῶν
3350 2380 3634 2452 ῥημάτων,

2052 2467 2348 2540 ἀγαπητοὶ,
2380 2469 2475 2521 καὶ
2520 2469 2629 2521 τῶν
2676 2469 2846 2537 ἁγίων
2885 2467 3230 2537 φιλημάτων,
3262 2466 3356 2519 καὶ
3387 2462 3483 2517 τοῦ
3512 2480 3639 2533 φρι-

2052 2551 2389 2605 κωδεστάτου
2418 2551 2709 2623 ἀσπασμοῦ
2741 2551 2836 2604 τοῦ
2871 2550 3008 2623 πρὸς
3038 2550 3319 2619 ἀλλήλους.
3341 2546 3511 2601 Τοῦτο
3530 2545 3639 2616 γάρ

2053 2635 2356 2706 συμπλέκει
2382 2635 2480 2699 τὰς
2516 2636 2755 2699 διανοίας
2791 2635 2972 2706 ήμῶν,
2999 2634 3094 2687 καὶ
3118 2636 3263 2687 ποιεῖ
3296 2631 3459 2702 σῶμα
3487 2630 3641 2699 γενέ-

2052 2719 2173 2773 σθαι
2205 2719 2262 2773 ἐν
2300 2721 2565 2783 ἅπαντας,
2596 2720 2783 2790 ἐπειδὴ
2832 2720 2926 2772 καὶ
2969 2718 3088 2781 ἐνὸς
3125 2716 3378 2787 σώματος
3411 2714 3636 2784 μετέχο-

2052 2819 2151 2872 μεν
2184 2805 2233 2855 οἰ
2266 2804 2485 2867 πάντες.
2520 2805 2855 2875 Κεράσωμεν
2878 2796 2969 2854 οῦν
2995 2802 3222 2863 ἑαυτοὺς
3252 2802 3332 2862 εἰς
3369 2796 3634 2867 σῶμα-ἓν,

2048 2886 2109 2938 οὐ
2150 2885 2217 2939 τὰ
2254 2885 2481 2957 σώματα
2510 2885 2760 2957 ἀλλήλοις
2797 2883 3187 2955 ἀναφύροντες,
3220 2882 3356 2936 ἀλλά
3392 2880 3492 2944 τὰς
3530 2880 3638 2950 ψυ-

2047 2968 2149 3039 χάς
2175 2969 2434 3040 ἀλλήλαις
2456 2969 2533 3040 τῷ
2556 2970 2653 3040 τῆς
2684 2968 2903 3039 ἀγάπης
2933 2966 3213 3037 συνδέσμῳ
3238 2964 3601 3027 συνάπτοντες
3617 2979 3633 2994 ·

2047 3054 2190 3107 οῦτω
2241 3053 2582 3125 δυνησόμεθα
2633 3055 2769 3123 μετά
2814 3052 3129 3124 παρρησίας
3180 3049 3487 3103 ἀπολαῦσαι
3535 3048 3638 3119 τῆς

2050 3138 2421 3208 προκειμένης
2467 3136 2766 3208 τραπέζης.
2814 3136 2932 3188 Κᾶν
2970 3135 3079 3206 γὰρ
3110 3134 3281 3205 μυρία
3310 3132 3523 3203 ἔχωμεν
3550 3130 3633 3183 δι-

2049 3221 2362 3293 καιώματα,
2401 3221 2728 3292 μνησίκακοι
2759 3221 2817 3272 δέ
2843 3214 3012 3289 ὦμεν,
3046 3219 3224 3274 πάντα
3259 3217 3382 3288 εἰκῆ
3412 3216 3506 3269 καὶ
3536 3216 3636 3286 μά-

2048 3324 2169 3377 την,
2203 3307 2297 3359 καὶ
2323 3305 2474 3358 οὐδὲν
2502 3304 2560 3369 ἐξ
2593 3305 2773 3357 αὐτῶν
2801 3305 2881 3367 εἰς
2917 3303 3190 3374 σωτηρίας
3220 3300 3375 3371 λόγον
3413 3299 3637 3371 καρπώ-

2053 3390 2248 3442 σασθαι
2296 3388 2661 3458 δυνησόμεθα.
2710 3387 2895 3440 Ταῦτα
2939 3382 3032 3439 οῦν
3080 3385 3402 3447 συνειδότες,
3457 3385 3635 3436 πᾶσαν

2051 3473 2446 3543 καταλύσωμεν
2475 3472 2667 3543 ὀργὴν,
2701 3472 2795 3524 καὶ
2823 3470 3177 3540 καθαίροντες
3202 3467 3408 3521 ἑαυτῶν
3431 3466 3490 3520 τὸ
3516 3483 3638 3519 συν-

2050 3557 2206 3620 ειδὸς,
2239 3556 2375 3627 μετά
2405 3556 2717 3626 πραΰτητος
2744 3554 2840 3607 καὶ
2872 3553 3169 3615 ἐπιεικείας
3197 3551 3377 3619 πάσης
3401 3550 3635 3621 προσέλ-

2050 3640 2231 3712 θωμεν
2270 3643 2337 3711 τῇ
2389 3637 2634 3711 τραπέζῃ
2684 3637 2777 3691 τοῦ
2824 3637 3083 3709 Χριστοῦ,
3120 3634 3237 3707 μεθ’
3258 3628 3320 3689 οῦ
3351 3633 3429 3705 τῷ
3458 3632 3636 3702 Πατρὶ

2048 3726 2201 3778 πᾶσα
2231 3724 2379 3790 δόξα,
2421 3724 2579 3794 τιμὴ,
2615 3724 2837 3794 κράτος,
2874 3722 2992 3793 ἄμα
3032 3719 3111 3791 τῷ
3149 3717 3291 3789 ἁγίῳ
3328 3714 3629 3787 Πνεύματι,

2047 3808 2143 3864 νῦν
2181 3809 2273 3862 καὶ
2301 3808 2410 3872 ἀεὶ,
2439 3826 2491 3863 κ.
2522 3825 2573 3861 τ.
2608 3807 2659 3862 λ.

356 4072 505 4146 [386]
563 4076 667 4141 Εἰς
720 4075 785 4129 τό
840 4076 1004 4133 θεῖον
1061 4080 1162 4136 καί
1212 4083 1517 4151 μυστικόν
1571 4083 1818 4139 δεῖπνον
1861 4084 1968 4139 τοῦ
2027 4083 2339 4153 Σωτῆρος,
2390 4083 2487 4138 καί
2538 4087 2673 4154 περὶ
2713 4084 2825 4152 τῆς
2866 4083 2973 4137 τοῦ
3032 4080 3218 4136 Ἰούδα
3272 4079 3624 4148 προδοσίας,

425 4170 522 4223 καί
554 4172 638 4235 εὶς
674 4170 740 4223 τὸ
769 4172 1001 4241 Πάσχα,
1046 4173 1145 4227 καί
1178 4176 1265 4240 εὶς
1291 4175 1399 4243 τὴν
1433 4176 1770 4245 παράδοσιν
1802 4174 1924 4231 τῶν
1964 4176 2138 4231 θείων
2189 4176 2555 4247 μυστηρίων,
2607 4174 2706 4229 καί
2760 4173 2893 4243 περί
2947 4172 3053 4227 τοῦ
3082 4170 3169 4243 μὴ
3202 4168 3627 4242 μνησικακεῖν.

427 4264 673 4333 Λεχθείς
697 4262 771 4332 τῇ
798 4265 935 4335 ἁγίᾳ
961 4267 1059 4320 καί
1076 4266 1311 4339 μεγάλῃ
1344 4268 1615 4326 Πεντάδι.

972 4408 1199 4479 Ὀμιλία
1214 4403 1300 4467 β’.

425 4494 495 4542 α’.
514 4486 859 4558 Ἑὸουλόμην,
887 4487 1177 4558 ἀγαπητοὶ,
1205 4491 1303 4561 τῆς
1323 4490 1463 4544 κατά
1481 4492 1571 4545 τὸν
1596 4493 1939 4566 πατριάρχην

354 4573 515 4626 πάλιν
569 4572 876 4635 ὑποθέσεως
924 4572 1183 4638 ἅψασθαι,
1232 4575 1325 4627 καὶ
1375 4575 1622 4629 ἐντεῦθεν
1671 4579 1798 4647 ὑμῖν
1839 4579 1939 4649 τὴν

355 4657 595 4709 ἑστίασιν
642 4655 967 4727 παραθεῖναι
1016 4656 1113 4727 τὴν
1158 4659 1562 4729 πνευματικήν·
1602 4659 1716 4712 ἀλλ’
1761 4662 1792 4731 ή
1841 4660 1937 4713 τοῦ

354 4739 613 4809 προδότου
642 4738 1000 4809 ἀγνωμοσύνη
1033 4737 1168 4809 πρὸς
1206 4740 1305 4811 τὴν
1335 4739 1453 4793 κατ’
1493 4742 1654 4796 αὑτὸν
1685 4743 1938 4797 ὑπόθεσιν

353 4825 451 4893 τὴν
482 4822 752 4894 ήμετέραν
782 4821 928 4874 ἕλκει
957 4820 1220 4891 γλῶτταν,
1248 4823 1345 4875 καὶ
1376 4821 1477 4893 τῆς
1509 4825 1720 4895 ἡμέρας
1761 4827 1789 4878 6
1818 4844 1939 4879 και..

356 4906 447 4978 ρὸς
475 4906 839 4977 προτρέπεται
867 4905 966 4975 τῆς
989 4905 1192 4976 τόλμης
1212 4904 1375 4958 αὑτοῦ
1397 4906 1494 4976 τὴν
1517 4908 1713 4977 μανίαν
1741 4912 1933 4966 είπεῖν.

355 4993 600 5061 Σήμερον
638 4990 746 5061 γὰρ
782 4990 810 5042 6
851 4987 1056 5062 Κύριος
1098 4988 1254 5060 ήμῶν
1282 4989 1488 5059 Ἰησοῦς
1532 4992 1764 5061 Χριστὸς
1793 5010 1937 5064 παρ-

352 5073 509 5143 εδόθη
534 5073 652 5135 ταῖς
677 5071 785 5124 τῶν
813 5068 1080 5125 Ἰουδαίων
1107 5072 1293 5142 χερσὶν
1337 5071 1443 5125 ὑπὸ
1472 5072 1566 5125 τοῦ
1598 5074 1796 5129 οἰκείου
1830 5094 1935 5146 μα-

354 5156 535 5228 θητοῦ.
580 5154 742 5209 Ἀλλὰ
790 5156 854 5208 σὺ
898 5153 1056 5207 τοῦτο
1096 5154 1329 5220 ἀκούων,
1370 5156 1640 5228 ἀγαπητὲ,
1684 5159 1758 5230 μὴ
1800 5160 1933 5232 γένῃ

352 5238 622 5309 κατηφὴς,
668 5236 804 5309 μηδέ
851 5238 1156 5309 στυγνάσῃς
1199 5237 1433 5302 ἀκούων,
1475 5239 1556 5293 ὅτι
1601 5241 1868 5313 παρεδόθη
1906 5245 1935 5296 6

350 5322 657 5392 Δεσπότης·
716 5320 913 5392 μᾶλλον
950 5322 1007 5373 δέ
1058 5324 1152 5374 καὶ
1199 5323 1452 5386 στέναξον
1504 5324 1597 5376 καὶ
1646 5324 1931 5395 δάκρυσον,

356 5409 430 5478 μὴ
458 5406 544 5459 διὰ
572 5405 665 5458 τὸν
696 5404 1065 5475 παραδοθέντα
1108 5406 1333 5475 Ἰησοῦν,
1362 5406 1497 5458 ἀλλὰ
1527 5406 1612 5459 διὰ
1638 5408 1730 5461 τὸν
1759 5425 1934 5479 παρα-

349 5494 510 5545 δόντα
553 5491 715 5544 αὖτὸν
747 5489 966 5543 Ἰούδαν.
1006 5488 1065 5542 '0
1119 5490 1217 5557 μὲν
1260 5489 1368 5561 γάρ
1411 5489 1691 5557 προδοθεὶς
1723 5492 1932 5563 Ἰησοῦς

349 5575 449 5645 τὴν
467 5574 788 5645 οἰκουμένην
812 5573 1035 5637 ἔσωσεν,
1056 5574 1084 5625 6
1107 5573 1164 5625 δὲ
1186 5573 1414 5644 προδοὺς
1446 5572 1648 5639 Ἰούδας
1676 5575 1776 5646 τὴν
1808 5578 1931 5630 ἐαυ-

348 5657 443 5713 τοῦ
474 5657 649 5730 ψυχὴν
678 5657 957 5711 ἀπώλεσε·
992 5655 1088 5711 καί⁸
1124 5656 1153 5707 ὀ
1189 5657 1287 5726 μὲν
1319 5659 1596 5729 προδοθεὶς
1631 5658 1837 5732 Ἰησοῦς
1873 5661 1931 5715 ἐν

348 5742 499 5811 δεξιᾷ
528 5741 620 5796 τοῦ
659 5741 872 5813 Πατρὺς
906 5744 963 5796 ἐν
992 5741 1239 5812 οὐρανοῖς
1267 5742 1524 5813 κάθηται,
1553 5745 1580 5798 6
1611 5743 1668 5797 δὲ
1702 5745 1932 5816 προδοὺς

348 5825 552 5889 Ἰούδας
581 5826 639 5877 ἐν
671 5824 797 5897 ᾇδου
828 5824 923 5879 νῦν
954 5826 1091 5889 ἐστι,
1133 5824 1234 5895 τὴν
1271 5824 1638 5897 ἀπαραίτητον
1671 5828 1766 5881 καὶ
1798 5828 1932 5882 αἰώ-

349 5928 462 5965 νιον
489 5911 772 5965 ἀναμένων
798 5909 1039 5965 κόλασιν.
1056 5908 1155 5964 Διά
1177 5908 1335 5964 τοῦτο
1361 5909 1635 5977 στέναξον,
1662 5912 1749 5966 διὰ
1776 5904 1933 5967 τοῦτο

2041 4493 2337 4566 δάκρυσον·
2369 4493 2489 4546 ἐπεὶ
2518 4492 2611 4547 καὶ
2644 4490 2807 4553 αὐτὸς
2845 4490 2874 4543 6
2916 4488 3192 4559 Δεσπότης
3230 4486 3385 4560 ήμῶν
3416 4489 3629 4562 Ἰησοῦς

2040 4578 2275 4649 Χριστὸς
2316 4575 2439 4629 ἰδὼν
2471 4576 2562 4628 τὸν
2598 4575 2800 4627 Ἰούδαν
2847 4571 3120 4642 ἐταράχθη
3163 4573 3256 4625 καί
3306 4571 3621 4643 ἐδάκρυσεν.

2040 4660 2213 4714 Ἰδὼν
2231 4658 2340 4731 γὰρ
2359 4662 2435 4713 αὐ
2445 4659 2567 4720 τὸν,
2589 4676 2662 4729 φη
2672 4659 2772 4720 σὶν,
2791 4656 3087 4724 ἐταράχθη
3113 4657 3209 4708 καί
3228 4656 3414 4708 εἶπεν·
3432 4653 3535 4722 Εἷς
3554 4657 3628 4721 ἐξ

2037 4744 2204 4814 ὑμῶν
2235 4742 2571 4813 παραδώσει
2617 4758 2712 4811 με.
2755 4741 2863 4794 Καὶ
2902 4740 3045 4802 τίνος
3093 4739 3279 4792 ἕνεκεν
3310 4739 3621 4812 ἐταράχθη;

2050 4828 2278 4882 Ἐννοῶν
2312 4829 2392 4880 ὅτι
2434 4827 2571 4898 μετά
2625 4826 2723 4897 τὴν
2766 4822 3033 4893 τοσαύτην
3065 4822 3434 4889 διδασκαλίαν,
3486 4826 3624 4895 μετά

2035 4911 2135 4976 τὰς
2170 4909 2436 4973 τοσαύτας
2480 4909 2850 4981 παραινέσεις,
2892 4910 2972 4971 εἰς
3011 4901 3123 4960 οἷον
3157 4906 3399 4977 κρημνὸν
3433 4908 3623 4961 ἑαυτὸν

2036 4993 2191 5047 ὠθῶν
2219 4994 2319 5047 οὐκ
2356 4992 2638 5063 ᾐσθάνετο.
2683 4990 2913 5063 Θεωρῶν
2940 4991 3119 5046 τοίνυν
3162 4993 3191 5044 6
3225 4990 3498 5060 Δεσπότης
3526 4992 3619 5045 τοῦ

2040 5075 2281 5158 μαθητοῦ
2315 5077 2414 5148 τὴν
2470 5075 2686 5158 μανίαν,
2733 5075 2826 5127 καὶ
2869 5073 3106 5158 ἐπελεῶν
3147 5073 3309 5158 αὐτὸν
3346 5074 3619 5158 ἐταράχθη

2036 5161 2130 5214 καὶ
2169 5155 2454 5230 ἐδάκρυσε.
2489 5157 2658 5212 Τοῦτο
2691 5158 2797 5231 γάρ
2835 5158 2947 5213 ἀνω
2987 5157 3077 5211 καὶ
3122 5156 3271 5210 κάτω
3303 5155 3543 5209 τιθέασιν
3570 5159 3620 5209 οἰ

2035 5244 2434 5314 εὐαγγελισταὶ,
2476 5243 2561 5296 ἵνα
2601 5241 2975 5295 πιστώσωνται
3027 5242 3126 5312 τῆς
3171 5240 3480 5311 οἰκονομίας
3518 5241 3621 5311 τὴν

2034 5328 2308 5399 ἀλήθειαν.
2346 5325 2652 5397 Ἐταράχθη
2704 5326 2882 5379 τοίνυν
2924 5326 2953 5376 6
2996 5325 3303 5396 Δεσπότης,
3355 5323 3478 5377 ἰδὼν
3520 5323 3619 5376 τοῦ

2037 5411 2277 5482 μαθητοῦ
2300 5409 2396 5480 τὴν
2426 5410 2865 5481 ὑπερϐάλλουσαν
2887 5408 3300 5479 ἀγνωμοσύνην,
3334 5407 3429 5460 καὶ
3470 5407 3619 5462 διδά-

2035 5509 2179 5546 σκων
2212 5494 2358 5563 ἡμᾶς
2396 5492 2637 5556 ἐκείνους
2691 5492 2925 5563 μάλιστα
2977 5492 3215 5564 θρηνεῖν,
3259 5492 3385 5555 τοὺς
3431 5492 3620 5555 κακῶς

2032 5576 2342 5640 ποιοῦντας,
2368 5576 2427 5629 οὐ
2458 5576 2584 5639 τοὺς
2624 5577 2810 5641 κακῶς
2844 5577 3177 5647 πάσχοντας·
3210 5578 3257 5629 οἰ
3290 5576 3397 5646 γὰρ
3430 5575 3617 5639 κακῶς

2032 5660 2127 5714 καὶ
2181 5659 2379 5722 ἀδίκως
2430 5659 2761 5729 πάσχοντες,
2817 5656 2960 5714 οῦτοι
3012 5660 3211 5731 μᾶλλον
3262 5656 3617 5729 μακαρισμοῦ

2031 5742 2171 5807 ἄξιοί
2212 5745 2336 5797 εἰσι.
2380 5743 2473 5795 Διὸ
2505 5744 2599 5796 καὶ
2631 5743 2815 5813 ἔλεγεν
2856 5746 2884 5798 6
2929 5744 3195 5817 Χριστός·
3228 5742 3512 5812 Μακάριοι
3562 5744 3619 5797 οι

2030 5825 2411 5896 δεδιωγμένοι
2440 5825 2649 5880 ἕνεκεν
2672 5827 3078 5897 δικαιοσύνης,
3110 5828 3200 5881 ὅτι
3229 5825 3427 5882 αὐτῶν
3446 5826 3619 5879 ἐστιν

2032 5913 2071 5981 ἡ
2097 5911 2389 5976 βασιλεία
2428 5911 2546 5966 τῶν
2589 5913 2877 5983 οὐρανῶν.
2921 5911 3075 5979 Εἶδες
3122 5915 3286 5968 πόσον
3319 5914 3380 5967 τὸ
3425 5911 3620 5984 κέρδος
