4066 6392
391 410 498 467 583

392 525 557 590 ἔδειξε
599 522 707 576 τῶν
743 522 930 587 κακῶς
957 523 1301 593 πασχόντωνς
1341 521 1513 575 Βλέπε
1542 523 1704 578 πάλιν
1732 522 1968 594 ἀλλαχοῦ

389 609 499 662 τῶν
539 607 724 672 κακῶς
777 607 1071 661 ποιούντων
1117 607 1217 676 τὴν
1269 607 1644 677 ἀπαραίτητον
1673 607 1976 677 τιμωρίανο

390 692 555 745 ἄκουε
601 690 697 743 τοῦ
747 689 1018 760 μακαρίου
1078 688 1291 742 Παύλου
1341 689 1623 756 λέγοντοςο
1665 689 1850 758 Ὑμεῖς
1883 689 1976 751 δὲ,

388 775 658 843 ἀδελφοὶ,
681 772 928 843 μιμηταὶ
965 772 1288 841 ἐγενήθητε
1316 772 1434 826 τῶν
1475 771 1847 840 Ἑκκλησιῶν
1869 771 1977 826 τοῦ

389 857 538 912 Θεοῦ
558 856 674 910 τῶν
701 855 904 909 οὐσῶν
928 855 996 908 ἐν
1029 853 1098 922 τῇ
1131 855 1412 921 Ἰουδαίᾳ,
1443 855 1534 910 ὅτι
1567 854 1640 909 τὰ
1668 856 1819 911 αὐτὰ
1840 854 1980 909 ἑπάα

388 943 519 993 (lete
548 938 644 992 καί
665 937 829 1005 ὑμεῖς
855 937 973 993 ὑπὸ
1011 936 1127 990 τῶν
1143 937 1310 990 ίδίων
1329 937 1752 1008 συμφυλετῶν,
1781 937 1977 1003 καθὼς

389 1023 484 1076 καὶ
527 1021 698 1076 αὐτοὶ
742 1022 859 1075 ὑπὸ
893 1020 1012 1074 τῶν
1044 1020 1360 1085 Ἰουδαίων,
1412 1023 1531 1076 τῶν
1578 1021 1677 1075 καὶ
1719 1022 1824 1074 τὸν
1861 1023 1979 1076 Κύ-

384 1123 518 1172 ριον
570 1103 1051 1158 ἀποκτεινάντων
1110 1104 1376 1171 Ἰησοῦν,
1436 1104 1533 1158 καί
1586 1104 1722 1170 τοὺς
1785 1103 1977 1171 ἰδίους

386 1188 716 1256 προφήτας.
740 1189 838 1242 καὶ
866 1189 1226 1242 κωλυόντων
1245 1187 1422 1257 ἡμᾶς,
1445 1187 1603 1258 φησὶ,
1629 1187 1752 1253 τοῖς
1773 1189 1977 1240 ἔθνεσι

386 1270 675 1338 λαλῆσαι,
703 1271 804 1324 ἵνα
832 1269 1130 1334 σωθῶσιν,
1176 1272 1258 1336 εὶς
1303 1270 1368 1324 τὸ
1393 1269 1826 1337 ἀναπληρῶσαι
1869 1271 1977 1322 αὺ-

387 1351 504 1406 τῶν
532 1354 634 1420 τὰς
665 1354 986 1423 ἁμαρτίας·
1021 1353 1250 1421 ἔφθασε
1284 1351 1350 1404 δὲ
1384 1353 1476 1406 ἐπ’
1502 1352 1723 1418 αὐτοὺς
1753 1353 1790 1420 ή
1827 1351 1973 1422 ὀργὴ

385 1437 492 1490 τοῦ
530 1437 678 1491 Θεοῦ
716 1439 804 1503 εὶς
848 1435 1044 1502 τέλος.
1096 1434 1272 1500 Εἶδες,
1321 1436 1404 1489 ὅτι
1456 1436 1698 1499 ἐκείνους
1739 1436 1974 1506 μάλιστα

383 1519 590 1575 δίκαιον
618 1521 836 1592 θρηνεῖν
879 1521 972 1573 καὶ
1016 1519 1311 1573 κόπτεσθαι
1344 1521 1468 1583 τοὺς
1505 1517 1970 1584 κακοποιοῦντας;

384 1603 482 1656 Διά
517 1601 673 1655 τοῦτο
709 1602 804 1655 καὶ
854 1603 884 1654 6
934 1601 1314 1674 φιλάνθρωπος
1357 1603 1632 1672 Δεσπότης
1681 1601 1824 1674 ὁρῶν
1876 1601 1972 1653 τοῦ

388 1685 629 1756 μαθητοῦ
665 1685 765 1756 τὴν
813 1685 1038 1755 τόλμαν,
1073 1685 1398 1755 ἐταράττετο
1426 1686 1520 1738 καὶ
1551 1685 1800 1756 ἐδάκρυε,
1819 1682 1969 1756 [587]

382 1769 484 1840 τὴν
535 1769 664 1839 περὶ
705 1767 796 1820 τὸν
833 1768 1079 1838 μαθητὴν
1125 1767 1466 1838 συμπάθειαν
1509 1766 1970 1837 ἐπιδεικνύμενος,

385 1851 478 1904 καὶ
507 1851 720 1915 δεικνὺς
749 1851 913 1904 αὐτοῦ
956 1851 1052 1921 τῆς
1101 1849 1508 1921 φιλανθρωπίας
1535 1851 1594 1902 τὸ
1619 1849 1866 1920 μέγεθος,
1889 1849 1973 1902 ὅτι

383 1935 477 1987 καὶ
507 1934 701 2005 μέχρις
720 1935 888 2004 αὐτῆς
919 1937 1015 2006 τῆς
1048 1934 1336 2005 προδοσίας
1362 1935 1462 1987 οὐκ
1488 1932 1720 1986 ἐπαύετο
1746 1933 1844 2002 τῆς
1875 1930 1970 1984 τοῦ

386 2017 630 2087 μαθητοῦ
674 2017 1009 2089 διορθώσεως
1055 2017 1468 2088 προνοούμενος.
1506 2016 1606 2070 Διά
1649 2016 1836 2069 τοῦτον
1876 2010 1970 2068 οὖν

379 2101 648 2172 δάκρυσον
689 2101 886 2171 πικρὸν
932 2103 1026 2153 καὶ
1088 2100 1341 2165 στέναξον
1379 2100 1601 2169 μᾶλλον,
1637 2099 1759 2151 ἐπεὶ
1809 2099 1903 2151 καὶ
1942 2098 1972 2150 6

381 2185 657 2254 Δεσπότης
681 2184 747 2238 δι’
769 2186 975 2237 ἐκεῖνον
997 2183 1278 2254 ἡθύμησεν
1298 2199 1310 2210 ·
1347 2182 1699 2250 Ἐταράχθη’
1720 2180 1848 2249 γὰρ,
1873 2197 1974 2250 φη.

383 2268 488 2332 σὶν,
519 2271 552 2322 ό
585 2267 825 2335 Ἰησοῦς
850 2268 946 2321 καί
973 2268 1141 2321 εἶπεν
1159 2284 1174 2297 ’
1207 2262 1312 2332 Εἷς
1336 2266 1404 2330 ἐξ
1435 2265 1602 2335 ὑμῶν
1628 2263 1972 2333 παραδώσει

380 2369 470 2422 με.
500 2353 564 2404 Ὢ
593 2353 730 2423 πόση
753 2351 1146 2422 εὐσπλαγχνία,
1178 2353 1319 2422 πόση
1358 2351 1630 2420 ἁγαθότης
1658 2350 1965 2404 Δεσπότουὶ

378 2439 408 2491 6
444 2435 723 2508 προδοθεὶς
744 2435 885 2507 ὑπὲρ
914 2434 1008 2488 τοῦ
1049 2435 1307 2506 προδότου
1339 2436 1513 2503 ἀλγεῖ.
1538 2434 1712 2506 Ὀρῶν
1734 2434 1843 2504 γὰρ
1871 2435 1971 2487 αὐ-

377 2521 470 2574 τὸν
503 2520 826 2590 ἐπιμένοντα
855 2521 920 2589 τῇ
956 2518 1212 2590 πονηρίᾳ,
1254 2518 1585 2587 Ἐταράχθη
1633 2518 1732 2571 καὶ
1764 2517 1965 2571 εἶπεν·

381 2601 487 2670 Εἷς
511 2603 580 2668 ἐξ
615 2601 782 2671 ὑμῶν
812 2600 1151 2669 παραδώσει
1176 2618 1273 2670 με.
1315 2601 1537 2666 Σκόπει,
1578 2600 1718 2671 πόση
1757 2617 1968 2672 μακρο-

379 2687 577 2757 θυμίαί
617 2686 758 2756 πόση
809 2685 1218 2756 φιλανθρωπίαι
1253 2685 1370 2748 πῶς
1399 2684 1638 2754 φείδεται
1666 2681 1760 2736 τοῦ
1791 2681 1971 2751 ἀγνώ-

382 2787 561 2840 μονος,
604 2770 696 2822 καὶ
738 2769 799 2821 οὐ
847 2769 1094 2840 βούλεται
1136 2769 1298 2823 αὐτὸν
1341 2769 1696 2838 ἀναίσχυντον
1733 2767 1970 2838 ἐργάσα-

381 2852 521 2906 σθαι.
557 2852 689 2906 ἀλλά
738 2853 945 2914 πάντας
985 2853 1064 2914 εἰς
1100 2851 1300 2920 δειλίαν
1341 2853 1526 2918 ἐνάγει
1563 2850 1692 2912 τοὺς
1721 2848 1968 2922 μαθητὰς

379 2937 472 2991 καὶ
511 2935 836 3004 ἐναγωνίους
868 2937 1030 2996 ποιεῖ.
1060 2937 1196 3005 πρὸς
1229 2934 1288 2988 16
1319 2934 1574 3006 ἀφορμήν
1611 2951 1734 2986 τινα
1774 2933 1968 3004 ἐκείνῳ

379 3023 678 3091 παρασχεῖν
715 3019 809 3073 τοῦ
851 3019 1192 3090 μεταγνῶναι
1231 3017 1332 3088 τῆς
1376 3017 1607 3088 μανίαςί
1654 3016 1790 3069 Ἀλλ’
1837 3017 1967 3071 ὅταν

377 3105 702 3176 ἀναίσθητος
724 3103 951 3174 γένηται
978 3105 1011 3174 η
1049 3101 1196 3173 ψυχὴ
1237 3103 1310 3172 μὴ
1343 3102 1606 3173 δεχομένη
1639 3101 1730 3156 τὸν
1767 3101 1967 3172 σπόρον

376 3189 476 3259 τῆς
517 3187 820 3251 εὐσεϐείας,
847 3187 907 3240 οὐ
945 3187 1264 3256 παραίνεσιν
1285 3185 1516 3254 δέχεται,
1541 3185 1604 3237 οὐ
1635 3184 1962 3256 συμϐουλὴν,

378 3274 514 3326 ἀλλὰ
567 3272 898 3326 σκοτωθεῖσα
937 3271 1042 3324 ὐπὸ
1103 3269 1197 3323 τοῦ
1255 3269 1461 3332 πάθους
1513 3267 1655 3323 κατά
1706 3267 1966 3340 κρημνῶν

375 3357 592 3410 ἄπεισι·
617 3356 807 3426 διόπερ
841 3353 965 3408 οὐτε
1005 3346 1160 3416 οὗτος
1191 3352 1447 3426 ἐκέρδανέ
1481 3368 1533 3404 τι
1557 3352 1622 3404 ἐκ
1648 3349 1747 3420 τῆς
1767 3349 1966 3404 τοσαύ-

375 3457 475 3511 της
529 3437 927 3510 μακροθυμίας.
976 3432 1078 3503 Εἷς
1129 3436 1198 3502 ἐξ
1259 3435 1427 3505 ὑμῶν
1482 3434 1822 3503 παραδώσει
1865 3451 1964 3504 με,

377 3523 530 3593 φησί.
563 3522 718 3586 Τίνος
762 3520 949 3574 ἕνεκεν
986 3519 1264 3592 ἐταράχθη
1302 3520 1395 3573 καὶ
1440 3517 1752 3588 ἡθύμησενς
1799 3518 1963 3589 Ὁμοῦ

376 3608 471 3659 καὶ
501 3606 598 3676 τὴν
629 3603 1009 3675 φιλοστοργίαν
1036 3604 1134 3674 τὴν
1163 3601 1358 3656 ἐαυτοῦ
1388 3601 1848 3672 ἐπιδεικνύμενος,
1870 3601 1965 3655 καὶ

374 3689 640 3744 διδάσκων
683 3688 860 3758 ἡμᾶς,
908 3687 989 3739 ὅτι
1028 3685 1269 3748 ἐκείνους
1313 3685 1545 3756 μάλιστα
1592 3685 1674 3738 δεῖ
1723 3684 1962 3756 θρηνεῖν,

376 3777 500 3836 τοὺς
534 3772 719 3834 κακῶς
755 3769 832 3840 τῷ
864 3769 1091 3840 πλησίον
1135 3769 1660 3840 κατεργαζομένους.
1701 3769 1811 3822 Kal
1854 3769 1963 3841 γὰρ

377 3861 573 3911 ἐκεῖνοι
603 3855 724 3909 καθ’
755 3854 962 3908 ἑαυτῶν
985 3854 1085 3925 τὴν
1134 3853 1302 3924 ὀργὴν
1336 3853 1686 3924 ἐπιφέρουσιν
1706 3869 1720 3883 °
1751 3853 1871 3923 οὐχὶ
1907 3853 1962 3906 δὲ

375 3941 466 3994 16v
498 3940 774 4009 πάσχοντα
810 3937 1018 4002 κακῶς,
1046 3936 1182 3989 ἀλλὰ
1219 3936 1310 3988 τὸν
1357 3934 1614 3988 ποιοῦντα
1637 3936 1801 3998 κακὰ,
1833 3935 1961 3988 τοῦ·

375 4040 468 4076 τον
521 4022 738 4094 θρηνεῖν
783 4021 1058 4092 πανταχοῦ
1106 4020 1331 4076 δίκαιον.
1365 4019 1438 4072 Τὸ
1484 4019 1584 4090 μὲν
1626 4019 1735 4090 γάρ
1764 4019 1962 4087 ,κακῶς

377 4105 590 4169 παθεῖν,
615 4107 713 4178 τὴν
763 4103 1041 4176 βασιλείαν
1079 4105 1209 4174 ἡμῖν
1250 4102 1358 4156 τῶν
1395 4101 1640 4174 οὐρανῶν
1678 4102 1956 4174 προξενεῖ’

374 4191 434 4243 τὸ
462 4190 516 4243 δὲ
543 4189 725 4252 κακῶς
751 4186 972 4258 ποιῆσαί
1001 4205 1104 4239 τινι
1131 4188 1300 4240 αἴτιον
1322 4188 1452 4258 ἡμῖν
1489 4185 1588 4256 τῆς
1616 4187 1840 4257 γεέννης
1865 4187 1959 4239 καὶ

374 4275 473 4344 τῆς
501 4274 772 4336 κολάσεως
800 4273 1025 4342 γίνεται.
1061 4270 1350 4338 Μακάριοι
1386 4270 1514 4342 γὰρ,
1550 4271 1733 4341 φησὶν,
1769 4272 1823 4322 οἱ
1860 4269 1956 4324 δε·

375 4358 681 4428 διωγμέιυι
709 4357 916 4410 ἕνεκεν
943 4355 1352 4422 δικαιοσύνης.
1406 4355 1588 4426 Ὁρᾷς,
1616 4354 1733 4418 πῶς
1767 4354 1829 4407 τὸ
1862 4372 1959 4408 κα-

377 4444 487 4509 κῶς
519 4441 710 4496 παθεῖν
741 4441 850 4512 ἔχει
881 4440 1069 4512 μισθὸν
1110 4441 1205 4494 καὶ
1249 4438 1501 4501 ἔπαθλον,
1534 4437 1632 4509 τὴν
1657 4438 1766 4492 τῶν
1795 4440 1960 4511 οὐρα-

377 4529 482 4581 νῶν
509 4526 820 4598 βασιλείαν;
854 4527 1117 4577 ’Ἄκουσον
1156 4523 1272 4586 πῶς
1298 4525 1390 4576 καὶ
1430 4523 1491 4575 16
1521 4523 1706 4587 κακῶς
1734 4524 1958 4594 ποιῆσαι

376 4611 594 4664 κόλασιν
643 4609 796 4680 φέρει
842 4609 935 4661 xal
981 4607 1270 4678 τιμωρίαν.
1314 4605 1496 4660 Εἰπὼν
1534 4607 1642 4678 γὰρ
1685 4609 1713 4660 6
1748 4608 1956 4673 Παῦλος

375 4697 507 4767 περὶ
538 4693 643 4746 τῶν
677 4692 967 4752 Ἰουδαίων,
991 4690 1072 4743 ὅτι
1114 4690 1206 4742 τὸν
1253 4689 1455 4760 Κύριον
1487 4690 1832 4754 ἀπέκτειναν,
1863 4692 1957 4746 καὶ

373 4779 500 4839 τοὺς
545 4777 830 4847 προφήτας
875 4773 1119 4839 ἐδίωξαν,
1167 4773 1469 4842 ἐπήγαγεν·
1515 4767 1630 4828 ’Ὦν
1674 4774 1740 4827 τὸ
1782 4773 1956 4840 τέλος

372 4859 504 4914 ἐστὶ
539 4858 688 4914 κατὰ
715 4857 781 4911 τὰ
807 4854 1192 4931 ἕργαγαὺτῶν.
1222 4851 1371 4919 Εἶδες
1398 4856 1513 4920 πῶς
1545 4859 1594 4910 οἱ
1631 4857 1728 4928 μὲν
1767 4856 1955 4911 διωκό-

378 4959 529 5012 μενοι
579 4944 677 5012 τὴν
705 4939 977 5011 βασιλείαν
1000 4940 1108 4992 τῶν
1130 4939 1378 5011 οὐρανῶν
1405 4938 1789 5010 λαμϐάνουσιν*
1819 4943 1871 4996 οἱ
1897 4941 1955 4996 δὲ

372 5025 674 5090 διώκοντες,
701 5024 798 5095 τὴν
826 5023 918 5077 τοῦ
949 5022 1081 5076 Θεοῦ
1111 5023 1278 5094 ὀργὴν
1310 5023 1742 5094 κληρονομοῦσι;

444 5109 628 5162 Ταῦτα
667 5108 723 5160 δὲ
772 5106 869 5176 οὐχ
912 5105 1099 5169 ἁπλῶς
1144 5105 1401 5176 κινοῦμεν
1433 5106 1525 5160 ἐπὶ
1562 5109 1658 5174 τῆς
1682 5107 1953 5179 ὑμετέρας

373 5193 610 5262 ἀγάπης,
655 5191 768 5244 ἀλλ’
816 5191 901 5243 ἵνα
943 5189 1324 5260 παιδευώμεθα
1366 5190 1503 5262 πρὸς
1545 5191 1673 5254 τοὺς
1724 5190 1953 5262 ἐχθροὺς

372 5277 528 5346 ἡμῶν
555 5276 627 5346 μὴ
649 5273 984 5346 ὀργίζεσθαι,
1009 5273 1120 5325 ἀλλ’
1142 5273 1227 5325 ἵνα
1249 5273 1446 5344 μᾶλλον
1471 5273 1709 5344 ἐλεῶμεν
1733 5274 1948 5339 αὐτοὺς,

373 5360 467 5413 καὶ
484 5359 808 5430 δακρύωμεν
831 5358 923 5410 καὶ
944 5355 1198 5426 ἀλγῶμεν
1215 5356 1354 5427 ὑπὲρ
1369 5357 1566 5409 αὐτῶν.
1593 5357 1819 5410 Ἐκεῖνοι
1842 5359 1950 5430 γάρ

372 5446 506 5498 εἰσιν
529 5445 577 5496 οἱ
603 5442 786 5504 κακῶς
819 5441 1138 5511 πάσχοντες,
1172 5441 1220 5493 οἱ
1265 5439 1638 5510 ἐχθραίνοντες
1679 5441 1811 5511 ἡμῖν
1849 5442 1951 5512 μά-

372 5541 489 5597 την,
513 5528 608 5578 Ἂν
637 5526 777 5578 οὕτω
807 5524 1314 5596 παρασκευάσωμεν
1347 5524 1501 5594 ἡμῶν
1529 5523 1626 5595 τὴν
1653 5523 1848 5594 ψυχὴν,
1875 5525 1950 5590 ώς

375 5609 449 5681 μὴ
476 5610 810 5682 ὀργίζεσθαι,
849 5608 984 5662 ἀλλά
1022 5607 1118 5661 καὶ
1147 5608 1331 5674 ἀλγεῖν
1378 5607 1516 5678 ὑπὲρ
1553 5608 1754 5672 αὐτῶν,
1793 5609 1952 5680 δυνη-

373 5692 576 5761 σόμεθα
621 5693 761 5746 κατά
802 5692 898 5763 τὴν
931 5691 1024 5743 τοῦ
1069 5691 1274 5762 Κυρίου
1319 5689 1501 5760 φωνὴν
1535 5691 1628 5744 καὶ
1658 5690 1953 5761 ὐπερεύχε-

1145 407 1200 462 5.
1239 405 1528 462 JOANNIS
1563 406 2056 466 CI'IRYSOSTOMI
2094 404 2416 462 ARCHIEP.
2455 404 2992 463 CONSTANTINOP.

3550 406 3653 463 581

2077 521 2184 593 ἐχω
2238 520 2618 591 διαλεγόμενος
2662 522 2789 592 ὑμῖν
2839 521 2966 592 περὶ¹
3016 520 3180 591 εὐχῆς
3217 519 3318 590 τῆς
3367 521 3507 594 ὑπὲρ
3544 523 3654 576 τῶν

2077 603 2310 676 ἐχθρῶν,
2332 604 2420 658 ἵνα
2451 604 2674 674 μόνιμος
2698 605 2921 674 γένηται
2947 603 3046 672 τῆς
3074 603 3416 668 διδασκαλίας
3446 608 3474 678 6
3499 605 3653 674 λόγος

2074 690 2142 758 τῇ
2171 687 2418 759 συνεχείᾳ
2445 687 2544 756 τῆς
2575 687 2968 757 παραινέσεως,
3007 687 3095 740 ἵνα
3123 684 3326 758 ῥιζωθῇ
3358 687 3510 756 ὐμῶν
3536 690 3655 751 ταῖς

2074 771 2350 834 διανοίαις.
2383 771 2482 825 Διά
2513 771 2670 824 τοῦτο
2698 771 2932 840 συνεχῶς
2967 770 3335 841 ἐπαντλοῦμεν
3378 771 3507 840 ὑμῖν
3541 773 3655 834 τοῖς

2077 857 2334 928 ῥήμασιν,
2358 854 2496 908 ὥστε
2521 855 2583 908 16
2607 855 2804 925 οἴδημα
2824 855 2922 924 τῆς
2947 855 3114 926 όργῆς
3147 854 3531 924 ὐπονοστῆσαι,
3559 855 3654 909 καὶ

2074 939 2478 1009 κατασταλῆναι
2527 939 2626 1010 τὴν
2673 939 2998 1008 φλεγμονὴν,
3050 940 3143 992 καὶ
3200 939 3439 1010 καθαρὸν
3485 939 3654 1010 ὀργῆς

2074 1017 2214 1076 εἶναι
2242 1022 2330 1075 τὸν
2362 1025 2492 1094 εὐχῇ
2534 1023 2845 1094 προσιόντα.
2890 1023 3024 1075 Οὐδὲ
3052 1022 3160 1094 γὰρ
3195 1023 3224 1074 6
3250 1021 3484 1092 Χριστὸς
3517 1023 3658 1094 ὑπὲρ

2071 1107 2182 1161 τῶν
2218 1107 2425 1179 ἐχθρῶν
2455 1107 2624 1161 ταῦτα
2673 1110 2928 1179 παραινεῖ
2963 1106 3155 1177 μόνον,
3197 1105 3333 1160 ἀλλά
3373 1107 3468 1159 καὶ
3516 1107 3655 1173 ὐπέρ

2074 1191 2231 1261 ήμῶν
2250 1191 2357 1244 τῶν
2381 1190 2646 1262 ἀφιέντων
2670 1191 2896 1252 ἐκείνοις
2915 1196 2981 1244 τα
3007 1191 3395 1261 ἁμαρτήματα.
3418 1189 3662 1253 Μείζονα

2073 1275 2184 1346 γὰρ
2205 1273 2353 1346 [388]
2397 1274 2694 1344 λαμϐάνεις
2742 1274 2774 1345 ἢ
2819 1274 2994 1338 δίδως,
3029 1275 3208 1342 ἀφιεὶς
3239 1273 3340 1343 τὴν
3375 1274 3544 1342 ὀργὴν
3580 1271 3655 1339 τῷ

2073 1358 2272 1429 ἐχθρῷ.
2328 1359 2437 1412 Kal
2467 1359 2582 1422 πῶς
2629 1359 2846 1429 μείζονα
2891 1357 3171 1428 λαμϐάνω,
3207 1357 3378 1426 φησί;
3415 1356 3654 1427 Πρόσεχε

2072 1441 2337 1512 ἀκριϐῶς.
2381 1442 2504 1494 Ἐάν
2544 1443 2711 1514 ἀφίης
2740 1442 2917 1494 τοίνυν
2944 1440 3014 1492 τὰ
3037 1442 3115 1504 εἰς
3148 1440 3240 1492 16v
3263 1440 3449 1511 ἐχθρὸν
3475 1441 3654 1509 ἀμαρο

2070 1526 2310 1593 τήματα,
2343 1525 2705 1596 συγχωρεῖταί
2731 1541 2812 1576 σοι
2841 1524 2908 1577 τὰ
2939 1526 3020 1587 είς
3051 1523 3142 1576 τὸν
3174 1523 3453 1594 Δεσπότην
3481 1523 3650 1592 πλημ-

2074 1605 2382 1676 μελήματα.
2449 1609 2662 1661 Ἐκεῖνα
2717 1606 2912 1660 άνίατά
2964 1609 3080 1658 ἐστι
3135 1607 3229 1658 καὶ
3273 1604 3651 1672 ἀσύγγνωστα,

2070 1689 2241 1744 ταῦτα
2281 1689 2338 1742 66
2381 1690 2578 1762 πολλὴν
2643 1691 2756 1760 ἐχει
2780 1689 3132 1760 παραμυθίαν
3173 1688 3267 1742 καὶ
3301 1688 3651 1758 συγγνώμην.

2075 1773 2340 1827 Ἄκουσον
2379 1773 2510 1842 γοῦν
2546 1772 2642 1827 τοῦ
2685 1773 2803 1826 Ἠλὶ
2846 1772 3093 1840 λέγοντος
3150 1771 3282 1844 πρὸς
3328 1773 3455 1834 τοὺς
3508 1771 3656 1832 υίούς

2071 1856 2268 1910 αὐτοῦ·
2318 1858 2452 1910 Ἐὰν
2477 1857 2753 1926 ἁμαρτὼν
2791 1856 3018 1925 ἁμάρτῃ
3069 1856 3375 1922 ἄνθρωπος
3423 1857 3503 1920 είς
3545 1855 3654 1909 ἇν-

2072 1943 2326 2006 θρωπον,
2362 1945 2394 1995 ὁ
2434 1941 2619 2008 ἱερεὺς
2680 1940 3071 2007 προσεύξεται
3119 1939 3253 2006 περὶ
3291 1938 3504 1992 αὐτοῦ’
3546 1939 3655 1992 ἐὰν

2070 2023 2139 2076 δὲ
2179 2027 2266 2090 είς
2297 2024 2404 2077 τόν
2437 2025 2587 2079 Θεὸν
2629 2024 2884 2094 ἁμάρτῃ,
2935 2025 3027 2090 τίς
3073 2024 3467 2091 προσεύξεται
3519 2025 3650 2091 περὶ

2069 2109 2254 2162 αὑτοῦ
2271 2125 2291 2173 ;
2321 2110 2481 2163 Ὥστε
2513 2110 2689 2163 ἐκεῖνο
2719 2109 2860 2178 μέγα
2891 2107 3132 2180 τραῦμα,
3164 2109 3271 2162 οὐδ’
3294 2110 3427 2178 εὐχῇ
3460 2107 3655 2180 ῥᾳδίως

2069 2191 2272 2246 λύεται.
2313 2195 2424 2247 Kal
2460 2194 2592 2265 εὐχῇ
2643 2193 2741 2264 μὲν
2782 2193 2844 2246 οὐ
2887 2193 3070 2247 λύεται
3103 2194 3163 2248 16
3199 2193 3434 2247 τοιοῦτον
3473 2191 3654 2264 παρά-

2069 2292 2292 2345 πτωμα,
2333 2278 2678 2347 συγχωρήσει
2719 2277 2776 2330 δὲ
2824 2277 2932 2331 τῶν
2977 2276 3387 2348 ἁμαρτημάτων
3423 2276 3530 2328 τῶν
3572 2276 3655 2330 είς

2066 2359 2160 2412 τὸν
2193 2360 2386 2431 ἐχθρὸν
2421 2359 2606 2413 λύεται
2637 2360 2969 2431 παραυτίκα.
3011 2361 3102 2414 Διὸ
3143 2361 3327 2414 ἐκεῖνα
3351 2359 3450 2430 μὲν
3483 2358 3654 2429 μύρια

2066 2443 2304 2499 τάλαντα
2334 2443 2592 2498 ἐκάλεσεν
2624 2447 2652 2498 6
2680 2444 2834 2507 Θεὸς,
2861 2444 2930 2498 τὰ
2953 2446 3031 2508 εἰς
3054 2445 3144 2499 τὸν
3165 2445 3440 2512 Δεσπότην
3475 2443 3655 2511 ἁμαρ.

2066 2527 2303 2598 τήματα,
2347 2528 2522 2582 ταῦτα
2583 2527 2640 2581 δέ
2694 2528 2889 2582 ἐκατὸν
2937 2528 3201 2601 δηνάρια·
3247 2529 3284 2583 ἃ.
3331 2527 3426 2580 ἐὰν
3481 2527 3649 2596 ἀφῇς.

2068 2613 2407 2684 ἀφεθήσεταί
2447 2630 2526 2665 σοι
2551 2611 2621 2666 τὰ
2654 2613 2822 2684 μύρια
2853 2611 3110 2669 τάλαντα.

2138 2765 2204 2836 β’.
2232 2767 2392 2821 Ἀλλά
2420 2767 2546 2838 περὶ
2582 2766 2682 2836 μὲν
2709 2768 2806 2838 τῆς
2832 2765 2998 2836 εὐχῆς
3035 2765 3234 2828 ἱκανῶς
3257 2767 3487 2836 εἴρηται.
3514 2765 3575 2816 El
3595 2763 3652 2816 δὲ

2065 2847 2231 2911 δοκεῖ,
2268 2850 2460 2922 μικρὸν
2494 2849 2749 2920 ἀνωτέρω
2797 2849 2886 2902 τὸν
2919 2848 3076 2917 λόγον
3104 2848 3420 2918 ἀγαγόντες,
3444 2849 3536 2900 ἐπὶ
3558 2847 3653 2898 τὸν

2063 2933 2163 3002 τῆς
2196 2934 2484 3002 προδοσίας
2518 2933 2901 3004 ἐπανέλθωμεν
2945 2934 3122 3002 λόγον.
3166 2935 3260 2986 καὶ
3297 2933 3494 3002 ἴδωμεν
3533 2931 3652 2995 πῶς

2066 3016 2337 3087 παρεδόθη
2367 3017 2524 3088 ήμῶν
2552 3019 2580 3070 6
2611 3017 2906 3088 Δεσπότης.
2925 3016 3043 3070 Ἵνα
3067 3017 3122 3069 δέ
3151 3015 3243 3069 καὶ
3268 3013 3360 3068 τοῦ
3393 3014 3652 3086 προδότου

2063 3101 2163 3170 τὴν
2195 3101 2389 3171 μανίαν
2425 3101 2642 3156 ἃπασαν
2685 3100 3108 3172 καταμάθωμεν,
3151 3100 3244 3153 καὶ
3274 3099 3368 3153 τοῦ
3405 3098 3652 3169 μαθητοῦ

2065 3181 2162 3254 τὴν
2219 3183 2613 3255 ἀγνωμοσύνην
2656 3184 2896 3255 γνῶμεν,
2935 3183 3030 3237 καὶ
3078 3182 3170 3237 τοῦ
3225 3184 3496 3237 Δεσπότου
3552 3182 3653 3250 τὴν

2064 3264 2269 3334 ἄφατον
2297 3265 2724 3338 φιλανθρωπίαν,
2767 3267 3088 3337 ἀκούσωμεν
3118 3265 3209 3319 τοῦ
3239 3265 3650 3333 εὐαγγελιστοῦ.

2065 3348 2182 3412 πῶς
2211 3352 2344 3420 ἡμῖν
2373 3350 2536 3404 αὐτοῦ
2565 3351 2836 3422 διηγεῖται
2879 3351 2975 3422 τὴν
3017 3351 3242 3421 τόλμαν·
3293 3354 3449 3412 Τότε,
3490 3351 3648 3420 φησὶ.

2063 3437 2372 3505 πορευθεὶς
2400 3432 2488 3504 εἷς
2524 3437 2646 3493 τῶν
2689 3437 2940 3505 δώδεκα,
2980 3439 3210 3503 Ἰούδας
3247 3441 3280 3492 ό
3323 3441 3651 3508 λεγόμενος

2076 3521 2479 3590 Ἰσκαριώτης,
2506 3522 2656 3590 πρὸς
2684 3522 2828 3590 τοὺς
2863 3522 3173 3592 ἀρχιερεῖς.
3203 3517 3375 3576 εἶπεν
3407 3520 3614 3588 αὐτοῖς
3632 3539 3648 3551 ·

2069 3605 2132 3659 Τί
2157 3605 2363 3659 θέλετέ
2389 3624 2492 3676 μοι
2535 3606 2770 3672 δοῦναι,
2816 3606 2978 3678 κάγὼ
3003 3607 3147 3677 ὑμῖν
3171 3605 3500 3675 παραδώσω
3535 3608 3650 3660 αὺ-

2061 3696 2204 3754 τόν;
2248 3692 2406 3743 Δοκεῖ
2447 3691 2544 3761 μὲν
2579 3692 2687 3762 γὰρ
2734 3691 2901 3761 σαφὲς
2945 3685 3174 3744 εἶναιτὸ
3207 3690 3520 3760 λεγόμενον,
3557 3691 3651 3744 καὶ

2065 3769 2229 3842 μηδὲν
2263 3771 2422 3826 πλέον
2458 3773 2821 3828 αίνίττεσθαιο
2853 3776 2902 3828 εί
2947 3773 3005 3827 δέ
3053 3791 3136 3837 τις
3183 3774 3425 3844 ἀκριϐῶς
3465 3775 3652 3840 ἐξετά-

2064 3871 2121 3907 σε
2130 3872 2203 3908 ιεν
2225 3855 2452 3908 ἕκαστον
2473 3854 2580 3908 τῶν
2600 3855 2926 3927 εἰρημένων,
2950 3856 3150 3928 πολλὴν
3171 3857 3283 3927 ἔχει
3309 3857 3536 3927 θεωρίαν
3552 3859 3650 3911 καὶ

2063 3937 2195 3991 πολὺ
2223 3937 2282 3991 τὸ
2318 3937 2480 4008 βάθος
2505 3938 2612 3992 τῶν
2639 3938 2947 4009 νοημάτων.
2988 3940 3096 3993 Καὶ
3129 3939 3345 4009 πρῶτον
3374 3943 3402 3993 6
3434 3943 3644 4011 καιρός.

2062 4021 2136 4074 Οὐ
2168 4021 2274 4092 γὰρ
2307 4021 2492 4086 ἁπλῶς
2518 4021 2682 4075 αὐτὸν
2717 4023 3134 4094 ἐπισημαίνεται
3167 4023 3194 4075 6
3220 4023 3646 4094 εὐαγγελιστής·

2060 4105 2121 4156 οὐ
2160 4104 2267 4177 γὰρ
2306 4099 2449 4166 εἶπε.
2496 4104 2827 4173 πορευθείς,
2870 4105 3083 4170 ἁπλῶς·
3132 4106 3268 4159 ἀλλά
3315 4107 3645 4176 προσέθηκε,

2065 4189 2206 4242 Τότε
2259 4191 2588 4258 πορευθείς.
2641 4188 2807 4241 Τότεο
2867 4189 3031 4254 πότε;
3095 4190 3204 4242 Kal
3263 4190 3408 4252 τίνος
3458 4189 3649 4242 ἕνεκεν

2059 4271 2413 4342 ἐπισημαίνει
2439 4271 2530 4324 τὸν
2562 4271 2785 4342 χρόνον;
2814 4272 2926 4342 Οὐχ
2960 4271 3142 4336 ἁπλῶς
3181 4273 3311 4342 ἡμῖν
3345 4271 3646 4344 ἐπισημαί-

2059 4371 2209 4406 νεται
2260 4354 2351 4407 τὸν
2407 4354 2598 4426 καιρὸν
2651 4355 2680 4407 ὁ
2734 4355 3122 4427 εὐαγγελιστὴς
3174 4356 3449 4426 Πνεύματι
3505 4358 3650 4427 ἁγίῳ

2059 4437 2455 4508 φθεγγόμενος·
2505 4441 2534 4492 ό
2585 4438 2694 4508 γὰρ
2742 4439 3020 4510 Πνεύματι
3069 4439 3457 4510 φθεγγόμενος,
3494 4440 3648 4494 οὐδὲν

2058 4520 2245 4584 ἁπλῶς
2290 4521 2408 4574 οὐδέ
2439 4522 2560 4592 είκῆ
2609 4521 2923 4591 φθέγγεται.
2968 4523 3032 4575 Τί
3071 4517 3163 4576 οὖν
3206 4525 3320 4574 ἐστι
3357 4522 3437 4584 16.
3473 4524 3650 4589 tdte;

2059 4603 2172 4674 Πρὸ
2214 4602 2377 4657 αὐτοῦ
2417 4603 2512 4656 τοῦ
2556 4604 2770 4677 χρόνου,
2815 4605 2919 4677 πρὸ
2947 4605 3116 4675 αὐτῆς
3148 4604 3248 4674 τῆς
3291 4604 3438 4675 ὥρας
3476 4623 3651 4676 προσ-

2055 4687 2185 4759 ἦλθε
2243 4688 2378 4758 κόρη
2439 4687 2777 4760 ἀλάϐαστρον
2833 4689 3002 4760 μύρου
3059 4687 3290 4758 ἔχουσα,
3353 4689 3444 4742 καὶ
3509 4707 3650 4742 κατ-

2055 4770 2175 4840 έχεε
2213 4771 2273 4823 16
2302 4770 2480 4824 ἔλαιον
2513 4773 2686 4824 ἐκεῖνο
2725 4771 2817 4824 ἐπὶ
2849 4771 2946 4843 τὴν
2995 4772 3235 4842 κεφαλὴν
3274 4771 3367 4824 τοῦ
3414 4771 3644 4843 Κυρίου.

2067 4853 2404 4920 Ἐπεδείξατο
2436 4853 2634 4925 πολλὴν
2677 4853 2858 4908 πίστιν
2892 4857 2925 4927 ὴ
2963 4855 3122 4926 γυνὴ,
3167 4854 3476 4920 ἐπεδείξατο
3510 4855 3648 4907 πολ-

2054 4934 2152 5006 λὴν
2192 4934 2510 5007 θεραπείαν,
2544 4936 2853 5003 ἐπεδείξατο
2893 4937 3092 5008 πολλὴν
3139 4938 3382 5008 ὑπακοήν
3421 4939 3515 4990 καὶ
3554 4939 3648 4990 εὐ-

2052 5017 2301 5072 λάϐειανο
2353 5018 2709 5089 μετεϐάλλετο
2753 5021 2861 5074 ἀπὸ
2910 5021 3004 5074 τοῦ
3055 5021 3172 5091 βίου
3218 5020 3312 5075 τοῦ
3349 5022 3641 5091 προτέρου,

2052 5102 2144 5154 καὶ
2181 5102 2396 5170 ἐγένετο
2431 5101 2650 5173 βελτίων
2697 5104 2791 5156 καὶ¹
2835 5104 3268 5175 σωφρονεστέρα.
3319 5104 3430 5156 Kal
3475 5105 3562 5156 ὅτε
3611 5109 3646 5175 η

2053 5186 2227 5256 πόρνη
2285 5185 2628 5255 μετενόησεν,
2679 5187 2764 5240 ὅτε
2800 5186 2892 5240 τὸν
2939 5189 3214 5259 Δεσπότην
3247 5187 3480 5255 ἐπέγνω,
3517 5188 3644 5242 τότε

2049 5270 2078 5321 6
2128 5267 2374 5338 μαθητὴς
2410 5267 2502 5322 τὸν
2540 5268 2856 5322 διδάσκαλον
2903 5271 3209 5341 παρέδωκε.
3257 5272 3427 5325 Τότεσ
3461 5273 3634 5340 πότες

2053 5351 2181 5405 Ὅτε
2212 5351 2385 5421 πόρνη
2417 5351 2808 5422 προσελθοῦσα,
2840 5353 2901 5406 16
2947 5354 3288 5423 ἀλάϐαστρον
3330 5354 3428 5408 τοῦ
3465 5357 3645 5428 μύρου

2051 5433 2368 5504 καταχέασα
2400 5434 2542 5488 κατὰ
2588 5435 2695 5488 τῶν
2716 5435 2889 5489 ποδῶν
2921 5436 3013 5491 τοῦ
3043 5438 3240 5508 Ἰησοῦ,
3271 5441 3392 5503 ταῖς
3411 5441 3644 5504 οἰκείαις

2051 5515 2224 5586 θριξὶν
2241 5515 2490 5586 ἐξέμαξε,
2506 5516 2601 5571 καὶ
2621 5517 2819 5588 πολλὴν
2833 5520 2930 5590 τὴν
2954 5519 3246 5592 θεραπείαν
3267 5523 3638 5583 ἐπεδείκνυτο.

2051 5600 2119 5653 τά
2145 5601 2203 5652 ἐν
2236 5599 2397 5653 παντὶ
2433 5598 2511 5670 τῷ
2544 5600 2721 5672 χρόνῳ
2763 5603 3135 5674 ἁμαρτήματα
3167 5604 3524 5675 ὲξαλείφουσα
3551 5606 3642 5658 διὰ

2049 5685 2150 5751 τῆς
2198 5681 2637 5753 ἐξομολογήσεως
2680 5683 2872 5762 αὐτῆς.
2924 5685 3058 5740 Τότε
3107 5682 3234 5753 οὖν,
3284 5691 3373 5744 ὅτε
3422 5689 3640 5755 ἐκείνην

375 5734 576 5761 “”Γ⁹““
624 5734 761 5746 ’“’¹“’“
813 5734 851 5744 "
881 5734 894 5743 ’
943 5734 1022 5743 ""
1069 5734 1272 5762 '-'I'"'
1323 5734 1495 5760 1"""6'
1537 5734 1628 5744 ""'
1661 5734 1922 5761 ""I'"L"
2106 5734 2146 5751 ⁶’
2239 5734 2304 5753 ’ίι
2342 5734 2353 5736 ἡ
2385 5734 2448 5752 πο
2482 5734 2633 5753 ⁸⁷Ὕηδ
2686 5734 2738 5736 "ﬁ
2763 5734 2872 5762 ’Ἰνῖ
2934 5734 3058 5740 ’⁷⁷⁷
3112 5734 3194 5742 ⁷⁷¹
3219 5734 3234 5753 ν
3287 5734 3373 5744 ""
3422 5734 3635 5755 ””““⁷““ι’

374 5774 497 5828 σθαι
538 5776 732 5834 αὐτῶν⁸
757 5734 868 5828 καί
893 5772 1091 5844 πολλὴν
1129 5773 1217 5827 διὰ
1245 5773 1434 5827 τούτου
1476 5775 1574 5845 τὴν
1604 5773 1808 5828 ἀνωθεν
1832 5734 1970 5828 ἔξω(
2053 5764 2314 5818 ἐθεάσατο
2340 5765 2607 5836 τοσαύτην
2639 5765 2928 5840 θεραπείαν
2967 5768 3046 5839 τῷ
3088 5769 3392 5841 διδασκάλῳ
3430 5772 3635 5825 ἐπιδει-

373 5855 682 5911 σπάσασθαι
717 5859 908 5928 ῥοπήν.
960 5856 1056 5909 Διά
1104 5855 1212 5928 γάρ
1251 5853 1408 5909 τοῦτο
1443 5856 1710 5928 τετάρτην
1737 5856 1946 5928 ἡμέραν

2057 5846 2316 5914 ξαμένην,
2345 5849 2468 5902 τότε
2507 5851 2667 5914 αὐτὸς
2713 5853 2806 5906 ἐπὶ
2853 5852 2952 5925 τὴν
2991 5855 3303 5928 παράνομον
3346 5856 3638 5922 προδοσίαν
