4066 6392
290 350 396 410 583

291 469 601 543 patiuntur?
631 466 761 523 Vide
793 480 1001 521 rursum
1038 464 1144 519 alio
1194 465 1246 518 in
1291 464 1411 518 loco
1439 461 1578 517 male
1606 460 1872 531 agentium

290 559 591 615 inevitabile
620 559 935 628 supplicium
978 575 989 610 :
1036 556 1160 610 audi
1211 558 1272 609 Β.
1303 555 1525 610 Paulum
1576 554 1873 608 dicentem:

303 653 401 707 Vos
421 630 613 718 autem,
646 656 849 722 fratres,
901 650 1177 703 imitatores
1203 650 1325 719 facti
1373 649 1490 702 estis
1538 647 1878 701 Ecclesiarum

292 746 407 811 Dei,
440 761 551 813 qua:
579 755 695 798 sunt
723 744 776 796 in
796 742 980 796 Judaza
1010 758 1027 805 ;
1055 744 1292 813 quoniam
1317 742 1490 795 eadem
1534 740 1669 809 passi
1692 740 1806 793 estis
1833 749 1878 791 et

291 856 376 893 tos
405 857 437 892 a
466 839 687 909 propriis
741 835 1102 890 contribulibus
1123 876 1137 899 ,
1171 833 1595 904 quemadmodum
1636 842 1681 884 et
1722 832 1822 898 ipsi
1848 847 1879 882 a

290 932 506 994 Iudaeis,
535 931 619 999 qui
644 939 690 982 et
722 927 995 982 Dominum
1024 928 1311 980 occiderunt
1342 926 1374 979 J
1381 942 1537 990 esum,
1566 935 1612 978 et
1642 925 1875 993 proprios

290 1042 411 1078 suos
434 1023 723 1092 prophetas,
752 1031 797 1075 et
844 1021 1177 1090 impedierunt
1237 1037 1328 1073 nos
1358 1019 1491 1088 loqui
1540 1018 1800 1089 gentibus,
1825 1024 1879 1068 ut

294 1117 448 1169 salva?
478 1116 600 1183 fiant
620 1155 634 1178 ,
662 1123 717 1166 ut
756 1112 997 1177 impleant
1041 1123 1245 1180 peccata
1276 1128 1368 1165 sua
1395 1128 1413 1164 :
1457 1109 1679 1178 pervenit
1713 1119 1879 1161 autem

297 1202 375 1254 ira
402 1200 495 1253 Dei
515 1215 664 1269 super
687 1199 801 1251 illos
824 1215 977 1267 usque
993 1199 1042 1250 in
1062 1199 1211 1266 ﬁnem
1239 1196 1312 1265 (1.
1339 1194 1520 1248 Thess.
1538 1194 1595 1247 2.
1642 1193 1809 1250 M—IG

300 1290 490 1345 Vidcn’
511 1305 602 1343 eos
632 1290 862 1342 maxime
893 1303 987 1356 par
1013 1302 1131 1341 esse
1152 1288 1331 1355 lugere
1361 1292 1414 1338 et
1452 1283 1578 1337 fletu
1611 1283 1880 1353 prosequi,

256 1362 393 1453 iqui
445 1382 581 1437 mala
638 1382 989 1452 perpetrant?
1050 1380 1384 1448 Quapropter
1435 1378 1884 1433 clementissimus

306 1475 587 1541 Dominus,
619 1490 741 1527 cum
790 1472 996 1527 videret
1032 1471 1277 1540 discipuli
1328 1470 1550 1535 facinus,
1579 1468 1886 1523 turbabatur

297 1575 351 1620 et
398 1564 590 1630 flebat,
630 1563 1146 1617 commiserationcm
1186 1577 1315 1631 erga
1374 1561 1689 1628 discipulum
1736 1574 1884 1613 suam

296 1654 579 1710 ostendens
601 1695 615 1719 ,
651 1653 1096 1724 benignitatisque
1124 1667 1234 1707 sua:
1278 1650 1695 1722 magnitudinem
1726 1649 1884 1703 exhi-

300 1747 448 1810 bens,
482 1744 622 1815 quod
645 1745 728 1798 vel
773 1759 941 1813 usque
970 1742 1035 1797 ad
1066 1744 1233 1813 ipsam
1263 1742 1615 1812 proditionem
1647 1741 1886 1809 discipuli

302 1837 663 1893 emendationi
694 1836 1002 1907 prospicere
1049 1851 1153 1889 non
1186 1843 1443 1889 cessaret.
1483 1834 1710 1903 Propter
1749 1832 1889 1885 hunc

301 1930 464 1999 igitur
491 1929 667 1998 potius
696 1928 889 1981 acerbe
916 1928 1035 1995 luge
1056 1935 1109 1980 et
1138 1925 1448 1994 ingemisee,
1473 1925 1595 1994 quia
1629 1924 1884 1977 Dominus

300 2024 444 2078 illius
474 2037 633 2077 causa
666 2031 893 2076 mmstus
936 2020 1054 2074 fuit.
1097 2018 1354 2072 Turbatus
1380 2029 1474 2082 est,
1495 2018 1694 2087 inquit,
1717 2015 1887 2080 Iesus,

298 2126 344 2168 et
370 2115 519 2179 dixit,
553 2112 697 2168 Unus
725 2123 942 2166 vestrum
995 2110 1158 2164 tradet
1202 2127 1281 2163 me
1308 2109 1326 2179 (
1349 2111 1507 2162 Joan.
1550 2110 1639 2163 13.
1681 2108 1742 2162 2i
1778 2109 1819 2173 ).
1848 2107 1891 2160 0

299 2217 550 2277 quantam
575 2205 1028 2260 misericordiam!
1062 2212 1313 2274 quantam
1338 2201 1545 2255 Domini
1574 2201 1886 2256 bonitatem!

299 2298 400 2366 Qui
452 2296 696 2367 proditur
744 2296 1033 2365 proditoris
1070 2294 1240 2364 gratia
1293 2292 1461 2347 dolet.
1508 2291 1707 2345 Videns
1750 2290 1890 2345 enim

305 2405 427 2442 eum
458 2388 510 2441 in
540 2387 772 2465 nequitia
806 2388 1179 2440 immorautem
1201 2427 1214 2451 ,
1244 2383 1494 2438 Turbatus
1531 2394 1605 2437 est
1632 2393 1679 2436 et
1713 2382 1841 2435 dixit
1874 2424 1889 2448 ,

308 2481 454 2536 Unus
481 2490 705 2534 vestrum
744 2479 908 2534 tradet
951 2496 1048 2532 me.
1096 2478 1252 2544 Vide,
1282 2486 1530 2547 quantam
1562 2477 1721 2530 animi
1765 2477 1895 2530 tole-

306 2572 532 2627 rantiam
567 2571 581 2624 !
611 2580 862 2641 quantam
904 2569 1327 2624 humanitatem!
1363 2567 1631 2637 quomodo
1689 2567 1895 2635 ingrato

306 2665 499 2734 parcit,
528 2678 629 2719 nec
659 2663 770 2717 vult
795 2677 915 2717 eum
944 2660 1405 2730 impudentissime
1434 2672 1625 2728 agere:
1659 2658 1752 2712 sed
1776 2672 1894 2710 om—

311 2770 407 2811 nes
435 2756 725 2824 discipulos
755 2754 807 2807 in
843 2754 1086 2807 timorem
1118 2760 1171 2805 et
1195 2751 1517 2805 anxietatem
1547 2749 1763 2805 deducit
1790 2791 1804 2815 ,
1840 2759 1898 2803 ut

314 2848 391 2902 illi
441 2862 625 2901 ansam
658 2847 892 2915 prwbeal.
933 2844 1282 2913 resipiscendi
1313 2844 1380 2899 ab
1411 2843 1637 2897 insania.
1671 2842 1737 2896 At
1777 2857 1894 2895 cum

308 2940 483 2993 anima
516 2940 659 2992 omni
693 2939 913 2993 dimisso
955 2952 1115 2992 sensu
1165 2952 1348 2991 semen
1377 2936 1587 3006 pietatis
1628 2950 1731 2989 non
1759 2935 1897 2989 acci-

307 3031 404 3101 pit,
444 3045 551 3083 non
581 3029 991 3085 admonitionem
1018 3070 1032 3093 ,
1064 3043 1169 3082 non
1200 3027 1479 3082 consilium
1508 3026 1772 3091 admittit,
1805 3024 1897 3079 sed

314 3121 511 3175 aﬂ'ectu
539 3120 702 3174 animi
731 3120 1077 3175 obtenebrata
1109 3134 1202 3189 per
1230 3116 1519 3187 praecipitia
1545 3117 1670 3172 abit.
1704 3117 1901 3184 Quam-

311 3213 499 3266 obrem
529 3226 700 3281 neque
740 3211 824 3265 hic
848 3226 913 3264 ex
942 3220 1085 3265 tanta
1116 3208 1317 3264 Christi
1346 3206 1598 3278 patientia
1628 3207 1898 3277 quidpiam

310 3304 543 3359 lucratus
564 3312 666 3358 est.
701 3302 844 3357 Unus
873 3313 1091 3356 vestrum
1117 3302 1277 3355 tradet
1304 3317 1402 3367 me,
1432 3302 1620 3370 inquit.
1651 3300 1759 3354 Cur
1790 3310 1901 3354 lur-

311 3397 466 3451 batus
511 3408 567 3451 et
607 3411 841 3451 maerore
884 3396 1106 3449 affectus
1132 3395 1261 3449 est?
1296 3394 1367 3450 Ut
1393 3410 1545 3450 suum
1571 3394 1727 3450 simul
1752 3410 1901 3447 amo-

311 3504 425 3543 rem
454 3487 782 3550 ostenderet,
814 3501 1018 3557 nosque
1045 3485 1296 3549 doceret,
1329 3501 1422 3541 eos
1458 3486 1688 3541 maxime
1716 3486 1902 3557 lugen-

312 3580 414 3634 dos
444 3580 689 3648 esse,qui
720 3588 905 3633 contra
933 3579 1238 3648 proximum
1268 3578 1406 3631 mala
1446 3586 1769 3647 perpetrant.
1812 3578 1906 3632 Et-

314 3673 459 3728 enim
481 3674 554 3726 illi
576 3673 704 3726 iram
729 3681 914 3726 contra
937 3671 1142 3740 seipsos
1159 3671 1411 3725 excitant.
1438 3669 1752 3739 Neutiquam
1783 3685 1903 3723 eum

314 3769 405 3836 qui
435 3766 574 3820 male
594 3771 810 3835 patitur,
839 3764 933 3818 sed
963 3780 1086 3818 eum
1127 3765 1217 3834 qui
1241 3764 1377 3817 mala
1400 3772 1688 3833 perpetrat,
1712 3765 1907 3833 ubique

320 3860 508 3929 lugere
537 3874 631 3928 par
661 3868 761 3913 est.
789 3857 920 3912 Nam
950 3858 992 3911 si
1026 3858 1161 3925 male
1189 3858 1450 3924 patiamur
1475 3899 1489 3921 ,
1530 3857 1581 3910 id
1625 3858 1777 3911 nobis
1820 3873 1906 3911 re-

323 3967 485 4020 gnum
518 3952 778 4006 ccelorum
810 3950 1163 4019 adipiscitur;
1208 3949 1288 4002 sin
1324 3949 1462 4002 male
1491 3949 1718 4018 cuipiam
1751 3949 1910 4002 facia-

326 4059 470 4107 mus,
495 4041 549 4095 id
605 4042 656 4095 iu
704 4056 861 4095 causa
898 4049 981 4094 est
1004 4049 1058 4094 ut
1092 4041 1142 4093 in
1174 4040 1469 4109 gehennam
1498 4052 1551 4093 et
1595 4039 1908 4109 supplicium

322 4136 617 4189 mittamur.
646 4132 776 4186 Nam
804 4131 968 4197 Beati,
1022 4131 1216 4201 inquit,
1242 4132 1328 4194 qui
1357 4132 1786 4200 persequutionem
1815 4148 1908 4198 pa-

325 4231 523 4282 tiuntur
555 4228 1072 4300 propterjustitiam(
1106 4226 1291 4280 Matth.
1325 4227 1375 4281 5.
1407 4226 1474 4281 10
1501 4230 1544 4297 ).
1568 4226 1753 4279 Viden’
1778 4241 1912 4295 quo-

326 4322 486 4377 modo
518 4322 657 4375 male
690 4321 794 4390 pati
818 4322 867 4374 in
896 4320 1195 4373 mercedem
1226 4328 1281 4372 et
1312 4318 1589 4388 prannium
1618 4318 1806 4372 afferat
1830 4332 1915 4371 re—

324 4428 485 4483 gnum
515 4413 803 4465 caelorum?
834 4411 969 4465 Audi
1002 4410 1273 4481 quomodo
1296 4411 1434 4463 mala
1462 4419 1773 4480 perpetrare
1796 4424 1910 4478 pte-

328 4519 452 4557 nam
480 4513 533 4556 et
557 4503 875 4573 supplicium
895 4501 1083 4556 alferat
1107 4519 1119 4554 :
1152 4516 1274 4555 cum
1300 4501 1443 4555 enim
1466 4502 1688 4554 dixisset
1719 4500 1916 4555 Paulus

328 4593 470 4662 quod
499 4592 667 4647 Judaei
699 4593 981 4647 Dominum
1022 4592 1365 4652 occidissent,
1395 4601 1449 4646 et
1475 4591 1762 4662 prophetas
1792 4608 1915 4659 pcr-

328 4685 543 4753 sequuti
573 4693 755 4738 essent
776 4725 791 4748 ,
842 4684 1036 4754 adjecit
1063 4700 1077 4736 :
1122 4683 1352 4750 Quorum
1382 4684 1500 4750 ﬁnis
1540 4692 1610 4736 est
1642 4683 1917 4759 secundum

330 4793 489 4845 Opera
516 4793 687 4830 eorum
715 4776 794 4844 (2.
824 4774 942 4831 Cor.
972 4777 1061 4830 11.
1087 4777 1201 4847 15).
1233 4774 1420 4829 Viden’
1443 4776 1712 4843 quomodo
1734 4776 1798 4840 ii,
1827 4774 1919 4844 qui

336 4869 805 4940 persequutionem
840 4869 1131 4937 patiuntur,
1163 4882 1386 4937 regnum
1425 4866 1677 4920 cmlorutn
1708 4867 1920 4920 lucren-

344 4974 434 5016 tur
466 4980 479 5027 ;
513 4962 546 5015 ii
575 4978 704 5016 vero
735 5004 749 5028 ,
772 4962 861 5031 qui
890 4968 1297 5031 persequuntur,
1327 4960 1457 5013 iram
1502 4958 1591 5012 Dei
1621 4958 1672 5011 in
1698 4957 1921 5011 haeredi—

336 5064 503 5108 tatem
528 5054 786 5121 accipiant
811 5054 834 5105 ?

413 5144 679 5198 Orandum
722 5161 813 5214 pro
845 5145 1080 5197 inimicis.
1113 5173 1184 5183 —
1210 5144 1335 5199 Haec
1379 5157 1538 5212 porro
1581 5157 1685 5195 non
1726 5150 1926 5195 temere

332 5236 476 5304 apud
500 5236 773 5289 caritatem
790 5245 1018 5290 vestram
1044 5234 1324 5304 agitamus,
1348 5234 1440 5287 sed
1469 5243 1525 5287 ut
1552 5233 1818 5287 discamus
1834 5232 1927 5285 ad-

334 5342 530 5381 versus
558 5326 802 5381 inimicos
826 5337 1036 5381 nostros
1054 5342 1155 5381 non
1188 5326 1378 5391 irasci;
1413 5327 1505 5379 sed
1535 5326 1707 5394 potius
1734 5334 1792 5378 ut
1830 5326 1928 5377 mi-

334 5420 631 5477 sericordia
674 5434 797 5489 erga
840 5419 957 5472 illos
1000 5433 1346 5483 moveamur,
1401 5417 1716 5486 illorumque
1761 5418 1927 5486 gratia

254 5536 257 5537 '
335 5528 631 5570 mcerorem
660 5520 715 5567 et
744 5513 1009 5581 planctum
1051 5524 1402 5564 assumamus.
1445 5508 1519 5563 Illi
1561 5510 1755 5579 quippe
1790 5508 1929 5562 male

336 5608 634 5679 patiuntur,
653 5606 741 5675 qui
763 5606 876 5659 sine
888 5619 1045 5657 causa
1065 5604 1218 5657 nobis
1234 5603 1605 5656 adversantur.
1622 5603 1677 5657 Si
1694 5602 1927 5654 animum

343 5710 591 5755 nostrum
624 5699 694 5752 ita
721 5711 1114 5767 comparemus,
1149 5703 1329 5749 utnon
1357 5693 1663 5758 irascamur,
1696 5693 1787 5747 sed
1810 5692 1929 5746 illo-

344 5812 466 5851 rum
494 5795 658 5867 gratia
679 5792 975 5857 doleamus,
1003 5791 1160 5844 etiam
1187 5788 1477 5858 poterimus
1497 5786 1785 5844 secundum
1818 5788 1923 5844 Do—

673 5897 942 5957 PATROL.
990 5896 1105 5957 Gn.
1153 5894 1376 5957 XLIX.

1322 349 1409 405 DE
1449 342 1855 404 PRODI'I‘IONE
1893 342 2090 402 ιυῡιλΕ
2152 345 2383 401 IIOMIL.
2427 346 2489 401 ll.

3456 348 3559 402 583.

1987 458 2120 512 mini
2143 472 2327 514 vocem
2356 475 2453 529 pro
2482 459 2586 513 illis
2607 474 2783 524 orare,
2813 460 3009 530 illoque
3036 460 3195 514 modo
3221 461 3438 516 multam
3467 480 3558 515 llu-

1984 548 2065 604 bis
2098 564 2254 620 opem
2282 550 2484 605 caelitus
2512 550 2814 605 conciliare.
2836 550 2957 605 ldeo
2976 561 3163 621 quarta
3187 552 3295 621 jam
3319 553 3405 607 die
3425 554 3567 623 apud

1983 655 2077 695 vos
2104 655 2403 697 sermonem
2436 642 2608 697 habeo
2634 642 2703 697 de
2721 644 2961 699 oratione
2982 658 3078 711 pro
3108 645 3356 711 inimicis,
3385 655 3442 699 ut
3470 648 3535 699 ad
3552 678 3566 685 -

1985 735 2291 789 monitionis
2317 735 2612 805 frequentia
2645 736 2847 791 ﬁrmior
2871 738 2941 791 sit
2963 737 3205 791 doctrina
3228 781 3242 805 ,
3277 747 3333 792 ut
3361 738 3570 793 radices

1985 836 2106 893 agat
2136 828 2186 879 in
2219 826 2408 882 animis
2458 829 2665 882 vestris.
2704 827 2931 897 Ideoque
2960 828 3263 897 frequenter
3300 829 3440 898 apud
3476 845 3570 883 vos

1985 918 2325 973 sermonibus
2356 918 2634 978 instamus.
2668 929 2723 973 ut
2753 920 2845 974 irae
2885 929 3149 975 tumorem
3182 920 3427 973 tollamus
3454 961 3469 985 ,
3515 928 3571 974 et

1989 1007 2247 1062 fervorem
2272 1008 2541 1074 sedemus,
2564 1019 2723 1078 utque
2746 1011 2860 1079 puri
2884 1012 2947 1064 ad
2966 1011 3257 1065 orationem
3279 1010 3563 1064 accedatis.

1986 1099 2168 1170 Neque
2198 1101 2338 1154 enim
2365 1100 2608 1156 Christus
2637 1102 2969 1156 inimicorum
2999 1111 3200 1156 tantum
3228 1103 3397 1171 gratia
3423 1102 3490 1155 ad
3518 1100 3571 1154 id

1995 1191 2261 1257 hortatur,
2293 1193 2385 1246 sed
2413 1193 2572 1246 etiam
2602 1193 2770 1247 nostri
2797 1208 2955 1247 causa
2983 1194 3070 1262 qui
3103 1194 3205 1248 illis
3249 1204 3460 1262 peccata
3493 1209 3572 1248 re-

1990 1286 2271 1338 mittimus.
2324 1285 2480 1338 Plura
2510 1285 2650 1338 enim
2680 1286 2877 1353 accipis
2899 1325 2913 1349 ,
2944 1301 3100 1354 quam
3131 1285 3227 1338 das
3278 1301 3395 1339 cum
3436 1285 3570 1337 iram

1990 1386 2134 1431 tuam
2158 1378 2372 1431 inimico
2396 1377 2637 1431 dimittis.
2658 1376 2937 1442 Quomodo
2960 1377 3078 1445 plus
3090 1375 3573 1445 accipio,inquies?

1990 1472 2222 1525 Attende
2250 1471 2554 1540 diligenter.
2586 1470 2643 1524 Si
2672 1471 2889 1525 inimico
2917 1480 3132 1540 peccata
3158 1470 3393 1524 dimittas
3417 1510 3431 1533 ,
3475 1469 3574 1524 de-

1992 1560 2112 1614 licta
2167 1570 2252 1615 tua
2296 1562 2347 1615 in
2393 1561 2664 1616 Christum
2718 1571 3021 1630 perpetrata
3077 1561 3414 1614 dimittuntur
3458 1561 3571 1615 tibi.

1994 1653 2119 1707 l'ltec
2144 1669 2303 1721 porro
2324 1655 2409 1707 vix
2440 1654 2631 1709 dimitti
2661 1666 2714 1707 et
2735 1655 2937 1707 veniam
2970 1652 3167 1708 habere
3196 1659 3438 1723 possunt,
3487 1652 3576 1706 illa

1994 1763 2119 1802 vero
2140 1748 2347 1801 veniam
2379 1758 2432 1802 et
2452 1748 2696 1802 solatium
2724 1747 2949 1800 multum
2976 1746 3266 1815 reperiunt.
3290 1744 3429 1798 Audi
3460 1744 3578 1799 Heli

1996 1841 2119 1894 filiis
2150 1840 2261 1894 suis
2286 1840 2549 1895 dicentem
2583 1882 2596 1904 ,
2631 1839 2691 1893 Si
2721 1855 2929 1909 peccans
2950 1839 3218 1906 peccaverit
3245 1837 3393 1889 homo
3413 1838 3465 1889 in
3482 1838 3581 1889 ho-

1995 1933 2198 1996 minem,
2231 1932 2463 1986 sacerdos
2484 1931 2644 1985 orabit
2684 1948 2775 1999 pro
2795 1947 2881 1991 eo;
2903 1932 2948 1984 si
2975 1945 3088 1982 vero
3117 1930 3170 1982 in
3201 1928 3365 1981 Deum
3400 1944 3578 1998 pecca-

1995 2027 2137 2088 verit,
2170 2027 2282 2093 quis
2322 2042 2412 2093 pro
2442 2025 2532 2079 illo
2579 2025 2737 2077 orabit
2783 2024 2857 2095 (1.
2880 2024 3008 2093 Reg.
3033 2023 3088 2077 2.
3111 2023 3224 2093 25).
3256 2024 3434 2091 Itaque
3464 2037 3578 2074 ma-

1994 2132 2156 2188 gnum
2182 2126 2264 2171 est
2290 2117 2482 2170 vulnus
2508 2115 2655 2179 illud,
2686 2130 2856 2184 neque
2884 2114 3036 2167 facile
3059 2114 3295 2167 oratione
3318 2112 3577 2174 solvitur;

1999 2211 2103 2263 imo
2147 2224 2213 2262 ne
2253 2208 2493 2262 oratione
2538 2206 2749 2276 quidem
2801 2205 3023 2259 solvitur
3052 2204 3155 2258 tale
3183 2203 3460 2265 delictum,
3489 2202 3581 2255 sed

1998 2316 2095 2370 per
2134 2301 2343 2354 veniam
2390 2311 2722 2367 peccatorum
2783 2298 2996 2351 inimico
3046 2311 3355 2351 concessam
3405 2294 3579 2349 statim

1999 2394 2241 2448 solvitur.
2272 2392 2398 2447 Ideo
2434 2393 2517 2447 illa
2546 2391 2759 2461 quidem
2789 2391 2974 2444 decem
3015 2389 3176 2442 millia
3208 2388 3400 2442 talenta
3429 2402 3586 2438 voea-

1998 2484 2073 2538 vit
2097 2485 2256 2547 Deus,
2290 2499 2479 2551 nempe
2507 2483 2694 2538 delicta
2724 2481 2780 2535 in
2808 2481 3120 2541 Dominum;
3154 2479 3266 2534 hree
3281 2494 3418 2533 vero
3454 2494 3587 2532 cen-

2000 2586 2111 2632 tum
2137 2578 2384 2632 denarios
2409 2576 2617 2644 (Matth.
2663 2576 2749 2631 19.
2783 2576 2873 2629 23.
2904 2571 3059 2644 sqq.),
3080 2589 3211 2644 quos
3231 2575 3274 2628 si
3301 2573 3587 2639 dimiseris,

1999 2670 2328 2725 dimittentur
2357 2669 2449 2723 tibi
2485 2668 2669 2722 decem
2702 2668 2865 2721 millia
2894 2667 3106 2721 talenta.

2071 2762 2125 2816 2.
2166 2762 2365 2816 Verum
2394 2761 2462 2816 de
2489 2761 2728 2815 oratione
2753 2760 2900 2813 Satis.
2933 2758 2988 2813 Si
3021 2758 3189 2827 placet
3216 2765 3413 2822 autem,
3437 2772 3591 2827 rep"-

2004 2857 2098 2909 tito
2126 2856 2283 2925 paulo
2312 2854 2466 2907 altius
2491 2867 2756 2916 sermone,
2794 2850 2858 2905 ad
2891 2850 3242 2920 proditionem
3284 2848 3586 2908 redeamus,

2003 2948 2379 3015 videamusque
2415 2944 2682 3015 quomodo
2714 2944 2964 2997 Dominus
3007 2954 3189 2996 noster
3214 2940 3451 3009 proditus
3498 2939 3585 2993 sit.

2005 3039 2075 3095 Ut
2102 3055 2228 3095 vero
2261 3048 2422 3092 totam
2456 3035 2740 3106 proditoris
2765 3034 3022 3088 insaniam
3053 3033 3370 3097 ediscamus,
3402 3030 3591 3085 simul-

2004 3146 2107 3200 que
2136 3132 2396 3199 ingratum
2425 3127 2665 3195 discipuli
2696 3126 2929 3179 animum
2955 3134 3010 3180 et
3039 3123 3244 3178 Domini
3270 3121 3592 3176 ineffabilem

2005 3220 2341 3276 clementiam
2389 3232 2756 3287 agnoscamus,
2806 3217 3081 3270 audiamus
3123 3213 3390 3283 quomodo
3426 3227 3592 3266 evan-

2005 3313 2191 3384 gelista
2234 3311 2387 3366 nobis
2414 3311 2528 3380 ejus
2553 3309 2757 3363 facinus
2786 3318 3014 3362 enarret.
3053 3307 3213 3370 Tunc,
3259 3308 3447 3375 inquit,
3474 3307 3596 3358 abiit

2007 3422 2138 3460 unus
2178 3405 2240 3459 de
2268 3403 2552 3466 duodecim,
2594 3400 2759 3455 Iudas
2784 3402 2944 3453 dictus
2986 3398 3272 3462 Iscariotes,
3310 3399 3376 3451 ad
3403 3398 3594 3467 princi‘

2010 3513 2095 3565 pes
2124 3496 2462 3558 sacerdotum,
2487 3504 2532 3546 et
2559 3494 2686 3546 dixit
2727 3494 2796 3546 eis
2819 3508 2836 3544 .·
2865 3491 3001 3555 Quid
3029 3491 3175 3544 vultis
3220 3490 3343 3543 mihi
3372 3490 3510 3552 dare,
3552 3498 3598 3540 et

2010 3605 2100 3658 ego
2146 3586 2279 3640 vobis
2325 3585 2522 3639 tradam
2570 3601 2683 3637 eum
2723 3582 2934 3653 (Matth.
2969 3582 3059 3637 2G.
3102 3582 3182 3637 H.
3218 3579 3330 3649 15).
3378 3579 3601 3634 Videtur

2010 3680 2222 3750 quidem
2252 3678 2303 3732 id
2334 3677 2473 3747 quod
2504 3677 2701 3731 dictum
2730 3688 2810 3729 est
2839 3677 3038 3730 clarum
3067 3692 3184 3730 esse
3214 3676 3449 3744 nihilque
3480 3690 3598 3727 am-

2012 3772 2147 3840 plius
2191 3769 2556 3834 subindicare;
2608 3768 2700 3823 sed
2743 3769 2786 3822 si
2835 3769 2953 3837 quis
2999 3767 3240 3837 singula,
3293 3783 3411 3836 quae
3461 3768 3598 3821 dicta

2015 3872 2173 3927 sunt,
2202 3862 2498 3924 examinet,
2540 3876 2785 3931 magnam
2814 3859 3050 3929 prsebent
3072 3858 3464 3927 contemplandi
3492 3875 3604 3912 ma-

2017 3954 2556 4022 teriam,multamque
2570 3966 2820 4007 sensuum
2841 3949 3453 4017 profunditatemPrimo
3471 3958 3604 4002 tem-

2018 4062 2117 4116 pus
2147 4045 2587 4100 considerandum
2633 4051 2736 4098 est.
2778 4042 2891 4097 Non
2928 4043 3068 4097 enim
3123 4041 3431 4109 simpliciter
3475 4041 3604 4096 illud

2020 4139 2218 4193 indicat
2271 4137 2627 4206 evangelista;
2681 4151 2853 4204 neque
2875 4135 3015 4189 enim
3052 4134 3184 4188 dixit
3226 4133 3418 4199 solum,
3450 4132 3604 4197 abiit;

2018 4232 2109 4286 sed
2152 4230 2374 4301 adjecit,
2427 4230 2568 4284 Tunc
2596 4230 2735 4283 abiit.
2782 4228 2961 4293 Tunc,
3001 4226 3377 4297 quandonam?
3426 4226 3608 4295 Ecqua

2019 4323 2087 4377 de
2111 4338 2269 4376 causa
2294 4333 2499 4391 tempus
2521 4321 2751 4375 indicat?
2770 4320 2885 4373 Non
2913 4320 3027 4373 sine
3044 4333 3200 4373 causa
3225 4317 3377 4370 nobis
3400 4325 3608 4384 tempus

2021 4412 2282 4481 significat
2306 4413 2627 4481 evangelista
2653 4427 2715 4465 ex
2744 4411 2940 4480 Spiritu
2979 4418 3162 4463 sancto
3183 4410 3406 4479 loquens
3437 4424 3451 4461 :
3485 4424 3605 4461 nam

2022 4506 2109 4574 qui
2156 4520 2221 4559 ex
2271 4504 2470 4575 Spiritu
2516 4505 2768 4573 loquitur,
2797 4503 2929 4558 nihil
2960 4503 3074 4557 sine
3112 4517 3266 4556 causa
3294 4502 3378 4556 vel
3408 4511 3610 4556 temere

2026 4598 2276 4667 loquitur.
2325 4596 2460 4664 Quid
2488 4595 2642 4665 igitur
2669 4604 2750 4649 est
2774 4593 2923 4658 illud,
2987 4594 3143 4646 tunc?
3168 4595 3303 4647 Ante
3331 4592 3458 4647 illud
3478 4603 3611 4647 tem-

2026 4704 2154 4757 pus,
2200 4700 2323 4742 ante
2367 4687 2510 4741 illam
2556 4687 2739 4740 horam
2787 4685 3009 4739 accessit
3055 4685 3225 4752 puella
3267 4684 3465 4737 habens
3494 4684 3610 4736 ala-

2026 4780 2262 4834 bastrum
2294 4778 2585 4847 unguenti,
2641 4785 2695 4832 et
2740 4775 2921 4831 ell‘udit
2947 4775 3121 4830 oleum
3152 4774 3278 4828 illud
3319 4789 3479 4844 super
3517 4789 3610 4827 ca-

2027 4884 2123 4943 put
2172 4872 2402 4927 Domini.
2459 4872 2671 4925 Multam
2722 4871 2879 4925 fidem
2926 4869 3158 4925 ostendit
3198 4871 3426 4935 mulier,
3468 4871 3613 4923 mul-

2031 4977 2134 5020 tam
2165 4964 2497 5019 ministrandi
2519 4979 2722 5030 curam,
2751 4963 3130 5028 obedientiam,
3159 4962 3407 5032 pietatem
3438 4980 3450 5015 :
3497 4979 3617 5017 mu-

2032 5066 2138 5110 tata
2170 5064 2302 5111 esta
2350 5055 2568 5124 pristina
2616 5055 2755 5118 vita,
2791 5055 3081 5125 meliorque
3129 5069 3191 5108 ac
3233 5054 3616 5123 temperantior

2031 5146 2216 5201 effecta
2245 5157 2347 5201 ρει.
2375 5146 2444 5201 Et
2490 5161 2610 5201 cum
2668 5147 2917 5200 meretrix
2968 5145 3209 5214 resipuit,
3256 5161 3375 5199 cum
3429 5145 3618 5198 Domi-

2035 5254 2159 5290 num
2216 5238 2457 5306 agnovit,
2519 5246 2644 5290 tunc
2681 5237 2967 5305 discipulus
3023 5237 3330 5306 magistrum
3359 5236 3614 5305 prodidit.

2033 5327 2202 5393 Tunc,
2248 5327 2626 5397 quandonam?
2674 5344 2792 5382 com
2847 5328 3096 5381 meretrix
3136 5328 3412 5388 accedens,
3444 5326 3616 5380 effuso

2035 5434 2195 5485 super
2230 5418 2390 5486 pedes
2428 5418 2554 5472 Jesu
2604 5417 2854 5487 unguenti
2882 5418 3142 5472 alabastro
3167 5457 3181 5478 ,
3229 5416 3454 5485 propriis
3499 5416 3619 5467 illos

2035 5508 2241 5577 capillis
2271 5510 2555 5575 abstersit,
2579 5510 2908 5577 multumque
2948 5509 3297 5561 ministerium
3338 5505 3613 5570 exhibuit,

2038 5616 2133 5670 per
2156 5600 2457 5670 hujusmodi
2487 5600 2877 5656 confessionem
2909 5612 3096 5654 cuncta
3124 5599 3371 5668 prznteriti
3414 5606 3616 5663 tetnpo.

2039 5696 2113 5751 ris
2151 5703 2365 5764 peccata
2408 5693 2611 5751 deleas.
2663 5694 2811 5748 Tunc
2868 5694 3072 5762 itaque,
3119 5706 3238 5745 cum
3286 5691 3427 5744 illam
3486 5687 3622 5741 vidit

2042 5796 2246 5844 tantum
2274 5786 2502 5846 ofﬁcium
2530 5787 2780 5858 magistro
2806 5785 3161 5847 exhibentem,
3183 5794 3305 5838 tunc
3333 5787 3417 5841 ille
3434 5786 3497 5840 ad
3514 5788 3617 5839 mi~

3184 5871 3261 5930 2h-
