4066 6392
501 422 611 477 385

505 553 664 606 quam
699 537 1046 608 proditionem
1096 534 1375 591 festinavit.
1408 537 1472 590 Et
1518 537 1604 589 illa
1627 533 1836 603 quidem
1867 548 1931 587 ex
1971 531 2086 600 ipso

509 630 754 699 nequitiae
805 629 968 684 fundo
1011 629 1061 682 in
1106 629 1274 698 ipsum
1313 629 1499 682 cmlum
1550 625 1817 686 ascendit;
1851 624 1934 676 hic
1961 637 2087 676 vero

505 734 622 792 post
651 724 926 777 innumera
977 723 1227 776 miracula
1265 732 1319 776 et
1361 721 1530 789 signa,
1575 728 1694 789 post
1739 727 1937 771 tantam
1987 715 2085 770 do-

504 814 770 877 ctrinam,
828 822 946 882 post
998 812 1317 867 ineffabilem
1344 812 1486 864 illam
1528 811 1732 863 Domini
1771 818 2090 876 attempera-

507 908 726 968 tionem,
778 905 829 958 iu
895 905 1073 958 tartari
1125 905 1342 958 fundum
1387 903 1600 958 decidit.
1635 903 1860 956 Tantum
1891 903 2086 955 malum

503 1006 585 1051 est
635 996 875 1050 socordia
911 1005 967 1050 et
995 1007 1241 1067 corrupta
1279 996 1540 1049 voluntas.
1575 995 1926 1062 Quamobrem
1956 993 2088 1046 Pau-

506 1088 590 1141 lus
623 1087 977 1155 dicebatzQui
993 1088 1186 1140 videtur
1209 1097 1360 1154 stare,
1390 1088 1551 1140 videat
1583 1103 1643 1140 ne
1671 1089 1820 1138 cadat
1848 1087 1925 1155 (l.
1961 1083 2082 1139 Cor.

505 1179 596 1234 10.
629 1179 717 1249 19.)
746 1197 758 1232 :
804 1190 858 1234 et
911 1179 1168 1250 propheta
1202 1179 1463 1232 clamabat
1507 1179 1630 1232 olim
1661 1197 1673 1232 :
1727 1177 1975 1247 Numqui
2005 1194 2091 1229 ca-

505 1273 599 1334 dit,
630 1288 731 1324 non
774 1271 1042 1341 resurget?
1083 1281 1129 1324 et
1178 1272 1262 1342 qui
1313 1271 1486 1323 avertit
1529 1287 1614 1335 se,
1665 1287 1766 1323 non
1821 1279 2092 1323 revertetur

506 1359 716 1430 (It-rem.
744 1361 796 1415 8.
820 1363 917 1431 4)?
971 1361 1040 1417 Ut
1079 1375 1251 1430 neque
1311 1361 1356 1415 is
1398 1361 1486 1426 qui
1529 1370 1634 1414 stat
1678 1360 1939 1421 conlidat,
1995 1359 2089 1413 sed

506 1467 720 1521 semper
746 1452 999 1507 certando
1036 1454 1320 1516 consistat;
1353 1467 1451 1506 nec
1496 1452 1582 1521 qui
1613 1452 1846 1517 decidit,
1895 1453 2090 1519 deSpe-

507 1555 608 1600 ret.
629 1545 797 1600 Tanta
823 1546 964 1600 enim
992 1546 1072 1598 vis
1102 1555 1216 1599 erat
1240 1545 1492 1614 magistri,
1514 1555 1571 1598 ut
1596 1545 1752 1598 etiam
1782 1545 2090 1599 meretrices

507 1645 560 1690 et
590 1635 896 1703 publicanos
923 1635 1255 1704 pertraheret
1289 1637 1352 1689 ad
1381 1637 1645 1706 propriam
1667 1636 2089 1706 obsequentium.

577 1725 718 1780 Deus
749 1743 846 1780 non
885 1727 1176 1781 necessitate
1212 1728 1456 1795 pertraltit
1494 1729 1562 1780 ad
1599 1728 1783 1781 bonum
1817 1727 2086 1798 agendum.

505 1849 576 1859 â€”
621 1818 758 1886 Quid
801 1834 967 1889 ergo,
1013 1820 1253 1889 inquies,
1298 1821 1387 1890 qui
1436 1821 1746 1876 meretrices
1793 1823 2087 1892 pertraxit,

494 1909 824 1981 discipulum
865 1926 971 1965 non
1015 1913 1185 1980 potuit
1229 1911 1576 1981 pertrahere?
1615 1913 1785 1967 Etiam
1828 1913 1998 1982 potuit
2037 1922 2092 1966 et

507 2003 822 2073 discipulum
853 2004 1198 2072 pertrahere;
1227 2003 1319 2058 sed
1356 2005 1522 2058 noluit
1564 2004 1736 2074 ipsum
1773 2004 2090 2058 necessitate

506 2097 681 2151 facere
704 2097 899 2150 bonum
925 2137 940 2161 ,
971 2110 1142 2165 neque
1166 2097 1216 2149 vi
1246 2096 1394 2150 illum
1416 2096 1482 2150 ad
1504 2097 1735 2166 seipsum
1760 2097 2090 2165 pertrahere.

493 2186 631 2242 ideo
655 2187 978 2258 evangelista
1007 2188 1159 2242 nobis
1184 2201 1245 2242 ea
1276 2203 1499 2242 narrans
1522 2229 1536 2252 ,
1569 2203 1687 2257 quae
1720 2187 1787 2242 ad
1826 2189 2090 2258 ingratum

493 2276 821 2346 discipulum
861 2278 1209 2347 spectabant,
1255 2278 1429 2332 dixit:
1475 2277 1618 2332 Tunc
1669 2279 1828 2345 abiit,
1875 2279 1928 2333 id
1968 2287 2088 2346 est,

507 2384 613 2424 non
642 2369 710 2422 ab
733 2370 848 2422 aliis
880 2378 1096 2425 vocatus
1119 2411 1134 2435 ,
1170 2385 1342 2439 neque
1379 2379 1595 2425 coactus
1624 2371 1691 2424 ab
1728 2371 1834 2425 alio
1857 2411 1873 2436 ,
1917 2387 2091 2441 neque

505 2461 612 2514 alio
636 2475 694 2515 se
729 2460 1012 2526 hortante;
1059 2460 1153 2515 sed
1195 2470 1385 2531 suopte
1423 2471 1568 2516 motu
1607 2463 1672 2516 ad
1712 2463 1764 2517 id
1802 2478 2093 2518 conversus

498 2563 626 2618 est,
658 2553 946 2607 ostendens
975 2569 1033 2606 se
1072 2567 1165 2607 sua
1195 2561 1383 2622 sponte
1417 2563 1472 2608 et
1510 2554 1726 2624 pr0prio
1765 2553 1984 2610 arbitrio
2024 2555 2092 2609 ad

507 2644 744 2713 iniquum
795 2643 921 2697 illud
967 2643 1174 2699 facinus
1243 2659 1595 2715 properasse,
1645 2645 1786 2699 nulla
1846 2657 2093 2702 movente

506 2752 704 2802 causa;
750 2737 845 2792 sed
882 2753 912 2791 a
957 2738 1190 2807 nequitia
1228 2739 1368 2792 intus
1415 2738 1737 2794 seaturiente
1777 2738 1844 2793 ad
1886 2739 2091 2794 Domini

504 2829 846 2885 traditionem
897 2831 1130 2900 seipsum
1180 2832 1402 2901 impulit.
1438 2832 1576 2886 Tunc
1631 2833 1802 2887 abiens
1852 2850 1982 2887 unus
2031 2833 2094 2888 de

506 2920 792 2975 duodecim.
819 2921 934 2976 Non
963 2938 1180 2990 parvum
1205 2925 1406 2978 crimen
1430 2923 1558 2978 illud
1589 2933 1672 2979 est
1699 2924 1839 2993 quod
1864 2924 2087 2990 dicatur,

512 3011 657 3067 Unus
673 3015 736 3066 de
755 3014 1040 3067 duodecim.
1071 3015 1201 3081 Quia
1230 3017 1370 3082 enim
1401 3026 1552 3071 erant
1571 3026 1626 3072 et
1649 3018 1736 3071 alii
1764 3019 2092 3089 septuaginta

509 3103 796 3173 discipuli,
830 3105 951 3160 ideo
979 3106 1150 3171 dixit,
1184 3106 1326 3162 Unus
1351 3107 1414 3162 de
1440 3109 1742 3173 duodecim;
1783 3110 1835 3164 id
1875 3120 1959 3166 est
1980 3151 1994 3174 ,
2027 3127 2092 3166 ex

508 3196 722 3250 selectis
746 3237 761 3262 ,
790 3196 880 3266 qui
909 3197 1144 3265 quotidie
1170 3214 1291 3252 cum
1318 3200 1408 3254 illo
1437 3201 1786 3255 versabantur
1808 3244 1823 3268 ,
1856 3205 1944 3272 qui
1978 3219 2092 3256 ma-

512 3303 615 3358 gna
669 3291 861 3346 fiducia
906 3292 1234 3349 fruebantur.
1282 3295 1350 3350 Ut
1394 3295 1549 3365 igitur
1586 3296 1761 3352 discas
1805 3297 1978 3367 ipsum
2027 3313 2094 3352 ex

509 3385 794 3454 praecipuis
821 3385 1096 3456 discipulis
1125 3387 1290 3442 fuisse
1310 3429 1325 3454 ,
1372 3389 1483 3454 ait,
1529 3388 1671 3444 Unus
1701 3390 1763 3443 de
1806 3389 2089 3444 duodecim.

507 3470 692 3543 Neque
721 3474 773 3529 id
805 3483 943 3530 tacet
977 3479 1297 3548 evangelista
1324 3521 1337 3542 ,
1367 3489 1423 3533 ut
1453 3488 1506 3534 tu
1536 3481 1725 3536 credas
1750 3523 1764 3547 ,
1795 3481 1909 3537 haec
1932 3523 1945 3545 ,
1975 3498 2093 3552 quae

508 3565 756 3621 videntur
782 3569 1039 3638 probrosa
1066 3584 1184 3624 esse
1209 3611 1224 3637 ,
1260 3573 1466 3625 Domini
1504 3589 1626 3643 erga
1655 3588 1752 3627 nos
1778 3575 2094 3629 sollicitudi-

510 3671 634 3710 nem
679 3659 966 3714 ostendere
991 3701 1004 3722 ,
1043 3661 1183 3729 quod
1229 3662 1431 3717 scilicet
1466 3664 1786 3732 proditorem
1829 3673 1883 3719 et
1925 3665 2093 3720 furem

510 3757 590 3804 tot
625 3750 779 3805 bonis
815 3750 1094 3820 dignatus,
1139 3765 1192 3808 et
1231 3769 1396 3823 usque
1433 3756 1498 3809 ad
1540 3757 1777 3810 ultimam
1819 3772 2094 3826 vesperam

510 3843 820 3898 cohortatus
849 3845 937 3899 sit.
974 3845 1214 3901 Vidistinâ€™
1243 3849 1575 3903 meretricem
1600 3890 1615 3914 ,
1661 3865 1779 3919 qua:
1811 3851 2091 3919 abluerat,

512 3935 735 3990 salutem
770 3945 978 3990 metam
1010 3951 1129 3992 esse
1153 3979 1169 4005 ,
1200 3939 1517 4009 discipulum
1551 3955 1677 3995 vero
1705 3984 1719 4004 ,
1758 3943 1880 4011 quia
1917 3945 2096 4014 segnis

510 4024 722 4090 fuerat,
751 4025 1052 4082 decidisse?
1071 4028 1149 4083 Ne
1180 4030 1334 4098 igitur
1354 4030 1422 4084 de
1443 4040 1494 4085 te
1515 4030 1767 4100 desperes
1792 4075 1806 4098 ,
1835 4033 1900 4088 ad
1924 4049 2098 4089 mere-

512 4117 699 4172 tricem
722 4119 1042 4188 respiciens;
1071 4135 1245 4190 neque
1257 4121 1514 4190 conï¬das,
1539 4123 1603 4177 ad
1625 4123 1865 4193 discipuli
1895 4125 2096 4181 facinus

511 4210 698 4264 oculos
733 4221 1092 4266 convertens:
1129 4212 1286 4268 ambo
1323 4215 1467 4270 enim
1507 4215 1804 4284 perniciosa
1843 4227 1984 4271 sunt.
2014 4220 2094 4273 Ad

512 4303 718 4371 lapsum
747 4305 888 4358 enim
927 4304 1175 4374 proclivis
1219 4315 1302 4360 est
1335 4305 1546 4361 animus
1584 4319 1804 4374 noster,
1849 4310 2096 4365 volubilis

509 4394 795 4448 voluntas:
826 4397 1173 4466 quamobrem
1216 4397 1448 4467 undique
1481 4412 1578 4452 nos
1607 4400 1908 4456 muniamus
1937 4417 2096 4470 opor-

513 4495 607 4541 tet.
643 4486 784 4540 Tunc
816 4489 985 4542 abiens
1013 4506 1143 4543 unus
1177 4490 1240 4544 de
1276 4491 1538 4544 duodecim
1559 4532 1574 4557 ,
1606 4489 1772 4546 ludas
1801 4493 2090 4548 lseariotes.

514 4579 702 4634 Videuâ€™
726 4596 792 4635 ex
819 4592 1016 4651 quanto
1050 4584 1216 4638 choro
1257 4585 1496 4641 decidit?
1531 4587 1704 4642 videnâ€˜
1741 4599 1934 4658 quanta
1975 4605 2092 4644 sese

513 4672 791 4740 disciplina
823 4674 1089 4742 privavit?
1116 4675 1286 4731 videnâ€™
1311 4686 1564 4746 quantum
1596 4681 1666 4733 sit
1697 4681 1892 4734 malum
1919 4682 2094 4751 segni-

515 4763 660 4816 ties?
687 4762 884 4826 Judas,
919 4765 1128 4834 inquit,
1163 4765 1429 4822 Iscariotes
1453 4810 1468 4834 ,
1500 4770 1620 4838 quia
1649 4770 1784 4825 alius
1823 4782 1936 4826 erat
1975 4772 2097 4826 huic

514 4857 845 4922 cognominis
869 4897 884 4922 ,
916 4858 1003 4926 qui
1025 4859 1299 4914 dicebatur
1320 4859 1524 4915 Jacobi.
1552 4862 1735 4918 Videnâ€˜
1756 4866 2095 4935 evangelistae

511 4947 828 5016 sapientiam
853 4989 867 5010 ,
903 4949 991 5017 qui
1023 4950 1168 5004 illum
1197 4965 1299 5004 non
1326 4967 1353 5004 a
1379 4952 1613 5008 facinore
1636 4995 1650 5018 ,
1683 4955 1774 5008 sed
1804 4971 1830 5008 a
1858 4957 1976 5010 loco
2004 4973 2100 5010 noâ€”

516 5048 626 5090 tum
659 5038 812 5092 nobis
840 5038 966 5094 facit
987 5081 1001 5105 ,
1029 5043 1116 5110 qui
1145 5044 1302 5096 alium
1333 5061 1436 5098 non
1467 5061 1495 5098 a
1540 5046 1657 5100 loco
1681 5089 1695 5112 ,
1737 5047 1829 5101 sed
1863 5064 1890 5099 a
1935 5052 2098 5117 patris

502 5129 731 5183 --nomine
770 5132 1194 5200 cognoscendum
1237 5137 1388 5189 nobis
1435 5138 1654 5205 praebet.
1703 5139 1860 5207 Atqui
1906 5155 2095 5194 conse-

513 5234 742 5292 quenter
770 5225 991 5281 dixisset
1019 5227 1206 5282 Judam
1236 5230 1560 5298 proditorem
1586 5249 1599 5294 ;
1637 5243 1999 5288 verumtamen
2044 5245 2100 5288 ut

499 5331 614 5369 nos
639 5317 857 5373 doceret
886 5319 1117 5391 linguam
1141 5335 1357 5377 servare
1399 5337 1427 5376 a
1463 5324 1833 5379 criminatione
1874 5342 2095 5394 puram,

516 5430 542 5462 Î·
576 5410 863 5480 proditoris
891 5414 1108 5468 nomine
1144 5415 1392 5469 abstinet.
1424 5416 1698 5471 Discamus
1729 5418 1886 5487 igitur
1925 5419 2100 5472 inimi-

496 5516 700 5555 corum
744 5503 1010 5558 neminem
1050 5519 1170 5559 cum
1215 5507 1459 5561 convicio
1498 5523 1813 5564 memorare.
1857 5507 1911 5563 Si
1957 5511 2097 5564 enim

499 5593 704 5648 wheatus
731 5593 816 5648 hic
845 5595 925 5648 vir
950 5595 1272 5664 proditorem
1302 5599 1469 5652 noluit
1492 5600 1760 5654 criminari
1785 5643 1800 5666 ,
1841 5617 1960 5656 cum
2000 5603 2100 5658 hoc

519 5681 754 5755 iniquum
786 5683 988 5741 facinus
1013 5697 1288 5743 enarraret
1309 5729 1323 5755 ,
1352 5690 1448 5744 sed
1475 5691 1576 5745 hoc
1598 5691 1810 5760 quidem
1839 5695 2000 5748 tacuit
2025 5737 2038 5758 ,
2067 5710 2097 5748 a

521 5778 635 5831 loco
665 5789 840 5836 autem
875 5781 1018 5838 unde
1057 5783 1328 5853 prodierat
1370 5795 1552 5840 notum
1595 5786 1742 5841 illum
1794 5787 1955 5842 fecit:
1994 5804 2094 5860 qua

514 5867 714 5926 erimus
741 5874 894 5930 venia
920 5874 1062 5946 digni
1088 5916 1102 5945 ,
1131 5891 1250 5934 cum
1281 5880 1578 5950 proximum
1603 5881 1947 5939 criminantur
1972 5929 1984 5953 ,
2034 5903 2095 5942 ac

1226 419 1282 474 S.
1322 416 1599 476 JOANNIS
1636 419 2115 476 CllRYSOSTOMl
2154 419 2474 478 ARCHIEP.
2515 422 3049 497 CONSTANTINOP.

3670 423 3774 478 Ï„ÎµÏ…

2200 543 2343 600 saepe
2372 546 2476 585 non
2504 532 2676 587 solum
2704 534 2945 590 inimicos
2985 549 3106 589 cum
3149 536 3467 591 contumelia
3509 551 3774 590 memoraâ€”

2202 637 2320 676 mus
2343 664 2358 688 ,
2381 623 2472 677 sed
2494 625 2654 678 etiam
2682 639 2774 679 eos
2799 666 2814 690 ,
2840 626 2929 694 qui
2957 641 3078 696 erga
3107 641 3206 680 nos
3235 627 3372 682 bene
3399 626 3570 682 affecti
3596 629 3777 681 viden-

2204 721 2307 765 tur.
2336 712 2414 767 Ne
2439 755 2454 780 ,
2484 729 2666 782 qumso
2690 757 2705 781 ,
2737 716 2789 770 id
2829 731 3065 786 agamus.
3115 717 3168 771 ld
3212 727 3267 771 et
3305 717 3498 773 Paulus
3542 719 3782 788 praecipit

2201 805 2384 859 dicens
2413 823 2424 856 :
2464 805 2640 859 Omnis
2669 824 2827 860 sermo
2871 809 3032 862 malus
3069 809 3132 862 de
3169 825 3255 862 ore
3290 819 3452 863 vestro
3481 826 3544 863 ne
3570 812 3779 879 prodeat

2205 893 2438 965 (Ephes.
2477 898 2510 951 4
2537 940 2550 963 ,
2597 898 2730 964 29).
2782 898 2905 953 ldeo
2946 900 3014 954 ab
3053 893 3353 970 hujusmodi
3396 901 3582 956 morbo
3624 901 3782 972 plane

2204 1003 2368 1056 purus
2399 989 2583 1044 beatus
2609 989 2884 1044 Matthmus
2911 991 3121 1046 dicebat
3149 1009 3162 1044 :
3199 991 3338 1045 Tunc
3363 992 3536 1046 abiens
3563 1009 3692 1045 unus
3721 994 3784 1045 de

2205 1079 2504 1144 duodecim,
2532 1082 2618 1147 qui
2644 1081 2901 1134 dicebatur
2919 1082 3084 1135 ludas
3104 1081 3373 1136 Iscariotes
3395 1123 3410 1146 ,
3437 1084 3506 1136 ad
3531 1085 3780 1152 principes

2202 1173 2519 1224 sacerdotum
2545 1172 2712 1238 dixit,
2755 1173 2889 1237 Quid
2918 1173 3068 1226 vultis
3117 1175 3239 1226 milii
3275 1175 3415 1238 dare,
3443 1183 3489 1227 et
3526 1190 3615 1245 ego
3653 1173 3790 1227 vobis

2205 1261 2404 1314 trudam
2428 1279 2541 1316 eum
2565 1264 2590 1316 á¼±)
2608 1263 2652 1316 ÎŸ
2677 1264 3054 1318 exsecrandum
3082 1279 3264 1318 vocem
3289 1263 3303 1317 á¼“
3326 1280 3358 1317 o
3380 1265 3624 1318 insanum
3650 1264 3779 1316 faci-

2203 1367 2302 1407 nus
2329 1355 2340 1408 !
2376 1356 2505 1408 Dum
2536 1357 2649 1410 ha-c
2669 1357 2842 1426 cogito
2869 1399 2883 1423 ,
2913 1367 3084 1412 tremo
3107 1399 3122 1424 ,
3145 1357 3346 1411 dilecti.
3368 1357 3644 1425 Quomodo
3666 1356 3786 1410 talis

2205 1461 2310 1500 vox
2342 1462 2406 1500 ex
2438 1463 2531 1502 ore
2561 1449 2798 1502 exsiliit?
2837 1450 3102 1519 quomodo
3146 1433 3377 1519 linguam
3417 1451 3621 1504 movit?
3651 1465 3787 1519 quo-

2205 1539 2365 1593 modo
2391 1540 2566 1594 anima
2593 1556 2624 1593 a
2653 1557 2876 1610 corpore
2902 1558 3007 1596 non
3033 1543 3334 1596 abscessit?
3360 1542 3626 1612 quomodo
3650 1541 3794 1596 labia

2206 1647 2312 1687 non
2343 1633 2776 1702 obtorpuerunt?
2803 1636 3070 1704 quomodo
3100 1650 3207 1689 non
3236 1645 3415 1689 mente
3441 1635 3710 1690 excessit?

2274 1726 2326 1780 5.
2371 1726 2506 1790 Quid
2530 1727 2676 1780 vultis
2701 1728 2824 1780 mihi
2850 1729 2991 1793 dare,
3016 1739 3060 1782 et
3078 1745 3166 1798 ego
3183 1729 3318 1782 vobis
3343 1728 3541 1781 tradam
3564 1744 3676 1782 eum
3694 1725 3791 1782 2-

2204 1815 2298 1871 Dic
2322 1817 2450 1870 mihi
2478 1859 2490 1882 ,
2518 1817 2654 1873 Juda
2675 1861 2690 1885 ,
2737 1819 2970 1875 haeccine
3004 1821 3257 1890 magister
3297 1828 3442 1874 tanto
3473 1831 3713 1889 tempore
3741 1829 3792 1875 te

2204 1907 2427 1963 docuit?
2456 1910 2598 1965 itane
2625 1911 2678 1964 in
2706 1911 3032 1966 oblivionem
3074 1911 3431 1981 frequentium
3471 1911 3792 1966 admonitio-

2200 2017 2328 2057 num
2361 2002 2599 2057 venisti?
2625 2019 2801 2057 nonne
2828 2002 2948 2057 ideo
2982 2003 3150 2069 dixit,
3204 2001 3379 2057 Nolite
3416 2003 3672 2072 possidere
3694 2019 3791 2056 au-

2204 2112 2318 2148 rum
2338 2137 2354 2159 ,
2386 2112 2545 2166 neque
2567 2105 2828 2167 argentum
2855 2096 2876 2166 (
2902 2095 3087 2150 Matth.
3114 2095 3181 2150 10
3201 2136 3217 2162 ,
3246 2095 3279 2150 9
3303 2097 3343 2165 ),
3376 2105 3434 2150 ut
3455 2095 3564 2165 jam
3609 2094 3734 2150 inde
3762 2111 3792 2149 ÎµÎ¹

2203 2188 2468 2258 principio
2498 2199 2644 2243 tuum
2675 2204 2797 2258 erga
2830 2189 3085 2259 pecunias
3115 2187 3346 2243 furorem
3377 2189 3795 2258 comprimeret?

2203 2297 2382 2337 nonne
2424 2283 2737 2337 hortabatur
2777 2283 3004 2338 dicens:
3054 2283 3115 2339 Si
3157 2285 3268 2354 quis
3314 2295 3360 2337 te
3402 2287 3701 2354 percusserit
3742 2285 3794 2337 in

2205 2377 2467 2431 maxillam
2491 2377 2749 2431 dexteram
2773 2419 2787 2442 ,
2809 2386 2943 2430 verte
2969 2377 3047 2431 illi
3066 2387 3112 2430 et
3138 2378 3291 2430 aliam
3323 2375 3543 2449 (Matth.
3573 2377 3608 2432 5
3631 2419 3647 2444 ,
3671 2377 3794 2445 59)?

2211 2466 2318 2522 Cur
2336 2510 2352 2536 ,
2382 2485 2564 2538 quzeso
2588 2510 2602 2534 ,
2645 2470 2956 2539 magistrum
2984 2470 3207 2538 prodis?
3235 2485 3301 2524 an
3328 2472 3448 2540 quia
3479 2479 3795 2540 potestatem

2207 2558 2302 2612 tibi
2329 2558 2477 2613 dedit
2504 2559 2760 2614 adversus
2786 2559 3047 2614 da-monia
3073 2602 3088 2625 ,
3119 2561 3189 2614 ita
3211 2571 3266 2614 ut
3292 2560 3507 2615 morbos
3535 2575 3754 2615 curares
3777 2601 3792 2622 ,

2203 2653 2445 2723 leprosos
2472 2653 2760 2709 mundares
2784 2695 2798 2720 ,
2829 2663 2882 2708 et
2912 2654 3011 2707 alia
3045 2654 3208 2708 multa
3240 2654 3493 2708 miracula
3519 2663 3789 2724 perpetra-

2205 2745 2338 2800 res?
2367 2760 2464 2815 pro
2492 2745 2645 2800 hisne
2669 2745 2942 2800 beneï¬ciis
2969 2745 3083 2800 hzce
3128 2746 3201 2800 illi
3239 2745 3456 2816 praemia
3503 2745 3754 2800 rctribuis
3773 2747 3797 2794 Ï„

2203 2835 2248 2892 0
2273 2835 2509 2892 furorem
2535 2877 2548 2902 ,
2579 2838 2687 2892 imo
2712 2843 2886 2907 potius
2911 2879 2926 2904 ,
2955 2839 3229 2891 avaritiam
3254 2839 3266 2893 !
3313 2837 3427 2892 lucc
3469 2839 3613 2892 enim
3658 2838 3795 2890 mala

2205 2929 2381 2982 omnia
2409 2928 2628 2982 avaritia
2655 2930 2896 2998 peperit,
2924 2929 3071 2983 radix
3103 2929 3188 2983 illa
3215 2930 3474 2984 malorum
3501 2969 3516 2992 ,
3543 2944 3664 2998 quae
3683 2930 3792 2982 ani-

2207 3033 2320 3072 mas
2349 3028 2560 3073 nostras
2585 3019 2899 3073 obtenebrat
2922 3059 2936 3082 ,
2962 3035 3168 3073 necnon
3197 3019 3338 3088 ipsas
3368 3020 3511 3090 leges
3541 3029 3750 3074 natura:
3775 3060 3790 3082 ,

2203 3127 2322 3180 qum
2350 3111 2401 3166 id
2431 3112 2625 3177 efï¬cit,
2659 3123 2718 3167 ut
2746 3121 2926 3167 mente
2947 3113 3263 3168 excedamus
3287 3155 3303 3179 ,
3332 3129 3504 3182 neque
3531 3113 3793 3182 permittit

2208 3211 2266 3257 ut
2293 3204 2378 3258 vel
2404 3204 2650 3258 amicitia:
2675 3245 2690 3271 ,
2736 3205 2821 3258 vel
2849 3205 3176 3274 cognationis
3200 3247 3215 3270 ,
3261 3206 3346 3259 vel
3372 3205 3590 3260 alterius
3619 3205 3796 3274 cujus-

2202 3295 2346 3364 piam
2388 3294 2732 3350 recordemur
2763 3314 2774 3349 :
2807 3295 2900 3350 sed
2933 3296 3098 3350 semel
3145 3310 3420 3350 excrecans
3441 3295 3622 3349 oculos
3645 3311 3797 3348 men-

2204 3386 2273 3440 tis
2303 3397 2500 3440 nostra:
2520 3428 2535 3453 ,
2563 3401 2660 3440 nos
2694 3386 2747 3440 in
2777 3387 3011 3440 tenebris
3040 3385 3283 3441 incedere
3310 3385 3452 3440 facit.
3483 3385 3551 3439 Et
3588 3394 3648 3439 ut
3691 3385 3796 3439 hoc

2209 3479 2353 3533 clare
2405 3479 2620 3542 discas,
2664 3478 2784 3533 vide
2826 3490 3023 3549 quanta
3065 3487 3189 3532 tunc
3240 3478 3460 3547 ejecerit
3503 3493 3568 3532 ex
3612 3477 3794 3531 anima

2205 3572 2373 3628 ludas.
2401 3571 2755 3642 Subingressa
2796 3571 2983 3624 isthmc
3010 3571 3233 3624 avaritia
3259 3611 3273 3636 ,
3315 3569 3577 3638 colloquia
3606 3609 3621 3632 ,
3667 3583 3799 3622 con-

2205 3665 2540 3719 suetudinem
2566 3706 2580 3729 ,
2604 3664 3036 3718 communionem
3054 3703 3067 3725 ,
3098 3661 3390 3715 mirabilem
3423 3661 3563 3715 illam
3591 3660 3797 3712 doctri-

2205 3774 2364 3822 nam,
2393 3759 2570 3813 omnia
2596 3799 2612 3822 ,
2663 3759 2875 3826 inquam
2903 3797 2918 3820 ,
2964 3757 3049 3820 illa
3090 3757 3141 3808 in
3187 3754 3505 3808 oblivionem
3545 3753 3786 3806 adduxit.

2207 3849 2436 3904 Pulchre
2475 3849 2684 3903 dicebat
2724 3848 2940 3911 Paulus,
2982 3847 3154 3901 Radix
3185 3847 3406 3898 omnium
3437 3845 3685 3897 malorum
3722 3853 3799 3895 est

2205 3941 2419 3995 avaritia
2457 3941 2531 4011 (l.
2558 3938 2694 3993 Tim.
2717 3938 2911 4008 6,10).
2949 3937 3082 4004 Quid
3109 3937 3254 3990 vultis
3289 3936 3411 3988 mihi
3449 3935 3589 3994 dare,
3615 3944 3660 3986 et
3705 3949 3800 4002 ego

2203 4034 2338 4088 vobis
2379 4035 2576 4086 tradam
2624 4034 2789 4086 emu?
2833 4031 3053 4097 Tradis,
3096 4027 3267 4090 Juda,
3314 4044 3434 4083 eum
3479 4029 3570 4098 qui
3614 4027 3799 4081 omnia

2207 4129 2444 4182 continet
2471 4126 2677 4181 verbo?
2706 4125 2890 4180 vendis
2933 4122 3517 4192 ineomprehensibilem
3543 4161 3556 4182 ,
3586 4129 3640 4174 et
3680 4121 3802 4189 Opi-

2207 4220 2360 4274 licem
2392 4219 2508 4272 caeli
2539 4227 2594 4272 et
2623 4227 2780 4271 terras
2804 4258 2818 4283 ,
2850 4225 3147 4270 creatorem
3192 4223 3395 4267 natura:
3423 4223 3616 4265 nostra:
3641 4251 3655 4276 ,
3703 4211 3799 4279 qui

2207 4314 2370 4367 verbo
2399 4320 2452 4365 et
2481 4320 2612 4365 nutu
2652 4311 2828 4363 omnia
2870 4307 3190 4362 constituit?
3241 4305 3306 4361 Ut
3350 4307 3508 4374 igitur
3550 4303 3804 4358 ostendat

2206 4403 2346 4474 quod
2377 4403 2568 4457 lubens
2596 4401 2820 4456 traditus
2852 4401 2919 4454 sit
2943 4441 2957 4463 ,
2989 4399 3110 4453 audi
3140 4397 3266 4468 quid
3293 4397 3466 4451 faciat.
3511 4395 3634 4465 Ipso
3662 4410 3793 4465 proâ€”

2205 4493 2422 4548 ditionis
2451 4502 2689 4562 tcmpore
2714 4534 2727 4555 ,
2762 4491 2972 4561 quando
3003 4491 3313 4544 invaserunt
3355 4503 3476 4542 eum
3516 4502 3638 4541 cum
3681 4487 3773 4557 gla

2212 4586 2314 4640 diis
2344 4594 2396 4639 et
2429 4585 2580 4654 lignis
2603 4626 2618 4650 ,
2651 4582 2982 4653 lampadibus
3006 4591 3061 4635 et
3106 4580 3325 4635 laternis
3355 4578 3595 4632 instructi
3623 4620 3639 4643 ,
3666 4578 3804 4632 dicit

2206 4677 2284 4730 eis
2315 4695 2326 4730 :
2380 4676 2539 4741 Quem
2574 4676 2794 4744 quaâ€™ritis
2840 4675 2856 4744 (
2887 4672 3043 4726 Joan.
3075 4672 3142 4726 18
3167 4715 3180 4739 ,
3213 4672 3247 4726 4
3278 4671 3334 4740 )?
3377 4670 3445 4724 Et
3481 4671 3805 4736 ignorabant

2213 4785 2332 4823 eum
2360 4809 2374 4833 ,
2419 4784 2574 4838 quem
2621 4767 2822 4836 capturi
2865 4775 3035 4820 erant.
3084 4765 3307 4818 Tantum
3354 4764 3554 4818 aberat.
3573 4773 3632 4816 ut
3673 4779 3802 4816 eum

2207 4862 2435 4931 prodere
2479 4869 2699 4930 posset,
2729 4859 2816 4929 qui
2863 4874 3033 4926 neque
3072 4867 3391 4927 prtesentem
3442 4872 3562 4911 eum
3611 4857 3800 4912 videre

2209 4965 2454 5025 poterat,
2483 4969 2642 5024 quem
2672 4953 2958 5007 traditurus
2997 4960 3114 5005 erat
3139 4993 3153 5014 ,
3204 4951 3301 5004 etsi
3349 4960 3425 5004 tot
3462 4949 3799 5017 lampadibus

2209 5048 2599 5116 luminibusque
2626 5045 2935 5099 instructus.
2959 5043 3110 5110 Quod
3137 5043 3278 5098 enim
3304 5043 3416 5096 lucc
3438 5041 3800 5096 subindicaret

2207 5155 2325 5193 cum
2382 5139 2516 5192 dixit
2558 5153 2654 5192 eos
2694 5147 2747 5190 et
2790 5135 3062 5204 lampades
3115 5142 3169 5188 et
3212 5133 3442 5187 laternas
3496 5132 3751 5186 habuisse
3779 5173 3795 5193 ,

2208 5247 2380 5292 neque
2409 5233 2485 5285 sic
2513 5247 2632 5285 eum
2663 5228 2926 5284 invenisse
2953 5268 2966 5290 ,
3006 5226 3056 5280 id
3089 5225 3260 5280 innuit
3285 5239 3406 5280 cum
3435 5225 3545 5285 ait,
3581 5219 3647 5275 Et
3687 5221 3797 5274 Ju-

2206 5325 2298 5377 das
2328 5323 2489 5378 stabat
2514 5337 2625 5374 cum
2651 5320 2752 5374 illis
2777 5360 2792 5384 ,
2824 5321 2868 5372 is
2898 5319 2983 5385 qui
3011 5317 3217 5370 dixerat
3241 5356 3256 5380 ,
3286 5313 3398 5385 Ego
3425 5314 3560 5368 vobis
3586 5312 3793 5365 tradam

2205 5435 2339 5472 eum.
2373 5418 2566 5471 Eorum
2593 5415 2786 5483 quippe
2810 5422 3041 5466 mentem
3063 5409 3346 5466 excaecavit
3367 5449 3382 5473 ,
3413 5417 3469 5461 ut
3497 5409 3791 5477 potentiam

2206 5526 2354 5564 suam
2385 5507 2692 5563 ostenderet
2715 5547 2728 5569 ,
2753 5514 2807 5559 et
2837 5505 2909 5556 illi
2931 5502 3198 5557 discerent
3218 5516 3280 5554 ea
3305 5515 3366 5554 se.
3391 5498 3606 5569 aggredi
3631 5541 3648 5561 ,
3671 5513 3794 5566 qua:

2207 5603 2320 5658 ï¬eri
2345 5618 2456 5656 non
2486 5609 2723 5670 possent.
2770 5597 2970 5652 Deinde
3004 5595 3183 5650 audita
3219 5593 3335 5662 ejus
3371 5606 3502 5647 voce
3544 5591 3792 5646 abierunt

2207 5695 2416 5767 supini,
2448 5703 2502 5749 et
2525 5691 2830 5747 ceciderunt
2859 5689 2910 5743 in
2942 5699 3158 5743 terram.
3189 5685 3378 5739 Vidisti
3418 5683 3686 5754 quomodo
3716 5699 3786 5736 ne

2207 5805 2388 5844 vocem
2411 5787 2622 5858 quidem
2653 5786 2791 5840 ferre
2822 5791 3141 5852 potuerunt,
3170 5778 3263 5834 sed
3288 5778 3535 5848 prolapsu
3566 5777 3795 5831 infirmi-

2210 5895 2371 5941 tatem
2412 5897 2562 5939 suam
2604 5876 3076 5944 demonstrarunt?
3127 5870 3260 5929 Vide
3310 5870 3520 5927 Domini
3554 5869 3788 5926 clemens
