4066 6392
312 469 419 524 585

312 587 564 638 ἔσπευσε.
592 585 835 654 Κάκείνη
881 587 979 657 μὲν
1017 587 1110 640 ἀπ’
1154 586 1317 641 αὐτοῦ
1359 587 1453 640 τοῦ
1496 587 1768 658 πυθμένος
1799 588 1896 657 τῆς

311 669 507 733 κακίας
532 671 612 734 είς
636 665 797 724 αὑτὸν
822 671 914 724 τὸν
943 671 1169 742 οὐρανὸν
1199 671 1429 741 ἀνῆλθεν
1446 689 1461 703 ο
1491 664 1647 735 οῦτος
1669 671 1726 724 δὲ
1761 673 1899 741 μετά

313 753 483 826 μυρία
528 753 786 825 θαύματα
829 754 922 808 καὶ
957 757 1176 826 σημεῖα,
1208 760 1346 825 μετά
1384 755 1483 826 τήν
1521 755 1787 826 τοσαύτην
1818 755 1896 808 δι-

310 836 627 899 δασκαλίαν,
654 838 792 908 μετὰ
821 839 919 908 τήν
948 839 1151 907 ἄφατον
1184 838 1614 906 συγκατάϐασιν,
1636 839 1716 900 είς
1738 839 1897 891 αὑτὸν

309 923 403 975 τὸν
437 921 686 992 πυθμένα
716 922 824 975 τῶν
855 924 1139 993 ταρτάρων
1169 925 1461 978 κατέπεσε.
1494 920 1757 974 Τοσοῦτόν
1785 921 1896 974 ἐστι

315 1005 557 1076 ῥᾳθυμία
598 1006 765 1059 κακὸν
813 1007 907 1059 καὶ
949 1004 1096 1077 [589]
1149 1007 1464 1078 προαίρεσις
1505 1004 1894 1075 διεφθαρμένη.

311 1089 405 1142 Διὸ
440 1089 534 1142 καὶ
574 1088 784 1152 Παῦλος
835 1088 1048 1156 ἔλεγεν
1091 1089 1152 1141 '0
1195 1087 1390 1142 δοκῶν
1434 1088 1705 1150 ἑστάναι,
1747 1088 1894 1150 ﬁla-

313 1175 470 1228 πέτω
494 1175 574 1244 μὴ
601 1174 760 1245 πέσῃ
782 1193 796 1206 ο
827 1176 920 1228 καὶ
950 1178 978 1227 0
1013 1175 1298 1246 προφήτης
1335 1176 1504 1229 πάλαι
1547 1175 1704 1228 ἐϐόα·
1736 1175 1830 1240 Μὴ
1866 1178 1898 1228 ό

312 1258 549 1311 πίπτων
590 1259 700 1312 οὐκ
747 1259 1061 1312 ἀνίσταται
1084 1273 1104 1321 ;
1160 1259 1199 1326 ἣ
1254 1262 1286 1311 ό
1341 1257 1734 1326 ἀποστρέφων
1787 1259 1897 1310 οὐκ

310 1340 694 1410 ἐπιστρέφεω
728 1340 814 1394 ἵνα
849 1347 985 1412 μήτε
1025 1343 1054 1394 ό
1102 1341 1273 1406 ἑστὼς
1296 1341 1495 1413 θαρρῇ,
1527 1343 1640 1395 ἀλλ’
1688 1341 1895 1409 ἐναγώ-

310 1421 482 1495 νιος
510 1423 794 1495 διηνεκῶς,
825 1425 962 1494 μήτε
1002 1426 1031 1476 0
1065 1424 1390 1478 καταπεσὼν
1422 1424 1643 1494 ἀπογνῷ
1679 1423 1894 1477 ἐαυτοῦ.

313 1506 560 1577 Τοσαύτη
584 1507 692 1576 γὰρ
717 1508 750 1576 ἡ
787 1507 1013 1577 δύναμις
1044 1507 1138 1560 τοῦ
1168 1508 1508 1570 διδασκάλου,
1535 1508 1609 1570 ώς
1636 1507 1729 1561 καὶ
1761 1507 1896 1578 πόρ·

313 1605 410 1651 νας
432 1591 521 1644 καί
548 1590 784 1654 τελώνας
813 1591 1220 1644 ἐπισπάσασθαι
1249 1592 1385 1662 πρὸς
1407 1593 1505 1662 τήν
1533 1589 1738 1644 οἰκείαν
1768 1590 1899 1643 ὑπο-

311 1675 511 1743 ταγήν,

386 1789 449 1843 Τί
471 1787 562 1844 οὖν
590 1809 790 1863 (manv;
832 1794 889 1847 '0
923 1795 1125 1866 πόρνας
1153 1796 1622 1866 ἐπισπασάμενος,
1645 1795 1897 1867 μαθητὴν

309 1875 414 1927 οὐκ
451 1874 668 1945 ἴσχυσεν
704 1878 1152 1943 ἐπισπάσασθαι;
1195 1879 1324 1943 Ναὶ,
1370 1878 1554 1950 ἴσχυεν
1583 1879 1897 1932 ἐπισπάσα-

316 1960 440 2012 σθαι
492 1960 586 2013 καὶ
635 1960 726 2013 τὸν
779 1961 1070 2033 μαθητήνο
1123 1963 1238 2015 ἀλλ’
1289 1963 1392 2016 ούκ
1424 1963 1678 2016 ἐϐούλετο
1734 1963 1894 2016 αὑτὸν

312 2043 530 2114 ἀνάγκη
558 2044 782 2114 ποιῆσαι
823 2045 1008 2109 καλὸν,
1041 2046 1162 2099 ούδέ
1201 2046 1292 2118 βία
1317 2046 1545 2101 ἑλκύσαι
1574 2046 1735 2100 αὑτὸν
1761 2047 1897 2117 πρὸς

310 2128 528 2180 ἑαυτόν.
562 2127 662 2180 Διά
686 2127 843 2182 τοῦτο
881 2132 909 2182 0
941 2129 1334 2201 εὑαγγελιστής
1363 2129 1718 2201 διηγούμενος
1765 2132 1897 2201 ἡμῖν

314 2211 384 2264 τὰ
417 2212 560 2265 κατά
603 2211 698 2265 τὸν
750 2213 1002 2284 μαθητὴν
1045 2215 1136 2267 τὸν
1164 2213 1458 2284 ἀγνώμονα
1505 2216 1693 2283 ἐλεγε’
1754 2215 1897 2270 Τότε

313 2297 646 2364 πορευθείς,
691 2301 990 2364 τουτέστιν,
1024 2301 1124 2371 ούχ
1157 2300 1249 2370 ὑφ’
1269 2301 1472 2371 ἐτέρων
1504 2299 1745 2369 κληθεὶς,
1771 2298 1894 2352 οὔτε

315 2379 560 2450 βιασθεὶς
592 2382 723 2454 παρ’
741 2383 923 2450 ἄλλου,
949 2385 1072 2437 οὐδὲ
1103 2385 1232 2456 παρ’
1267 2385 1454 2456 ἐτέρου
1484 2383 1776 2456 δεξάμενος
1798 2387 1898 2456 τήν

317 2466 668 2536 προτροπὴν,
725 2468 843 2520 ἀλλ’
907 2467 1121 2522 οἴκοθεν
1202 2469 1522 2540 κινούμενος
1586 2471 1677 2522 ἐπὶ
1739 2468 1899 2522 τοῦτο

313 2549 552 2619 ἐτράπη,
580 2549 793 2613 δεικνὺς
814 2551 896 2604 ὄτι
925 2553 1266 2622 αὐτομάτως,
1308 2553 1400 2605 καί
1429 2551 1489 2616 ἐξ
1512 2551 1720 2614 οἰκείας
1755 2550 1897 2619 γνώ-

319 2647 426 2702 μης
471 2633 565 2684 ἐπὶ
594 2632 653 2685 τὸ
697 2634 1014 2704 παράνομον
1063 2635 1221 2688 τοῦτο
1245 2635 1502 2705 τόλμημα
1529 2635 1810 2706 ὥρμησεν,
1837 2633 1896 2702 ἐξ

313 2714 571 2784 οὐδεμιᾶς
593 2716 773 2780 αἰτίας
795 2717 1134 2789 κινούμενος,
1163 2719 1278 2772 ἀλλ’
1293 2719 1396 2772 ὑπὸ
1411 2719 1511 2788 τῆς
1543 2719 1896 2789 πηγαζούσης

313 2797 527 2850 ἔνδοθεν
561 2799 760 2863 κακίας
787 2801 878 2852 ἐπὶ
909 2802 1009 2872 τὴν
1031 2801 1320 2872 προδοσίαν
1348 2800 1441 2854 τοῦ
1473 2802 1742 2854 Δεσπότου
1774 2802 1897 2854 ἐαυ-

315 2880 406 2933 τὸν
445 2881 664 2952 ώθήσας
684 2900 696 2913 ·
739 2885 877 2937 Τότε
913 2884 1226 2951 πορευθεὶς
1251 2881 1338 2950 εἷς
1361 2882 1480 2936 τῶν
1509 2883 1756 2936 δώδεκα.
1788 2883 1897 2936 Καὶ

313 2965 471 3017 τοῦτο
500 2967 559 3018 ού
581 2967 777 3036 μικρὸν
808 2966 1058 3038 ἔγκλημα
1075 2968 1135 3020 τὸ
1164 2969 1361 3034 εἰπεῖν,
1381 2963 1486 3033 Εἷς
1500 2966 1619 3019 τῶν
1645 2965 1893 3020 δώδεκα.

330 3047 548 3120 Ἐπειδὴ
579 3049 689 3120 γάρ
715 3045 856 3120 ἦσαν
883 3051 978 3102 καὶ
1009 3051 1188 3122 ἕτεροι
1217 3051 1589 3121 ἐϐδομήκοντα
1629 3050 1893 3120 μαθηταὶ,

313 3129 404 3183 διά
433 3131 589 3184 τοῦτο
619 3138 792 3198 ειπεν,
855 3128 958 3199 Εἷς
1010 3133 1128 3186 τῶν
1173 3132 1423 3198 δώδεκα,
1477 3133 1745 3196 τουτέστι,
1785 3132 1895 3185 τῶν

314 3215 605 3286 ἐγκρίτων,
636 3216 745 3268 τῶν
771 3217 866 3269 καὶ
899 3216 1019 3270 καθ’
1047 3217 1284 3287 ἑκάστην
1340 3216 1490 3287 αὐτῷ
1530 3233 1894 3286 συναναστρε-

316 3299 592 3371 φομένων,
620 3301 729 3353 τῶν
760 3301 962 3372 πολλῆς
995 3301 1376 3354 ἀπολαυόντων
1416 3302 1516 3371 τῆς
1559 3302 1893 3372 παρρησίας.

317 3382 435 3435 Ἴνα
462 3379 553 3436 οὖν
581 3383 759 3457 μάθῃς
791 3385 871 3437 ὅτι
899 3385 1149 3457 μαθητὴς
1181 3382 1247 3456 ἧν
1277 3384 1384 3438 τῶν
1416 3384 1676 3454 δοκίμων,
1708 3384 1891 3452 φησίν·

310 3461 417 3532 Εἷς
444 3465 562 3519 τῶν
588 3467 838 3522 δώδεκα.
881 3470 991 3522 Καὶ
1012 3470 1072 3521 ού
1102 3469 1432 3538 παρασιωπᾷ
1466 3468 1638 3520 ταῦτα
1670 3469 1894 3538 γράφων

310 3553 342 3604 0
358 3551 771 3622 εὐαγγελιστής,
791 3552 875 3604 ἵνα
898 3553 962 3604 σὺ
991 3552 1234 3615 πεισθεὶς
1260 3553 1342 3604 ὅτι
1364 3551 1534 3603 ταῦτα
1551 3552 1619 3603 τὰ
1635 3549 1896 3604 δοκοῦντα

313 3637 655 3690 ἐπονείδιστα
705 3634 846 3689 εἱναι
901 3637 1140 3689 δείκνυσι
1175 3636 1270 3689 τοῦ
1305 3637 1574 3690 Δεσπότου
1625 3637 1723 3705 τήν
1760 3635 1896 3706 πρὸς

314 3721 462 3791 ἡμᾶς
509 3720 853 3792 κηδεμονίαν,
902 3720 984 3773 ὅτι
1033 3721 1126 3772 τὸν
1177 3720 1465 3791 προδότην,
1514 3719 1610 3772 τὸν
1657 3719 1896 3788 κλέπτην

314 3803 586 3856 τοσούτων
621 3804 852 3874 ήξίωσεν
902 3803 1147 3872 ἀγαθῶν,
1197 3806 1292 3856 καὶ
1334 3805 1500 3876 μέχρι
1529 3805 1630 3874 τῆς
1658 3805 1896 3874 ἐσχάτης

313 3887 556 3959 ἑσπέρας
605 3890 856 3960 παρῄνει.
884 3883 1038 3952 Εἶδες
1085 3889 1202 3950 πῶς
1246 3890 1279 3958 ή
1329 3890 1503 3958 πόρνη
1538 3890 1638 3958 μὲν
1682 3889 1894 3958 ἐσώθη,

315 3974 506 4044 ἐπειδὴ
535 3973 715 4042 ἔνιψεν
738 3991 751 4003 ’
786 3976 813 4026 0
865 3975 1112 4045 μαθητὴς
1151 3974 1205 4025 δὲ
1239 3974 1563 4044 ρᾳθυμήσας
1592 3973 1892 4038 κατέπεσε;

315 4057 407 4126 Μὴ
428 4057 606 4108 τοίνυν
639 4057 892 4126 ἁπογνῴς
919 4057 1112 4109 ἐαυτοῦ
1137 4059 1270 4126 πρὸς
1300 4057 1394 4125 τὴν
1426 4057 1631 4125 πόρνην
1653 4056 1894 4123 ἀφορῶν,

320 4142 458 4215 μηδέ
494 4140 775 4211 θαρσήσης
812 4140 974 4192 πάλιν
1003 4140 1141 4210 πρὸς
1170 4141 1268 4209 τήν
1297 4140 1390 4190 τοῦ
1423 4138 1668 4210 μαθητοῦ
1690 4141 1896 4208 τόλμαν

312 4223 550 4278 ἀπιδών·
579 4226 864 4294 ἀμφότερα
892 4223 1001 4296 γὰρ
1027 4224 1266 4294 ὀλέθρια.
1304 4224 1592 4288 Εύόλισθος
1611 4224 1720 4295 γάρ
1740 4224 1897 4294 ήμῶν

314 4312 348 4379 ή
379 4309 595 4380 γνώμη,
621 4309 1046 4380 εύπερίτρεπτος
1087 4311 1119 4379 ή
1154 4310 1504 4381 προαίρεσις·
1529 4309 1610 4362 διὸ
1635 4311 1897 4364 πάντοθεν

314 4393 712 4462 ἁσφαλίζεσθαι
751 4395 880 4463 χρή.
923 4393 1058 4445 Τότε
1103 4393 1413 4460 πορευθεὶς
1443 4388 1532 4458 εἷς
1574 4394 1692 4448 τῶν
1721 4393 1897 4445 δώδε-

315 4494 415 4541 κα,
470 4476 698 4542 Ἰούδας
741 4480 772 4530 ό
816 4475 1210 4543 Ἰσκαριώτης.
1245 4478 1408 4548 Ὁρᾷς
1440 4477 1591 4529 ποίου
1619 4476 1777 4548 χοροῦ
1808 4477 1896 4540 ἐξ-

319 4563 550 4624 ἑπεσεν;
601 4563 734 4631 ὁρᾷς
773 4560 932 4622 ποίας
964 4560 1309 4623 διδασκαλίας
1342 4561 1533 4613 ἑαυτὸν
1558 4564 1852 4633 ἐστέρησεν
1879 4578 1894 4624 ;

316 4648 449 4718 ὁρᾷς
503 4646 667 4699 πόσον
722 4645 890 4698 κακὸν
940 4647 972 4716 ή
1023 4645 1299 4716 ῥᾳθυμία,
1365 4646 1596 4709 Ἰούδας,
1637 4650 1829 4718 φησὶν,
1868 4648 1898 4698 0

332 4731 702 4803 Ἰσκαριώτης,
742 4731 930 4802 ἐπειδὴ
982 4732 1166 4801 ἕτερος
1214 4727 1282 4801 ἦν
1333 4731 1506 4800 τούτῳ
1545 4730 1834 4802 ὁμώνυμος
1867 4733 1899 4782 0

316 4818 609 4889 λεγόμενος
653 4817 928 4870 Ἰακώϐου.
983 4818 1145 4888 Ὁρᾷς
1199 4817 1292 4868 τοῦ
1351 4817 1742 4884 εὐαγγελιστοῦ
1799 4817 1898 4886 τὴν

319 4904 536 4973 σοφίαν,
570 4905 654 4957 ὅτι
684 4905 785 4957 οὐκ
815 4904 924 4958 ἀπὸ
954 4905 1048 4957 τοῦ
1083 4904 1456 4973 τολμήματος.
1501 4902 1615 4956 ἀλλ’
1656 4904 1763 4956 ἀπδ
1805 4903 1897 4954 τοῦ

316 4990 507 5054 τόπου,
531 4989 690 5058 δῆλον
732 4991 864 5058 ἡμῖν
892 4988 1055 5041 αὐτὸν
1091 4991 1252 5050 ποιεῖ,
1284 4990 1490 5039 ἐκεῖνον
1518 4987 1618 5039 ούκ
1648 4987 1756 5040 ἀπὸ
1801 4985 1896 5038 τοῦ

315 5075 506 5133 τόπου,
541 5073 653 5125 ἀλλ’
687 5073 794 5126 ἀπὸ
822 5072 922 5142 τῆς
955 5073 1350 5143 πατρωνυμίας
1393 5070 1666 5142 γνώριμον
1695 5071 1896 5134 ποιῶν;

318 5164 514 5216 Καίτοι
570 5177 632 5227 γε
682 5158 972 5211 ἀκόλουθον
1021 5156 1089 5230 ἦν
1141 5160 1334 5224 εἰπεῖν,
1394 5159 1588 5212 Ἰούδαν
1637 5157 1729 5210 τὸν
1763 5173 1898 5226 προ-

317 5249 477 5318 δότην
499 5265 513 5279 ·
547 5245 661 5299 ἀλλ’
705 5246 791 5298 ἵνα
827 5246 972 5316 ἡμᾶς
1010 5245 1274 5318 παιδεύσῃ
1321 5245 1566 5316 καθαράν
1599 5245 1742 5315 ἔχειν
1773 5263 1900 5297 κατ-

319 5331 550 5402 ηγορίας
603 5328 702 5400 τὴν
760 5329 1012 5398 γλῶσσαν
1040 5369 1054 5393 ,
1109 5330 1204 5382 καὶ
1259 5329 1391 5383 αὐτὸ
1447 5329 1508 5381 τὸ
1554 5331 1728 5381 εἰπεῖν
1772 5347 1901 5398 προ-

318 5417 474 5471 δότου
536 5416 794 5485 φείδεται.
856 5414 1246 5484 Παιδευώμεθα
1297 5415 1475 5467 τοίνυν
1537 5416 1738 5486 μηδένα
1794 5415 1900 5468 τῶν

319 5501 534 5573 ἐχθρῶν
595 5499 781 5563 κακῶς
837 5499 1165 5570 μεμνῆσθαι.
1237 5499 1299 5551 Εἰ
1359 5498 1467 5569 γὰρ
1536 5501 1565 5551 0
1634 5501 1898 5570 μακάριος

317 5584 475 5648 οὗτος
509 5583 603 5638 τοῦ
658 5583 915 5654 προδότου
947 5585 1050 5636 ούκ
1102 5583 1360 5652 ἠνέσχετο
1393 5587 1799 5654 κατηγορῆσαι,
1844 5587 1904 5638 τὸ

322 5672 642 5740 παράνομον
689 5668 848 5721 τοῦτο
879 5669 1135 5738 τόλμημα
1168 5667 1542 5736 διηγούμενος,
1599 5671 1755 5724 τοῦτο
1806 5673 1904 5740 μὲν

320 5753 729 5824 ἀπεσιώπησεν,
755 5753 861 5806 ἀπὸ
883 5753 940 5806 δὲ
977 5753 1069 5806 τοῦ
1100 5753 1284 5816 τόπου,
1322 5753 1441 5805 ὅθεν
1466 5753 1706 5825 ὥρμητο,
1745 5757 1904 5826 δῆλον

319 5841 486 5896 αὑτὸν
521 5842 691 5892 ποιεῖ·
729 5839 886 5902 ποίας
915 5838 982 5891 ἂν
1011 5839 1202 5910 εἴημεν
1225 5841 1384 5908 ἡμεῖς
1409 5840 1548 5905 ἄξιοι
1578 5846 1904 5910 συγγνώμης

323 5926 449 5990 τοὺς
483 5925 707 5997 πλησίον
736 5924 1171 5996 κακηγοροῦντες
1191 5942 1205 5991 ;
1229 5926 1336 5979 Καὶ
1364 5925 1623 5989 πολλάκις
1649 5926 1709 5979 ού
1740 5926 1900 5996 μόνον

1370 468 1458 524 DE
1496 469 1916 526 PRODITIONE
1954 470 2171 530 JUDIE.
2217 474 2450 530 HOMIL.
2493 473 2556 528 ll.

3474 477 3582 532 53b

2011 588 2033 660 Ῐ
2036 589 2162 662 590]
2196 590 2302 646 τῶν
2329 590 2539 661 ἐχθρῶν
2577 588 2900 661 μεμνήμεθα
2927 587 3042 658 μεθ’
3083 586 3309 659 ὕϐρεως,
3333 589 3467 644 ἀλλὰ
3494 589 3585 643 καὶ

2007 673 2115 727 τῶν
2140 674 2439 728 δοκούντων
2470 674 2604 745 πρὸς
2630 675 2779 744 ἡμᾶς
2817 673 2960 742 ἔχειν
2979 672 3236 726 διάθεσιν.
3263 674 3374 745 Μὴ,
3405 692 3584 746 παρα-

2010 755 2179 809 καλῶ.
2211 757 2381 810 Τοῦτο
2396 758 2488 810 καὶ
2508 757 2716 820 Παῦλος
2747 759 2999 827 παραινεί
3027 757 3199 824 λέγων
3219 773 3232 786 ·
3257 756 3380 823 Πᾶς
3404 760 3586 827 λόγος

2007 839 2241 907 σαπρὸς
2272 841 2340 894 ἐκ
2365 841 2469 896 τοῦ
2503 844 2800 912 στόματος
2828 840 2992 911 ὑμῶν
3014 841 3100 909 μὴ
3148 842 3584 908 ἐκπορευέσθω.

2008 924 2104 975 Διά
2159 922 2318 975 τοῦτο
2370 925 2571 987 παντὸς
2628 923 2870 978 τοιούτου
2933 924 3138 988 πάθους
3193 925 3512 996 καθαρεύων
3556 927 3586 980 0

2010 1007 2278 1077 μακάριος
2301 1007 2579 1070 Ματθαῖος
2605 1007 2789 1076 ἔλεγε·
2833 1009 2970 1061 Τότε
3001 1009 3314 1076 πορευθεὶς
3347 1004 3432 1074 εἷς
3465 1007 3585 1062 τῶν

2006 1089 2251 1153 δώδεκα,
2282 1093 2314 1143 ό
2338 1093 2660 1160 λεγόμενος
2700 1091 2928 1157 Ἰούδας
2951 1095 2984 1144 ό
3014 1091 3412 1159 Ἰσκαριώτης,
3436 1092 3586 1159 πρὸς

2007 1173 2148 1238 τοὺς
2187 1173 2480 1242 ἀρχιερεῖς
2509 1171 2659 1228 εἴπεο
2695 1176 2756 1228 Τί
2783 1174 2986 1228 θέλετέ
3022 1193 3123 1244 μοι
3162 1174 3391 1237 δοῦνα¹’
3423 1175 3584 1245 κάγὼ

2006 1256 2149 1324 ὑμῖν
2196 1256 2528 1326 παραδώσω
2587 1259 2804 1321 αὺτόν;
2867 1260 2931 1311 Ὢ
2995 1261 3195 1330 μιαρᾶς
3263 1259 3484 1328 φωνῆςί
3539 1258 3586 1311 ὣ

2004 1339 2211 1410 τόλμης
2248 1342 2432 1395 ἄνοιαί
2465 1341 2867 1413 ἐνθυμούμενος
2887 1343 3098 1414 τρέμω,
3129 1345 3429 1414 ἀγαπητοὶ,
3466 1343 3584 1406 πῶς

2005 1422 2303 1494 ἐξεπήδησε
2351 1425 2456 1478 τοῦ
2492 1426 2758 1496 στόματος
2786 1428 2819 1496 ἡ
2851 1427 3021 1496 φωνὴ,
3061 1426 3181 1490 πῶς
3212 1427 3310 1497 τὴν
3339 1425 3584 1494 γλῶτταν

2005 1508 2245 1578 ἐκίνησε,
2285 1507 2401 1572 πῶς
2435 1509 2534 1562 οὐκ
2571 1511 2781 1579 ἀπέστη
2815 1509 2909 1562 τοῦ
2935 1509 3182 1580 σώματος
3215 1513 3248 1582 ή
3288 1510 3584 1580 ψυχὴ,πῶς

2005 1593 2106 1645 ούκ
2153 1594 2465 1666 ἐνάρκησαν
2511 1595 2580 1650 τὰ
2612 1595 2786 1666 χείλη,
2817 1596 2934 1659 πῶς
2980 1596 3080 1649 οὐκ
3129 1595 3319 1666 ἐξέστη
3369 1598 3434 1666 τῇ
3470 1595 3586 1648 δια-

2005 1677 2142 1748 νοία.

2075 1834 2146 1901 γ’.
2187 1833 2247 1886 Τί
2277 1833 2477 1888 θέλετέ
2491 1853 2591 1904 μοι
2622 1835 2853 1901 δοῦναι,
2893 1836 3055 1906 κάγὼ
3080 1836 3222 1906 ὑμῖν
3256 1835 3585 1904 παραδώσω

2003 1917 2228 1979 αὐτόν;
2254 1917 2386 1970 Εἰπέ
2423 1935 2534 1988 μοι,
2574 1919 2764 1984 Ἰούδα,
2793 1918 2970 1973 ταῦτά
2993 1937 3072 1972 σοι
3102 1921 3420 1973 ἐπαίδευσεν
3446 1921 3474 1972 0
3505 1918 3584 1971 δι-

2003 2001 2270 2064 δάσκαλος
2309 2003 2367 2055 ἐν
2407 2002 2644 2073 τοσούτῳ
2680 2003 2894 2074 χρόνῳς
2941 2003 3083 2056 οὕτω
3125 2003 3294 2074 λήθην
3339 2003 3584 2072 ἐποιήσω

2004 2084 2112 2137 τῶν
2143 2085 2382 2155 συνεχῶν
2407 2088 2782 2156 παραινέσεων
2809 2105 2822 2152 ;
2855 2089 2917 2140 ού
2952 2087 3039 2140 διὰ
3063 2087 3219 2140 τοῦτο
3252 2087 3401 2154 ἔλεγε
3423 2128 3437 2150 ,
3485 2089 3542 2140 Μ
3551 2085 3583 2154 ὴ

2005 2167 2316 2235 κτήσησθε
2341 2169 2594 2237 χρυσόν,
2618 2170 2772 2239 μήτε
2798 2171 3079 2240 ἄργυρον,
3112 2169 3317 2224 ἄνωθεν
3350 2185 3588 2240 προανα-

2006 2251 2241 2304 στέλλων
2269 2269 2361 2304 σου
2390 2251 2489 2322 τῆς
2538 2254 2665 2324 περί
2694 2254 2761 2307 τὰ
2787 2255 3041 2324 χρήματα
3065 2254 3258 2324 μανίας
3281 2253 3378 2324 τὴν
3419 2254 3587 2323 ὑπερ-

2004 2333 2196 2404 ϐολήνς
2231 2335 2290 2388 ού
2321 2337 2550 2409 παρῄνει
2582 2336 2775 2402 λέγων,
2823 2336 2966 2389 Ἐάν
2997 2338 3088 2402 τίς
3117 2351 3191 2389 σε
3222 2338 3458 2404 ραπίσῃ
3498 2338 3583 2401 εἰς

2006 2417 2121 2483 τὴν
2166 2417 2376 2482 δεξιὰν
2431 2421 2720 2490 σιαγόνα,
2770 2418 3041 2488 στρέψον
3099 2418 3260 2484 αὐτῷ
3317 2420 3413 2472 καί
3471 2419 3586 2486 τὴν

2004 2501 2238 2570 ἄλληιη
2271 2503 2427 2566 Τίνος
2464 2503 2672 2570 ἕνεκεν,
2722 2505 2844 2557 εἰπέ
2886 2521 2995 2573 μοι,
3038 2502 3346 2573 παραδίδως
3385 2503 3474 2555 τὸν
3509 2503 3586 2556 δι-

2001 2583 2534 2656 δάσκαλον;ὅτιτήν
2579 2586 2722 2639 κατά
2747 2585 2856 2638 τῶν
2884 2585 3154 2653 δαιμόνων
3199 2582 3447 2648 ἐξουσίαν
3502 2601 3586 2638 σοι

2007 2667 2341 2738 παρέδωκεν,
2372 2670 2448 2732 ὡς
2471 2671 2565 2722 καὶ
2581 2671 2861 2740 νοσήματα
2886 2667 3230 2738 θεραπεύειν,
3246 2669 3340 2720 καὶ
3352 2669 3586 2738 λεπροὺς

2004 2749 2310 2820 καθαίρειν,
2331 2754 2425 2805 καὶ
2449 2751 2612 2820 ἕτερα
2636 2751 2804 2803 πολλὰ
2833 2751 3057 2804 τοιαῦτα
3097 2749 3354 2820 θαύματα
3382 2751 3585 2813 ἐπιδεξα-

2004 2832 2270 2897 κνυσθαι;
2337 2835 2458 2889 ἀντὶ
2501 2830 2595 2888 οὖν
2624 2835 2734 2888 τῶν
2775 2835 3107 2905 εὐεργεσιῶν
3136 2835 3342 2887 τούτων
3386 2835 3586 2898 ταύτας

2003 2915 2154 2986 αὐτῷ
2186 2915 2450 2979 ἀποδίδως
2477 2915 2577 2980 τάς
2607 2916 2875 2986 ἀμοιϐἀς;
2915 2918 2978 2969 Ὠ
3005 2917 3106 2987 τῆς
3130 2917 3343 2987 μανίας,
3383 2917 3585 2987 μᾶλλον

2001 2999 2060 3052 δὲ
2089 3000 2187 3070 τῆς
2217 2998 2614 3068 φιλαργυρίαςί
2646 2999 2830 3052 Πάντα
2875 2999 2984 3069 γὰρ
3030 2999 3208 3052 ταῦτα
3249 3000 3320 3051 τὰ
3375 3000 3520 3052 κακά
3547 3002 3582 3068 ἡ

2005 3083 2338 3155 φιλαργυρία
2371 3083 2695 3154 πεποίηκεν,
2725 3083 2760 3154 ἠ
2795 3084 2918 3155 ῥίζα
2945 3081 3054 3136 τῶν
3099 3083 3305 3147 κακῶν,
3333 3083 3454 3152 ἥτις
3482 3084 3583 3145 τάς

1999 3166 2180 3236 ψυχάς
2230 3166 2387 3238 ἡμῶν
2441 3170 2624 3220 σκοτοῖ
2677 3167 2773 3222 καὶ
2810 3168 3008 3230 αὐτοὺς
3057 3167 3183 3229 τοὺς
3224 3165 3324 3234 τῆς
3369 3165 3584 3233 φύσεως

2001 3250 2222 3320 νόμους,
2253 3251 2346 3302 καὶ
2373 3250 2552 3303 αὐτῶν
2580 3253 2728 3320 ἡμᾶς
2757 3250 3010 3304 ἐκϐάλλει
3050 3250 3157 3303 τῶν
3202 3249 3412 3320 φρενῶν
3430 3289 3444 3311 ,
3492 3249 3585 3301 καὶ

2001 3335 2103 3387 οὐκ
2127 3335 2349 3406 ἀφίησιν
2372 3334 2493 3388 οὔτε
2536 3335 2717 3403 φιλίας
2753 3333 2878 3388 οὗτε
2915 3334 3232 3402 συγγενείας
3267 3331 3391 3384 οὔτε
3423 3331 3584 3386 ἄλλου

2001 3419 2146 3481 τινὸς
2179 3418 2488 3488 μεμνῆσθαι
2507 3433 2521 3446 '
2565 3418 2705 3470 ἀλλά
2726 3416 2982 3481 καθάπαξ
3013 3416 3318 3487 πηρώσασα
3344 3417 3375 3484 ἡ
3386 3415 3499 3485 μῶν
3520 3417 3586 3466 τὰ

2001 3503 2223 3572 όμματα
2273 3501 2373 3570 τῆς
2407 3501 2676 3565 διανοίας,
2719 3499 2892 3564 οὕτως
2944 3502 3000 3551 ἐν
3056 3502 3237 3553 σκότει
3295 3501 3441 3551 ποιεῖ
3493 3497 3588 3569 βα-

2002 3587 2188 3650 δίζειν.
2227 3587 2335 3639 Καὶ
2367 3586 2453 3638 ἵνα
2489 3585 2668 3657 μάθῃς
2706 3585 2865 3637 τοῦτο
2906 3583 3116 3653 σαφῶς,
3147 3586 3248 3655 δρα
3287 3584 3407 3636 τότε
3446 3584 3588 3635 πόσα

2003 3669 2254 3733 ἐξέϐαλεν
2283 3673 2345 3722 ἐκ
2367 3670 2462 3739 τῆς
2484 3668 2576 3721 τοῦ
2605 3667 2773 3722 ’ἰούδα
2789 3668 2986 3737 ψυχῆς.
3021 3667 3168 3737 Αὕτη
3198 3665 3588 3720 ἐπεισελθοῦσα

2002 3753 2102 3823 τὴν
2129 3751 2368 3822 ὁμιλίαν,
2399 3751 2496 3822 τὴν
2521 3751 2832 3822 συνήθειαν,
2869 3751 2968 3821 τὴν
2998 3749 3306 3812 κοινωνίαν,
3332 3749 3430 3819 τὴν
3455 3749 3588 3801 θαυ-

2006 3836 2217 3907 μαστὴν
2238 3835 2607 3897 διδασκαλίαν,
2635 3835 2812 3888 πάντα
2847 3835 3019 3887 ταῦτα
3047 3836 3126 3898 είς
3150 3833 3320 3905 λήθην
3337 3833 3590 3886 ἐνέϐαλεν

2004 3923 2039 3992 ή
2070 3919 2424 3991 φιλαργυρία.
2459 3919 2654 3982 Καλῶς
2679 3919 2833 3986 ἔλεγε
2864 3917 3098 3980 Παῦλος,
3134 3919 3235 3974 ὅτι,
3255 3915 3406 3977 Ῥίζα
3439 3916 3591 3970 πάν-

2006 4023 2123 4058 των
2146 4005 2263 4056 τῶν
2290 4002 2490 4057 κακῶν
2516 4003 2690 4057 ἐστιν
2715 4003 2753 4069 ἢ
2794 4002 3178 4071 φιλαργυρία.
3201 4031 3271 4041 ——
3296 4001 3357 4054 Τί
3383 3998 3589 4054 θέλετέ

1999 4105 2098 4157 μοι
2129 4087 2358 4150 δοῦναι,
2392 4085 2552 4154 κάγὼ
2571 4086 2717 4154 ὑμῖν
2743 4084 3076 4153 παραδώσω
3103 4085 3324 4147 αὐτόν;
3360 4083 3594 4152 Παραδί-

2003 4171 2128 4235 δως,
2148 4169 2336 4231 Ἰούδα,
2357 4170 2444 4222 τὸν
2471 4170 2539 4222 τά
2568 4169 2745 4221 πάντα
2767 4169 3056 4238 συνέχοντα
3078 4168 3249 4238 Mm);
3279 4166 3476 4230 πωλεῖς
3498 4165 3591 4218 τὸν

2005 4256 2408 4325 ἀκατάληπτον,
2444 4254 2535 4306 τὸν
2573 4253 2797 4322 κτίστην
2833 4252 3063 4321 ούρανοῦ
3105 4269 3165 4303 τε
3206 4251 3302 4304 καὶ
3347 4252 3472 4320 γῆς,
3498 4248 3591 4301 τὸν

2002 4338 2336 4409 δημιουργὸν
2362 4337 2459 4404 τῆς
2483 4336 2759 4406 ἡμετέρας
2793 4335 3031 4403 φύσεως,
3067 4334 3159 4386 τὸν
3185 4334 3328 4405 λόγῳ
3361 4335 3455 4385 καὶ
3478 4332 3592 4384 νεύ-

2009 4439 2141 4492 ματι
2161 4421 2227 4473 τὰ
2243 4419 2422 4472 πάντα
2449 4418 2860 4488 συστησάμενον
2881 4437 2896 4486 ;
2919 4420 3036 4472 Ἵνα
3064 4413 3157 4470 οὖν
3177 4417 3325 4488 δείξῃ
3345 4417 3424 4469 ὅτι
3448 4414 3590 4468 ἑκὼν

2008 4505 2300 4578 παρεδόθη,
2346 4505 2575 4558 ἄκουσον
2605 4502 2658 4555 τί
2699 4505 2862 4555 ποιεῖ.
2913 4504 3049 4556 Κατ’
3076 4503 3237 4556 αὑτὸν
3268 4503 3360 4554 τὸν
3400 4499 3591 4571 καιρὸν

2003 4592 2104 4660 τῆς
2157 4587 2469 4660 προδοσίας,
2506 4587 2595 4638 ὅτε
2629 4586 2862 4656 ἐπῆλθον
2915 4586 3062 4656 αύτῷ
3118 4585 3254 4656 μετά
3308 4583 3591 4656 μαχαιρῶν

2004 4674 2103 4727 καὶ
2133 4673 2325 4738 ξύλων,
2367 4669 2657 4740 λαμπάδας
2686 4669 2780 4722 καὶ
2821 4669 3022 4737 φανοὺς
3052 4669 3290 4738 ἔχοντες,
3317 4669 3465 4736 λέγει
3489 4668 3590 4720 αὑ-

2005 4762 2146 4821 τοῖς’
2188 4757 2326 4811 Τίνα
2361 4754 2582 4824 ζητεῖτε
2595 4769 2614 4818 ;
2645 4755 2754 4807 Καὶ
2780 4754 3054 4822 ἠγνόησαν
3092 4753 3152 4806 ὂν
3195 4753 3428 4824 ἧμελλον
3461 4751 3589 4806 συλ-

2007 4842 2322 4912 λαμϐάνειν.
2349 4838 2615 4892 Τοσοῦτον
2651 4839 2874 4908 ἀπεῖχεν
2913 4840 3122 4901 ἐκεῖνος
3157 4838 3252 4891 τοῦ
3289 4837 3588 4910 δυνηθῆναι

2007 4923 2345 4995 παραδοῦναι
2376 4924 2558 4986 αὐτὸν,
2589 4922 2672 4974 ὃτι
2695 4922 2817 4974 οὐδὲ
2837 4921 2967 4992 όρᾷν
2998 4921 3161 4974 αὑτὸν
3192 4920 3423 4992 ἠδύνατο
3450 4938 3589 4991 παρ·

2004 5011 2132 5062 ὀντα
2153 5049 2168 5071 ,
2200 5009 2258 5062 ὃν
2288 5006 2492 5078 ήμελλε
2532 5004 2910 5076 παραδιδόναι,
2956 5007 3052 5058 καὶ
3086 5005 3261 5058 ταῦτα
3289 5005 3590 5075 λαμπάδων

2006 5093 2182 5146 οῦσῶν
2235 5093 2329 5145 καὶ
2379 5090 2556 5159 φωτὸς
2588 5090 2867 5143 τοσούτου.
2899 5090 3022 5142 ’ὐτι
3072 5089 3181 5160 γάρ
3223 5089 3382 5142 τοῦτο
3415 5090 3590 5142 αίνιτ-

2004 5178 2230 5247 τόμενος
2283 5171 2455 5238 εἶπεν,
2502 5176 2583 5228 ὃτι
2611 5174 2901 5245 λαμπάδας
2931 5175 3022 5226 καὶ
3053 5174 3254 5242 φανοὺς
3296 5168 3461 5242 εἶχον,
3498 5173 3590 5224 καὶ

2006 5260 2127 5313 ούδέ
2144 5259 2316 5322 οὕτως
2343 5259 2506 5312 αὐτὸν
2539 5258 2823 5328 ηῦρισκον,
2845 5260 2978 5328 φησὶ
3010 5258 3188 5330 [γάρ],
3219 5257 3328 5312 Καὶ
3359 5255 3592 5322 Ἰούδας

2008 5342 2268 5409 εἱστήκει
2288 5343 2414 5411 μετ’
2445 5342 2662 5408 αὐτῶν,
2697 5345 2900 5407 ἐκεῖνος
2930 5342 3117 5395 εἰπών·
3146 5343 3286 5411 Ἐγὼ
3314 5340 3456 5409 ὑμῖν
3488 5357 3594 5394 πα-

2000 5428 2253 5497 ραδώσω
2288 5429 2492 5481 αὐτόν.
2539 5427 2672 5497 Ἑπή
2685 5444 2822 5497 ρωσε
2855 5427 2962 5496 γὰρ
2986 5427 3167 5480 αὐτῶν
3201 5427 3297 5496 τὴν
3327 5425 3588 5486 διάνοιαν,

2011 5512 2332 5582 βουλόμενος
2359 5509 2527 5576 δεῖξαι
2553 5511 2652 5581 τήν
2677 5510 2883 5564 οἰκείαν
2909 5510 3157 5580 δύναμιν,
3180 5511 3272 5563 καὶ
3288 5512 3372 5563 ἵνα
3409 5519 3594 5580 μάθωσ-

2010 5615 2096 5649 σιν
2124 5597 2205 5648 ὅτι
2228 5595 2504 5652 ἀδυνάτοις
2532 5596 2918 5665 ἐπιχειροῦσιν.
2946 5591 3075 5648 Εἶτα
3093 5594 3588 5666 ἀκούσαντεςΙΞὲΗΙ

2011 5681 2109 5751 τὴν
2145 5679 2326 5750 φωνὴν
2352 5678 2518 5732 αὐτοῦ
2553 5679 2795 5748 ἀπῆλθον
2825 5678 3026 5742 ὕπτιοι,
3058 5680 3151 5731 καὶ
3178 5679 3371 5730 ἔπεσον
3391 5678 3589 5748 χαμαί.

2013 5762 2166 5827 Εἶδες
2185 5763 2300 5825 πῶς
2329 5761 2453 5816 οὔτε
2478 5762 2575 5832 τὴν
2600 5763 2782 5834 φωνὴν
2810 5764 3052 5830 ἐνεγκεῖν
3073 5762 3438 5832 ἠδυνήθησαν,
3457 5761 3593 5814 ἀλλὰ

2011 5847 2099 5900 διὰ
2124 5848 2220 5916 τῆς
2249 5847 2648 5909 καταπτώσεως
2667 5848 2764 5916 τήν
2794 5846 3001 5900 ἑαυτῶν
3026 5846 3311 5899 ἀσθένειαν
3346 5844 3593 5915 ἐναργῶς

2014 5926 2332 5995 ἀπέδειξανς
2385 5931 2525 5998 Ὅρα
2581 5930 2853 5985 Δεσπότου
2913 5928 3335 6003 αλανθρωπίαν.
3375 5927 3588 5980 Ἐπειδὴ
