4066 6392
494 421 603 479 387

495 538 616 593 οὐδὲ
648 536 790 590 οὕτω
829 536 1085 590 καθίκετο
1118 536 1219 606 τῆς
1251 537 1638 606 ἀναισχυντίας
1659 535 1751 589 τοῦ
1784 535 2064 607 προδότου,

493 622 617 675 οὗτε
663 621 763 691 τῆς
805 620 915 674 τῶν
968 619 1237 673 Ἰουδαίων
1268 619 1682 689 ἀγνωμοσύνης,
1708 618 1901 670 ἐαυτὸν
1931 617 2071 670 ἐκδί-

492 706 645 767 δωσι,
674 703 768 758 καί
793 719 957 774 φησιν
987 702 1016 753 6
1042 701 1264 772 Κύριος·
1300 702 1430 755 Ὅτε
1458 701 1636 767 ἔδειξα
1672 701 1747 764 ὡς
1784 699 2069 762 ἀδυνάτοις

493 786 878 859 ἐπιχειροῦσιν,
910 785 1218 857 ἠϐουλήθην
1249 785 1426 839 αὐτῶν
1451 785 1763 839 ἀναστεῖλαι
1813 785 1913 856 τὴν
1969 800 2070 854 μα·

496 874 611 925 νίαν
631 888 645 902 ’
678 871 737 923 οὑ
776 870 1078 940 βούλονται,
1101 869 1216 922 ἀλλ’
1248 869 1327 922 ἐτι
1361 869 1680 940 ἐπιμένουσι
1702 871 1768 940 τῇ
1798 866 2034 939 πονηρίᾳ
2053 885 2068 898 σ

494 955 604 1008 ἰδοὺ
627 953 861 1022 ἐμαυτὸν
893 954 1257 1024 παραδίδωμι.

565 1036 750 1090 Ταῦτα
787 1036 930 1104 λέγω
955 1037 1106 1107 ὑμῖν,
1129 1037 1215 1089 ἵνα
1249 1035 1325 1107 μή
1359 1034 1778 1106 κατηγορήσωσί
1809 1051 1955 1096 τινες
1974 1033 2067 1086 τοῦ

493 1121 752 1192 Χριστοῦ,
789 1121 1059 1190 λέγοντες
1098 1122 1198 1175 Διά
1229 1123 1280 1175 τί
1305 1122 1365 1173 οὐ
1401 1120 1664 1191 μετέϐαλε
1701 1120 1792 1174 τὸν
1825 1119 2065 1184 Ἰούδαν;

494 1205 577 1258 διά
618 1206 670 1259 τί
699 1206 798 1258 οὐκ
834 1204 1090 1273 ἐποίησεν
1118 1204 1281 1258 αὐτὸν
1326 1203 1606 1274 βελτίονας
1655 1202 1767 1255 Kal
1818 1203 1937 1265 πῶς
1964 1201 2071 1255 ἔδει

495 1289 716 1359 ποιῆσαι
750 1288 838 1341 τὸν
874 1288 1076 1341 Ἰούδαν
1098 1287 1350 1359 σώφρονα
1380 1288 1474 1341 καὶ
1494 1287 1741 1356 ἐπιεικῆ;
1768 1286 2002 1358 ἀνάγκῃ,
2033 1284 2066 1356 ἢ

495 1371 726 1443 γνώμῃ;
781 1373 842 1424 Εἰ
875 1373 971 1442 μὲν
1013 1371 1122 1443 γάρ
1178 1372 1413 1442 ἀνάγκη,
1453 1371 1575 1424 ούδέ
1629 1370 1800 1432 οὕτως
1845 1368 2069 1439 ἔμελλεν

494 1454 711 1508 ἔσεσθαι
736 1454 958 1525 βελτίων
985 1472 1001 1489 ·
1021 1455 1196 1520 οὐδεὶς
1211 1454 1321 1525 γάρ
1343 1455 1557 1526 ἀνάγκῃ
1580 1454 1790 1522 γίνεται
1821 1452 2066 1522 βελτίων·

494 1539 543 1590 εί
587 1538 645 1590 δὲ
685 1537 881 1611 γνώμῃ
916 1539 1009 1592 καὶ
1054 1539 1407 1611 προαιρέσει,
1456 1539 1635 1591 πάντα
1689 1537 1952 1605 εἰσήγαγε
2000 1536 2070 1587 τὰ

495 1620 765 1691 δυνάμενα
824 1623 986 1676 αὐτὸν
1040 1623 1355 1691 ἀναγαγεῖν.
1412 1622 1474 1674 El
1529 1621 1585 1673 δέ
1653 1620 1727 1690 μὴ
1792 1618 2065 1689 ἠϐουλήθη

495 1703 747 1769 δέξασθαι
797 1706 1002 1768 ἐκεῖνος
1052 1706 1121 1759 τά
1173 1706 1459 1775 φάρμακα,
1513 1704 1574 1756 οὐ
1622 1702 1715 1756 τοῦ
1774 1700 1959 1773 ἰατροῦ
2008 1702 2070 1754 τὸ

495 1786 766 1857 ἔγκλημα,
803 1786 937 1839 ἀλλά
966 1785 1058 1840 τοῦ
1089 1787 1191 1857 τὴν
1239 1786 1534 1858 θεραπείαν
1567 1785 1986 1856 διακρουομένου
2034 1786 2066 1855 ή

494 1871 817 1941 κατηγορία.
835 1870 1020 1934 Θέλεις
1058 1872 1249 1941 μαθεῖν
1283 1871 1424 1924 πόσα
1452 1870 1728 1941 ἐποίησεν,
1747 1868 1887 1922 ὥστε
1906 1867 2068 1921 αὑτὸν

497 1954 935 2023 ονακτήσασθαις
984 1955 1325 2026 Ἐδωρήσατο
1371 1953 1521 2023 αὐτῷ
1572 1952 1744 2006 πολλὰ
1776 1951 2066 2021 θαύματα,

496 2039 755 2106 προεῖπεν
801 2037 950 2108 αὐτῷ
981 2038 1109 2109 περὶ
1144 2037 1246 2107 τῆς
1276 2037 1583 2108 προδοσίας,
1617 2036 1768 2089 οὐδὲν
1796 2036 2069 2090 ἐνέλειπεν

496 2114 569 2171 ὧν
595 2120 761 2190 ἐχρῆν
797 2122 877 2183 είς
903 2119 1148 2191 μαθητὴν
1180 2120 1567 2187 ἐπιδείξασθαι.
1597 2119 1709 2174 Kal
1737 2120 1823 2172 ἳνα
1856 2119 2067 2191 μάθῃς,

494 2202 576 2256 ὅτι
602 2202 821 2267 δυνατὸς
849 2202 924 2257 ῶν
950 2203 1346 2274 μεταϐαλέσθαι
1377 2203 1477 2256 οὑκ
1496 2202 1781 2274 ἠθέλησεν,
1811 2202 1951 2255 ἀλλὰ
1968 2202 2069 2272 τῆς

495 2285 657 2338 αὑτοῦ
690 2285 962 2357 ῥᾳθυμίας
1004 2286 1065 2339 τὸ
1117 2287 1225 2339 πᾶν
1258 2286 1491 2353 ἐγένετο·
1534 2285 1722 2357 ἐπειδὴ
1752 2286 2069 2358 παρέδωκεν

495 2370 675 2435 αὐτὸν,
691 2372 783 2424 καὶ
796 2371 895 2443 τὴν
914 2371 1111 2442 μανίαν
1126 2368 1290 2423 αὐτοῦ
1309 2387 1331 2422 ε
1343 2373 1388 2433 ἰς
1404 2371 1557 2435 τέλος
1575 2371 1802 2442 ἤγαγεν,
1821 2371 2070 2439 Ἐρριψε

496 2452 567 2507 τὰ
587 2452 914 2522 τριάκοντα
966 2453 1236 2523 ἀργύρια,
1291 2455 1505 2522 λέγων·
1553 2454 1848 2524 Ἥμαρτον
1881 2469 2064 2522 παραυ

492 2534 639 2602 δοὺς
660 2530 804 2606 αῇια
830 2535 1042 2591 ἀθῶον.
1079 2536 1191 2607 Πρὸ
1216 2535 1404 2588 τούτου
1428 2537 1630 2604 ἔλεγες*
1660 2541 1702 2590 Τ
1700 2538 1720 2589 ί
1741 2535 1945 2591 θέλετέ
1969 2554 2070 2607 μοι

496 2616 725 2683 δοῦναι,
782 2618 943 2687 κάγὼ
983 2619 1126 2688 ὑμῖν
1182 2619 1515 2688 παραδώσω
1565 2621 1793 2683 αὑτόν;
1849 2619 2068 2691 Ἐπειδὴ

495 2700 748 2773 ἐτελέσθη
784 2704 816 2772 ἡ
850 2702 1114 2772 ἁμαρτία,
1152 2703 1272 2756 τότε
1298 2703 1440 2772 ἔγνω
1466 2705 1564 2775 τήν
1593 2704 1885 2775 ἁμαρτίαν.
1952 2705 2069 2755 Ἐν-

492 2785 681 2839 τεῦθεν
741 2786 1097 2857 μανθάνωμεν
1149 2788 1277 2850 ὅτι,
1332 2789 1459 2841 ὅταν
1520 2788 1888 2859 ρᾳθυμῶμεν,
1944 2786 2068 2841 οὔτε

494 2871 815 2943 παραίνεσις
840 2873 986 2942 ἡμᾶς
1007 2870 1227 2941 ὠφελεῖ,
1247 2870 1370 2925 οὔτε
1387 2870 1636 2925 νουθεσία
1658 2887 1671 2901 '
1690 2873 1817 2925 ὅταν
1832 2873 1887 2925 δέ
1907 2889 2071 2925 σπου-

492 2955 761 3026 δάζωμεν,
792 2956 885 3009 καὶ
919 2956 1073 3008 αὐτοὶ
1100 2958 1192 3022 ἀφ’
1225 2955 1432 3009 ἐαυτῶν
1476 2956 1751 3027 δυνάμεθα
1779 2957 2070 3028 διαναστῆ-

492 3055 600 3094 ναι.
619 3040 901 3112 Ἐννόησον
927 3041 1054 3112 γάρ’
1085 3040 1213 3095 Ὅτε
1243 3039 1472 3111 παρῄνει
1503 3041 1681 3104 αὑτὸν,
1708 3043 1801 3094 καὶ
1829 3042 2072 3093 ἀνέστελ-

493 3125 585 3177 λεν
606 3125 768 3179 αύτὸν
790 3125 890 3195 τῆς
916 3124 1096 3195 κακῆς
1124 3126 1536 3196 ἐπιχειρήσεως,
1557 3125 1658 3179 οὐκ
1680 3126 1913 3197 ἤκουσεν
1945 3126 2070 3179 οὔτε

494 3208 817 3273 κατεδέξατο
842 3208 940 3280 τὴν
962 3208 1242 3262 νουθεσίαν
1261 3227 1274 3239 ι
1315 3210 1404 3261 ὅτε
1436 3208 1493 3262 δέ
1519 3208 1696 3272 οὐδεὶς
1718 3205 1787 3281 ἦν
1818 3212 1847 3263 6
1874 3226 2073 3280 παραι-

494 3292 623 3358 νῶν,
645 3293 705 3345 τὸ
736 3294 933 3346 οἰκεῖον
972 3293 1212 3356 συνειδὸς
1242 3292 1537 3362 ἐπανέστη,
1567 3294 1659 3346 καὶ
1678 3293 1893 3357 οὐδενὸς
1918 3293 2072 3358 ὄντος

492 3374 589 3428 τοῦ
615 3375 955 3439 διδάσκοντος
977 3375 1324 3447 μετεϐάλετο,
1348 3375 1441 3428 καὶ
1467 3376 1658 3447 ἔρριψε
1689 3376 1758 3429 τά
1778 3376 2072 3448 τριάκοντα

496 3460 753 3532 ἀργύρια.
812 3462 1119 3529 Ἕστησαν
1161 3460 1292 3530 γὰρ,
1343 3458 1525 3526 αὐτῷ,
1566 3461 1718 3530 φησὶ,
1754 3461 2073 3529 τριάκοντα

496 3545 766 3614 ἀργύρια.
791 3544 968 3616 Τιμήν
1008 3544 1306 3598 κατέϐαλον
1338 3544 1570 3615 αἵματος
1601 3546 1766 3616 τιμὴν
1797 3548 1895 3601 ούκ
1920 3545 2071 3616 έχον-

497 3645 606 3692 τος.
653 3629 718 3681 Τί
768 3628 1065 3699 λαμϐάνεις
1117 3630 1412 3700 τριάκοντα
1459 3628 1718 3700 ἀργύρια,
1771 3623 1816 3683 ὦ
1860 3631 2068 3697 Ἰούδας

496 3709 714 3781 Δωρεάν
737 3706 900 3781 ἦλθεν
921 3711 1061 3782 ὑπὲρ
1086 3711 1187 3780 τῆς
1216 3712 1542 3784 οἰκουμένης
1573 3715 1601 3765 6
1629 3714 1864 3786 Χριστὸς
1883 3717 2074 3786 ἐκχέαι

495 3793 558 3846 τὸ
590 3787 748 3864 αἷμα,
780 3794 919 3864 ὑπὲρ
949 3788 1010 3848 οὗ
1055 3793 1322 3864 σύμφωνα
1354 3795 1447 3850 νῦν
1479 3799 1672 3860 ποιεῖς.
1736 3798 1801 3850 Τί
1850 3800 1958 3872 γάρ
2006 3800 2073 3853 ἂν

498 3877 979 3948 ἀναισχυντότερον
1002 3876 1096 3931 τοῦ
1126 3878 1568 3950 συναλλάγματος
1586 3881 1777 3934 τούτου
1799 3898 1814 3947 ;
1834 3882 1915 3947 τίς
1941 3882 2070 3947 εἶδε,

486 3959 581 4025 τίς
609 3961 806 4032 ήκουσέ
840 3977 969 4015 ποτε
984 3978 999 4028 ;

567 4044 628 4099 δ’.
682 4044 820 4098 Ἀλλ’
857 4045 944 4099 ἵνα
980 4043 1241 4115 μάθωμεν
1276 4045 1375 4116 τήν
1397 4045 1659 4117 διαφορὰν
1685 4046 1779 4101 τοῦ
1811 4050 2070 4122 προδότου

490 4130 592 4181 καὶ
635 4127 743 4181 τῶν
790 4127 1068 4200 μαθητῶν,
1106 4129 1458 4199 ἀκούσωμεν’
1508 4129 1724 4183 ἅπαντα
1773 4132 1882 4204 γὰρ
1933 4134 2073 4203 μετά

492 4212 778 4286 ’ἀκριϐείας
798 4215 931 4286 ημῖν
951 4213 1216 4283 διηγεῖται
1243 4217 1271 4268 6
1293 4212 1704 4286 εὐαγγελιστής.
1720 4217 1848 4270 Ὅτε
1876 4220 2069 4286 ταῦτα,

496 4298 682 4367 φησὶν,
718 4298 966 4367 ἐγένετο,
1025 4298 1113 4351 ὅτε
1145 4300 1178 4369 ή
1212 4297 1470 4367 προδοσία
1504 4298 1892 4370 προεχώρησεν
1917 4342 1931 4367 ,
1982 4306 2071 4358 ὅτε

393 4410 397 4417 ~
495 4380 777 4435 ἀπώλεσεν
828 4381 1020 4435 ἐαυτὸν
1074 4383 1104 4435 ὁ
1167 4379 1387 4445 Ἰούδας,
1442 4382 1532 4435 ὅτε
1579 4381 1679 4445 τὰς
1718 4387 2071 4458 παρανόμους

495 4464 709 4529 ἐκείνας
762 4465 1035 4535 συνθήκας
1093 4465 1406 4537 ἐποιήσατο,
1459 4466 1554 4518 καὶ
1604 4466 1814 4537 ἐζήτει,
1866 4474 2067 4541 φησὶν,

494 4548 800 4618 εὐκαιρίαν,
823 4548 910 4601 ἴνα
932 4547 1093 4601 αὐτὸν
1108 4548 1333 4619 παραδῷ
1346 4565 1359 4578 ·
1388 4549 1525 4602 Τότε
1539 4549 1892 4619 προσῆλθον
1909 4552 2070 4621 αὑτῷ

492 4636 550 4686 οἱ
574 4632 834 4702 μαθηταί
851 4633 1155 4702 λέγοντεςδ
1179 4631 1300 4688 Ποῦ
1325 4631 1520 4698 θέλεις
1540 4634 1945 4705 ἑτοιμάσωμέν
1969 4654 2069 4693 σοι

492 4716 706 4786 φαγεῖν
733 4718 800 4770 τὸ
828 4717 1045 4786 Πάσχα
1057 4735 1077 4783 ;
1107 4713 1259 4781 Εἶδες
1303 4717 1568 4787 μαθητάς,
1612 4714 1751 4781 εἶδες
1784 4720 2063 4795 μαθητήν;

506 4802 741 4863 Ἐκεῖνος
788 4803 916 4872 περὶ
961 4802 1062 4873 τὴν
1093 4801 1382 4872 προδοσίαν
1415 4803 1715 4871 ἠσχολεῖτο,
1759 4799 1904 4858 οὗτοι
1939 4810 2066 4878 περὶ

489 4885 590 4956 τὴν
639 4884 945 4938 διακονίαν*
994 4887 1201 4948 ἐκεῖνος
1252 4884 1520 4953 σύμφωνα
1572 4885 1784 4951 ἐποίει,
1838 4890 2064 4944 καὶτοῦ

490 4967 723 5038 αἵματος
750 4967 842 5021 τοῦ
864 4966 1196 5020 Δεσποτικοῦ
1221 4966 1317 5038 τὴν
1338 4966 1503 5037 τιμὴν
1526 4967 1826 5038 λαμϐάνειν
1853 4973 2067 5043 ἐπεχεί-

492 5067 599 5129 ρει,
636 5043 781 5103 οὗιοι
814 5052 941 5123 περὶ
962 5050 1059 5122 τήν
1092 5048 1244 5121 [592]
1277 5051 1581 5121 ὑπηρεσίαν
1616 5055 2066 5123 παρασκευάζον-

489 5151 600 5188 ται.
654 5135 773 5187 Τῶν
832 5134 1013 5189 αὐτῶν
1051 5134 1342 5205 θαυμάτων
1398 5136 1719 5206 ἀπήλαυσαν
1780 5139 1873 5191 καὶ
1910 5135 2066 5204 οὗτος

490 5219 755 5282 κάκεῖνοι,
784 5219 892 5272 τῶν
919 5219 1098 5274 αὐτῶν
1140 5220 1514 5291 διδαγμάτωνε
1549 5221 1713 5273 πόθεν
1742 5217 1835 5275 οὖν
1873 5226 1906 5294 ή
1951 5225 2066 5279 δια--

491 5301 663 5372 φοράς
702 5301 833 5355 Ἀπὸ
852 5302 953 5372 τῆς
980 5303 1373 5374 προαιρέσεως.
1397 5302 1544 5373 Αὕτη
1578 5303 1723 5356 αἰτία
1751 5304 1858 5359 τῶν
1878 5309 2065 5361 κακῶν

460 5452 463 5455 ν
489 5386 585 5439 καὶ
608 5384 716 5437 τῶν
751 5385 972 5453 ἀγαθῶν
1004 5386 1233 5453 γίνεται.
1283 5387 1347 5439 Ἠ
1397 5386 1608 5457 ἐσπέρα
1638 5388 1776 5458 αὕτη
1807 5385 1894 5460 ἦν,
1942 5392 2063 5444 καθ’

486 5469 556 5541 ἣν
600 5469 649 5521 οί
684 5467 922 5539 μαθηταὶ
967 5470 1139 5524 ταῦτα
1190 5468 1395 5538 ἔλεγον.
1428 5471 1493 5522 Τί
1536 5473 1672 5535 ἐστι,
1711 5472 1836 5526 Ποῦ
1869 5475 2064 5542 θέλεις

486 5550 894 5621 ἑτοιμάσωμέν
924 5567 1024 5606 σοι
1053 5552 1268 5623 φαγεῖν
1298 5554 1361 5605 τὸ
1387 5553 1646 5623 Πάσχα;
1689 5556 2064 5626 Διδασκόμεθα

489 5633 755 5695 ἐντεῦθεν,
786 5637 866 5688 ὅτι
912 5636 1011 5689 οὐκ
1045 5634 1189 5706 εἶχεν
1237 5635 1413 5690 οἰκίαν
1445 5637 1835 5710 ἀφωρισμένην
1864 5642 1892 5693 6
1929 5643 2063 5713 Χρι-

491 5717 633 5778 στός.
683 5718 1054 5773 Ἀκουέτωσαν
1098 5721 1148 5773 οἱ
1197 5719 1295 5784 τὰς
1351 5720 1610 5791 λαμπράς
1657 5723 1836 5786 οἰκίας
1860 5726 2063 5779 οἰκοδο-

493 5796 717 5865 μοῦντες
748 5802 841 5854 καὶ
864 5803 990 5865 τοὺς
1014 5804 1257 5874 μακροὺς
1285 5803 1627 5874 περιϐόλους,
1652 5805 1733 5858 ὅτι
1759 5807 1787 5857 ὁ
1816 5806 1942 5869 Υἱὸς
1967 5809 2058 5861 τοῦ

492 5878 777 5951 ἀνθρώπου
816 5885 916 5939 οὐκ
947 5888 1057 5957 ἔχει
1092 5886 1194 5940 ποῦ
1226 5887 1323 5959 τὴν
1357 5885 1601 5959 κεφαλήν
1630 5889 1827 5947 κλῖναι.
1856 5893 1955 5945 Διά
1976 5910 2055 5945 τοι

1240 421 1298 477 S.
1328 419 1613 477 JOANNIS
1640 417 2127 478 CIIRYSOSTOMI
2159 420 2477 480 ARCHIEP.
2518 419 3061 477 CONSTANTINOP.

3650 418 3754 476 588

2178 537 2337 591 τοῦτο
2369 536 2617 605 λέγουσιν
2650 537 2799 608 αὐτῷ
2830 540 2878 592 οἱ
2911 535 3169 609 μαθηταί⁵
3216 532 3339 587 Ποῦ
3366 532 3558 600 θέλεις
3604 535 3756 588 ἐτοι-

2169 621 2459 691 μάσωμέν
2485 634 2585 674 σοι
2615 622 2827 692 φαγεῖν
2850 623 2917 675 τὸ
2937 621 3186 690 Πάσχα;
3218 619 3375 671 Ποῖον
3406 618 3637 688 Πάσχα;
3678 619 3750 671 Τὸ

2188 704 2476 758 Ἰουδαϊκὸν
2496 744 2512 768 ,
2546 704 2609 756 τὸ
2644 706 2738 757 ἀπ’
2768 705 3044 772 Αἰγύπτου
3088 703 3186 774 τὴν
3246 703 3422 773 ἀρχὴν
3465 700 3701 771 ἐσχηκός
3732 717 3747 730 ·

2173 787 2291 841 ἐκεῖ
2340 786 2447 858 γάρ
2493 786 2592 858 τὴν
2641 787 2815 859 ἀρχὴν
2863 787 3207 841 ἐπετέλεσαν.
3242 784 3355 838 Kal
3392 784 3535 846 τίνος
3562 782 3751 835 ἐνεκεν

2173 869 2412 924 ἐπιτελεῖ
2449 870 2581 924 αὐτὸ
2616 871 2645 923 6
2682 871 2948 940 Χριστός;
3002 870 3215 939 Ὥσπερ
3267 867 3445 921 πάντα
3495 865 3563 919 τὰ
3614 865 3751 919 ἄλλα

2174 954 2383 1025 νόμιμα
2417 955 2761 1025 ἐπλήρωσεν,
2792 953 2936 1007 οὕτω
2983 954 3079 1008 καὶ
3120 952 3298 1007 τοῦτο.
3332 950 3430 1004 Διά
3466 948 3627 1002 τοῦτο
3654 949 3750 1003 καὶ

2174 1037 2312 1107 πρὸς
2340 1037 2431 1090 τὸν
2478 1037 2729 1106 Ἰωάννην
2752 1036 2964 1105 ἐλεγεν’
3005 1037 3167 1091 Οὕτω
3197 1035 3306 1105 γὰρ
3341 1033 3569 1102 πρέπον
3605 1030 3751 1101 ἡμῖν

2172 1120 2303 1173 ἐστι
2330 1117 2647 1188 πληρῶσαι
2673 1118 2882 1174 πᾶσαν
2923 1119 3336 1185 δικαιοσύνην.
3378 1116 3453 1170 Οὐ
3478 1115 3658 1168 τοίνυν
3688 1119 3749 1167 τὸ

2156 1203 2443 1275 ’ἡμέτερον
2476 1205 2687 1275 Πάσχα,
2720 1203 2856 1257 ἀλλὰ
2879 1203 2941 1256 τὸ
2973 1202 3259 1256 Ἰουδαϊκὸν
3280 1200 3564 1271 ἐτοιμάσαι
3593 1198 3749 1253 ἐϐού⁸

2173 1284 2323 1339 λοντο
2355 1288 2403 1339 οί
2437 1286 2695 1357 μαθηταί.
2724 1285 2898 1340 Τοῦτο
2939 1287 3038 1356 μὲν
3063 1288 3170 1358 γὰρ
3223 1284 3376 1338 αὐτοὶ
3422 1282 3747 1355 ἡτοίμασαν,

2172 1369 2233 1421 τὸ
2255 1368 2311 1422 δὲ
2341 1370 2608 1442 ἡμέτερον
2631 1370 2794 1433 αὐτὸς
2817 1369 3245 1440 παρεσκεύασεν,
3276 1367 3412 1421 άλλά
3460 1368 3554 1421 καὶ
3584 1365 3748 1429 αὐτὸς

2173 1453 2366 1523 Πάσχα
2392 1453 2609 1520 ἐγένετο
2660 1452 2747 1507 διά
2796 1452 2892 1506 τοῦ
2938 1454 3121 1524 τιμίου
3167 1453 3392 1515 πάθους.
3455 1451 3612 1513 Τίνος
3651 1445 3749 1503 οὖν

2171 1534 2356 1588 ἐκενεν
2389 1537 2482 1589 ἐπὶ
2514 1537 2575 1590 τὸ
2603 1537 2772 1599 πάθος
2795 1537 3012 1607 ἔρχεται
3038 1553 3053 1603 ;
3086 1536 3206 1590 ’Ἰνα
3231 1538 3377 1606 ἡμᾶς
3401 1532 3747 1603 λυτρώσηται

2173 1619 2237 1671 ἐκ
2271 1618 2371 1688 τῆς
2417 1619 2659 1690 κατάρας
2697 1619 2791 1672 τοῦ
2827 1621 3012 1691 νόμου.
3047 1619 3138 1671 Διὸ
3185 1619 3278 1672 καὶ
3313 1617 3521 1680 Παῦλος
3572 1616 3703 1669 ἐϐόα
3730 1633 3745 1646 ⁸

2184 1700 2639 1765 Ἐξαπέστειλεν
2664 1706 2697 1757 ό
2727 1702 2871 1768 Θεὸς
2904 1702 3011 1755 τὸν
3045 1702 3181 1755 Υἱὸν
3210 1700 3396 1754 αὑτοῦ
3424 1702 3752 1769 γενόμενον

2171 1782 2240 1836 ἐκ
2265 1786 2567 1854 γυναικὸς,
2600 1788 2922 1856 γενόμενον
2948 1784 3068 1839 ὑπὸ
3099 1784 3306 1853 νόμον,
3330 1784 3430 1837 ἵνα
3463 1782 3605 1848 τοὺς
3628 1781 3749 1837 ὑπὸ

2170 1868 2361 1936 νόμον
2408 1867 2767 1938 ἐξαγοράσῃ.
2815 1869 2934 1922 ἰνα
2978 1865 3069 1922 οὖν
3122 1870 3194 1939 μή
3229 1885 3314 1930 τις
3345 1866 3498 1937 λέγῃ,
3540 1867 3621 1919 ὅτι
3659 1866 3751 1919 διά

2171 1951 2330 2004 τοῦτο
2361 1952 2618 2015 ἔπαυσεν,
2649 1951 2835 2023 ἐπειδή
2866 1952 3152 2024 πληρῶσαι
3183 1954 3345 2007 αὐτὸν
3368 1953 3469 2005 οὐκ
3492 1950 3749 2015 ἠδύνατο,

2170 2034 2246 2099 ῶς
2290 2037 2546 2107 φορτικὸν
2589 2038 2683 2090 καὶ
2721 2036 2936 2109 ἐπαχθῆ
2986 2038 3080 2091 καὶ
3142 2036 3605 2108 δυσκατόρθωτον,
3659 2036 3751 2089 διά

2171 2118 2330 2171 τοῦτο
2356 2118 2518 2173 αὐτὸν
2546 2119 2838 2191 πληρώσας
2868 2120 3101 2183 ἅπαντα,
3124 2121 3244 2174 τότε
3261 2120 3421 2172 αὑτὸν
3446 2118 3622 2171 ἔλυσε.
3648 2118 3751 2170 Διά

2173 2200 2329 2253 τοῦτο
2352 2203 2444 2256 καὶ
2474 2204 2665 2273 Πάσχα
2693 2203 2917 2274 ἐποίησε
2940 2221 2955 2236 ο
2987 2205 3151 2274 νόμου
3189 2202 3297 2274 γὰρ
3326 2201 3606 2270 ἐπίταγμα
3647 2200 3750 2252 αύ-

2174 2287 2288 2348 τοῖς
2334 2281 2401 2356 ἦν
2444 2288 2476 2357 ἡ
2509 2286 2604 2339 τοῦ
2634 2288 2825 2357 Πάσχα
2865 2289 3047 2360 ἑορτή.
3082 2289 3368 2340 ’Ἀκουσον⁹
3411 2285 3755 2355 Ἀγνώμονες

2174 2364 2314 2440 ἦσαν
2357 2373 2487 2441 περὶ
2510 2370 2602 2425 τὸν
2634 2371 2934 2443 εὐεργέτην
2970 2372 3019 2425 οἱ
3063 2371 3322 2434 Ἰουδαῖοι,
3357 2370 3451 2423 καὶ
3493 2368 3752 2438 παραυτά

2175 2454 2599 2511 ἐπελανθάνοντο
2629 2456 2725 2510 τοῦ
2774 2456 3085 2528 εὐεργέτου.
3120 2456 3231 2509 Καὶ
3262 2456 3349 2509 ἴνα
3385 2454 3562 2526 μάθῃς
3591 2454 3753 2524 ἀκρι-

2175 2536 2304 2603 ϐῶς,
2332 2539 2555 2610 ἐξῆλθον
2593 2540 2654 2605 ἐξ
2682 2540 2982 2609 Αἰγύπτου,
3034 2537 3293 2610 διέϐησαν
3336 2540 3434 2610 τὴν
3476 2536 3751 2607 Ἐρυθρὰν

2173 2620 2470 2690 θάλασσαν,
2520 2619 2660 2678 εἶδον
2689 2625 2861 2696 αὐτὴν
2895 2622 3274 2693 διαιρεθεῖσαν,
3308 2622 3404 2675 καὶ
3433 2622 3596 2674 πάλιν
3632 2636 3751 2672 συν-

2172 2708 2516 2779 απτομένηνο
2567 2710 2661 2762 καὶ
2716 2713 2832 2780 μετ’
2866 2712 2928 2764 οὐ
2963 2709 3096 2763 πολὺ
3127 2708 3346 2776 λέγουσι
3395 2705 3474 2778 τῷ
3510 2702 3749 2776 ’Δαρώνο

2173 2792 2443 2859 Ποίησον
2472 2791 2618 2860 ἡμῖν
2640 2792 2814 2859 θεοὺς
2845 2792 2903 2846 οἳ
2930 2793 3445 2861 προπορεύσονται
3468 2787 3661 2859 ἡμῶν.
3685 2786 3753 2838 Τί

2173 2874 2353 2943 λέγεις
2374 2916 2388 2941 ,
2413 2868 2458 2927 ὦ
2487 2874 2744 2946 ἀγνῶμον
2782 2876 3001 2929 Ἰουδαῖε
3022 2893 3037 2941 ;
3061 2872 3200 2939 εἶδες
3228 2873 3450 2928 τοιαῦτα
3471 2871 3751 2943 θαύματα,

2171 2960 2267 3012 καὶ
2298 2958 2565 3012 ἐπελάθου
2594 2958 2729 3012 Θεοῦ
2755 2958 2846 3011 τοῦ
2877 2958 3168 3030 τρέφοντός
3221 2974 3301 3018 σε,
3331 2956 3426 3011 xal
3451 2954 3575 3009 οὔτε
3610 2955 3755 3024 μνή-

2175 3060 2286 3114 μην
2318 3045 2492 3107 ποιεῖς
2520 3041 2616 3095 τοῦ
2654 3042 2977 3113 εὐεργέτους
3025 3043 3176 3095 Ἐπεὶ
3204 3039 3296 3095 οὖν
3325 3038 3759 3094 ἐπελανθάνοντο

2170 3125 2278 3178 τῶν
2312 3126 2642 3197 εὐεργεσιῶν
2671 3124 2858 3190 αὑτοῦ,
2905 3128 2970 3195 τῇ
2997 3125 3253 3179 ὑποθέσει
3279 3123 3389 3178 τῶν
3428 3120 3636 3194 ἐορτῶν
3668 3124 3758 3187 ἐγ-

2173 3208 2435 3278 κατέδησε
2484 3208 2594 3263 τῶν
2643 3208 2861 3280 δωρεῶν
2911 3208 2978 3261 τά
3028 3211 3393 3279 ὑπομνήματα
3420 3208 3449 3259 6
3479 3206 3633 3268 Θεὸς,
3665 3205 3759 3258 ἴνα

2175 3292 2269 3346 καὶ
2298 3293 2515 3355 ἐκόντες
2546 3292 2640 3345 καὶ
2666 3291 2890 3355 ἄκοντες
2918 3288 3139 3345 ἔναυλον
3170 3290 3333 3361 ἔχωσι
3370 3289 3467 3360 τὴν
3502 3290 3755 3359 μνήμην.

2175 3374 2279 3429 Kal
2297 3375 2494 3428 ἐκεῖνοι
2515 3375 2613 3446 μὲν
2639 3374 2782 3428 οὕτω
2804 3393 2815 3405 ·
2841 3374 2931 3428 διά
2956 3374 3038 3441 τί;
3074 3375 3207 3436 Ἰν’,
3226 3372 3372 3427 ὅταν
3396 3369 3756 3439 ἐπερωτήσῃ

2174 3474 2248 3512 σε
2278 3461 2310 3512 ὀ
2332 3460 2462 3525 υἱός
2491 3472 2630 3523 σου,
2664 3458 2729 3511 Τί
2759 3461 2874 3511 ἐστι
2900 3459 3076 3520 τοῦτο,
3107 3457 3299 3530 εἴπῃς,
3343 3457 3424 3509 ὅτι
3470 3450 3632 3506 τοῦτο
3655 3451 3757 3505 τοῦ

2175 3542 2451 3613 προϐάτου
2478 3542 2539 3595 τὸ
2567 3540 2705 3613 αἷμα
2728 3545 3023 3614 ἐπέχρισαν
3055 3544 3173 3605 ταῖς
3208 3540 3391 3611 φλιαῖς
3414 3538 3522 3592 τῶν
3544 3537 3752 3608 θυρῶν,

2175 3629 2270 3680 καὶ
2310 3627 2563 3697 διέφυγον
2598 3628 2691 3682 τὸν
2726 3629 2956 3681 θάνατον
2996 3628 3056 3681 ὃν
3093 3629 3120 3680 6
3169 3624 3469 3698 ὀλοθρεύων
3501 3624 3755 3692 ἐπήγαγε

2174 3712 2290 3776 τοῖς
2313 3713 2456 3766 κατὰ
2479 3712 2576 3784 τὴν
2600 3714 2875 3782 Αἴγυπτον
2901 3713 3071 3767 ἅπασι
3093 3729 3105 3743 ·
3126 3713 3221 3765 καὶ
3243 3710 3406 3763 διὰτὸ
3424 3703 3563 3778 αἷμα
3593 3706 3757 3758 τοῦτο

2173 3798 2275 3851 οὐκ
2307 3799 2524 3868 ἴσχυσεν
2569 3798 2895 3869 εἰσπηδῆσαι
2929 3799 3023 3850 καὶ
3051 3797 3147 3867 τὴν
3184 3795 3398 3865 πληγήν
3428 3793 3752 3860 ἐπαγαγεῖν.

2188 3883 2418 3937 Ἐκεῖνοι
2447 3878 2541 3936 οὖν
2574 3883 2822 3945 ἄκοντες,
2850 3876 2952 3936 ὦδε
2987 3882 3046 3936 δέ
3089 3879 3231 3934 ἑκὼν
3277 3879 3463 3933 θύεται
3492 3875 3752 3947 Χριστός.

2174 3967 2272 4019 Διά
2313 3967 2367 4018 τί
2382 3984 2395 4031 ;
2441 3965 2659 4037 Ἐπειδὴ
2694 3956 2864 4029 τύπος
2890 3960 2958 4036 ἦν
3004 3967 3178 4019 ἐκεῖνο
3222 3962 3316 4016 τοῦ
3353 3956 3750 4031 πνευματικοῦ.

2174 4051 2284 4103 Kal
2341 4050 2426 4103 ἵνα
2479 4048 2693 4122 μάθῃς,
2725 4050 2827 4120 ὅρα
2862 4050 2960 4122 ὅση
2997 4052 3030 4120 ἡ
3068 4048 3374 4117 συγγένεια·
3416 4044 3612 4115 Ἀμνὸς
3658 4042 3757 4094 καὶ

2174 4132 2362 4203 ἀμνὸς,
2404 4132 2519 4186 ἀλλ’
2556 4135 2585 4186 6
2626 4132 2725 4204 μὲν
2756 4133 2968 4202 ἄλογος,
3017 4135 3046 4186 6
3090 4132 3148 4186 δὲ
3190 4131 3431 4200 λογικός·
3478 4125 3755 4199 πρόϐατον

2175 4216 2270 4270 καὶ
2303 4215 2592 4287 πρόϐατον,
2634 4216 2763 4271 σκιά
2811 4218 2905 4270 καὶ
2961 4215 3188 4287 ἀλήθεια
3214 4232 3230 4245 ·
3260 4215 3374 4269 ἀλλ’
3408 4214 3681 4280 ἐπέφανεν
3723 4209 3758 4262 ὀ

2174 4300 2274 4369 τῆς
2310 4299 2655 4369 δικαιοσύνης
2695 4299 2866 4372 ἥλιος,
2907 4301 3001 4353 καὶ
3029 4302 3060 4370 ἠ
3098 4300 3224 4352 σκιὰ
3248 4299 3523 4351 πέπαυται
3546 4313 3561 4327 ο
3592 4294 3756 4363 ἡλίου

2173 4384 2282 4455 γὰρ
2312 4383 2462 4447 ὄντος
2518 4383 2821 4456 κρύπτεται
2850 4387 2884 4455 ἡ
2938 4385 3085 4437 σκιά.
3130 4384 3228 4436 Διά
3257 4382 3417 4435 τοῦτο
3447 4377 3620 4449 ἀμνὸς
3655 4379 3758 4430 καὶ

2172 4469 2231 4519 ἐν
2261 4470 2326 4537 τῇ
2361 4466 2610 4538 τραπέζῃ
2645 4470 2711 4539 τῇ
2776 4471 3035 4539 μυστικῇ,
3087 4468 3172 4520 ἵνα
3226 4465 3303 4537 τῷ
3346 4465 3540 4535 αἵματι
3581 4460 3756 4514 αὑτοῦ

2172 4552 2546 4622 ἀγιαζώμεθα.
2577 4551 2673 4604 Διά
2697 4552 2791 4605 τοῦ
2820 4562 2847 4592 ι
2881 4553 3029 4624 ἡλίου
3056 4551 3299 4614 ἐλθόντος
3329 4542 3520 4620 λύχνος
3549 4548 3757 4616 μηκέτι

2171 4639 2439 4704 φαινέτω·
2492 4635 2653 4688 τύποι
2696 4635 2804 4705 γὰρ
2840 4633 2980 4709 ἦσαν
3031 4636 3139 4690 τῶν
3175 4635 3474 4707 μελλόντων
3525 4633 3595 4685 τά
3653 4647 3760 4699 γε-

2169 4737 2382 4790 γονοτα.

2240 4805 2304 4859 ε’.
2329 4804 2514 4858 Ταῦτα
2539 4805 2676 4878 πρὸς
2713 4805 2997 4868 Ἰουδαίους
3018 4803 3183 4872 λέγω,
3217 4803 3304 4857 ῖνα
3329 4801 3405 4872 μὴ
3426 4799 3759 4865 ἀπατῶντες

2169 4889 2416 4952 ἑαυτοὺς,
2433 4890 2632 4943 δοκῶσι
2653 4889 2844 4960 Πάσχα
2860 4889 3148 4949 ἐπιτελεῖν,
3178 4886 3364 4957 ἐπειδὴ
3381 4883 3575 4956 γνώμῃ
3593 4884 3756 4957 [595ξ

2169 4974 2508 5045 ἀναισχύντῳ
2547 4976 2616 5030 τά
2643 4975 2827 5044 ἄζυμα
2879 4972 3341 5044 προλαμϐάνουσι,
3384 4971 3478 5024 καὶ
3506 4970 3761 5040 προϐάλε

2168 5057 2347 5112 λονται
2393 5060 2606 5129 ἑορτὴν,
2658 5060 2706 5111 οἱ
2755 5058 2843 5111 ἀεὶ
2885 5057 3251 5128 ἀπερίτμητοι
3282 5059 3347 5125 τῇ
3395 5053 3618 5126 καρδίᾳ..
3655 5056 3760 5107 καὶ

2166 5146 2279 5206 τοῖς
2313 5143 2415 5196 ὠσὶ
2458 5142 2668 5214 βαρέως
2708 5142 3018 5205 ἀκούοντες.
3051 5141 3204 5207 Πῶς,
3236 5140 3358 5194 είπέ
3395 5157 3515 5209 μοι,
3552 5139 3761 5208 Πάσχα

2168 5227 2452 5292 ἐπιτελεῖς,
2485 5222 2529 5280 ὦ
2554 5227 2769 5281 Ἰουδαῖε
2791 5244 2806 5292 ;
2840 5228 2898 5279 'U
2925 5227 3050 5289 ναὸς
3074 5226 3445 5278 κατέσκαπται
3468 5239 3482 5252 ·
3509 5224 3539 5276 6
3561 5222 3760 5292 βωμὸς

2166 5311 2457 5380 ἀνῄρηται,
2490 5309 2559 5363 τὰ
2580 5311 2746 5378 ’Ἅγια
2770 5310 2881 5363 τῶν
2905 5309 3077 5377 ἁγίων
3102 5308 3433 5376 πεπάτηται,
3463 5307 3621 5359 πᾶσα
3649 5305 3756 5360 θυ-

2168 5394 2259 5446 σία
2302 5393 2697 5448 καταλέλυται⁵
2740 5394 2885 5458 τίνος
2914 5389 3006 5446 οὖν
3048 5393 3234 5445 ἐνεκεν
3268 5390 3473 5461 τολμᾷς
3501 5407 3755 5462 παρανο-

2169 5480 2325 5547 μεῖν;
2371 5477 2640 5547 Ἀπῆλθές
2691 5494 2821 5530 ποτε
2859 5478 2940 5539 εἰς
2987 5475 3304 5535 Βαϐυλῶνα,
3363 5474 3603 5545 ﬁxo-na;
3633 5473 3752 5525 τῶν

2165 5562 2722 5631 αἱχμαλωτευσάντων
2739 5562 2883 5630 ὑμᾶς
2899 5560 3186 5629 λεγόντων,
3208 5560 3429 5628 ’ᾼσατε
3448 5560 3562 5626 τὴν
3577 5557 3754 5625 ᾠδὴν

2164 5644 2311 5711 ἡμῖν
2326 5646 2432 5697 τοῦ
2447 5645 2669 5712 Κυρίου
2691 5662 2704 5675 °
2725 5647 2819 5697 καὶ
2847 5644 2947 5698 οὐκ
2962 5645 3213 5714 ἠνέσχου.
3227 5645 3339 5697 Kal
3353 5642 3440 5695 διά
3468 5642 3520 5694 τί
3544 5641 3750 5708 ἔξωθεν

2175 5725 2435 5795 Ἰεροσολύ
2444 5745 2558 5796 μων
2576 5730 2745 5791 ποιεῖς
2761 5728 2820 5780 τὸ
2837 5728 2881 5780 Π
2888 5727 3046 5798 alga;
3062 5727 3135 5780 Σὺ
3155 5722 3332 5791 εἶπας·
3351 5723 3485 5789 Πῶς
3498 5724 3748 5792 ᾄσωμεν

2162 5811 2277 5877 τὴν
2300 5804 2463 5879 ᾠδήν
2495 5810 2715 5879 Kvpz'ov
2750 5812 2848 5865 ἐπὶ
2880 5809 2992 5881 γῆς
3017 5811 3374 5880 ἀλλοτρίαςη
3408 5811 3518 5865 Kal
3566 5808 3746 5863 ταῦτα

2227 5904 2255 5933 ⁸
2279 5902 2428 5954 Forte
2448 5904 2525 5953 διὰ
2542 5903 2702 5954 τοῦτο.
2733 5904 2886 5955 Savil.
