4066 6392
351 370 453 427 387

352 506 498 558 tiam.
528 503 658 571 Quia
692 520 758 561 ne
805 506 883 561 sic
913 508 1123 578 quidem
1174 512 1459 580 proditoris
1500 516 1875 585 impudentiam
1899 560 1913 584 ,

349 613 520 665 neque
552 598 815 667 ingratum
842 600 1144 656 JlldtL'Ol‘lllll
1179 606 1411 661 animum
1452 607 1601 662 ﬂexit
1630 650 1645 673 ,
1691 611 1921 677 seipsum

350 688 547 751 tradit,
578 699 735 759 atque
764 691 889 745 dicit
919 710 931 745 :
965 694 1185 759 Quando
1210 698 1416 751 ostendi
1443 715 1539 754 eos
1569 701 1657 754 illa
1683 703 1915 771 aggredi,

344 794 462 845 qua:
491 778 665 834 facere
697 797 803 835 non
846 794 1104 853 possent,
1153 789 1290 841 volui
1340 804 1523 843 eorum
1569 794 1921 861 comprimere

343 868 619 923 furorem:
659 882 715 924 at
762 873 838 926 illi
888 875 1114 940 nolunt,
1160 878 1251 931 sed
1295 880 1347 932 in
1392 881 1622 948 nequitia
1670 896 1920 950 perseve-

342 969 461 1012 rant
495 978 507 1011 :
538 976 663 1015 ecce
687 963 947 1031 meipsum
977 967 1145 1019 trado.

416 1050 535 1104 Non
566 1054 853 1106 necessitate
882 1055 1063 1108 bonum
1103 1075 1371 1124 operantur
1390 1102 1406 1125 ,
1429 1060 1514 1114 sed
1544 1061 1816 1119 voluntate.
1848 1094 1920 1104 -—

342 1140 466 1195 IItec
490 1142 610 1195 dico
643 1143 824 1208 vobis,
861 1161 927 1199 ne
964 1148 1194 1215 quipiam
1227 1149 1491 1204 Christum
1538 1162 1804 1217 accusent,
1834 1154 1916 1208 di-

338 1242 567 1303 cantquc
598 1254 609 1287 :
638 1236 742 1289 Cur
770 1253 873 1290 non
905 1242 1125 1293 mutavit
1149 1240 1335 1294 ludam
1354 1244 1375 1294 ?
1396 1259 1490 1296 cur
1512 1261 1615 1298 non
1643 1246 1915 1300 meliorem

339 1326 485 1378 illum
517 1326 727 1381 effecit?
756 1330 824 1381 At
847 1332 1113 1397 quiimodo
1138 1334 1370 1401 oportuit
1392 1334 1579 1389 Judam
1610 1347 1915 1406 temperan-

339 1427 441 1471 tem
477 1434 538 1472 ac
566 1416 785 1487 probum
829 1421 1080 1476 efficere?
1117 1441 1182 1477 an
1212 1430 1559 1494 necessitate,
1598 1445 1665 1482 an
1694 1430 1917 1483 arbitrio

338 1510 476 1563 suo?
505 1510 557 1564 Si
590 1512 904 1566 necessitate
925 1554 938 1574 ,
970 1531 1140 1583 neque
1168 1518 1246 1570 sic
1289 1519 1476 1571 melior
1520 1519 1725 1573 futurus
1764 1532 1911 1585 erat;

336 1616 492 1654 nemo
517 1602 709 1670 qttippe
745 1604 1060 1660 necessitate
1100 1609 1286 1661 melior
1310 1609 1572 1665 et'lieitur:
1606 1612 1647 1665 si
1684 1628 1810 1666 vero
1849 1630 1914 1668 ex

335 1692 557 1747 arbitrio
583 1703 635 1747 et
665 1696 955 1763 voluntate,
983 1696 1393 1754 omniainduxit
1419 1717 1502 1766 ea,
1526 1719 1643 1771 qua:
1670 1714 1915 1772 poterant

332 1784 502 1852 ipsum
530 1784 593 1838 ad
631 1786 829 1856 frugem
860 1791 1134 1845 reducere.
1165 1791 1315 1858 Quod
1348 1793 1392 1847 si
1429 1793 1517 1847 ille
1550 1795 1781 1848 remedia
1812 1812 1910 1849 no-

332 1875 430 1928 luit
456 1877 717 1944 accipere,
744 1894 844 1932 non
870 1881 1126 1946 medicus,
1150 1883 1242 1936 sed
1268 1883 1311 1937 is
1349 1885 1438 1952 qui
1476 1885 1793 1939 medicinam
1823 1902 1910 1941 re-

333 1967 507 2035 spuit,
549 1968 599 2020 in
644 1969 796 2037 culpa
827 1980 925 2023 cst.
963 1971 1052 2025 Vis
1079 1974 1213 2025 scire
1243 1983 1436 2041 quanta
1466 1975 1649 2028 fecerit
1693 1984 1746 2028 ut
1790 1991 1910 2029 eum

333 2057 645 2112 reduceret?
675 2060 835 2113 Multa
866 2062 1119 2116 miracula
1148 2073 1203 2116 ut
1234 2064 1429 2118 faceret
1459 2066 1637 2130 dedit,
1669 2067 1912 2134 prmdixit

331 2148 404 2201 illi
452 2165 512 2203 ea
539 2192 553 2214 ,
586 2166 702 2219 qu.e
742 2153 807 2204 ad
846 2153 1197 2222 proditionem
1229 2150 1562 2224 spectabant,
1609 2159 1738 2213 nihil
1770 2171 1912 2213 retro

234 2228 251 2239 ’
332 2241 545 2310 reliquit
567 2258 772 2309 eorum,
798 2261 916 2313 qum
942 2261 1037 2315 pro
1069 2248 1323 2316 discipulo
1354 2249 1528 2304 facere
1561 2267 1654 2318 par
1684 2264 1814 2306 erat.
1846 2252 1912 2305 Et

330 2340 387 2381 ut
412 2330 584 2383 discas
612 2347 731 2385 eum
758 2374 770 2393 .
812 2350 932 2389 cum
974 2337 1165 2390 mutari
1193 2348 1398 2406 posset,
1434 2340 1665 2394 noluisse
1685 2382 1698 2402 ,
1724 2340 1815 2394 sed
1846 2356 1905 2397 ex

328 2422 445 2487 ejus
471 2424 691 2491 segnitie
720 2435 885 2478 totum
928 2428 1219 2494 prodiisse:
1253 2444 1370 2481 cum
1404 2431 1722 2498 prodidisset
1764 2448 1907 2496 eum,

328 2523 383 2565 et
412 2512 641 2569 furorem
688 2531 839 2569 suum
876 2518 938 2571 ad
972 2518 1128 2571 finem
1170 2520 1507 2587 deduxisset,
1543 2523 1766 2593 I’rojecit
1814 2524 1905 2576 tri.

328 2604 468 2671 ginta
496 2615 751 2673 argenteos
780 2607 991 2672 dicens,
1027 2607 1237 2662 Peccavi
1264 2611 1462 2663 tradens
1502 2613 1796 2680 sanguinem
1825 2614 1909 2676 iu-

328 2703 459 2746 stum
488 2694 697 2762 (Matth.
729 2698 815 2748 27.
847 2698 931 2766 '5).
965 2701 1131 2753 Antea
1169 2700 1379 2754 dicebas
1400 2742 1414 2762 ,
1448 2701 1580 2766 Quid
1610 2703 1753 2754 vultis
1785 2704 1910 2755 mihi

327 2787 450 2839 dare
472 2828 484 2849 ,
518 2798 564 2839 et
606 2806 694 2857 ego
738 2791 870 2842 vobis
908 2792 1104 2844 tradam
1135 2792 1443 2850 eum?Cum
1483 2805 1906 2847 consummatum

330 2875 425 2929 fuit
450 2887 887 2949 peccanun,ume
911 2890 1191 2948 peccatum
1209 2884 1437 2956 agnovit.
1467 2883 1597 2936 lline
1625 2884 1909 2941 ediscimus

340 2989 435 3027 nos
461 2989 578 3027 cum
606 2978 838 3043 segniter
866 2979 1088 3045 agimus,
1115 2992 1282 3047 neque
1308 2975 1519 3030 hortatu
1542 2990 1713 3045 neque
1734 2977 1906 3030 moni-

335 3068 401 3119 tis
429 3067 599 3135 juvari
626 3084 640 3131 ;
670 3084 787 3121 eum
820 3084 945 3122 vero
990 3069 1286 3138 diligenter,
1314 3084 1342 3121 a
1388 3069 1539 3122 nobis
1582 3068 1710 3137 ipsis
1753 3084 1908 3137 posse

330 3172 628 3225 resurgere.
661 3158 858 3211 Tecum
890 3160 1030 3213 enim
1059 3169 1241 3227 reputa
1271 3174 1391 3213 eum
1413 3201 1424 3221 ,
1453 3174 1571 3213 cum
1609 3158 1909 3213 hortaretur

329 3245 583 3299 Dominus
604 3290 617 3308 ,
647 3258 695 3301 et
728 3265 756 3301 a
799 3266 958 3317 pravo
999 3250 1231 3304 facinore
1264 3251 1589 3317 deterreret,
1622 3268 1724 3304 non
1762 3252 1909 3304 audi-

328 3338 469 3391 Visse
496 3354 593 3392 nec
622 3338 965 3393 admonitioni
1006 3342 1441 3409 obtemperasse;
1470 3358 1588 3395 cum
1621 3359 1746 3397 vero
1788 3344 1906 3395 nul-

331 3428 413 3479 lus
438 3428 784 3491 admoneret,
814 3445 875 3483 ex
910 3430 1118 3498 propria
1159 3432 1479 3485 conscientia
1512 3433 1824 3496 surrexisse,
1854 3441 1908 3485 et

332 3519 543 3572 nemine
586 3520 808 3573 docente
850 3530 1101 3576 mutatum
1132 3538 1250 3577 esse
1276 3564 1289 3587 ,
1323 3531 1689 3592 trecentosque
1718 3539 1907 3591 argen-

329 3619 444 3664 teos
474 3610 778 3679 proiecisse.
805 3612 1210 3679 Constituerunt,
1243 3615 1440 3684 inquit,
1472 3617 1547 3669 illi
1580 3617 1787 3685 triginta
1823 3633 1906 3668 ar—

328 3711 527 3770 genteos
562 3701 769 3773 (Matth.
798 3703 888 3756 25.
925 3704 1033 3773 15).
1062 3704 1294 3758 Pretium
1331 3707 1600 3775 sanguinis
1642 3706 1904 3775 deposue-

331 3804 453 3846 runt
480 3793 623 3847 nullo
643 3795 810 3861 pretio
832 3795 1148 3849 :estimandi.
1163 3796 1268 3848 Cur
1284 3797 1478 3864 accipis
1497 3797 1704 3865 triginta
1719 3812 1904 3865 argen-

331 3894 465 3947 teos,
482 3902 513 3935 (ι
532 3884 663 3937 Juda
679 3887 701 3937 ?
720 3885 895 3939 Gratis
916 3889 1060 3939 venit
1075 3886 1313 3939 Christus
1339 3903 1435 3956 pro
1453 3889 1581 3942 orbe
1600 3890 1905 3956 sanguinem

327 3975 606 4039 efl'usurus,
625 3994 717 4045 pro
733 3993 837 4044 quo
852 3986 905 4030 tu
928 3994 1063 4031 nunc
1088 3988 1234 4045 pacta
1250 3981 1456 4033 statuis.
1474 3980 1607 4047 Quid
1631 3982 1907 4050 impuden-

330 4066 431 4117 tius
455 4065 550 4117 hac
568 4067 937 4120 conventione?
960 4069 1074 4136 quis
1097 4068 1246 4132 vidit,
1266 4069 1383 4137 quis
1401 4069 1600 4122 audivit
1625 4070 1907 4139 umquam?

402 4158 451 4209 4.
496 4157 599 4210 Sed
630 4169 683 4211 ut
723 4159 988 4213 discamus
1013 4162 1151 4228 quod
1181 4161 1249 4215 sit
1274 4160 1555 4215 discrimen
1581 4162 1904 4230 proditorem

331 4248 469 4301 inter
493 4258 547 4301 et
574 4248 879 4317 discipulos,
910 4249 1187 4303 audiamus
1218 4270 1230 4303 :
1262 4252 1438 4305 omnia
1465 4253 1659 4321 quippe
1684 4253 1907 4321 diligen—

330 4348 410 4391 ter
440 4340 590 4393 nohis
618 4351 831 4393 enarrat
860 4343 1199 4409 evangelista.
1232 4342 1363 4396 Cum
1413 4344 1524 4398 hzcc
1563 4344 1778 4408 ﬁerent,
1827 4346 1905 4398 in-

328 4433 475 4497 quit;
509 4446 628 4482 cum
658 4431 886 4499 proditio
923 4432 1270 4500 procederet,
1304 4449 1425 4487 cum
1469 4433 1630 4488 Judas
1674 4436 1905 4502 seipsum

329 4520 577 4587 perdidit,
610 4536 729 4574 cum
760 4521 933 4589 iniqua
974 4522 1061 4574 illa
1086 4534 1232 4591 pacta
1265 4524 1416 4587 fecit,
1456 4539 1575 4577 cum
1608 4534 1904 4593 quaereret,

331 4612 519 4681 inquit,
544 4614 1012 4680 opportunitatem,
1042 4625 1099 4668 ut
1123 4630 1241 4669 eum
1272 4616 1541 4669 traderet:
1571 4616 1710 4670 ’l‘unc
1743 4634 1906 4671 acces-

322 4714 492 4757 serunt
522 4706 758 4772 discipuli
787 4708 895 4775 ejus
924 4707 1175 4760 dicentes:
1199 4707 1293 4760 (ibi
1312 4708 1384 4760 vis
1411 4725 1642 4777 paremus
1660 4709 1747 4761 tibi
1765 4725 1905 4761 com-

325 4796 468 4847 edere
527 4793 731 4848 Pascha
771 4798 787 4866 (
819 4796 1002 4849 Matth.
1036 4798 1124 4851 9.6.
1184 4799 1308 4865 l7)?
1346 4798 1535 4852 Vidisti
1578 4798 1865 4867 discipulos
1889 4840 1903 4863 ,

326 4885 501 4937 vidisti
530 4886 886 4956 discipulum?
914 4886 1009 4942 Ille
1043 4888 1393 4955 proditionem
1417 4929 1430 4952 ,
1462 4888 1511 4940 hi
1553 4889 1902 4942 ministerium

326 4977 584 5031 curabant
611 4997 622 5031 :
656 4979 741 5033 ille
771 4990 918 5048 pacta
949 4980 1185 5034 inibat-et
1212 4980 1465 5033 Dominici
1492 4980 1760 5049 sanguinis
1785 4996 1905 5049 pre—

327 5068 452 5119 tium
480 5068 720 5137 accipcre
746 5072 1044 5140 satagebat,
1075 5071 1128 5125 hi
1172 5071 1237 5124 ad
1266 5071 1575 5124 famulatum
1606 5086 1663 5124 se
1702 5086 1905 5139 pr:cpa-

326 5166 464 5209 rant.
491 5158 554 5210 Et
578 5158 662 5211 hie
688 5168 741 5213 et
772 5160 841 5213 illi
868 5160 1053 5215 iisdem
1081 5160 1349 5214 miraculis
1376 5160 1696 5224 elaruerant,
1718 5161 1903 5214 eadem

324 5246 564 5299 doctrina
597 5249 779 5301 imbuti
810 5262 959 5304 erant
988 5270 999 5311 :
1029 5251 1293 5305 undenam
1326 5267 1453 5320 ergo
1476 5251 1800 5305 discrimen?
1830 5252 1902 5305 Ex

324 5340 613 5393 voluntate.
646 5341 769 5395 Hinc
811 5352 864 5395 et
904 5344 1159 5396 malorum
1200 5352 1255 5397 et
1297 5344 1555 5396 bonorum
1600 5358 1756 5395 causa
1802 5355 1903 5397 est.

326 5424 555 5500 Vespera
607 5433 694 5487 illa
744 5444 857 5488 erat
893 5451 1012 5489 eum
1041 5436 1278 5502 discipuli
1333 5437 1445 5488 ha-c
1488 5435 1746 5489 dicerent.
1769 5434 1904 5500 Quid

330 5522 460 5597 illud
490 5532 587 5585 est,
620 5522 715 5577 Ubi
737 5525 807 5576 vis
837 5542 1069 5592 paremus
1096 5525 1179 5578 tibi
1204 5526 1457 5577 comedere
1486 5525 1685 5579 Pascha
1710 5526 1733 5579 ε)
1772 5524 1905 5578 ιτιὶιιε

328 5615 613 5669 ediscimus
639 5632 742 5669 non
774 5626 965 5671 statum
988 5618 1307 5671 domicilium
1342 5618 1585 5673 habuisse
1610 5617 1901 5674 Christum.

326 5706 558 5759 Audiant
620 5708 708 5775 qui
762 5708 1063 5775 splendidas
1106 5719 1414 5763 construant
1463 5710 1668 5774 domos,
1697 5710 1904 5780 ampla-

318 5814 423 5868 que
475 5808 621 5869 septa
648 5841 662 5867 ,
691 5799 831 5869 quod
864 5799 1035 5857 Filius
1061 5800 1289 5856 hominis
1319 5817 1423 5855 non
1469 5802 1656 5857 habeat
1684 5801 1773 5857 ubi
1803 5816 1892 5857 ca-

1383 387 1466 442 DE
1508 388 1914 447 PItODlTlONE
1952 390 2166 448 JUD/E.
2211 394 2439 452 IIOMIL.
2485 398 2548 455 ll.

3503 414 3606 469 388

2033 510 2125 569 put
2178 520 2330 559 suum
2382 506 2644 562 reclinet:
2680 509 2797 565 ideo
2826 513 3008 569 dicunt
3050 518 3098 571 ei
3144 518 3385 590 discipuli
3439 543 3451 577 :
3508 528 3605 582 Ubi

2027 596 2098 647 vis
2149 613 2379 665 paremus
2431 599 2519 652 tibi
2567 603 2821 657 comedere
2874 604 3118 663 Pascha?
3166 612 3315 677 Quod
3363 613 3604 669 Pascha?

2026 686 2340 754 Iudaicum,
2400 692 2537 760 quod
2593 694 2641 746 in
2692 694 2919 766 IEgypto
2984 699 3187 756 initium
3245 719 3542 773 sumpserat
3587 727 3599 760 :

2028 792 2147 829 nam
2195 779 2301 833 illic
2348 780 2498 836 initio
2546 785 2881 841 celebrarunt
2928 789 3076 843 illud.
3101 792 3278 863 Ecqua
3328 796 3394 849 de
3443 812 3602 852 causa

2026 866 2151 921 illud
2172 869 2410 925 Christus
2436 873 2706 929 celebrat?
2735 877 2799 933 Ut
2827 881 3002 934 omnia
3030 882 3213 953 legalia
3243 888 3497 956 implevit,
3527 894 3603 945 sic

2024 964 2080 1009 et
2120 958 2278 1012 istud.
2307 961 2427 1015 Ideo
2454 963 2642 1019 Joanni
2679 967 2887 1023 dicebat
2918 989 2931 1023 :
2964 971 3054 1026 Sic
3096 992 3186 1029 nos
3214 976 3353 1030 decet
3393 980 3602 1041 implere

2023 1063 2218 1140 omnem
2238 1052 2490 1120 justitiam
2515 1056 2533 1127 (
2561 1055 2745 1112 Matth.
2770 1060 2823 1115 5.
2856 1062 2983 1132 15).
3012 1064 3124 1119 Νοη
3155 1077 3390 1123 nostrum
3422 1072 3596 1140 igitur,

2023 1139 2117 1192 sed
2147 1140 2418 1198 Iudaicum
2452 1147 2651 1203 Pascha
2682 1166 2871 1220 parare
2898 1156 3145 1211 volebant
3172 1160 3430 1229 discipuli.
3455 1139 3597 1218 Nam

2022 1229 2147 1283 illud
2176 1232 2416 1301 discipuli
2465 1251 2749 1307 pararunt,
2784 1259 3022 1301 nosuum
3072 1266 3197 1304 vero
3236 1253 3436 1308 Pascha
3484 1258 3599 1326 ipse

2021 1327 2354 1391 praeparavit,
2384 1328 2490 1382 imo
2521 1332 2633 1399 ipse
2660 1334 2859 1389 Pascha
2891 1354 2983 1406 per
3011 1345 3365 1397 venerandam
3398 1350 3598 1415 passio-

2020 1428 2142 1466 nem
2167 1430 2314 1469 suam
2345 1418 2560 1474 effectus
2589 1434 2689 1477 est.
2718 1426 2824 1479 Cur
2861 1444 2986 1498 ergo
3014 1432 3079 1484 ad
3106 1436 3404 1502 passionem
3435 1454 3594 1494 acce-

2019 1503 2137 1555 dit?
2170 1504 2236 1558 Ut
2261 1523 2357 1561 nos
2385 1510 2663 1567 redimeret
2695 1531 2724 1567 a
2753 1518 3035 1574 maledicto
3066 1522 3211 1591 legis.
3241 1525 3594 1591 Quamobrem

2020 1593 2212 1649 Paulus
2232 1597 2490 1654 clamabat
2516 1619 2529 1653 :
2560 1602 2703 1658 Misit
2742 1606 2878 1662 Deus
2905 1609 3096 1665 Filium
3125 1630 3291 1679 suum,
3321 1620 3510 1688 factum
3536 1637 3597 1674 ea:

2018 1686 2246 1751 muliere,
2276 1690 2464 1757 factum
2489 1694 2581 1746 sub
2610 1694 2735 1765 lege,
2769 1708 2822 1750 ut
2848 1716 2932 1753 eos
2956 1703 3040 1769 qui
3068 1705 3159 1756 sub
3197 1706 3301 1774 lege
3322 1686 3477 1761 erant
3512 1727 3594 1762 re-

2019 1776 2224 1830 dimeret
2251 1777 2443 1849 (Galat.
2473 1783 2523 1836 4.
2554 1786 2605 1837 4.
2634 1787 2711 1852 5).
2742 1788 2816 1841 Ne
2837 1791 2953 1858 quis
2981 1808 3106 1861 ergo
3130 1795 3350 1862 diceret,
3383 1798 3502 1853 ideo
3529 1800 3593 1853 il-

2018 1866 2121 1919 lam
2150 1868 2432 1939 abrogasse
2457 1913 2471 1937 ,
2503 1876 2623 1943 quia
2656 1878 2799 1932 illam
2839 1880 3057 1948 implere
3097 1900 3200 1937 non
3236 1897 3477 1953 poterat,
3514 1899 3596 1942 ut~

2018 1969 2141 2026 pote
2168 1974 2404 2028 gravem,
2438 1978 2716 2020 onerosam
2744 1979 2797 2023 et
2824 1970 3090 2026 difficilem
3114 1990 3127 2035 ;
3158 1975 3275 2029 ideo
3302 1993 3420 2030 cum
3449 1980 3592 2033 illam

2016 2057 2179 2103 totam
2228 2051 2586 2121 implevisset,
2624 2068 2744 2113 tunc
2786 2062 2949 2129 ipsam
2979 2064 3154 2118 solvit.
3187 2066 3386 2121 Idcirco
3415 2078 3467 2123 et
3497 2070 3593 2123 Pa-

2016 2142 2141 2195 scha
2173 2141 2298 2197 fecit
2325 2163 2337 2198 :
2367 2145 2496 2216 legis
2522 2151 2661 2203 enim
2710 2154 3015 2209 mandatum
3063 2157 3190 2224 ipsis
3223 2168 3337 2213 erat
3377 2162 3594 2217 Pascha:

2016 2235 2344 2289 solemnitas.
2364 2239 2518 2292 Audi.
2544 2240 2732 2309 Ingrati
2755 2260 2878 2313 erga
2906 2246 3199 2301 beneficum
3224 2262 3374 2305 erant
3398 2252 3587 2317 Judaei,

2015 2326 2304 2394 statimque
2342 2330 2560 2386 benefici
2589 2335 3051 2392 obliviscebantur.
3087 2340 3245 2409 quue
3275 2352 3329 2396 ut
3349 2356 3592 2399 accurate

2016 2414 2187 2470 discas
2216 2434 2229 2468 :
2265 2421 2461 2487 egressi
2492 2432 2617 2475 sunt
2644 2439 2708 2476 ex
2724 2422 2982 2494 tEgypto,
3000 2441 3149 2482 mare
3164 2428 3405 2483 Rubrum
3426 2442 3600 2488 trans-

2012 2505 2224 2573 ierunt,
2260 2511 2439 2581 ipsum
2490 2512 2733 2566 viderunt
2786 2515 3006 2568 scissum
3033 2555 3046 2577 ,
3090 2532 3375 2585 rursusque
3418 2522 3592 2573 coale-

2014 2611 2168 2651 scens
2211 2618 2222 2651 :
2260 2616 2357 2652 nec
2407 2602 2571 2655 multo
2610 2604 2789 2672 elapso
2836 2614 3072 2674 tempore
3121 2607 3301 2661 dicunt
3347 2610 3588 2662 Aaroni:

2015 2690 2121 2742 Fac
2151 2692 2290 2743 nobis
2322 2693 2459 2757 deos,
2491 2696 2575 2762 qui
2605 2697 2888 2763 pra’cedant
2913 2715 3002 2751 nos
3030 2698 3222 2767 (Exod.
3250 2701 3337 2753 5‘2.
3358 2701 3430 2763 I).
3454 2702 3589 2766 Quid

2012 2780 2168 2840 dicis,
2208 2783 2409 2851 ingrate
2444 2785 2626 2840 Iudaee
2652 2787 2674 2839 ?
2705 2796 2778 2839 tot
2806 2789 2990 2841 taliave
3022 2790 3268 2843 tniracula
3303 2791 3507 2854 vidisti,
3540 2802 3592 2845 et

2011 2874 2204 2927 obitus
2227 2890 2284 2928 es
2311 2876 2426 2941 Dei,
2445 2879 2535 2947 qui
2557 2888 2609 2934 te
2633 2880 2815 2944 nutrit,
2837 2897 3008 2950 neque
3030 2883 3251 2936 benefici
3271 2885 3590 2938 mentionem

2017 2963 2185 3018 facis?
2211 2964 2339 3031 Quia
2372 2967 2531 3037 igitur
2560 2968 3008 3025 obliviscebantur
3033 2972 3407 3025 beneficiorum
3437 2973 3552 3041 ejus
3574 3014 3592 3039 ,

2013 3055 2353 3110 festivitatum
2378 3071 2687 3128 argumento
2704 3061 2844 3115 Deus
2859 3061 3115 3115 donorum
3134 3063 3593 3117 commemoratio-

2014 3162 2132 3201 nem
2164 3148 2464 3212 adstrinxit,
2488 3160 2544 3203 ut
2574 3152 2733 3204 velint
2764 3153 2930 3205 nolint
2956 3162 3257 3206 manentem
3282 3154 3592 3207 memoriam

2014 3240 2258 3294 habeant.
2294 3242 2360 3295 Et
2390 3244 2460 3296 illi
2490 3244 2701 3312 quidem
2742 3246 2817 3298 sic
2852 3264 2862 3296 :
2896 3246 3097 3314 quare?
3132 3245 3195 3299 Ut
3222 3262 3335 3298 cum
3374 3248 3591 3300 interro-

2011 3334 2201 3400 gaverit
2230 3344 2275 3386 te
2302 3335 2440 3401 ﬁlius
2469 3344 2582 3388 tuus
2603 3377 2616 3398 ,
2641 3335 2775 3402 Quid
2806 3348 2889 3389 est
2930 3336 3066 3389 hoc?
3094 3337 3236 3390 dicas
3265 3354 3277 3388 :
3310 3337 3442 3403 Quia
3471 3340 3592 3407 agni

2013 3423 2168 3491 hujus
2205 3425 2458 3493 sanguine
2494 3426 2769 3494 januarum
2809 3428 2984 3479 limina
3018 3436 3307 3490 unxerunt,
3340 3439 3593 3482 mortem-

2012 3529 2115 3582 que
2180 3515 2509 3584 effugerunt,
2565 3532 2721 3585 quam
2771 3528 3006 3571 vastator
3061 3520 3278 3588 angelus
3330 3518 3593 3589 Aigyptiis

2011 3606 2258 3658 omnibus
2302 3605 2478 3659 intulit
2517 3621 2530 3657 :
2578 3617 2897 3676 propterque
2943 3608 3082 3662 hunc
3132 3609 3437 3678 sanguinem
3488 3625 3591 3663 non

2011 3699 2181 3767 potuit
2222 3699 2421 3752 irruere
2452 3708 2505 3752 et
2544 3698 2746 3768 plagam
2795 3700 3051 3769 infligere.
3081 3699 3156 3754 Illi
3204 3702 3377 3769 itaque
3409 3701 3590 3763 inviti,

2012 3787 2099 3841 hic
2145 3804 2273 3851 vero
2313 3788 2500 3842 lubens
2545 3788 2787 3844 Christus
2834 3791 3152 3845 innnolatur.
3189 3791 3408 3858 Quare?
3460 3793 3592 3858 Quia

2012 3878 2139 3931 illud
2165 3889 2275 3933 erat
2292 3879 2455 3948 ﬁgura
2478 3880 2767 3947 spiritualis
2783 3880 3073 3935 Paschatis.
3100 3881 3162 3935 Ut
3188 3883 3236 3935 id
3256 3897 3379 3934 vero
3398 3882 3591 3943 discas,

2014 3972 2132 4025 vide
2152 3980 2346 4040 quanta
2366 3971 2434 4025 sit
2461 3971 2910 4041 affinitas.Agnus
2939 3983 3204 4042 etagnus;
3234 3973 3325 4025 sed
3350 3974 3437 4025 ille
3466 3974 3595 4025 irra-

2015 4063 2242 4128 tionalis,
2275 4064 2357 4117 hic
2384 4064 2654 4119 rationalis
2680 4083 2692 4117 :
2723 4066 2836 4118 ovis
2861 4074 2913 4119 et
2939 4066 3071 4127 ovis,
3093 4065 3275 4117 umbra
3296 4074 3347 4117 et
3366 4065 3556 4119 veritas
3579 4082 3591 4128 ;

2012 4155 2106 4209 sed
2133 4157 2369 4224 apparuit
2402 4156 2491 4210 Sol
2515 4157 2732 4223 justitim
2752 4198 2766 4222 ,
2794 4168 2848 4210 et
2875 4157 3058 4210 umbra
3086 4157 3310 4210 cessavit
3340 4174 3354 4208 :
3385 4157 3595 4210 lucente

2013 4265 2240 4316 namque
2278 4250 2421 4312 sole,
2454 4248 2660 4316 fugatur
2708 4250 2910 4301 umbra.
2945 4248 3171 4320 Ideoque
3225 4265 3391 4318 agnus
3434 4251 3594 4303 etiam

2013 4340 2065 4392 in
2115 4356 2297 4393 mensa
2349 4343 2589 4410 mystica,
2616 4350 2671 4393 ιιι
2699 4342 2953 4409 sanguine
2997 4341 3135 4394 illius
3178 4342 3593 4395 sanctificetnur.

2012 4432 2365 4497 Quamobrem
2392 4432 2677 4485 accedente
2708 4432 2850 4491 sole,
2884 4432 3097 4485 lucerna
3138 4448 3241 4485 non
3270 4432 3405 4485 ultra
3434 4448 3594 4500 appa-

2014 4533 2127 4576 reat
2152 4542 2161 4574 :
2187 4538 2307 4575 nam
2331 4538 2447 4591 quat-
2467 4532 2574 4574 tum
2605 4523 2738 4575 facta
2761 4533 2885 4574 sunt
2903 4522 3081 4591 figurae
3104 4532 3255 4577 erant
3276 4524 3589 4575 futurorum.

2088 4613 2141 4666 5.
2166 4614 2352 4667 Contra
2374 4611 2603 4667 Judazos.
2645 4613 2766 4666 Vide
2795 4616 2846 4666 in
2880 4613 3114 4667 Hontiliis
3159 4625 3333 4666 contra
3371 4616 3590 4680 eosdem,

2018 4701 2079 4755 Τ.
2112 4704 2160 4755 l.
2189 4733 2260 4742 —
2307 4704 2429 4757 llzec
2476 4703 2675 4757 Judzcis
2720 4704 2874 4768 dico,
2923 4720 2988 4758 ne
3032 4705 3235 4772 seipsos
3266 4705 3591 4772 decipientes

2015 4804 2199 4863 putent
2239 4812 2296 4849 se
2325 4797 2523 4849 Pascha
2555 4797 2827 4851 celebrare
2857 4814 2870 4860 ;
2903 4796 3023 4865 quia
3051 4796 3342 4864 intpudenti
3372 4798 3593 4850 consilio

2014 4904 2196 4957 azyma
2223 4890 2465 4956 accipere
2497 4898 2816 4957 prtevertunt
2836 4930 2849 4952 ,
2881 4897 2932 4941 et
2964 4886 3152 4941 festum
3184 4889 3475 4956 objiciunt,
3504 4890 3594 4957 qui

2015 4993 2227 5045 semper
2273 4978 2620 5031 incircumcisi
2652 4986 2776 5031 sunt
2803 4978 2994 5042 corde,
3026 4988 3079 5031 et
3107 4980 3321 5032 auribus
3362 4979 3593 5047 graviter

2012 5072 2248 5123 audiunt.
2270 5070 2566 5137 Quomodo,
2591 5086 2789 5139 qumso,
2824 5071 3019 5124 Pascha
3047 5071 3303 5136 celebras,
3328 5086 3360 5123 o
3377 5071 3593 5124 Judare?

2015 5160 2289 5227 Templum
2322 5161 2434 5213 solo
2463 5171 2724 5229 aequatum
2755 5169 2855 5225 est,
2886 5162 3052 5214 altare
3078 5162 3379 5224 sublatum,
3408 5171 3588 5213 sancta

2013 5262 2311 5304 sanctorum
2361 5251 2697 5314 conculcata,
2747 5266 2906 5304 omne
2950 5251 3266 5304 sacrificium
3316 5251 3586 5303 solutum:

2012 5359 2108 5396 cur
2136 5358 2262 5412 ergo
2295 5344 2623 5409 praevaricari
2652 5343 2853 5396 audes?
2881 5344 3069 5396 Ahiisti
3101 5343 3382 5412 aliquando
3416 5344 3588 5415 Baby-

2015 5434 2188 5487 lonem
2212 5475 2224 5494 ,
2258 5434 2448 5487 audisti
2479 5448 2571 5487 eos
2600 5435 2687 5501 qui
2723 5436 2961 5503 captivos
2991 5434 3252 5487 duxerant
3282 5450 3374 5487 vos
3402 5435 3587 5487 dicen-

2011 5534 2091 5577 tes
2110 5566 2125 5589 ,
2171 5524 2379 5578 Cantate
2407 5526 2547 5578 nobis
2589 5527 2835 5577 canticum
2881 5524 3086 5577 Domini
3129 5525 3145 5594 (
3173 5524 3315 5578 Psal.
3344 5524 3464 5578 156.
3494 5527 3526 5578 5
3548 5528 3585 5593 ),

2009 5625 2064 5670 et
2111 5634 2213 5670 non
2265 5617 2447 5670 tulisti.
2503 5617 2569 5670 Et
2615 5633 2708 5670 cur
2756 5627 2904 5669 extra
2951 5615 3336 5685 Jerosolymam
3384 5615 3587 5669 Pascha

2007 5708 2279 5769 celebras.
2324 5709 2412 5776 qui
2452 5708 2651 5774 dixisti,
2696 5707 2955 5774 Quomodo
2996 5706 3306 5760 cantabimus
3334 5709 3582 5760 canticum

2013 5800 2218 5856 Domini
2248 5802 2299 5854 in
2325 5810 2456 5855 terra
2484 5803 2646 5856 aliena
2674 5800 2832 5871 (Ibid.
2863 5817 2908 5854 υ.
2936 5800 3042 5871 5)?
3073 5801 3135 5855 Et
3162 5799 3275 5856 lucc
3303 5800 3578 5856 declarans
