4066 6392
455 359 563 415 389

456 476 640 530 beatus
665 471 826 526 David
863 471 1070 525 dicebat
1100 487 1112 522 :
1143 468 1308 536 Super
1347 468 1532 535 ﬂuinen
1571 464 1876 536 Babylonis,
1933 463 2038 517 illic

453 565 674 619 sedimus
699 575 744 618 et
788 563 1016 630 ﬂeuimus
1047 577 1063 613 :
1089 561 1138 612 in
1163 560 1399 612 salicibus
1425 561 1476 609 in
1504 558 1666 608 medio
1696 558 1805 626 ejus
1828 571 2038 624 suspen-

455 659 623 711 dimus
642 675 834 729 organa
854 667 1024 709 nostra
1044 653 1197 723 (Psal
1206 653 1378 707 .1561
1393 651 1487 722 .2);
1515 651 1564 704 id
1590 659 1690 713 est,
1709 650 2034 718 psalterium,

455 752 728 823 cytharam
750 791 765 812 ,
813 751 978 821 lyram
1010 765 1022 799 :
1059 749 1142 801 his
1171 749 1312 800 enim
1355 745 1483 798 olim
1529 746 1844 808 utebantur,
1876 752 1929 796 et
1957 742 2038 794 his

455 842 692 912 psalmos
718 841 998 895 canebant.
1033 837 1150 892 Illic
1181 839 1313 892 enim
1333 878 1347 902 ,
1379 836 1580 905 inquit,
1611 836 2038 903 interrogaverunt

456 952 568 996 nos,
597 935 682 1004 qui
708 935 931 1003 captivos
962 933 1214 985 duxerunt
1242 948 1352 993 nos,
1387 931 1532 983 verba
1559 930 1845 982 cantionum
1877 927 2032 997 (Ibid.

454 1045 501 1080 υ.
533 1026 620 1098 5).
670 1025 740 1081 Et
780 1025 1012 1079 diximus
1055 1044 1067 1076 ε
1117 1023 1380 1089 Quomodo
1427 1022 1739 1074 cantabimus
1786 1021 2037 1073 canticum

458 1119 664 1172 Domini
688 1121 739 1172 in
770 1131 903 1172 terra
927 1118 1132 1171 aliena?
1158 1117 1311 1184 Quid,
1343 1130 1545 1182 quaeso,
1571 1114 1744 1168 dicis?
1773 1113 2034 1166 canticum

460 1211 667 1264 Domini
700 1227 805 1264 non
848 1221 1034 1264 cantas
1073 1211 1123 1262 in
1168 1218 1307 1263 terra
1338 1208 1540 1269 aliena,
1584 1214 1640 1258 et
1668 1204 1864 1258 Pascha
1894 1204 2035 1257 cele-

455 1302 578 1356 bras
607 1303 660 1355 in
702 1313 840 1355 terra
870 1300 1074 1354 aliena?
1098 1299 1282 1353 Viden‘
1311 1297 1670 1367 stupiditatem
1694 1294 2036 1349 Juda'orun‘i?

455 1392 586 1447 Cum
615 1392 838 1446 aderant
869 1392 1066 1445 inimici
1097 1391 1185 1460 qui
1224 1396 1510 1458 cogerent,
1545 1402 1609 1440 ne
1637 1385 1894 1454 psalmum
1921 1384 2036 1452 qui-

454 1486 577 1540 dem
624 1486 848 1540 recitare
876 1484 1125 1539 volebant
1166 1483 1218 1536 in
1262 1490 1404 1535 terra
1445 1481 1614 1534 aliena
1645 1497 1656 1531 :
1684 1490 1736 1534 et
1776 1493 1915 1531 nunc
1943 1491 2036 1530 sua

454 1586 675 1645 sponte,
707 1577 916 1630 nemine
942 1585 1167 1644 cogente
1187 1614 1202 1637 ,
1239 1572 1437 1626 bellum
1469 1570 1702 1624 inferunt
1731 1570 1856 1623 Deo.
1897 1569 2037 1634 Qua-

456 1676 674 1737 propter
719 1666 905 1720 beatus
944 1665 1246 1734 Stephanus
1285 1663 1496 1718 dicebat
1534 1661 1637 1715 illis
1668 1679 1678 1712 :
1719 1659 1818 1713 Vos
1846 1676 2038 1729 semper

456 1758 681 1828 Spiritui
715 1769 890 1811 sancto
927 1758 1155 1811 resistitis
1179 1757 1316 1825 (Act.
1342 1756 1392 1807 7.
1417 1752 1528 1824 51).
1560 1753 1718 1806 Vides
1746 1767 1902 1822 quam
1933 1751 2036 1804 im-

458 1865 585 1918 pura
616 1851 720 1902 sint
755 1864 936 1920 azyma
961 1891 976 1914 ,
1022 1863 1178 1916 quam
1212 1847 1444 1916 iniquum
1472 1845 1772 1898 Judtcorum
1805 1841 2038 1895 festum?

456 1940 586 1996 Erat
615 1943 739 1995 olim
770 1941 972 1996 Pascha
1001 1941 1297 2003 Judaicum,
1337 1938 1429 1993 sed
1458 1939 1688 1992 solutum
1721 1944 1822 1989 est.
1863 1935 2034 1998 Tunc,

453 2033 650 2103 inquit,
680 2033 850 2099 Jesus,
881 2031 1296 2086 manducantibus
1325 2029 1429 2083 illis
1453 2038 1507 2083 et
1533 2026 1834 2081 bibentibus
1857 2067 1870 2090 ,
1900 2026 2034 2078 acci-

454 2130 596 2199 piens
626 2144 805 2198 panem
853 2128 906 2180 in
936 2134 1148 2179 sanctas
1187 2133 1242 2177 et
1276 2123 1620 2176 intemeratas
1665 2133 1854 2172 manus
1889 2131 2032 2179 suas,

453 2223 643 2293 gratias
670 2237 822 2291 agens
853 2221 1034 2291 fregit,
1067 2219 1290 2285 dixitque
1332 2214 1594 2282 discipulis
1637 2213 1738 2264 suis
1770 2227 1786 2262 :
1816 2210 2038 2278 Accipite

453 2324 499 2366 et
531 2312 828 2365 manducate
857 2326 873 2361 :
900 2310 994 2360 hoc
1023 2318 1092 2360 est
1124 2321 1304 2375 corpus
1334 2320 1496 2356 meum
1537 2300 1758 2371 (Matth.
1783 2299 1874 2353 26.
1904 2298 1973 2352 26
1994 2302 2033 2367 ),

457 2404 598 2473 quod
633 2419 726 2471 pro
768 2402 918 2454 vobis
961 2410 1013 2453 et
1053 2399 1232 2451 multis
1276 2395 1532 2463 frangitur
1573 2394 1626 2446 in
1671 2391 2034 2445 remissionem

453 2505 815 2566 peccatorum.
867 2493 931 2544 Et
973 2493 1179 2544 calicem
1225 2504 1434 2541 rursum
1479 2484 1766 2553 accipiens,
1799 2482 1934 2535 dedit
1968 2482 2037 2535 eis

452 2589 624 2643 dicens
655 2604 672 2641 :
703 2587 800 2640 llic
832 2597 902 2640 est
931 2585 1134 2653 sanguis
1174 2597 1312 2634 meus
1353 2580 1436 2649 qui
1468 2595 1559 2648 pro
1599 2577 1734 2630 vobis
1761 2575 2038 2642 effunditur

451 2683 505 2733 in
527 2679 866 2734 remissionem
894 2687 1212 2747 peccatorum
1236 2671 1394 2744 (Ibid.
1415 2687 1462 2724 υ.
1481 2670 1572 2722 27.
1591 2667 1704 2739 28).
1736 2668 2036 2734 Aderatque

451 2772 652 2840 Judas,
698 2788 817 2825 cum
849 2771 963 2824 haec
1001 2770 1202 2825 diceret
1233 2768 1506 2820 Dominus.
1551 2764 1647 2817 Hic
1689 2772 1768 2816 est
1799 2762 2034 2830 sanguis,

452 2881 488 2920 0
515 2865 650 2921 Juda
673 2907 686 2929 ,
732 2878 888 2933 quem
917 2861 1200 2915 vendidisti
1246 2859 1458 2927 triginta
1499 2856 1763 2924 argenteis
1795 2869 1808 2904 :
1840 2853 1925 2906 hic
1955 2862 2037 2906 est

451 2958 692 3027 sanguis,
724 2971 820 3025 pro
854 2970 959 3023 quo
985 2969 1154 3021 nuper
1179 2951 1514 3021 impudentia
1539 2956 1686 3024 pacta
1715 2954 1885 3007 inibas
1914 2968 2033 3006 cum

453 3047 707 3117 improbis
731 3045 1036 3102 Pharisacis.
1061 3040 1106 3101 Ο
1133 3055 1383 3117 quantam
1403 3045 1596 3098 Christi
1624 3042 2029 3111 benignitatem!

452 3156 486 3194 ο
525 3140 788 3212 ingratum
829 3141 976 3196 Juda:
1018 3139 1290 3192 animum!
1335 3136 1591 3189 Dominus
1635 3133 1933 3198 nutriebat,
1983 3139 2036 3185 et

453 3251 642 3290 servus
671 3234 949 3289 vendebat.
999 3231 1091 3286 Ille
1121 3243 1347 3297 namque
1374 3225 1612 3281 vendidit
1645 3239 1766 3279 eum
1805 3221 2037 3290 acceptis

454 3328 668 3396 triginta
712 3324 1020 3394 argenteis;
1065 3319 1310 3374 Christus
1349 3331 1477 3370 vero
1523 3315 1575 3368 in
1616 3312 2034 3380 redemptionem

454 3429 690 3473 nostram
734 3415 1006 3486 proprium
1056 3411 1364 3481 sanguinem
1413 3405 1634 3470 effudit,
1682 3413 1735 3458 et
1775 3401 2034 3457 venditori

454 3511 702 3578 tradidit,
732 3507 994 3579 siquidem
1027 3505 1298 3560 voluisset.
1333 3502 1530 3556 Aderat
1558 3500 1699 3554 enim
1727 3497 1888 3551 Judas
1911 3507 2035 3548 ante

454 3603 829 3672 proditionem,
854 3608 908 3653 et
929 3613 1093 3653 sacra:
1121 3610 1316 3650 mensa:
1344 3594 1606 3663 particeps
1627 3597 1759 3654 erat,
1788 3587 2034 3658 mystica-

455 3711 560 3764 que
587 3708 737 3748 ccena
769 3690 1064 3745 fruebatur.
1102 3685 1559 3753 Quemadmodum
1587 3682 1728 3736 enim
1755 3679 1918 3749 pedes
1947 3677 2030 3730 di-

455 3785 782 3854 scipulorum
813 3781 939 3834 lavit
971 3779 1247 3844 Dominus,
1277 3777 1354 3830 sic
1380 3784 1432 3828 et
1456 3789 1622 3828 sacra:
1651 3786 1849 3825 mensa:
1874 3769 2034 3839 parti-

455 3892 586 3946 ceps
615 3874 710 3928 fuit
731 3873 927 3936 Judas;
959 3881 1014 3924 ut
1037 3871 1232 3924 nullam
1262 3867 1480 3921 haberet
1503 3864 1917 3927 excusationem,
1941 3861 2033 3916 sed

453 3967 708 4039 judicium
738 3965 1021 4033 acciperet.
1068 3961 1198 4015 Nam
1235 3960 1286 4012 in
1317 3973 1477 4028 prava
1505 3955 1762 4010 sententia
1793 3968 2037 4022 perseve-

455 4063 642 4124 rabat,
684 4069 737 4114 et
786 4070 1070 4127 egressus,
1114 4053 1281 4107 osculi
1327 4052 1444 4105 loco
1489 4047 1842 4118 proditionem
1891 4045 2033 4107 fecit,

458 4154 742 4206 immemor
767 4147 1166 4204 beneﬁciorum.
1190 4149 1266 4198 Ac
1297 4151 1414 4210 post
1443 4140 1792 4209 proditionem
1817 4136 2038 4206 projecit

460 4244 674 4314 triginta
703 4249 983 4311 argenteos
1009 4238 1192 4293 dicens
1227 4260 1239 4288 :
1273 4233 1482 4286 Peccavi
1510 4231 1714 4284 tradens
1743 4228 2036 4297 sanguinem

458 4337 771 4388 innocentem
803 4330 1015 4404 (Matth.
1043 4328 1134 4381 27.
1162 4328 1238 4396 5).
1270 4324 1315 4380 Ο
1342 4324 1632 4378 cazcitalem
1657 4321 1670 4374 l
1715 4334 1882 4374 omna:
1911 4333 2035 4386 par-

459 4424 628 4494 ticeps
672 4421 850 4487 fuisti,
891 4428 946 4474 et
987 4417 1282 4472 beneﬁcum
1331 4409 1654 4483 prodidisti?
1693 4409 1760 4464 Et
1784 4407 2038 4463 Dominus

461 4516 678 4584 quidem
725 4512 866 4583 quod
920 4511 1177 4580 scriptum
1219 4517 1334 4561 erat
1381 4505 1552 4559 libens
1601 4501 1851 4571 implebat
1889 4518 1923 4548 ο.
1952 4500 2039 4553 Va:

461 4619 630 4660 autem
656 4607 733 4658 illi
758 4622 845 4674 per
870 4619 1016 4674 quem
1043 4599 1338 4654 scandalum
1368 4596 1498 4650 venit
1522 4593 1736 4668 (Matth.
1762 4600 1850 4658 18.
1877 4598 1930 4660 7)
1952 4603 1964 4654 ε

534 4700 586 4754 6.
615 4697 739 4751 Iliec
765 4697 932 4760 verba,
952 4694 1059 4747 Hoc
1080 4703 1158 4747 est
1180 4703 1372 4760 corpus
1394 4703 1567 4742 meum
1597 4683 1853 4754 proposita
1876 4693 2040 4734 trans-

464 4796 706 4864 formata.
753 4787 908 4843 Pacis
956 4785 1178 4839 studium
1211 4780 1545 4836 necessarium
1574 4779 1643 4829 ad
1681 4776 1776 4828 rite
1815 4791 2038 4827 commu-

464 4880 755 4935 nicandum.
783 4908 851 4917 —
887 4877 988 4930 Sed
1022 4886 1228 4942 tempus
1263 4872 1476 4925 demum
1515 4877 1596 4920 est
1625 4864 1689 4918 ad
1722 4863 2038 4918 horrendam

467 4976 604 5030 hanc
635 4970 1071 5037 tremendamque
1109 4979 1346 5020 mensam
1377 4959 1685 5016 accedendi.
1714 4957 1910 5011 Omnes
1945 4956 2040 5024 igi-

468 5079 552 5122 tur
583 5081 704 5120 cum
739 5079 865 5132 pura
897 5059 1220 5114 conscientia
1249 5054 1582 5109 accedamus.
1629 5049 1812 5104 Nullus
1842 5047 1927 5101 hic
1951 5046 2043 5100 Ju-

467 5162 564 5214 das
592 5167 708 5212 esto
727 5155 912 5210 dolose
934 5165 1097 5221 agens
1123 5149 1176 5203 in
1202 5147 1499 5217 proximum
1528 5156 1705 5203 suum,
1733 5152 1888 5192 nemo
1907 5136 2044 5189 adsit

469 5251 782 5324 improbus,
835 5260 993 5300 nemo
1037 5256 1301 5297 venenum
1346 5237 1573 5292 occultet
1620 5234 1672 5287 in
1717 5231 1879 5285 corde
1923 5243 2038 5282 suo.

469 5346 634 5400 Adest
675 5351 730 5396 et
773 5353 913 5393 nunc
953 5335 1196 5391 Christus
1243 5344 1476 5384 mensam
1521 5340 1790 5381 exornans
1825 5341 1839 5375 :
1871 5336 2043 5389 neque

468 5438 609 5491 enim
654 5434 814 5488 homo
843 5440 924 5485 est
951 5432 1034 5490 is,
1079 5427 1166 5495 qui
1199 5424 1320 5478 facit
1358 5429 1417 5475 ut
1461 5417 1726 5487 proposita
1769 5429 1962 5482 corpus
1992 5422 2045 5465 et

469 5529 684 5600 sanguis
709 5524 902 5580 Christi
941 5521 1254 5575 efﬁciantur.
1293 5514 1541 5583 Figuram
1587 5519 1788 5562 tantum
1820 5505 2045 5574 impleas

471 5619 872 5682 statsacerdos,
901 5624 954 5670 et
976 5610 1414 5682 supplicationem
1446 5604 1599 5658 olTert
1629 5619 1640 5653 :
1672 5600 1839 5670 gratia
1871 5607 2045 5652 autem

474 5728 528 5770 et
556 5716 717 5768 virtus
747 5711 835 5764 Dei
863 5719 943 5762 est.
967 5749 981 5774 ,
1025 5721 1144 5775 qua!
1173 5703 1348 5757 omnia
1378 5698 1559 5752 efﬁcit.
1613 5694 1723 5748 Hoc
1758 5702 1826 5745 est
1866 5707 2046 5759 corpus

478 5823 640 5862 meum
669 5793 1322 5871 (Matth.26.26),inquit.
1347 5793 1457 5851 Hoc
1498 5790 1715 5845 verbum
1774 5787 2040 5857 proposita

1172 347 1226 404 S.
1267 345 1544 403 JOANNIS
1572 339 2044 401 CHRYSOSTOMI
2084 342 2398 398 ARCHIEP.
2440 341 2970 398 CONSTANTINOP.

3605 355 3709 410 590

2145 460 2505 516 transformat.
2539 463 2604 517 Et
2630 463 3074 531 quemadmodum
3104 481 3202 519 vox
3233 467 3348 528 illa,
3379 468 3623 532 Crescite,
3663 483 3713 527 et

2143 554 2552 623 multiplicamini
2579 565 2624 608 et
2653 557 2835 625 replete
2861 567 3044 610 terram
3075 557 3222 630 (Gen.
3259 561 3305 612 l.
3329 559 3432 629 28)
3453 603 3466 625 ,
3495 565 3712 617 verbum

2143 653 2257 697 erat
2277 686 2290 707 ,
2320 652 2374 697 et
2416 646 2606 700 factum
2636 657 2718 699 est
2761 661 2894 716 opus
2913 689 2928 711 ,
2958 649 3095 717 quod
3143 650 3386 705 humana:
3416 663 3616 707 naturae
3646 657 3710 708 ad

2144 733 2432 788 liberorum
2456 739 2876 804 procreationem
2900 738 3000 790 vim
3026 738 3231 793 inderct
3255 757 3266 792 :
3295 741 3373 797 sic
3396 751 3448 795 et
3473 742 3586 797 lure
3611 759 3714 800 vox

2144 827 2344 894 prolata
2391 844 2602 897 semper
2632 830 2798 896 gratia
2840 840 2994 898 auget
3022 845 3114 884 eos
3137 872 3152 896 ,
3199 832 3286 900 qui
3317 833 3474 902 digno
3503 838 3705 903 partici-

2144 925 2287 982 pant.
2338 918 2526 972 Nullus
2557 920 2731 986 itaque
2773 921 3048 973 simulatus
3075 922 3180 985 sit,
3215 922 3389 976 nullus
3419 924 3710 992 improbus,

2143 1007 2318 1061 nullus
2349 1024 2508 1076 rapax
2535 1051 2550 1074 ,
2585 1011 2757 1064 nullus
2793 1011 3204 1065 contumeliosus
3229 1053 3242 1076 ,
3288 1014 3462 1067 nullus
3493 1017 3713 1068 fratrum

2142 1114 2286 1162 osor,
2318 1098 2493 1152 nullus
2519 1115 2733 1164 avarus,
2766 1101 2940 1155 nullus
2969 1101 3229 1164 ebriosus,
3263 1103 3436 1157 nullus
3462 1105 3712 1158 ambitio-

2141 1206 2230 1242 sus
2252 1231 2264 1254 ,
2297 1193 2472 1246 nullus
2501 1194 2853 1246 masculorum
2890 1194 3218 1258 concubitor,
3265 1195 3438 1249 nullus
3480 1197 3709 1259 invidus,

2143 1281 2320 1334 nullus
2348 1280 2678 1335 fornicationi
2707 1282 2936 1345 deditus,
2966 1283 3137 1336 nullus
3163 1283 3266 1349 fur,
3298 1287 3469 1340 nullus
3495 1287 3711 1340 insidio-

2140 1387 2231 1424 sus
2251 1414 2264 1435 ,
2299 1371 2634 1441 nejudicium
2665 1375 2761 1428 sibi
2793 1385 2983 1427 sumat.
3015 1375 3219 1429 Etenim
3253 1385 3375 1432 tunc
3401 1378 3561 1434 Judas
3589 1395 3709 1450 my-

2141 1464 2327 1516 sticam
2358 1479 2563 1518 cmnani
2598 1465 2808 1534 indigne
2840 1467 3168 1534 participavit
3189 1509 3204 1533 ,
3236 1479 3290 1522 et
3315 1485 3562 1539 egressus
3604 1473 3710 1525 Do-

2142 1555 2341 1606 minum
2369 1555 2602 1623 prodidit
2627 1573 2638 1606 :
2670 1565 2729 1608 ut
2745 1556 2919 1610 discas
2942 1558 2994 1610 in
3018 1573 3110 1611 eos
3133 1560 3367 1615 maxime
3391 1571 3445 1615 et
3465 1562 3712 1632 frequen-

2144 1647 2247 1699 tius
2276 1645 2539 1700 diabolum
2586 1647 2820 1712 insilire,
2850 1649 2938 1717 qui
2966 1651 3215 1720 mysteria
3257 1652 3466 1722 indigne
3493 1657 3708 1722 partici-

2143 1752 2289 1808 pant,
2317 1756 2516 1808 eosque
2546 1741 2687 1810 ipsos
2714 1741 2765 1795 iu
2793 1744 2964 1810 majus
2989 1760 3046 1798 se
3074 1745 3384 1814 supplicium
3424 1748 3708 1817 conjicere.

2143 1831 2265 1885 Haec
2293 1832 2411 1886 dico
2441 1847 2544 1885 non
2576 1843 2632 1885 ut
2674 1843 2922 1898 terream,
2965 1835 3058 1887 sed
3101 1844 3157 1889 ut
3179 1838 3442 1891 cautiores
3468 1839 3708 1894 reddam.

2141 1924 2597 1989 Quemadmodum
2627 1927 2766 1979 enim
2809 1941 3098 1995 corporeus
3123 1927 3306 1993 cibus,
3339 1944 3457 1982 cum
3498 1930 3549 1983 in
3575 1946 3710 1985 ven-

2142 2025 2274 2070 trem
2322 2017 2496 2084 pravis
2539 2015 2845 2070 humoribus
2888 2017 3095 2085 plenum
3141 2018 3418 2083 inciderit,
3465 2020 3706 2075 morbum

2141 2119 2297 2178 auget
2331 2129 2341 2161 :
2377 2111 2453 2163 sic
2481 2119 2534 2164 et
2561 2109 2848 2178 spiritualis
2871 2109 3024 2163 cibus
3046 2124 3164 2163 cum
3193 2110 3404 2179 indigne
3431 2112 3709 2180 participa-

2141 2211 2254 2264 tur,
2303 2203 2597 2272 graviorem
2629 2203 3019 2256 damnationem
3050 2205 3282 2257 attrahit.
3327 2204 3492 2259 Nemo
3527 2206 3706 2274 igitur,

2139 2292 2360 2345 obsecro
2385 2335 2399 2356 ,
2434 2309 2620 2360 pravas
2649 2295 2788 2346 intus
2829 2294 3170 2362 cogitationes
3215 2294 3401 2348 habeat
3424 2337 3440 2360 ,
3486 2295 3579 2349 scd
3613 2311 3710 2350 cor

2140 2393 2377 2436 nostrum
2414 2399 2766 2453 expurgemus
2797 2402 2808 2436 :
2839 2386 3034 2438 etenim
3064 2387 3254 2453 templa
3284 2387 3371 2440 Dei
3411 2401 3594 2440 sumus
3615 2428 3630 2451 ,
3661 2390 3707 2440 si

2142 2488 2268 2540 pure
2290 2489 2522 2544 agamus.
2572 2473 2782 2528 Castam
2829 2476 3110 2530 reddamus
3153 2478 3380 2530 animam
3427 2488 3705 2532 nostram:

2140 2578 2260 2614 nam
2292 2563 2370 2616 vel
2418 2580 2523 2617 uno
2567 2564 2653 2617 die
2699 2565 2747 2617 id
2792 2563 2904 2618 ﬁeri
2953 2576 3145 2634 potest.
3191 2567 3466 2633 Quomodo
3507 2577 3561 2622 et
3602 2584 3708 2637 qua

2141 2653 2386 2707 ratione?
2412 2653 2465 2707 Si
2489 2655 2753 2723 quidpiam
2781 2655 3027 2710 habueris
3054 2667 3236 2710 contra
3266 2658 3553 2723 inimicum,
3577 2659 3710 2714 tolle

2140 2745 2306 2808 iram,
2354 2747 2498 2798 solve
2543 2746 2868 2799 inimicitiam
2889 2787 2905 2811 ,
2951 2756 3004 2800 ut
3031 2748 3291 2801 medelam
3321 2749 3648 2803 remissionis
3675 2765 3706 2802 a

2140 2853 2319 2892 mensa
2351 2840 2594 2913 recipias.
2623 2839 2703 2899 Ad
2730 2841 3044 2900 sacriﬁcium
3081 2842 3292 2901 accedis
3313 2842 3630 2902 horrendum
3655 2858 3715 2904 et

2145 2945 2384 2987 sanctum
2418 2950 2435 2986 :
2469 2937 2768 2988 immolatus
2805 2938 2947 3005 jacet
2993 2936 3251 2992 Christus.
3298 2937 3489 2992 Verum
3537 2940 3710 3008 cogita

2139 3040 2241 3092 qua
2268 3026 2334 3078 de
2363 3041 2519 3079 causa
2546 3027 2754 3080 occisus
2778 3037 2865 3080 snt.
2894 3029 2937 3080 Ο
2969 3029 3211 3097 qualibus
3243 3031 3507 3100 mysteriis
3538 3033 3713 3099 priva~

2139 3124 2224 3169 tus
2248 3131 2306 3170 es
2328 3159 2341 3180 ,
2373 3116 2554 3171 .luda?
2591 3117 2834 3174 Christus
2875 3119 3100 3174 libenter
3148 3137 3354 3188 passus,
3401 3131 3457 3175 ut
3491 3123 3712 3175 medium

2139 3207 2376 3275 parietem
2398 3209 2630 3263 maceriis
2655 3209 2671 3279 (
2688 3208 2878 3278 Ephes.
2901 3210 2954 3262 ‘2.
2980 3209 3080 3282 Η)
3112 3213 3358 3274 solveret,
3389 3221 3444 3267 et
3465 3213 3712 3283 jungeret

2139 3296 2343 3352 inferna
2373 3299 2617 3366 supernis
2638 3341 2652 3364 ,
2687 3310 2743 3354 ut
2766 3309 2818 3354 te
2848 3301 3114 3354 inimicum
3145 3311 3198 3354 et
3225 3302 3426 3356 hostem
3446 3345 3460 3367 ,
3491 3303 3710 3372 angelo—

2139 3404 2258 3443 rum
2287 3399 2592 3444 consortem
2622 3391 2837 3444 faceret.
2881 3391 2949 3443 Et
2972 3391 3214 3445 Christus
3238 3391 3449 3461 quidem
3478 3393 3709 3446 animam

2137 3496 2289 3536 suam
2340 3481 2555 3536 tradidit
2603 3498 2696 3550 pro
2742 3490 2840 3546 te;
2887 3491 2942 3536 tu
2984 3498 3113 3536 vero
3162 3483 3483 3536 inimicitiam
3529 3498 3711 3538 servas

2137 3574 2394 3628 adversus
2413 3574 2769 3628 conservum?
2797 3573 2960 3642 Ecqui
2982 3573 3179 3641 poteris
3199 3574 3450 3627 accedere
3474 3573 3539 3628 ad
3562 3589 3714 3628 men-

2137 3679 2251 3719 Sam
2282 3665 2468 3734 pacis?
2510 3665 2765 3719 Dominus
2795 3674 2914 3718 tuus
2944 3680 3048 3718 non
3091 3665 3353 3719 recusavit
3379 3665 3557 3718 omnia
3603 3665 3714 3734 pati

2139 3765 2355 3825 propter
2394 3764 2476 3820 te,
2517 3765 2570 3808 tu
2599 3771 2723 3810 vero
2762 3771 2828 3810 ne
2872 3756 3005 3809 iram
3049 3756 3261 3824 quidem
3294 3757 3567 3810 remittere
3590 3756 3712 3810 vis?

2136 3849 2243 3903 Cor
2271 3863 2450 3918 quaeso
2471 3850 2494 3900 ?
2518 3848 2726 3902 Caritas
2751 3858 2832 3901 est
2859 3847 3030 3914 radix,
3061 3848 3176 3901 fons
3203 3856 3256 3901 et
3283 3857 3449 3902 mater
3475 3849 3709 3901 omnium

2139 3941 2422 3995 bonorum.
2455 3939 2738 4004 Maximas,
2769 3938 2975 4008 inquies
2999 3980 3012 4002 ,
3047 3937 3175 3990 mihi
3219 3938 3486 3992 molestias
3514 3938 3708 4002 intulit,

2139 4033 2412 4086 innumera
2458 4032 2687 4096 damna,
2739 4031 2790 4083 in
2835 4031 2956 4083 vitae
3001 4028 3282 4084 discrimen
3331 4044 3417 4083 me
3459 4029 3707 4098 coniecit.

2141 4123 2338 4193 Ecquid
2365 4123 2464 4177 hoc
2491 4123 2611 4176 est?
2638 4121 2870 4176 nondum
2897 4132 2949 4176 te
2971 4121 3111 4175 cruci
3136 4119 3321 4185 afﬁxit,
3351 4129 3407 4174 ut
3426 4120 3710 4174 Dominum

2137 4217 2324 4272 Judaei.
2357 4216 2411 4270 Si
2441 4231 2545 4269 non
2584 4214 2852 4269 remiseris
2892 4213 3132 4282 proximo
3175 4222 3262 4266 tuo
3303 4211 3570 4281 iniuriam,
3615 4226 3714 4266 nec

2140 4311 2296 4364 Pater
2336 4321 2454 4363 tuus
2480 4308 2723 4384 (caelestis
2768 4309 3004 4360 remittet
3046 4306 3137 4360 tibi
3184 4314 3396 4373 peccata
3439 4313 3546 4358 tua.
3597 4303 3715 4372 Qua

2140 4401 2462 4454 conscientia
2491 4399 2655 4461 dices,
2685 4396 2839 4450 Pater
2866 4406 3054 4461 noster,
3079 4395 3164 4464 qui
3191 4411 3241 4447 es
3265 4396 3316 4446 in
3342 4394 3496 4459 caelis,
3528 4395 3718 4446 sancti-

2141 4493 2317 4560 ﬁcetur
2360 4506 2538 4542 nomen
2565 4499 2724 4551 tuum,
2769 4496 2818 4540 et
2847 4487 3081 4539 cetera?
3119 4484 3368 4539 Similiter
3395 4483 3638 4536 Christus
3664 4492 3718 4535 et

2141 4587 2488 4655 sanguinem,
2517 4599 2675 4654 quem
2719 4584 2790 4636 illi
2820 4581 3118 4636 etiuderunt
3143 4620 3156 4642 ,
3187 4579 3237 4630 in
3270 4578 3492 4632 salutem
3537 4575 3714 4629 ell'un-

2141 4680 2376 4734 dentium
2401 4677 2566 4731 dedit.
2607 4674 2741 4743 Quid
2781 4674 2904 4727 huic
2932 4673 3005 4725 rei
3041 4686 3135 4740 par
3160 4668 3371 4723 eflicere
3397 4667 3614 4737 potest?
3657 4667 3715 4720 Si

2143 4786 2248 4824 non
2271 4769 2535 4824 dimiseris
2557 4768 2791 4832 inimico,
2817 4781 2922 4819 non
2945 4764 3090 4817 illum
3113 4761 3315 4825 lcesisti,
3339 4759 3432 4814 sed
3457 4760 3716 4826 teipsum:

2143 4861 2290 4914 illum
2319 4860 2531 4928 quidem
2559 4873 2700 4927 smpe
2725 4857 2776 4910 in
2808 4854 3055 4924 praesenti
3087 4853 3189 4906 vita
3218 4851 3397 4905 laesisti
3422 4891 3438 4916 ,
3466 4851 3562 4903 tibi
3591 4865 3721 4903 vero

2144 4951 2485 5020 supplicium,
2531 4947 2671 5019 quod
2710 4960 3003 5014 numquam
3051 4943 3384 5005 remittetur,
3428 4941 3624 5008 paraSti
3668 4943 3720 4992 in

2147 5046 2382 5101 futurum
2422 5044 2567 5097 illum
2608 5041 2769 5095 diem.
2812 5038 3088 5093 Neminem
3117 5036 3256 5090 enim
3297 5034 3368 5088 ita
3398 5033 3538 5087 Deus
3567 5047 3724 5084 aver-

2146 5150 2312 5202 satur,
2341 5146 2396 5190 ut
2426 5135 2734 5204 injuriarum
2767 5145 3058 5186 memorem
3087 5128 3354 5182 hominem
3376 5167 3390 5190 ,
3422 5134 3478 5178 ut
3508 5138 3602 5178 eor
3635 5133 3725 5176 tu-

2148 5246 2318 5291 mens,
2343 5238 2395 5282 et
2422 5227 2498 5280 ira
2527 5228 2792 5279 incensam
2818 5222 3070 5274 animam.
3103 5216 3239 5272 Audi
3263 5215 3404 5270 enim
3431 5213 3557 5282 quid
3583 5213 3728 5266 dicat

2151 5321 2402 5376 Dominus
2430 5337 2442 5370 :
2467 5318 2524 5371 Si
2547 5315 2697 5382 offers
2723 5329 2902 5366 munus
2930 5324 3070 5363 tuum
3095 5309 3162 5360 ad
3185 5307 3364 5366 altare,
3393 5315 3439 5358 et
3463 5303 3530 5356 ibi
3556 5319 3724 5355 recoro

2150 5415 2298 5465 datus
2328 5410 2481 5478 [ueris
2511 5409 2628 5476 quia
2657 5411 2812 5474 frater
2841 5413 2954 5456 tuus
2983 5401 3124 5453 habet
3151 5397 3340 5466 aliquid
3365 5397 3630 5448 adversum
3658 5405 3726 5457 te,

2148 5506 2370 5572 relinque
2415 5499 2482 5552 ibi
2528 5512 2709 5550 munus
2753 5504 2893 5548 tuum
2933 5502 3050 5545 ante
3092 5490 3286 5552 altare,
3336 5497 3380 5540 et
3422 5486 3550 5539 uade
3588 5487 3738 5552 prius

2150 5594 2471 5650 reconciliare
2520 5589 2668 5660 fratri
2717 5596 2837 5649 tuo;
2881 5593 2928 5638 et
2972 5594 3088 5636 tunc
3129 5581 3328 5635 veniens
3376 5575 3503 5643 oﬂ'er
3548 5591 3737 5627 nmnus

2156 5701 2292 5742 tuum
2326 5683 2535 5755 (Matth.
2560 5681 2612 5736 5.
2639 5679 2732 5734 25.
2753 5678 2869 5745 2i).
2899 5674 3034 5741 Quid
3062 5672 3236 5727 dicis?
3266 5672 3406 5724 ibine
3434 5669 3734 5735 relinquam

2154 5798 2363 5845 munus,
2394 5795 2485 5834 seu
2513 5770 2870 5832 sacriﬁcium?
2914 5767 3102 5834 Etiam,
3133 5766 3300 5834 inquit
3326 5782 3337 5815 :
3365 5777 3484 5816 nam
3513 5769 3734 5834 propter
