4066 6392
302 492 474 562 δηλῶν
499 496 529 547 6
555 492 823 563 μακάριος
858 491 1019 545 Δαυῒδ
1048 492 1230 560 ἔλεγεν
1251 509 1264 520 ·
1311 493 1433 546 Ἐπὶ
1466 493 1572 547 τὸν
1607 492 1876 562 ποταμὸν

303 573 677 642 Βαϐυλῶνος,
691 575 818 628 ἐκεῖ
832 576 1194 644 ἑκαθίσαμεν
1215 575 1312 628 καὶ
1334 577 1719 646 ἐκλαύσαμεν
1739 594 1750 606 ·
1775 575 1875 628 ἐπὶ

304 658 432 723 ταῖς
459 657 636 723 ὶτέαις
654 659 724 711 ἐν
741 659 908 727 μέσῳ
927 659 1114 727 αὐτῆς
1135 658 1547 728 ἑκρεμάσαμεν
1562 661 1633 713 τὰ
1655 659 1876 729 ὄργανα

303 739 490 808 ἡμῶν,
526 741 869 804 τουτέστι,τὸ
900 741 1219 812 ψαλτήριον,
1248 743 1346 812 τὴν
1377 743 1626 813 κιθάραν,
1655 744 1755 814 τὴν
1783 741 1875 794 λύ-

305 841 404 893 ραν
421 840 434 853 ·
467 822 674 886 τούτοις
703 824 810 895 γάρ
837 825 898 877 τὸ
923 824 1149 877 παλαιὸν
1172 825 1485 895 ἐκέχρηντο,
1522 826 1616 878 καὶ
1643 825 1730 878 διά
1751 823 1876 877 τού-

301 923 409 958 των
438 906 563 968 τοὺς
599 905 845 976 ψαλμοὺς
883 903 1029 981 ᾖδον.
1061 907 1218 961 Ἐκεῖ
1262 908 1391 975 γὰρ,
1435 909 1618 977 φησὶν,
1651 905 1875 973 ἐπηρώ-

301 1005 496 1055 τησαν
539 987 695 1056 ἡμᾶς
732 991 785 1040 οἱ
825 991 1422 1056 αἱχμαλωτεύσαντες
1463 990 1620 1058 ἡμᾶς
1653 991 1875 1057 λόγους

302 1070 503 1137 ᾠδῶν·
560 1072 653 1124 καὶ
689 1071 940 1140 εἴπαμεν·
978 1072 1108 1137 Πῶς
1141 1071 1380 1141 ζίσωμεν
1423 1072 1536 1138 τὴν
1568 1071 1732 1139 ᾠδὴν
1757 1075 1876 1124 Κυ-

296 1156 434 1221 ρίου
471 1153 566 1206 ἑπὶ
596 1153 708 1222 γῆς
733 1156 1096 1222 ἁλλοτρίας;
1136 1159 1198 1209 Τί
1221 1159 1426 1225 λέγεις,
1464 1157 1584 1210 εἰπέ
1618 1173 1738 1226 μοι;
1776 1154 1874 1225 τήν

300 1233 446 1306 ᾠδὴν
494 1237 699 1306 Κυρίου
742 1238 841 1291 οὐκ
890 1239 1033 1309 ᾄδεις
1073 1241 1164 1292 ἐπὶ
1194 1241 1295 1311 γῆς
1327 1241 1646 1311 ἀλλοτρίας,
1693 1240 1786 1292 καὶ
1815 1239 1875 1290 τὸ

304 1320 496 1388 Πάσχα
522 1319 790 1382 ἐπιτελεῖς
817 1324 908 1373 ἐπὶ
937 1324 1036 1393 γῆς
1075 1322 1396 1394 ἀλλοτρίας;
1434 1319 1587 1387 Εἶδες
1616 1321 1876 1393 ἀναισθη-

305 1405 424 1456 σίαν
467 1405 770 1470 Ἰουδαίωνς
809 1407 936 1459 Ὅτε
971 1407 1221 1477 πολέμιοι
1279 1405 1420 1478 ἦσαν
1451 1412 1498 1462 οί
1536 1409 1878 1476 καταναγκά-

305 1489 508 1550 ζοντες,
538 1486 661 1540 οὐτε
691 1489 904 1558 ψαλμὸν
927 1491 1130 1543 εἴλοντο
1150 1494 1324 1544 εἰπεῖν
1346 1493 1436 1544 ἐπὶ
1455 1493 1556 1563 γῆς
1571 1491 1873 1560 ἀλλοτρίας·

308 1571 399 1624 καὶ
433 1569 528 1622 νῦν
554 1571 648 1639 ἀφ’
677 1573 905 1638 ἑαυτῶν,
940 1573 1151 1638 οὐδενὸς
1185 1575 1604 1642 ἀναγκάζοντος,
1645 1575 1876 1637 πόλεμον

305 1656 584 1723 εἰσάγουσι
628 1657 767 1727 πρὸς
803 1659 894 1710 τὸν
925 1659 1076 1712 Θεόν.
1120 1660 1211 1711 Διὸ
1251 1661 1344 1712 καὶ
1387 1663 1414 1712 6
1452 1660 1718 1731 μακάριος
1751 1659 1876 1710 Στέ-

307 1756 474 1806 φανος
503 1740 655 1809 ἔλεγε
693 1741 828 1813 πρὸς
857 1743 1054 1806 αὐτούς
1074 1762 1086 1774 ·
1117 1745 1314 1814 ’Υμεῐς
1347 1745 1438 1798 ἀεὶ
1469 1745 1548 1810 τῷ
1582 1745 1876 1812 Πνεύματι

302 1821 383 1886 τῷ
399 1823 544 1890 άγπίῳ
561 1825 959 1880 ἀντιπίπτετε.
990 1827 1150 1898 Ὁρᾷς
1167 1829 1242 1890 ὡς
1269 1828 1553 1896 ἀκάθαρτα
1571 1827 1635 1879 τά
1660 1826 1842 1895 ἄζυμα
1859 1844 1874 1891 ;

306 1905 422 1968 πιῖις
476 1906 790 1977 παράνομος
840 1910 873 1978 ἡ
927 1911 1090 1978 ἑορτὴ
1139 1911 1170 1980 ή
1219 1906 1652 1981 Ἰουδαῖκή;⁷Ην
1689 1911 1877 1979 Πάσχα

319 1987 604 2043 Ἰουδαϊκόν
631 2009 779 2052 ποτε,
799 1992 912 2044 ἀλλ’
935 1993 1119 2063 ἐλύθη.
1136 1994 1289 2058 Τότε,
1318 1994 1502 2063 φησὶν,
1532 1993 1593 2045 '0
1619 1992 1876 2058 Ἰησοῦς,

303 2072 632 2125 ἐσθιόντων
657 2073 854 2127 αὐτῶν
878 2075 976 2127 καὶ
1007 2076 1326 2137 πινόντων,
1348 2076 1550 2129 ,λαϐὼν
1580 2075 1760 2144 ἄρτον
1779 2074 1877 2128 ἐπὶ

306 2151 424 2208 τῶν
453 2156 647 2224 ἁγίων.
661 2156 759 2209 καὶ
811 2157 1126 2225 ἀχράντων
1155 2159 1340 2212 αὑτοῦ
1369 2157 1600 2226 χειρῶν,
1642 2161 1878 2227 εὐχαρι-

303 2236 541 2303 στήσας
585 2238 684 2291 καὶ
728 2240 958 2306 κλάσας
995 2238 1125 2294 εἶπε
1156 2243 1278 2307 τοῖς
1307 2243 1523 2296 ἑαυτοῦ
1554 2244 1874 2311 μαθηταῖς·

302 2321 546 2385 Λάϐετε,
580 2323 796 2393 φάγετε
814 2341 827 2354 ·
863 2324 1039 2378 τοῦτό
1065 2343 1184 2394 μου
1208 2325 1338 2378 ἐστὶ
1365 2327 1430 2380 τὸ
1451 2325 1621 2396 σῶμα
1650 2327 1710 2380 τὸ
1741 2327 1880 2397 ὑπὲρ

299 2407 460 2474 ,ὑμῶν
507 2408 602 2459 καὶ
655 2407 868 2460 πολλῶν
897 2407 1177 2478 κλώμενον
1226 2413 1305 2474 εἰς
1344 2411 1540 2477 ἄφεσιν
1570 2411 1874 2481 ἁμαρτιῶν.

303 2491 413 2543 Καὶ
465 2491 530 2544 τὸ
570 2489 858 2558 ποτήριον
907 2493 1068 2545 πάλιν
1128 2494 1368 2559 λαϐὼν,
1424 2495 1626 2548 ἐδίδου
1677 2494 1881 2560 αὐτοῖς

303 2572 530 2641 λέγων·
572 2573 752 2627 Τοῦτό
794 2575 925 2627 ἐστι
966 2576 1033 2628 τὸ
1083 2572 1225 2644 αἷμά
1262 2595 1380 2646 μου
1412 2577 1478 2630 τὸ
1522 2577 1674 2643 ὑπὲρ
1716 2576 1880 2646 ὑμῶν

303 2654 663 2723 ἐκχεόμενον
693 2660 780 2723 είς
805 2657 1026 2726 ἄφεσιν
1059 2659 1374 2728 ἁμαρτιῶν.
1427 2663 1537 2714 Καὶ
1575 2661 1756 2732 παρῆν
1786 2663 1880 2714 καὶ

317 2736 518 2800 Ἰούδας
565 2739 724 2791 τοῦτο
771 2739 1019 2808 λέγοντος
1074 2742 1166 2795 τοῦ
1209 2744 1435 2813 Κυρίου.
1469 2742 1638 2796 Τοῦτό
1665 2745 1782 2796 ἐστι
1821 2745 1880 2796 τὸ

304 2816 463 2889 αἷμα,
484 2816 528 2872 ὦ
557 2822 743 2884 Ἰούδα,
771 2824 904 2894 ὅπερ
936 2824 1223 2895 ἐπώλησας
1251 2826 1542 2895 τριάκοντα
1575 2825 1875 2896 ἀργυρίων·

302 2903 463 2956 τοῦτό
492 2906 607 2958 ἐστι
647 2906 706 2958 τὸ
735 2901 896 2976 αἷμα,
930 2909 1069 2977 ὑπὲρ
1112 2905 1170 2962 06
1199 2911 1305 2981 πρὸ
1347 2908 1543 2980 μικροῦ
1578 2909 1646 2962 τὰ
1689 2910 1878 2980 ἀναιδῆ

308 2988 573 3057 σύμφωνα
598 2989 784 3041 ἐποίου
815 2990 950 3060 πρὸς
985 2992 1109 3054 τοὺς
1157 2991 1479 3062 ἀγνώμονας
1529 2994 1877 3064 Φαρισαίους.

311 3072 376 3123 Ὢ
427 3072 568 3141 πόση
607 3075 640 3142 ἡ
678 3073 772 3125 τοῦ
818 3074 1054 3145 Χριστοῦ
1091 3075 1502 3145 φιλανθρωπίαι
1555 3075 1599 3129 ὣ
1640 3077 1737 3147 τῆς
1785 3077 1879 3129 τοῦ

321 3153 489 3207 Ἰούδα
544 3156 966 3226 ἀγνωμοσύνηςῑ
1019 3160 1046 3210 6
1093 3159 1372 3227 Δεσπότης
1427 3159 1655 3229 ἔτρεφε,
1712 3161 1807 3212 καὶ
1851 3162 1880 3212 6

305 3241 490 3304 δοῦλος
518 3243 859 3313 ἐπίπρασκεν
878 3262 890 3274 ·
910 3247 937 3297 6
968 3245 1066 3314 μὲν
1086 3245 1192 3315 γάρ
1216 3244 1495 3316 ἐπώλησεν
1516 3247 1676 3298 αὐτὸν
1702 3246 1880 3300 λαϐὼν

306 3327 599 3397 τριάκοντα
627 3327 883 3398 ἀργύρια,
915 3332 942 3382 6
970 3329 1026 3382 δὲ
1059 3329 1293 3398 Χριστὸς
1331 3329 1525 3400 λυτρδν
1557 3330 1696 3400 ὑπὲρ
1725 3333 1879 3402 ἡμῶν

307 3413 369 3466 τὸ
422 3414 551 3466 ἴδιον
585 3409 724 3484 αἷμα
757 3417 962 3485 ἐξέχεε,
996 3416 1089 3468 καί
1139 3416 1216 3486 τῷ
1265 3418 1570 3485 πεπρακότι
1624 3418 1876 3484 δέδωκεν,

307 3497 465 3567 είπερ
484 3496 736 3567 ἠθέλησε.
777 3500 886 3550 Καὶ
926 3499 1034 3567 γὰρ
1067 3500 1249 3568 παρῆν
1285 3500 1377 3551 καὶ
1419 3501 1620 3563 Ἰούδας
1650 3501 1755 3571 πρὸ
1781 3502 1880 3570 τῆς

307 3581 616 3647 προδοσίας,
645 3581 740 3633 καὶ⁵
766 3581 868 3650 τῆς
902 3583 1052 3651 ίερᾶς
1077 3581 1357 3651 τραπέζης
1394 3583 1643 3653 μετέσχε,
1672 3584 1764 3636 καὶ
1786 3584 1878 3637 τοῦ

309 3664 576 3734 μυστικοῦ
605 3664 819 3716 δείπνου
850 3665 1181 3734 ἀπήλαυσεν.
1207 3666 1418 3737 Ὥσπερ
1439 3667 1545 3737 γάρ
1572 3668 1696 3730 τοὺς
1718 3667 1880 3729 πόδας

305 3748 415 3801 τῶν
452 3748 709 3818 μαθητῶν
738 3747 936 3817 ἔνιψεν,
972 3749 1113 3801 οὕτω
1158 3750 1251 3802 καὶ
1289 3751 1387 3820 τῆς
1429 3753 1578 3821 ἱεράς
1606 3750 1880 3823 τραπέζης

311 3832 574 3903 μετέσχεν
609 3832 827 3896 Ἰούδας,
858 3833 943 3885 ἵνα
973 3833 1240 3903 μηδεμίαν
1276 3833 1376 3905 ἔχῃ
1404 3834 1718 3903 ἀπολογίαν,
1745 3835 1881 3887 ἀλλά

310 3920 482 3986 κρῖμα
515 3916 768 3987 λήψηται.
815 3917 1075 3985 Ἐπέμενε
1104 3915 1210 3987 γὰρ
1235 3920 1302 3988 τῇ
1327 3919 1537 3988 πονηρᾷ
1560 3917 1770 3989 γνώμῃ,
1787 3917 1880 3970 καὶ

307 3999 538 4065 ἐξελθὼν
593 4002 712 4052 ἀντὶ
769 3999 1091 4068 φιλήματος¹
1124 3999 1412 4069 προδοσίαν
1454 4001 1769 4070 εἰργάσατο,
1804 4000 1877 4070 μὴ

312 4083 570 4153 μνησθεὶς
605 4083 712 4137 τῶν
741 4084 1071 4152 εὐεργεσιῶν
1105 4083 1291 4146 αὐτοῦ,
1327 4086 1419 4136 καὶ
1455 4083 1592 4153 μετά
1622 4084 1718 4152 τὴν
1745 4100 1877 4152 προ-

306 4167 488 4220 δοσίαν
517 4167 705 4237 ἔρριψε
730 4167 796 4220 τὰ
826 4167 1118 4237 τριάκοντα
1151 4168 1413 4238 ἀργύρια,
1440 4167 1642 4233 λέγων·
1666 4167 1878 4233 ’Ἥμαρ-

307 4267 416 4302 τον
444 4251 752 4318 παραδοὺς
783 4247 925 4318 αἷμα
954 4251 1106 4320 [594]
1128 4249 1340 4304 ἀθῶον.
1370 4250 1433 4302 ’Ὠ
1460 4249 1733 4317 τύφλωσις
1754 4247 1875 4300 ῑτοῦ

307 4333 526 4386 δείπνου
571 4335 853 4404 μετέσχες,
900 4336 991 4386 καὶ
1042 4335 1133 4385 τὸν
1168 4332 1464 4402 εὐεργέτην
1517 4331 1874 4400 παρέδωκας;

308 4418 418 4470 Καὶ
445 4418 473 4470 ὁ
508 4419 604 4487 μὲν
637 4418 836 4488 Κύριος
867 4417 1006 4469 ἔκὼν
1065 4415 1124 4468 τὸ
1167 4416 1551 4486 γεγραμμένον
1594 4413 1834 4484 ἐπλήρου
1863 4433 1875 4445 ·

304 4500 448 4554 Οὐαὶ
481 4500 549 4554 δὲ
571 4501 645 4554 δι’
680 4497 751 4556 οὗ
780 4501 847 4552 τὸ
871 4498 1222 4553 σκάνδαλον
1250 4493 1456 4566 ἦλθεν.

380 4669 456 4735 ς’.
493 4667 652 4721 Ἀλλά
667 4668 857 4737 καιρὸς
879 4666 1062 4720 λοιπὸν
1077 4669 1143 4736 τῇ
1164 4668 1361 4737 φρικτῇ
1378 4664 1549 4737 ταύτῃ
1565 4666 1659 4717 καὶ¹
1675 4665 1803 4734 φοϐε
1813 4667 1880 4735 ρᾷ

305 4752 556 4822 τραπέζῃ
607 4752 906 4820 προσιέναι.
971 4751 1176 4812 Πάντες
1223 4750 1400 4802 τοίνυν
1451 4747 1589 4817 μετὰ
1641 4748 1878 4817 καθαροῦ

309 4833 608 4896 συνειδότος
625 4833 1029 4902 προσέλθωμεν·
1053 4833 1241 4902 μηδεὶς
1263 4832 1402 4885 ἐστω
1435 4827 1632 4892 ’[ὀύδας
1649 4829 1880 4882 ἐνταῦθα

306 4917 672 4986 δολιευόμενος
714 4916 838 4978 τοὺς
887 4915 1111 4985 πλησίον
1161 4915 1344 4978 αὐτοῦ,
1385 4914 1571 4984 μηδεὶς
1622 4913 1875 4983 πονηρὸς,

311 5000 498 5069 μηδεὶς
535 4999 610 5050 ἰὸν
635 5000 772 5068 ἔχων
796 4998 1242 5067 ἐγκεκρυμμένον
1273 4999 1328 5049 ἐν
1369 5000 1433 5067 τῇ
1466 4996 1660 5066 καρδία⁴
1693 4995 1874 5048 αὐτοῦ.

309 5085 546 5154 Πάρεστι
574 5085 669 5135 καὶ
693 5083 785 5134 νῦν
815 5084 843 5132 6
868 5081 1097 5152 Χριστὸς
1122 5082 1217 5148 τὴν
1246 5080 1524 5151 τράπεζαν
1547 5078 1764 5147 κοσμῶν
1784 5095 1795 5106 ·
1819 5079 1877 5130 οὐ

307 5168 414 5237 γάρ
444 5166 725 5236 ἄνθρωπός
749 5169 891 5218 ἐστιν
917 5169 942 5218 6
975 5164 1142 5216 ποιῶν
1167 5166 1233 5215 τά
1269 5163 1601 5233 προκείμενα
1631 5160 1878 5228 γενέσθαι

308 5251 468 5322 σῶμα
496 5252 588 5303 καὶ
617 5244 756 5320 αἷμα
790 5248 885 5302 τοῦ
929 5247 1186 5318 Χριστοῦ.
1228 5246 1424 5316 Σχῆμα
1459 5245 1680 5315 πληρῶν
1721 5245 1878 5315 μόνον

307 5336 536 5404 ἔστηκεν
570 5337 597 5387 6
620 5336 818 5405 ἱερεὺς,
856 5333 950 5386 καὶ
976 5331 1156 5398 δέησιν
1189 5330 1516 5399 προσφέρει·
1559 5331 1592 5398 ἠ
1628 5329 1683 5381 δὲ
1718 5327 1876 5399 χάρις

307 5418 402 5472 καὶ
429 5422 461 5489 ή
494 5417 722 5487 δύναμίς
752 5417 950 5484 ἐστινὴ
980 5415 1070 5466 τοῦ
1099 5413 1282 5482 Θεοῦή
1316 5414 1491 5464 πάντα
1515 5411 1874 5482 ἐργαζομένη.

311 5501 492 5555 Τοῦτό
516 5519 636 5569 μου
665 5499 795 5553 ἐστὶ
829 5499 894 5552 τὸ
925 5497 1118 5566 σῶμα,
1153 5496 1302 5566 φησί.
1337 5496 1504 5547 Τοῦτο
1531 5496 1589 5547 τὸ
1635 5497 1784 5565 ῥῆμα
1812 5496 1877 5547 τά

307 5583 642 5653 προκείμενα
688 5581 1136 5652 μεταρῤυθμίζει.
1174 5579 1282 5632 Καὶ
1327 5578 1575 5648 καθάπερ
1623 5579 1804 5648 ἐκείνη
1845 5580 1876 5647 ή

306 5667 481 5736 φωνὴ,
514 5671 545 5737 ἡ
581 5667 832 5735 λέγουσα,
861 5666 1230 5730 Αὺξάνεσθε,
1249 5662 1760 5730 καὶπληθύνεσθε,
1780 5660 1877 5714 καὶ

306 5754 662 5820 πληρώσατε
695 5755 810 5820 τὴν
839 5752 974 5821 γῆν,
1010 5753 1158 5820 ρῆμα
1191 5744 1278 5818 ἦν,
1322 5748 1414 5799 καὶ
1445 5749 1659 5814 ἐγένετο
1695 5745 1873 5817 ἔργον,

305 5837 676 5906 ἐνδυναμοῦσα
693 5839 790 5909 τὴν
809 5837 1154 5906 ἀνθρωπίνην
1171 5833 1329 5899 φύσιν
1355 5834 1484 5901 πρὸς
1515 5831 1869 5886 παιδοποιίαν·

1417 373 1504 426 DE
1539 369 1953 428 PRODITIONE
1989 369 2210 427 JUDE.
2255 369 2488 427 HOMIL.
2531 369 2588 423 Il.

1985 489 2127 544 οὐτω
2167 492 2257 545 καὶ
2289 489 2428 558 αὐτη
2460 491 2493 559 ἡ
2530 483 2700 558 φωνὴ,
2733 491 2765 557 ἡ
2794 489 3055 555 λέγουσα,
3083 487 3370 551 διαπαντὸς
3402 489 3552 556 αὐξει
3649 511 3654 520 ι

3446 375 3565 426 δυσ

1984 575 2048 643 τῇ
2079 574 2258 645 χάριτι
2281 574 2406 636 τοὺς
2423 572 2586 636 ἀξίως
2608 572 2951 642 μετέχοντας.
2967 572 3170 641 Μηδεὶς
3192 572 3367 624 τοίνυν
3391 573 3554 626 ὓπου-

1982 655 2074 718 λος
2120 657 2282 720 ἔστω,
2340 655 2526 727 μηδεὶς
2556 654 2810 724 πονηρὸς,
2874 654 3060 725 μηδεὶς
3112 654 3313 724 ἅρπαξ,
3369 655 3555 724 μηδεὶς

1983 736 2240 808 λοίδορος,
2275 738 2460 809 μηδεὶς
2495 738 2836 809 μισάδελφος,
2865 738 3051 808 μηδεὶς
3069 738 3416 808 φιλάργυρος,
3455 757 3556 809 μη-

1982 822 2093 884 δεὶς
2129 823 2382 892 μέθυσος,
2414 823 2600 894 μηδεὶς
2634 823 2981 891 πλεονέκτης,
3015 822 3204 890 μηδεὶς
3237 824 3554 892 ἀρσενοκοί-

1983 923 2102 974 της,
2143 907 2326 977 μηδεὶς
2378 907 2664 978 φθονερὸς,
2727 907 2913 976 μηδεὶς
2960 907 3182 978 πορνείᾳ
3231 907 3554 968 δουλευέτω,

1987 991 2175 1058 μηδεὶς
2225 990 2486 1061 κλέπτης,
2538 991 2724 1061 μηδεὶς
2759 990 3060 1053 ἐπίϐουλος,
3116 991 3202 1042 ἵνα
3259 991 3333 1060 μὴ
3382 993 3556 1060 κρῖμα

1983 1071 2157 1141 ἐαυτῷ
2184 1071 2441 1142 λήψηται.
2473 1073 2582 1126 Καὶ
2598 1073 2704 1142 γὰρ
2731 1072 2850 1125 τότε
2873 1074 2901 1124 6
2937 1072 3135 1134 Ἰούδας
3165 1073 3394 1138 ἀναξίως
3427 1089 3556 1141 μετ-

1983 1154 2105 1226 έσχε
2151 1157 2244 1209 τοῦ
2288 1157 2548 1226 μυστικοῦ
2577 1157 2819 1221 δείπνου,
2852 1159 2946 1210 καὶ
2992 1156 3224 1223 ἐξελθὼν
3266 1156 3553 1226 παρέδωκε

1982 1240 2072 1291 τὸν
2116 1241 2336 1310 Κύριον,
2383 1241 2468 1292 ἵνα
2505 1240 2701 1310 μάθῃς,
2733 1242 2814 1293 ὅτι
2856 1245 2969 1305 τοῖς
3000 1240 3229 1304 ἀναξίως
3273 1238 3556 1309 μετέχουσι

1983 1323 2089 1376 τῶν
2120 1325 2454 1394 μυστηρίων,
2492 1324 2700 1384 τούτοις
2732 1325 2962 1393 μάλιστα
2988 1323 3224 1393 συνεχῶς
3268 1322 3505 1392 ἐπιπηδᾷ
3530 1323 3558 1373 6

1982 1407 2244 1470 διάϐολος,
2289 1408 2384 1460 καὶ¹
2427 1409 2508 1470 εἰς
2557 1406 2729 1476 μείζω
2769 1408 3040 1476 τιμωρίαν
3085 1408 3312 1470 ἐαυτοῦς
3357 1404 3558 1474 ἐμϐάλ-

1985 1490 2150 1542 λουσι.
2188 1491 2373 1543 Ταῦτα
2399 1491 2540 1558 λέγω
2567 1493 2664 1560 οὐχ
2708 1491 2794 1542 ἵνα
2825 1491 3044 1560 φοϐήσω
3089 1490 3269 1559 μόνον,
3321 1488 3436 1542 ἀλλ’
3468 1487 3558 1539 ἵνα

1986 1576 2077 1626 καὶ
2131 1575 2571 1647 ἀσφαλεστέρους
2629 1578 2860 1646 ποιήσω.
2904 1574 3172 1645 Καθάπερ
3209 1577 3318 1644 γάρ
3374 1589 3557 1641 σωμα-

1985 1659 2107 1729 τικὴ
2142 1661 2336 1730 τροφὴν
2372 1661 2499 1713 ὅταν
2538 1663 2617 1722 εἰς
2647 1661 2887 1730 γαστέρα
2914 1661 3117 1729 χυμοὺς
3146 1661 3371 1729 ἔχουσαν
3402 1673 3558 1726 πονη-

1988 1745 2113 1812 ροὺς
2139 1744 2372 1814 ἐμπέσῃ,
2400 1745 2582 1796 πλεῖον
2617 1744 2872 1796 ἐπιτείνει
2897 1745 2994 1811 τὴν
3031 1743 3212 1795 νόσον·
3239 1740 3378 1793 οὕτω
3408 1741 3500 1793 καὶ
3525 1741 3559 1808 ἡ

1987 1827 2327 1898 πνευματικὴ
2378 1828 2572 1899 τροφὴ,
2610 1828 2736 1880 ὅταν
2769 1826 3004 1891 ἀναξίως
3051 1824 3365 1895 μετέχηται,
3396 1822 3560 1874 πλέον

1987 1912 2159 1981 κρῖμα
2186 1911 2362 1980 ἐαυτῷ
2395 1911 2645 1981 σωρεύει.
2677 1910 2880 1980 Μηδεὶς
2909 1909 3088 1960 τοίνυν
3119 1906 3386 1976 πονηροὺς
3414 1903 3560 1956 ἔνδον

1987 1994 2157 2062 ἐχέτω
2205 1994 2526 2064 λογισμοὺς,
2600 1992 2941 2063 παρακαλῶ,
2995 1990 3109 2044 ἀλλ’
3167 1988 3560 2058 ἐκκαθάρωμεν

1988 2079 2119 2147 ἡμῖν
2159 2077 2256 2148 τὴν
2306 2079 2564 2148 καρδίαν·
2604 2067 2698 2130 καὶ
2742 2077 2849 2146 γὰρ
2895 2076 3013 2128 ναοὶ
3047 2072 3182 2126 Θεοῦ
3237 2074 3420 2142 ἐσμεν,
3467 2069 3560 2121 ἐὰν

1988 2159 2404 2230 καθαρεύωμεν.
2449 2160 2646 2230 Ἀγνὴν
2681 2161 2836 2230 ἡμῶν
2868 2159 3185 2228 ποιήσωμεν
3223 2155 3319 2223 τὴν
3346 2153 3557 2222 ψυχήν·

1987 2245 2081 2296 καὶ
2110 2245 2220 2315 γὰρ
2264 2245 2492 2299 δυνατόν
2529 2248 2646 2298 ἐστι
2679 2246 2835 2297 τοῦτο
2869 2244 3094 2308 ποιῆσαι
3127 2244 3183 2293 ἐν
3229 2241 3324 2309 μιᾷ
3355 2238 3559 2308 ἡμέρα.

1989 2330 2113 2391 Πῶς
2140 2331 2233 2382 καὶ
2261 2331 2366 2382 τίνι
2397 2330 2586 2399 τρόπῳ
2611 2346 2624 2394 ;
2667 2329 2792 2381 Ἐἀν
2816 2328 2944 2397 ἔχῃς
2970 2344 3022 2378 τι
3050 2326 3189 2378 κατά
3210 2324 3301 2375 τοῦ
3343 2319 3558 2391 ἐχθροῦ,

1988 2412 2134 2476 ἔξελε
2169 2413 2265 2484 τὴν
2299 2413 2489 2484 ὀργὴν,
2516 2412 2676 2465 λῦσον
2703 2413 2802 2482 τὴν
2827 2411 3047 2480 ἔχθραν,
3090 2410 3176 2461 ἵνα
3208 2405 3373 2476 λάϐῃς
3405 2403 3561 2474 θερα-

1989 2497 2146 2550 πείαν
2179 2497 2426 2565 ἀφέσεως
2455 2497 2564 2549 ἀπὸ
2594 2497 2692 2566 τῆς
2731 2493 3031 2567 τραπέζης.
3081 2489 3250 2559 Θυσίᾳ
3286 2486 3562 2558 προσέρχῃ

1989 2584 2190 2652 φρικτῇ
2221 2581 2314 2632 καὶ
2345 2581 2509 2650 ἀγίᾳ·
2543 2581 2886 2652 ἐσφαγμένος
2925 2578 3210 2646 πρόκειται
3242 2575 3267 2624 6
3305 2570 3559 2640 Χριστός.

2001 2665 2137 2716 Ἀλλ’
2166 2664 2418 2733 ἐννόησον
2446 2664 2590 2726 τίνος
2611 2663 2794 2716 ἔνεκεν
2815 2660 3050 2730 ἐσφάγη.
3085 2659 3148 2710 Ὢ
3174 2655 3340 2708 ποίων
3363 2669 3562 2724 μυστη-

1991 2749 2125 2816 ρίων
2177 2748 2494 2818 ἐστερήθης,
2541 2748 2747 2800 Ἰούδαῑ
2783 2746 3014 2817 Χριστὸς
3042 2743 3181 2796 ἐκὼν
3217 2739 3437 2803 ἔπαθεν,
3472 2737 3562 2790 ἵνα

1988 2831 2126 2904 λύσῃ
2160 2831 2227 2884 τό
2269 2833 2631 2900 μεσότοιχον
2663 2831 2768 2884 τοῦ
2804 2829 3094 2898 φραγμοῦ,
3150 2826 3242 2878 καὶ
3273 2822 3450 2904 ἐνώσῃ
3494 2820 3562 2872 τὰ

1989 2903 2140 2969 κάτω
2168 2919 2278 2978 τοῖς
2308 2916 2441 2977 ἄνω,
2477 2917 2562 2968 ἵνα
2599 2915 2843 2984 ἀγγέλων
2865 2914 3064 2982 ποιήσῃ
3097 2908 3346 2963 κοινωνὸν
3368 2903 3561 2974 ἐχθρὸν

1988 3001 2116 3052 ὄντα
2151 3017 2207 3052 σε
2241 3002 2334 3052 καὶ
2370 2999 2650 3069 πολέμιον.
2681 2999 2789 3051 Καὶ
2823 2999 2850 3047 6
2882 2998 2978 3066 μὲν
3004 2994 3235 3065 Χριστὸς
3263 2989 3359 3060 τὴν
3382 2987 3560 3057 ψυχὴν

1989 3081 2151 3136 αὐτοῦ
2186 3082 2444 3146 ἐξέδωκεν
2477 3083 2617 3150 ὑπὲρ
2641 3081 2732 3134 σοῦ
2751 3098 2764 3108 ·
2804 3082 2866 3132 σὺ
2895 3079 2949 3130 δέ
2975 3078 3051 3147 τῷ
3079 3074 3346 3143 συνδούλῳ
3379 3072 3561 3142 μένεις

1990 3167 2323 3238 ἐχθραίνωνς
2358 3167 2449 3218 καὶ
2488 3167 2604 3229 πῶς
2634 3166 2833 3235 δυνήσῃ
2863 3162 3093 3232 βαδίζειν
3124 3161 3214 3211 ἐπὶ
3244 3163 3341 3228 τὴν
3364 3156 3459 3225 τῆς
3483 3157 3562 3206 εἰ·

1992 3252 2160 3319 ρήνης
2192 3250 2501 3320 τράπεζαν;
2559 3251 2616 3301 'U
2662 3250 2938 3316 Δεσπότης
2969 3263 3060 3298 σου
3100 3245 3160 3295 οὐ
3209 3240 3562 3311 παρῃτήσατο

1989 3334 2165 3385 πάντα
2200 3334 2492 3402 ὑπομεῖναι
2537 3333 2622 3384 διά
2655 3333 2733 3395 σέ,
2772 3333 2834 3383 σὺ
2871 3331 2928 3383 δέ
2972 3328 3093 3382 οὐδέ
3135 3325 3302 3395 ὀργὴν
3342 3321 3560 3390 ἀφιέναι

1988 3415 2190 3486 ἀνέχῃς
2235 3417 2390 3479 Τίνος
2419 3416 2626 3479 ἕνεκεν,
2656 3417 2775 3468 εἰπέ
2819 3431 2938 3482 μοι;
2986 3415 3048 3464 Ἠ
3095 3410 3281 3478 ἀγάπη
3311 3406 3434 3476 ῥίζα
3467 3405 3561 3457 καὶ

1989 3499 2142 3570 πηγὴ
2164 3501 2257 3552 καὶ
2281 3502 2464 3570 μήτηρ
2482 3501 2598 3551 ἐστὶ
2619 3501 2832 3552 πάντων
2858 3497 2964 3549 τῶν
2987 3494 3226 3562 ἀγαθῶν.
3255 3486 3561 3558 Ἐπηρέασέ

1991 3602 2102 3654 μοι,
2132 3585 2286 3653 φησὶ,
2317 3584 2385 3637 τὰ
2417 3588 2672 3654 μέγιστα,
2705 3583 2872 3654 μυρία
2907 3579 3132 3650 ἡδίκησέ
3171 3594 3281 3648 μοι,
3308 3574 3397 3626 τὸν
3433 3571 3562 3654 περὶ

1987 3653 2080 3718 τοῦ
2134 3663 2233 3735 ζῇν
2269 3653 2616 3736 ἐπεκρέμασέ
2671 3653 2760 3736 μοι
2788 3653 3068 3718 ἀκίνδυνον.
3111 3659 3220 3713 Καὶ¹
3265 3656 3320 3709 τί
3365 3653 3558 3714 τοῦτο;

1990 3749 2139 3821 [595]
2176 3750 2288 3802 ἀλλ’
2307 3749 2520 3802 οὐδέπω
2543 3767 2602 3802 σε
2626 3751 2787 3802 ἐσταύ
2799 3766 2956 3820 ρωσε,
2982 3747 3230 3814 καθάπερ
3245 3742 3336 3794 τὸν
3358 3739 3561 3809 Κύριον

1988 3837 2036 3886 οί
2089 3833 2349 3887 Ἰουδαῖοι.
2387 3834 2516 3888 Ἐὰν
2564 3821 2638 3904 μή
2690 3835 2831 3903 ἀφῇς
2872 3832 2948 3901 τῷ
2981 3830 3207 3900 πλησίον
3235 3843 3328 3878 σου
3355 3823 3416 3876 τὸ
3445 3821 3562 3904 ἁιδίί⁴

1989 3935 2160 3989 κημα,
2197 3917 2316 3971 οὐδέ
2349 3920 2378 3970 6
2411 3903 2601 3986 Πατήρ
2629 3903 2746 3968 σου
2785 3918 2812 3968 6
2841 3914 3088 3984 οὐράνιος
3129 3911 3325 3979 ἀφήσει
3365 3922 3455 3989 σοι
3492 3903 3563 3958 τὰ

1989 4002 2363 4072 ἁμαρτήματά
2404 4019 2518 4053 σου.
2556 3999 2700 4069 Ποίῳ
2749 4001 2806 4052 δέ
2849 3997 3108 4050 συνειδότι
3154 3996 3317 4066 ἐρεῖς,
3370 3988 3562 4072 Πάτερ

1986 4069 2154 4152 ’ἡμῶν
2186 4069 2228 4138 ὅ
2262 4085 2332 4137 ἐν
2364 4083 2486 4149 τοῖς
2534 4081 2830 4149 οὐρανοῖς.
2876 4077 3209 4148 ἁγιασθήτω
3258 4074 3324 4126 τὸ
3375 4069 3563 4152 δνομά

1987 4150 2124 4231 σου,
2153 4168 2244 4220 καὶ
2270 4167 2336 4220 τὰ
2367 4166 2526 4235 ἐξῆς;
2567 4165 2797 4235 Ὁμοίως
2825 4165 2852 4215 ὀ
2877 4161 3110 4230 Χριστὸς
3136 4159 3230 4212 καὶ
3257 4158 3317 4208 τὸ
3343 4150 3503 4224 αἷμα,
3531 4151 3561 4203 ὃ

1988 4252 2206 4321 ἐξέχεαν
2237 4254 2455 4318 ἐκεῖνοι,
2479 4253 2558 4314 είς
2583 4250 2856 4319 σωτηρίαν
2882 4247 2989 4300 τῶν
3015 4244 3310 4315 ἐκχεόντων
3335 4240 3557 4293 δέδωκε.

1988 4336 2053 4387 Τί
2101 4335 2288 4387 τούτου
2338 4335 2451 4387 ἴσον
2486 4334 2628 4404 ἔχεις
2672 4333 2928 4402 ποιῆσαι;
2987 4329 3110 4382 Ἐάν
3164 4325 3238 4396 μὴ
3285 4321 3560 4404 ἀφῇςτῷ

1988 4413 2189 4484 ἐχθρῷ,
2222 4414 2321 4466 οὐκ
2353 4415 2560 4465 ἐκεῖνον
2598 4411 2885 4480 ἠδίκησας,
2917 4409 3052 4462 ἀλλά
3096 4405 3289 4459 σαυτόν
3311 4421 3323 4434 ·
3355 4403 3560 4455 ἐκεῖνον

1992 4499 2088 4568 μέν
2123 4498 2230 4566 γάρ
2269 4496 2530 4559 πολλάκις
2584 4497 2664 4558 εἰς
2710 4495 2802 4546 τὸν
2844 4495 3084 4564 παρόντα
3127 4492 3239 4562 βίον
3295 4484 3556 4553 ἔϐλαψας,

1990 4581 2181 4632 σαυτὸν
2222 4579 2277 4631 δὲ
2309 4579 2689 4646 ἀσύγγνωστον
2741 4579 2982 4646 ἐποιήσω
3031 4574 3128 4644 τὴν
3164 4570 3428 4641 τιμωρίαν
3477 4569 3556 4628 εἰς

1986 4666 2083 4736 τὴν
2121 4664 2417 4735 μέλλουσαν
2451 4663 2679 4731 ἡμέραν.
2727 4661 2931 4714 Οὐδένα
2973 4658 3082 4728 γάρ
3117 4657 3256 4710 οὕτω
3288 4652 3435 4724 μισεῖ
3462 4651 3555 4736 καὶ

1989 4734 2391 4819 ἀποστρέφεται
2429 4749 2456 4798 ὁ
2493 4745 2643 4808 Θεὸς,
2687 4745 2762 4807 ὡς
2791 4744 3126 4814 μνησίκακον
3155 4738 3457 4809 ἄνθρωπον,
3479 4734 3556 4796 ὼς

1989 4832 2324 4885 οἰδαίνουσαν
2348 4829 2574 4900 καρδίαν
2596 4829 2689 4881 καὶ
2703 4828 3134 4898 φλεγμαίνουσαν
3150 4823 3348 4893 ψυχήν.
3367 4822 3557 4874 Ἀκου-

1991 4935 2081 4970 σον
2131 4915 2264 4983 γοῦν
2297 4915 2346 4966 τί
2382 4930 2545 4984 φησιν
2587 4915 2615 4964 6
2653 4912 2856 4982 Κύριος
2879 4927 2893 4942 ·
2949 4911 3084 4964 Ἐὰν
3116 4903 3462 4976 προσφέρῃς
3489 4901 3556 4955 τὸ

1987 4999 2177 5066 δῶρόν
2208 5013 2323 5051 σου
2349 4997 2445 5050 ἐπὶ
2473 4997 2538 5048 τὸ
2577 4995 3031 5062 θυσιαστήριον,
3059 4994 3233 5048 κάκεῖ
3249 4987 3554 5060 μνησθῇς,

1987 5081 2075 5134 ὅτι
2112 5084 2143 5134 ό
2176 5081 2440 5148 ἀδελφός
2479 5094 2594 5130 σου
2622 5077 2748 5146 ἔχει
2797 5096 2851 5132 τι
2890 5077 3040 5130 κατὰ
3071 5077 3206 5138 σοῦ,
3255 5075 3404 5141 ἄφες
3431 5071 3560 5124 ἐκεῖ

1986 5165 2050 5216 τό
2086 5163 2277 5230 δῶρόν
2317 5180 2431 5215 σου
2471 5163 2809 5228 ἔμπροσθεν
2834 5162 2937 5214 τοῦ
2976 5157 3428 5223 θυσιαστηρίου,
3457 5154 3557 5208 καὶ

1986 5247 2206 5299 ἄπελθε
2245 5245 2478 5312 πρῶτον
2522 5247 2618 5298 καὶ
2645 5244 2999 5312 διαλλάγηθι
3037 5242 3115 5306 τῷ
3139 5239 3375 5309 ἀδελφῷ
3401 5255 3516 5291 σου
3539 5253 3553 5268 ·

1986 5326 2083 5377 καὶ
2114 5326 2244 5377 τότε
2282 5323 2476 5376 ἐλθὼν
2511 5325 2812 5391 πρόσφερε
2850 5321 2916 5374 τὸ
2961 5321 3152 5389 δῶρόν
3188 5337 3322 5374 σου.
3360 5319 3422 5370 Τί
3469 5317 3556 5369 λέ-

1984 5424 2120 5475 γεις,
2150 5409 2367 5476 ’Λφήσω
2401 5409 2516 5460 ἐκεῖ
2541 5408 2601 5459 τὸ
2627 5407 2818 5476 δῶρον,
2854 5405 3019 5474 ἡγουν
3048 5404 3146 5473 τὴν
3180 5402 3397 5466 θυσίαν;
3424 5401 3552 5465 Ναὶ,

1985 5492 2148 5561 φησί·
2179 5491 2265 5543 διὰ
2299 5491 2406 5562 γὰρ
2427 5493 2524 5561 τὴν
2550 5493 2771 5562 εἰρήνην
2793 5490 2889 5560 τὴν
2916 5489 3052 5559 πρὸς
3083 5489 3174 5540 τὸν
3208 5487 3433 5554 ἀδελφόν
3457 5503 3551 5540 σου

1985 5575 2078 5625 καὶ
2111 5573 2244 5641 αὐτὴ
2273 5575 2304 5641 ή
2329 5572 2486 5624 θυσία
2511 5573 2744 5639 ἐγένετο.
2776 5572 2836 5622 Εἰ
2875 5571 3053 5623 τοίνυν
3079 5569 3167 5621 διὰ
3201 5569 3300 5639 τὴν
3331 5571 3552 5639 εἰρήνην

1983 5659 2078 5729 τὴν
2103 5659 2180 5720 είς
2213 5656 2301 5708 τὸν
2327 5655 2545 5724 πλησίον
2575 5658 2608 5724 ἡ
2637 5655 2795 5708 θυσία
2826 5656 2964 5715 ἐστὶ,
3008 5656 3070 5706 σὺ
3093 5653 3147 5705 δὲ
3177 5655 3235 5704 οὐ
3266 5653 3550 5723 κατορθοῖς

1982 5742 2081 5812 τὴν
2126 5741 2367 5809 εἰρήνην,
2403 5741 2449 5790 εἰ
2473 5740 2564 5791 καὶ
2601 5741 2846 5808 μετέχεις
2884 5739 2983 5806 τῆς
3021 5738 3231 5799 θυσίας,
3267 5738 3548 5805 ἀνωφελής

1986 5844 2065 5878 σοι
2092 5827 2122 5893 ἡ
2167 5823 2405 5893 μετάληφ
2419 5841 2462 5886 ις
2491 5823 2708 5891 γέγονεν
2729 5823 2855 5876 ἄνευ
2885 5823 2975 5875 τοῦ
3005 5817 3421 5891 κατορθώματος
3453 5821 3548 5879 τῆς
