4066 6392
448 386 546 442 591

446 485 690 557 εἰρήνης.
723 486 800 538 Ilo
822 503 954 555 ησον
985 485 1163 540 τοίνυν
1197 489 1370 540 ἐκεῖνο
1405 488 1640 560 πρῶτον,
1664 487 1808 556 λέγω
1831 483 1894 552 δὴ
1925 489 2022 557 τὴν

447 570 692 640 εἰρήνην,
742 569 807 623 δι’
837 571 974 641 ὅπερ
1012 573 1107 624 καὶ
1151 573 1182 641 ἡ
1226 571 1385 624 θυσία
1427 574 1873 643 προσενήνεκται,
1929 574 2025 626 καὶ

446 653 567 706 τότε
598 653 768 722 αὐτῆς
814 655 1144 719 ἀπολαύσεις
1170 656 1370 720 καλῶς.
1402 658 1500 710 Διά
1530 657 1636 728 γὰρ
1669 657 1828 710 τοῦτο
1859 653 2025 726 ἦλθεν

451 740 531 799 εἰς
551 737 640 789 τὸν
664 739 866 808 κόσμον
889 741 915 790 ὁ
946 739 1071 802 Υἱὸς
1100 740 1192 792 τοῦ
1224 741 1380 804 Θεοῦ.
1415 743 1502 794 ἵνα
1523 739 1836 813 καταλλάξῐι
1867 739 2024 811 ἡμῶν

447 823 545 893 τὴν
573 822 732 892 φύσιν
762 822 836 893 τῷ
862 825 1055 894 Πατρί,
1082 824 1156 887 ῶς
1189 842 1290 878 που
1320 827 1412 878 καὶ
1443 825 1653 887 Παῦλός
1679 840 1844 896 φησιο
1873 824 2024 878 Νυνί

449 903 516 958 δὲ
575 907 1081 972 ἀποκατήλλαξεν
1127 907 1318 973 ἐαυτῷ
1371 910 1442 962 τὰ
1493 908 1710 975 πάντα,
1767 908 1865 961 διὰ
1917 907 2026 961 τοῦ

449 990 716 1057 σταυροῦ
770 991 1130 1058 ἀποκτείνας
1163 991 1278 1058 τὴν
1324 993 1548 1062 ἔχθραν
1583 993 1653 1044 ἑν
1701 993 1882 1056 αὐτῷ.
1930 991 2027 1042 Διὰ

450 1071 608 1126 τοῦτο
637 1074 758 1142 ούχί
804 1075 964 1138 αὐτὸς
1010 1077 1170 1145 μόνον
1216 1072 1347 1147 ἦλθε
1391 1077 1558 1130 ποιῶν
1606 1078 1851 1147 εἰρήνην,
1891 1075 2026 1129 ἀλλά

453 1158 546 1210 καὶ
571 1161 601 1228 ή
613 1160 718 1227 μᾶς
754 1159 1051 1230 μακαρίζει
1078 1163 1204 1224 τοὺς
1232 1162 1301 1215 τὰ
1337 1161 1561 1214 τοιαῦτα
1592 1160 1898 1223 ποιοῦντας,
1935 1161 2029 1212 καὶ

453 1245 598 1294 ποιεῖ
624 1245 721 1312 τῆς
763 1243 927 1296 αὐτοῦ
973 1244 1347 1314 προσηγορίας
1389 1243 1701 1306 κοινωνούς.
1743 1243 2030 1310 Μακάριοι

452 1329 561 1398 γὰρ
592 1329 645 1380 οἱ
677 1329 1036 1396 εΙρηνοποιοί
1059 1369 1074 1393 ,
1108 1328 1196 1380 ὅτι
1229 1328 1397 1382 αὐτοί
1447 1327 1561 1380 viai
1610 1327 1758 1381 Θεοῦ
1810 1325 2032 1392 κληθή-

453 1425 682 1463 σονται.
711 1412 885 1483 Ὅπερ
922 1409 1016 1464 οὖν
1059 1412 1314 1480 ἐποίησεν
1360 1411 1388 1461 6
1421 1411 1675 1481 Χριστὸς,
1706 1411 1735 1462 ὁ
1759 1411 1885 1473 Υἱὸς
1933 1408 2029 1462 τοῦ

454 1493 609 1558 Θεοῦ,
646 1494 802 1548 τοῦτο
833 1496 928 1548 καὶ
969 1497 1033 1548 σὺ
1080 1497 1303 1566 ποίησον
1333 1496 1472 1548 κατά
1499 1495 1728 1565 δύναμιν
1755 1496 2031 1566 ἀνθρωπί-

454 1594 572 1646 νην,
601 1579 822 1649 εἰρήνης
856 1580 1145 1648 γενόμενος
1187 1579 1446 1650 πρόξενος
1477 1581 1571 1633 καὶ
1601 1579 1784 1651 σαυτῷ
1829 1583 1924 1632 καὶ
1956 1579 2034 1650 τῷ

457 1660 686 1730 πλησίον
722 1677 834 1713 σου.
869 1663 968 1716 Διά
1002 1663 1160 1714 τοῦτο
1199 1663 1294 1715 καὶ
1325 1663 1439 1715 υἱὸν
1483 1663 1618 1716 Θεοῦ
1654 1665 1811 1716 καλεῖ
1839 1665 1928 1718 τὸν
1955 1666 2034 1716 εἰ-

461 1745 744 1814 ρηνοποιόν
765 1762 778 1775 ·
807 1745 893 1800 διὰ
922 1745 1078 1799 τοῦτο
1112 1749 1167 1799 ἐν
1199 1746 1277 1817 τῷ
1318 1747 1495 1817 καιρῷ
1524 1747 1624 1816 τῆς
1653 1748 1843 1810 Θυσίας
1882 1747 2034 1800 οὐδε-

461 1828 591 1896 μιᾶς
635 1828 830 1899 ἐτέρας
861 1829 1233 1898 ἐμνημόνευσε
1278 1829 1644 1900 δικαιοσύνης,
1697 1831 1812 1884 ἀλλ’
1859 1830 1892 1901 ἢ
1937 1831 2038 1900 τῆς

459 1910 597 1980 πρὸς
632 1911 724 1964 τὸν
769 1911 997 1981 ἀδελφὸν
1028 1913 1396 1984 καταλλαγῆς,
1446 1914 1681 1978 δεικνὺς,
1721 1916 1802 1967 ὅτι
1851 1914 2040 1966 πασῶν

459 1995 671 2066 ἀρετῶν
708 1997 908 2065 μείζων
933 2000 966 2068 ή
997 1999 1184 2068 ἀγάπη
1226 1999 1390 2052 ἐστίν.
1435 1997 1765 2069 Ἐϐουλόμην
1799 1999 1895 2069 μὲν
1922 1996 2038 2064 οὖν,

459 2081 756 2150 ἀγαπητοὶ,
793 2083 886 2134 ἐπὶ
918 2082 1166 2134 πλεῖστον
1199 2084 1522 2153 παρατεῖναι
1553 2081 1645 2134 τὸν
1694 2081 1851 2149 λόγον
1871 2099 1886 2112 ⁸
1923 2081 2040 2134 ἀλλ’

461 2167 622 2235 ἀρκεῖ
672 2167 767 2218 καὶ
821 2167 889 2218 τὰ
939 2167 1204 2236 εἰρημένα
1261 2169 1372 2228 τοῖς
1429 2165 1565 2235 μετὰ
1614 2165 1891 2237 προσοχῆς
1949 2167 2043 2219 καὶ

465 2250 731 2313 συνέσεως
769 2250 1080 2320 δεχομένοις
1118 2251 1207 2303 τὸν
1249 2250 1450 2320 σπόρον
1486 2251 1587 2320 τῆς
1615 2251 1915 2314 εὐσεϐείας,
1949 2252 2044 2303 καὶ

465 2335 750 2406 προσέχειν
787 2335 1029 2387 ἐθέλουσι
1070 2337 1180 2397 τοῖς
1223 2334 1557 2404 λεγομένοις.
1596 2333 2044 2404 Μνημονεύωμεν

465 2419 662 2484 τοίνυν,
697 2419 1021 2490 παρακαλῶ,
1055 2419 1343 2483 διαπαντὸς
1384 2419 1588 2472 τούτων
1609 2419 1718 2472 τῶν
1760 2419 2042 2489 ῥημάτων,

466 2502 678 2556 καὶτοῦ
731 2503 1171 2573 φρικωδεστάτου
1221 2502 1515 2574 ἀσπασμοῦ
1557 2502 1652 2555 τοῦ
1701 2502 1838 2572 πρὸς
1884 2501 2044 2572 ἀλλή-

467 2588 612 2650 λους.
647 2580 814 2649 Οὗτος
843 2590 951 2658 γὰρ
973 2591 1001 2640 6
1036 2588 1324 2658 ἀσπασμὸς
1352 2587 1655 2657 συμπλέκει
1683 2585 1780 2649 τὰς
1808 2585 2045 2648 διανοίας

469 2671 644 2742 ήμῶν,
673 2673 765 2724 καί
791 2675 932 2725 ποιεῖ
955 2673 1206 2740 γενέσθαι
1227 2672 1386 2742 σῶμα
1414 2671 1470 2724 ἓν
1494 2670 1758 2733 ἅπαντας,
1785 2671 1880 2722 καὶ
1909 2669 2043 2739 μέλη

469 2754 726 2825 Χριστοῦ,
760 2756 944 2828 ἐπειδὴ
973 2757 1067 2809 καὶ
1110 2756 1228 2819 ἐνὸς
1260 2755 1508 2824 σώματος
1544 2753 1842 2825 μετέχομεν
1872 2753 2048 2806 ἅπανο

470 2856 581 2904 τες.
627 2839 915 2908 Γενώμεθα
961 2837 1054 2894 οῦν
1077 2841 1197 2894 κατ’
1247 2840 1503 2912 ἀλήθειαν
1554 2839 1711 2909 σῶμα
1744 2838 1822 2902 ἓν,
1863 2838 1924 2890 ού
1977 2836 2048 2890 τὰ

473 2927 701 2996 σώματα
731 2926 981 2997 ἀλλήλοις
1027 2927 1418 2998 ἀναφύροντες,
1457 2924 1592 2978 ἀλλά
1632 2923 1730 2987 τάς
1753 2922 1930 2994 ψυχὰς
1960 2923 2049 2975 ἀλ-

472 3007 660 3078 λήλαις
686 3009 764 3080 τῷ
791 3011 891 3081 τῆς
922 3011 1143 3080 ἀγάπης
1165 3010 1448 3079 συνδέσμῳ
1473 3009 1854 3070 συνάπτοντες,
1891 3005 2048 3058 Οὕτω

472 3092 582 3164 γὰρ
603 3094 901 3159 ποιοῦντες.
928 3095 1273 3166 δυνησόμεθα
1303 3095 1441 3165 μετά
1467 3093 1779 3165 παρρησίας
1809 3091 2050 3146 ἀπολαῦ-

474 3195 566 3232 σαι
597 3179 697 3250 τῆς
735 3180 1102 3252 προκειμένης
1160 3179 1461 3250 τραπέζης,
1514 3178 1608 3232 καὶ
1655 3175 1760 3247 τῆς
1806 3176 1910 3228 ὑπὸ
1953 3173 2046 3228 τοῦ

475 3261 709 3336 Χριστοῦ
748 3264 884 3336 πρὸς
910 3264 988 3335 τῷ
1023 3263 1166 3316 τέλει
1197 3261 1592 3334 βραϐευθείσης
1617 3262 1839 3330 εἰρήνης
1868 3257 2048 3327 δοχεῖα

481 3361 742 3430 γενέσθαι.
766 3361 882 3416 Κᾶν
899 3361 1006 3433 γὰρ
1039 3361 1206 3433 μυρία
1229 3361 1440 3432 ἔχωμεν
1469 3357 1889 3429 κατορθώματα,
1916 3375 2050 3428 μνη-

1163 377 1218 428 S.
1257 373 1544 428 JOANNIS
1581 370 2076 428 CHRYSOSTOMI
2117 371 2438 427 ARCIIIEP.
2478 371 3022 430 CONSTANTINOP.

3600 371 3703 425 592

2135 489 2350 542 σίκακοι
2377 489 2434 542 δέ
2466 483 2636 559 ὦμεν,
2664 489 2842 541 πάντα
2870 487 2991 556 εἰκῆ
3021 486 3114 537 καὶ
3151 483 3324 554 μάτην
3349 479 3497 553 [396]
3521 485 3703 554 εἰργα-

2135 573 2364 644 σάμεθα,
2406 577 2500 626 καί
2541 573 2694 625 ούδέν
2745 574 2810 626 ἐκ
2854 570 3057 624 τούτων
3097 571 3176 629 εἰς
3228 565 3498 637 σωτηρίας
3546 567 3706 634 λόγον

2133 657 2528 726 καρπώσασθαι
2593 655 2954 726 δυνησόμεθα.
3011 651 3235 707 Μέλλων
3296 649 3404 719 γὰρ
3444 650 3472 701 6

2132 740 2373 794 ἀνελθεῖν
2398 741 2538 812 πρὸς
2564 741 2658 793 τὸν
2683 739 2921 810 Πατέρα,
2937 738 3059 790 ἀντὶ
3085 735 3241 804 δόξης
3257 732 3588 804 προσκαίρου
3612 735 3707 787 καὶ

2134 823 2367 877 πλούτου
2400 824 2637 894 μεγάλου
2667 822 2872 893 ταύτην
2896 824 3008 883 τοῖς
3050 819 3319 890 μαθηταῖς
3343 817 3708 888 κληρονομίαν

2134 907 2380 977 ἀφίησιν,
2431 907 2632 960 εἰπών’
2661 906 2930 975 Εἰρήνην
2970 905 3082 972 τὴν
3121 903 3276 973 ἐμὴν
3306 902 3511 972 δίδωμι
3545 901 3706 970 ὑμῖν,

2134 992 2383 1061 εἰρήνην
2410 991 2527 1059 τὴν
2550 990 2706 1060 ἐμὴν
2731 991 2944 1060 ἀφίημι
2964 989 3126 1058 ὑμῖν.
3153 989 3311 1050 Heio;
3328 987 3436 1056 γὰρ
3459 984 3709 1050 πλοῦτος,

2135 1077 2168 1148 ἢ
2219 1077 2358 1148 πόση
2398 1077 2695 1148 χρημάτων
2730 1075 3018 1146 περιουσία
3061 1073 3256 1142 γένοιτ’
3302 1072 3366 1126 ἂν
3409 1071 3712 1142 τιμιωτέρα

2135 1160 2236 1230 τῆς
2265 1162 2488 1230 εἰρήνης
2525 1161 2618 1214 τοῦ
2661 1157 2919 1230 Χριστοῦ,
2945 1158 3046 1228 τῆς
3071 1157 3250 1210 πάντα
3275 1156 3430 1223 λόγον
3461 1157 3556 1206 καὶ
3586 1153 3711 1207 νοῦν

2138 1244 2541 1315 ὑπερεχούσης;
2578 1244 2748 1296 Τοῦτο
2780 1239 2872 1296 οὖν
2913 1245 3006 1296 καὶ
3044 1245 3071 1295 ὁ
3101 1243 3386 1312 προφήτης
3424 1238 3713 1308 Μαλαχίας

2139 1329 2296 1391 εἰδὼς
2339 1330 2576 1400 χαλεπὸν
2609 1325 2749 1383 εἶναι
2774 1329 2866 1383 καὶ
2907 1328 3213 1398 ὑπέρογκον
3241 1326 3302 1378 τὸ
3339 1327 3712 1397 παράπτωμα,

2141 1415 2327 1483 ἔλεγεν
2357 1416 2432 1479 ὡς
2459 1418 2524 1469 ἐκ
2564 1415 2856 1488 προσώπου
2890 1414 2984 1466 τοῦ
3027 1413 3163 1466 Θεοῦ
3189 1429 3204 1442 '
3231 1412 3389 1476 Λαός
3429 1427 3571 1478 μου,
3604 1411 3715 1461 λα·

2139 1499 2299 1552 λεῖτε
2319 1497 2612 1564 ἀλήθειαν
2637 1497 2897 1561 ἕκαστος
2912 1496 3060 1565 μετὰ
3085 1494 3191 1548 τοῦ
3214 1493 3484 1561 πλησίον
3505 1491 3714 1554 αὑτοῦ,

2141 1581 2239 1634 καὶ
2276 1582 2536 1647 ἕκαστος
2569 1581 2790 1636 κακίαν
2843 1581 2914 1633 ἐν
2953 1579 3027 1648 τῇ
3077 1579 3289 1646 καρδίᾳ
3332 1575 3412 1642 τῷ
3449 1576 3721 1640 πλησίον

2141 1665 2328 1720 αὑτοῦ
2371 1665 2457 1734 μὴ
2502 1665 2968 1734 ιινησικακείτω.
3006 1664 3105 1716 καὶ
3147 1663 3328 1730 ὅρκον
3385 1657 3582 1728 ψευδῆ
3630 1657 3719 1726 μὴ

2141 1747 2423 1818 ἀγαπᾶτε·
2443 1750 2539 1803 καὶ
2559 1751 2631 1803 οὐ
2643 1750 2730 1818 μὴ
2750 1748 3126 1811 ἀποθανεῖτε,
3146 1743 3313 1812 οἶκος
3329 1746 3433 1799 τοῦ
3450 1743 3717 1812 Ἰσραὴλ.

2139 1833 2300 1902 λέγει
2347 1834 2584 1902 Κύριος.
2631 1833 2720 1896 Ὡς
2772 1831 2837 1885 ἂν
2882 1834 2930 1884 εἰ
2985 1832 3231 1902 μέλλοιτε
3275 1826 3415 1883 εἶναι
3466 1827 3718 1898 ψεῦσται,

2145 1915 2495 1988 μνησίκακοι,
2517 1917 2786 1988 ἐπίορκοι,
2813 1917 3192 1986 ἐπιλαθόμενοι
3213 1915 3324 1967 τῶν
3342 1913 3572 1967 ἐντολῶν
3596 1929 3720 1982 μου,

2143 2001 2359 2072 θανάτῳ
2411 2000 2792 2055 ἀποθανεῖσθε.
2853 1999 3042 2053 Ταῦτα
3086 1996 3179 2052 οῦν
3235 1999 3449 2052 ἅπαντα
3496 1995 3720 2055 εἰδότες,

2144 2086 2456 2156 ἀγαπητοὶ,
2519 2086 2700 2138 πᾶσαν
2755 2083 3153 2153 καταλύσωμεν
3197 2081 3386 2154 ὀργὴν,
3433 2079 3527 2131 καὶ
3588 2075 3727 2146 1:96;

2143 2170 2405 2240 ἀλλήλους
2451 2169 2880 2240 εἰρηνεύσωμεν,
2922 2169 3016 2220 καὶ
3056 2166 3154 2235 τὴν
3197 2167 3352 2236 ῥίζαν
3381 2164 3480 2233 τῆς
3527 2160 3728 2221 κακίας

2145 2253 2476 2315 ἐκτίλαντες,
2513 2253 2609 2306 καὶ
2641 2251 2979 2322 καθάραντες
3014 2249 3170 2320 ἡμῶν
3206 2249 3266 2301 τὸ
3297 2247 3552 2309 συνειδὸς,
3590 2242 3729 2314 μετὰ

2146 2339 2452 2409 πραότητος
2481 2339 2575 2390 καὶ
2613 2336 2915 2400 ἐπιεικείας
2946 2337 3040 2389 καὶ
3069 2334 3270 2403 πολλῆς
3312 2333 3413 2402 τῆς
3440 2327 3730 2388 εὐλαϐείας

2146 2422 2460 2495 προσίωμεν
2495 2424 2562 2492 τῇ
2615 2421 2917 2493 μεταλήψει
2953 2419 3061 2472 τῶν
3103 2417 3348 2490 φρικτῶν
3379 2415 3586 2467 τούτων
3635 2411 3732 2463 καὶ

2147 2507 2394 2579 φοϐερῶν
2433 2506 2770 2578 μυστηρίων,
2808 2507 2881 2576 μὴ
2913 2502 3182 2567 ὠθοῦντες
3225 2503 3318 2554 καὶ
3357 2498 3728 2562 λακτίζοντες,

2151 2594 2290 2664 μήτε
2334 2591 2561 2654 κτύποις
2603 2592 2697 2643 καὶ
2724 2592 2996 2662 κραυγαῖς
3034 2586 3353 2648 ἐκϐοῶντες,
3398 2581 3537 2637 ἀλλά
3583 2579 3734 2649 φόϐῳ

2149 2679 2330 2748 πολλῷ
2374 2679 2469 2731 καὶ
2521 2677 2709 2749 τρόμῳ
2747 2677 2885 2747 μετὰ
2930 2673 3273 2740 κατανύξεως
3329 2671 3424 2725 καὶ
3477 2666 3734 2738 δακρύων

2150 2763 2603 2836 προσερχόμενοι,
2645 2763 2734 2816 ἵνα
2778 2762 2873 2816 καὶ
2915 2763 2943 2814 ὁ
2988 2759 3367 2830 φιλάνθρωπος
3416 2754 3734 2822 Δεσπότης,

2151 2848 2494 2911 ἐποπτεύσας
2518 2849 2550 2918 ἠ
2560 2847 2677 2919 μῶν
2708 2846 2914 2901 ἄνωθεν
2937 2846 3038 2916 τὴν
3061 2843 3342 2914 εἰρηνικὴν
3371 2839 3734 2895 κατάστασιν,

2157 2935 2251 2987 καί⁵
2264 2933 2362 3004 τὴν
2384 2933 2747 3002 ἀνυπόκριτον
2768 2930 3013 3001 ἀγάπην,
3037 2929 3129 2982 καὶ
3152 2927 3249 2996 τὴν
3274 2924 3596 2994 φιλάδελφον
3621 2935 3740 2972 κοι-

2155 3017 2372 3082 νωνίαν,
2388 3015 2700 3069 καὶτούτων
2715 3015 2822 3068 τῶν
2841 3013 3060 3083 ἀγαθῶν
3075 3013 3168 3066 καὶ
3184 3012 3291 3065 τῶν
3308 3005 3742 3078 ἐπηγγελμένων

2157 3103 2365 3164 πάντας
2401 3101 2549 3171 ἡμᾶς
2579 3099 2808 3173 ἀξιώσῃ,
2860 3100 3046 3172 χάριτι
3093 3098 3188 3152 καὶ
3227 3094 3610 3166 φιλανθρωπία
3640 3087 3738 3143 τοῦ

2157 3185 2364 3256 Κυρίου
2415 3183 2575 3254 ήμῶν
2617 3183 2794 3255 Ἰησοῦ
2848 3181 3113 3255 Χριστοῦ,
3147 3181 3264 3252 μεθ’
3303 3174 3364 3234 οὗ
3411 3177 3490 3249 τῷ
3539 3175 3739 3247 Πατρὶ.

2158 3269 2277 3340 ἅμα
2304 3267 2381 3339 τῷ
2407 3267 2547 3338 ἁγίῳ
2569 3267 2868 3338 Πνεύματι,
2903 3267 3051 3334 δόξα,
3082 3268 3302 3338 κράτος,
3334 3263 3488 3334 τιμὴ,
3524 3260 3622 3314 νῦν
3644 3259 3742 3313 καὶ

2159 3353 2266 3412 ἀεὶ,
2299 3352 2394 3407 καὶ
2423 3354 2503 3416 είς
2527 3352 2654 3416 τοὺς
2678 3351 2880 3416 αἰῶνας
2909 3351 3018 3405 τῶν
3039 3350 3269 3406 αἰώνων.
3316 3348 3508 3420 Ἀμήν.

1413 3979 2618 4007 m

1688 3971 3742 4006 Μ

1181 4225 1260 4284 ΙΝ
1320 4225 1737 4286 HOMILIAM
1781 4225 1887 4286 DE
1937 4225 2453 4287 COEMETERIO
2509 4225 2612 4284 ET
2660 4225 2770 4284 DE
2821 4223 3080 4285 CRUCE

570 4471 720 4528 llanc
751 4472 1032 4528 liomiliam
1063 4473 1252 4528 habuit
1283 4473 1708 4545 Clirysostomus
1741 4473 1927 4544 viginti
1962 4481 2056 4526 aut
2080 4475 2245 4543 paulo
2284 4476 2467 4526 minus
2497 4471 2690 4526 diebus
2743 4482 3032 4541 antequam
3071 4470 3140 4524 de
3173 4469 3379 4525 sanctis
3434 4467 3756 4523 mulieribus

499 4567 750 4627 lieruice,
781 4565 1076 4625 Prosdoce,
1111 4575 1164 4619 et
1195 4564 1462 4619 Domnina
1495 4566 1912 4620 concionuretur
1942 4584 1957 4631 ;
1991 4574 2050 4618 ut
2078 4580 2185 4618 non
2211 4564 2392 4618 dubiis
2415 4563 2558 4618 uotis
2599 4561 2872 4632 colligitur
2903 4577 2968 4615 ex
3008 4561 3165 4618 initio
3194 4574 3479 4633 postrema:
3524 4563 3757 4632 hujusce

496 4657 799 4720 cont-iouis,
837 4658 926 4711 ubi
964 4672 1021 4712 se
1045 4665 1168 4711 ante
1199 4657 1386 4727 viginti
1415 4656 1528 4712 fere
1565 4659 1681 4712 dies
1706 4657 1773 4712 de
1802 4673 1967 4713 cruce
2005 4657 2216 4712 Domini
2271 4656 2680 4720 concionatum,
2731 4655 2902 4708 multa
2929 4654 3133 4710 dixisse
3178 4655 3255 4709 ait
3294 4655 3348 4708 iu
3389 4654 3503 4709 haec
3539 4655 3700 4708 verba
3735 4670 3749 4706 :

497 4752 755 4806 Coutrivit
784 4763 961 4815 portas
1002 4769 1197 4814 wneas,
1225 4761 1275 4806 et
1306 4761 1472 4806 vectes
1516 4752 1710 4821 ferreos
1749 4753 2052 4823 confregit:
2100 4767 2221 4821 qua:
2268 4752 2472 4821 optime
2503 4750 2834 4806 conveniunt
2881 4751 2933 4803 in
2967 4750 3108 4804 hanc
3142 4749 3215 4804 De
3261 4750 3552 4803 cmmeterio
3590 4757 3643 4801 et
3682 4749 3745 4800 de

497 4860 648 4897 cruce
679 4845 981 4899 liomiliam.
1017 4844 1152 4902 Hinc
1181 4843 1352 4899 Grzeci
1380 4855 1653 4914 putantes,
1697 4843 1892 4900 festum
1922 4847 1989 4899 de
2017 4843 2212 4908 Cruce,
2253 4842 2397 4913 quod
2431 4858 2620 4898 mense
2655 4841 2958 4911 Septembri
2989 4843 3074 4899 die
3106 4861 3196 4900 τιν
3247 4846 3507 4910 occurrit,
3572 4844 3663 4897 hic
3714 4858 3747 4896 a

496 4937 887 5007 tilirysostomo
923 4939 1237 5001 memorari,
1264 4937 1462 4993 festum
1495 4947 1812 4993 sanctarum
1854 4939 2139 4993 Domniuae
2165 4947 2218 4992 et
2253 4936 2487 4990 ﬁliarum
2532 4935 2722 5005 viginti
2779 4945 2963 5004 postea
2998 4937 3215 5002 diebus,
3266 4947 3460 5007 quarta
3502 4936 3756 4990 videlicet

495 5030 747 5086 Octobris
776 5032 1092 5100 celebrant;
1121 5034 1214 5089 sed
1245 5048 1568 5102 perperam:
1604 5049 1710 5087 non
1743 5035 1886 5097 enim
1927 5035 1980 5088 in
2027 5033 2166 5088 festo
2195 5045 2399 5088 sancta!
2428 5033 2644 5100 Crucis,
2685 5049 2807 5104 qua:
2854 5034 2907 5087 in
2959 5032 3329 5102 Septembrem
3366 5029 3576 5092 incidit,
3608 5043 3760 5097 quae-

495 5139 602 5191 que
629 5124 869 5177 nondum
915 5125 1006 5178 illo
1033 5140 1148 5180 aevo
1179 5126 1578 5194 celebrabatur,
1610 5128 1751 5183 hanc
1787 5129 1979 5184 habuit
2024 5129 2302 5182 homiliam
2335 5128 2786 5199 Clirysostomus,
2819 5129 2914 5186 sed
2952 5130 3005 5183 in
3036 5128 3122 5184 die
3173 5125 3524 5192 Parasceves,
3561 5127 3755 5180 eadem

496 5229 687 5283 nempe
716 5231 824 5284 qua
865 5216 1158 5272 cruciﬁxus
1186 5230 1270 5275 est
1295 5221 1578 5284 Dominus,
1619 5230 1678 5275 ut
1711 5223 1825 5292 ipse
1848 5221 2102 5291 plurimis
2153 5222 2207 5275 in
2243 5222 2379 5277 locis
2419 5221 2680 5276 declarat.
2712 5221 2788 5275 Ea
2826 5238 2959 5277 vero
3006 5221 3074 5275 de
3128 5235 3186 5273 re
3239 5217 3547 5273 audiendus
3586 5215 3757 5270 Tille-

492 5307 751 5371 montius,
784 5323 907 5378 pag.
955 5309 1052 5363 571
1090 5330 1100 5365 :
1135 5311 1409 5384 Reliquum
1439 5316 1602 5386 igitur
1628 5324 1702 5368 est
1734 5323 1790 5367 ut
1827 5316 2102 5368 credamus
2143 5316 2333 5384 festum
2362 5326 2558 5369 sancta:
2591 5315 2863 5370 Domninte
2892 5326 2941 5371 et
2979 5319 3241 5372 sociarum
3289 5317 3602 5380 Antiochiae,
3654 5327 3758 5367 non

493 5413 683 5466 quarta
718 5403 973 5465 Octobris.
1005 5407 1095 5460 sed
1133 5409 1333 5464 decima
1365 5419 1556 5480 quarta
1586 5411 1804 5479 Aprilis,
1838 5427 1944 5480 qua
1968 5412 2052 5464 die
2093 5420 2310 5464 notatur
2347 5413 2402 5464 in
2429 5411 2802 5483 Martyrologio
2828 5413 3135 5484 Hieronymi
3164 5423 3213 5467 et
3245 5413 3492 5473 aliorum,
3532 5413 3762 5467 celebra-

494 5501 604 5548 tum
648 5497 826 5566 fuisse.
869 5497 1017 5561 Quod
1057 5510 1254 5567 spectat
1301 5512 1478 5554 autem
1520 5505 1590 5556 ad
1642 5519 1860 5566 annum,
1909 5519 2009 5573 quo
2057 5503 2138 5556 hw
2172 5503 2292 5556 dure
2336 5502 2567 5556 humilia:
2615 5504 2806 5557 habita:
2858 5513 2999 5566 sunt,
3051 5505 3288 5575 queritur
3337 5501 3757 5574 Chrysostomus,

494 5601 616 5644 tunc
662 5610 912 5662 magnum
963 5598 1182 5650 excitari
1227 5598 1510 5652 tumultum
1543 5617 1659 5653 cum
1691 5601 2026 5654 accederetur
2069 5605 2138 5653 ad
2180 5616 2389 5654 sacram
2421 5601 2875 5654 communionem:
2915 5600 3197 5670 eademque
3233 5598 3402 5650 utitur
3429 5594 3756 5665 querimonia

495 5687 552 5737 in
604 5687 848 5739 concione
901 5689 963 5741 de
1012 5690 1096 5742 die
1140 5689 1348 5754 Natali,
1397 5709 1536 5745 anno
1582 5692 1705 5758 586,
1757 5703 1805 5745 et
1859 5693 1912 5746 in
1966 5693 2207 5746 concione
2258 5692 2322 5745 de
2364 5690 2689 5760 Epiphania,
2744 5693 2926 5761 paucis
2979 5701 3092 5761 post
3133 5691 3310 5744 diebus
3358 5689 3560 5751 habita,
3621 5702 3755 5740 anno

496 5777 619 5832 387.
665 5780 806 5835 Unde
850 5783 1085 5848 fortassis
1125 5785 1274 5854 [397]
1314 5789 1367 5841 in
1409 5787 1716 5842 alterutrius
1757 5791 1885 5843 (nini
1914 5799 2152 5844 sanctam
2179 5788 2507 5844 Parasceven
2533 5787 2874 5844 hate/tomilia
2907 5787 3227 5861 conjicienda
3264 5785 3525 5842 videatur.
3569 5781 3755 5839 Verum
