4066 6392
320 397 416 454 591

321 524 504 577 pacem
545 522 667 562 cum
717 507 878 561 fratre
915 514 1005 559 tuo
1046 508 1147 560 hoc
1185 506 1499 561 sacriﬁcium
1552 506 1748 561 factum
1789 516 1889 562 est.

317 603 371 657 Si
399 602 559 671 igitur
587 609 804 670 propter
835 613 1016 670 pacem
1041 614 1161 655 cum
1192 601 1436 669 proximo
1460 610 1553 655 tuo
1574 600 1889 656 sacriﬁcium

322 691 581 755 offertur,
626 699 681 745 tu
712 704 840 745 vero
883 704 1066 760 pacem
1096 705 1203 744 non
1247 700 1392 746 recte
1435 705 1641 760 servas,
1686 691 1893 749 etiamsi

316 784 561 839 sacriﬁcii
605 785 872 854 particeps
894 783 989 849 sis,
1034 782 1235 838 inutilis
1280 783 1376 838 tibi
1420 782 1536 840 hzec
1562 785 1896 855 participatio

317 876 544 930 efﬁcitur
568 876 685 930 sine
712 875 889 929 studio
914 874 1188 929 servandae
1216 874 1382 945 pacis.
1420 873 1553 931 Illud
1586 891 1712 946 ergo
1750 878 1896 946 prius

317 967 495 1035 facito,
523 984 706 1039 pacem
732 968 934 1022 scilicet
957 982 1081 1022 cura
1098 1007 1114 1033 ,
1148 979 1367 1039 prepter
1392 983 1548 1036 quam
1575 968 1893 1023 sacriﬁcium

318 1062 558 1124 offertur,
604 1070 659 1115 et
697 1070 822 1114 tunc
850 1068 996 1114 recte
1037 1059 1126 1112 illo
1168 1057 1382 1113 frueris.
1426 1059 1714 1129 Propterea
1752 1062 1894 1113 enim

322 1154 488 1209 Filius
522 1152 614 1206 Dei
642 1152 787 1206 venit
832 1151 885 1206 in
930 1149 1225 1216 mundum,
1269 1161 1327 1205 ut
1373 1160 1613 1205 naturam
1659 1162 1893 1206 nostram

319 1247 394 1301 Pa
422 1245 466 1301 ri
483 1243 870 1308 reconciliaret,
901 1242 1347 1311 quemadmodum
1383 1244 1455 1297 ait
1485 1243 1677 1297 Paulus
1702 1261 1716 1298 :
1741 1241 1895 1297 Nunc

316 1351 491 1393 autem
510 1336 847 1391 reconciliavit
872 1335 964 1389 sibi
992 1336 1162 1389 omnia
1216 1334 1405 1404 (Colos.
1436 1337 1484 1389 1.
1509 1335 1626 1405 22),
1656 1352 1743 1403 per
1770 1352 1893 1389 cru-

317 1446 425 1483 cem
450 1428 753 1495 interﬁciens
779 1426 1093 1480 inimicitiam
1112 1427 1164 1480 in
1184 1427 1449 1495 semetipso
1471 1425 1684 1497 (Ephes.
1701 1426 1757 1481 2.
1781 1425 1891 1498 16).

320 1521 446 1577 Ideo
465 1535 567 1574 non
598 1520 711 1589 ipse
738 1520 883 1573 solus
909 1518 1051 1572 venit
1088 1527 1146 1572 ut
1182 1533 1363 1587 pacem
1397 1519 1575 1582 iniret,
1602 1518 1693 1573 sed
1720 1527 1772 1574 et
1797 1534 1895 1575 nos

319 1626 529 1683 quoque
558 1610 740 1664 beatos
772 1611 1045 1679 prmdicat,
1090 1609 1134 1663 si
1177 1610 1322 1679 paria
1365 1607 1652 1673 faciamus,
1692 1624 1894 1679 nosque

320 1716 431 1755 suae
454 1701 829 1771 appellatiOnis
871 1711 1148 1756 consortes
1181 1700 1366 1755 efﬁcit.
1413 1699 1544 1755 Nam
1567 1699 1711 1754 Beati
1752 1702 1895 1768 paci-

318 1792 422 1859 ﬁci,
448 1791 683 1860 quoniam
711 1791 806 1860 ﬁlii
834 1789 930 1845 Dei
954 1790 1263 1844 vocabuntur
1287 1789 1501 1860 (Matth.
1530 1791 1583 1845 5.
1610 1790 1697 1862 9).
1742 1792 1894 1859 Quod

320 1883 498 1952 itaque
524 1881 769 1937 Christus
794 1881 960 1937 Filius
988 1884 1083 1938 Dei
1113 1883 1255 1950 fecit,
1283 1884 1509 1954 idipsum
1540 1893 1595 1939 et
1621 1895 1674 1939 tu
1705 1900 1895 1941 secun-

316 1972 444 2028 dum
491 1974 778 2027 humanam
808 1971 1111 2028 facultatem
1143 1974 1321 2040 facito,
1365 1975 1618 2046 pacisque
1645 1976 1899 2032 concilia-

316 2074 401 2120 tor
428 2073 483 2120 et
510 2065 602 2120 tibi
628 2066 734 2131 sis,
764 2075 819 2121 et
850 2067 1097 2136 proximo
1128 2075 1237 2121 tuo.
1275 2068 1397 2122 ldeo
1426 2067 1591 2122 ﬁlittm
1622 2069 1716 2123 Dei
1742 2079 1898 2124 vocat

313 2157 592 2229 paciﬁcum
628 2174 643 2210 :
674 2173 793 2213 eam
818 2158 889 2212 ob
913 2173 1026 2213 rem
1061 2159 1111 2213 in
1137 2167 1381 2229 tempore
1420 2159 1668 2215 sacriﬁcii
1692 2160 1896 2215 nullum

314 2251 477 2304 alium
504 2258 769 2305 memorat
787 2250 1008 2320 justitize
1030 2250 1266 2316 modum,
1290 2252 1389 2306 nisi
1412 2252 1895 2308 reconciliationem

313 2361 436 2400 cum
479 2344 677 2412 fratre,
721 2343 1008 2400 ostendens
1051 2345 1325 2399 caritatem
1367 2345 1604 2399 omnium
1645 2346 1896 2401 virtutum

316 2439 599 2493 maximam
642 2452 782 2493 esse.
825 2436 1081 2493 Volebam
1122 2453 1272 2504 sane,
1313 2439 1512 2504 dilecti,
1557 2441 1897 2509 prolixiorem

316 2530 514 2584 habere
559 2544 861 2585 sermonem
905 2548 919 2583 :
964 2546 1146 2584 verum
1190 2530 1456 2586 sufﬁciunt
1494 2547 1556 2586 ea
1600 2548 1719 2602 quae
1759 2533 1897 2587 dicta

312 2633 437 2676 sunt
463 2622 548 2689 iis,
574 2622 664 2692 qui
689 2636 875 2677 semen
904 2622 1115 2691 pietatis
1160 2638 1280 2675 cum
1310 2624 1602 2678 attentione
1645 2632 1699 2678 et
1744 2625 1897 2678 intel-

313 2715 527 2785 ligentia
573 2715 890 2785 suscipiunt,
932 2715 1129 2785 quique
1176 2716 1330 2769 dictis
1374 2716 1607 2771 animum
1647 2717 1899 2773 adhibere

312 2806 515 2861 volunt.
562 2806 784 2869 ﬂorum,
830 2822 1033 2875 quaeso,
1064 2808 1345 2861 verborum
1389 2822 1603 2877 semper
1645 2810 1897 2864 recorde-

314 2913 455 2963 mur,
505 2898 877 2967 tremendique
918 2899 1216 2970 amplexus,
1264 2914 1421 2968 quem
1467 2909 1652 2955 mutuo
1688 2899 1897 2954 damus.

315 2990 415 3045 llic
438 2991 582 3046 enim
607 2990 885 3059 amplexus
910 2989 1117 3045 animas
1138 2991 1349 3061 colligat
1369 3002 1599 3057 nostras,
1624 3001 1678 3047 et
1710 3007 1899 3048 omnes

316 3096 480 3137 unum
522 3096 717 3151 corpus
765 3096 829 3135 ac
874 3082 1113 3136 membra
1153 3081 1350 3137 Christi
1395 3083 1557 3137 efﬁcit
1602 3086 1896 3154 :quoniam

313 3172 469 3228 unius
494 3172 735 3242 corporis
762 3172 1046 3242 participes
1070 3186 1255 3227 Sumus
1276 3188 1481 3229 omnes.
1512 3173 1688 3230 Unum
1718 3176 1898 3246 itaque

312 3263 606 3317 secundum
652 3261 731 3318 rei
778 3263 1058 3318 veritatem
1106 3277 1305 3333 corpus
1349 3264 1645 3319 efﬁciamur
1686 3280 1895 3332 omnes,

316 3370 422 3410 non
449 3371 674 3426 corpora
704 3357 1149 3423 commiscentes,
1189 3356 1285 3411 sed
1308 3357 1514 3412 animas
1544 3368 1728 3413 mutuo
1763 3360 1899 3414 cari-

316 3448 440 3501 tatis
468 3448 677 3503 vinculo
699 3447 1034 3518 colligantes.
1077 3448 1133 3503 Si
1177 3448 1320 3503 enim
1366 3449 1436 3503 ita
1483 3450 1754 3518 faciamus,
1799 3448 1899 3507 hac

314 3538 416 3593 frui
444 3553 629 3594 mensa
673 3553 793 3593 cum
824 3538 1012 3594 ﬁducia
1050 3548 1105 3594 et
1147 3552 1177 3593 a
1204 3538 1405 3594 victore
1430 3540 1641 3596 Christo
1679 3540 1890 3596 tandem

1096 403 1184 459 DE
1224 404 1654 461 C(EMETERIO
1692 404 1782 460 ET
1826 405 1913 461 DE
1951 404 2199 461 CRUCE.
2230 430 2301 440 —-—
2328 398 2661 458 MONITUM.

3474 404 3580 459 392

2001 509 2300 563 conciliata:
2327 510 2471 578 pacis
2498 510 2831 579 receptacula
2865 510 2975 566 ﬁeri
3016 513 3329 581 poterimus.
3374 514 3581 572 Etenim

1999 600 2045 654 si
2073 610 2326 654 sexcenta
2363 600 2501 656 bona
2530 614 2691 670 Opera
2738 617 2901 671 penes
2930 619 3027 658 nos
3073 604 3394 672 habeamus,
3426 619 3477 662 et
3506 610 3586 662 in-

1995 690 2259 761 juriarum
2285 706 2551 747 memores
2584 693 2781 760 simus,
2809 694 2985 748 omnia
3014 693 3206 749 frustra
3238 707 3290 751 et
3318 699 3582 752 incassum

2004 782 2228 850 egimus,
2263 782 2501 851 nihilque
2529 783 2651 839 inde
2690 785 2754 839 ad
2784 786 3004 840 salutem
3036 786 3230 842 lucrari
3271 790 3584 857 poterimus.

2000 873 2335 929 Ascensurus
2372 875 2513 929 enim
2558 876 2624 930 ad
2672 876 2884 931 Patrem
2930 879 3191 943 Christus,
3242 880 3359 935 loco
3400 883 3585 952 gloriae

2001 972 2356 1031 temporaneze
2383 974 2437 1021 et
2462 982 2771 1037 magnarum
2798 984 2956 1037 opum
2974 1011 2986 1031 ,
3024 968 3159 1023 hanc
3185 969 3460 1040 discipulis
3492 976 3584 1025 hc-

1999 1054 2278 1110 redilatcm
2327 1057 2573 1126 relinquit
2615 1057 2798 1113 dicens
2843 1057 3077 1113 :Pacem
3117 1077 3278 1113 meum
3317 1061 3383 1115 do
3430 1064 3585 1128 vobis,

2000 1162 2176 1216 pacem
2207 1163 2367 1199 meam
2396 1149 2624 1217 relinquo
2648 1149 2785 1201 vobis
2819 1149 2993 1221 (Joan.
3028 1152 3113 1205 Μ.
3142 1151 3266 1223 27).
3297 1153 3426 1219 Qurc
3454 1153 3587 1207 divi-

2004 1237 2108 1302 tiaa,
2133 1249 2329 1306 quanta
2356 1239 2696 1307 pecuniarum
2723 1243 2872 1311 copia
2904 1243 3184 1311 pretiosior
3205 1242 3366 1298 fuerit
3387 1244 3586 1299 Christi

2000 1344 2160 1399 pace,
2202 1346 2321 1400 qua:
2348 1346 2507 1386 omne
2537 1334 2755 1386 verbmn
2776 1376 2789 1394 ,
2822 1349 3033 1388 onmem
3074 1346 3306 1390 mentem
3334 1337 3587 1406 superati

2001 1422 2112 1476 Hoc
2142 1424 2319 1492 itaque
2358 1438 2477 1477 cum
2508 1423 2667 1478 sciret
2696 1425 2981 1479 Malachias
3013 1427 3270 1496 propheta
3292 1470 3304 1489 ,
3344 1439 3396 1482 et
3422 1444 3585 1498 grave

2001 1523 2055 1567 et
2077 1516 2464 1568 atrocissimum
2491 1531 2608 1569 esse
2635 1515 2918 1579 delictum,
2953 1532 3019 1570 ex
3051 1533 3275 1586 persona
3306 1520 3395 1573 Dei
3436 1520 3585 1574 dice-

2002 1605 2093 1659 bat
2133 1623 2145 1659 :
2189 1603 2389 1674 Popule
2431 1623 2604 1671 meus,
2650 1607 2912 1675 loquimini
2956 1610 3210 1662 veritatem
3248 1612 3589 1682 unusquisque

2000 1711 2113 1748 cum
2141 1698 2374 1766 proximo
2397 1714 2509 1764 suo,
2538 1708 2582 1752 et
2609 1700 2949 1769 unusquisque
2973 1701 3219 1753 malitiam
3244 1703 3295 1755 in
3322 1704 3472 1757 corde
3496 1721 3591 1758 suo

2000 1798 2176 1841 contra
2220 1790 2501 1858 proximum
2528 1806 2681 1845 suum
2698 1808 2797 1846 non
2822 1801 3001 1861 cogitet
3031 1791 3232 1862 injuria:
3271 1811 3459 1847 memor
3495 1811 3513 1848 :
3541 1804 3589 1849 et

1991 1880 2339 1948 juramentum
2366 1880 2586 1935 mendax
2614 1898 2676 1935 ne
2714 1882 2909 1952 diligite
2928 1924 2943 1947 ,
2974 1892 3019 1936 et
3048 1900 3148 1938 non
3180 1887 3458 1940 moriemini
3497 1888 3590 1939 do-

2001 1988 2115 2025 mus
2168 1963 2374 2032 Israel,
2427 1964 2557 2021 dicit
2611 1965 2866 2021 Dominus
2925 1967 3095 2036 (Zaclt
3136 2013 3150 2027 .
3210 1973 3260 2027 8.
3326 1972 3415 2027 16-
3474 1979 3589 2041 l7).

2004 2062 2082 2116 Ac
2111 2062 2156 2117 si
2185 2062 2425 2128 diceret,
2469 2063 2512 2115 si
2552 2064 2722 2119 futuri
2751 2064 2883 2117 estis
2920 2064 3202 2118 mendaces
3222 2107 3237 2131 ,
3276 2065 3586 2133 iniuriarum

2005 2167 2292 2217 memores,
2326 2152 2542 2221 perjnri,
2574 2152 2946 2206 oblivrscentes
2974 2154 3217 2207 mandata
3249 2172 3384 2219 mea,
3415 2167 3587 2211 morte

2004 2245 2325 2298 moriemini.
2374 2244 2498 2298 Haec
2530 2244 2689 2313 igitur
2726 2245 2902 2298 omnia
2933 2248 3164 2301 scientes
3187 2288 3200 2312 ,
3232 2248 3445 2313 dilecti,
3476 2264 3591 2301 om-

2005 2353 2125 2391 nem
2157 2338 2424 2391 solvamus
2448 2336 2611 2402 iram,
2640 2352 2823 2406 pacem
2863 2350 3047 2392 mutuo
3076 2354 3378 2407 servemus,
3407 2342 3591 2396 avulsa

2007 2429 2255 2497 nequitia:
2286 2429 2463 2483 radice
2509 2440 2834 2500 purgataque
2875 2431 3240 2496 conscientia;
3286 2448 3407 2485 cum
3439 2448 3589 2486 πιθη-

2004 2522 2284 2576 suetudine
2324 2530 2379 2577 et
2408 2522 2668 2577 modestia
2708 2538 3002 2593 magnaque
3045 2525 3239 2594 pietate
3273 2526 3337 2578 ad
3368 2525 3594 2581 horren-

2005 2613 2194 2666 dorum
2242 2620 2298 2666 et
2348 2613 2663 2667 terribilium
2711 2615 3085 2686 mysteriorum
3138 2617 3593 2686 participationem

2005 2703 2323 2758 accedamus
2343 2744 2359 2767 ,
2392 2719 2499 2757 non
2532 2704 2897 2774 impellentes,
2928 2721 3032 2759 non
3060 2707 3293 2761 calcibus
3330 2707 3594 2776 impeten-

2007 2802 2105 2859 tcs,
2155 2810 2258 2847 non
2302 2810 2422 2848 cum
2464 2800 2684 2864 strepitu
2715 2805 2769 2851 et
2811 2798 3044 2851 clamore
3070 2796 3429 2852 vociferantes
3452 2842 3466 2863 ,
3498 2799 3593 2853 sed

2005 2900 2123 2939 eum
2149 2888 2341 2939 timore
2380 2895 2435 2941 et
2461 2897 2694 2942 tremore
2720 2904 2928 2955 magno,
2961 2905 3079 2942 cum
3111 2891 3516 2958 compunctione
3539 2900 3596 2945 et

2007 2977 2258 3049 lacrymis
2286 2996 2300 3033 :
2332 2988 2388 3032 ut
2417 2979 2676 3048 benignus
2704 2982 2791 3035 ille
2820 2982 3091 3047 Dominus,
3124 2984 3399 3052 pacificum
3431 2985 3592 3038 animi

2005 3079 2220 3135 statum,
2252 3086 2355 3123 non
2382 3071 2683 3124 simulatam
2709 3073 3011 3136 caritatem,
3061 3080 3112 3126 et
3148 3071 3369 3126 fraterni
3395 3075 3594 3129 amoris

2005 3161 2329 3215 consortium
2353 3177 2582 3230 superne
2604 3163 2913 3231 respiciens,
2937 3172 2990 3217 et
3016 3163 3096 3217 his
3117 3163 3217 3215 bon
3232 3163 3274 3216 is
3296 3172 3349 3217 et
3370 3165 3596 3232 promis-

2004 3251 2079 3306 sis
2105 3267 2202 3306 nos
2229 3266 2414 3306 omnes
2450 3252 2697 3321 dignetur
2718 3293 2731 3315 ,
2762 3254 2926 3323 gratia
2952 3262 3007 3307 et
3032 3253 3355 3323 benignitate
3385 3256 3592 3310 Domini

2005 3343 2173 3396 nostri
2212 3342 2336 3397 Jesu
2362 3342 2597 3408 Christi,
2631 3345 2841 3413 quicum
2873 3345 3035 3410 Patri,
3062 3353 3117 3399 et
3141 3361 3243 3399 una
3269 3355 3452 3399 sancto
3475 3346 3595 3416 Spi-

2002 3432 2130 3487 ritui
2150 3474 2164 3496 ,
2200 3432 2366 3502 gloria
2388 3474 2402 3498 ,
2436 3432 2715 3503 imperium
2736 3474 2751 3501 ,
2784 3433 2988 3501 honor,
3019 3449 3159 3489 nunc
3187 3444 3240 3490 et
3263 3450 3496 3506 semper,
3538 3444 3596 3491 et

2004 3524 2060 3579 in
2088 3524 2284 3579 saecula
2308 3524 2651 3579 surculorum.
2681 3525 2875 3580 Amen.

1712 4220 2197 4281 ADMONITIO.

331 4484 473 4521 anno
524 4468 623 4525 586
665 4468 856 4539 festum
891 4482 1088 4527 sancta:
1133 4473 1426 4539 Domnina’,
1478 4474 1583 4528 sive
1637 4474 1839 4527 decima
1891 4485 2083 4544 quarta
2127 4475 2237 4527 dies
2265 4474 2480 4545 Aprilis,
2510 4476 2781 4528 undecimo
2821 4482 2937 4544 post
2982 4472 3331 4539 Parasceven,
3372 4481 3421 4525 et
3456 4489 3596 4526 anno

331 4565 437 4620 587
470 4567 744 4621 undecimo
783 4578 905 4621 ante
950 4566 1293 4623 Parasceven'
1320 4571 1402 4623 die
1440 4571 1759 4624 occurrebat.
1792 4568 2126 4623 Probabilius
2158 4587 2278 4640 ergo
2309 4572 2568 4640 referatur
2594 4571 2650 4622 in
2695 4586 2892 4622 annum
2928 4569 3052 4634 592,
3092 4586 3192 4638 quo
3222 4567 3427 4621 Pascha
3464 4569 3597 4621 cele-

331 4661 587 4717 brabatur
627 4665 871 4718 vicesima
918 4674 1101 4718 octava
1168 4666 1368 4729 Martii,
1424 4675 1471 4719 et
1521 4668 1724 4719 decima
1787 4675 1980 4736 quarta
2040 4665 2237 4733 Aprilis
2281 4666 2582 4718 occurrebat
2636 4666 2915 4718 octodecim
2962 4663 3139 4716 diebus
3198 4671 3310 4730 post
3359 4673 3599 4715 sanctam

333 4757 684 4812 Parasceven.
728 4758 842 4813 Imo
886 4759 1071 4829 viginti
1117 4759 1253 4823 dies,
1292 4758 1334 4811 si
1368 4758 1679 4812 vicesimam
1711 4769 1919 4813 sextam
1966 4756 2141 4810 Martii
2172 4772 2277 4827 qua
2314 4756 2661 4821 Parasceves,
2700 4766 2754 4811 et
2772 4740 3056 4811 'decimam
3092 4764 3343 4824 quartam
3377 4755 3600 4824 Aprilis,

333 4866 442 4919 qua
486 4851 542 4905 S.
582 4852 863 4906 Domnina:
902 4852 1101 4906 festum
1152 4851 1547 4914 celebrabatur,
1593 4866 1976 4906 connumeres.

408 4947 503 5001 His
555 4947 862 5016 adjicimus,
909 4961 1009 4999 nos
1049 4962 1112 4999 ex
1159 4946 1529 5000 admonitione
1556 4946 1697 4999 circa
1728 4948 2021 5000 tumultum
2054 4945 2108 4997 in
2146 4942 2455 4997 accedendo
2483 4941 2552 4996 ad
2584 4956 2792 4997 sacram
2822 4940 3259 4996 communionem
3313 4957 3420 4995 non
3464 4943 3603 4995 mul-

337 5046 453 5092 tum
503 5039 731 5104 moveri,
782 5048 839 5092 ut
882 5056 1001 5093 eam
1045 5039 1129 5093 vel
1163 5041 1214 5090 in
1250 5054 1450 5091 annum
1484 5037 1608 5100 586,
1641 5038 1726 5091 vel
1779 5040 1834 5091 in
1865 5053 2069 5091 annum
2094 5036 2197 5090 587
2239 5034 2612 5103 conjiciamus.
2644 5033 2829 5103 Neque
2864 5035 3009 5088 enim
3036 5034 3088 5087 in
3126 5034 3364 5088 homiliis
3394 5043 3603 5088 tantum

332 5134 403 5189 de
446 5134 626 5187 Natali
670 5144 725 5187 et
763 5136 829 5187 de
871 5133 1211 5203 Ephiphania
1260 5133 1558 5186 admonitio
1605 5132 1918 5200 huiusmodi
1971 5132 2229 5195 occurrit,
2271 5130 2367 5185 sed
2407 5131 2570 5183 etiam
2614 5128 2669 5181 in
2710 5129 2929 5182 homilia
2973 5129 3297 5198 praecedenti
3345 5129 3421 5183 De
3451 5130 3604 5183 Juda:

332 5225 652 5295 proditione,
708 5225 864 5293 cujus
905 5240 1109 5278 annum
1154 5224 1429 5294 assignare
1467 5238 1576 5275 non
1619 5222 1916 5291 potuimus.
1951 5221 2091 5287 Quid
2139 5221 2284 5275 enim
2328 5219 2657 5275 incommodi
2688 5220 2928 5283 accedat,
2971 5220 3016 5272 si
3065 5236 3328 5288 ponamus
3360 5219 3598 5292 Chryso-

337 5328 577 5371 stomum
618 5318 804 5372 multis
853 5318 1125 5387 variisque
1170 5320 1348 5381 annis,
1382 5317 1507 5388 quia
1541 5333 1639 5387 par
1670 5318 1936 5371 tumultus
1969 5334 1998 5372 a
2046 5318 2244 5387 populo
2275 5318 2668 5379 concitabatur,
2713 5316 2901 5370 eadem
2940 5316 3018 5369 uti
3057 5317 3432 5371 adhortatione
3467 5334 3603 5386 opus

337 5412 643 5465 habuisse?
681 5410 891 5465 Meliori
937 5412 1101 5482 igitur
1142 5411 1350 5466 calculo
1394 5412 1450 5466 in
1491 5426 1694 5465 annum
1746 5410 1849 5465 59:2
1899 5410 2199 5465 referamus
2238 5429 2251 5464 :
2286 5412 2387 5465 etsi
2436 5426 2543 5464 non
2590 5409 2768 5463 omnis
2808 5424 3034 5477 prorsus
3067 5409 3282 5463 tollatur
3318 5410 3601 5465 dubitandi

337 5521 502 5560 causa
538 5524 550 5559 :
583 5521 710 5559 nam
747 5518 806 5559 ut
838 5505 1074 5559 diximus
1119 5504 1323 5559 Monito
1372 5506 1427 5558 in
1476 5504 1724 5559 homilias
1767 5513 1949 5557 contra
1994 5503 2224 5567 Judazos,
2275 5503 2495 5558 Tabulae
2528 5504 2838 5573 paschales,
2881 5517 3003 5571 qua:
3048 5511 3176 5556 sunt
3205 5500 3601 5571 posterioribus

337 5597 549 5651 saeculis
581 5596 945 5664 concinnatae,
977 5611 1101 5652 cum
1142 5595 1417 5651 veteribus
1460 5595 1683 5651 calculis
1722 5610 1835 5649 non
1872 5595 2206 5649 concordare
2251 5594 2408 5650 facile
2453 5602 2702 5665 possunt,
2733 5595 2909 5666 iisque
2950 5610 3061 5649 non
3093 5594 3315 5651 omnino
3351 5594 3483 5649 ﬁdes
3512 5602 3599 5649 est

341 5693 614 5749 habenda.

411 5786 595 5844 Jacobi
642 5784 879 5844 Gretseri
931 5784 1445 5859 interpretationem
1492 5784 1761 5849 Latinam,
1808 5783 2015 5857 aliquot
2056 5784 2112 5841 in
2154 5784 2286 5842 locis
2330 5784 2663 5858 castigatam,
2706 5782 2999 5840 edidimus.
