4066 6392
1181 373 1238 428 S.
1278 371 1566 430 JOANNIS
1604 371 2094 434 CIIRYSUSTOMI
2133 375 2456 434 ARCIIIEP.
2499 374 3046 432 CONSTANTINOP.

3635 375 3737 430 39s

552 754 3730 780 W

1439 1047 1514 1105 IN
1569 1046 1775 1110 COEM
1788 1048 2058 1110 ETERII
2116 1047 2790 1112 APPELLATIONEM

959 1391 1036 1435 ET
1081 1393 1142 1435 IN
1189 1393 1437 1437 CRUCEM
1480 1395 1703 1440 DOMlNl
1745 1397 1821 1440 ET
1862 1398 1966 1442 DEI
2011 1399 2084 1442 ET
2125 1401 2507 1446 SALVATORIS
2555 1403 2776 1447 NOSTRI
2818 1404 2966 1448 JESU
3010 1406 3271 1450 CHRISTI.

555 1937 602 1987 1.
643 1932 746 1990 Cur
773 1945 913 1987 extra
937 1934 1180 1986 civitatem
1208 1934 1379 1986 concio
1403 1935 1699 2000 haberetur;
1727 1935 2060 1990 caemetm'um

482 2025 613 2078 snde
636 2025 844 2077 dictum.
876 2056 946 2064 —
963 2025 1114 2094 Saepe
1136 2025 1275 2092 apud
1297 2025 1531 2080 aninmm
1554 2041 1730 2080 meum
1751 2026 2022 2096 disquisivi
2039 2068 2055 2094 ,

481 2120 630 2184 cujus
658 2117 822 2186 gratia
854 2118 1084 2186 majores
1129 2117 1328 2181 nostri,
1360 2118 1557 2172 relictis
1585 2118 1786 2172 (edibus
1805 2159 1820 2183 ,
1843 2134 1974 2188 quas
2005 2119 2057 2175 in

483 2209 698 2262 urbibus
739 2209 960 2271 habent,
985 2209 1099 2276 lege
1129 2210 1227 2261 lata
1255 2209 1566 2272 statuerint,
1601 2218 1656 2262 ut
1681 2219 1828 2264 extra
1869 2210 2057 2263 civita-

481 2311 586 2355 tem
617 2301 792 2364 hodie,
823 2312 876 2355 et
901 2301 1113 2371 quidem
1154 2301 1204 2354 in
1237 2301 1338 2355 hoc
1364 2302 1484 2356 loco
1518 2303 1567 2354 in
1594 2302 1905 2355 concionem
1929 2316 2058 2355 con-

481 2395 782 2448 veniremus
809 2413 821 2446 :
857 2410 1026 2463 neque
1052 2395 1191 2446 enim
1237 2394 1353 2448 sine
1379 2409 1558 2456 causa,
1589 2408 1760 2461 neque
1785 2402 1989 2447 temere
2007 2393 2057 2447 id

479 2486 667 2540 fecisse
689 2486 950 2538 videntur.
981 2486 1237 2553 Quocirca
1261 2494 1314 2538 et
1337 2500 1550 2538 causam
1583 2483 1844 2553 indagavi,
1865 2495 2056 2538 etcum

483 2577 573 2634 Dei
610 2579 776 2648 gratia
823 2579 995 2633 inveni
1030 2579 1228 2648 justam
1267 2593 1406 2641 esse,
1437 2586 1492 2631 et
1543 2578 1734 2630 rationi
1776 2585 2060 2632 consenta-

479 2685 632 2726 ueam
659 2713 673 2736 ,
703 2671 1056 2740 praesentique
1096 2671 1231 2724 festo
1273 2678 1683 2738 competente-tn.
1729 2669 1858 2736 Quae
1901 2668 2060 2739 igitur

478 2777 633 2818 causa
678 2764 796 2818 est?
837 2763 1024 2816 Crucis
1069 2763 1378 2816 memoriam
1426 2763 1649 2831 agimus.
1683 2763 1748 2814 At
1777 2762 2058 2816 crucitixus

479 2867 626 2909 extra
658 2855 924 2910 civitatem
955 2855 1099 2909 cruci
1131 2855 1317 2908 artixus
1343 2864 1460 2908 est:
1495 2864 1772 2924 propterea
1799 2865 1951 2908 extra
1981 2855 2058 2908 ci-

478 2949 692 3000 vitatem
746 2962 844 3002 nos
879 2947 1195 3000 eduxerunt.
1237 2945 1369 2999 Nam
1410 2957 1710 3014 pastorem,
1738 2945 1939 3013 inquit,
1969 2959 2056 2998 se-

477 3049 708 3108 quuntur
727 3054 873 3092 oves.
901 3037 1000 3093 Ubi
1022 3054 1148 3092 vero
1174 3053 1267 3092 rex
1290 3078 1306 3103 ,
1334 3037 1404 3091 ibi
1431 3043 1486 3091 et
1512 3037 1704 3091 milites
1727 3055 1741 3099 ;
1772 3046 1826 3090 et
1854 3035 1940 3091 ubi
1970 3050 2060 3090 ca-

476 3131 660 3196 daver,
695 3131 761 3184 ibi
794 3141 846 3184 et
870 3129 1059 3199 aquilic
1089 3128 1318 3200 (Matth.
1345 3130 1437 3184 24.
1491 3126 1605 3200 28).
1641 3127 1745 3184 Sed
1774 3137 1923 3184 extra
1969 3127 2049 3182 ci-

480 3221 695 3276 vitatem
752 3222 887 3275 hanc
931 3221 1141 3292 quidem
1189 3221 1258 3276 ob
1301 3236 1514 3276 causam
1567 3220 2054 3293 (congregantur).

475 3313 740 3368 C:eterum
785 3313 921 3367 hanc
965 3328 1084 3367 esse
1117 3328 1326 3367 causam
1354 3355 1368 3378 ,
1415 3313 1581 3367 satius
1627 3312 1868 3368 fortassis
1897 3311 2058 3368 fuerit

476 3406 846 3460 demonstrare
893 3405 1040 3474 prius
1087 3419 1152 3459 ex
1191 3404 1383 3458 divinis
1433 3403 1721 3474 Scripturis
1751 3421 1763 3457 :
1795 3420 1863 3459 nc
1914 3406 2057 3459 enim

475 3498 790 3553 existimetis
821 3498 958 3551 hanc
991 3513 1112 3552 esse
1139 3497 1500 3565 conjecturam
1533 3507 1800 3560 nostram,
1834 3496 2055 3552 Paulum

479 3591 627 3646 vobis
672 3601 858 3646 testem
887 3591 973 3644 do.
1007 3589 1141 3655 Quid
1179 3591 1336 3659 igitur
1375 3590 1464 3645 ille
1510 3590 1582 3642 ait
1625 3591 1692 3643 de
1739 3591 2058 3645 sacriﬁciis?

479 3685 706 3748 Quorum
735 3683 866 3736 enim
913 3683 1210 3734 animalium
1246 3683 1460 3752 infertur
1494 3682 1698 3752 sanguis
1728 3698 1819 3751 pro
1846 3682 2059 3749 peccatis

477 3777 528 3828 in
570 3784 743 3830 sancta
785 3789 874 3842 per
913 3772 1246 3843 Ponti/irem,
1291 3776 1470 3826 horum
1518 3789 1730 3844 corpora
1771 3785 2060 3828 cremantur

477 3877 618 3920 extra
641 3877 806 3920 castra
836 3864 856 3938 (
886 3864 1040 3918 Ilebr.
1073 3866 1158 3917 13.
1191 3866 1316 3933 ll').
1349 3865 1571 3942 Propter
1612 3865 1750 3935 quod
1782 3876 1835 3920 et
1863 3865 2017 3921 Jesus
2039 3909 2053 3932 ,

477 3969 534 4014 ot
560 3958 915 4014 sanctiﬁcaret
944 3973 1038 4027 per
1063 3973 1215 4010 suum
1258 3943 1566 4026 sanguinem
1605 3959 1850 4027 (vopulum
1870 4002 1884 4025 ,
1908 3970 2058 4014 extra

478 4061 683 4120 portam
713 4064 898 4118 passus
923 4058 1023 4102 est.
1067 4049 1334 4104 Exeamus
1363 4049 1519 4118 igitur
1557 4050 1622 4103 ad
1650 4067 1770 4105 eum
1797 4062 1945 4105 extra
1971 4067 2061 4106 ca-

476 4156 618 4209 stra,
647 4143 1023 4211 improperium
1053 4142 1166 4210 ejus
1197 4153 1485 4210 portantes.
1521 4143 1653 4197 Dixit
1677 4185 1690 4208 ,
1715 4144 1874 4211 jussit
1917 4145 2056 4198 Pan-

477 4236 597 4300 lus;
626 4234 1107 4301 obtcmperavitnus
1127 4273 1143 4296 ,
1171 4233 1453 4288 exivimus.
1496 4233 1656 4287 Extra
1688 4234 1844 4305 igitur
1867 4235 1966 4290 hac
1991 4235 2060 4291 de

477 4342 634 4381 causa
662 4340 1066 4394 congregantur.
1101 4327 1167 4377 At
1196 4324 1345 4393 cujus
1370 4325 1540 4394 gratia
1572 4325 1621 4378 in
1653 4323 1754 4378 hoc
1783 4329 2056 4396 martyrio,

477 4434 582 4472 non
629 4419 680 4471 iu
723 4418 870 4470 alio?
898 4417 1105 4471 Etenim
1143 4416 1322 4470 divino
1353 4432 1571 4472 munere
1609 4433 1940 4488 quocumque
1992 4432 2058 4470 ex

478 4511 642 4564 latere
680 4509 806 4563 urbs
851 4519 1029 4562 nostra
1069 4519 1375 4562 sanctorum
1419 4509 1654 4578 reliquiis
1677 4507 2058 4562 circummuni-

479 4611 580 4653 tur.
612 4601 774 4668 Cujus
819 4600 974 4668 igitur
1000 4598 1164 4669 gratia
1200 4598 1317 4664 hic,
1352 4614 1456 4652 non
1492 4600 1544 4653 in
1570 4599 1674 4652 alio
1704 4600 1954 4669 martyrio
1979 4596 2053 4669 (a)

478 4707 573 4745 nos
615 4692 901 4747 convenire
944 4692 1222 4744 voluerunt
1267 4691 1496 4760 majores
1543 4691 1756 4745 nostri?
1796 4691 1926 4759 Quia
1971 4691 2058 4745 hic

479 4795 804 4837 mortuorum
835 4783 1118 4837 multitudo
1158 4783 1254 4836 sita
1283 4793 1382 4836 est.
1418 4782 1548 4837 Cum
1578 4783 1734 4853 igitur
1761 4781 1919 4837 hodie
1951 4782 2059 4836 Do-

479 4874 651 4928 minus
684 4875 750 4928 ad
779 4883 1015 4927 mortuos
1041 4873 1407 4936 descenderit,
1430 4888 1491 4928 ea
1521 4873 1588 4928 dc
1611 4889 1769 4928 causa
1799 4873 1884 4927 hic
1907 4874 2058 4928 colli-

475 4968 668 5035 gimur,
689 4967 757 5020 ob
785 4965 835 5019 id
866 4965 979 5034 ipse
1001 4966 1158 5019 etiam
1191 4965 1338 5018 locus
1363 4965 1728 5019 casmeterium
1757 4965 2057 5019 nominatus

477 5067 558 5112 est
582 5075 594 5110 :
620 5066 676 5111 ut
700 5057 892 5120 discas,
920 5067 1177 5124 mortuos,
1211 5066 1264 5111 et
1287 5072 1381 5112 eos
1406 5058 1492 5128 qui
1525 5057 1610 5112 hic
1637 5058 1745 5124 siti,
1775 5073 1880 5111 non
1908 5074 2055 5112 mor-

478 5160 631 5215 tuos,
663 5149 756 5203 sed
803 5165 991 5203 somno
1033 5150 1339 5219 consopitos
1369 5164 1488 5204 esse
1529 5158 1582 5203 et
1627 5149 1880 5204 dormire.
1921 5148 2054 5203 Nam

476 5253 598 5296 ante
626 5241 818 5296 Christi
850 5243 1132 5297 adventum
1177 5257 1321 5295 mors
1365 5257 1557 5295 nomen
1589 5243 1776 5295 mortis
1805 5242 2052 5296 habebat.

481 5333 838 5402 Quacumque,
873 5333 1079 5400 inquit,
1110 5333 1191 5387 die
1235 5334 1547 5387 comederitis
1589 5334 1652 5386 de
1699 5335 1863 5403 ligno,
1896 5343 2055 5389 morte

480 5425 758 5479 moriemini
784 5423 803 5497 (
828 5423 956 5479 Gen.
987 5425 1041 5478 2.
1076 5426 1141 5478 17
1169 5426 1207 5496 ).
1236 5424 1301 5478 Ει
1330 5425 1519 5479 iterum
1545 5442 1558 5478 :
1587 5424 1768 5478 Anima
1796 5441 1909 5494 qua:
1933 5441 2051 5495 pec-

537 5558 607 5620 fa)
644 5557 944 5621 Martyrium,
974 5559 1017 5607 id
1041 5568 1134 5616 est,
1160 5557 1367 5621 ecclesia
1388 5564 1646 5620 martyrum
1663 5557 1860 5621 nomine
1881 5571 2052 5607 conse-

469 5618 617 5683 crata,
638 5618 714 5668 vel
740 5618 787 5668 iu
805 5635 897 5683 qua
920 5629 1180 5683 martyrum
1203 5631 1311 5668 ossa
1323 5618 1541 5683 deposita
1559 5627 1685 5683 sunt.
1707 5619 2053 5683 \‘oxrfrequens

471 5681 597 5740 apud
624 5680 885 5743 scriptores
909 5680 1275 5731 ecclesiasticos.
1304 5681 1418 5729 Vide
1441 5693 1551 5743 quae
1573 5680 1783 5729 diximus
1807 5682 1853 5728 in
1880 5681 2050 5729 mlitio-

473 5754 537 5789 ne
560 5749 605 5790 s.
630 5743 863 5792 Athanasii
900 5744 947 5792 in
969 5745 1283 5795 onomastico.
1328 5743 1442 5793 Vide
1481 5743 1628 5794 etiam
1661 5743 1945 5793 (nmium
1969 5751 2045 5791 Gr.

472 5803 630 5865 ’.Ἀυεὶἱ
651 5803 710 5855 ad
736 5818 903 5855 vocem
924 5817 1130 5868 μαρτύρων.

2165 1945 2281 2002 cat,
2305 1937 2418 2005 ipsa
2445 1937 2687 1990 morietur
2730 1934 2750 2006 (
2771 1935 2956 1992 Ezech.
2989 1938 3073 1992 18.
3095 1937 3227 2010 20).
3275 1939 3341 1995 Et
3369 1941 3530 1996 David
3555 1959 3568 1996 :
3600 1943 3743 2000 Mors

2169 2036 2486 2094 peccatorum
2515 2028 2650 2080 mala
2677 2026 2696 2098 (
2719 2027 2863 2082 Psal.
2889 2029 2976 2084 55.
3004 2029 3072 2082 22
3096 2032 3114 2102 )
3145 2046 3160 2084 :
3192 2047 3406 2099 rursus,
3440 2033 3666 2089 Pretiosa
3689 2038 3742 2090 in

2166 2127 2430 2186 conspectu
2455 2115 2657 2170 Domini
2685 2134 2818 2173 mors
2844 2129 3129 2174 sanctorum
3154 2123 3264 2190 ejus
3285 2122 3452 2197 (Psal.
3476 2127 3597 2182 115.
3627 2126 3740 2199 15).

2162 2207 2229 2262 Et
2255 2207 2376 2274 Job,
2407 2208 2546 2263 Mors
2574 2211 2680 2264 uiro
2707 2211 2897 2282 requies
2919 2211 3042 2280 (Job
3095 2213 3146 2267 5.
3177 2212 3270 2268 25.
3299 2225 3346 2269 et
3370 2217 3453 2270 17.
3484 2217 3598 2289 16).
3630 2219 3738 2273 Ne-

2162 2314 2266 2366 que
2289 2299 2459 2353 solum
2499 2314 2663 2364 mors,
2686 2301 2780 2354 sed
2810 2311 2862 2354 et
2883 2301 3118 2356 infernus
3144 2305 3450 2363 vocabatur.
3473 2309 3605 2363 Audi
3635 2310 3738 2364 Da-

2161 2389 2336 2443 videm
2390 2389 2654 2446 dicentem
2703 2409 2715 2444 :
2758 2390 3110 2448 Verumtamen
3161 2394 3298 2450 Deus
3338 2409 3474 2452 eruet
3519 2401 3742 2457 animam

2163 2496 2323 2534 meam
2347 2481 2410 2533 de
2438 2498 2589 2534 manu
2614 2483 2785 2552 inferi,
2813 2499 2930 2536 cum
2956 2486 3201 2555 acceperit
3229 2503 3306 2540 me
3335 2486 3504 2555 (Psal.
3521 2489 3738 2564 £8.16);

2161 2580 2214 2625 et
2245 2571 2410 2627 Jacob
2428 2614 2443 2639 ,
2478 2571 2740 2627 Deducetis
2766 2584 3065 2628 senectutem
3103 2592 3264 2630 meam
3297 2595 3411 2632 cum
3439 2597 3648 2635 maerore
3671 2583 3742 2635 ad

2162 2665 2416 2735 infernum
2441 2663 2605 2736 (Gen.
2631 2665 2721 2720 42.
2750 2666 2880 2737 58).
2912 2667 3038 2721 llaec
3065 2670 3278 2723 noniina
3305 2669 3531 2726 habebat
3567 2673 3742 2728 obitus

2163 2765 2344 2810 noster
2386 2757 2643 2811 anteactis
2687 2759 3011 2828 temporibus
3042 2771 3136 2814 :at
3184 2771 3459 2832 postquam
3497 2761 3743 2822 Christus

2162 2851 2325 2916 venit,
2361 2857 2416 2904 et
2447 2866 2542 2919 pro
2586 2851 2766 2904 mundi
2798 2851 2902 2906 vita
2942 2862 3166 2908 mortem
3215 2856 3410 2922 subiit,
3441 2872 3584 2912 mors
3631 2874 3741 2913 non

2161 2939 2390 3008 amplius
2423 2953 2639 2995 vocatur
2667 2957 2844 3010 mors,
2871 2945 2964 2998 sed
2991 2959 3212 2999 somnus
3236 2955 3289 3000 et
3311 2946 3580 3001 dormitio.
3612 2949 3747 3005 Dor-

2163 3032 2436 3086 mitionem
2468 3033 2726 3102 appellari
2753 3043 3014 3090 testantur
3041 3037 3130 3090 illa
3161 3038 3368 3091 Domini
3397 3039 3554 3094 verba
3587 3055 3601 3092 :
3634 3039 3743 3094 ια-

2159 3139 2310 3177 sarus
2337 3125 2530 3180 amicus
2553 3136 2720 3181 noster
2743 3127 2926 3181 dormit
2947 3127 2967 3202 (
2987 3127 3144 3182 Joan.
3189 3132 3272 3186 11.
3303 3131 3363 3185 11
3389 3130 3428 3201 ).
3457 3131 3571 3187 Non
3599 3133 3745 3189 enim

2163 3215 2312 3279 dixit,
2344 3216 2580 3272 Mortuus
2606 3227 2707 3281 est,
2739 3220 2980 3289 quamvis
3008 3236 3195 3276 revera
3224 3231 3461 3278 mortuus
3488 3234 3649 3280 esset.
3673 3225 3746 3282 Ut

2161 3321 2291 3361 vero
2322 3307 2582 3378 intelligas
2609 3325 2800 3365 nomen
2830 3311 3164 3366 dormitionis
3191 3316 3525 3384 peregrinum
3555 3315 3740 3382 fuisse,

2161 3397 2439 3454 considera
2463 3399 2732 3470 quomodo
2759 3399 2861 3456 hoc
2897 3402 3080 3456 audito
3121 3406 3334 3460 nomine
3361 3405 3600 3475 discipuli
3631 3416 3746 3460 tur-

2159 3491 2378 3557 bentur,
2401 3503 2454 3546 et
2478 3493 2658 3548 dicant
2681 3511 2695 3547 :
2720 3491 2956 3560 Domine,
2979 3497 3022 3549 si
3047 3497 3250 3560 dormit,
3273 3498 3440 3552 salvus
3463 3501 3556 3553 erit
3580 3499 3744 3571 (Ibid.

2160 3597 2208 3634 υ.
2237 3582 2346 3654 12).
2377 3583 2524 3637 Adeo
2553 3600 2656 3638 non
2689 3585 3085 3648 intellexerant,
3113 3588 3236 3655 quid
3262 3589 3360 3642 sibi
3387 3591 3584 3644 dictum
3614 3592 3743 3647 illud

2159 3673 2406 3728 voluerit.
2443 3675 2632 3729 lterqu
2662 3675 2892 3731 Paulus:
2925 3675 3063 3748 Ergo
3078 3689 3122 3731 et
3153 3679 3238 3748 qui
3265 3680 3595 3746 dormierunt,
3625 3699 3748 3750 per-

2161 3767 2326 3818 ierunt
2368 3765 2386 3837 (
2409 3768 2458 3821 1.
2491 3765 2609 3822 Cor.
2653 3769 2739 3823 15.
2791 3769 3037 3840 18)?ad
3086 3772 3342 3840 quosdam
3385 3773 3480 3828 ait.
3543 3774 3746 3830 Rursus

2161 3857 2284 3911 alibi
2311 3857 2378 3912 de
2402 3858 2668 3914 defunctis
2693 3860 2916 3930 loquens
2937 3903 2950 3924 ,
2987 3861 3128 3927 Nos,
3161 3864 3356 3933 inquit,
3387 3867 3473 3933 qui
3500 3867 3741 3932 vivimus,

2167 3967 2267 4003 non
2296 3953 2651 4019 prteveniemus
2678 3971 2760 4008 eos
2786 3956 2871 4024 qui
2896 3955 3204 4009 dormierunt
3233 3957 3307 4026 (1.
3341 3955 3518 4012 Thess.
3541 3959 3594 4012 4.
3629 3959 3742 4028 14).

2165 4044 2233 4099 Et
2275 4044 2397 4099 alibi
2432 4064 2446 4099 :
2479 4046 2644 4117 Surge
2665 4087 2680 4112 ,
2709 4048 2795 4116 qui
2841 4047 3030 4100 dormis
3059 4046 3290 4120 (Ephes.
3334 4049 3386 4104 5.
3416 4050 3483 4104 14
3503 4047 3546 4120 ).
3579 4050 3646 4104 Et
3685 4061 3750 4105 ut

2166 4138 2472 4193 ostenderet
2512 4154 2570 4192 se
2615 4139 2682 4193 de
2711 4139 2934 4193 mortuis
2977 4139 3080 4194 hoc
3119 4140 3318 4206 dicere,
3353 4141 3533 4196 addit:
3558 4141 3625 4196 Et
3652 4159 3746 4198 e3-

2164 4246 2315 4301 surge
2339 4246 2371 4282 a
2396 4232 2622 4284 mortuis.
2658 4230 2790 4286 Vide
2811 4232 3078 4301 quomodo
3106 4233 3300 4302 ubique
3329 4248 3471 4288 mors
3497 4235 3746 4291 nomine-

2165 4329 2250 4372 tur
2273 4334 2494 4392 somnus
2521 4339 2533 4374 :
2561 4337 2664 4391 qua
2690 4319 2758 4375 de
2796 4337 2953 4376 causa
2977 4334 3033 4376 et
3062 4322 3210 4378 locus
3245 4325 3567 4388 ctemeterii,
3589 4328 3744 4396 quasi

2162 4411 2331 4479 dicas,
2363 4411 2680 4478 dormitorii,
2713 4429 2904 4469 nomen
2937 4415 3156 4472 invenit.
3187 4416 3328 4471 Utile
3350 4418 3491 4471 enim
3519 4416 3622 4472 hoc
3647 4433 3750 4473 no-

2162 4519 2282 4558 men
2322 4515 2403 4559 est
2423 4548 2435 4567 .
2465 4516 2518 4560 et
2543 4505 2890 4575 philosophia:
2917 4508 3095 4561 multa:
3123 4507 3358 4577 plenum.
3390 4508 3616 4573 Quando
3645 4510 3748 4578 igi-

2163 4605 2248 4650 tur
2292 4595 2394 4650 huc
2441 4604 2706 4651 mortuum
2751 4597 2933 4662 ducis,
2965 4613 3033 4652 ne
3063 4599 3175 4666 ipse
3224 4606 3278 4653 te
3313 4598 3583 4655 concidas.
3624 4599 3743 4654 Non

2161 4690 2301 4742 enim
2335 4689 2505 4756 ipsum
2534 4689 2599 4742 ad
2628 4699 2849 4744 mortem
2869 4731 2883 4752 ,
2911 4690 3007 4744 sed
3042 4691 3108 4744 ad
3135 4705 3380 4744 somnum
3411 4691 3599 4746 ducis:
3633 4691 3746 4746 suf-

2162 4783 2270 4836 ﬁcit
2311 4782 2401 4835 tibi
2435 4798 2624 4837 nomen
2655 4782 2757 4836 hoc
2782 4782 2848 4836 ad
2885 4783 3202 4838 calamitatis
3243 4784 3486 4838 solatium
3516 4794 3571 4838 et
3598 4785 3744 4837 leva.

2160 4890 2303 4927 meo.
2322 4875 2471 4928 Disce
2492 4890 2595 4944 quo
2617 4877 2806 4938 ducas;
2831 4874 2881 4927 in
2905 4875 3268 4938 cmmeterium
3290 4891 3302 4925 :
3329 4883 3382 4928 et
3403 4874 3615 4942 quando
3637 4875 3709 4928 du
3724 4907 3743 4917 -

2160 4967 2275 5030 cis;
2327 4975 2444 5034 post
2490 4977 2714 5020 mortem
2765 4965 2998 5031 Christi,
3028 4974 3301 5035 postquam
3353 4967 3507 5020 nervi
3555 4968 3746 5020 mortis

2159 5059 2320 5112 excisi
2353 5066 2476 5111 sunt
2506 5076 2519 5110 :
2552 5058 2622 5111 ita
2653 5069 2711 5112 ut
2739 5066 2794 5112 et
2833 5073 2862 5111 a
2899 5059 3018 5112 loco
3038 5097 3054 5124 ,
3085 5067 3138 5112 et
3173 5073 3204 5111 a
3235 5067 3473 5126 tempore
3515 5059 3743 5112 multum

2160 5151 2538 5204 consolationis
2566 5151 2838 5220 percipere
2870 5151 3102 5219 possitis.
3145 5150 3368 5204 Maxime
3395 5150 3461 5204 ad
3491 5150 3748 5205 mulieres

2158 5244 2329 5296 oratio
2361 5243 2474 5296 haec
2496 5243 2647 5296 nobis
2678 5243 2988 5306 instituitur,
3014 5258 3134 5295 cum
3165 5258 3328 5296 sexus
3351 5241 3437 5294 hic
3464 5242 3745 5297 all'ectibus

2160 5337 2326 5404 magis
2357 5335 2425 5388 sit
2449 5335 2732 5399 obnoxius,
2764 5344 2818 5388 et
2840 5334 2904 5387 ad
2939 5335 3257 5388 anxietatem
3281 5335 3744 5402 deSperationem-

2158 5442 2261 5494 que
2295 5441 2546 5495 perquam
2575 5426 2840 5494 proclivis.
2869 5425 2972 5480 Sed
3019 5426 3265 5480 idoneum
3299 5425 3462 5479 habes
3489 5425 3736 5494 pharma-

2155 5531 2276 5569 cuin
2319 5515 2536 5572 maerori
2580 5515 2864 5583 leniendo,
2893 5531 3086 5570 nomen
3127 5515 3246 5570 loci.
3279 5515 3566 5584 Propterea
3611 5530 3741 5585 ergo

2160 5609 2244 5662 hic
2271 5622 2676 5677 congregamur.

2225 5700 2276 5752 2.
2305 5697 2357 5750 Μ
2365 5708 2519 5752 artem
2542 5713 2640 5768 quo
2662 5707 2808 5764 pacto
2828 5695 3055 5753 Christus
3077 5698 3328 5752 devicerit.
3361 5695 3601 5765 Infernus
3627 5699 3736 5750 tite-

2156 5807 2333 5846 saurus
2360 5790 2563 5846 dicitur.
2588 5819 2657 5831 ——-
2682 5789 2852 5846 llodie
2898 5791 3038 5846 enim
3082 5790 3258 5845 omnia
3298 5787 3589 5843 inferorum
3621 5785 3737 5842 loca
