4066 6392
294 361 398 447 593

1296 399 1379 456 DE
1414 402 1847 461 C(EMETERIO
1887 406 1974 462 ET
2011 410 2096 480 DE
2135 405 2380 465 CRUCE.

3429 409 3532 463 396

1386 1246 1496 1302 ΕΙΣ
1534 1250 1621 1303 ΤΟ
1655 1248 1893 1303 ONOMA
1928 1250 2066 1304 ΤΟΥ
2101 1248 2612 1312 ΚΟΙΜΗΤΗΡΙΟΥ,

577 1674 684 1729 Καὶ
716 1677 804 1742 είς
835 1675 941 1731 τὸν
977 1675 1240 1744 σταυρὸν
1289 1674 1396 1729 τοῦ
1445 1674 1669 1742 Κυρίου
1701 1676 1800 1727 καὶ
1843 1673 1990 1728 Θεοῦ
2041 1675 2138 1728 καὶ
2174 1671 2448 1742 Σωτῆρος
2487 1669 2656 1741 ἡμῶν
2700 1669 2893 1739 Ἰησοῦ
2923 1671 3203 1742 Χριστοῦ.

364 2317 432 2372 α’.
457 2317 722 2381 Πολλάκις
752 2319 991 2390 ἐζήτησα
1020 2321 1154 2392 πρὸς
1174 2321 1426 2390 ἐμαυτὸν,
1451 2321 1592 2386 τίνος
1613 2323 1798 2378 ἕνεκεν
1813 2325 1864 2378 οί

295 2403 528 2473 πατέρες
557 2403 714 2474 ἡμῶν
743 2404 866 2466 τοὺς
893 2404 1073 2467 οίκους
1111 2405 1236 2467 τοὺς
1289 2405 1613 2476 εύκτηρίους
1639 2409 1764 2470 τοὺς
1800 2408 1857 2459 ἐν

293 2488 412 2548 ταῖς
454 2487 642 2539 πόλεσι
679 2488 1148 2558 παραδραμόντες,
1197 2487 1302 2552 ἔξω
1341 2489 1438 2558 τῆς
1481 2489 1690 2554 πόλεως
1718 2491 1864 2560 ἡμᾶς

295 2571 536 2640 σήμερον
581 2571 674 2623 καὶ
722 2571 954 2624 ἐνταῦθα
1010 2572 1390 2643 ἐκκλησιάζειν
1433 2574 1862 2643 ἐνομοθέτησανο

295 2657 353 2706 οὐ
391 2655 499 2726 γὰρ
536 2655 740 2719 ἁπλῶς,
774 2655 892 2709 ούδέ
916 2657 1040 2726 εἰκῆ
1071 2673 1162 2728 μοι
1192 2656 1409 2710 δοκοῦσι
1440 2657 1597 2710 τοῦτο
1627 2675 1861 2726 πεποιη-

296 2739 468 2791 κέναι.
501 2739 590 2791 Διὸ
613 2740 706 2791 καὶ
739 2740 838 2809 τὴν
868 2739 1044 2792 αἰτίαν
1077 2739 1338 2809 ἐζήτησα,
1367 2740 1462 2793 καὶ
1496 2733 1652 2810 εὖρον
1681 2742 1746 2810 τῇ
1773 2739 1865 2791 τοῦ

295 2822 428 2874 Θεοῦ
459 2823 638 2893 χάριτι
661 2823 872 2876 δικαίαν
899 2820 1064 2877 οὖσαν
1104 2823 1467 2891 καὶέῦλογον,
1501 2826 1593 2876 καὶ
1623 2827 1689 2894 τῇ
1723 2841 1867 2895 παρ-

295 2905 428 2975 ούσῃ
467 2907 780 2976 πρέπουσαν
815 2909 997 2977 ἑορτῇ.
1022 2906 1118 2970 Τίς
1141 2903 1234 2960 οὖν
1263 2909 1408 2960 ἐστιν
1435 2909 1468 2977 ἡ
1491 2908 1670 2972 αἰτία;
1690 2909 1862 2960 Σταυ-

301 2988 393 3058 ροῦ
432 2991 620 3060 μνείαν
665 2990 1023 3061 ἐπιτελοῦμεν
1045 3008 1058 3021 ·
1090 2991 1118 3042 6
1165 2991 1221 3043 δὲ
1253 2991 1587 3060 σταυρωθεὶς
1635 2990 1738 3056 ἔξω
1772 2991 1869 3060 τῆς

297 3074 504 3137 πόλεως
535 3074 852 3146 ἐσταυρώθη
873 3091 888 3104 ο
926 3076 1013 3129 διὰ
1033 3075 1188 3127 τοῦτο
1213 3074 1317 3138 ἔξω
1351 3077 1449 3145 τῆς
1478 3074 1686 3138 πόλεως
1721 3075 1868 3145 ἡμᾶς

296 3159 502 3228 ἧγαγον
525 3157 564 3215 ³.
591 3159 680 3229 Τῷ
711 3161 820 3229 γάρ
850 3158 1088 3228 ποιμένι,
1124 3159 1310 3228 φησὶν,
1337 3159 1618 3212 ἀκολουθεῖ
1641 3158 1709 3212 τὰ
1735 3160 1870 3230 πρό-

297 3241 438 3294 ϐατα
457 3256 468 3266 ·
505 3241 632 3295 ἔνθα
662 3245 690 3294 6
728 3241 997 3313 βασιλεὺς,
1027 3243 1143 3295 ἐκεῖ
1179 3244 1272 3296 καὶ
1308 3245 1356 3296 οἱ
1389 3244 1717 3314 στρατιῶται
1737 3262 1750 3275 ο
1777 3245 1870 3298 καὶ

296 3323 429 3376 ὅπου
463 3325 524 3377 16
557 3326 776 3396 πτῶμα,
827 3327 942 3378 ἐκεῖ
974 3327 1067 3380 καὶ
1101 3327 1149 3378 οἱ
1205 3327 1372 3379 ἀετοί.
1435 3327 1574 3380 Ἀλλ’
1625 3326 1728 3393 ἔξω
1772 3330 1870 3400 μὲν

295 3408 623 3481 τῆςςπόλεως
651 3409 738 3462 διὰ
761 3409 921 3462 τοῦτο
941 3428 956 3441 ·
989 3411 1187 3481 μᾶλλον
1208 3413 1265 3464 δὲ
1303 3411 1566 3483 πρότερον
1586 3413 1868 3483 δείξωμεν,

295 3492 486 3546 ὄτιδιά
508 3494 684 3558 τοῦτο,
724 3495 818 3547 καὶ
843 3495 951 3548 ἀπὸ
985 3495 1093 3548 τῶν
1124 3495 1287 3549 θείων
1321 3495 1575 3567 Γραφῶν.
1616 3496 1736 3550 Ἵνα
1764 3497 1872 3568 γὰρ

299 3577 375 3650 μὴ
403 3580 662 3650 νομίσητε
687 3581 955 3654 ἡμέτερον
983 3576 1121 3634 εἶναι
1153 3581 1476 3652 στοχασμὸν,
1502 3582 1713 3636 Παῦλον
1741 3584 1868 3654 ὑμῖν

294 3663 530 3733 παράγω
560 3664 834 3736 μάρτυρα.
864 3666 928 3718 Τί
953 3661 1045 3719 οὖν
1079 3667 1284 3728 ἐκεῖνός
1318 3684 1450 3738 φησι
1482 3667 1612 3739 περὶ
1637 3667 1746 3720 τῶν
1773 3669 1868 3719 θυ-

297 3746 458 3811 σιῶν;
513 3742 622 3800 Ὧν
673 3748 782 3819 γὰρ
842 3750 1180 3819 εἰσφέρεται
1235 3749 1392 3811 ζώων
1441 3752 1507 3804 τὸ
1549 3747 1693 3820 αἷμα
1735 3751 1868 3818 περὶ

293 3829 585 3898 ἁμαρτίας
615 3835 703 3898 είς
737 3832 809 3886 τὰ
848 3834 986 3903 ἅγια
1013 3835 1111 3888 διὰ
1148 3835 1255 3889 τοῦ
1283 3835 1620 3905 ἀρχιερέως,
1647 3837 1871 3890 τούτων

293 3915 368 3967 τὰ
395 3914 642 3984 σώματα
672 3917 789 3982 ἕξω
820 3917 929 3985 τῆς
955 3920 1339 3989 παρεμϐολῆς
1361 3921 1761 3974 κατακαίεται.
1781 3919 1870 3971 Διὸ

295 4004 390 4056 κα)⁴
433 4004 660 4074 Ἰησοῦς,
693 4007 779 4058 ἵνα
827 4005 1031 4078 ἁγιάσῃ
1073 4006 1160 4059 διὰ
1204 4006 1298 4058 τοῦ
1344 4005 1472 4059 ἰδίου
1519 4006 1750 4076 αἵματος
1779 4003 1870 4056 τὸν

294 4088 444 4154 λαόν,
496 4090 600 4155 ἔξω
651 4092 750 4161 τῆς
799 4091 975 4160 πύλης
1027 4090 1216 4143 ἔπαθε.
1278 4091 1468 4142 Τοίνυν
1525 4085 1871 4159 ἐξερχώμεθα

296 4171 433 4243 πρὸς
456 4174 616 4227 αὑτὸν
643 4173 748 4238 ἔξω
781 4176 881 4245 τῆς
914 4174 1290 4246 παρεμσολῆς,
1326 4174 1416 4227 16v
1449 4172 1748 4242 ὀνειδισμὸν
1774 4173 1871 4224 αὐ-

293 4255 390 4308 τοῦ
420 4256 696 4328 φέροντες.
741 4252 930 4322 Εἶπεν,
972 4258 1225 4311 ἐκέλευσε
1267 4258 1516 4321 Παῦλος’
1556 4255 1870 4326 ὑπηκούσα-

298 4358 418 4411 μεν,
451 4341 768 4411 ἐξήλθομεν.
813 4340 1051 4408 Ἐξωθεν
1079 4337 1172 4395 οὖν
1200 4341 1288 4393 διὰ
1321 4340 1479 4394 τοῦτο
1504 4338 1867 4408 συναγόμεθα.

294 4425 450 4488 Τίνος
496 4426 554 4478 δὲ
593 4425 778 4478 ἕνεκεν
822 4425 881 4478 ἐν
919 4424 996 4495 τῷ
1043 4425 1328 4496 μαρτυρίῳ
1373 4424 1576 4494 τούτῳ,
1615 4424 1710 4476 καὶ
1751 4423 1872 4492 ούχὶ

293 4510 351 4562 ἐν
383 4509 554 4580 ἑτέρῳ
581 4526 595 4574 ;
623 4508 851 4579 Kal-3'de
883 4511 948 4579 τῇ
992 4508 1086 4560 τοῦ
1131 4507 1267 4560 Θεοῦ
1312 4507 1492 4577 χάριτι
1524 4505 1584 4570 ἐξ
1634 4505 1872 4575 ἑκάστης

295 4593 537 4662 πλευρᾶς
564 4597 596 4660 ἡ
623 4592 774 4654 πόλις
797 4595 927 4662 ἡμῖν
942 4595 1052 4654 τοῖς
1080 4590 1353 4660 λειψάνοις
1378 4592 1486 4643 τῶν
1509 4590 1681 4657 ἁγίων
1701 4589 1870 4659 τειχί-

296 4683 467 4746 ζεται.
502 4682 656 4745 Τίνος
691 4676 783 4735 οῦν
821 4680 1006 4733 ἕνεκεν
1050 4679 1304 4740 ἐνταῦθα,
1345 4677 1443 4730 καὶ
1486 4676 1586 4728 οὐκ
1625 4677 1682 4727 ἐν
1729 4675 1873 4744 ἄλλῳ

298 4766 586 4837 μαρτυρίῳ
618 4765 947 4834 συνάγεσθαι
980 4765 1127 4834 ἡμᾶς
1157 4763 1452 4815 ἐκέλευσαν
1501 4760 1550 4812 οἱ
1602 4758 1870 4830 πατέρες;

297 4849 422 4900 Ὅτι
474 4849 708 4903 ἐνταῦθα
759 4849 868 4901 τῶν
927 4846 1132 4918 νεκρῶν
1187 4849 1363 4899 κεῖται
1424 4841 1646 4912 πλῆθος.
1689 4840 1869 4913 [598]

307 4933 462 4987 Ἐπεὶ⁸
497 4931 588 4987 οὖν
625 4935 862 5004 σήμερον
904 4931 1111 5003 Ἰησοῦς
1140 4929 1277 5001 πρὸς
1318 4929 1444 4991 τοὺς
1475 4926 1701 4993 νεκροὺς
1737 4943 1868 4978 κατ-

293 5018 416 5087 έϐη,
451 5017 539 5070 διὰ
585 5017 746 5071 τοῦτο
778 5016 1008 5070 ἐνταῦθα
1044 5010 1433 5084 συλλεγόμεθα.
1467 5011 1565 5063 Διὰ
1591 5009 1748 5062 τοῦτο
1776 5010 1871 5062 καὶ

293 5103 459 5166 αὐτὸς
501 5104 530 5154 6
566 5102 730 5164 τόπος
771 5101 1124 5174 κοιμητήριον
1164 5098 1513 5167 ὠνόμασται,
1557 5095 1645 5148 ἶνα
1694 5094 1871 5165 μάθῃς

292 5189 375 5240 ὅτι
409 5190 456 5239 οἱ
502 5187 952 5258 τετελευτηκότες
991 5187 1086 5238 καὶ
1115 5181 1351 5237 ἐνταῦθα
1398 5180 1640 5251 κείμενοι
1685 5179 1744 5230 ού
1779 5194 1872 5230 τε·

295 5273 584 5343 θνήκασιν,
626 5273 762 5326 ἀλλὰ
788 5272 1093 5343 κοιμῶνται
1127 5269 1221 5323 καὶ
1249 5266 1589 5322 καθεύδουσι.
1623 5264 1737 5335 Πρὸ
1772 5264 1870 5335 μὲν

292 5358 404 5428 γὰρ
430 5359 529 5427 τῆς
566 5358 870 5429 παρουσίας
900 5355 1139 5428 Χριστοῦ
1168 5357 1196 5408 6
1220 5354 1447 5416 θάνατος
1479 5352 1708 5415 θάνατος
1740 5353 1870 5405 ἐκα-

293 5445 458 5498 λεῖτο·
487 5440 570 5517 τῌ
599 5445 676 5499 ἂν
703 5444 893 5513 ἡμέρᾳ.
915 5443 1144 5513 φάγητε
1169 5443 1284 5496 ἀπὸ
1318 5443 1423 5497 τοῦ
1467 5442 1680 5506 ξύλου,
1713 5443 1866 5511 φησὶ,

298 5528 530 5596 θανάτῳ
549 5529 975 5583 ἀποθανεῖσθεο
1005 5530 1098 5582 καὶ
1127 5529 1312 5592 πάλιν,
1355 5526 1528 5596 Ψυχὴ
1558 5528 1594 5594 ἡ
1622 5526 1870 5596 ἁμαρτά-

360 5743 385 5810 _'
411 5741 660 5810 Pint-£19m
686 5755 960 5810 numerum:
986 5743 1120 5790 serie
1141 5741 1374 5810 (arationis
1397 5753 1460 5802 po
1477 5739 1698 5796 -lulanle,
1726 5738 1872 5787 resti-

299 5807 497 5854 luimus.
528 5804 725 5856 Edilum
751 5805 910 5855 fuerat
935 5806 1123 5865 ἢγαγεν.
1152 5805 1285 5855 L‘mr.

1964 2339 2182 2388 νουσα,
2217 2322 2370 2391 αὐτὴ
2406 2323 2501 2377 καὶ
2545 2322 2949 2378 ἀποθανεῖται.
2986 2323 3095 2376 Kal
3136 2325 3164 2377 6
3193 2323 3376 2376 Δαυῖδ⁸
3429 2319 3540 2376 Θά-

1964 2425 2146 2472 νατος
2202 2408 2565 2476 ἁμαρτωλῶν
2603 2408 2899 2475 πονηρός·
2948 2406 3041 2459 καὶ
3099 2408 3279 2471 πάλιν,
3343 2409 3539 2474 Τίμιος

1965 2495 2244 2550 ἐναντίον
2288 2496 2511 2562 Κυρίου
2556 2497 2588 2548 ό
2633 2494 2889 2560 θάνατος
2937 2493 3056 2547 τῶν
3103 2496 3289 2548 ὁσίων
3328 2491 3537 2545 αὐτοῦ,

1967 2578 2076 2632 Kal
2107 2579 2135 2630 6
2173 2576 2313 2630 Ἰώὸ·
2352 2576 2618 2643 Θάνατος
2650 2576 2825 2644 ἀνδρὶ
2867 2577 3232 2642 ἀνάπαυσις.
3276 2575 3410 2645 Οὐχὶ
3441 2574 3540 2627 θάα-

1967 2681 2125 2726 νατος
2159 2663 2214 2715 δὲ
2252 2662 2434 2732 μόνον,
2467 2662 2604 2716 ἀλλὰ
2637 2661 2732 2714 καὶ
2771 2661 2903 2733 ᾅδης
2930 2661 3196 2715 ἐκαλεῖτο.
3232 2662 3341 2712 Kal
3373 2660 3539 2712 ἄκουε

1966 2751 2060 2804 τοῦ
2094 2748 2255 2803 Δαυῒδ
2289 2749 2570 2816 λέγοντος”
2601 2747 2773 2812 Πλὴν
2796 2750 2828 2800 ὁ
2858 2746 3000 2811 Θεὸς
3031 2744 3397 2816 λυτρώσεται
3425 2740 3543 2807 τὴν

1968 2835 2180 2903 ψυχήν
2201 2850 2320 2902 μου
2347 2833 2416 2885 ἐκ
2465 2830 2662 2900 χειρὸς
2691 2829 2861 2897 ᾅδου,
2912 2829 3058 2882 ὅταν
3103 2827 3381 2895 λαμϐάνῃ
3428 2839 3540 2894 με’

1969 2923 2062 2974 καὶ
2083 2922 2111 2973 6
2145 2917 2360 2972 Ἰακώϐ·
2385 2917 2682 2981 Κατὰξετε
2717 2917 2780 2970 τὸ
2819 2914 3006 2986 γῆράς
3027 2933 3145 2984 μου
3174 2913 3324 2982 μετὰ
3341 2913 3544 2978 λύπης

1969 3008 2056 3070 είς
2103 3003 2277 3070 ᾅδην.
2322 3001 2510 3054 Ταῦτα
2538 2997 2651 3070 εἶχε
2680 2999 2748 3052 τὰ
2781 2999 3020 3069 ὀνόματα
3055 2997 3211 3068 ἡμῶν
3237 2998 3270 3066 ἡ
3317 2994 3542 3064 τελευτὴ

1970 3089 2076 3161 πρὸ
2097 3087 2287 3140 τούτου
2313 3104 2325 3116 ·
2377 3084 2562 3155 ἐπειδὴ
2609 3085 2665 3136 δέ
2698 3080 2859 3156 ἦλθεν
2885 3084 2913 3134 6
2955 3084 3212 3154 Χριστὸς,
3261 3081 3357 3134 καὶ
3401 3079 3574 3149 ὑπὲρ·

1971 3172 2118 3241 ζωῆς
2143 3170 2236 3224 τοῦ
2268 3169 2477 3241 κόσμου
2502 3169 2799 3234 ἀπέθανεν,
2821 3166 3005 3220 οὐκέτι
3037 3166 3264 3228 θάνατος
3294 3165 3545 3218 καλεῖται

1969 3256 2154 3310 λοιπὸν
2178 3259 2206 3308 6
2240 3254 2486 3318 θάνατος,
2529 3252 2665 3305 ἀλλὰ
2690 3251 2856 3314 ὕπνος
2885 3252 2982 3304 καὶ
3011 3250 3287 3320 κοίμησις.
3318 3247 3428 3300 Καὶ
3461 3247 3545 3300 ὅτι

1970 3343 2230 3412 κοίμησις
2268 3339 2533 3400 καλεῖται,
2563 3336 2719 3407 δῆλον
2772 3335 2832 3399 ἐξ
2879 3328 2952 3387 ῶν
2999 3349 3163 3402 φησιν
3199 3333 3227 3384 6
3277 3330 3544 3412 Χριστός·

1972 3411 2233 3495 Λάζαρος
2273 3429 2304 3479 ό
2330 3425 2512 3493 φίλος
2536 3421 2709 3492 ἡμῶν
2739 3421 3104 3488 κεκοίμηται.
3130 3417 3202 3470 Ού
3229 3415 3336 3485 γὰρ
3368 3411 3545 3476 εἶπεν,

1985 3512 2264 3574 Ἀπέθανε,
2299 3509 2477 3563 καίτοι
2511 3523 2574 3576 γε
2603 3505 2878 3576 τεθνηκὼς
2901 3500 2989 3575 ἦν.
3018 3504 3133 3556 Ἵνα
3164 3502 3219 3555 δὲ
3257 3500 3433 3571 μάθῃς
3461 3500 3544 3552 ὅτι

1969 3597 2030 3649 τὸ
2055 3597 2223 3666 ὄνομα
2251 3594 2402 3660 ξένον
2435 3588 2503 3662 ἦν
2532 3590 2592 3643 16
2613 3591 2712 3658 τῆς
2737 3589 3069 3658 κοιμήσεως,
3107 3587 3207 3657 ὅρα
3235 3583 3348 3646 πῶς
3376 3582 3546 3635 ἀκού-

1974 3697 2164 3742 σαντες
2192 3678 2350 3731 τοῦτο
2384 3678 2432 3729 οἱ
2477 3674 2715 3747 μαθηταὶ
2752 3671 3108 3744 θορυϐοῦνται
3154 3669 3248 3723 καὶ
3289 3667 3545 3733 λέγουσι’

1971 3765 2170 3832 Κύριε,
2202 3765 2252 3815 εί
2289 3760 2657 3829 κεκοίμηται,
2687 3757 3056 3822 σωθήσεται·
3103 3752 3276 3815 οὕτως
3307 3752 3406 3803 οὐκ
3432 3749 3551 3820 ᾔδε-

1973 3866 2072 3901 σαν
2101 3848 2152 3900 τί
2194 3863 2324 3900 ποτε
2362 3841 2430 3916 ἦν
2456 3845 2518 3897 τὸ
2547 3842 2860 3912 λεγόμενον.
2906 3839 3019 3894 Kal
3044 3838 3206 3893 πάλιν
3231 3838 3258 3890 6
3301 3834 3542 3896 Παῦλοςο

1970 3930 2123 4000 τΑρα
2144 3934 2196 3984 οί
2230 3927 2618 3998 κοιμηθέντες
2643 3927 2989 3987 ἀπώλοντο;
3019 3924 3155 3992 πρός
3175 3937 3328 3981 τινας
3346 3917 3544 3985 λέγων.

1971 4018 2083 4071 Kal
2117 4014 2280 4069 πάλιν
2302 4011 2559 4084 ἀλλαχοῦ⁶
2607 4009 2796 4076 Ἡμεῖς
2829 4013 2880 4062 οί
2907 4007 3120 4072 ζῶντες
3157 4009 3228 4059 οὺ
3266 4004 3351 4074 μὴ
3395 4002 3547 4072 φθά-

1972 4117 2172 4170 σωμεν
2201 4098 2343 4162 τοὺς
2372 4094 2786 4165 κοιμηθέντας,
2823 4091 2954 4162 περὶ
2978 4091 3086 4143 τῶν
3113 4087 3324 4158 νεκρῶν
3348 4086 3544 4154 λέγων.

1973 4189 2085 4240 Kal
2118 4185 2279 4238 πάλιν
2304 4181 2558 4252 ἀλλαχοῦο
2599 4181 2874 4248 Ἕτειραι,
2905 4179 2936 4228 ό
2961 4172 3286 4228 καθεύδων.
3317 4171 3427 4222 Kal
3459 4171 3547 4222 ἵνα

1971 4269 2118 4339 δείξῃ
2149 4269 2230 4320 ὅτι
2275 4266 2404 4338 περὶ
2447 4262 2642 4334 νεκροῦ
2684 4261 2843 4314 τοῦτο
2894 4259 3062 4326 λέγει,
3109 4256 3380 4339 ἐπήγαγε
3435 4253 3547 4308 Kal

1972 4337 2210 4406 ἀνάστα
2236 4350 2304 4402 ἐκ
2334 4348 2454 4401 τῶν
2481 4345 2729 4413 νεκρῶν.
2768 4345 2912 4413 Ὅρα
2940 4339 3218 4409 πανταχοῦ
3256 4337 3424 4390 ὕπνον
3455 4353 3550 4390 κα-

1971 4436 2064 4489 λού
2073 4452 2234 4506 μενον
2263 4433 2354 4486 τὸν
2382 4431 2609 4485 θάνατον
2629 4445 2643 4460 ο
2676 4429 2762 4482 διὰ
2801 4426 2962 4479 τοῦτο
2989 4425 3083 4478 xal
3103 4425 3131 4476 6
3158 4424 3320 4486 τόπος
3347 4439 3547 4492 κοιμη-

1970 4523 2159 4590 τήριον
2191 4516 2505 4585 ὠνόμασται
2527 4530 2540 4544 ·
2571 4516 2837 4583 χρήσιμον
2866 4511 3122 4582 γὰρὴμῖν
3150 4509 3244 4561 καὶ
3274 4507 3333 4560 16
3355 4506 3546 4576 ὄνομα,

1973 4605 2068 4658 καὶ
2124 4600 2444 4671 φιλοσοφίας
2495 4597 2666 4668 γέμον
2705 4595 2929 4663 πολλῆς.
2966 4594 3134 4645 Ὅταν
3173 4591 3353 4643 τοίνυν
3407 4590 3548 4662 ἄγῃς

1975 4689 2205 4746 ἐνταῦθα
2231 4686 2444 4756 νεκρὸν,
2481 4683 2554 4754 μὴ
2590 4681 2901 4734 κατάκοπτε
2930 4677 3122 4732 σαυτόν
3140 4697 3151 4709 ·
3183 4677 3243 4728 ού
3269 4675 3378 4747 γὰρ
3412 4675 3549 4746 πρὸς

1975 4779 2226 4838 θάνατον,
2276 4771 2410 4825 ἀλλὰ
2455 4769 2590 4840 πρὸς
2621 4766 2790 4820 ’ὕπνον
2822 4766 2984 4819 αὑτὸν
3027 4765 3202 4832 ἄγεις.
3248 4764 3434 4828 Ἀρκεί
3465 4778 3551 4815 σοι

1975 4861 2133 4914 τοῦτο
2161 4859 2222 4911 16
2246 4857 2416 4926 ὄνομα
2443 4855 2523 4916 είς
2553 4851 2908 4923 παραμυθίαν
2939 4849 3240 4920 συμφορᾶς.
3266 4847 3424 4901 Μάθε
3447 4845 3550 4900 ποῦ

1977 4947 2131 5014 ἄγεις
2151 4961 2165 4974 ·
2207 4946 2288 5006 εἰς
2323 4940 2680 5010 κοιμητήριον
2701 4956 2715 4970 ·
2760 4940 2855 4992 καὶ
2898 4939 3027 4990 πότε
3058 4937 3212 5004 ἄγεις
3232 4952 3244 4965 ·
3295 4934 3433 5005 μετὰ
3459 4933 3553 4986 τὸν

1975 5030 2070 5084 τοῦ
2095 5025 2330 5098 Χριστοῦ
2363 5025 2610 5086 θάνατον,
2641 5024 2732 5075 ὅτε
2759 5021 2829 5074 τὰ
2858 5020 3025 5092 νεῦρα
3053 5020 3288 5089 ἐξεκόπη
3331 5016 3424 5070 τοῦ
3458 5016 3553 5070 θα-

1977 5095 2161 5171 νάτουξ
2192 5113 2356 5164 Ὥστε
2376 5110 2470 5162 καὶ
2506 5107 2613 5160 ἀπὸ
2635 5106 2727 5160 τοῦ
2757 5107 2945 5168 τόπου,
2972 5104 3068 5158 καὶ
3095 5101 3202 5155 ἀπὸ
3230 5100 3324 5152 τοῦ
3355 5095 3551 5168 καιροῦ

1978 5200 2181 5272 πολλὴν
2207 5195 2440 5250 δύνασθε
2471 5190 2994 5272 καρπῶσασθαιῌτὴν
3022 5185 3396 5272 παραμυθίαν.
3432 5183 3553 5272 Mi.

1977 5267 2150 5342 λιστα-
2177 5281 2314 5354 πρὸς
2345 5283 2610 5350 γυναῖκας
2652 5279 2786 5347 ἡμῖν
2831 5267 2988 5336 οὗτος
3034 5275 3062 5326 6
3091 5272 3246 5339 λόγος
3295 5267 3548 5338 ἁρμόζει,

1976 5371 2162 5441 ἐπειδὴ
2194 5365 2642 5439 συμπαθέστερόν
2677 5379 2794 5425 πως
2823 5362 2884 5414 16
2919 5360 3076 5429 γένος
3102 5359 3261 5441 τοῦτο
3288 5357 3382 5409 xal
3412 5355 3549 5441 πρὸς

1977 5439 2214 5527 ἀθυμίαν
2243 5451 2594 5523 εύέμπτωτόν
2631 5450 2797 5501 ἐστιν.
2839 5444 2978 5497 Ἀλλ’
3011 5440 3213 5512 ἀρκοῦν
3238 5439 3380 5527 ἔχεις
3406 5439 3550 5527 φάρ-

1980 5523 2150 5612 μακον
2188 5538 2288 5608 τῆς
2331 5535 2587 5606 ἀθυμίας,
2623 5532 2716 5586 τοῦ
2754 5530 2921 5582 τόπου
2957 5528 3017 5580 τὸ
3040 5527 3230 5596 ὄνομα.
3263 5523 3360 5576 Διὰ
3389 5523 3548 5574 τοῦτο

1973 5623 2206 5678 ἐνταῦθα
2238 5619 2602 5688 συναγόμεθα.

2075 5714 2107 5760 ’.
2141 5708 2386 5776 Σήμερον
2409 5703 2517 5774 γὰρ
2544 5702 2612 5755 τά
2641 5704 2699 5754 ἐν
2719 5699 2846 5772 ᾅδου
2883 5696 3169 5770 περιπολεῖ
3201 5694 3376 5747 πάντα
3395 5695 3426 5747 6
3448 5694 3548 5744 Δε-

1975 5793 2174 5861 σπότης
2221 5791 2406 5860 ἡμῶν·
2471 5790 2708 5860 σήμερον
2761 5787 2860 5850 τὰς
2912 5783 3119 5855 χαλκᾶς
3178 5779 3354 5842 πύλας
3430 5794 3549 5832 συν·
