4066 6392
511 392 615 447 τοῖς

494 502 690 557 ἔκλειπε
716 519 730 534 ·
773 504 1014 576 σήμερον
1052 507 1179 571 τοὺς
1220 506 1451 577 μοχλοὺς
1484 508 1611 570 τοὺς
1645 507 1901 577 σιδηροῦς
1947 524 2073 560 συν-

495 594 743 648 έθλαιτεν.
777 597 921 669 Ὅρα
938 598 1036 670 τήν
1058 600 1346 672 ἀκρίϐειαν
1375 600 1474 671 τῆς
1504 600 1723 666 λέξεως.
1758 601 1872 653 Οὐκ
1894 595 2072 663 εἶπεν,

509 686 736 757 Ἀνέῳξε
774 687 951 753 ⁴πύλας
993 690 1223 761 χαλκᾶς,
1258 691 1430 757 ἀλλὰ,
1473 692 1822 746 Συνέθλασε
1873 693 2079 758 πύλας

495 779 753 848 χαλκᾶς,
782 781 869 834 ἵνα
903 781 1177 854 ἄχρηστον
1198 783 1423 854 γένηται
1446 784 1506 836 τὸ
1534 784 1930 854 δεσμωτήριον.
1963 783 2077 837 Οὐκ

496 870 683 940 ἀφεῖλε
723 872 851 936 τοὺς
894 874 1148 944 μοχλοὺς,
1190 875 1329 928 ἀλλὰ
1378 876 1738 940 συνέθλασεν,
1784 877 1871 930 ἵνα
1917 877 2079 931 δισθε·⁸

497 963 595 1032 νὴς
641 963 867 1033 γένηται
908 965 1210 1038 ήφυλακή.
1256 969 1431 1020 Ὅπου
1469 985 1535 1037 γε
1572 966 1698 1021 οὔτε
1744 969 1904 1041 θύρα,
1954 969 2079 1023 οὔτε

502 1054 724 1125 μοχλὸς,
757 1055 859 1109 κᾶν
890 1057 1103 1125 εἰσέλθῃ
1139 1075 1245 1122 τις,
1280 1060 1341 1112 ού
1377 1059 1690 1130 κατέχεται.
1725 1061 1894 1116 ’Ὅταν
1935 1059 2028 1116 οὖν
2051 1064 2080 1116 6

496 1146 729 1216 Χριστὸς
767 1138 1039 1223 συνθλάσῃ
1060 1190 1073 1211 ,
1098 1151 1181 1214 τίς
1210 1151 1398 1221 ἐτερος
1428 1150 1722 1222 διορθῶσαι
1747 1153 2035 1223 δυνήσεται
2060 1170 2076 1218 ;

504 1239 569 1291 ⁸0
601 1238 708 1309 γάρ
752 1239 885 1303 Θεὸς
918 1239 1269 1313 διαστρέψει,
1304 1244 1477 1311 φησὶ,
1501 1243 1584 1306 τίς
1629 1242 1914 1314 διορθώσει
1966 1243 2081 1297 λοι-

500 1329 627 1392 πόν;
664 1331 727 1382 Οί
755 1328 994 1398 βασιλεῖς
1026 1332 1154 1385 ὅταν
1196 1332 1462 1403 μέλλωσιν
1483 1333 1701 1401 ἀφιέναι
1723 1335 1851 1397 τοὺς
1872 1333 2080 1403 δεσμώ-

497 1438 627 1484 τας,
669 1421 981 1492 πέμποντες
1011 1424 1332 1489 ἐπιστολὰς,
1362 1426 1459 1495 οὐχ
1492 1425 1632 1478 οῦτω
1668 1424 1932 1489 ποιοῦσιν,
1966 1425 2079 1478 ἀλλ’

495 1514 689 1582 ἀφιᾶσι
725 1516 820 1567 καὶ
870 1517 967 1577 τὰς
998 1515 1166 1587 θύρας
1195 1516 1290 1568 καλ¹
1323 1516 1449 1578 τοὺς
1495 1515 1771 1584 φύλακας,
1796 1512 2081 1586 δηλοῦντες

497 1604 650 1677 [399]
679 1606 760 1659 ὄτι
812 1605 1073 1658 εἰσελθεῖν
1108 1606 1271 1659 πάλιν
1309 1605 1523 1675 ἀνάγκη
1583 1606 1700 1658 ἐκεῖ
1737 1604 1769 1676 ἢ
1808 1604 1903 1658 καὶ
1955 1605 2083 1666 τοὺς

496 1697 838 1764 ἀφεθέντας,
892 1696 925 1768 ἢ
975 1697 1196 1768 ἐτέρους
1239 1698 1355 1750 ἀντ’
1402 1696 1625 1750 ἐκείνων
1676 1697 1850 1760 τινάς.
1914 1696 1973 1749 Ὀ
2025 1695 2084 1748 δέ

496 1782 734 1854 Χριστὸς
767 1784 866 1854 οὐχ
900 1784 1074 1848 οὕτως
1097 1801 1111 1814 σ
1143 1784 1280 1837 άλλά
1299 1782 1468 1848 δεῖξαι
1495 1784 1848 1855 βουλόμενος,
1880 1786 1960 1839 ὅτι
1998 1786 2085 1838 τέ-

497 1873 586 1937 λος
613 1876 642 1928 6
669 1874 895 1939 θάνατος
928 1876 1062 1946 ἔχει,
1097 1876 1421 1930 ωνέθλασεν
1454 1875 1619 1930 αὑτοῦ
1651 1877 1750 1940 τὰς
1785 1876 1958 1940 πύλας
1985 1877 2085 1941 τὰς

497 1966 704 2032 χαλκᾶς
732 1986 743 1997 ·
782 1967 989 2039 χαλκᾶς
1022 1968 1079 2022 δὲ
1117 1969 1399 2039 ὠνόμασεν
1420 2009 1435 2032 ,
1464 1970 1564 2023 οὐκ
1594 1968 1782 2035 ἐπειδὴ
1815 1969 1922 2023 ἀπὸ
1957 1970 2086 2039 χαλ-

497 2060 594 2113 κοῦ
631 2054 770 2130 ἦσαν
803 2061 860 2113 αἱ
891 2060 1092 2124 πύλαι,
1137 2061 1273 2115 ἀλλά
1304 2062 1365 2115 τὸ
1394 2062 1601 2134 ἀπηνὲς
1635 2063 1729 2116 καὶ
1774 2064 2086 2135 ἀπαραίτη-

496 2163 593 2201 τον
626 2148 719 2201 τοῦ
754 2148 984 2204 θανάτου
1022 2150 1219 2222 δηλῶν.
1256 2154 1363 2206 Καὶ
1405 2153 1492 2207 ἵνα
1538 2152 1717 2225 μάθῃς
1741 2195 1756 2218 ,
1785 2154 1867 2206 ὅτι
1918 2155 2011 2207 καὶ¹
2056 2156 2086 2209 6

495 2240 696 2309 χαλκὸς
726 2242 818 2295 καὶ
847 2243 875 2295 ὁ
909 2243 1126 2315 σίδηρος
1152 2245 1214 2297 τὸ
1244 2246 1431 2309 ἀτενὲς
1466 2246 1559 2299 καὶ
1590 2246 1869 2299 ἀνένδοτον
1908 2246 2080 2317 δηλοῖ,

496 2332 729 2387 ἄκουσον
761 2335 813 2388 τί
852 2351 987 2407 φησι
1016 2338 1155 2406 πρός
1179 2353 1301 2389 τινα
1341 2338 1531 2409 ἰταμόν
1551 2354 1564 2366 °
1608 2337 1677 2391 T6
1722 2338 1942 2407 νεῦρόν
1966 2354 2085 2394 σου

495 2424 824 2493 σιδηροῦν,
874 2431 907 2481 ό
942 2426 1244 2496 τράχηλός
1286 2444 1402 2482 σου
1436 2429 1535 2482 καὶ
1564 2431 1629 2482 τὸ
1663 2428 1942 2499 μέτωπόν
1968 2444 2086 2484 σου

494 2519 769 2588 χαλκοῦν
793 2536 806 2549 ·
840 2520 1003 2573 τοῦτο
1036 2520 1093 2572 δὲ
1126 2520 1189 2574 οῦ
1204 2539 1301 2586 τως
1334 2516 1507 2585 εἶπεν,
1542 2522 1643 2575 οὐκ
1683 2522 1870 2594 ἐπειδὴ
1896 2521 2086 2594 νεῦρον

494 2600 613 2676 εἶχε
667 2607 952 2678 σιδηροῦν,
988 2608 1097 2662 οὐδ’
1132 2609 1319 2681 ἐπειδὴ
1372 2611 1621 2682 μέτωπον
1661 2607 1774 2681 εἶχε
1826 2611 2084 2680 χαλκοῦν,

496 2697 610 2750 ἀλλ’
637 2698 826 2770 ἐπειδὴ
848 2699 1163 2771 ἀμείλικτον
1192 2701 1314 2770 ὄψιν
1343 2701 1438 2754 καὶ
1468 2702 1822 2773 ἀναίσχυντον
1855 2699 1968 2774 εἶχε
1993 2704 2087 2756 καὶ¹

495 2788 697 2860 ἀπηνῆ.
725 2789 912 2843 Βούλει
938 2791 1131 2860 μαθεῖν
1170 2790 1287 2854 πῶς
1315 2786 1384 2862 ἦν
1412 2791 1729 2863 ἀμείλικτος
1750 2793 1846 2846 καὶ
1874 2793 2089 2848 άνένδο-

494 2897 586 2943 τος
621 2881 713 2934 καὶ
740 2883 1122 2954 αύτοαδάμας;
1171 2884 1259 2936 Ἐν
1296 2885 1536 2955 τοσούτῳ
1571 2885 1747 2957 χρόνῳ
1784 2886 1959 2950 οὐδεὶς
1985 2887 2085 2939 αύ-

495 2973 589 3025 τὸν
639 2973 854 3028 ἔπεισεν
882 2977 1100 3045 ἀφεῖναι
1146 2977 1337 3030 οὐδένα
1382 2977 1491 3031 τῶν
1534 2979 1953 3050 κατεχομένων,
1981 2979 2087 3043 ἕως

498 3066 660 3119 αὐτὸν
693 3069 722 3122 6
752 3067 860 3122 τῶν
889 3070 1137 3138 ἀγγέλων
1170 3071 1450 3142 Δεσπότης
1475 3071 1754 3126 κατελθὼν
1784 3072 2084 3144 ἠνάγκαζε.

498 3157 721 3230 Πρῶτον
756 3161 854 3232 μὲν
904 3162 1012 3233 γάρ
1062 3162 1219 3232 ἔδησε
1274 3162 1365 3216 τὸν
1420 3163 1671 3234 ἰσχυρὸν,
1706 3164 1801 3218 καὶ
1852 3165 1974 3217 τότε
2017 3166 2088 3218 τά

501 3254 670 3323 σκεύη
705 3253 870 3306 αὐτοῦ
895 3253 1165 3325 διήρπασε
1186 3272 1200 3287 ·
1231 3254 1312 3308 διὸ
1338 3257 1433 3309 καὶ
1461 3256 1661 3323 ἐπάγει
1680 3272 1694 3287 ο
1732 3257 2087 3326 Θησαυροὺς

500 3345 887 3413 σκοτεινοὺς,
919 3346 1234 3414 ἀοράτους.
1286 3346 1350 3402 Εἰ
1402 3348 1501 3401 καὶ
1549 3348 1612 3402 τὸ
1662 3349 1955 3423 λεγόμενον
2003 3351 2082 3415 ἓν,

499 3437 638 3493 ἀλλὰ
662 3438 880 3493 διπλοῦν
903 3441 963 3492 τὸ
994 3439 1279 3510 νοούμενον
1298 3457 1312 3470 ·
1335 3440 1451 3494 ἐστι
1478 3442 1587 3513 γὰρ
1609 3445 1860 3497 σκοτεινά
1887 3445 2084 3516 χωρία,

501 3528 616 3581 ἀλλ’
640 3528 898 3601 ὁραθῆναι
931 3530 1191 3595 πολλάκις
1238 3530 1524 3600 δύνανται,
1558 3535 1754 3607 λύχνου
1785 3539 1880 3590 καὶ
1913 3539 2090 3607 φωτὸς

500 3622 846 3693 εἰσαχθέντος
871 3639 884 3652 ·
918 3626 1095 3676 ἐκεῖνο
1132 3625 1190 3678 δὲ
1221 3624 1317 3678 τοῦ
1348 3625 1475 3697 ᾅδου
1508 3626 1569 3679 τὸ
1602 3629 1800 3699 χωρίον
1850 3628 2089 3699 ζοφωδέ-

503 3730 696 3767 στατον
727 3708 795 3786 ἦν
829 3715 922 3766 καὶ
948 3715 1181 3784 ἀτερπὲς
1201 3757 1215 3781 ,
1249 3716 1342 3769 καὶ
1376 3716 1633 3772 οὐδέποτε
1661 3720 1840 3789 φωτὸς
1872 3722 2091 3787 ἐδέξατο

504 3806 693 3875 φύσιν-
724 3804 812 3857 διὰ
832 3803 991 3857 τοῦτο
1021 3809 1330 3870 σκοτεινοὺς
1350 3848 1366 3873 ,
1394 3809 1661 3880 ἀοράτους
1688 3808 1840 3866 εἶπεν
1865 3815 2084 3881 αύτούς.
2111 3849 2119 3857 -

505 3898 615 3954 Καὶ
638 3900 748 3970 γὰρ
796 3898 964 3962 ὄντως
1018 3902 1281 3952 σκοτεινοὶ
1308 3895 1449 3971 ἦσαν
1475 3941 1489 3965 ,
1517 3902 1624 3965 ἓως
1662 3897 1724 3956 οὗ
1758 3906 2026 3976 κατῆλθεν
2060 3910 2089 3962 6

503 3993 603 4062 τῆς
622 3990 969 4059 δικαιοσύνης
1002 3991 1153 4061 ἥλιος
1176 4030 1193 4056 ,
1222 3992 1318 4045 καὶ
1347 3992 1683 4065 κατέλαμψε,
1718 3998 1924 4051 καὶτὸν
1956 3998 2089 4070 ᾅδην

503 4085 763 4155 ἐποίησεν
806 4084 1034 4154 οὐρανόν
1053 4099 1070 4116 ο
1098 4085 1233 4138 ὃπου
1286 4086 1395 4157 γὰρ
1433 4087 1462 4139 6
1494 4088 1763 4159 Χριστὸς,
1794 4091 1912 4143 ἐκεῖ
1939 4093 2033 4146 καὶ
2059 4095 2090 4147 6

503 4178 751 4248 οὐρανός.
782 4176 1102 4249 Θησαυροὺς
1157 4177 1215 4231 δὲ
1246 4179 1554 4242 σκοτεινοὺς
1584 4181 1741 4234 καλεῖ
1774 4183 1867 4235 τὸν
1911 4183 2045 4255 ᾅδην
2070 4202 2085 4217 ο

504 4272 730 4332 εἰκότως
756 4310 772 4335 ,
803 4269 937 4323 διότι
994 4268 1154 4334 πολὺς
1210 4270 1439 4334 πλοῦτος
1495 4272 1756 4327 ἀπέκειτο
1804 4277 1938 4329 ἐκεῖ.
1979 4278 2090 4332 Καὶ

504 4364 613 4436 γάρ
655 4362 764 4416 τῶν
817 4361 1120 4434 ἀνθρώπων
1157 4365 1306 4416 πᾶσα
1361 4364 1396 4434 ή
1437 4363 1599 4433 φύσις
1634 4349 1863 4431 πλοῦτος
1914 4368 2092 4441 ὑπάρο

503 4473 671 4527 χονσα
697 4454 791 4508 τοῦ
824 4454 959 4508 Θεοῦ
981 4495 996 4520 ,
1027 4454 1133 4508 ὑπὸ
1180 4455 1274 4508 τοῦ
1309 4457 1689 4528 ἀπατήσαντος
1726 4458 1819 4511 τὸν
1873 4461 2090 4532 πρῶτον

503 4548 789 4619 ἄνθρωπον
825 4547 1072 4600 διαϐόλου
1105 4548 1439 4621 ἀπεσυλήθη,
1470 4551 1565 4603 καὶ
1601 4549 1678 4622 τῷ
1711 4550 1924 4625 θανάτῳ
1956 4555 2093 4609 καθ-

505 4640 835 4711 υπεζεύχθη.
872 4641 993 4694 Ὅτι
1037 4639 1094 4693 δὲ
1134 4639 1364 4705 πλοῦτος
1409 4639 1476 4714 ἦν
1509 4642 1586 4713 τῷ
1620 4644 1741 4715 Θεῷ
1782 4647 1933 4699 πᾶσα
1982 4649 2090 4701 τῶν

505 4733 807 4805 ἀνθρώπων
834 4734 867 4803 ή
904 4733 1066 4803 φύσις
1089 4772 1103 4799 ,
1130 4733 1370 4788 δείκνυσι
1399 4736 1609 4800 Παῦλος
1642 4735 1819 4806 λέγων
1845 4757 1856 4769 ·
1894 4742 2091 4793 Πλου-

503 4825 624 4878 τῶν
655 4828 743 4891 εἰς
775 4824 1038 4892 πάντας,
1077 4825 1177 4880 καὶ
1207 4826 1309 4879 ἐπὶ
1331 4826 1563 4895 πάντας
1591 4828 1733 4894 τοὺς
1770 4832 2091 4887 ἐπικαλου-

504 4918 726 4988 μένους
753 4918 959 4972 αὐτόν.
998 4919 1209 4990 Ὥσπερ
1242 4914 1335 4974 οῦν
1370 4919 1623 4989 βασιλεύς
1667 4938 1752 4985 τις
1789 4922 2091 4996 λῄσταρχον

505 5008 683 5083 εὑρὼν
715 5011 1122 5085 κατατρέχοντα
1157 5012 1257 5076 τάς
1284 5013 1469 5078 πόλεις
1490 5055 1505 5078 ,
1546 5014 1865 5085 ἁρπάζοντα
1896 5018 2092 5073 πάντο-

507 5102 630 5169 θεν,
667 5105 762 5158 καὶ
787 5106 868 5167 εἰς
913 5106 980 5159 τὰ
1026 5104 1267 5173 σπήλαια
1295 5106 1696 5175 καταδυόμενον
1717 5149 1731 5174 ,
1778 5110 1874 5161 καὶ
1902 5111 2092 5164 ἀποτι-

507 5195 733 5265 θέμενον
783 5199 901 5250 ἐκεῖ
945 5197 1037 5250 τὸν
1092 5197 1321 5250 πλοῦτον
1346 5238 1360 5261 ,
1399 5199 1568 5271 δήσας
1622 5203 1714 5254 τὸν
1764 5201 2089 5273 λῄσταρχον,

507 5298 714 5349 ἐκεῖνον
749 5295 846 5368 μὲν
885 5295 1101 5349 κολάσει
1138 5296 1516 5367 παραδίδωσι,
1565 5298 1655 5351 τὸν
1707 5299 1764 5353 δέ
1818 5300 2091 5374 θησαυρὸν

506 5389 673 5445 αὑτοῦ
707 5392 1004 5462 μεταφέρει
1052 5393 1132 5454 είς
1164 5391 1234 5444 τὰ
1280 5395 1503 5462 ταμιεῖα
1536 5392 1603 5446 τά
1630 5392 1885 5463 βασιλικά
1909 5411 1920 5424 ·
1947 5397 2091 5450 οὕτω

510 5487 602 5539 καὶ
622 5489 651 5540 6
673 5486 906 5558 Χριστὸς
935 5487 1188 5557 ἐποίησε,
1215 5485 1306 5540 τὸν
1333 5486 1637 5559 λῄσταρχον
1665 5489 1759 5542 καὶ
1785 5490 1877 5543 τὸν
1898 5491 2091 5562 δεσμο-

508 5578 728 5648 φύλακα
746 5618 761 5644 ,
792 5579 883 5633 τὸν
906 5578 1149 5632 διάϐολον
1178 5577 1314 5649 ὁμοῦ
1343 5583 1435 5632 καὶ
1466 5581 1555 5633 τὸν
1591 5581 1822 5638 θάνατον
1846 5623 1861 5648 ,
1886 5583 1974 5636 διὰ
1995 5583 2089 5637 τοῦ

509 5672 740 5726 θανάτου
768 5671 937 5726 αὑτοῦ
969 5671 1136 5743 δήσας
1155 5712 1170 5736 ,
1212 5671 1309 5724 καὶ
1334 5672 1426 5725 τὸν
1464 5670 1692 5728 πλοῦτον
1737 5675 1915 5730 πάντα
1934 5716 1949 5740 ,
1981 5676 2090 5729 τῶν

511 5763 813 5834 ἀνθρώπων
842 5763 987 5832 λέγω
1005 5765 1069 5817 τὸ
1105 5765 1291 5833 γένος,
1322 5767 1633 5837 μετήγαγεν
1665 5769 1745 5829 εἰς
1768 5768 1836 5822 τά
1866 5771 2090 5838 ταμιεῖα

512 5853 582 5907 τά
604 5853 875 5925 βασιλικά.
920 5855 1091 5911 Τοῦτο
1128 5858 1221 5913 καὶ
1251 5858 1460 5923 Παῦλος
1484 5858 1634 5929 δηλοῖ
1661 5858 1835 5930 λέγων
1860 5878 1872 5892 '
1916 5859 2088 5917 Ἐλυ-

1165 392 1222 449 S.
1266 389 1551 447 JOANNIS
1587 387 2075 445 CIIRYSOSTOMI
2122 386 2447 445 ARCHIEP.
2492 381 3042 447 CONSTANTINOP.

3654 374 3759 429 596

2179 506 2449 576 τρώσατο
2472 506 2630 577 ἡμᾶς
2666 505 2736 559 ἐκ
2759 502 2870 572 τῆς
2896 498 3183 567 ἐξουσίας
3202 497 3308 552 τοῦ
3337 495 3627 558 σκότους,
3660 491 3761 546 καὶ

2175 605 2552 675 μετέστησεν
2569 605 2657 669 είς
2677 601 2792 670 τὴν
2806 598 3134 666 βασιλείαν
3153 592 3340 648 αὑτοῦ
3367 589 3477 659 τῆς
3500 585 3760 658 ἀγάπης.

2180 702 2290 755 Καὶ
2339 702 2402 755 τὸ
2456 700 2521 771 δὴ
2560 697 2873 770 θαυμαστὸν
2897 738 2912 763 ,
2965 694 3126 757 αὐτὸς
3161 695 3190 746 6
3228 687 3480 762 βασιλεὺς
3513 684 3716 755 ἐπέστη
3741 697 3758 714 ⁶

2182 801 2358 856 καίτοι
2388 816 2452 868 γε
2481 797 2733 869 βασιλεὺς
2756 796 2930 858 οὐδεὶς
2958 792 3023 847 ἂν
3042 788 3400 856 καταξιωσειε
3428 781 3586 837 τοῦτο
3606 779 3764 848 ποιῆ-

2183 898 2274 951 σαί
2312 914 2463 956 ποτε,
2497 894 2635 950 ἀλλά
2663 892 2755 946 διὰ
2776 891 2885 945 τῶν
2913 887 3199 960 ὑπηρετῶν
3232 885 3426 954 ἀφιᾶσι
3461 882 3588 943 τοὺς
3613 878 3761 931 δεδεο

2185 1282 2610 1354 ἐπαισχύνεσθαι
2638 1280 2738 1334 οὑκ
2759 1277 2981 1348 ἔμελλεο
3014 1275 3105 1329 καὶ
3132 1272 3425 1325 συνέκλασε
3450 1268 3548 1331 τὰς
3570 1266 3764 1337 θύρας,

2187 1380 2474 1452 συνέτριψε
2503 1379 2629 1441 τοὺς
2668 1375 2935 1446 μοχλοὺς,
2989 1372 3192 1440 ἐπέστη
3244 1369 3322 1439 τῷ
3366 1367 3501 1438 ᾅδῃ,
3560 1365 3768 1435 ἔρημον

2188 1479 2337 1552 [400]
2366 1476 2530 1532 αὐτοῦ
2559 1475 2658 1548 τήν
2686 1471 2932 1543 φυλακὴν
2960 1468 3217 1539 ἐποίησεν
3260 1465 3476 1520 ἃπασαν
3502 1502 3516 1527 ,
3550 1461 3646 1515 καὶ
3674 1459 3770 1513 τὸν

2184 1577 2570 1650 δεσμοφύλακα
2601 1571 2782 1627 λαϐὼν
2820 1567 3120 1637 δεδεμένον,
3152 1564 3323 1628 οὕτως
3356 1564 3487 1634 ήμῖν
3531 1558 3772 1629 ἐπανῆλ-

2186 1677 2300 1730 θεν.
2343 1675 2402 1727 '0
2431 1672 2695 1744 τύραννος
2735 1666 3082 1739 αἰχμάλωτος
3124 1664 3323 1734 ήγετο,
3370 1660 3401 1711 6
3434 1657 3650 1728 ἰσχυρὸς
3682 1656 3771 1708 δε-

2186 1772 2442 1843 δεμένος
2484 1770 2513 1822 6
2546 1767 2776 1830 θάνατος
2798 1764 2963 1827 αὐτὸς
3011 1761 3175 1833 ῥίψας
3225 1756 3294 1810 τὰ
3339 1755 3512 1817 ὅπλα,
3563 1752 3773 1823 γυμνὸς

2189 1869 2327 1942 πρὸς
2358 1868 2487 1931 τοὺς
2514 1865 2681 1929 πόδας
2710 1862 2806 1916 τοῦ
2842 1858 3104 1932 βασιλέως
3139 1856 3394 1927 ἔδραμεν.

2260 2003 2417 2069 Εἶδες
2465 2003 2621 2074 νίκην
2656 1997 3015 2070 θαυμαστήν;
3046 1988 3185 2057 εἶδες
3225 1986 3456 2060 σταυροῦ
3491 1983 3773 2052 κατορθώ-

2194 2120 2374 2176 ματα;
2411 2104 2563 2157 Εἴπω
2592 2117 2676 2152 σοι
2715 2097 2812 2151 καὶ
2853 2093 2979 2150 ἄλλο
3007 2089 3482 2161 θαυμαστότερονς
3512 2083 3649 2155 μάθε
3682 2082 3774 2136 τὸν

2188 2174 2386 2273 τρόπον
2416 2197 2516 2268 τῆς
2540 2194 2695 2263 νίκης
2715 2234 2729 2257 ,
2758 2192 2852 2245 καὶ
2879 2190 3002 2243 τότε
3032 2186 3352 2256 ἐκπλαγήσῃ
3382 2182 3559 2236 πλέον.
3591 2183 3668 2233 Δι’
3698 2174 3776 2233 ὧν

2189 2296 2300 2367 γὰρ
2334 2296 2587 2364 ἐνίκησεν
2614 2292 2643 2345 6
2669 2287 2914 2350 διάϐολος
2940 2327 2954 2348 ,
2984 2285 3073 2339 διὰ
3103 2283 3310 2336 τούτων
3339 2278 3503 2333 αὑτοῦ
3531 2277 3780 2346 περιεγέ-

2189 2411 2309 2450 νετο
2341 2393 2370 2445 6
2407 2390 2641 2460 Χριστός
2662 2403 2677 2417 '
2715 2388 2809 2440 καὶ
2845 2383 2985 2438 αὐτὰ
3022 2380 3090 2435 τὰ
3136 2379 3344 2432 ἐκείνου
3399 2375 3578 2429 λαϐὼν
3608 2374 3775 2437 ὅπλα,

2188 2492 2398 2556 τούτοις
2446 2488 2608 2544 αὐτὸν
2658 2482 3070 2556 κατηγωνίσατο
3098 2492 3115 2508 ’
3166 2478 3261 2531 καὶ
3311 2475 3430 2539 πῶς
3449 2515 3463 2538 ,
3517 2473 3773 2528 ἄκουσον·

2189 2588 2464 2661 Παρθένος
2498 2586 2594 2640 καὶ
2636 2583 2828 2651 ξύλον,
2866 2579 2961 2635 καὶ
3009 2578 3234 2639 θάνατος
3268 2573 3367 2644 τῆς
3395 2573 3565 2643 ἥττης
3616 2569 3777 2641 ήμῶν
3838 2595 3851 2605 ρ

2188 2683 2257 2759 ἦν
2286 2687 2356 2741 τά
2395 2684 2657 2756 σύμϐολα.
2693 2678 2970 2751 Παρθένος
2996 2671 3066 2747 ἦν
3097 2677 3130 2744 ή
3163 2672 3276 2727 Εὔα
3297 2689 3311 2703 ⁸
3340 2670 3494 2725 οῦπω
3533 2668 3644 2740 γὰρ
3678 2669 3775 2759 ἄν·

2189 2785 2292 2856 δρα
2320 2782 2584 2851 ἐγίνωσκε
2605 2799 2616 2811 ·
2668 2777 2824 2845 ξύλον
2861 2770 2929 2847 ἦν
2968 2772 3028 2826 τὸ
3061 2766 3296 2840 δένδρον,
3328 2769 3423 2822 καὶ
3454 2767 3682 2829 θάνατος
3707 2758 3779 2836 ἧι

2192 2882 2252 2935 τὸ
2282 2880 2557 2949 ἐπιτίμιον
2588 2875 2683 2930 τοῦ
2722 2875 2909 2945 Ἀδάμ.
2964 2871 3105 2925 Ἀλλ’
3142 2870 3249 2923 ἰδοὺ
3270 2909 3284 2931 ,
3319 2866 3478 2921 πάλιν
3509 2863 3780 2936 παρθένος

2192 2977 2288 3033 καὶ
2310 2977 2463 3042 ξύλον
2493 2976 2588 3028 καὶ
2615 2973 2844 3035 θάνατος
2862 3011 2876 3034 ,
2897 2969 2967 3024 τὰ
2987 2969 3087 3039 τῆς
3114 2968 3284 3039 ἥττης
3315 2963 3557 3035 σύμϐολα
3580 2960 3779 3025 ταῦτα,

2192 3076 2287 3131 καὶ⁸
2317 3075 2417 3144 τῆς
2454 3072 2612 3143 νίκης
2636 3071 2853 3138 ἐγένετο
2884 3067 3148 3137 σύμϐολα.
3202 3064 3347 3116 Ἀντὶ
3372 3062 3480 3132 γάρ
3506 3060 3608 3128 τῆς
3636 3058 3783 3144 Εὔας

2190 3163 2225 3232 ή
2256 3142 2522 3229 Μαριάμ·
2555 3157 2674 3209 ἀντὶ
2701 3152 2797 3207 τοῦ
2839 3151 3001 3219 ξύλου
3029 3148 3126 3203 τοῦ
3159 3147 3355 3202 ειδέναι
3398 3145 3460 3199 τὺ
3494 3144 3658 3197 καλὸν
3686 3142 3785 3195 καὶ

2192 3258 2253 3310 τὸ
2279 3255 2513 3326 πονηρὸν
2535 3292 2551 3312 ,
2581 3252 2640 3304 τὸ
2671 3249 2826 3318 ξύλον
2856 3247 2949 3302 τοῦ
2977 3244 3209 3318 σταυροῦ
3228 3260 3241 3274 ο
3276 3244 3398 3296 ἀντὶ⁸
3423 3240 3516 3294 τοῦ
3548 3238 3782 3294 θανάτου

2191 3352 2286 3405 τοῦ
2326 3351 2498 3420 Ἀδὰμ
2516 3351 2545 3402 6
2582 3348 2810 3410 θάνατος
2839 3342 2934 3398 τοῦ
2964 3339 3224 3414 Χριστοῦ.
3260 3334 3444 3403 Εἶδες,
3473 3336 3541 3391 δι’
3575 3328 3652 3390 ὧν
3674 3334 3785 3387 ἐνί-

2194 3461 2329 3514 κησε
2351 3487 2367 3512 ,
2405 3441 2496 3496 διὰ
2519 3440 2727 3494 τούτων
2756 3436 2918 3492 αὐτὸν
2945 3433 3287 3507 ήττώμενον;
3313 3429 3453 3501 Περὶ
3478 3427 3541 3481 τὸ
3565 3426 3784 3498 δένδρον

2193 3539 2606 3612 κατηγωνίσατο
2635 3538 2728 3591 τὸν
2766 3534 2936 3605 ’Δδάμ
3025 3531 3271 3595 διάϐολος
3290 3546 3307 3561 ·
3342 3530 3473 3603 περὶ
3503 3527 3596 3581 τὸν
3622 3542 3787 3579 σταυ-

2196 3641 2288 3714 ρὸν
2317 3637 2686 3693 κατεπάλαισε
2728 3632 2820 3688 τὸν
2849 3631 3094 3687 διάϐολον
3134 3632 3163 3684 6
3199 3626 3431 3714 Χριστός
3450 3642 3465 3656 ’
3495 3625 3591 3679 καὶ
3625 3622 3787 3690 ξύλον

2192 3712 2254 3785 τὸ
2279 3733 2375 3803 μὲν
2400 3730 2647 3801 ἔπεμπεν
2676 3730 2756 3791 είς
2784 3725 2918 3798 ᾅδην
2937 3764 2952 3787 ,
2978 3725 3040 3778 τὸ
3070 3722 3128 3776 δέ
3166 3722 3261 3774 καὶ
3292 3712 3419 3782 τοὺς
3446 3714 3788 3777 ἀπελθόντας

2193 3827 2402 3881 ἐκεῖθεν
2445 3824 2779 3880 ἀνεκαλεῖτο.
2816 3821 2984 3876 Πάλιν
3029 3819 3184 3885 ξύλον
3223 3817 3287 3870 τὸ
3322 3814 3422 3886 μὲν
3458 3812 3551 3865 τὸν
3580 3809 3787 3880 αἰχμά-

2192 3925 2360 3978 λωτον
2384 3922 2589 3995 γυμνὸν
2620 3921 2856 3993 ἔκρυψε,
2889 3919 2952 3972 τὸ
2977 3918 3036 3971 δὲ
3073 3916 3163 3970 τὸν
3196 3913 3422 3983 νικητὴν
3454 3910 3664 3981 γυμνὸν
3696 3910 3785 3977 ἐφ’

2194 4021 2399 4093 ὑψηλοῦ
2428 4021 2595 4074 πᾶσιν
2619 4019 2849 4072 ἐδείκνυ.
2884 4015 2997 4069 Καὶ
3023 4013 3254 4074 θάνατος
3295 4012 3323 4063 6
3363 4008 3463 4080 μὲν
3500 4008 3630 4070 τοὺς
3664 4006 3783 4076 μετ’

2194 4121 2356 4175 αὑτὸν
2382 4118 2702 4188 κατέκρινεν
2725 4157 2741 4181 ,
2775 4117 2805 4168 6
2832 4114 2889 4169 δὲ
2934 4113 3031 4167 καὶ
3057 4112 3182 4175 τοὺς
3211 4109 3317 4181 πρὸ
3349 4105 3516 4160 αὐτοῦ
3552 4105 3788 4174 γενομέ-

2193 4234 2317 4280 νους
2348 4216 2632 4285 ἀνέστησε.
2676 4213 2772 4280 Τις
2799 4211 3061 4281 λαλήσει
3110 4207 3217 4274 τὰς
3260 4204 3625 4270 δυναστείας
3676 4201 3790 4254 τοῦ

2193 4315 2447 4383 Κυρίου;
2491 4312 2624 4366 Ἀπὸ
2651 4311 2883 4366 θανάτου
2934 4308 3240 4377 γεγόναμεν
3284 4304 3574 4358 ἀθάνατοι·
3608 4300 3790 4355 ταῦτα

2193 4412 2287 4466 τοῦ
2330 4409 2566 4483 σταυροῦ
2602 4409 2673 4464 τά
2714 4406 3136 4478 κατορθώματα.
3169 4401 3410 4473 Ἔμαθες
3460 4400 3562 4470 τὴν
3590 4398 3795 4467 νίκηνς

2195 4508 2398 4579 ἔμαθες
2425 4507 2520 4561 τὸν
2538 4507 2740 4578 τρόπον
2767 4503 2869 4572 τῆς
2901 4503 3058 4572 νίκης
3082 4519 3097 4566 ;
3125 4498 3261 4570 μάθε
3289 4495 3523 4559 καὶπῶς
3554 4492 3791 4564 ἀπονητὶ

2195 4607 2387 4675 γέγονε
2410 4605 2471 4658 τὸ
2500 4603 2853 4676 κατόρθωμα.
2884 4600 2998 4670 Οὐχ
3029 4596 3317 4669 ᾑμάξαμεν
3341 4595 3504 4665 ἡμεῖς
3527 4590 3599 4645 τὰ
3622 4590 3787 4654 ὅπλα,

2195 4705 2295 4757 οὑκ
2327 4702 2566 4773 ἔστημεν
2602 4700 2696 4752 ἐπὶ
2743 4698 2845 4766 τῆς
2894 4694 3281 4767 παρατάξεως,
3335 4691 3436 4744 οὐκ
3482 4686 3789 4758 ἐδεξάμεθα

2193 4799 2505 4871 τραύματα,
2530 4797 2651 4852 οὐδὲ
2679 4796 2894 4866 εἴδομεν
2924 4794 3017 4846 τὸν
3045 4791 3173 4845 πόλε
3182 4807 3278 4861 μον
3305 4829 3321 4850 ,
3363 4787 3458 4842 καὶ
3485 4787 3588 4858 τὴν
3628 4785 3789 4855 νίκην

2198 4895 2465 4966 ἐλάϐομεν
2494 4912 2508 4924 '
2552 4896 2581 4947 6
2634 4891 2782 4960 ἀγὼν
2811 4888 2906 4944 τοῦ
2958 4886 3229 4942 Aac-11:61:00
3256 4925 3272 4951 ,
3316 4884 3409 4938 καὶ
3440 4886 3468 4937 6
3521 4882 3788 4951 στέφανος

2197 4992 2485 5064 ἡμέτερος.
2525 4988 2680 5043 Ἐπεὶ
2712 4984 2804 5041 οῦν
2831 4986 2927 5042 καὶ
2965 4984 3213 5055 ὑμετέρα
3254 4985 3288 5053 ή
3317 4981 3475 5050 νίκη,
3505 4978 3792 5045 ἀλαλάξω-

2200 5107 2299 5162 μεν
2319 5129 2333 5153 ,
2365 5088 2619 5158 καθάπερ
2660 5083 3010 5156 στρατιῶται,
3040 5081 3138 5152 τὴν
3171 5078 3439 5132 ἐπινίκιον
3465 5077 3610 5147 ᾠδὴν
3647 5075 3791 5130 παν-

2194 5204 2286 5251 τες
2321 5187 2580 5257 σήμερον,
2599 5183 2842 5253 εῖπωμεν
2863 5178 3159 5250 ὑμνοῦντες
3183 5177 3273 5231 τὸν
3296 5176 3599 5244 Δεσπότην·
3630 5174 3787 5228 Κατ-

2193 5285 2378 5352 επόθη
2417 5286 2450 5337 ὁ
2474 5281 2729 5348 θάνατος
2753 5284 2841 5346 εὶς
2868 5279 3035 5346 νῖκος
3051 5297 3064 5310 ο
3098 5278 3216 5333 ποῦ
3242 5293 3361 5331 σου
3386 5318 3403 5339 ,
3428 5276 3652 5331 θάνατε
3675 5316 3690 5340 ,
3716 5274 3787 5328 τὸ

2193 5381 2362 5445 νῖκος
2384 5396 2403 5443 ;
2431 5378 2547 5432 ποῦ
2572 5392 2710 5444 σου,
2748 5376 2860 5445 ᾷδη
2886 5416 2901 5441 ,
2933 5377 2997 5430 τὸ
3029 5375 3319 5444 κέντρον;
3353 5372 3544 5426 Ταῦτα
3565 5373 3595 5425 6
3624 5389 3789 5427 σταυ-

2200 5477 2288 5548 ρὸς
2311 5477 2443 5548 ἡμῖν
2470 5473 2801 5547 κατώρθωσε
2821 5491 2833 5504 ·
2860 5456 3103 5546 σταυρὸς
3118 5473 3181 5526 τὸ
3212 5470 3355 5525 κατά
3373 5470 3480 5525 τῶν
3511 5470 3786 5540 δαιμόνων

2192 5574 2454 5646 τρόπαιον
2475 5612 2490 5636 ,
2515 5573 2550 5642 ή
2587 5572 2729 5626 κατά
2756 5571 2858 5641 τῆς
2884 5570 3162 5642 ἁμαρτίας
3190 5568 3434 5641 μάχαιρα
3453 5608 3469 5632 ,
3500 5566 3563 5619 τὸ
3607 5565 3783 5637 ξίφος,

2192 5664 2237 5738 ᾧ
2268 5669 2360 5723 τὸν
2399 5669 2522 5737 ὅφιν
2567 5667 2858 5739 ἐκέντησεν
2911 5668 2941 5721 6
2991 5667 3257 5739 Χριστός·
3318 5662 3548 5736 σταυρὸς
3586 5665 3651 5718 τὺ
3689 5664 3783 5717 τοῦ

2196 5766 2408 5838 Πατρδς
2459 5765 2705 5837 θέλημα,
2742 5767 2776 5837 ή
2829 5763 2923 5818 τοῦ
2973 5762 3312 5835 Μονογενοῦς
3350 5764 3517 5831 δόξα,
3567 5762 3631 5817 τδ
3686 5767 3783 5816 τοῦ

2200 5863 2515 5936 Πνεύματος
2547 5861 2857 5934 ἀγαλλίαμα
2880 5903 2894 5931 ,
2930 5863 2958 5916 6
3001 5861 3109 5917 τῶν
3138 5861 3385 5930 ἀγγέλων
3420 5861 3653 5932 κόσμος,
3680 5862 3783 5932 τῆς
