  <div class='ocr_page' id='page_1' title='image "/cluster/home/n/w/nwhite01/storage/ocr_20150623/49/nnc1.0046978208/382.png"; bbox 0 0 4066 6392; ppageno 0'>
   <div class='ocr_carea' id='block_1_1' title="bbox 326 423 426 477">
    <p class='ocr_par' dir='ltr' id='par_1_1' title="bbox 326 423 426 477">
     <span class='ocr_line' id='line_1_1' title="bbox 326 423 426 477; baseline -0.01 0"><span class='ocrx_word' id='word_1_1' title='bbox 326 423 426 477; x_wconf 76' lang='grc'><strong>395</strong></span> 
     </span>
    </p>
   </div>
   <div class='ocr_carea' id='block_1_2' title="bbox 320 530 1901 600">
    <p class='ocr_par' dir='ltr' id='par_1_2' title="bbox 320 530 1901 600">
     <span class='ocr_line' id='line_1_2' title="bbox 320 530 1901 600; baseline -0.003 -11"><span class='ocrx_word' id='word_1_2' title='bbox 320 534 508 589; x_wconf 86' lang='lat' dir='ltr'><strong>circuit</strong></span> <span class='ocrx_word' id='word_1_3' title='bbox 535 534 788 588; x_wconf 82' lang='lat' dir='ltr'><strong>Dominus</strong></span> <span class='ocrx_word' id='word_1_4' title='bbox 816 545 1016 599; x_wconf 78' lang='lat' dir='ltr'><strong>noster,</strong></span> <span class='ocrx_word' id='word_1_5' title='bbox 1047 530 1203 586; x_wconf 89' lang='lat' dir='ltr'><strong>hodie</strong></span> <span class='ocrx_word' id='word_1_6' title='bbox 1223 541 1399 600; x_wconf 86' lang='lat' dir='ltr'><strong>portas</strong></span> <span class='ocrx_word' id='word_1_7' title='bbox 1426 546 1593 585; x_wconf 72' lang='lat' dir='ltr'><strong>mreas</strong></span> <span class='ocrx_word' id='word_1_8' title='bbox 1610 531 1901 600; x_wconf 88' lang='lat' dir='ltr'><strong>confregit:</strong></span> 
     </span>
    </p>
   </div>
   <div class='ocr_carea' id='block_1_3' title="bbox 319 622 1898 695">
    <p class='ocr_par' dir='ltr' id='par_1_3' title="bbox 319 622 1898 695">
     <span class='ocr_line' id='line_1_3' title="bbox 319 622 1898 695; baseline -0.004 -14"><span class='ocrx_word' id='word_1_9' title='bbox 319 626 477 682; x_wconf 82' lang='lat' dir='ltr'><strong>hodie</strong></span> <span class='ocrx_word' id='word_1_10' title='bbox 506 637 682 680; x_wconf 90' lang='lat' dir='ltr'><strong>vectes</strong></span> <span class='ocrx_word' id='word_1_11' title='bbox 710 627 909 680; x_wconf 88' lang='lat' dir='ltr'><strong>ferreos</strong></span> <span class='ocrx_word' id='word_1_12' title='bbox 930 625 1176 678; x_wconf 89' lang='lat' dir='ltr'><strong>contrivit</strong></span> <span class='ocrx_word' id='word_1_13' title='bbox 1196 622 1363 695; x_wconf 85' lang='lat' dir='ltr'><strong>(Psal.</strong></span> <span class='ocrx_word' id='word_1_14' title='bbox 1389 624 1505 680; x_wconf 84' lang='lat' dir='ltr'><strong>l06.</strong></span> <span class='ocrx_word' id='word_1_15' title='bbox 1531 624 1626 688; x_wconf 76' lang='lat'><strong>16;</strong></span> <span class='ocrx_word' id='word_1_16' title='bbox 1658 622 1783 676; x_wconf 87' lang='lat' dir='ltr'><strong>Isai.</strong></span> <span class='ocrx_word' id='word_1_17' title='bbox 1808 623 1898 677; x_wconf 71' lang='grc'><strong>45.</strong></span> 
     </span>
    </p>
   </div>
   <div class='ocr_carea' id='block_1_4' title="bbox 316 714 1903 791">
    <p class='ocr_par' dir='ltr' id='par_1_4' title="bbox 316 714 1903 791">
     <span class='ocr_line' id='line_1_4' title="bbox 316 714 1903 791; baseline -0.005 -17"><span class='ocrx_word' id='word_1_18' title='bbox 316 720 393 791; x_wconf 74' lang='lat'><strong>2).</strong></span> <span class='ocrx_word' id='word_1_19' title='bbox 418 719 549 774; x_wconf 94' lang='lat' dir='ltr'><strong>Vide</strong></span> <span class='ocrx_word' id='word_1_20' title='bbox 566 718 693 773; x_wconf 89' lang='lat' dir='ltr'><strong>dicti</strong></span> <span class='ocrx_word' id='word_1_21' title='bbox 720 717 1132 772; x_wconf 90' lang='lat' dir='ltr'><strong>accurationem.</strong></span> <span class='ocrx_word' id='word_1_22' title='bbox 1155 716 1266 769; x_wconf 88' lang='lat' dir='ltr'><strong>Non</strong></span> <span class='ocrx_word' id='word_1_23' title='bbox 1290 714 1444 781; x_wconf 91' lang='lat' dir='ltr'><strong>dixit,</strong></span> <span class='ocrx_word' id='word_1_24' title='bbox 1473 715 1694 783; x_wconf 81' lang='lat' dir='ltr'><strong>Aperuit</strong></span> <span class='ocrx_word' id='word_1_25' title='bbox 1724 723 1903 782; x_wconf 91' lang='lat' dir='ltr'><strong>portas</strong></span> 
     </span>
    </p>
   </div>
   <div class='ocr_carea' id='block_1_5' title="bbox 315 806 1903 882">
    <p class='ocr_par' dir='ltr' id='par_1_5' title="bbox 315 806 1903 882">
     <span class='ocr_line' id='line_1_5' title="bbox 315 806 1903 882; baseline -0.004 -14"><span class='ocrx_word' id='word_1_26' title='bbox 315 812 638 877; x_wconf 73' lang='lat' dir='ltr'><strong>mreas,sed,</strong></span> <span class='ocrx_word' id='word_1_27' title='bbox 660 811 915 882; x_wconf 75' lang='lat' dir='ltr'><strong>Confregit</strong></span> <span class='ocrx_word' id='word_1_28' title='bbox 941 821 1111 879; x_wconf 85' lang='lat' dir='ltr'><strong>portas</strong></span> <span class='ocrx_word' id='word_1_29' title='bbox 1138 825 1328 872; x_wconf 72' lang='lat' dir='ltr'><strong>(creas;</strong></span> <span class='ocrx_word' id='word_1_30' title='bbox 1353 821 1411 862; x_wconf 94' lang='lat' dir='ltr'><strong>ut</strong></span> <span class='ocrx_word' id='word_1_31' title='bbox 1439 808 1637 861; x_wconf 91' lang='lat' dir='ltr'><strong>inutilis</strong></span> <span class='ocrx_word' id='word_1_32' title='bbox 1654 806 1903 875; x_wconf 81' lang='lat' dir='ltr'><strong>deinceps</strong></span> 
     </span>
    </p>
   </div>
   <div class='ocr_carea' id='block_1_6' title="bbox 314 900 1907 967">
    <p class='ocr_par' dir='ltr' id='par_1_6' title="bbox 314 900 1907 967">
     <span class='ocr_line' id='line_1_6' title="bbox 314 900 1907 967; baseline -0.007 -8"><span class='ocrx_word' id='word_1_33' title='bbox 314 920 499 959; x_wconf 75' lang='lat' dir='ltr'><strong>carcer</strong></span> <span class='ocrx_word' id='word_1_34' title='bbox 518 904 624 958; x_wconf 82' lang='lat' dir='ltr'><strong>fiat.</strong></span> <span class='ocrx_word' id='word_1_35' title='bbox 641 904 757 958; x_wconf 84' lang='lat' dir='ltr'><strong>Non</strong></span> <span class='ocrx_word' id='word_1_36' title='bbox 780 903 998 957; x_wconf 76' lang='lat' dir='ltr'><strong>abstulit</strong></span> <span class='ocrx_word' id='word_1_37' title='bbox 1018 912 1218 967; x_wconf 87' lang='lat' dir='ltr'><strong>vectes,</strong></span> <span class='ocrx_word' id='word_1_38' title='bbox 1249 900 1342 955; x_wconf 92' lang='lat' dir='ltr'><strong>sed</strong></span> <span class='ocrx_word' id='word_1_39' title='bbox 1368 900 1637 965; x_wconf 89' lang='lat' dir='ltr'><strong>contrivit,</strong></span> <span class='ocrx_word' id='word_1_40' title='bbox 1655 908 1907 952; x_wconf 86' lang='lat' dir='ltr'><strong>utcusto-</strong></span> 
     </span>
    </p>
   </div>
   <div class='ocr_carea' id='block_1_7' title="bbox 312 991 1903 1066">
    <p class='ocr_par' dir='ltr' id='par_1_7' title="bbox 312 991 1903 1066">
     <span class='ocr_line' id='line_1_7' title="bbox 312 991 1903 1066; baseline -0.004 -14"><span class='ocrx_word' id='word_1_41' title='bbox 312 999 397 1053; x_wconf 88' lang='lat' dir='ltr'><strong>dia</strong></span> <span class='ocrx_word' id='word_1_42' title='bbox 421 998 673 1066; x_wconf 86' lang='lat' dir='ltr'><strong>deinceps</strong></span> <span class='ocrx_word' id='word_1_43' title='bbox 694 996 903 1049; x_wconf 83' lang='lat' dir='ltr'><strong>infirma</strong></span> <span class='ocrx_word' id='word_1_44' title='bbox 929 994 1213 1048; x_wconf 81' lang='lat' dir='ltr'><strong>reddatur:</strong></span> <span class='ocrx_word' id='word_1_45' title='bbox 1239 992 1325 1046; x_wconf 94' lang='lat' dir='ltr'><strong>ubi</strong></span> <span class='ocrx_word' id='word_1_46' title='bbox 1352 991 1903 1061; x_wconf 84' lang='lat' dir='ltr'><strong>uequejanua,neque</strong></span> 
     </span>
    </p>
   </div>
   <div class='ocr_carea' id='block_1_8' title="bbox 320 1081 1904 1156">
    <p class='ocr_par' dir='ltr' id='par_1_8' title="bbox 320 1081 1904 1156">
     <span class='ocr_line' id='line_1_8' title="bbox 320 1081 1904 1156; baseline -0.006 -14"><span class='ocrx_word' id='word_1_47' title='bbox 320 1090 516 1155; x_wconf 80' lang='lat' dir='ltr'><strong>vectis;</strong></span> <span class='ocrx_word' id='word_1_48' title='bbox 544 1099 597 1144; x_wconf 89' lang='lat' dir='ltr'><strong>et</strong></span> <span class='ocrx_word' id='word_1_49' title='bbox 623 1090 746 1143; x_wconf 92' lang='lat' dir='ltr'><strong>licet</strong></span> <span class='ocrx_word' id='word_1_50' title='bbox 775 1086 893 1156; x_wconf 89' lang='lat' dir='ltr'><strong>quis</strong></span> <span class='ocrx_word' id='word_1_51' title='bbox 920 1087 1216 1150; x_wconf 89' lang='lat' dir='ltr'><strong>intret,non</strong></span> <span class='ocrx_word' id='word_1_52' title='bbox 1248 1092 1475 1138; x_wconf 81' lang='lat' dir='ltr'><strong>tenetur.</strong></span> <span class='ocrx_word' id='word_1_53' title='bbox 1497 1081 1718 1148; x_wconf 85' lang='lat' dir='ltr'><strong>Quando</strong></span> <span class='ocrx_word' id='word_1_54' title='bbox 1748 1081 1904 1150; x_wconf 85' lang='lat' dir='ltr'><strong>igitur</strong></span> 
     </span>
    </p>
   </div>
   <div class='ocr_carea' id='block_1_9' title="bbox 314 1173 1901 1249">
    <p class='ocr_par' dir='ltr' id='par_1_9' title="bbox 314 1173 1901 1249">
     <span class='ocr_line' id='line_1_9' title="bbox 314 1173 1901 1249; baseline -0.006 -14"><span class='ocrx_word' id='word_1_55' title='bbox 314 1181 558 1235; x_wconf 72' lang='lat' dir='ltr'><strong>Christus</strong></span> <span class='ocrx_word' id='word_1_56' title='bbox 595 1178 890 1249; x_wconf 87' lang='lat' dir='ltr'><strong>confregit,</strong></span> <span class='ocrx_word' id='word_1_57' title='bbox 915 1179 1032 1248; x_wconf 88' lang='lat' dir='ltr'><strong>quis</strong></span> <span class='ocrx_word' id='word_1_58' title='bbox 1062 1177 1197 1231; x_wconf 88' lang='lat' dir='ltr'><strong>alius</strong></span> <span class='ocrx_word' id='word_1_59' title='bbox 1222 1191 1469 1245; x_wconf 86' lang='lat' dir='ltr'><strong>reparare</strong></span> <span class='ocrx_word' id='word_1_60' title='bbox 1493 1175 1728 1243; x_wconf 86' lang='lat' dir='ltr'><strong>poterit?</strong></span> <span class='ocrx_word' id='word_1_61' title='bbox 1751 1173 1901 1239; x_wconf 84' lang='lat' dir='ltr'><strong>Quod</strong></span> 
     </span>
    </p>
   </div>
   <div class='ocr_carea' id='block_1_10' title="bbox 316 1263 1903 1337">
    <p class='ocr_par' dir='ltr' id='par_1_10' title="bbox 316 1263 1903 1337">
     <span class='ocr_line' id='line_1_10' title="bbox 316 1263 1903 1337; baseline -0.006 -12"><span class='ocrx_word' id='word_1_62' title='bbox 316 1273 458 1325; x_wconf 90' lang='lat' dir='ltr'><strong>enim</strong></span> <span class='ocrx_word' id='word_1_63' title='bbox 487 1272 624 1325; x_wconf 88' lang='lat' dir='ltr'><strong>Deus</strong></span> <span class='ocrx_word' id='word_1_64' title='bbox 648 1278 888 1335; x_wconf 89' lang='lat' dir='ltr'><strong>evertet,</strong></span> <span class='ocrx_word' id='word_1_65' title='bbox 922 1267 1123 1337; x_wconf 89' lang='lat' dir='ltr'><strong>inquit,</strong></span> <span class='ocrx_word' id='word_1_66' title='bbox 1156 1266 1274 1336; x_wconf 89' lang='lat' dir='ltr'><strong>quis</strong></span> <span class='ocrx_word' id='word_1_67' title='bbox 1299 1265 1365 1319; x_wconf 92' lang='lat' dir='ltr'><strong>de</strong></span> <span class='ocrx_word' id='word_1_68' title='bbox 1391 1274 1585 1319; x_wconf 85' lang='lat' dir='ltr'><strong>caetero</strong></span> <span class='ocrx_word' id='word_1_69' title='bbox 1614 1263 1856 1317; x_wconf 87' lang='lat' dir='ltr'><strong>restituet</strong></span> <span class='ocrx_word' id='word_1_70' title='bbox 1880 1263 1903 1314; x_wconf 70' lang='grc' dir='ltr'><em>Ὺ</em></span> 
     </span>
    </p>
   </div>
   <div class='ocr_carea' id='block_1_11' title="bbox 318 1354 1899 1434">
    <p class='ocr_par' dir='ltr' id='par_1_11' title="bbox 318 1354 1899 1434">
     <span class='ocr_line' id='line_1_11' title="bbox 318 1354 1899 1434; baseline -0.007 -16"><span class='ocrx_word' id='word_1_71' title='bbox 318 1363 491 1434; x_wconf 81' lang='lat' dir='ltr'><strong>Reges</strong></span> <span class='ocrx_word' id='word_1_72' title='bbox 514 1378 634 1417; x_wconf 90' lang='lat' dir='ltr'><strong>cum</strong></span> <span class='ocrx_word' id='word_1_73' title='bbox 665 1362 869 1415; x_wconf 89' lang='lat' dir='ltr'><strong>vinctos</strong></span> <span class='ocrx_word' id='word_1_74' title='bbox 889 1359 1156 1413; x_wconf 87' lang='lat' dir='ltr'><strong>dimittere</strong></span> <span class='ocrx_word' id='word_1_75' title='bbox 1178 1358 1391 1421; x_wconf 92' lang='lat' dir='ltr'><strong>volunt,</strong></span> <span class='ocrx_word' id='word_1_76' title='bbox 1424 1356 1599 1409; x_wconf 88' lang='lat' dir='ltr'><strong>missis</strong></span> <span class='ocrx_word' id='word_1_77' title='bbox 1627 1354 1865 1423; x_wconf 90' lang='lat' dir='ltr'><strong>epistolis</strong></span> <span class='ocrx_word' id='word_1_78' title='bbox 1884 1394 1899 1417; x_wconf 88' lang='lat'><strong>,</strong></span> 
     </span>
    </p>
   </div>
   <div class='ocr_carea' id='block_1_12' title="bbox 319 1447 1899 1525">
    <p class='ocr_par' dir='ltr' id='par_1_12' title="bbox 319 1447 1899 1525">
     <span class='ocr_line' id='line_1_12' title="bbox 319 1447 1899 1525; baseline -0.007 -15"><span class='ocrx_word' id='word_1_79' title='bbox 319 1472 427 1512; x_wconf 88' lang='lat' dir='ltr'><strong>non</strong></span> <span class='ocrx_word' id='word_1_80' title='bbox 455 1464 525 1510; x_wconf 84' lang='lat' dir='ltr'><strong>ita</strong></span> <span class='ocrx_word' id='word_1_81' title='bbox 566 1462 759 1525; x_wconf 89' lang='lat' dir='ltr'><strong>agunt,</strong></span> <span class='ocrx_word' id='word_1_82' title='bbox 788 1453 881 1508; x_wconf 90' lang='lat' dir='ltr'><strong>sed</strong></span> <span class='ocrx_word' id='word_1_83' title='bbox 915 1463 1021 1507; x_wconf 91' lang='lat' dir='ltr'><strong>tam</strong></span> <span class='ocrx_word' id='word_1_84' title='bbox 1062 1450 1224 1514; x_wconf 88' lang='lat' dir='ltr'><strong>fores,</strong></span> <span class='ocrx_word' id='word_1_85' title='bbox 1252 1465 1408 1519; x_wconf 71' lang='lat' dir='ltr'><strong>quam</strong></span> <span class='ocrx_word' id='word_1_86' title='bbox 1457 1448 1705 1502; x_wconf 89' lang='lat' dir='ltr'><strong>custodes</strong></span> <span class='ocrx_word' id='word_1_87' title='bbox 1734 1447 1899 1501; x_wconf 72' lang='lat' dir='ltr'><strong>relin~</strong></span> 
     </span>
    </p>
   </div>
   <div class='ocr_carea' id='block_1_13' title="bbox 320 1539 1898 1616">
    <p class='ocr_par' dir='ltr' id='par_1_13' title="bbox 320 1539 1898 1616">
     <span class='ocr_line' id='line_1_13' title="bbox 320 1539 1898 1616; baseline -0.008 -14"><span class='ocrx_word' id='word_1_88' title='bbox 320 1556 486 1616; x_wconf 89' lang='lat' dir='ltr'><strong>quunt</strong></span> <span class='ocrx_word' id='word_1_89' title='bbox 506 1589 519 1610; x_wconf 92' lang='lat'><strong>,</strong></span> <span class='ocrx_word' id='word_1_90' title='bbox 549 1558 606 1600; x_wconf 93' lang='lat' dir='ltr'><strong>ut</strong></span> <span class='ocrx_word' id='word_1_91' title='bbox 643 1546 959 1609; x_wconf 84' lang='lat' dir='ltr'><strong>ostendant,</strong></span> <span class='ocrx_word' id='word_1_92' title='bbox 989 1559 1054 1597; x_wconf 92' lang='lat' dir='ltr'><strong>eo</strong></span> <span class='ocrx_word' id='word_1_93' title='bbox 1086 1542 1262 1597; x_wconf 86' lang='lat' dir='ltr'><strong>denuo</strong></span> <span class='ocrx_word' id='word_1_94' title='bbox 1311 1539 1713 1609; x_wconf 90' lang='lat' dir='ltr'><strong>ingrediendum</strong></span> <span class='ocrx_word' id='word_1_95' title='bbox 1742 1552 1860 1591; x_wconf 87' lang='lat' dir='ltr'><strong>esse</strong></span> <span class='ocrx_word' id='word_1_96' title='bbox 1885 1578 1898 1602; x_wconf 93' lang='lat'><strong>,</strong></span> 
     </span>
    </p>
   </div>
   <div class='ocr_carea' id='block_1_14' title="bbox 318 1627 1898 1705">
    <p class='ocr_par' dir='ltr' id='par_1_14' title="bbox 318 1627 1898 1705">
     <span class='ocr_line' id='line_1_14' title="bbox 318 1627 1898 1705; baseline -0.009 -11"><span class='ocrx_word' id='word_1_97' title='bbox 318 1641 401 1694; x_wconf 85' lang='lat' dir='ltr'><strong>vel</strong></span> <span class='ocrx_word' id='word_1_98' title='bbox 434 1640 556 1701; x_wconf 88' lang='lat' dir='ltr'><strong>illis,</strong></span> <span class='ocrx_word' id='word_1_99' title='bbox 585 1639 793 1705; x_wconf 87' lang='lat' dir='ltr'><strong>quijam</strong></span> <span class='ocrx_word' id='word_1_100' title='bbox 823 1636 971 1690; x_wconf 88' lang='lat' dir='ltr'><strong>liberi</strong></span> <span class='ocrx_word' id='word_1_101' title='bbox 996 1635 1268 1695; x_wconf 89' lang='lat' dir='ltr'><strong>abierunt,</strong></span> <span class='ocrx_word' id='word_1_102' title='bbox 1295 1632 1377 1686; x_wconf 92' lang='lat' dir='ltr'><strong>vel</strong></span> <span class='ocrx_word' id='word_1_103' title='bbox 1413 1632 1529 1684; x_wconf 89' lang='lat' dir='ltr'><strong>loco</strong></span> <span class='ocrx_word' id='word_1_104' title='bbox 1549 1644 1733 1683; x_wconf 86' lang='lat' dir='ltr'><strong>eorum</strong></span> <span class='ocrx_word' id='word_1_105' title='bbox 1761 1627 1898 1680; x_wconf 72' lang='lat' dir='ltr'><strong>aliis.</strong></span> 
     </span>
    </p>
   </div>
   <div class='ocr_carea' id='block_1_15' title="bbox 317 1721 1902 1792">
    <p class='ocr_par' dir='ltr' id='par_1_15' title="bbox 317 1721 1902 1792">
     <span class='ocr_line' id='line_1_15' title="bbox 317 1721 1902 1792; baseline -0.011 -4"><span class='ocrx_word' id='word_1_106' title='bbox 317 1730 433 1787; x_wconf 79' lang='lat' dir='ltr'><strong>Non</strong></span> <span class='ocrx_word' id='word_1_107' title='bbox 480 1731 549 1783; x_wconf 85' lang='lat' dir='ltr'><strong>ita</strong></span> <span class='ocrx_word' id='word_1_108' title='bbox 593 1728 869 1792; x_wconf 78' lang='lat' dir='ltr'><strong>Christus,</strong></span> <span class='ocrx_word' id='word_1_109' title='bbox 900 1725 993 1780; x_wconf 90' lang='lat' dir='ltr'><strong>sed</strong></span> <span class='ocrx_word' id='word_1_110' title='bbox 1033 1724 1403 1778; x_wconf 86' lang='lat' dir='ltr'><strong>demonstrare</strong></span> <span class='ocrx_word' id='word_1_111' title='bbox 1442 1721 1627 1775; x_wconf 88' lang='lat' dir='ltr'><strong>volens</strong></span> <span class='ocrx_word' id='word_1_112' title='bbox 1675 1727 1902 1773; x_wconf 90' lang='lat' dir='ltr'><strong>mortem</strong></span> 
     </span>
    </p>
   </div>
   <div class='ocr_carea' id='block_1_16' title="bbox 314 1812 1902 1894">
    <p class='ocr_par' dir='ltr' id='par_1_16' title="bbox 314 1812 1902 1894">
     <span class='ocr_line' id='line_1_16' title="bbox 314 1812 1902 1894; baseline -0.008 -19"><span class='ocrx_word' id='word_1_113' title='bbox 314 1827 423 1894; x_wconf 82' lang='lat' dir='ltr'><strong>jam</strong></span> <span class='ocrx_word' id='word_1_114' title='bbox 446 1823 511 1876; x_wconf 90' lang='lat' dir='ltr'><strong>ad</strong></span> <span class='ocrx_word' id='word_1_115' title='bbox 541 1823 695 1874; x_wconf 87' lang='lat' dir='ltr'><strong>tinem</strong></span> <span class='ocrx_word' id='word_1_116' title='bbox 737 1829 1040 1887; x_wconf 86' lang='lat' dir='ltr'><strong>metamque</strong></span> <span class='ocrx_word' id='word_1_117' title='bbox 1070 1815 1408 1886; x_wconf 87' lang='lat' dir='ltr'><strong>pervenisse,</strong></span> <span class='ocrx_word' id='word_1_118' title='bbox 1441 1829 1607 1868; x_wconf 81' lang='lat' dir='ltr'><strong>:creas</strong></span> <span class='ocrx_word' id='word_1_119' title='bbox 1634 1812 1749 1880; x_wconf 84' lang='lat' dir='ltr'><strong>ejus</strong></span> <span class='ocrx_word' id='word_1_120' title='bbox 1775 1826 1902 1879; x_wconf 89' lang='lat' dir='ltr'><strong>por-</strong></span> 
     </span>
    </p>
   </div>
   <div class='ocr_carea' id='block_1_17' title="bbox 320 1904 1904 1983">
    <p class='ocr_par' dir='ltr' id='par_1_17' title="bbox 320 1904 1904 1983">
     <span class='ocr_line' id='line_1_17' title="bbox 320 1904 1904 1983; baseline -0.009 -12"><span class='ocrx_word' id='word_1_121' title='bbox 320 1926 400 1971; x_wconf 87' lang='lat' dir='ltr'><strong>tas</strong></span> <span class='ocrx_word' id='word_1_122' title='bbox 428 1914 685 1983; x_wconf 69' lang='lat' dir='ltr'><strong>coniregit</strong></span> <span class='ocrx_word' id='word_1_123' title='bbox 709 1929 722 1963; x_wconf 88' lang='lat'><strong>:</strong></span> <span class='ocrx_word' id='word_1_124' title='bbox 747 1926 914 1964; x_wconf 82' lang='lat' dir='ltr'><strong>a-reas</strong></span> <span class='ocrx_word' id='word_1_125' title='bbox 944 1925 1070 1963; x_wconf 81' lang='lat' dir='ltr'><strong>vero</strong></span> <span class='ocrx_word' id='word_1_126' title='bbox 1101 1907 1413 1972; x_wconf 87' lang='lat' dir='ltr'><strong>nominavit,</strong></span> <span class='ocrx_word' id='word_1_127' title='bbox 1444 1922 1547 1959; x_wconf 89' lang='lat' dir='ltr'><strong>non</strong></span> <span class='ocrx_word' id='word_1_128' title='bbox 1576 1904 1715 1975; x_wconf 89' lang='lat' dir='ltr'><strong>quod</strong></span> <span class='ocrx_word' id='word_1_129' title='bbox 1740 1913 1904 1973; x_wconf 70' lang='lat' dir='ltr'><strong>porta}</strong></span> 
     </span>
    </p>
   </div>
   <div class='ocr_carea' id='block_1_18' title="bbox 318 1997 1902 2065">
    <p class='ocr_par' dir='ltr' id='par_1_18' title="bbox 318 1997 1902 2065">
     <span class='ocr_line' id='line_1_18' title="bbox 318 1997 1902 2065; baseline -0.009 -3"><span class='ocrx_word' id='word_1_130' title='bbox 318 2009 422 2062; x_wconf 76' lang='lat' dir='ltr'><strong>illae</strong></span> <span class='ocrx_word' id='word_1_131' title='bbox 452 2024 515 2062; x_wconf 90' lang='lat' dir='ltr'><strong>ex</strong></span> <span class='ocrx_word' id='word_1_132' title='bbox 557 2021 663 2060; x_wconf 84' lang='lat' dir='ltr'><strong>aere</strong></span> <span class='ocrx_word' id='word_1_133' title='bbox 692 2004 797 2058; x_wconf 89' lang='lat' dir='ltr'><strong>sint</strong></span> <span class='ocrx_word' id='word_1_134' title='bbox 838 2000 1166 2065; x_wconf 57' lang='lat' dir='ltr'><strong>fabrefacta},</strong></span> <span class='ocrx_word' id='word_1_135' title='bbox 1197 1999 1289 2055; x_wconf 89' lang='lat' dir='ltr'><strong>sed</strong></span> <span class='ocrx_word' id='word_1_136' title='bbox 1318 2007 1374 2053; x_wconf 91' lang='lat' dir='ltr'><strong>ut</strong></span> <span class='ocrx_word' id='word_1_137' title='bbox 1402 1999 1697 2053; x_wconf 84' lang='lat' dir='ltr'><strong>declararet</strong></span> <span class='ocrx_word' id='word_1_138' title='bbox 1725 1997 1902 2051; x_wconf 90' lang='lat' dir='ltr'><strong>immi-</strong></span> 
     </span>
    </p>
   </div>
   <div class='ocr_carea' id='block_1_19' title="bbox 319 2090 1906 2153">
    <p class='ocr_par' dir='ltr' id='par_1_19' title="bbox 319 2090 1906 2153">
     <span class='ocr_line' id='line_1_19' title="bbox 319 2090 1906 2153; baseline -0.009 0"><span class='ocrx_word' id='word_1_139' title='bbox 319 2108 424 2153; x_wconf 89' lang='lat' dir='ltr'><strong>tem</strong></span> <span class='ocrx_word' id='word_1_140' title='bbox 453 2099 595 2151; x_wconf 89' lang='lat' dir='ltr'><strong>illam</strong></span> <span class='ocrx_word' id='word_1_141' title='bbox 626 2104 679 2149; x_wconf 90' lang='lat' dir='ltr'><strong>et</strong></span> <span class='ocrx_word' id='word_1_142' title='bbox 707 2093 1085 2148; x_wconf 84' lang='lat' dir='ltr'><strong>inexorabilem</strong></span> <span class='ocrx_word' id='word_1_143' title='bbox 1128 2092 1314 2145; x_wconf 90' lang='lat' dir='ltr'><strong>mortis</strong></span> <span class='ocrx_word' id='word_1_144' title='bbox 1336 2093 1727 2144; x_wconf 79' lang='lat' dir='ltr'><strong>necessitatem.</strong></span> <span class='ocrx_word' id='word_1_145' title='bbox 1762 2090 1824 2142; x_wconf 86' lang='lat' dir='ltr'><strong>Et</strong></span> <span class='ocrx_word' id='word_1_146' title='bbox 1849 2097 1906 2140; x_wconf 92' lang='lat' dir='ltr'><strong>ut</strong></span> 
     </span>
    </p>
   </div>
   <div class='ocr_carea' id='block_1_20' title="bbox 318 2177 1902 2257">
    <p class='ocr_par' dir='ltr' id='par_1_20' title="bbox 318 2177 1902 2257">
     <span class='ocr_line' id='line_1_20' title="bbox 318 2177 1902 2257; baseline -0.009 -11"><span class='ocrx_word' id='word_1_147' title='bbox 318 2190 603 2257; x_wconf 63' lang='lat' dir='ltr'><strong>intelligas,</strong></span> <span class='ocrx_word' id='word_1_148' title='bbox 632 2197 737 2240; x_wconf 89' lang='lat' dir='ltr'><strong>tam</strong></span> <span class='ocrx_word' id='word_1_149' title='bbox 768 2200 841 2238; x_wconf 66' lang='grc' dir='ltr'><strong>ωε</strong></span> <span class='ocrx_word' id='word_1_150' title='bbox 866 2199 1022 2253; x_wconf 90' lang='lat' dir='ltr'><strong>quam</strong></span> <span class='ocrx_word' id='word_1_151' title='bbox 1046 2183 1243 2237; x_wconf 90' lang='lat' dir='ltr'><strong>ferrum</strong></span> <span class='ocrx_word' id='word_1_152' title='bbox 1270 2181 1571 2251; x_wconf 83' lang='lat' dir='ltr'><strong>significare</strong></span> <span class='ocrx_word' id='word_1_153' title='bbox 1597 2180 1734 2235; x_wconf 91' lang='lat' dir='ltr'><strong>idem</strong></span> <span class='ocrx_word' id='word_1_154' title='bbox 1762 2177 1902 2249; x_wconf 91' lang='lat' dir='ltr'><strong>quod</strong></span> 
     </span>
    </p>
   </div>
   <div class='ocr_carea' id='block_1_21' title="bbox 317 2272 1902 2354">
    <p class='ocr_par' dir='ltr' id='par_1_21' title="bbox 317 2272 1902 2354">
     <span class='ocr_line' id='line_1_21' title="bbox 317 2272 1902 2354; baseline -0.009 -15"><span class='ocrx_word' id='word_1_155' title='bbox 317 2284 543 2354; x_wconf 89' lang='lat' dir='ltr'><strong>rigidum</strong></span> <span class='ocrx_word' id='word_1_156' title='bbox 570 2289 626 2335; x_wconf 92' lang='lat' dir='ltr'><strong>et</strong></span> <span class='ocrx_word' id='word_1_157' title='bbox 667 2277 982 2341; x_wconf 86' lang='lat' dir='ltr'><strong>inﬂexibile,</strong></span> <span class='ocrx_word' id='word_1_158' title='bbox 1012 2275 1131 2330; x_wconf 91' lang='lat' dir='ltr'><strong>audi</strong></span> <span class='ocrx_word' id='word_1_159' title='bbox 1163 2274 1289 2345; x_wconf 92' lang='lat' dir='ltr'><strong>quid</strong></span> <span class='ocrx_word' id='word_1_160' title='bbox 1319 2274 1383 2329; x_wconf 88' lang='lat' dir='ltr'><strong>ad</strong></span> <span class='ocrx_word' id='word_1_161' title='bbox 1414 2272 1696 2343; x_wconf 83' lang='lat' dir='ltr'><strong>quemdam</strong></span> <span class='ocrx_word' id='word_1_162' title='bbox 1728 2272 1902 2340; x_wconf 92' lang='lat' dir='ltr'><strong>impu-</strong></span> 
     </span>
    </p>
   </div>
   <div class='ocr_carea' id='block_1_22' title="bbox 318 2366 1905 2436">
    <p class='ocr_par' dir='ltr' id='par_1_22' title="bbox 318 2366 1905 2436">
     <span class='ocr_line' id='line_1_22' title="bbox 318 2366 1905 2436; baseline -0.011 -4"><span class='ocrx_word' id='word_1_163' title='bbox 318 2378 532 2432; x_wconf 84' lang='lat' dir='ltr'><strong>dentem</strong></span> <span class='ocrx_word' id='word_1_164' title='bbox 581 2373 717 2426; x_wconf 90' lang='lat' dir='ltr'><strong>Deus</strong></span> <span class='ocrx_word' id='word_1_165' title='bbox 764 2371 906 2424; x_wconf 82' lang='lat' dir='ltr'><strong>dicat</strong></span> <span class='ocrx_word' id='word_1_166' title='bbox 938 2387 951 2422; x_wconf 91' lang='lat'><strong>:</strong></span> <span class='ocrx_word' id='word_1_167' title='bbox 982 2366 1183 2421; x_wconf 87' lang='lat' dir='ltr'><strong>Nervus</strong></span> <span class='ocrx_word' id='word_1_168' title='bbox 1227 2366 1451 2436; x_wconf 80' lang='lat' dir='ltr'><strong>ferreus,</strong></span> <span class='ocrx_word' id='word_1_169' title='bbox 1483 2366 1649 2417; x_wconf 67' lang='lat' dir='ltr'><strong>cervix</strong></span> <span class='ocrx_word' id='word_1_170' title='bbox 1694 2374 1814 2428; x_wconf 88' lang='lat' dir='ltr'><strong>tua,</strong></span> <span class='ocrx_word' id='word_1_171' title='bbox 1859 2373 1905 2415; x_wconf 90' lang='lat' dir='ltr'><strong>et</strong></span> 
     </span>
    </p>
   </div>
   <div class='ocr_carea' id='block_1_23' title="bbox 317 2452 1905 2539">
    <p class='ocr_par' dir='ltr' id='par_1_23' title="bbox 317 2452 1905 2539">
     <span class='ocr_line' id='line_1_23' title="bbox 317 2452 1905 2539; baseline -0.01 -17"><span class='ocrx_word' id='word_1_172' title='bbox 317 2468 458 2539; x_wconf 76' lang='lat' dir='ltr'><strong>frons</strong></span> <span class='ocrx_word' id='word_1_173' title='bbox 506 2476 595 2519; x_wconf 88' lang='lat' dir='ltr'><strong>tua</strong></span> <span class='ocrx_word' id='word_1_174' title='bbox 637 2479 768 2518; x_wconf 71' lang='lat' dir='ltr'><strong>(area</strong></span> <span class='ocrx_word' id='word_1_175' title='bbox 799 2463 817 2533; x_wconf 95' lang='lat'>(</span> <span class='ocrx_word' id='word_1_176' title='bbox 846 2460 971 2515; x_wconf 86' lang='lat' dir='ltr'><strong>Isai.</strong></span> <span class='ocrx_word' id='word_1_177' title='bbox 1006 2459 1091 2515; x_wconf 72' lang='grc'><strong>18.</strong></span> <span class='ocrx_word' id='word_1_178' title='bbox 1126 2457 1218 2529; x_wconf 75' lang='grc'><strong>4).</strong></span> <span class='ocrx_word' id='word_1_179' title='bbox 1256 2457 1367 2511; x_wconf 87' lang='lat' dir='ltr'><strong>lloc</strong></span> <span class='ocrx_word' id='word_1_180' title='bbox 1411 2456 1582 2521; x_wconf 83' lang='lat' dir='ltr'><strong>dixit,</strong></span> <span class='ocrx_word' id='word_1_181' title='bbox 1611 2469 1714 2507; x_wconf 91' lang='lat' dir='ltr'><strong>non</strong></span> <span class='ocrx_word' id='word_1_182' title='bbox 1763 2452 1905 2522; x_wconf 90' lang='lat' dir='ltr'><strong>quod</strong></span> 
     </span>
    </p>
   </div>
   <div class='ocr_carea' id='block_1_24' title="bbox 317 2545 1906 2620">
    <p class='ocr_par' dir='ltr' id='par_1_24' title="bbox 317 2545 1906 2620">
     <span class='ocr_line' id='line_1_24' title="bbox 317 2545 1906 2620; baseline -0.011 -5"><span class='ocrx_word' id='word_1_183' title='bbox 317 2575 515 2615; x_wconf 70' lang='lat' dir='ltr'><strong>mream</strong></span> <span class='ocrx_word' id='word_1_184' title='bbox 538 2557 767 2611; x_wconf 90' lang='lat' dir='ltr'><strong>frontem</strong></span> <span class='ocrx_word' id='word_1_185' title='bbox 795 2554 1039 2608; x_wconf 88' lang='lat' dir='ltr'><strong>habuerit</strong></span> <span class='ocrx_word' id='word_1_186' title='bbox 1065 2569 1078 2617; x_wconf 90' lang='lat'><strong>;</strong></span> <span class='ocrx_word' id='word_1_187' title='bbox 1109 2550 1201 2605; x_wconf 89' lang='lat' dir='ltr'><strong>sed</strong></span> <span class='ocrx_word' id='word_1_188' title='bbox 1235 2550 1354 2620; x_wconf 88' lang='lat' dir='ltr'><strong>quia</strong></span> <span class='ocrx_word' id='word_1_189' title='bbox 1379 2546 1764 2617; x_wconf 87' lang='lat' dir='ltr'><strong>implacabilem</strong></span> <span class='ocrx_word' id='word_1_190' title='bbox 1790 2545 1906 2600; x_wconf 88' lang='lat' dir='ltr'><strong>vul-</strong></span> 
     </span>
    </p>
   </div>
   <div class='ocr_carea' id='block_1_25' title="bbox 318 2639 1905 2719">
    <p class='ocr_par' dir='ltr' id='par_1_25' title="bbox 318 2639 1905 2719">
     <span class='ocr_line' id='line_1_25' title="bbox 318 2639 1905 2719; baseline -0.01 -10"><span class='ocrx_word' id='word_1_191' title='bbox 318 2661 512 2709; x_wconf 89' lang='lat' dir='ltr'><strong>tumet</strong></span> <span class='ocrx_word' id='word_1_192' title='bbox 553 2649 913 2719; x_wconf 77' lang='lat' dir='ltr'><strong>impudentem</strong></span> <span class='ocrx_word' id='word_1_193' title='bbox 950 2657 1001 2701; x_wconf 93' lang='lat' dir='ltr'><strong>et</strong></span> <span class='ocrx_word' id='word_1_194' title='bbox 1050 2644 1307 2699; x_wconf 91' lang='lat' dir='ltr'><strong>immitem</strong></span> <span class='ocrx_word' id='word_1_195' title='bbox 1336 2643 1536 2695; x_wconf 87' lang='lat' dir='ltr'><strong>habuit.</strong></span> <span class='ocrx_word' id='word_1_196' title='bbox 1567 2639 1656 2695; x_wconf 88' lang='lat' dir='ltr'><strong>Vis</strong></span> <span class='ocrx_word' id='word_1_197' title='bbox 1699 2639 1905 2695; x_wconf 89' lang='lat' dir='ltr'><strong>discere</strong></span> 
     </span>
    </p>
   </div>
   <div class='ocr_carea' id='block_1_26' title="bbox 316 2729 1906 2817">
    <p class='ocr_par' dir='ltr' id='par_1_26' title="bbox 316 2729 1906 2817">
     <span class='ocr_line' id='line_1_26' title="bbox 316 2729 1906 2817; baseline -0.011 -17"><span class='ocrx_word' id='word_1_198' title='bbox 316 2743 585 2817; x_wconf 86' lang='lat' dir='ltr'><strong>quomodo</strong></span> <span class='ocrx_word' id='word_1_199' title='bbox 618 2743 778 2795; x_wconf 78' lang='lat' dir='ltr'><strong>fueris</strong></span> <span class='ocrx_word' id='word_1_200' title='bbox 811 2736 1195 2807; x_wconf 88' lang='lat' dir='ltr'><strong>implacabilis,</strong></span> <span class='ocrx_word' id='word_1_201' title='bbox 1226 2733 1567 2798; x_wconf 79' lang='lat' dir='ltr'><strong>inﬂexibilis,</strong></span> <span class='ocrx_word' id='word_1_202' title='bbox 1610 2740 1664 2786; x_wconf 89' lang='lat' dir='ltr'><strong>et</strong></span> <span class='ocrx_word' id='word_1_203' title='bbox 1703 2729 1906 2800; x_wconf 71' lang='lat' dir='ltr'><strong>ipsissi-</strong></span> 
     </span>
    </p>
   </div>
   <div class='ocr_carea' id='block_1_27' title="bbox 318 2822 1906 2898">
    <p class='ocr_par' dir='ltr' id='par_1_27' title="bbox 318 2822 1906 2898">
     <span class='ocr_line' id='line_1_27' title="bbox 318 2822 1906 2898; baseline -0.012 -5"><span class='ocrx_word' id='word_1_204' title='bbox 318 2852 439 2893; x_wconf 90' lang='lat' dir='ltr'><strong>mus</strong></span> <span class='ocrx_word' id='word_1_205' title='bbox 483 2834 739 2889; x_wconf 82' lang='lat' dir='ltr'><strong>adamas?</strong></span> <span class='ocrx_word' id='word_1_206' title='bbox 770 2832 939 2885; x_wconf 89' lang='lat' dir='ltr'><strong>Tanto</strong></span> <span class='ocrx_word' id='word_1_207' title='bbox 967 2839 1205 2898; x_wconf 89' lang='lat' dir='ltr'><strong>tempore</strong></span> <span class='ocrx_word' id='word_1_208' title='bbox 1233 2842 1390 2881; x_wconf 91' lang='lat' dir='ltr'><strong>nemo</strong></span> <span class='ocrx_word' id='word_1_209' title='bbox 1426 2838 1676 2893; x_wconf 91' lang='lat' dir='ltr'><strong>umquam</strong></span> <span class='ocrx_word' id='word_1_210' title='bbox 1706 2822 1756 2877; x_wconf 91' lang='lat' dir='ltr'><strong>ei</strong></span> <span class='ocrx_word' id='word_1_211' title='bbox 1786 2837 1906 2889; x_wconf 89' lang='lat' dir='ltr'><strong>per-</strong></span> 
     </span>
    </p>
   </div>
   <div class='ocr_carea' id='block_1_28' title="bbox 317 2914 1905 2995">
    <p class='ocr_par' dir='ltr' id='par_1_28' title="bbox 317 2914 1905 2995">
     <span class='ocr_line' id='line_1_28' title="bbox 317 2914 1905 2995; baseline -0.01 -12"><span class='ocrx_word' id='word_1_212' title='bbox 317 2928 543 2983; x_wconf 79' lang='lat' dir='ltr'><strong>suadere</strong></span> <span class='ocrx_word' id='word_1_213' title='bbox 573 2926 769 2995; x_wconf 89' lang='lat' dir='ltr'><strong>potuit,</strong></span> <span class='ocrx_word' id='word_1_214' title='bbox 799 2932 853 2976; x_wconf 93' lang='lat' dir='ltr'><strong>ut</strong></span> <span class='ocrx_word' id='word_1_215' title='bbox 886 2934 1206 2991; x_wconf 90' lang='lat' dir='ltr'><strong>quemquam</strong></span> <span class='ocrx_word' id='word_1_216' title='bbox 1236 2933 1301 2972; x_wconf 85' lang='lat' dir='ltr'><strong>ex</strong></span> <span class='ocrx_word' id='word_1_217' title='bbox 1329 2917 1433 2972; x_wconf 87' lang='lat' dir='ltr'><strong>illis</strong></span> <span class='ocrx_word' id='word_1_218' title='bbox 1453 2958 1467 2981; x_wconf 95' lang='lat'><strong>,</strong></span> <span class='ocrx_word' id='word_1_219' title='bbox 1506 2931 1639 2985; x_wconf 89' lang='lat' dir='ltr'><strong>quos</strong></span> <span class='ocrx_word' id='word_1_220' title='bbox 1668 2914 1905 2982; x_wconf 86' lang='lat' dir='ltr'><strong>captivos</strong></span> 
     </span>
    </p>
   </div>
   <div class='ocr_carea' id='block_1_29' title="bbox 318 3005 1906 3083">
    <p class='ocr_par' dir='ltr' id='par_1_29' title="bbox 318 3005 1906 3083">
     <span class='ocr_line' id='line_1_29' title="bbox 318 3005 1906 3083; baseline -0.011 -6"><span class='ocrx_word' id='word_1_221' title='bbox 318 3022 553 3083; x_wconf 88' lang='lat' dir='ltr'><strong>tenebat,</strong></span> <span class='ocrx_word' id='word_1_222' title='bbox 577 3018 901 3079; x_wconf 89' lang='lat' dir='ltr'><strong>dimitteret;</strong></span> <span class='ocrx_word' id='word_1_223' title='bbox 929 3012 1276 3083; x_wconf 87' lang='lat' dir='ltr'><strong>quoadusque</strong></span> <span class='ocrx_word' id='word_1_224' title='bbox 1304 3008 1616 3078; x_wconf 79' lang='lat' dir='ltr'><strong>angelorum</strong></span> <span class='ocrx_word' id='word_1_225' title='bbox 1651 3005 1906 3060; x_wconf 90' lang='lat' dir='ltr'><strong>Dominus</strong></span> 
     </span>
    </p>
   </div>
   <div class='ocr_carea' id='block_1_30' title="bbox 319 3098 1904 3171">
    <p class='ocr_par' dir='ltr' id='par_1_30' title="bbox 319 3098 1904 3171">
     <span class='ocr_line' id='line_1_30' title="bbox 319 3098 1904 3171; baseline -0.012 -3"><span class='ocrx_word' id='word_1_226' title='bbox 319 3129 387 3168; x_wconf 91' lang='lat' dir='ltr'><strong>eo</strong></span> <span class='ocrx_word' id='word_1_227' title='bbox 413 3109 745 3167; x_wconf 88' lang='lat' dir='ltr'><strong>descendens</strong></span> <span class='ocrx_word' id='word_1_228' title='bbox 766 3150 778 3171; x_wconf 87' lang='lat'><strong>,</strong></span> <span class='ocrx_word' id='word_1_229' title='bbox 803 3122 922 3161; x_wconf 91' lang='lat' dir='ltr'><strong>eum</strong></span> <span class='ocrx_word' id='word_1_230' title='bbox 952 3104 1003 3158; x_wconf 90' lang='lat' dir='ltr'><strong>vi</strong></span> <span class='ocrx_word' id='word_1_231' title='bbox 1031 3119 1123 3157; x_wconf 92' lang='lat' dir='ltr'><strong>sua</strong></span> <span class='ocrx_word' id='word_1_232' title='bbox 1150 3101 1345 3171; x_wconf 79' lang='lat' dir='ltr'><strong>coegit.</strong></span> <span class='ocrx_word' id='word_1_233' title='bbox 1369 3101 1499 3155; x_wconf 84' lang='lat' dir='ltr'><strong>Nam</strong></span> <span class='ocrx_word' id='word_1_234' title='bbox 1527 3098 1755 3169; x_wconf 89' lang='lat' dir='ltr'><strong>primum</strong></span> <span class='ocrx_word' id='word_1_235' title='bbox 1783 3098 1904 3166; x_wconf 87' lang='lat' dir='ltr'><strong>qui-</strong></span> 
     </span>
    </p>
   </div>
   <div class='ocr_carea' id='block_1_31' title="bbox 316 3192 1907 3272">
    <p class='ocr_par' dir='ltr' id='par_1_31' title="bbox 316 3192 1907 3272">
     <span class='ocr_line' id='line_1_31' title="bbox 316 3192 1907 3272; baseline -0.011 -11"><span class='ocrx_word' id='word_1_236' title='bbox 316 3206 437 3260; x_wconf 89' lang='lat' dir='ltr'><strong>dem</strong></span> <span class='ocrx_word' id='word_1_237' title='bbox 464 3202 695 3272; x_wconf 75' lang='lat' dir='ltr'><strong>alligavit</strong></span> <span class='ocrx_word' id='word_1_238' title='bbox 720 3199 932 3260; x_wconf 83' lang='lat' dir='ltr'><strong>fortem,</strong></span> <span class='ocrx_word' id='word_1_239' title='bbox 951 3207 1004 3251; x_wconf 90' lang='lat' dir='ltr'><strong>et</strong></span> <span class='ocrx_word' id='word_1_240' title='bbox 1028 3204 1152 3250; x_wconf 92' lang='lat' dir='ltr'><strong>tunc</strong></span> <span class='ocrx_word' id='word_1_241' title='bbox 1170 3210 1295 3248; x_wconf 89' lang='lat' dir='ltr'><strong>vasa</strong></span> <span class='ocrx_word' id='word_1_242' title='bbox 1316 3194 1433 3263; x_wconf 87' lang='lat' dir='ltr'><strong>ejus</strong></span> <span class='ocrx_word' id='word_1_243' title='bbox 1458 3192 1712 3262; x_wconf 86' lang='lat' dir='ltr'><strong>diripuit:</strong></span> <span class='ocrx_word' id='word_1_244' title='bbox 1741 3204 1907 3261; x_wconf 89' lang='lat' dir='ltr'><strong>quare</strong></span> 
     </span>
    </p>
   </div>
   <div class='ocr_carea' id='block_1_32' title="bbox 316 3281 1901 3362">
    <p class='ocr_par' dir='ltr' id='par_1_32' title="bbox 316 3281 1901 3362">
     <span class='ocr_line' id='line_1_32' title="bbox 316 3281 1901 3362; baseline -0.012 -10"><span class='ocrx_word' id='word_1_245' title='bbox 316 3306 373 3352; x_wconf 86' lang='lat' dir='ltr'><strong>et</strong></span> <span class='ocrx_word' id='word_1_246' title='bbox 396 3294 635 3362; x_wconf 72' lang='lat' dir='ltr'><strong>adiungit</strong></span> <span class='ocrx_word' id='word_1_247' title='bbox 664 3310 676 3344; x_wconf 91' lang='lat'><strong>:</strong></span> <span class='ocrx_word' id='word_1_248' title='bbox 708 3290 993 3343; x_wconf 77' lang='lat' dir='ltr'><strong>Tliesauros</strong></span> <span class='ocrx_word' id='word_1_249' title='bbox 1016 3287 1348 3341; x_wconf 78' lang='lat' dir='ltr'><strong>tenebricosos</strong></span> <span class='ocrx_word' id='word_1_250' title='bbox 1370 3326 1385 3348; x_wconf 93' lang='lat'><strong>,</strong></span> <span class='ocrx_word' id='word_1_251' title='bbox 1428 3284 1696 3338; x_wconf 79' lang='lat' dir='ltr'><strong>invisibiles</strong></span> <span class='ocrx_word' id='word_1_252' title='bbox 1736 3281 1901 3351; x_wconf 84' lang='lat' dir='ltr'><strong>(Isai.</strong></span> 
     </span>
    </p>
   </div>
   <div class='ocr_carea' id='block_1_33' title="bbox 317 3374 1909 3456">
    <p class='ocr_par' dir='ltr' id='par_1_33' title="bbox 317 3374 1909 3456">
     <span class='ocr_line' id='line_1_33' title="bbox 317 3374 1909 3456; baseline -0.011 -13"><span class='ocrx_word' id='word_1_253' title='bbox 317 3389 406 3443; x_wconf 70' lang='grc'><strong>45.</strong></span> <span class='ocrx_word' id='word_1_254' title='bbox 440 3388 515 3456; x_wconf 79' lang='grc'><strong>5).</strong></span> <span class='ocrx_word' id='word_1_255' title='bbox 554 3384 703 3439; x_wconf 86' lang='lat' dir='ltr'><strong>Licet</strong></span> <span class='ocrx_word' id='word_1_256' title='bbox 730 3382 929 3435; x_wconf 89' lang='lat' dir='ltr'><strong>dictmn</strong></span> <span class='ocrx_word' id='word_1_257' title='bbox 959 3380 1060 3432; x_wconf 89' lang='lat' dir='ltr'><strong>hoc</strong></span> <span class='ocrx_word' id='word_1_258' title='bbox 1089 3379 1314 3447; x_wconf 81' lang='lat' dir='ltr'><strong>simplex</strong></span> <span class='ocrx_word' id='word_1_259' title='bbox 1359 3378 1428 3430; x_wconf 90' lang='lat' dir='ltr'><strong>sit</strong></span> <span class='ocrx_word' id='word_1_260' title='bbox 1451 3416 1464 3439; x_wconf 96' lang='lat'><strong>,</strong></span> <span class='ocrx_word' id='word_1_261' title='bbox 1496 3384 1550 3429; x_wconf 87' lang='lat' dir='ltr'><strong>at</strong></span> <span class='ocrx_word' id='word_1_262' title='bbox 1587 3374 1782 3443; x_wconf 81' lang='lat' dir='ltr'><strong>duplex</strong></span> <span class='ocrx_word' id='word_1_263' title='bbox 1827 3382 1909 3426; x_wconf 88' lang='lat' dir='ltr'><strong>est</strong></span> 
     </span>
    </p>
   </div>
   <div class='ocr_carea' id='block_1_34' title="bbox 316 3468 1909 3541">
    <p class='ocr_par' dir='ltr' id='par_1_34' title="bbox 316 3468 1909 3541">
     <span class='ocr_line' id='line_1_34' title="bbox 316 3468 1909 3541; baseline -0.012 -5"><span class='ocrx_word' id='word_1_264' title='bbox 316 3494 533 3541; x_wconf 90' lang='lat' dir='ltr'><strong>sensus;</strong></span> <span class='ocrx_word' id='word_1_265' title='bbox 558 3486 680 3532; x_wconf 90' lang='lat' dir='ltr'><strong>sunt</strong></span> <span class='ocrx_word' id='word_1_266' title='bbox 706 3476 845 3529; x_wconf 90' lang='lat' dir='ltr'><strong>enim</strong></span> <span class='ocrx_word' id='word_1_267' title='bbox 872 3474 983 3526; x_wconf 87' lang='lat' dir='ltr'><strong>loca</strong></span> <span class='ocrx_word' id='word_1_268' title='bbox 1005 3473 1355 3535; x_wconf 87' lang='lat' dir='ltr'><strong>tenebricosa,</strong></span> <span class='ocrx_word' id='word_1_269' title='bbox 1380 3470 1472 3523; x_wconf 92' lang='lat' dir='ltr'><strong>sed</strong></span> <span class='ocrx_word' id='word_1_270' title='bbox 1493 3468 1657 3523; x_wconf 87' lang='lat' dir='ltr'><strong>videri</strong></span> <span class='ocrx_word' id='word_1_271' title='bbox 1686 3474 1909 3537; x_wconf 91' lang='lat' dir='ltr'><strong>possunt</strong></span> 
     </span>
    </p>
   </div>
   <div class='ocr_carea' id='block_1_35' title="bbox 316 3558 1908 3630">
    <p class='ocr_par' dir='ltr' id='par_1_35' title="bbox 316 3558 1908 3630">
     <span class='ocr_line' id='line_1_35' title="bbox 316 3558 1908 3630; baseline -0.011 -3"><span class='ocrx_word' id='word_1_272' title='bbox 316 3572 536 3627; x_wconf 87' lang='lat' dir='ltr'><strong>candela</strong></span> <span class='ocrx_word' id='word_1_273' title='bbox 573 3580 628 3622; x_wconf 89' lang='lat' dir='ltr'><strong>et</strong></span> <span class='ocrx_word' id='word_1_274' title='bbox 657 3568 854 3621; x_wconf 89' lang='lat' dir='ltr'><strong>lumine</strong></span> <span class='ocrx_word' id='word_1_275' title='bbox 882 3566 1067 3630; x_wconf 85' lang='lat' dir='ltr'><strong>illato;</strong></span> <span class='ocrx_word' id='word_1_276' title='bbox 1101 3564 1191 3617; x_wconf 89' lang='lat' dir='ltr'><strong>ille</strong></span> <span class='ocrx_word' id='word_1_277' title='bbox 1226 3574 1352 3615; x_wconf 87' lang='lat' dir='ltr'><strong>vero</strong></span> <span class='ocrx_word' id='word_1_278' title='bbox 1381 3560 1573 3615; x_wconf 89' lang='lat' dir='ltr'><strong>inferni</strong></span> <span class='ocrx_word' id='word_1_279' title='bbox 1606 3560 1753 3614; x_wconf 92' lang='lat' dir='ltr'><strong>locus</strong></span> <span class='ocrx_word' id='word_1_280' title='bbox 1780 3558 1908 3611; x_wconf 89' lang='lat' dir='ltr'><strong>cali-</strong></span> 
     </span>
    </p>
   </div>
   <div class='ocr_carea' id='block_1_36' title="bbox 314 3653 1907 3738">
    <p class='ocr_par' dir='ltr' id='par_1_36' title="bbox 314 3653 1907 3738">
     <span class='ocr_line' id='line_1_36' title="bbox 314 3653 1907 3738; baseline -0.009 -17"><span class='ocrx_word' id='word_1_281' title='bbox 314 3667 684 3738; x_wconf 69' lang='lat' dir='ltr'><strong>ginosissimus</strong></span> <span class='ocrx_word' id='word_1_282' title='bbox 722 3672 859 3725; x_wconf 89' lang='lat' dir='ltr'><strong>erat,</strong></span> <span class='ocrx_word' id='word_1_283' title='bbox 891 3669 945 3714; x_wconf 89' lang='lat' dir='ltr'><strong>et</strong></span> <span class='ocrx_word' id='word_1_284' title='bbox 976 3664 1230 3730; x_wconf 88' lang='lat' dir='ltr'><strong>ingratus,</strong></span> <span class='ocrx_word' id='word_1_285' title='bbox 1255 3674 1427 3727; x_wconf 90' lang='lat' dir='ltr'><strong>neque</strong></span> <span class='ocrx_word' id='word_1_286' title='bbox 1475 3670 1723 3725; x_wconf 89' lang='lat' dir='ltr'><strong>umquam</strong></span> <span class='ocrx_word' id='word_1_287' title='bbox 1774 3653 1907 3707; x_wconf 85' lang='lat' dir='ltr'><strong>lucis</strong></span> 
     </span>
    </p>
   </div>
   <div class='ocr_carea' id='block_1_37' title="bbox 315 3748 1907 3821">
    <p class='ocr_par' dir='ltr' id='par_1_37' title="bbox 315 3748 1907 3821">
     <span class='ocr_line' id='line_1_37' title="bbox 315 3748 1907 3821; baseline -0.01 -6"><span class='ocrx_word' id='word_1_288' title='bbox 315 3771 557 3815; x_wconf 88' lang='lat' dir='ltr'><strong>naturam</strong></span> <span class='ocrx_word' id='word_1_289' title='bbox 599 3759 733 3812; x_wconf 84' lang='lat' dir='ltr'><strong>intra</strong></span> <span class='ocrx_word' id='word_1_290' title='bbox 764 3772 823 3811; x_wconf 92' lang='lat' dir='ltr'><strong>se</strong></span> <span class='ocrx_word' id='word_1_291' title='bbox 862 3763 1137 3821; x_wconf 86' lang='lat' dir='ltr'><strong>receperat</strong></span> <span class='ocrx_word' id='word_1_292' title='bbox 1169 3770 1181 3807; x_wconf 93' lang='lat'>:</span> <span class='ocrx_word' id='word_1_293' title='bbox 1226 3759 1504 3821; x_wconf 88' lang='lat' dir='ltr'><strong>propterea</strong></span> <span class='ocrx_word' id='word_1_294' title='bbox 1546 3748 1907 3803; x_wconf 89' lang='lat' dir='ltr'><strong>tenebricosos</strong></span> 
     </span>
    </p>
   </div>
   <div class='ocr_carea' id='block_1_38' title="bbox 314 3842 1902 3908">
    <p class='ocr_par' dir='ltr' id='par_1_38' title="bbox 314 3842 1902 3908">
     <span class='ocr_line' id='line_1_38' title="bbox 314 3842 1902 3908; baseline -0.011 0"><span class='ocrx_word' id='word_1_295' title='bbox 314 3862 370 3908; x_wconf 91' lang='lat' dir='ltr'><strong>et</strong></span> <span class='ocrx_word' id='word_1_296' title='bbox 398 3850 689 3906; x_wconf 84' lang='lat' dir='ltr'><strong>invisibiles</strong></span> <span class='ocrx_word' id='word_1_297' title='bbox 726 3864 819 3903; x_wconf 90' lang='lat' dir='ltr'><strong>eos</strong></span> <span class='ocrx_word' id='word_1_298' title='bbox 844 3847 995 3900; x_wconf 88' lang='lat' dir='ltr'><strong>dixit.</strong></span> <span class='ocrx_word' id='word_1_299' title='bbox 1026 3846 1160 3901; x_wconf 79' lang='lat' dir='ltr'><strong>Vere</strong></span> <span class='ocrx_word' id='word_1_300' title='bbox 1194 3844 1335 3899; x_wconf 90' lang='lat' dir='ltr'><strong>enim</strong></span> <span class='ocrx_word' id='word_1_301' title='bbox 1368 3842 1685 3898; x_wconf 89' lang='lat' dir='ltr'><strong>tenebricosi</strong></span> <span class='ocrx_word' id='word_1_302' title='bbox 1713 3848 1902 3904; x_wconf 88' lang='lat' dir='ltr'><strong>erant,</strong></span> 
     </span>
    </p>
   </div>
   <div class='ocr_carea' id='block_1_39' title="bbox 314 3932 1907 4007">
    <p class='ocr_par' dir='ltr' id='par_1_39' title="bbox 314 3932 1907 4007">
     <span class='ocr_line' id='line_1_39' title="bbox 314 3932 1907 4007; baseline -0.009 -8"><span class='ocrx_word' id='word_1_303' title='bbox 314 3944 489 3999; x_wconf 87' lang='lat' dir='ltr'><strong>donec</strong></span> <span class='ocrx_word' id='word_1_304' title='bbox 513 3940 784 3996; x_wconf 89' lang='lat' dir='ltr'><strong>descendit</strong></span> <span class='ocrx_word' id='word_1_305' title='bbox 809 3939 899 3993; x_wconf 89' lang='lat' dir='ltr'><strong>Sol</strong></span> <span class='ocrx_word' id='word_1_306' title='bbox 927 3938 1147 4007; x_wconf 72' lang='lat' dir='ltr'><strong>justitia:</strong></span> <span class='ocrx_word' id='word_1_307' title='bbox 1167 3977 1181 3995; x_wconf 83' lang='lat'><strong>.</strong></span> <span class='ocrx_word' id='word_1_308' title='bbox 1212 3950 1410 4004; x_wconf 90' lang='lat' dir='ltr'><strong>eosque</strong></span> <span class='ocrx_word' id='word_1_309' title='bbox 1432 3932 1733 3999; x_wconf 89' lang='lat' dir='ltr'><strong>illustravit,</strong></span> <span class='ocrx_word' id='word_1_310' title='bbox 1762 3941 1818 3986; x_wconf 88' lang='lat' dir='ltr'><strong>et</strong></span> <span class='ocrx_word' id='word_1_311' title='bbox 1841 3946 1907 3986; x_wconf 87' lang='lat' dir='ltr'><strong>ex</strong></span> 
     </span>
    </p>
   </div>
   <div class='ocr_carea' id='block_1_40' title="bbox 316 4025 1904 4092">
    <p class='ocr_par' dir='ltr' id='par_1_40' title="bbox 316 4025 1904 4092">
     <span class='ocr_line' id='line_1_40' title="bbox 316 4025 1904 4092; baseline -0.01 0"><span class='ocrx_word' id='word_1_312' title='bbox 316 4038 525 4092; x_wconf 91' lang='lat' dir='ltr'><strong>inferno</strong></span> <span class='ocrx_word' id='word_1_313' title='bbox 553 4036 742 4090; x_wconf 75' lang='lat' dir='ltr'><strong>cadum</strong></span> <span class='ocrx_word' id='word_1_314' title='bbox 777 4034 919 4086; x_wconf 87' lang='lat' dir='ltr'><strong>fecit.</strong></span> <span class='ocrx_word' id='word_1_315' title='bbox 944 4032 1073 4085; x_wconf 84' lang='lat' dir='ltr'><strong>Nam</strong></span> <span class='ocrx_word' id='word_1_316' title='bbox 1105 4030 1192 4083; x_wconf 92' lang='lat' dir='ltr'><strong>ubi</strong></span> <span class='ocrx_word' id='word_1_317' title='bbox 1216 4029 1491 4092; x_wconf 83' lang='lat' dir='ltr'><strong>Christus,</strong></span> <span class='ocrx_word' id='word_1_318' title='bbox 1517 4027 1585 4081; x_wconf 92' lang='lat' dir='ltr'><strong>ibi</strong></span> <span class='ocrx_word' id='word_1_319' title='bbox 1613 4035 1666 4080; x_wconf 91' lang='lat' dir='ltr'><strong>et</strong></span> <span class='ocrx_word' id='word_1_320' title='bbox 1695 4025 1904 4079; x_wconf 63' lang='lat' dir='ltr'><strong>caelum.</strong></span> 
     </span>
    </p>
   </div>
   <div class='ocr_carea' id='block_1_41' title="bbox 319 4118 1902 4184">
    <p class='ocr_par' dir='ltr' id='par_1_41' title="bbox 319 4118 1902 4184">
     <span class='ocr_line' id='line_1_41' title="bbox 319 4118 1902 4184; baseline -0.009 -1"><span class='ocrx_word' id='word_1_321' title='bbox 319 4130 625 4184; x_wconf 87' lang='lat' dir='ltr'><strong>Thesauros</strong></span> <span class='ocrx_word' id='word_1_322' title='bbox 667 4137 843 4181; x_wconf 90' lang='lat' dir='ltr'><strong>autem</strong></span> <span class='ocrx_word' id='word_1_323' title='bbox 893 4123 1255 4178; x_wconf 91' lang='lat' dir='ltr'><strong>tenebricosos</strong></span> <span class='ocrx_word' id='word_1_324' title='bbox 1303 4122 1540 4174; x_wconf 91' lang='lat' dir='ltr'><strong>nominat</strong></span> <span class='ocrx_word' id='word_1_325' title='bbox 1590 4118 1902 4173; x_wconf 88' lang='lat' dir='ltr'><strong>infernum:</strong></span> 
     </span>
    </p>
   </div>
   <div class='ocr_carea' id='block_1_42' title="bbox 318 4211 1906 4289">
    <p class='ocr_par' dir='ltr' id='par_1_42' title="bbox 318 4211 1906 4289">
     <span class='ocr_line' id='line_1_42' title="bbox 318 4211 1906 4289; baseline -0.009 -14"><span class='ocrx_word' id='word_1_326' title='bbox 318 4222 534 4287; x_wconf 91' lang='lat' dir='ltr'><strong>merito,</strong></span> <span class='ocrx_word' id='word_1_327' title='bbox 566 4218 688 4289; x_wconf 90' lang='lat' dir='ltr'><strong>quia</strong></span> <span class='ocrx_word' id='word_1_328' title='bbox 722 4218 901 4271; x_wconf 74' lang='lat' dir='ltr'><strong>multa:</strong></span> <span class='ocrx_word' id='word_1_329' title='bbox 938 4215 1136 4269; x_wconf 72' lang='lat' dir='ltr'><strong>divitia:</strong></span> <span class='ocrx_word' id='word_1_330' title='bbox 1167 4213 1322 4267; x_wconf 92' lang='lat' dir='ltr'><strong>isthic</strong></span> <span class='ocrx_word' id='word_1_331' title='bbox 1348 4221 1499 4265; x_wconf 89' lang='lat' dir='ltr'><strong>erant</strong></span> <span class='ocrx_word' id='word_1_332' title='bbox 1520 4211 1783 4278; x_wconf 65' lang='lat' dir='ltr'><strong>repositas.</strong></span> <span class='ocrx_word' id='word_1_333' title='bbox 1814 4211 1906 4262; x_wconf 80' lang='lat' dir='ltr'><strong>Et-</strong></span> 
     </span>
    </p>
   </div>
   <div class='ocr_carea' id='block_1_43' title="bbox 317 4302 1904 4375">
    <p class='ocr_par' dir='ltr' id='par_1_43' title="bbox 317 4302 1904 4375">
     <span class='ocr_line' id='line_1_43' title="bbox 317 4302 1904 4375; baseline -0.008 -8"><span class='ocrx_word' id='word_1_334' title='bbox 317 4315 461 4367; x_wconf 91' lang='lat' dir='ltr'><strong>enim</strong></span> <span class='ocrx_word' id='word_1_335' title='bbox 494 4323 600 4366; x_wconf 88' lang='lat' dir='ltr'><strong>tota</strong></span> <span class='ocrx_word' id='word_1_336' title='bbox 634 4310 908 4365; x_wconf 88' lang='lat' dir='ltr'><strong>hominum</strong></span> <span class='ocrx_word' id='word_1_337' title='bbox 940 4321 1125 4361; x_wconf 86' lang='lat' dir='ltr'><strong>natura</strong></span> <span class='ocrx_word' id='word_1_338' title='bbox 1150 4348 1164 4371; x_wconf 92' lang='lat'><strong>,</strong></span> <span class='ocrx_word' id='word_1_339' title='bbox 1194 4321 1311 4375; x_wconf 69' lang='lat' dir='ltr'><strong>qua:</strong></span> <span class='ocrx_word' id='word_1_340' title='bbox 1359 4318 1487 4374; x_wconf 86' lang='lat' dir='ltr'><strong>gaza</strong></span> <span class='ocrx_word' id='word_1_341' title='bbox 1524 4302 1765 4373; x_wconf 66' lang='lat' dir='ltr'><strong>quaedam</strong></span> <span class='ocrx_word' id='word_1_342' title='bbox 1813 4302 1904 4355; x_wconf 91' lang='lat' dir='ltr'><strong>Dei</strong></span> 
     </span>
    </p>
   </div>
   <div class='ocr_carea' id='block_1_44' title="bbox 319 4395 1906 4473">
    <p class='ocr_par' dir='ltr' id='par_1_44' title="bbox 319 4395 1906 4473">
     <span class='ocr_line' id='line_1_44' title="bbox 319 4395 1906 4473; baseline -0.009 -12"><span class='ocrx_word' id='word_1_343' title='bbox 319 4419 430 4471; x_wconf 86' lang='lat' dir='ltr'><strong>est,</strong></span> <span class='ocrx_word' id='word_1_344' title='bbox 459 4422 488 4461; x_wconf 89' lang='lat' dir='ltr'><strong>a</strong></span> <span class='ocrx_word' id='word_1_345' title='bbox 516 4405 729 4460; x_wconf 82' lang='lat' dir='ltr'><strong>diabolo</strong></span> <span class='ocrx_word' id='word_1_346' title='bbox 749 4445 762 4466; x_wconf 94' lang='lat'><strong>,</strong></span> <span class='ocrx_word' id='word_1_347' title='bbox 793 4403 880 4473; x_wconf 93' lang='lat' dir='ltr'><strong>qui</strong></span> <span class='ocrx_word' id='word_1_348' title='bbox 908 4402 1137 4471; x_wconf 88' lang='lat' dir='ltr'><strong>primum</strong></span> <span class='ocrx_word' id='word_1_349' title='bbox 1162 4399 1431 4452; x_wconf 86' lang='lat' dir='ltr'><strong>hominem</strong></span> <span class='ocrx_word' id='word_1_350' title='bbox 1462 4397 1514 4450; x_wconf 91' lang='lat' dir='ltr'><strong>in</strong></span> <span class='ocrx_word' id='word_1_351' title='bbox 1542 4395 1777 4451; x_wconf 84' lang='lat' dir='ltr'><strong>fraudem</strong></span> <span class='ocrx_word' id='word_1_352' title='bbox 1807 4395 1906 4448; x_wconf 91' lang='lat' dir='ltr'><strong>im-</strong></span> 
     </span>
    </p>
   </div>
   <div class='ocr_carea' id='block_1_45' title="bbox 322 4486 1909 4569">
    <p class='ocr_par' dir='ltr' id='par_1_45' title="bbox 322 4486 1909 4569">
     <span class='ocr_line' id='line_1_45' title="bbox 322 4486 1909 4569; baseline -0.006 -17"><span class='ocrx_word' id='word_1_353' title='bbox 322 4500 483 4569; x_wconf 90' lang='lat' dir='ltr'><strong>pulit,</strong></span> <span class='ocrx_word' id='word_1_354' title='bbox 509 4499 753 4566; x_wconf 72' lang='lat' dir='ltr'><strong>spoliata,</strong></span> <span class='ocrx_word' id='word_1_355' title='bbox 786 4494 1050 4561; x_wconf 86' lang='lat' dir='ltr'><strong>mortique</strong></span> <span class='ocrx_word' id='word_1_356' title='bbox 1085 4491 1323 4557; x_wconf 87' lang='lat' dir='ltr'><strong>subjecta</strong></span> <span class='ocrx_word' id='word_1_357' title='bbox 1350 4497 1451 4543; x_wconf 90' lang='lat' dir='ltr'><strong>est.</strong></span> <span class='ocrx_word' id='word_1_358' title='bbox 1481 4487 1631 4556; x_wconf 85' lang='lat' dir='ltr'><strong>Quod</strong></span> <span class='ocrx_word' id='word_1_359' title='bbox 1658 4504 1784 4543; x_wconf 90' lang='lat' dir='ltr'><strong>vero</strong></span> <span class='ocrx_word' id='word_1_360' title='bbox 1812 4486 1909 4543; x_wconf 87' lang='lat' dir='ltr'><strong>h0-</strong></span> 
     </span>
    </p>
   </div>
   <div class='ocr_carea' id='block_1_46' title="bbox 322 4579 1909 4644">
    <p class='ocr_par' dir='ltr' id='par_1_46' title="bbox 322 4579 1909 4644">
     <span class='ocr_line' id='line_1_46' title="bbox 322 4579 1909 4644; baseline -0.006 -2"><span class='ocrx_word' id='word_1_361' title='bbox 322 4591 521 4643; x_wconf 91' lang='lat' dir='ltr'><strong>minum</strong></span> <span class='ocrx_word' id='word_1_362' title='bbox 556 4596 798 4640; x_wconf 89' lang='lat' dir='ltr'><strong>naturam</strong></span> <span class='ocrx_word' id='word_1_363' title='bbox 848 4584 987 4638; x_wconf 86' lang='lat' dir='ltr'><strong>Deus</strong></span> <span class='ocrx_word' id='word_1_364' title='bbox 1015 4583 1316 4635; x_wconf 76' lang='lat' dir='ltr'><strong>divitiarum</strong></span> <span class='ocrx_word' id='word_1_365' title='bbox 1359 4581 1477 4633; x_wconf 91' lang='lat' dir='ltr'><strong>loco</strong></span> <span class='ocrx_word' id='word_1_366' title='bbox 1522 4579 1803 4644; x_wconf 88' lang='lat' dir='ltr'><strong>habuerit,</strong></span> <span class='ocrx_word' id='word_1_367' title='bbox 1832 4588 1909 4633; x_wconf 92' lang='lat' dir='ltr'><strong>te-</strong></span> 
     </span>
    </p>
   </div>
   <div class='ocr_carea' id='block_1_47' title="bbox 321 4674 1909 4743">
    <p class='ocr_par' dir='ltr' id='par_1_47' title="bbox 321 4674 1909 4743">
     <span class='ocr_line' id='line_1_47' title="bbox 321 4674 1909 4743; baseline -0.006 -9"><span class='ocrx_word' id='word_1_368' title='bbox 321 4690 497 4734; x_wconf 89' lang='lat' dir='ltr'><strong>statur</strong></span> <span class='ocrx_word' id='word_1_369' title='bbox 532 4678 614 4732; x_wconf 79' lang='lat' dir='ltr'><strong>his</strong></span> <span class='ocrx_word' id='word_1_370' title='bbox 660 4678 836 4732; x_wconf 86' lang='lat' dir='ltr'><strong>verbis</strong></span> <span class='ocrx_word' id='word_1_371' title='bbox 888 4676 1078 4730; x_wconf 87' lang='lat' dir='ltr'><strong>Paulus</strong></span> <span class='ocrx_word' id='word_1_372' title='bbox 1110 4692 1122 4728; x_wconf 92' lang='lat'>:</span> <span class='ocrx_word' id='word_1_373' title='bbox 1161 4674 1305 4727; x_wconf 84' lang='lat' dir='ltr'><strong>Dives</strong></span> <span class='ocrx_word' id='word_1_374' title='bbox 1336 4674 1388 4725; x_wconf 91' lang='lat' dir='ltr'><strong>in</strong></span> <span class='ocrx_word' id='word_1_375' title='bbox 1433 4689 1601 4725; x_wconf 88' lang='lat' dir='ltr'><strong>omnes</strong></span> <span class='ocrx_word' id='word_1_376' title='bbox 1626 4714 1639 4736; x_wconf 92' lang='lat'><strong>,</strong></span> <span class='ocrx_word' id='word_1_377' title='bbox 1670 4682 1716 4725; x_wconf 91' lang='lat' dir='ltr'><strong>et</strong></span> <span class='ocrx_word' id='word_1_378' title='bbox 1758 4689 1909 4743; x_wconf 80' lang='lat' dir='ltr'><strong>super</strong></span> 
     </span>
    </p>
   </div>
   <div class='ocr_carea' id='block_1_48' title="bbox 321 4762 1908 4838">
    <p class='ocr_par' dir='ltr' id='par_1_48' title="bbox 321 4762 1908 4838">
     <span class='ocr_line' id='line_1_48' title="bbox 321 4762 1908 4838; baseline -0.005 -15"><span class='ocrx_word' id='word_1_379' title='bbox 321 4787 492 4824; x_wconf 85' lang='lat' dir='ltr'><strong>omnes</strong></span> <span class='ocrx_word' id='word_1_380' title='bbox 518 4812 531 4834; x_wconf 95' lang='lat'><strong>,</strong></span> <span class='ocrx_word' id='word_1_381' title='bbox 571 4770 655 4838; x_wconf 84' lang='lat' dir='ltr'><strong>qui</strong></span> <span class='ocrx_word' id='word_1_382' title='bbox 681 4769 912 4820; x_wconf 83' lang='lat' dir='ltr'><strong>invocant</strong></span> <span class='ocrx_word' id='word_1_383' title='bbox 959 4770 1070 4819; x_wconf 79' lang='lat' dir='ltr'><strong>eum</strong></span> <span class='ocrx_word' id='word_1_384' title='bbox 1108 4764 1280 4834; x_wconf 81' lang='lat' dir='ltr'><strong>(Rom.</strong></span> <span class='ocrx_word' id='word_1_385' title='bbox 1307 4764 1389 4817; x_wconf 87' lang='grc'><strong>10.</strong></span> <span class='ocrx_word' id='word_1_386' title='bbox 1417 4762 1527 4830; x_wconf 67' lang='grc'><strong>1⁸2).</strong></span> <span class='ocrx_word' id='word_1_387' title='bbox 1555 4762 1908 4829; x_wconf 85' lang='lat' dir='ltr'><strong>Quemadmo-</strong></span> 
     </span>
    </p>
   </div>
   <div class='ocr_carea' id='block_1_49' title="bbox 321 4856 1909 4932">
    <p class='ocr_par' dir='ltr' id='par_1_49' title="bbox 321 4856 1909 4932">
     <span class='ocr_line' id='line_1_49' title="bbox 321 4856 1909 4932; baseline -0.006 -16"><span class='ocrx_word' id='word_1_388' title='bbox 321 4864 446 4917; x_wconf 90' lang='lat' dir='ltr'><strong>dum</strong></span> <span class='ocrx_word' id='word_1_389' title='bbox 477 4863 631 4932; x_wconf 84' lang='lat' dir='ltr'><strong>igitur</strong></span> <span class='ocrx_word' id='word_1_390' title='bbox 658 4877 750 4914; x_wconf 86' lang='lat' dir='ltr'><strong>rex</strong></span> <span class='ocrx_word' id='word_1_391' title='bbox 773 4900 786 4921; x_wconf 91' lang='lat'><strong>,</strong></span> <span class='ocrx_word' id='word_1_392' title='bbox 829 4859 1217 4927; x_wconf 84' lang='lat' dir='ltr'><strong>comprehenso</strong></span> <span class='ocrx_word' id='word_1_393' title='bbox 1244 4856 1379 4910; x_wconf 91' lang='lat' dir='ltr'><strong>duce</strong></span> <span class='ocrx_word' id='word_1_394' title='bbox 1406 4856 1669 4908; x_wconf 87' lang='lat' dir='ltr'><strong>latronum</strong></span> <span class='ocrx_word' id='word_1_395' title='bbox 1693 4865 1746 4909; x_wconf 91' lang='lat' dir='ltr'><strong>et</strong></span> <span class='ocrx_word' id='word_1_396' title='bbox 1774 4870 1909 4923; x_wconf 76' lang='lat' dir='ltr'><strong>pra:-</strong></span> 
     </span>
    </p>
   </div>
   <div class='ocr_carea' id='block_1_50' title="bbox 321 4947 1909 5022">
    <p class='ocr_par' dir='ltr' id='par_1_50' title="bbox 321 4947 1909 5022">
     <span class='ocr_line' id='line_1_50' title="bbox 321 4947 1909 5022; baseline -0.006 -14"><span class='ocrx_word' id='word_1_397' title='bbox 321 4956 520 5008; x_wconf 90' lang='lat' dir='ltr'><strong>domnn</strong></span> <span class='ocrx_word' id='word_1_398' title='bbox 542 4993 555 5017; x_wconf 94' lang='lat'><strong>,</strong></span> <span class='ocrx_word' id='word_1_399' title='bbox 587 4954 675 5022; x_wconf 86' lang='lat' dir='ltr'><strong>qui</strong></span> <span class='ocrx_word' id='word_1_400' title='bbox 704 4953 945 5006; x_wconf 77' lang='lat' dir='ltr'><strong>civitates</strong></span> <span class='ocrx_word' id='word_1_401' title='bbox 976 4949 1272 5019; x_wconf 88' lang='lat' dir='ltr'><strong>percurrit,</strong></span> <span class='ocrx_word' id='word_1_402' title='bbox 1305 4957 1360 5001; x_wconf 89' lang='lat' dir='ltr'><strong>et</strong></span> <span class='ocrx_word' id='word_1_403' title='bbox 1394 4947 1627 5015; x_wconf 87' lang='lat' dir='ltr'><strong>undique</strong></span> <span class='ocrx_word' id='word_1_404' title='bbox 1652 4947 1820 5015; x_wconf 88' lang='lat' dir='ltr'><strong>rapit,</strong></span> <span class='ocrx_word' id='word_1_405' title='bbox 1855 4956 1909 4999; x_wconf 88' lang='lat' dir='ltr'><strong>et</strong></span> 
     </span>
    </p>
   </div>
   <div class='ocr_carea' id='block_1_51' title="bbox 321 5037 1905 5111">
    <p class='ocr_par' dir='ltr' id='par_1_51' title="bbox 321 5037 1905 5111">
     <span class='ocr_line' id='line_1_51' title="bbox 321 5037 1905 5111; baseline -0.006 -11"><span class='ocrx_word' id='word_1_406' title='bbox 321 5056 472 5100; x_wconf 80' lang='lat' dir='ltr'><strong>antra</strong></span> <span class='ocrx_word' id='word_1_407' title='bbox 514 5045 690 5106; x_wconf 91' lang='lat' dir='ltr'><strong>subit,</strong></span> <span class='ocrx_word' id='word_1_408' title='bbox 723 5051 780 5096; x_wconf 89' lang='lat' dir='ltr'><strong>ut</strong></span> <span class='ocrx_word' id='word_1_409' title='bbox 807 5043 874 5095; x_wconf 91' lang='lat' dir='ltr'><strong>ibi</strong></span> <span class='ocrx_word' id='word_1_410' title='bbox 906 5048 1131 5111; x_wconf 88' lang='lat' dir='ltr'><strong>reponat</strong></span> <span class='ocrx_word' id='word_1_411' title='bbox 1156 5038 1367 5091; x_wconf 91' lang='lat' dir='ltr'><strong>divitias</strong></span> <span class='ocrx_word' id='word_1_412' title='bbox 1393 5048 1570 5107; x_wconf 80' lang='lat' dir='ltr'><strong>raptas</strong></span> <span class='ocrx_word' id='word_1_413' title='bbox 1590 5078 1605 5102; x_wconf 93' lang='lat'><strong>,</strong></span> <span class='ocrx_word' id='word_1_414' title='bbox 1639 5037 1905 5090; x_wconf 87' lang='lat' dir='ltr'><strong>latronum</strong></span> 
     </span>
    </p>
   </div>
   <div class='ocr_carea' id='block_1_52' title="bbox 321 5130 1906 5205">
    <p class='ocr_par' dir='ltr' id='par_1_52' title="bbox 321 5130 1906 5205">
     <span class='ocr_line' id='line_1_52' title="bbox 321 5130 1906 5205; baseline -0.004 -18"><span class='ocrx_word' id='word_1_415' title='bbox 321 5139 511 5191; x_wconf 85' lang='lat' dir='ltr'><strong>ducem</strong></span> <span class='ocrx_word' id='word_1_416' title='bbox 542 5137 701 5205; x_wconf 86' lang='lat' dir='ltr'><strong>ligat,</strong></span> <span class='ocrx_word' id='word_1_417' title='bbox 736 5133 1102 5203; x_wconf 81' lang='lat' dir='ltr'><strong>supplicioque</strong></span> <span class='ocrx_word' id='word_1_418' title='bbox 1134 5131 1352 5185; x_wconf 87' lang='lat' dir='ltr'><strong>meritas</strong></span> <span class='ocrx_word' id='word_1_419' title='bbox 1391 5144 1574 5199; x_wconf 80' lang='lat' dir='ltr'><strong>pmnas</strong></span> <span class='ocrx_word' id='word_1_420' title='bbox 1607 5130 1906 5199; x_wconf 72' lang='lat' dir='ltr'><strong>persolutur-</strong></span> 
     </span>
    </p>
   </div>
   <div class='ocr_carea' id='block_1_53' title="bbox 321 5221 1906 5292">
    <p class='ocr_par' dir='ltr' id='par_1_53' title="bbox 321 5221 1906 5292">
     <span class='ocr_line' id='line_1_53' title="bbox 321 5221 1906 5292; baseline -0.006 -9"><span class='ocrx_word' id='word_1_421' title='bbox 321 5243 437 5283; x_wconf 83' lang='lat' dir='ltr'><strong>rum</strong></span> <span class='ocrx_word' id='word_1_422' title='bbox 468 5228 653 5292; x_wconf 86' lang='lat' dir='ltr'><strong>tradit,</strong></span> <span class='ocrx_word' id='word_1_423' title='bbox 688 5225 991 5279; x_wconf 87' lang='lat' dir='ltr'><strong>thesaurum</strong></span> <span class='ocrx_word' id='word_1_424' title='bbox 1022 5238 1150 5277; x_wconf 87' lang='lat' dir='ltr'><strong>vero</strong></span> <span class='ocrx_word' id='word_1_425' title='bbox 1189 5222 1303 5291; x_wconf 85' lang='lat' dir='ltr'><strong>ejus</strong></span> <span class='ocrx_word' id='word_1_426' title='bbox 1330 5222 1383 5275; x_wconf 93' lang='lat' dir='ltr'><strong>in</strong></span> <span class='ocrx_word' id='word_1_427' title='bbox 1428 5222 1630 5291; x_wconf 87' lang='lat' dir='ltr'><strong>regium</strong></span> <span class='ocrx_word' id='word_1_428' title='bbox 1661 5221 1906 5275; x_wconf 72' lang='lat' dir='ltr'><strong>mrarium</strong></span> 
     </span>
    </p>
   </div>
   <div class='ocr_carea' id='block_1_54' title="bbox 321 5312 1910 5384">
    <p class='ocr_par' dir='ltr' id='par_1_54' title="bbox 321 5312 1910 5384">
     <span class='ocr_line' id='line_1_54' title="bbox 321 5312 1910 5384; baseline -0.005 -11"><span class='ocrx_word' id='word_1_429' title='bbox 321 5320 589 5373; x_wconf 86' lang='lat' dir='ltr'><strong>convertit</strong></span> <span class='ocrx_word' id='word_1_430' title='bbox 615 5337 628 5372; x_wconf 93' lang='lat'><strong>:</strong></span> <span class='ocrx_word' id='word_1_431' title='bbox 655 5318 732 5371; x_wconf 92' lang='lat' dir='ltr'><strong>sic</strong></span> <span class='ocrx_word' id='word_1_432' title='bbox 757 5326 811 5370; x_wconf 92' lang='lat' dir='ltr'><strong>ct</strong></span> <span class='ocrx_word' id='word_1_433' title='bbox 837 5314 1079 5370; x_wconf 86' lang='lat' dir='ltr'><strong>Christus</strong></span> <span class='ocrx_word' id='word_1_434' title='bbox 1109 5314 1251 5376; x_wconf 88' lang='lat' dir='ltr'><strong>fecit,</strong></span> <span class='ocrx_word' id='word_1_435' title='bbox 1282 5314 1572 5384; x_wconf 88' lang='lat' dir='ltr'><strong>principem</strong></span> <span class='ocrx_word' id='word_1_436' title='bbox 1605 5312 1753 5366; x_wconf 90' lang='lat' dir='ltr'><strong>illum</strong></span> <span class='ocrx_word' id='word_1_437' title='bbox 1777 5329 1910 5381; x_wconf 76' lang='lat' dir='ltr'><strong>[mc-</strong></span> 
     </span>
    </p>
   </div>
   <div class='ocr_carea' id='block_1_55' title="bbox 323 5406 1909 5472">
    <p class='ocr_par' dir='ltr' id='par_1_55' title="bbox 323 5406 1909 5472">
     <span class='ocr_line' id='line_1_55' title="bbox 323 5406 1909 5472; baseline -0.005 -5"><span class='ocrx_word' id='word_1_438' title='bbox 323 5416 521 5467; x_wconf 83' lang='lat' dir='ltr'><strong>donum</strong></span> <span class='ocrx_word' id='word_1_439' title='bbox 565 5421 620 5467; x_wconf 89' lang='lat' dir='ltr'><strong>et</strong></span> <span class='ocrx_word' id='word_1_440' title='bbox 668 5411 899 5466; x_wconf 88' lang='lat' dir='ltr'><strong>carceris</strong></span> <span class='ocrx_word' id='word_1_441' title='bbox 943 5408 1253 5472; x_wconf 89' lang='lat' dir='ltr'><strong>custodem,</strong></span> <span class='ocrx_word' id='word_1_442' title='bbox 1303 5408 1604 5471; x_wconf 90' lang='lat' dir='ltr'><strong>diabolum,</strong></span> <span class='ocrx_word' id='word_1_443' title='bbox 1656 5406 1812 5460; x_wconf 88' lang='lat' dir='ltr'><strong>simul</strong></span> <span class='ocrx_word' id='word_1_444' title='bbox 1856 5417 1909 5459; x_wconf 92' lang='lat' dir='ltr'><strong>ct</strong></span> 
     </span>
    </p>
   </div>
   <div class='ocr_carea' id='block_1_56' title="bbox 326 5497 1912 5573">
    <p class='ocr_par' dir='ltr' id='par_1_56' title="bbox 326 5497 1912 5573">
     <span class='ocr_line' id='line_1_56' title="bbox 326 5497 1912 5573; baseline -0.007 -13"><span class='ocrx_word' id='word_1_445' title='bbox 326 5516 573 5571; x_wconf 87' lang='lat' dir='ltr'><strong>mortem,</strong></span> <span class='ocrx_word' id='word_1_446' title='bbox 605 5519 723 5559; x_wconf 91' lang='lat' dir='ltr'><strong>cum</strong></span> <span class='ocrx_word' id='word_1_447' title='bbox 752 5518 848 5573; x_wconf 91' lang='lat' dir='ltr'><strong>per</strong></span> <span class='ocrx_word' id='word_1_448' title='bbox 876 5510 1102 5555; x_wconf 89' lang='lat' dir='ltr'><strong>mortem</strong></span> <span class='ocrx_word' id='word_1_449' title='bbox 1133 5515 1282 5554; x_wconf 91' lang='lat' dir='ltr'><strong>suam</strong></span> <span class='ocrx_word' id='word_1_450' title='bbox 1311 5500 1588 5565; x_wconf 86' lang='lat' dir='ltr'><strong>vinxisset,</strong></span> <span class='ocrx_word' id='word_1_451' title='bbox 1615 5513 1801 5552; x_wconf 90' lang='lat' dir='ltr'><strong>omnes</strong></span> <span class='ocrx_word' id='word_1_452' title='bbox 1830 5497 1912 5552; x_wconf 91' lang='lat' dir='ltr'><strong>di-</strong></span> 
     </span>
    </p>
   </div>
   <div class='ocr_carea' id='block_1_57' title="bbox 324 5596 1908 5670">
    <p class='ocr_par' dir='ltr' id='par_1_57' title="bbox 324 5596 1908 5670">
     <span class='ocr_line' id='line_1_57' title="bbox 324 5596 1908 5670; baseline -0.005 -12"><span class='ocrx_word' id='word_1_453' title='bbox 324 5607 477 5661; x_wconf 75' lang='lat' dir='ltr'><strong>vttias</strong></span> <span class='ocrx_word' id='word_1_454' title='bbox 500 5648 514 5670; x_wconf 92' lang='lat'><strong>,</strong></span> <span class='ocrx_word' id='word_1_455' title='bbox 546 5606 832 5659; x_wconf 88' lang='lat' dir='ltr'><strong>humanum</strong></span> <span class='ocrx_word' id='word_1_456' title='bbox 864 5602 1076 5670; x_wconf 91' lang='lat' dir='ltr'><strong>inquam</strong></span> <span class='ocrx_word' id='word_1_457' title='bbox 1122 5614 1290 5669; x_wconf 88' lang='lat' dir='ltr'><strong>genus</strong></span> <span class='ocrx_word' id='word_1_458' title='bbox 1317 5597 1585 5651; x_wconf 89' lang='lat' dir='ltr'><strong>transtulit</strong></span> <span class='ocrx_word' id='word_1_459' title='bbox 1625 5597 1679 5649; x_wconf 94' lang='lat' dir='ltr'><strong>in</strong></span> <span class='ocrx_word' id='word_1_460' title='bbox 1723 5596 1908 5650; x_wconf 84' lang='lat' dir='ltr'><strong>aeraria</strong></span> 
     </span>
    </p>
   </div>
   <div class='ocr_carea' id='block_1_58' title="bbox 323 5691 1910 5768">
    <p class='ocr_par' dir='ltr' id='par_1_58' title="bbox 323 5691 1910 5768">
     <span class='ocr_line' id='line_1_58' title="bbox 323 5691 1910 5768; baseline -0.009 -13"><span class='ocrx_word' id='word_1_461' title='bbox 323 5706 489 5768; x_wconf 81' lang='lat' dir='ltr'><strong>regia.</strong></span> <span class='ocrx_word' id='word_1_462' title='bbox 522 5698 631 5753; x_wconf 84' lang='lat' dir='ltr'><strong>Hoc</strong></span> <span class='ocrx_word' id='word_1_463' title='bbox 668 5708 721 5752; x_wconf 92' lang='lat' dir='ltr'><strong>et</strong></span> <span class='ocrx_word' id='word_1_464' title='bbox 768 5696 963 5751; x_wconf 82' lang='lat' dir='ltr'><strong>Paulus</strong></span> <span class='ocrx_word' id='word_1_465' title='bbox 991 5695 1207 5758; x_wconf 88' lang='lat' dir='ltr'><strong>indicat,</strong></span> <span class='ocrx_word' id='word_1_466' title='bbox 1243 5709 1364 5746; x_wconf 92' lang='lat' dir='ltr'><strong>cum</strong></span> <span class='ocrx_word' id='word_1_467' title='bbox 1395 5693 1470 5745; x_wconf 91' lang='lat' dir='ltr'><strong>ait</strong></span> <span class='ocrx_word' id='word_1_468' title='bbox 1500 5710 1512 5744; x_wconf 91' lang='lat'>:</span> <span class='ocrx_word' id='word_1_469' title='bbox 1544 5691 1772 5745; x_wconf 78' lang='lat' dir='ltr'><strong>Redemit</strong></span> <span class='ocrx_word' id='word_1_470' title='bbox 1818 5705 1910 5741; x_wconf 85' lang='lat' dir='ltr'><strong>nos</strong></span> 
     </span>
    </p>
   </div>
   <div class='ocr_carea' id='block_1_59' title="bbox 326 5780 1911 5862">
    <p class='ocr_par' dir='ltr' id='par_1_59' title="bbox 326 5780 1911 5862">
     <span class='ocr_line' id='line_1_59' title="bbox 326 5780 1911 5862; baseline -0.008 -18"><span class='ocrx_word' id='word_1_471' title='bbox 326 5794 387 5846; x_wconf 83' lang='lat' dir='ltr'><strong>de</strong></span> <span class='ocrx_word' id='word_1_472' title='bbox 410 5799 649 5862; x_wconf 84' lang='lat' dir='ltr'><strong>potestate</strong></span> <span class='ocrx_word' id='word_1_473' title='bbox 675 5790 1005 5849; x_wconf 82' lang='lat' dir='ltr'><strong>tenebrarum,</strong></span> <span class='ocrx_word' id='word_1_474' title='bbox 1030 5796 1074 5839; x_wconf 87' lang='lat' dir='ltr'><strong>et</strong></span> <span class='ocrx_word' id='word_1_475' title='bbox 1106 5785 1356 5838; x_wconf 82' lang='lat' dir='ltr'><strong>transtulit</strong></span> <span class='ocrx_word' id='word_1_476' title='bbox 1379 5784 1430 5835; x_wconf 88' lang='lat' dir='ltr'><strong>in</strong></span> <span class='ocrx_word' id='word_1_477' title='bbox 1450 5798 1659 5851; x_wconf 86' lang='lat' dir='ltr'><strong>regnum</strong></span> <span class='ocrx_word' id='word_1_478' title='bbox 1685 5780 1911 5833; x_wconf 87' lang='lat' dir='ltr'><strong>dilectio-</strong></span> 
     </span>
    </p>
   </div>
   <div class='ocr_carea' id='block_1_60' title="bbox 324 5873 1910 5958">
    <p class='ocr_par' dir='ltr' id='par_1_60' title="bbox 324 5873 1910 5958">
     <span class='ocr_line' id='line_1_60' title="bbox 324 5873 1910 5958; baseline -0.008 -17"><span class='ocrx_word' id='word_1_479' title='bbox 324 5890 402 5942; x_wconf 85' lang='lat' dir='ltr'><strong>nis</strong></span> <span class='ocrx_word' id='word_1_480' title='bbox 424 5888 535 5957; x_wconf 85' lang='lat' dir='ltr'><strong>ejus</strong></span> <span class='ocrx_word' id='word_1_481' title='bbox 567 5887 584 5958; x_wconf 92' lang='lat'>(</span> <span class='ocrx_word' id='word_1_482' title='bbox 609 5882 801 5939; x_wconf 83' lang='lat' dir='ltr'><strong>Coloss.</strong></span> <span class='ocrx_word' id='word_1_483' title='bbox 835 5882 890 5936; x_wconf 93' lang='grc'><strong>1.</strong></span> <span class='ocrx_word' id='word_1_484' title='bbox 919 5881 984 5935; x_wconf 80' lang='grc'><strong>1⁵5</strong></span> <span class='ocrx_word' id='word_1_485' title='bbox 1004 5878 1046 5949; x_wconf 87' lang='grc'><strong>).</strong></span> <span class='ocrx_word' id='word_1_486' title='bbox 1077 5879 1245 5935; x_wconf 86' lang='lat' dir='ltr'><strong>Porro</strong></span> <span class='ocrx_word' id='word_1_487' title='bbox 1274 5876 1414 5951; x_wconf 88' lang='lat' dir='ltr'><strong>quod</strong></span> <span class='ocrx_word' id='word_1_488' title='bbox 1455 5874 1802 5931; x_wconf 87' lang='lat' dir='ltr'><strong>admiratione</strong></span> <span class='ocrx_word' id='word_1_489' title='bbox 1830 5873 1910 5928; x_wconf 88' lang='lat' dir='ltr'><strong>di-</strong></span> 
     </span>
    </p>
   </div>
   <div class='ocr_carea' id='block_1_61' title="bbox 1332 415 2421 485">
    <p class='ocr_par' dir='ltr' id='par_1_61' title="bbox 1332 415 2421 485">
     <span class='ocr_line' id='line_1_61' title="bbox 1332 415 2421 485; baseline -0.006 -7"><span class='ocrx_word' id='word_1_490' title='bbox 1332 426 1415 479; x_wconf 83' lang='lat' dir='ltr'><strong>DE</strong></span> <span class='ocrx_word' id='word_1_491' title='bbox 1454 426 1893 485; x_wconf 77' lang='lat' dir='ltr'><strong>COEMETFRIO</strong></span> <span class='ocrx_word' id='word_1_492' title='bbox 1929 426 2015 480; x_wconf 84' lang='lat' dir='ltr'><strong>ET</strong></span> <span class='ocrx_word' id='word_1_493' title='bbox 2052 423 2139 477; x_wconf 85' lang='lat' dir='ltr'><strong>DE</strong></span> <span class='ocrx_word' id='word_1_494' title='bbox 2176 415 2421 473; x_wconf 76' lang='lat' dir='ltr'><strong>CRUCE.</strong></span> 
     </span>
    </p>
   </div>
   <div class='ocr_carea' id='block_1_62' title="bbox 3484 426 3584 481">
    <p class='ocr_par' dir='ltr' id='par_1_62' title="bbox 3484 426 3584 481">
     <span class='ocr_line' id='line_1_62' title="bbox 3484 426 3584 481; baseline 0 -1"><span class='ocrx_word' id='word_1_495' title='bbox 3484 426 3584 481; x_wconf 75' lang='grc'><strong>556</strong></span> 
     </span>
    </p>
   </div>
   <div class='ocr_carea' id='block_1_63' title="bbox 2010 531 3584 605">
    <p class='ocr_par' dir='ltr' id='par_1_63' title="bbox 2010 531 3584 605">
     <span class='ocr_line' id='line_1_63' title="bbox 2010 531 3584 605; baseline 0.003 -21"><span class='ocrx_word' id='word_1_496' title='bbox 2010 532 2319 602; x_wconf 74' lang='lat' dir='ltr'><strong>guis-simum</strong></span> <span class='ocrx_word' id='word_1_497' title='bbox 2348 541 2429 587; x_wconf 90' lang='lat' dir='ltr'><strong>est</strong></span> <span class='ocrx_word' id='word_1_498' title='bbox 2452 573 2467 597; x_wconf 91' lang='lat'><strong>,</strong></span> <span class='ocrx_word' id='word_1_499' title='bbox 2509 532 2623 602; x_wconf 85' lang='lat' dir='ltr'><strong>ipse</strong></span> <span class='ocrx_word' id='word_1_500' title='bbox 2652 531 2772 588; x_wconf 76' lang='lat' dir='ltr'><strong>Rex</strong></span> <span class='ocrx_word' id='word_1_501' title='bbox 2803 533 3036 589; x_wconf 89' lang='lat' dir='ltr'><strong>advenit.</strong></span> <span class='ocrx_word' id='word_1_502' title='bbox 3069 535 3226 605; x_wconf 83' lang='lat' dir='ltr'><strong>Atqui</strong></span> <span class='ocrx_word' id='word_1_503' title='bbox 3275 534 3453 589; x_wconf 86' lang='lat' dir='ltr'><strong>nullus</strong></span> <span class='ocrx_word' id='word_1_504' title='bbox 3497 551 3584 591; x_wconf 69' lang='lat' dir='ltr'><strong>rex</strong></span> 
     </span>
    </p>
   </div>
   <div class='ocr_carea' id='block_1_64' title="bbox 2007 624 3588 695">
    <p class='ocr_par' dir='ltr' id='par_1_64' title="bbox 2007 624 3588 695">
     <span class='ocr_line' id='line_1_64' title="bbox 2007 624 3588 695; baseline 0.003 -18"><span class='ocrx_word' id='word_1_505' title='bbox 2007 640 2257 693; x_wconf 88' lang='lat' dir='ltr'><strong>mnquam</strong></span> <span class='ocrx_word' id='word_1_506' title='bbox 2296 624 2396 678; x_wconf 95' lang='lat' dir='ltr'><strong>hoc</strong></span> <span class='ocrx_word' id='word_1_507' title='bbox 2425 624 2732 695; x_wconf 86' lang='lat' dir='ltr'><strong>dignaretur</strong></span> <span class='ocrx_word' id='word_1_508' title='bbox 2774 624 2969 690; x_wconf 90' lang='lat' dir='ltr'><strong>facere,</strong></span> <span class='ocrx_word' id='word_1_509' title='bbox 3003 626 3096 680; x_wconf 90' lang='lat' dir='ltr'><strong>sed</strong></span> <span class='ocrx_word' id='word_1_510' title='bbox 3127 627 3356 681; x_wconf 89' lang='lat' dir='ltr'><strong>ministri</strong></span> <span class='ocrx_word' id='word_1_511' title='bbox 3386 629 3588 683; x_wconf 71' lang='lat' dir='ltr'><strong>vinctos</strong></span> 
     </span>
    </p>
   </div>
   <div class='ocr_carea' id='block_1_65' title="bbox 2006 717 3588 787">
    <p class='ocr_par' dir='ltr' id='par_1_65' title="bbox 2006 717 3588 787">
     <span class='ocr_line' id='line_1_65' title="bbox 2006 717 3588 787; baseline 0.005 -18"><span class='ocrx_word' id='word_1_512' title='bbox 2006 717 2279 771; x_wconf 91' lang='lat' dir='ltr'><strong>dimittunt</strong></span> <span class='ocrx_word' id='word_1_513' title='bbox 2308 734 2320 768; x_wconf 91' lang='lat'><strong>:</strong></span> <span class='ocrx_word' id='word_1_514' title='bbox 2354 732 2509 771; x_wconf 91' lang='lat' dir='ltr'><strong>secus</strong></span> <span class='ocrx_word' id='word_1_515' title='bbox 2538 717 2655 782; x_wconf 91' lang='lat' dir='ltr'><strong>hic;</strong></span> <span class='ocrx_word' id='word_1_516' title='bbox 2690 719 2914 787; x_wconf 90' lang='lat' dir='ltr'><strong>ipsemet</strong></span> <span class='ocrx_word' id='word_1_517' title='bbox 2934 720 3046 774; x_wconf 83' lang='lat' dir='ltr'><strong>Rex</strong></span> <span class='ocrx_word' id='word_1_518' title='bbox 3086 720 3153 773; x_wconf 88' lang='lat' dir='ltr'><strong>ad</strong></span> <span class='ocrx_word' id='word_1_519' title='bbox 3190 722 3395 776; x_wconf 88' lang='lat' dir='ltr'><strong>vinctos</strong></span> <span class='ocrx_word' id='word_1_520' title='bbox 3425 723 3588 779; x_wconf 87' lang='lat' dir='ltr'><strong>venit.</strong></span> 
     </span>
    </p>
   </div>
   <div class='ocr_carea' id='block_1_66' title="bbox 2006 810 3587 881">
    <p class='ocr_par' dir='ltr' id='par_1_66' title="bbox 2006 810 3587 881">
     <span class='ocr_line' id='line_1_66' title="bbox 2006 810 3587 881; baseline 0.006 -19"><span class='ocrx_word' id='word_1_521' title='bbox 2006 810 2120 863; x_wconf 84' lang='lat' dir='ltr'><strong>Non</strong></span> <span class='ocrx_word' id='word_1_522' title='bbox 2160 811 2370 865; x_wconf 89' lang='lat' dir='ltr'><strong>erubuit</strong></span> <span class='ocrx_word' id='word_1_523' title='bbox 2414 826 2681 864; x_wconf 91' lang='lat' dir='ltr'><strong>carcerem</strong></span> <span class='ocrx_word' id='word_1_524' title='bbox 2704 852 2717 873; x_wconf 90' lang='lat'><strong>,</strong></span> <span class='ocrx_word' id='word_1_525' title='bbox 2750 827 2924 881; x_wconf 87' lang='lat' dir='ltr'><strong>neque</strong></span> <span class='ocrx_word' id='word_1_526' title='bbox 2971 812 3217 867; x_wconf 88' lang='lat' dir='ltr'><strong>detentos</strong></span> <span class='ocrx_word' id='word_1_527' title='bbox 3248 817 3298 868; x_wconf 90' lang='lat' dir='ltr'><strong>in</strong></span> <span class='ocrx_word' id='word_1_528' title='bbox 3326 830 3541 871; x_wconf 76' lang='lat' dir='ltr'><strong>carcere</strong></span> <span class='ocrx_word' id='word_1_529' title='bbox 3573 834 3587 871; x_wconf 90' lang='lat'><strong>:</strong></span> 
     </span>
    </p>
   </div>
   <div class='ocr_carea' id='block_1_67' title="bbox 1939 902 3593 977">
    <p class='ocr_par' dir='ltr' id='par_1_67' title="bbox 1939 902 3593 977">
     <span class='ocr_line' id='line_1_67' title="bbox 1939 902 3593 977; baseline 0.007 -24"><span class='ocrx_word' id='word_1_530' title='bbox 1939 937 1955 953; x_wconf 90' lang='lat'><strong>.</strong></span> <span class='ocrx_word' id='word_1_531' title='bbox 2005 902 2072 956; x_wconf 92' lang='lat' dir='ltr'><strong>de</strong></span> <span class='ocrx_word' id='word_1_532' title='bbox 2097 918 2160 955; x_wconf 91' lang='lat' dir='ltr'><strong>eo</strong></span> <span class='ocrx_word' id='word_1_533' title='bbox 2186 903 2325 956; x_wconf 85' lang='lat' dir='ltr'><strong>enim</strong></span> <span class='ocrx_word' id='word_1_534' title='bbox 2355 919 2512 972; x_wconf 89' lang='lat' dir='ltr'><strong>quem</strong></span> <span class='ocrx_word' id='word_1_535' title='bbox 2544 904 2791 965; x_wconf 86' lang='lat' dir='ltr'><strong>ﬁnxerat.</strong></span> <span class='ocrx_word' id='word_1_536' title='bbox 2818 905 3139 961; x_wconf 79' lang='lat' dir='ltr'><strong>erubescere</strong></span> <span class='ocrx_word' id='word_1_537' title='bbox 3168 924 3271 961; x_wconf 93' lang='lat' dir='ltr'><strong>non</strong></span> <span class='ocrx_word' id='word_1_538' title='bbox 3300 910 3507 977; x_wconf 89' lang='lat' dir='ltr'><strong>potuit;</strong></span> <span class='ocrx_word' id='word_1_539' title='bbox 3537 920 3593 965; x_wconf 90' lang='lat' dir='ltr'><strong>et</strong></span> 
     </span>
    </p>
   </div>
   <div class='ocr_carea' id='block_1_68' title="bbox 2006 994 3589 1070">
    <p class='ocr_par' dir='ltr' id='par_1_68' title="bbox 2006 994 3589 1070">
     <span class='ocr_line' id='line_1_68' title="bbox 2006 994 3589 1070; baseline 0.004 -21"><span class='ocrx_word' id='word_1_540' title='bbox 2006 994 2269 1064; x_wconf 91' lang='lat' dir='ltr'><strong>confregit</strong></span> <span class='ocrx_word' id='word_1_541' title='bbox 2314 996 2455 1049; x_wconf 90' lang='lat' dir='ltr'><strong>fores</strong></span> <span class='ocrx_word' id='word_1_542' title='bbox 2476 1038 2488 1059; x_wconf 93' lang='lat'><strong>,</strong></span> <span class='ocrx_word' id='word_1_543' title='bbox 2519 1006 2571 1050; x_wconf 89' lang='lat' dir='ltr'><strong>et</strong></span> <span class='ocrx_word' id='word_1_544' title='bbox 2601 1008 2779 1051; x_wconf 84' lang='lat' dir='ltr'><strong>vectes</strong></span> <span class='ocrx_word' id='word_1_545' title='bbox 2810 999 3094 1063; x_wconf 87' lang='lat' dir='ltr'><strong>contrivit,</strong></span> <span class='ocrx_word' id='word_1_546' title='bbox 3140 1002 3469 1070; x_wconf 89' lang='lat' dir='ltr'><strong>superastitit</strong></span> <span class='ocrx_word' id='word_1_547' title='bbox 3512 1004 3589 1056; x_wconf 85' lang='lat' dir='ltr'><strong>in—</strong></span> 
     </span>
    </p>
   </div>
   <div class='ocr_carea' id='block_1_69' title="bbox 2008 1085 3593 1160">
    <p class='ocr_par' dir='ltr' id='par_1_69' title="bbox 2008 1085 3593 1160">
     <span class='ocr_line' id='line_1_69' title="bbox 2008 1085 3593 1160; baseline 0.008 -24"><span class='ocrx_word' id='word_1_548' title='bbox 2008 1085 2157 1138; x_wconf 87' lang='lat' dir='ltr'><strong>ferno</strong></span> <span class='ocrx_word' id='word_1_549' title='bbox 2182 1128 2195 1147; x_wconf 86' lang='lat'><strong>,</strong></span> <span class='ocrx_word' id='word_1_550' title='bbox 2225 1096 2277 1140; x_wconf 93' lang='lat' dir='ltr'><strong>et</strong></span> <span class='ocrx_word' id='word_1_551' title='bbox 2300 1087 2566 1142; x_wconf 88' lang='lat' dir='ltr'><strong>desertam</strong></span> <span class='ocrx_word' id='word_1_552' title='bbox 2596 1087 2724 1143; x_wconf 88' lang='lat' dir='ltr'><strong>fecit</strong></span> <span class='ocrx_word' id='word_1_553' title='bbox 2754 1098 2916 1143; x_wconf 87' lang='lat' dir='ltr'><strong>totam</strong></span> <span class='ocrx_word' id='word_1_554' title='bbox 2949 1091 3089 1145; x_wconf 90' lang='lat' dir='ltr'><strong>illius</strong></span> <span class='ocrx_word' id='word_1_555' title='bbox 3116 1094 3407 1148; x_wconf 89' lang='lat' dir='ltr'><strong>custodiam</strong></span> <span class='ocrx_word' id='word_1_556' title='bbox 3429 1137 3445 1160; x_wconf 94' lang='lat'><strong>,</strong></span> <span class='ocrx_word' id='word_1_557' title='bbox 3476 1111 3593 1150; x_wconf 70' lang='lat' dir='ltr'><strong>caro</strong></span> 
     </span>
    </p>
   </div>
   <div class='ocr_carea' id='block_1_70' title="bbox 2006 1177 3593 1248">
    <p class='ocr_par' dir='ltr' id='par_1_70' title="bbox 2006 1177 3593 1248">
     <span class='ocr_line' id='line_1_70' title="bbox 2006 1177 3593 1248; baseline 0.006 -21"><span class='ocrx_word' id='word_1_558' title='bbox 2006 1177 2253 1245; x_wconf 88' lang='lat' dir='ltr'><strong>cerisque</strong></span> <span class='ocrx_word' id='word_1_559' title='bbox 2296 1177 2515 1231; x_wconf 76' lang='lat' dir='ltr'><strong>custode</strong></span> <span class='ocrx_word' id='word_1_560' title='bbox 2546 1179 2595 1231; x_wconf 93' lang='lat' dir='ltr'><strong>in</strong></span> <span class='ocrx_word' id='word_1_561' title='bbox 2624 1179 2831 1233; x_wconf 89' lang='lat' dir='ltr'><strong>vincula</strong></span> <span class='ocrx_word' id='word_1_562' title='bbox 2861 1181 3124 1248; x_wconf 75' lang='lat' dir='ltr'><strong>conjecto,</strong></span> <span class='ocrx_word' id='word_1_563' title='bbox 3156 1183 3219 1236; x_wconf 88' lang='lat' dir='ltr'><strong>ad</strong></span> <span class='ocrx_word' id='word_1_564' title='bbox 3254 1198 3350 1237; x_wconf 89' lang='lat' dir='ltr'><strong>nos</strong></span> <span class='ocrx_word' id='word_1_565' title='bbox 3389 1201 3593 1239; x_wconf 84' lang='lat' dir='ltr'><strong>remea-</strong></span> 
     </span>
    </p>
   </div>
   <div class='ocr_carea' id='block_1_71' title="bbox 2006 1265 3589 1338">
    <p class='ocr_par' dir='ltr' id='par_1_71' title="bbox 2006 1265 3589 1338">
     <span class='ocr_line' id='line_1_71' title="bbox 2006 1265 3589 1338; baseline 0.009 -22"><span class='ocrx_word' id='word_1_566' title='bbox 2006 1265 2100 1318; x_wconf 87' lang='lat' dir='ltr'><strong>vit.</strong></span> <span class='ocrx_word' id='word_1_567' title='bbox 2132 1266 2410 1336; x_wconf 86' lang='lat' dir='ltr'><strong>Tyrannus</strong></span> <span class='ocrx_word' id='word_1_568' title='bbox 2455 1269 2695 1336; x_wconf 88' lang='lat' dir='ltr'><strong>captivus</strong></span> <span class='ocrx_word' id='word_1_569' title='bbox 2745 1270 3077 1338; x_wconf 86' lang='lat' dir='ltr'><strong>ducebatur,</strong></span> <span class='ocrx_word' id='word_1_570' title='bbox 3133 1272 3284 1327; x_wconf 89' lang='lat' dir='ltr'><strong>fortis</strong></span> <span class='ocrx_word' id='word_1_571' title='bbox 3334 1277 3589 1331; x_wconf 90' lang='lat' dir='ltr'><strong>vinctus:</strong></span> 
     </span>
    </p>
   </div>
   <div class='ocr_carea' id='block_1_72' title="bbox 2008 1360 3585 1437">
    <p class='ocr_par' dir='ltr' id='par_1_72' title="bbox 2008 1360 3585 1437">
     <span class='ocr_line' id='line_1_72' title="bbox 2008 1360 3585 1437; baseline 0.008 -25"><span class='ocrx_word' id='word_1_572' title='bbox 2008 1360 2118 1427; x_wconf 78' lang='lat' dir='ltr'><strong>ipsa</strong></span> <span class='ocrx_word' id='word_1_573' title='bbox 2149 1376 2294 1415; x_wconf 85' lang='lat' dir='ltr'><strong>mors</strong></span> <span class='ocrx_word' id='word_1_574' title='bbox 2337 1362 2560 1431; x_wconf 87' lang='lat' dir='ltr'><strong>abjectis</strong></span> <span class='ocrx_word' id='word_1_575' title='bbox 2588 1364 2752 1418; x_wconf 90' lang='lat' dir='ltr'><strong>armis</strong></span> <span class='ocrx_word' id='word_1_576' title='bbox 2776 1406 2790 1429; x_wconf 94' lang='lat'><strong>,</strong></span> <span class='ocrx_word' id='word_1_577' title='bbox 2820 1365 2959 1419; x_wconf 92' lang='lat' dir='ltr'><strong>nuda</strong></span> <span class='ocrx_word' id='word_1_578' title='bbox 2990 1367 3054 1422; x_wconf 91' lang='lat' dir='ltr'><strong>ad</strong></span> <span class='ocrx_word' id='word_1_579' title='bbox 3100 1366 3258 1437; x_wconf 87' lang='lat' dir='ltr'><strong>Regis</strong></span> <span class='ocrx_word' id='word_1_580' title='bbox 3289 1369 3451 1437; x_wconf 90' lang='lat' dir='ltr'><strong>pedes</strong></span> <span class='ocrx_word' id='word_1_581' title='bbox 3496 1385 3585 1424; x_wconf 91' lang='lat' dir='ltr'><strong>cu-</strong></span> 
     </span>
    </p>
   </div>
   <div class='ocr_carea' id='block_1_73' title="bbox 2006 1455 2191 1508">
    <p class='ocr_par' dir='ltr' id='par_1_73' title="bbox 2006 1455 2191 1508">
     <span class='ocr_line' id='line_1_73' title="bbox 2006 1455 2191 1508; baseline -0.005 -1"><span class='ocrx_word' id='word_1_582' title='bbox 2006 1455 2191 1508; x_wconf 90' lang='lat' dir='ltr'><strong>currit.</strong></span> 
     </span>
    </p>
   </div>
   <div class='ocr_carea' id='block_1_74' title="bbox 2082 1543 3595 1613">
    <p class='ocr_par' dir='ltr' id='par_1_74' title="bbox 2082 1543 3595 1613">
     <span class='ocr_line' id='line_1_74' title="bbox 2082 1543 3595 1613; baseline 0.006 -16"><span class='ocrx_word' id='word_1_583' title='bbox 2082 1543 2190 1598; x_wconf 87' lang='lat' dir='ltr'><strong>Per</strong></span> <span class='ocrx_word' id='word_1_584' title='bbox 2216 1561 2326 1610; x_wconf 69' lang='lat' dir='ltr'><strong>quae</strong></span> <span class='ocrx_word' id='word_1_585' title='bbox 2354 1546 2538 1600; x_wconf 83' lang='lat' dir='ltr'><strong>vicerat</strong></span> <span class='ocrx_word' id='word_1_586' title='bbox 2567 1547 2799 1602; x_wconf 82' lang='lat' dir='ltr'><strong>diabolus</strong></span> <span class='ocrx_word' id='word_1_587' title='bbox 2837 1550 3084 1613; x_wconf 78' lang='lat' dir='ltr'><strong>vincitur;</strong></span> <span class='ocrx_word' id='word_1_588' title='bbox 3128 1551 3335 1604; x_wconf 85' lang='lat' dir='ltr'><strong>victoria</strong></span> <span class='ocrx_word' id='word_1_589' title='bbox 3374 1553 3483 1605; x_wconf 86' lang='lat' dir='ltr'><strong>sine</strong></span> <span class='ocrx_word' id='word_1_590' title='bbox 3519 1554 3595 1606; x_wconf 91' lang='lat' dir='ltr'><strong>la-</strong></span> 
     </span>
    </p>
   </div>
   <div class='ocr_carea' id='block_1_75' title="bbox 2007 1635 3593 1701">
    <p class='ocr_par' dir='ltr' id='par_1_75' title="bbox 2007 1635 3593 1701">
     <span class='ocr_line' id='line_1_75' title="bbox 2007 1635 3593 1701; baseline 0.007 -13"><span class='ocrx_word' id='word_1_591' title='bbox 2007 1635 2125 1689; x_wconf 90' lang='lat' dir='ltr'><strong>bore</strong></span> <span class='ocrx_word' id='word_1_592' title='bbox 2167 1648 2359 1689; x_wconf 89' lang='lat' dir='ltr'><strong>nostro.</strong></span> <span class='ocrx_word' id='word_1_593' title='bbox 2388 1669 2453 1678; x_wconf 96' lang='lat'><strong>—</strong></span> <span class='ocrx_word' id='word_1_594' title='bbox 2479 1638 2669 1693; x_wconf 81' lang='lat' dir='ltr'><strong>Vidisti</strong></span> <span class='ocrx_word' id='word_1_595' title='bbox 2716 1641 3010 1695; x_wconf 89' lang='lat' dir='ltr'><strong>mirandam</strong></span> <span class='ocrx_word' id='word_1_596' title='bbox 3060 1644 3375 1697; x_wconf 88' lang='lat' dir='ltr'><strong>victoriam?</strong></span> <span class='ocrx_word' id='word_1_597' title='bbox 3417 1646 3593 1701; x_wconf 89' lang='lat' dir='ltr'><strong>vidisti</strong></span> 
     </span>
    </p>
   </div>
   <div class='ocr_carea' id='block_1_76' title="bbox 2007 1728 3596 1804">
    <p class='ocr_par' dir='ltr' id='par_1_76' title="bbox 2007 1728 3596 1804">
     <span class='ocr_line' id='line_1_76' title="bbox 2007 1728 3596 1804; baseline 0.008 -24"><span class='ocrx_word' id='word_1_598' title='bbox 2007 1728 2180 1782; x_wconf 91' lang='lat' dir='ltr'><strong>crucis</strong></span> <span class='ocrx_word' id='word_1_599' title='bbox 2211 1729 2464 1796; x_wconf 62' lang='lat' dir='ltr'><strong>praaclara</strong></span> <span class='ocrx_word' id='word_1_600' title='bbox 2496 1731 2768 1785; x_wconf 89' lang='lat' dir='ltr'><strong>facinora?</strong></span> <span class='ocrx_word' id='word_1_601' title='bbox 2798 1732 2975 1786; x_wconf 89' lang='lat' dir='ltr'><strong>Dicam</strong></span> <span class='ocrx_word' id='word_1_602' title='bbox 3018 1734 3109 1788; x_wconf 90' lang='lat' dir='ltr'><strong>tibi</strong></span> <span class='ocrx_word' id='word_1_603' title='bbox 3140 1736 3387 1804; x_wconf 89' lang='lat' dir='ltr'><strong>quiddam</strong></span> <span class='ocrx_word' id='word_1_604' title='bbox 3421 1737 3596 1793; x_wconf 85' lang='lat' dir='ltr'><strong>adhuc</strong></span> 
     </span>
    </p>
   </div>
   <div class='ocr_carea' id='block_1_77' title="bbox 2008 1820 3597 1898">
    <p class='ocr_par' dir='ltr' id='par_1_77' title="bbox 2008 1820 3597 1898">
     <span class='ocr_line' id='line_1_77' title="bbox 2008 1820 3597 1898; baseline 0.007 -26"><span class='ocrx_word' id='word_1_605' title='bbox 2008 1820 2343 1875; x_wconf 88' lang='lat' dir='ltr'><strong>mirabilius?</strong></span> <span class='ocrx_word' id='word_1_606' title='bbox 2371 1822 2516 1877; x_wconf 88' lang='lat' dir='ltr'><strong>disce</strong></span> <span class='ocrx_word' id='word_1_607' title='bbox 2542 1824 2756 1879; x_wconf 92' lang='lat' dir='ltr'><strong>modum</strong></span> <span class='ocrx_word' id='word_1_608' title='bbox 2789 1827 3047 1893; x_wconf 74' lang='lat' dir='ltr'><strong>victorizc,</strong></span> <span class='ocrx_word' id='word_1_609' title='bbox 3074 1835 3129 1881; x_wconf 90' lang='lat' dir='ltr'><strong>et</strong></span> <span class='ocrx_word' id='word_1_610' title='bbox 3158 1836 3281 1883; x_wconf 90' lang='lat' dir='ltr'><strong>tunc</strong></span> <span class='ocrx_word' id='word_1_611' title='bbox 3310 1830 3477 1898; x_wconf 87' lang='lat' dir='ltr'><strong>magis</strong></span> <span class='ocrx_word' id='word_1_612' title='bbox 3503 1830 3597 1883; x_wconf 85' lang='lat' dir='ltr'><strong>oh-</strong></span> 
     </span>
    </p>
   </div>
   <div class='ocr_carea' id='block_1_78' title="bbox 2010 1914 3592 1989">
    <p class='ocr_par' dir='ltr' id='par_1_78' title="bbox 2010 1914 3592 1989">
     <span class='ocr_line' id='line_1_78' title="bbox 2010 1914 3592 1989; baseline 0.005 -25"><span class='ocrx_word' id='word_1_613' title='bbox 2010 1921 2304 1980; x_wconf 91' lang='lat' dir='ltr'><strong>stupesces.</strong></span> <span class='ocrx_word' id='word_1_614' title='bbox 2334 1914 2437 1969; x_wconf 88' lang='lat' dir='ltr'><strong>Per</strong></span> <span class='ocrx_word' id='word_1_615' title='bbox 2461 1932 2579 1985; x_wconf 61' lang='lat' dir='ltr'><strong>quae</strong></span> <span class='ocrx_word' id='word_1_616' title='bbox 2608 1918 2747 1970; x_wconf 91' lang='lat' dir='ltr'><strong>enim</strong></span> <span class='ocrx_word' id='word_1_617' title='bbox 2775 1918 3017 1972; x_wconf 84' lang='lat' dir='ltr'><strong>diabolus</strong></span> <span class='ocrx_word' id='word_1_618' title='bbox 3045 1920 3262 1983; x_wconf 84' lang='lat' dir='ltr'><strong>vicerat,</strong></span> <span class='ocrx_word' id='word_1_619' title='bbox 3294 1936 3387 1989; x_wconf 92' lang='lat' dir='ltr'><strong>per</strong></span> <span class='ocrx_word' id='word_1_620' title='bbox 3408 1922 3592 1976; x_wconf 87' lang='lat' dir='ltr'><strong>eadem</strong></span> 
     </span>
    </p>
   </div>
   <div class='ocr_carea' id='block_1_79' title="bbox 2009 2004 3599 2081">
    <p class='ocr_par' dir='ltr' id='par_1_79' title="bbox 2009 2004 3599 2081">
     <span class='ocr_line' id='line_1_79' title="bbox 2009 2004 3599 2081; baseline 0.005 -22"><span class='ocrx_word' id='word_1_621' title='bbox 2009 2004 2250 2060; x_wconf 88' lang='lat' dir='ltr'><strong>Christus</strong></span> <span class='ocrx_word' id='word_1_622' title='bbox 2277 2008 2521 2063; x_wconf 85' lang='lat' dir='ltr'><strong>eumdem</strong></span> <span class='ocrx_word' id='word_1_623' title='bbox 2547 2009 2759 2076; x_wconf 90' lang='lat' dir='ltr'><strong>devicit,</strong></span> <span class='ocrx_word' id='word_1_624' title='bbox 2790 2020 2843 2065; x_wconf 90' lang='lat' dir='ltr'><strong>et</strong></span> <span class='ocrx_word' id='word_1_625' title='bbox 2864 2013 3093 2080; x_wconf 86' lang='lat' dir='ltr'><strong>acceptis</strong></span> <span class='ocrx_word' id='word_1_626' title='bbox 3120 2012 3310 2081; x_wconf 89' lang='lat' dir='ltr'><strong>quibus</strong></span> <span class='ocrx_word' id='word_1_627' title='bbox 3336 2028 3462 2067; x_wconf 85' lang='lat' dir='ltr'><strong>usus</strong></span> <span class='ocrx_word' id='word_1_628' title='bbox 3489 2013 3599 2067; x_wconf 84' lang='lat' dir='ltr'><strong>fue-</strong></span> 
     </span>
    </p>
   </div>
   <div class='ocr_carea' id='block_1_80' title="bbox 2012 2098 3591 2175">
    <p class='ocr_par' dir='ltr' id='par_1_80' title="bbox 2012 2098 3591 2175">
     <span class='ocr_line' id='line_1_80' title="bbox 2012 2098 3591 2175; baseline 0.008 -27"><span class='ocrx_word' id='word_1_629' title='bbox 2012 2105 2095 2149; x_wconf 87' lang='lat' dir='ltr'><strong>rat</strong></span> <span class='ocrx_word' id='word_1_630' title='bbox 2123 2098 2308 2164; x_wconf 78' lang='lat' dir='ltr'><strong>armis,</strong></span> <span class='ocrx_word' id='word_1_631' title='bbox 2342 2114 2462 2153; x_wconf 92' lang='lat' dir='ltr'><strong>cum</strong></span> <span class='ocrx_word' id='word_1_632' title='bbox 2493 2100 2777 2155; x_wconf 86' lang='lat' dir='ltr'><strong>debellavit</strong></span> <span class='ocrx_word' id='word_1_633' title='bbox 2807 2121 2818 2155; x_wconf 91' lang='lat'>:</span> <span class='ocrx_word' id='word_1_634' title='bbox 2846 2111 2899 2157; x_wconf 91' lang='lat' dir='ltr'><strong>et</strong></span> <span class='ocrx_word' id='word_1_635' title='bbox 2921 2105 3209 2172; x_wconf 90' lang='lat' dir='ltr'><strong>quomodo,</strong></span> <span class='ocrx_word' id='word_1_636' title='bbox 3242 2104 3383 2160; x_wconf 89' lang='lat' dir='ltr'><strong>audi.</strong></span> <span class='ocrx_word' id='word_1_637' title='bbox 3417 2105 3591 2175; x_wconf 85' lang='lat' dir='ltr'><strong>Virgo,</strong></span> 
     </span>
    </p>
   </div>
   <div class='ocr_carea' id='block_1_81' title="bbox 2009 2186 3598 2267">
    <p class='ocr_par' dir='ltr' id='par_1_81' title="bbox 2009 2186 3598 2267">
     <span class='ocr_line' id='line_1_81' title="bbox 2009 2186 3598 2267; baseline 0.008 -29"><span class='ocrx_word' id='word_1_638' title='bbox 2009 2186 2208 2255; x_wconf 89' lang='lat' dir='ltr'><strong>lignum</strong></span> <span class='ocrx_word' id='word_1_639' title='bbox 2237 2198 2290 2242; x_wconf 90' lang='lat' dir='ltr'><strong>et</strong></span> <span class='ocrx_word' id='word_1_640' title='bbox 2318 2205 2463 2243; x_wconf 84' lang='lat' dir='ltr'><strong>mors</strong></span> <span class='ocrx_word' id='word_1_641' title='bbox 2489 2191 2655 2245; x_wconf 90' lang='lat' dir='ltr'><strong>cladis</strong></span> <span class='ocrx_word' id='word_1_642' title='bbox 2686 2203 2881 2247; x_wconf 61' lang='lat' dir='ltr'><strong>nostra:</strong></span> <span class='ocrx_word' id='word_1_643' title='bbox 2905 2194 3121 2249; x_wconf 88' lang='lat' dir='ltr'><strong>fuerunt</strong></span> <span class='ocrx_word' id='word_1_644' title='bbox 3149 2196 3409 2266; x_wconf 90' lang='lat' dir='ltr'><strong>symbola.</strong></span> <span class='ocrx_word' id='word_1_645' title='bbox 3440 2196 3598 2267; x_wconf 85' lang='lat' dir='ltr'><strong>Virgo</strong></span> 
     </span>
    </p>
   </div>
   <div class='ocr_carea' id='block_1_82' title="bbox 2012 2280 3596 2357">
    <p class='ocr_par' dir='ltr' id='par_1_82' title="bbox 2012 2280 3596 2357">
     <span class='ocr_line' id='line_1_82' title="bbox 2012 2280 3596 2357; baseline 0.008 -28"><span class='ocrx_word' id='word_1_646' title='bbox 2012 2288 2126 2331; x_wconf 91' lang='lat' dir='ltr'><strong>erat</strong></span> <span class='ocrx_word' id='word_1_647' title='bbox 2167 2280 2274 2332; x_wconf 84' lang='lat' dir='ltr'><strong>Eva</strong></span> <span class='ocrx_word' id='word_1_648' title='bbox 2305 2299 2316 2333; x_wconf 91' lang='lat'><strong>:</strong></span> <span class='ocrx_word' id='word_1_649' title='bbox 2350 2281 2575 2335; x_wconf 91' lang='lat' dir='ltr'><strong>necdum</strong></span> <span class='ocrx_word' id='word_1_650' title='bbox 2613 2283 2752 2336; x_wconf 88' lang='lat' dir='ltr'><strong>enim</strong></span> <span class='ocrx_word' id='word_1_651' title='bbox 2786 2284 2957 2339; x_wconf 89' lang='lat' dir='ltr'><strong>virum</strong></span> <span class='ocrx_word' id='word_1_652' title='bbox 2998 2295 3351 2355; x_wconf 85' lang='lat' dir='ltr'><strong>cognoverat;</strong></span> <span class='ocrx_word' id='word_1_653' title='bbox 3399 2288 3596 2357; x_wconf 86' lang='lat' dir='ltr'><strong>lignum</strong></span> 
     </span>
    </p>
   </div>
   <div class='ocr_carea' id='block_1_83' title="bbox 2008 2373 3599 2450">
    <p class='ocr_par' dir='ltr' id='par_1_83' title="bbox 2008 2373 3599 2450">
     <span class='ocr_line' id='line_1_83' title="bbox 2008 2373 3599 2450; baseline 0.005 -24"><span class='ocrx_word' id='word_1_654' title='bbox 2008 2384 2125 2426; x_wconf 89' lang='lat' dir='ltr'><strong>erat</strong></span> <span class='ocrx_word' id='word_1_655' title='bbox 2154 2373 2333 2439; x_wconf 90' lang='lat' dir='ltr'><strong>arbor,</strong></span> <span class='ocrx_word' id='word_1_656' title='bbox 2360 2389 2503 2429; x_wconf 89' lang='lat' dir='ltr'><strong>mors</strong></span> <span class='ocrx_word' id='word_1_657' title='bbox 2532 2376 2726 2430; x_wconf 89' lang='lat' dir='ltr'><strong>mulcta</strong></span> <span class='ocrx_word' id='word_1_658' title='bbox 2755 2377 2963 2431; x_wconf 83' lang='lat' dir='ltr'><strong>Adami.</strong></span> <span class='ocrx_word' id='word_1_659' title='bbox 2988 2380 3055 2431; x_wconf 86' lang='lat' dir='ltr'><strong>At</strong></span> <span class='ocrx_word' id='word_1_660' title='bbox 3078 2393 3203 2433; x_wconf 90' lang='lat' dir='ltr'><strong>ecce</strong></span> <span class='ocrx_word' id='word_1_661' title='bbox 3226 2380 3415 2436; x_wconf 91' lang='lat' dir='ltr'><strong>iterum</strong></span> <span class='ocrx_word' id='word_1_662' title='bbox 3439 2380 3599 2450; x_wconf 85' lang='lat' dir='ltr'><strong>Virgo</strong></span> 
     </span>
    </p>
   </div>
   <div class='ocr_carea' id='block_1_84' title="bbox 2010 2464 3599 2540">
    <p class='ocr_par' dir='ltr' id='par_1_84' title="bbox 2010 2464 3599 2540">
     <span class='ocr_line' id='line_1_84' title="bbox 2010 2464 3599 2540; baseline 0.004 -23"><span class='ocrx_word' id='word_1_663' title='bbox 2010 2474 2064 2517; x_wconf 91' lang='lat' dir='ltr'><strong>et</strong></span> <span class='ocrx_word' id='word_1_664' title='bbox 2093 2464 2292 2533; x_wconf 91' lang='lat' dir='ltr'><strong>lignum</strong></span> <span class='ocrx_word' id='word_1_665' title='bbox 2320 2476 2373 2519; x_wconf 91' lang='lat' dir='ltr'><strong>et</strong></span> <span class='ocrx_word' id='word_1_666' title='bbox 2400 2482 2565 2529; x_wconf 85' lang='lat' dir='ltr'><strong>mors,</strong></span> <span class='ocrx_word' id='word_1_667' title='bbox 2596 2468 2681 2521; x_wconf 91' lang='lat' dir='ltr'><strong>illa</strong></span> <span class='ocrx_word' id='word_1_668' title='bbox 2704 2467 2870 2523; x_wconf 89' lang='lat' dir='ltr'><strong>cladis</strong></span> <span class='ocrx_word' id='word_1_669' title='bbox 2889 2469 3151 2540; x_wconf 83' lang='lat' dir='ltr'><strong>symbola,</strong></span> <span class='ocrx_word' id='word_1_670' title='bbox 3178 2471 3342 2540; x_wconf 90' lang='lat' dir='ltr'><strong>ipsius</strong></span> <span class='ocrx_word' id='word_1_671' title='bbox 3366 2471 3599 2525; x_wconf 79' lang='lat' dir='ltr'><strong>victoria:</strong></span> 
     </span>
    </p>
   </div>
   <div class='ocr_carea' id='block_1_85' title="bbox 2011 2556 3600 2625">
    <p class='ocr_par' dir='ltr' id='par_1_85' title="bbox 2011 2556 3600 2625">
     <span class='ocr_line' id='line_1_85' title="bbox 2011 2556 3600 2625; baseline 0.004 -18"><span class='ocrx_word' id='word_1_672' title='bbox 2011 2556 2249 2625; x_wconf 92' lang='lat' dir='ltr'><strong>symbola</strong></span> <span class='ocrx_word' id='word_1_673' title='bbox 2283 2556 2415 2610; x_wconf 89' lang='lat' dir='ltr'><strong>faeta</strong></span> <span class='ocrx_word' id='word_1_674' title='bbox 2447 2565 2593 2611; x_wconf 91' lang='lat' dir='ltr'><strong>sunt.</strong></span> <span class='ocrx_word' id='word_1_675' title='bbox 2623 2564 2756 2613; x_wconf 89' lang='lat' dir='ltr'><strong>Nam</strong></span> <span class='ocrx_word' id='word_1_676' title='bbox 2804 2560 2922 2613; x_wconf 91' lang='lat' dir='ltr'><strong>loco</strong></span> <span class='ocrx_word' id='word_1_677' title='bbox 2962 2560 3088 2615; x_wconf 69' lang='lat' dir='ltr'><strong>Eva:</strong></span> <span class='ocrx_word' id='word_1_678' title='bbox 3126 2570 3209 2615; x_wconf 88' lang='lat' dir='ltr'><strong>est</strong></span> <span class='ocrx_word' id='word_1_679' title='bbox 3241 2561 3435 2625; x_wconf 86' lang='lat' dir='ltr'><strong>Maria;</strong></span> <span class='ocrx_word' id='word_1_680' title='bbox 3482 2562 3600 2616; x_wconf 85' lang='lat' dir='ltr'><strong>loco</strong></span> 
     </span>
    </p>
   </div>
   <div class='ocr_carea' id='block_1_86' title="bbox 2011 2644 3601 2720">
    <p class='ocr_par' dir='ltr' id='par_1_86' title="bbox 2011 2644 3601 2720">
     <span class='ocr_line' id='line_1_86' title="bbox 2011 2644 3601 2720; baseline 0.006 -23"><span class='ocrx_word' id='word_1_681' title='bbox 2011 2644 2137 2713; x_wconf 89' lang='lat' dir='ltr'><strong>ligni</strong></span> <span class='ocrx_word' id='word_1_682' title='bbox 2164 2647 2398 2701; x_wconf 74' lang='lat' dir='ltr'><strong>scientia:</strong></span> <span class='ocrx_word' id='word_1_683' title='bbox 2425 2648 2548 2701; x_wconf 86' lang='lat' dir='ltr'><strong>boni</strong></span> <span class='ocrx_word' id='word_1_684' title='bbox 2578 2657 2628 2703; x_wconf 91' lang='lat' dir='ltr'><strong>et</strong></span> <span class='ocrx_word' id='word_1_685' title='bbox 2658 2650 2782 2703; x_wconf 90' lang='lat' dir='ltr'><strong>mali</strong></span> <span class='ocrx_word' id='word_1_686' title='bbox 2809 2650 3006 2720; x_wconf 88' lang='lat' dir='ltr'><strong>lignum</strong></span> <span class='ocrx_word' id='word_1_687' title='bbox 3033 2653 3237 2716; x_wconf 91' lang='lat' dir='ltr'><strong>crucis;</strong></span> <span class='ocrx_word' id='word_1_688' title='bbox 3262 2653 3380 2706; x_wconf 93' lang='lat' dir='ltr'><strong>loco</strong></span> <span class='ocrx_word' id='word_1_689' title='bbox 3410 2656 3601 2708; x_wconf 89' lang='lat' dir='ltr'><strong>mortis</strong></span> 
     </span>
    </p>
   </div>
   <div class='ocr_carea' id='block_1_87' title="bbox 2010 2736 3602 2816">
    <p class='ocr_par' dir='ltr' id='par_1_87' title="bbox 2010 2736 3602 2816">
     <span class='ocr_line' id='line_1_87' title="bbox 2010 2736 3602 2816; baseline 0.008 -27"><span class='ocrx_word' id='word_1_690' title='bbox 2010 2736 2201 2791; x_wconf 85' lang='lat' dir='ltr'><strong>Adami</strong></span> <span class='ocrx_word' id='word_1_691' title='bbox 2247 2753 2390 2792; x_wconf 92' lang='lat' dir='ltr'><strong>mors</strong></span> <span class='ocrx_word' id='word_1_692' title='bbox 2428 2738 2646 2795; x_wconf 89' lang='lat' dir='ltr'><strong>Christi.</strong></span> <span class='ocrx_word' id='word_1_693' title='bbox 2676 2742 2835 2797; x_wconf 89' lang='lat' dir='ltr'><strong>Vides</strong></span> <span class='ocrx_word' id='word_1_694' title='bbox 2864 2759 2983 2798; x_wconf 92' lang='lat' dir='ltr'><strong>eum</strong></span> <span class='ocrx_word' id='word_1_695' title='bbox 3005 2785 3019 2808; x_wconf 95' lang='lat'><strong>,</strong></span> <span class='ocrx_word' id='word_1_696' title='bbox 3055 2759 3151 2813; x_wconf 90' lang='lat' dir='ltr'><strong>per</strong></span> <span class='ocrx_word' id='word_1_697' title='bbox 3177 2761 3295 2814; x_wconf 73' lang='lat' dir='ltr'><strong>qua:</strong></span> <span class='ocrx_word' id='word_1_698' title='bbox 3319 2746 3474 2807; x_wconf 90' lang='lat' dir='ltr'><strong>vicit,</strong></span> <span class='ocrx_word' id='word_1_699' title='bbox 3509 2763 3602 2816; x_wconf 90' lang='lat' dir='ltr'><strong>per</strong></span> 
     </span>
    </p>
   </div>
   <div class='ocr_carea' id='block_1_88' title="bbox 2010 2830 3602 2905">
    <p class='ocr_par' dir='ltr' id='par_1_88' title="bbox 2010 2830 3602 2905">
     <span class='ocr_line' id='line_1_88' title="bbox 2010 2830 3602 2905; baseline 0.007 -23"><span class='ocrx_word' id='word_1_700' title='bbox 2010 2830 2194 2884; x_wconf 89' lang='lat' dir='ltr'><strong>eadem</strong></span> <span class='ocrx_word' id='word_1_701' title='bbox 2224 2841 2278 2885; x_wconf 91' lang='lat' dir='ltr'><strong>et</strong></span> <span class='ocrx_word' id='word_1_702' title='bbox 2303 2832 2498 2886; x_wconf 90' lang='lat' dir='ltr'><strong>victum</strong></span> <span class='ocrx_word' id='word_1_703' title='bbox 2527 2848 2647 2889; x_wconf 91' lang='lat' dir='ltr'><strong>esse</strong></span> <span class='ocrx_word' id='word_1_704' title='bbox 2669 2834 2692 2886; x_wconf 91' lang='lat'><strong>?</strong></span> <span class='ocrx_word' id='word_1_705' title='bbox 2718 2832 2870 2889; x_wconf 87' lang='lat' dir='ltr'><strong>Circa</strong></span> <span class='ocrx_word' id='word_1_706' title='bbox 2902 2837 3146 2891; x_wconf 87' lang='lat' dir='ltr'><strong>arborem</strong></span> <span class='ocrx_word' id='word_1_707' title='bbox 3180 2840 3462 2905; x_wconf 89' lang='lat' dir='ltr'><strong>prostravit</strong></span> <span class='ocrx_word' id='word_1_708' title='bbox 3490 2838 3602 2893; x_wconf 86' lang='lat' dir='ltr'><strong>dia-</strong></span> 
     </span>
    </p>
   </div>
   <div class='ocr_carea' id='block_1_89' title="bbox 2011 2921 3602 2989">
    <p class='ocr_par' dir='ltr' id='par_1_89' title="bbox 2011 2921 3602 2989">
     <span class='ocr_line' id='line_1_89' title="bbox 2011 2921 3602 2989; baseline 0.008 -17"><span class='ocrx_word' id='word_1_709' title='bbox 2011 2921 2167 2974; x_wconf 89' lang='lat' dir='ltr'><strong>bolus</strong></span> <span class='ocrx_word' id='word_1_710' title='bbox 2212 2922 2511 2989; x_wconf 84' lang='lat' dir='ltr'><strong>Adamum,</strong></span> <span class='ocrx_word' id='word_1_711' title='bbox 2556 2925 2694 2978; x_wconf 91' lang='lat' dir='ltr'><strong>circa</strong></span> <span class='ocrx_word' id='word_1_712' title='bbox 2738 2926 2983 2981; x_wconf 86' lang='lat' dir='ltr'><strong>arborem</strong></span> <span class='ocrx_word' id='word_1_713' title='bbox 3032 2927 3317 2982; x_wconf 86' lang='lat' dir='ltr'><strong>debellavit</strong></span> <span class='ocrx_word' id='word_1_714' title='bbox 3362 2929 3602 2985; x_wconf 85' lang='lat' dir='ltr'><strong>Christus</strong></span> 
     </span>
    </p>
   </div>
   <div class='ocr_carea' id='block_1_90' title="bbox 2011 3013 3598 3089">
    <p class='ocr_par' dir='ltr' id='par_1_90' title="bbox 2011 3013 3598 3089">
     <span class='ocr_line' id='line_1_90' title="bbox 2011 3013 3598 3089; baseline 0.006 -22"><span class='ocrx_word' id='word_1_715' title='bbox 2011 3013 2300 3069; x_wconf 89' lang='lat' dir='ltr'><strong>diabolum.</strong></span> <span class='ocrx_word' id='word_1_716' title='bbox 2330 3017 2393 3069; x_wconf 85' lang='lat' dir='ltr'><strong>Et</strong></span> <span class='ocrx_word' id='word_1_717' title='bbox 2423 3017 2551 3071; x_wconf 93' lang='lat' dir='ltr'><strong>illud</strong></span> <span class='ocrx_word' id='word_1_718' title='bbox 2579 3018 2792 3087; x_wconf 91' lang='lat' dir='ltr'><strong>quidem</strong></span> <span class='ocrx_word' id='word_1_719' title='bbox 2824 3020 3021 3089; x_wconf 91' lang='lat' dir='ltr'><strong>lignum</strong></span> <span class='ocrx_word' id='word_1_720' title='bbox 3068 3022 3313 3076; x_wconf 89' lang='lat' dir='ltr'><strong>mittebat</strong></span> <span class='ocrx_word' id='word_1_721' title='bbox 3349 3024 3415 3077; x_wconf 90' lang='lat' dir='ltr'><strong>ad</strong></span> <span class='ocrx_word' id='word_1_722' title='bbox 3460 3023 3598 3078; x_wconf 92' lang='lat' dir='ltr'><strong>infe-</strong></span> 
     </span>
    </p>
   </div>
   <div class='ocr_carea' id='block_1_91' title="bbox 2012 3107 3601 3182">
    <p class='ocr_par' dir='ltr' id='par_1_91' title="bbox 2012 3107 3601 3182">
     <span class='ocr_line' id='line_1_91' title="bbox 2012 3107 3601 3182; baseline 0.008 -24"><span class='ocrx_word' id='word_1_723' title='bbox 2012 3118 2100 3159; x_wconf 89' lang='lat' dir='ltr'><strong>ros</strong></span> <span class='ocrx_word' id='word_1_724' title='bbox 2128 3122 2141 3157; x_wconf 89' lang='lat'><strong>:</strong></span> <span class='ocrx_word' id='word_1_725' title='bbox 2171 3115 2227 3159; x_wconf 88' lang='lat' dir='ltr'><strong>at</strong></span> <span class='ocrx_word' id='word_1_726' title='bbox 2258 3107 2359 3161; x_wconf 93' lang='lat' dir='ltr'><strong>hoc</strong></span> <span class='ocrx_word' id='word_1_727' title='bbox 2387 3109 2545 3161; x_wconf 89' lang='lat' dir='ltr'><strong>etiam</strong></span> <span class='ocrx_word' id='word_1_728' title='bbox 2579 3109 2719 3172; x_wconf 89' lang='lat' dir='ltr'><strong>illos,</strong></span> <span class='ocrx_word' id='word_1_729' title='bbox 2745 3111 2832 3179; x_wconf 94' lang='lat' dir='ltr'><strong>qui</strong></span> <span class='ocrx_word' id='word_1_730' title='bbox 2858 3111 2967 3180; x_wconf 87' lang='lat' dir='ltr'><strong>jam</strong></span> <span class='ocrx_word' id='word_1_731' title='bbox 2991 3127 3055 3166; x_wconf 93' lang='lat' dir='ltr'><strong>eo</strong></span> <span class='ocrx_word' id='word_1_732' title='bbox 3076 3112 3479 3182; x_wconf 89' lang='lat' dir='ltr'><strong>descenderant,</strong></span> <span class='ocrx_word' id='word_1_733' title='bbox 3514 3132 3601 3170; x_wconf 88' lang='lat' dir='ltr'><strong>re-</strong></span> 
     </span>
    </p>
   </div>
   <div class='ocr_carea' id='block_1_92' title="bbox 2011 3198 3600 3277">
    <p class='ocr_par' dir='ltr' id='par_1_92' title="bbox 2011 3198 3600 3277">
     <span class='ocr_line' id='line_1_92' title="bbox 2011 3198 3600 3277; baseline 0.006 -27"><span class='ocrx_word' id='word_1_734' title='bbox 2011 3198 2254 3252; x_wconf 90' lang='lat' dir='ltr'><strong>vocabat.</strong></span> <span class='ocrx_word' id='word_1_735' title='bbox 2311 3200 2505 3255; x_wconf 81' lang='lat' dir='ltr'><strong>lterum</strong></span> <span class='ocrx_word' id='word_1_736' title='bbox 2570 3202 2832 3269; x_wconf 87' lang='lat' dir='ltr'><strong>lignorum</strong></span> <span class='ocrx_word' id='word_1_737' title='bbox 2885 3203 3112 3258; x_wconf 90' lang='lat' dir='ltr'><strong>alterum</strong></span> <span class='ocrx_word' id='word_1_738' title='bbox 3170 3205 3439 3260; x_wconf 92' lang='lat' dir='ltr'><strong>hominem</strong></span> <span class='ocrx_word' id='word_1_739' title='bbox 3491 3208 3600 3277; x_wconf 90' lang='lat' dir='ltr'><strong>jam</strong></span> 
     </span>
    </p>
   </div>
   <div class='ocr_carea' id='block_1_93' title="bbox 2011 3294 3601 3363">
    <p class='ocr_par' dir='ltr' id='par_1_93' title="bbox 2011 3294 3601 3363">
     <span class='ocr_line' id='line_1_93' title="bbox 2011 3294 3601 3363; baseline 0.002 -16"><span class='ocrx_word' id='word_1_740' title='bbox 2011 3301 2224 3362; x_wconf 88' lang='lat' dir='ltr'><strong>captum</strong></span> <span class='ocrx_word' id='word_1_741' title='bbox 2266 3294 2572 3363; x_wconf 91' lang='lat' dir='ltr'><strong>nudumque</strong></span> <span class='ocrx_word' id='word_1_742' title='bbox 2621 3295 2949 3350; x_wconf 85' lang='lat' dir='ltr'><strong>occultavit:</strong></span> <span class='ocrx_word' id='word_1_743' title='bbox 2979 3306 3033 3350; x_wconf 90' lang='lat' dir='ltr'><strong>at</strong></span> <span class='ocrx_word' id='word_1_744' title='bbox 3072 3296 3173 3350; x_wconf 93' lang='lat' dir='ltr'><strong>hoc</strong></span> <span class='ocrx_word' id='word_1_745' title='bbox 3214 3298 3468 3352; x_wconf 87' lang='lat' dir='ltr'><strong>victorem</strong></span> <span class='ocrx_word' id='word_1_746' title='bbox 3502 3314 3601 3351; x_wconf 84' lang='lat' dir='ltr'><strong>nu-</strong></span> 
     </span>
    </p>
   </div>
   <div class='ocr_carea' id='block_1_94' title="bbox 2012 3384 3603 3459">
    <p class='ocr_par' dir='ltr' id='par_1_94' title="bbox 2012 3384 3603 3459">
     <span class='ocr_line' id='line_1_94' title="bbox 2012 3384 3603 3459; baseline 0.002 -21"><span class='ocrx_word' id='word_1_747' title='bbox 2012 3386 2139 3438; x_wconf 90' lang='lat' dir='ltr'><strong>dum</strong></span> <span class='ocrx_word' id='word_1_748' title='bbox 2185 3384 2237 3438; x_wconf 90' lang='lat' dir='ltr'><strong>in</strong></span> <span class='ocrx_word' id='word_1_749' title='bbox 2277 3385 2385 3439; x_wconf 89' lang='lat' dir='ltr'><strong>allo</strong></span> <span class='ocrx_word' id='word_1_750' title='bbox 2419 3386 2665 3441; x_wconf 90' lang='lat' dir='ltr'><strong>omnibus</strong></span> <span class='ocrx_word' id='word_1_751' title='bbox 2709 3387 2962 3441; x_wconf 88' lang='lat' dir='ltr'><strong>ostendit.</strong></span> <span class='ocrx_word' id='word_1_752' title='bbox 2994 3386 3062 3441; x_wconf 89' lang='lat' dir='ltr'><strong>Et</strong></span> <span class='ocrx_word' id='word_1_753' title='bbox 3102 3388 3187 3441; x_wconf 85' lang='lat' dir='ltr'><strong>illa</strong></span> <span class='ocrx_word' id='word_1_754' title='bbox 3216 3388 3425 3459; x_wconf 88' lang='lat' dir='ltr'><strong>quidem</strong></span> <span class='ocrx_word' id='word_1_755' title='bbox 3458 3404 3603 3443; x_wconf 86' lang='lat' dir='ltr'><strong>mors</strong></span> 
     </span>
    </p>
   </div>
   <div class='ocr_carea' id='block_1_95' title="bbox 2013 3479 3602 3548">
    <p class='ocr_par' dir='ltr' id='par_1_95' title="bbox 2013 3479 3602 3548">
     <span class='ocr_line' id='line_1_95' title="bbox 2013 3479 3602 3548; baseline 0.003 -17"><span class='ocrx_word' id='word_1_756' title='bbox 2013 3494 2139 3545; x_wconf 91' lang='lat' dir='ltr'><strong>cos,</strong></span> <span class='ocrx_word' id='word_1_757' title='bbox 2173 3479 2260 3548; x_wconf 93' lang='lat' dir='ltr'><strong>qui</strong></span> <span class='ocrx_word' id='word_1_758' title='bbox 2295 3487 2415 3546; x_wconf 91' lang='lat' dir='ltr'><strong>post</strong></span> <span class='ocrx_word' id='word_1_759' title='bbox 2445 3479 2612 3547; x_wconf 91' lang='lat' dir='ltr'><strong>ipsam</strong></span> <span class='ocrx_word' id='word_1_760' title='bbox 2646 3479 2753 3532; x_wconf 89' lang='lat' dir='ltr'><strong>nati</strong></span> <span class='ocrx_word' id='word_1_761' title='bbox 2786 3488 2944 3546; x_wconf 90' lang='lat' dir='ltr'><strong>sunt,</strong></span> <span class='ocrx_word' id='word_1_762' title='bbox 2986 3479 3390 3539; x_wconf 89' lang='lat' dir='ltr'><strong>condemnavit:</strong></span> <span class='ocrx_word' id='word_1_763' title='bbox 3421 3490 3473 3533; x_wconf 90' lang='lat' dir='ltr'><strong>at</strong></span> <span class='ocrx_word' id='word_1_764' title='bbox 3505 3483 3602 3535; x_wconf 89' lang='lat' dir='ltr'><strong>ista</strong></span> 
     </span>
    </p>
   </div>
   <div class='ocr_carea' id='block_1_96' title="bbox 2014 3569 3601 3640">
    <p class='ocr_par' dir='ltr' id='par_1_96' title="bbox 2014 3569 3601 3640">
     <span class='ocr_line' id='line_1_96' title="bbox 2014 3569 3601 3640; baseline 0.001 -16"><span class='ocrx_word' id='word_1_765' title='bbox 2014 3585 2159 3624; x_wconf 90' lang='lat' dir='ltr'><strong>mors</strong></span> <span class='ocrx_word' id='word_1_766' title='bbox 2179 3571 2337 3624; x_wconf 90' lang='lat' dir='ltr'><strong>etiam</strong></span> <span class='ocrx_word' id='word_1_767' title='bbox 2365 3570 2482 3623; x_wconf 84' lang='lat' dir='ltr'><strong>illos</strong></span> <span class='ocrx_word' id='word_1_768' title='bbox 2507 3571 2595 3639; x_wconf 91' lang='lat' dir='ltr'><strong>qui</strong></span> <span class='ocrx_word' id='word_1_769' title='bbox 2626 3570 2734 3624; x_wconf 91' lang='lat' dir='ltr'><strong>nati</strong></span> <span class='ocrx_word' id='word_1_770' title='bbox 2762 3569 2971 3626; x_wconf 89' lang='lat' dir='ltr'><strong>fuerant</strong></span> <span class='ocrx_word' id='word_1_771' title='bbox 2997 3580 3120 3626; x_wconf 90' lang='lat' dir='ltr'><strong>ante</strong></span> <span class='ocrx_word' id='word_1_772' title='bbox 3147 3573 3335 3640; x_wconf 88' lang='lat' dir='ltr'><strong>ipsam,</strong></span> <span class='ocrx_word' id='word_1_773' title='bbox 3370 3574 3601 3628; x_wconf 82' lang='lat' dir='ltr'><strong>resusci-</strong></span> 
     </span>
    </p>
   </div>
   <div class='ocr_carea' id='block_1_97' title="bbox 2013 3662 3598 3737">
    <p class='ocr_par' dir='ltr' id='par_1_97' title="bbox 2013 3662 3598 3737">
     <span class='ocr_line' id='line_1_97' title="bbox 2013 3662 3598 3737; baseline 0.003 -21"><span class='ocrx_word' id='word_1_774' title='bbox 2013 3664 2161 3716; x_wconf 87' lang='lat' dir='ltr'><strong>tavit.</strong></span> <span class='ocrx_word' id='word_1_775' title='bbox 2190 3662 2316 3726; x_wconf 82' lang='lat' dir='ltr'><strong>Quis</strong></span> <span class='ocrx_word' id='word_1_776' title='bbox 2346 3664 2574 3732; x_wconf 85' lang='lat' dir='ltr'><strong>loquetur</strong></span> <span class='ocrx_word' id='word_1_777' title='bbox 2602 3664 2848 3734; x_wconf 86' lang='lat' dir='ltr'><strong>potentias</strong></span> <span class='ocrx_word' id='word_1_778' title='bbox 2870 3662 3081 3717; x_wconf 79' lang='lat' dir='ltr'><strong>Domini</strong></span> <span class='ocrx_word' id='word_1_779' title='bbox 3114 3662 3281 3735; x_wconf 80' lang='lat' dir='ltr'><strong>(Psal.</strong></span> <span class='ocrx_word' id='word_1_780' title='bbox 3310 3665 3429 3719; x_wconf 77' lang='grc'><strong>105.</strong></span> <span class='ocrx_word' id='word_1_781' title='bbox 3453 3662 3536 3737; x_wconf 73' lang='grc' dir='ltr'><strong>2)ἱο“</strong></span> <span class='ocrx_word' id='word_1_782' title='bbox 3556 3667 3598 3720; x_wconf 80' lang='grc' dir='ltr'><strong>Α</strong></span> 
     </span>
    </p>
   </div>
   <div class='ocr_carea' id='block_1_98' title="bbox 2013 3754 3595 3827">
    <p class='ocr_par' dir='ltr' id='par_1_98' title="bbox 2013 3754 3595 3827">
     <span class='ocr_line' id='line_1_98' title="bbox 2013 3754 3595 3827; baseline 0.003 -20"><span class='ocrx_word' id='word_1_783' title='bbox 2013 3765 2184 3808; x_wconf 88' lang='lat' dir='ltr'><strong>morte</strong></span> <span class='ocrx_word' id='word_1_784' title='bbox 2217 3754 2542 3809; x_wconf 85' lang='lat' dir='ltr'><strong>immortales</strong></span> <span class='ocrx_word' id='word_1_785' title='bbox 2572 3754 2695 3810; x_wconf 89' lang='lat' dir='ltr'><strong>facti</strong></span> <span class='ocrx_word' id='word_1_786' title='bbox 2721 3771 2906 3811; x_wconf 90' lang='lat' dir='ltr'><strong>sumus</strong></span> <span class='ocrx_word' id='word_1_787' title='bbox 2932 3775 2943 3809; x_wconf 94' lang='lat'><strong>:</strong></span> <span class='ocrx_word' id='word_1_788' title='bbox 2979 3756 3091 3809; x_wconf 71' lang='lat' dir='ltr'><strong>lltBC</strong></span> <span class='ocrx_word' id='word_1_789' title='bbox 3117 3764 3242 3809; x_wconf 93' lang='lat' dir='ltr'><strong>sunt</strong></span> <span class='ocrx_word' id='word_1_790' title='bbox 3266 3757 3437 3810; x_wconf 90' lang='lat' dir='ltr'><strong>crucis</strong></span> <span class='ocrx_word' id='word_1_791' title='bbox 3463 3773 3595 3827; x_wconf 83' lang='lat' dir='ltr'><strong>prae-</strong></span> 
     </span>
    </p>
   </div>
   <div class='ocr_carea' id='block_1_99' title="bbox 2013 3845 2444 3899">
    <p class='ocr_par' dir='ltr' id='par_1_99' title="bbox 2013 3845 2444 3899">
     <span class='ocr_line' id='line_1_99' title="bbox 2013 3845 2444 3899; baseline -0.005 0"><span class='ocrx_word' id='word_1_792' title='bbox 2013 3845 2158 3899; x_wconf 87' lang='lat' dir='ltr'><strong>clara</strong></span> <span class='ocrx_word' id='word_1_793' title='bbox 2191 3845 2444 3899; x_wconf 87' lang='lat' dir='ltr'><strong>facinora.</strong></span> 
     </span>
    </p>
   </div>
   <div class='ocr_carea' id='block_1_100' title="bbox 2085 3937 3603 3995">
    <p class='ocr_par' dir='ltr' id='par_1_100' title="bbox 2085 3937 3603 3995">
     <span class='ocr_line' id='line_1_100' title="bbox 2085 3937 3603 3995; baseline 0.002 -4"><span class='ocrx_word' id='word_1_794' title='bbox 2085 3937 2395 3993; x_wconf 78' lang='lat' dir='ltr'><strong>Intellexisti</strong></span> <span class='ocrx_word' id='word_1_795' title='bbox 2422 3937 2736 3993; x_wconf 85' lang='lat' dir='ltr'><strong>victoriam?</strong></span> <span class='ocrx_word' id='word_1_796' title='bbox 2765 3938 3070 3994; x_wconf 83' lang='lat' dir='ltr'><strong>intellexisti</strong></span> <span class='ocrx_word' id='word_1_797' title='bbox 3092 3940 3309 3994; x_wconf 89' lang='lat' dir='ltr'><strong>modum</strong></span> <span class='ocrx_word' id='word_1_798' title='bbox 3332 3941 3563 3995; x_wconf 70' lang='lat' dir='ltr'><strong>victoritc</strong></span> <span class='ocrx_word' id='word_1_799' title='bbox 3578 3944 3603 3994; x_wconf 66' lang='grc' dir='ltr'>τ</span> 
     </span>
    </p>
   </div>
   <div class='ocr_carea' id='block_1_101' title="bbox 2012 4028 3599 4098">
    <p class='ocr_par' dir='ltr' id='par_1_101' title="bbox 2012 4028 3599 4098">
     <span class='ocr_line' id='line_1_101' title="bbox 2012 4028 3599 4098; baseline 0.004 -16"><span class='ocrx_word' id='word_1_800' title='bbox 2012 4028 2159 4083; x_wconf 90' lang='lat' dir='ltr'><strong>disce</strong></span> <span class='ocrx_word' id='word_1_801' title='bbox 2184 4044 2345 4095; x_wconf 90' lang='lat' dir='ltr'><strong>nunc,</strong></span> <span class='ocrx_word' id='word_1_802' title='bbox 2376 4031 2646 4098; x_wconf 93' lang='lat' dir='ltr'><strong>quomodo</strong></span> <span class='ocrx_word' id='word_1_803' title='bbox 2675 4038 2729 4085; x_wconf 88' lang='lat' dir='ltr'><strong>et</strong></span> <span class='ocrx_word' id='word_1_804' title='bbox 2756 4032 2870 4085; x_wconf 91' lang='lat' dir='ltr'><strong>sine</strong></span> <span class='ocrx_word' id='word_1_805' title='bbox 2896 4030 3078 4085; x_wconf 91' lang='lat' dir='ltr'><strong>labore</strong></span> <span class='ocrx_word' id='word_1_806' title='bbox 3108 4041 3162 4086; x_wconf 90' lang='lat' dir='ltr'><strong>et</strong></span> <span class='ocrx_word' id='word_1_807' title='bbox 3192 4032 3387 4087; x_wconf 92' lang='lat' dir='ltr'><strong>sudore</strong></span> <span class='ocrx_word' id='word_1_808' title='bbox 3416 4044 3599 4088; x_wconf 91' lang='lat' dir='ltr'><strong>nostro</strong></span> 
     </span>
    </p>
   </div>
   <div class='ocr_carea' id='block_1_102' title="bbox 2011 4122 3601 4192">
    <p class='ocr_par' dir='ltr' id='par_1_102' title="bbox 2011 4122 3601 4192">
     <span class='ocr_line' id='line_1_102' title="bbox 2011 4122 3601 4192; baseline 0.001 -17"><span class='ocrx_word' id='word_1_809' title='bbox 2011 4123 2233 4176; x_wconf 86' lang='lat' dir='ltr'><strong>victoria</strong></span> <span class='ocrx_word' id='word_1_810' title='bbox 2253 4122 2368 4177; x_wconf 72' lang='lat' dir='ltr'><strong>lltBC</strong></span> <span class='ocrx_word' id='word_1_811' title='bbox 2389 4123 2545 4177; x_wconf 90' lang='lat' dir='ltr'><strong>fuerit</strong></span> <span class='ocrx_word' id='word_1_812' title='bbox 2570 4132 2738 4192; x_wconf 89' lang='lat' dir='ltr'><strong>parta.</strong></span> <span class='ocrx_word' id='word_1_813' title='bbox 2761 4122 2869 4177; x_wconf 87' lang='lat' dir='ltr'><strong>Nos</strong></span> <span class='ocrx_word' id='word_1_814' title='bbox 2890 4138 3035 4177; x_wconf 91' lang='lat' dir='ltr'><strong>arma</strong></span> <span class='ocrx_word' id='word_1_815' title='bbox 3060 4140 3162 4177; x_wconf 91' lang='lat' dir='ltr'><strong>non</strong></span> <span class='ocrx_word' id='word_1_816' title='bbox 3185 4126 3601 4192; x_wconf 60' lang='lat' dir='ltr'><strong>cruentavimus,</strong></span> 
     </span>
    </p>
   </div>
   <div class='ocr_carea' id='block_1_103' title="bbox 2013 4213 3603 4286">
    <p class='ocr_par' dir='ltr' id='par_1_103' title="bbox 2013 4213 3603 4286">
     <span class='ocr_line' id='line_1_103' title="bbox 2013 4213 3603 4286; baseline 0.003 -18"><span class='ocrx_word' id='word_1_817' title='bbox 2013 4230 2118 4268; x_wconf 86' lang='lat' dir='ltr'><strong>nun</strong></span> <span class='ocrx_word' id='word_1_818' title='bbox 2162 4216 2403 4268; x_wconf 85' lang='lat' dir='ltr'><strong>stetimus</strong></span> <span class='ocrx_word' id='word_1_819' title='bbox 2432 4215 2484 4268; x_wconf 92' lang='lat' dir='ltr'><strong>in</strong></span> <span class='ocrx_word' id='word_1_820' title='bbox 2515 4213 2663 4280; x_wconf 92' lang='lat' dir='ltr'><strong>acie,</strong></span> <span class='ocrx_word' id='word_1_821' title='bbox 2694 4228 2797 4267; x_wconf 93' lang='lat' dir='ltr'><strong>non</strong></span> <span class='ocrx_word' id='word_1_822' title='bbox 2824 4217 3125 4282; x_wconf 90' lang='lat' dir='ltr'><strong>accepimus</strong></span> <span class='ocrx_word' id='word_1_823' title='bbox 3151 4217 3365 4270; x_wconf 87' lang='lat' dir='ltr'><strong>vulnera</strong></span> <span class='ocrx_word' id='word_1_824' title='bbox 3387 4258 3400 4279; x_wconf 95' lang='lat'><strong>,</strong></span> <span class='ocrx_word' id='word_1_825' title='bbox 3431 4232 3603 4286; x_wconf 89' lang='lat' dir='ltr'><strong>neque</strong></span> 
     </span>
    </p>
   </div>
   <div class='ocr_carea' id='block_1_104' title="bbox 2011 4306 3601 4370">
    <p class='ocr_par' dir='ltr' id='par_1_104' title="bbox 2011 4306 3601 4370">
     <span class='ocr_line' id='line_1_104' title="bbox 2011 4306 3601 4370; baseline 0.001 -11"><span class='ocrx_word' id='word_1_826' title='bbox 2011 4308 2242 4362; x_wconf 91' lang='lat' dir='ltr'><strong>vidimus</strong></span> <span class='ocrx_word' id='word_1_827' title='bbox 2269 4306 2487 4370; x_wconf 91' lang='lat' dir='ltr'><strong>bellum,</strong></span> <span class='ocrx_word' id='word_1_828' title='bbox 2512 4317 2565 4360; x_wconf 89' lang='lat' dir='ltr'><strong>et</strong></span> <span class='ocrx_word' id='word_1_829' title='bbox 2589 4314 2763 4359; x_wconf 88' lang='lat' dir='ltr'><strong>tamen</strong></span> <span class='ocrx_word' id='word_1_830' title='bbox 2791 4306 3066 4360; x_wconf 87' lang='lat' dir='ltr'><strong>victoriam</strong></span> <span class='ocrx_word' id='word_1_831' title='bbox 3095 4307 3422 4360; x_wconf 88' lang='lat' dir='ltr'><strong>obtinuimus</strong></span> <span class='ocrx_word' id='word_1_832' title='bbox 3446 4326 3459 4360; x_wconf 93' lang='lat'><strong>:</strong></span> <span class='ocrx_word' id='word_1_833' title='bbox 3484 4322 3601 4361; x_wconf 90' lang='lat' dir='ltr'><strong>cer-</strong></span> 
     </span>
    </p>
   </div>
   <div class='ocr_carea' id='block_1_105' title="bbox 2012 4396 3599 4467">
    <p class='ocr_par' dir='ltr' id='par_1_105' title="bbox 2012 4396 3599 4467">
     <span class='ocr_line' id='line_1_105' title="bbox 2012 4396 3599 4467; baseline -0.001 -13"><span class='ocrx_word' id='word_1_834' title='bbox 2012 4408 2190 4454; x_wconf 90' lang='lat' dir='ltr'><strong>tamen</strong></span> <span class='ocrx_word' id='word_1_835' title='bbox 2212 4397 2423 4451; x_wconf 90' lang='lat' dir='ltr'><strong>Domini</strong></span> <span class='ocrx_word' id='word_1_836' title='bbox 2444 4398 2563 4461; x_wconf 90' lang='lat' dir='ltr'><strong>l&#39;uit,</strong></span> <span class='ocrx_word' id='word_1_837' title='bbox 2587 4412 2783 4451; x_wconf 89' lang='lat' dir='ltr'><strong>corona</strong></span> <span class='ocrx_word' id='word_1_838' title='bbox 2809 4409 3009 4452; x_wconf 88' lang='lat' dir='ltr'><strong>nostra.</strong></span> <span class='ocrx_word' id='word_1_839' title='bbox 3036 4396 3168 4451; x_wconf 91' lang='lat' dir='ltr'><strong>Cum</strong></span> <span class='ocrx_word' id='word_1_840' title='bbox 3192 4414 3319 4467; x_wconf 84' lang='lat' dir='ltr'><strong>ergo</strong></span> <span class='ocrx_word' id='word_1_841' title='bbox 3343 4408 3396 4452; x_wconf 93' lang='lat' dir='ltr'><strong>et</strong></span> <span class='ocrx_word' id='word_1_842' title='bbox 3419 4407 3599 4453; x_wconf 92' lang='lat' dir='ltr'><strong>nostra</strong></span> 
     </span>
    </p>
   </div>
   <div class='ocr_carea' id='block_1_106' title="bbox 2013 4489 3602 4558">
    <p class='ocr_par' dir='ltr' id='par_1_106' title="bbox 2013 4489 3602 4558">
     <span class='ocr_line' id='line_1_106' title="bbox 2013 4489 3602 4558; baseline -0.001 -13"><span class='ocrx_word' id='word_1_843' title='bbox 2013 4494 2082 4545; x_wconf 91' lang='lat' dir='ltr'><strong>sit</strong></span> <span class='ocrx_word' id='word_1_844' title='bbox 2112 4491 2355 4554; x_wconf 89' lang='lat' dir='ltr'><strong>victoria,</strong></span> <span class='ocrx_word' id='word_1_845' title='bbox 2386 4489 2580 4543; x_wconf 89' lang='lat' dir='ltr'><strong>milites</strong></span> <span class='ocrx_word' id='word_1_846' title='bbox 2607 4490 2896 4555; x_wconf 90' lang='lat' dir='ltr'><strong>imitenmr,</strong></span> <span class='ocrx_word' id='word_1_847' title='bbox 2925 4489 3166 4558; x_wconf 75' lang='lat' dir='ltr'><strong>lzetisque</strong></span> <span class='ocrx_word' id='word_1_848' title='bbox 3192 4490 3407 4543; x_wconf 90' lang='lat' dir='ltr'><strong>vocibus</strong></span> <span class='ocrx_word' id='word_1_849' title='bbox 3436 4491 3602 4543; x_wconf 85' lang='lat' dir='ltr'><strong>victo-</strong></span> 
     </span>
    </p>
   </div>
   <div class='ocr_carea' id='block_1_107' title="bbox 2013 4580 3601 4637">
    <p class='ocr_par' dir='ltr' id='par_1_107' title="bbox 2013 4580 3601 4637">
     <span class='ocr_line' id='line_1_107' title="bbox 2013 4580 3601 4637; baseline -0.001 -1"><span class='ocrx_word' id='word_1_850' title='bbox 2013 4582 2106 4637; x_wconf 72' lang='lat' dir='ltr'><strong>ria:</strong></span> <span class='ocrx_word' id='word_1_851' title='bbox 2151 4582 2333 4635; x_wconf 91' lang='lat' dir='ltr'><strong>laudes</strong></span> <span class='ocrx_word' id='word_1_852' title='bbox 2380 4590 2432 4633; x_wconf 91' lang='lat' dir='ltr'><strong>et</strong></span> <span class='ocrx_word' id='word_1_853' title='bbox 2461 4582 2697 4633; x_wconf 79' lang='lat' dir='ltr'><strong>carmina</strong></span> <span class='ocrx_word' id='word_1_854' title='bbox 2744 4580 2899 4634; x_wconf 87' lang='lat' dir='ltr'><strong>hodie</strong></span> <span class='ocrx_word' id='word_1_855' title='bbox 2939 4580 3282 4634; x_wconf 85' lang='lat' dir='ltr'><strong>decantemus</strong></span> <span class='ocrx_word' id='word_1_856' title='bbox 3316 4599 3328 4633; x_wconf 93' lang='lat'>:</span> <span class='ocrx_word' id='word_1_857' title='bbox 3361 4581 3601 4635; x_wconf 86' lang='lat' dir='ltr'><strong>dicamus</strong></span> 
     </span>
    </p>
   </div>
   <div class='ocr_carea' id='block_1_108' title="bbox 2016 4672 3596 4741">
    <p class='ocr_par' dir='ltr' id='par_1_108' title="bbox 2016 4672 3596 4741">
     <span class='ocr_line' id='line_1_108' title="bbox 2016 4672 3596 4741; baseline 0.001 -14"><span class='ocrx_word' id='word_1_858' title='bbox 2016 4674 2295 4727; x_wconf 89' lang='lat' dir='ltr'><strong>Dominum</strong></span> <span class='ocrx_word' id='word_1_859' title='bbox 2336 4673 2656 4726; x_wconf 83' lang='lat' dir='ltr'><strong>laudantes:</strong></span> <span class='ocrx_word' id='word_1_860' title='bbox 2690 4672 2941 4741; x_wconf 85' lang='lat' dir='ltr'><strong>Absorpta</strong></span> <span class='ocrx_word' id='word_1_861' title='bbox 2984 4685 3055 4726; x_wconf 85' lang='lat' dir='ltr'><strong>est</strong></span> <span class='ocrx_word' id='word_1_862' title='bbox 3098 4690 3231 4727; x_wconf 84' lang='lat' dir='ltr'><strong>mors</strong></span> <span class='ocrx_word' id='word_1_863' title='bbox 3273 4674 3326 4726; x_wconf 87' lang='lat' dir='ltr'><strong>in</strong></span> <span class='ocrx_word' id='word_1_864' title='bbox 3370 4674 3596 4728; x_wconf 84' lang='lat' dir='ltr'><strong>victaria.</strong></span> 
     </span>
    </p>
   </div>
   <div class='ocr_carea' id='block_1_109' title="bbox 2017 4764 3602 4838">
    <p class='ocr_par' dir='ltr' id='par_1_109' title="bbox 2017 4764 3602 4838">
     <span class='ocr_line' id='line_1_109' title="bbox 2017 4764 3602 4838; baseline 0 -18"><span class='ocrx_word' id='word_1_865' title='bbox 2017 4765 2113 4820; x_wconf 85' lang='lat' dir='ltr'><strong>Ubi</strong></span> <span class='ocrx_word' id='word_1_866' title='bbox 2151 4776 2221 4819; x_wconf 85' lang='lat' dir='ltr'><strong>est</strong></span> <span class='ocrx_word' id='word_1_867' title='bbox 2242 4805 2257 4827; x_wconf 94' lang='lat'><strong>,</strong></span> <span class='ocrx_word' id='word_1_868' title='bbox 2285 4781 2438 4830; x_wconf 88' lang='lat' dir='ltr'><strong>mors,</strong></span> <span class='ocrx_word' id='word_1_869' title='bbox 2481 4764 2690 4817; x_wconf 82' lang='lat' dir='ltr'><strong>victoria</strong></span> <span class='ocrx_word' id='word_1_870' title='bbox 2716 4766 2829 4817; x_wconf 88' lang='lat' dir='ltr'><strong>tua?</strong></span> <span class='ocrx_word' id='word_1_871' title='bbox 2858 4765 2939 4816; x_wconf 89' lang='lat' dir='ltr'><strong>ubi</strong></span> <span class='ocrx_word' id='word_1_872' title='bbox 2967 4765 3198 4817; x_wconf 83' lang='lat' dir='ltr'><strong>stimulus</strong></span> <span class='ocrx_word' id='word_1_873' title='bbox 3224 4774 3340 4817; x_wconf 88' lang='lat' dir='ltr'><strong>tuus</strong></span> <span class='ocrx_word' id='word_1_874' title='bbox 3360 4807 3373 4828; x_wconf 92' lang='lat'><strong>,</strong></span> <span class='ocrx_word' id='word_1_875' title='bbox 3406 4767 3602 4838; x_wconf 78' lang='lat' dir='ltr'><strong>inferne</strong></span> 
     </span>
    </p>
   </div>
   <div class='ocr_carea' id='block_1_110' title="bbox 2015 4853 3600 4928">
    <p class='ocr_par' dir='ltr' id='par_1_110' title="bbox 2015 4853 3600 4928">
     <span class='ocr_line' id='line_1_110' title="bbox 2015 4853 3600 4928; baseline 0.002 -21"><span class='ocrx_word' id='word_1_876' title='bbox 2015 4856 2185 4928; x_wconf 83' lang='lat' dir='ltr'><strong>(Osee</strong></span> <span class='ocrx_word' id='word_1_877' title='bbox 2224 4856 2315 4913; x_wconf 87' lang='grc'><strong>15.</strong></span> <span class='ocrx_word' id='word_1_878' title='bbox 2346 4857 2443 4916; x_wconf 61' lang='lat' dir='ltr'><strong>li;</strong></span> <span class='ocrx_word' id='word_1_879' title='bbox 2481 4856 2531 4907; x_wconf 91' lang='grc'><strong>1.</strong></span> <span class='ocrx_word' id='word_1_880' title='bbox 2563 4853 2680 4909; x_wconf 86' lang='lat' dir='ltr'><strong>Cor.</strong></span> <span class='ocrx_word' id='word_1_881' title='bbox 2708 4856 2792 4908; x_wconf 85' lang='grc'><strong>15.</strong></span> <span class='ocrx_word' id='word_1_882' title='bbox 2820 4856 2907 4909; x_wconf 72' lang='grc'><strong>54.</strong></span> <span class='ocrx_word' id='word_1_883' title='bbox 2932 4855 3071 4924; x_wconf 78' lang='lat'><strong>55)?</strong></span> <span class='ocrx_word' id='word_1_884' title='bbox 3100 4854 3222 4909; x_wconf 69' lang='grc' dir='ltr'><strong>ΙΙωο</strong></span> <span class='ocrx_word' id='word_1_885' title='bbox 3255 4858 3431 4910; x_wconf 91' lang='lat' dir='ltr'><strong>omnia</strong></span> <span class='ocrx_word' id='word_1_886' title='bbox 3463 4872 3600 4926; x_wconf 74' lang='lat' dir='ltr'><strong>prae-</strong></span> 
     </span>
    </p>
   </div>
   <div class='ocr_carea' id='block_1_111' title="bbox 2014 4947 3598 5015">
    <p class='ocr_par' dir='ltr' id='par_1_111' title="bbox 2014 4947 3598 5015">
     <span class='ocr_line' id='line_1_111' title="bbox 2014 4947 3598 5015; baseline -0.001 -12"><span class='ocrx_word' id='word_1_887' title='bbox 2014 4950 2156 5003; x_wconf 90' lang='lat' dir='ltr'><strong>clare</strong></span> <span class='ocrx_word' id='word_1_888' title='bbox 2189 4949 2319 5002; x_wconf 89' lang='lat' dir='ltr'><strong>facta</strong></span> <span class='ocrx_word' id='word_1_889' title='bbox 2351 4963 2478 5000; x_wconf 79' lang='lat' dir='ltr'><strong>crux</strong></span> <span class='ocrx_word' id='word_1_890' title='bbox 2513 4947 2665 4999; x_wconf 93' lang='lat' dir='ltr'><strong>nobis</strong></span> <span class='ocrx_word' id='word_1_891' title='bbox 2692 4947 2897 5014; x_wconf 90' lang='lat' dir='ltr'><strong>peperit</strong></span> <span class='ocrx_word' id='word_1_892' title='bbox 2930 4964 2942 4999; x_wconf 91' lang='lat'><strong>:</strong></span> <span class='ocrx_word' id='word_1_893' title='bbox 2975 4962 3101 4999; x_wconf 82' lang='lat' dir='ltr'><strong>crux</strong></span> <span class='ocrx_word' id='word_1_894' title='bbox 3132 4954 3388 5015; x_wconf 85' lang='lat' dir='ltr'><strong>tr0p:eum</strong></span> <span class='ocrx_word' id='word_1_895' title='bbox 3415 4958 3598 5002; x_wconf 79' lang='lat' dir='ltr'><strong>contra</strong></span> 
     </span>
    </p>
   </div>
   <div class='ocr_carea' id='block_1_112' title="bbox 2013 5038 3600 5107">
    <p class='ocr_par' dir='ltr' id='par_1_112' title="bbox 2013 5038 3600 5107">
     <span class='ocr_line' id='line_1_112' title="bbox 2013 5038 3600 5107; baseline -0.003 -12"><span class='ocrx_word' id='word_1_896' title='bbox 2013 5041 2287 5095; x_wconf 79' lang='lat' dir='ltr'><strong>daemones</strong></span> <span class='ocrx_word' id='word_1_897' title='bbox 2316 5047 2573 5099; x_wconf 87' lang='lat' dir='ltr'><strong>erectum,</strong></span> <span class='ocrx_word' id='word_1_898' title='bbox 2604 5038 2809 5107; x_wconf 86' lang='lat' dir='ltr'><strong>gladius</strong></span> <span class='ocrx_word' id='word_1_899' title='bbox 2835 5047 3019 5091; x_wconf 86' lang='lat' dir='ltr'><strong>contra</strong></span> <span class='ocrx_word' id='word_1_900' title='bbox 3056 5050 3363 5106; x_wconf 88' lang='lat' dir='ltr'><strong>peccatum,</strong></span> <span class='ocrx_word' id='word_1_901' title='bbox 3394 5038 3600 5107; x_wconf 85' lang='lat' dir='ltr'><strong>gladius</strong></span> 
     </span>
    </p>
   </div>
   <div class='ocr_carea' id='block_1_113' title="bbox 2014 5131 3601 5203">
    <p class='ocr_par' dir='ltr' id='par_1_113' title="bbox 2014 5131 3601 5203">
     <span class='ocr_line' id='line_1_113' title="bbox 2014 5131 3601 5203; baseline -0.001 -16"><span class='ocrx_word' id='word_1_902' title='bbox 2014 5150 2118 5203; x_wconf 85' lang='lat' dir='ltr'><strong>quo</strong></span> <span class='ocrx_word' id='word_1_903' title='bbox 2144 5141 2446 5201; x_wconf 85' lang='lat' dir='ltr'><strong>serpentem</strong></span> <span class='ocrx_word' id='word_1_904' title='bbox 2477 5131 2715 5185; x_wconf 84' lang='lat' dir='ltr'><strong>confodit</strong></span> <span class='ocrx_word' id='word_1_905' title='bbox 2747 5132 2990 5185; x_wconf 84' lang='lat' dir='ltr'><strong>Christus</strong></span> <span class='ocrx_word' id='word_1_906' title='bbox 3014 5148 3026 5183; x_wconf 91' lang='lat'><strong>:</strong></span> <span class='ocrx_word' id='word_1_907' title='bbox 3052 5147 3179 5185; x_wconf 88' lang='lat' dir='ltr'><strong>crux</strong></span> <span class='ocrx_word' id='word_1_908' title='bbox 3213 5133 3382 5185; x_wconf 84' lang='lat' dir='ltr'><strong>Patris</strong></span> <span class='ocrx_word' id='word_1_909' title='bbox 3408 5131 3601 5185; x_wconf 86' lang='lat' dir='ltr'><strong>volun-</strong></span> 
     </span>
    </p>
   </div>
   <div class='ocr_carea' id='block_1_114' title="bbox 2017 5223 3601 5294">
    <p class='ocr_par' dir='ltr' id='par_1_114' title="bbox 2017 5223 3601 5294">
     <span class='ocr_line' id='line_1_114' title="bbox 2017 5223 3601 5294; baseline -0.003 -14"><span class='ocrx_word' id='word_1_910' title='bbox 2017 5238 2096 5281; x_wconf 89' lang='lat' dir='ltr'><strong>tas</strong></span> <span class='ocrx_word' id='word_1_911' title='bbox 2116 5267 2132 5288; x_wconf 85' lang='lat'><strong>,</strong></span> <span class='ocrx_word' id='word_1_912' title='bbox 2178 5226 2438 5294; x_wconf 86' lang='lat' dir='ltr'><strong>Uuigcniti</strong></span> <span class='ocrx_word' id='word_1_913' title='bbox 2467 5224 2655 5293; x_wconf 84' lang='lat' dir='ltr'><strong>gloria,</strong></span> <span class='ocrx_word' id='word_1_914' title='bbox 2698 5224 2925 5291; x_wconf 89' lang='lat' dir='ltr'><strong>Spiritus</strong></span> <span class='ocrx_word' id='word_1_915' title='bbox 2954 5224 3257 5288; x_wconf 76' lang='lat' dir='ltr'><strong>CXsultttlin,</strong></span> <span class='ocrx_word' id='word_1_916' title='bbox 3285 5223 3601 5292; x_wconf 88' lang='lat' dir='ltr'><strong>angelorum</strong></span> 
     </span>
    </p>
   </div>
   <div class='ocr_carea' id='block_1_115' title="bbox 2014 5315 3602 5383">
    <p class='ocr_par' dir='ltr' id='par_1_115' title="bbox 2014 5315 3602 5383">
     <span class='ocr_line' id='line_1_115' title="bbox 2014 5315 3602 5383; baseline -0.004 -10"><span class='ocrx_word' id='word_1_917' title='bbox 2014 5322 2193 5379; x_wconf 83' lang='lat' dir='ltr'><strong>decus.</strong></span> <span class='ocrx_word' id='word_1_918' title='bbox 2241 5318 2492 5372; x_wconf 81' lang='lat' dir='ltr'><strong>Ecclesia:</strong></span> <span class='ocrx_word' id='word_1_919' title='bbox 2520 5318 2798 5380; x_wconf 87' lang='lat' dir='ltr'><strong>securitas,</strong></span> <span class='ocrx_word' id='word_1_920' title='bbox 2826 5316 3071 5383; x_wconf 83' lang='lat' dir='ltr'><strong>gloriatio</strong></span> <span class='ocrx_word' id='word_1_921' title='bbox 3099 5315 3265 5378; x_wconf 88' lang='lat' dir='ltr'><strong>Pauli,</strong></span> <span class='ocrx_word' id='word_1_922' title='bbox 3293 5322 3602 5368; x_wconf 85' lang='lat' dir='ltr'><strong>sanctorum</strong></span> 
     </span>
    </p>
   </div>
   <div class='ocr_carea' id='block_1_116' title="bbox 2015 5406 3601 5472">
    <p class='ocr_par' dir='ltr' id='par_1_116' title="bbox 2015 5406 3601 5472">
     <span class='ocr_line' id='line_1_116' title="bbox 2015 5406 3601 5472; baseline -0.003 -8"><span class='ocrx_word' id='word_1_923' title='bbox 2015 5427 2228 5469; x_wconf 86' lang='lat' dir='ltr'><strong>murus.</strong></span> <span class='ocrx_word' id='word_1_924' title='bbox 2263 5410 2422 5463; x_wconf 88' lang='lat' dir='ltr'><strong>totius</strong></span> <span class='ocrx_word' id='word_1_925' title='bbox 2465 5409 2607 5462; x_wconf 86' lang='lat' dir='ltr'><strong>orbis</strong></span> <span class='ocrx_word' id='word_1_926' title='bbox 2639 5409 2836 5461; x_wconf 90' lang='lat' dir='ltr'><strong>lumen.</strong></span> <span class='ocrx_word' id='word_1_927' title='bbox 2864 5406 3319 5472; x_wconf 88' lang='lat' dir='ltr'><strong>Quemadmodum</strong></span> <span class='ocrx_word' id='word_1_928' title='bbox 3364 5408 3506 5461; x_wconf 89' lang='lat' dir='ltr'><strong>enim</strong></span> <span class='ocrx_word' id='word_1_929' title='bbox 3555 5407 3601 5460; x_wconf 89' lang='lat' dir='ltr'><strong>si</strong></span> 
     </span>
    </p>
   </div>
   <div class='ocr_carea' id='block_1_117' title="bbox 2015 5498 3595 5572">
    <p class='ocr_par' dir='ltr' id='par_1_117' title="bbox 2015 5498 3595 5572">
     <span class='ocr_line' id='line_1_117' title="bbox 2015 5498 3595 5572; baseline -0.003 -18"><span class='ocrx_word' id='word_1_930' title='bbox 2015 5504 2132 5572; x_wconf 86' lang='lat' dir='ltr'><strong>quis</strong></span> <span class='ocrx_word' id='word_1_931' title='bbox 2177 5504 2444 5555; x_wconf 87' lang='lat' dir='ltr'><strong>lucernam</strong></span> <span class='ocrx_word' id='word_1_932' title='bbox 2492 5500 2543 5553; x_wconf 93' lang='lat' dir='ltr'><strong>in</strong></span> <span class='ocrx_word' id='word_1_933' title='bbox 2584 5500 2743 5552; x_wconf 85' lang='lat' dir='ltr'><strong>domo</strong></span> <span class='ocrx_word' id='word_1_934' title='bbox 2772 5499 3017 5569; x_wconf 84' lang='lat' dir='ltr'><strong>quapiam</strong></span> <span class='ocrx_word' id='word_1_935' title='bbox 3049 5499 3279 5553; x_wconf 87' lang='lat' dir='ltr'><strong>tenebris</strong></span> <span class='ocrx_word' id='word_1_936' title='bbox 3307 5498 3477 5552; x_wconf 89' lang='lat' dir='ltr'><strong>obsita</strong></span> <span class='ocrx_word' id='word_1_937' title='bbox 3507 5512 3595 5550; x_wconf 84' lang='lat' dir='ltr'><strong>ac-</strong></span> 
     </span>
    </p>
   </div>
   <div class='ocr_carea' id='block_1_118' title="bbox 2016 5589 3597 5657">
    <p class='ocr_par' dir='ltr' id='par_1_118' title="bbox 2016 5589 3597 5657">
     <span class='ocr_line' id='line_1_118' title="bbox 2016 5589 3597 5657; baseline -0.004 -9"><span class='ocrx_word' id='word_1_938' title='bbox 2016 5595 2205 5648; x_wconf 89' lang='lat' dir='ltr'><strong>cendat</strong></span> <span class='ocrx_word' id='word_1_939' title='bbox 2234 5602 2289 5647; x_wconf 91' lang='lat' dir='ltr'><strong>ct</strong></span> <span class='ocrx_word' id='word_1_940' title='bbox 2317 5595 2366 5646; x_wconf 92' lang='lat' dir='ltr'><strong>in</strong></span> <span class='ocrx_word' id='word_1_941' title='bbox 2396 5593 2559 5645; x_wconf 89' lang='lat' dir='ltr'><strong>altum</strong></span> <span class='ocrx_word' id='word_1_942' title='bbox 2586 5601 2800 5653; x_wconf 80' lang='lat' dir='ltr'><strong>statuat,</strong></span> <span class='ocrx_word' id='word_1_943' title='bbox 2833 5590 3081 5645; x_wconf 87' lang='lat' dir='ltr'><strong>tenebras</strong></span> <span class='ocrx_word' id='word_1_944' title='bbox 3110 5589 3396 5657; x_wconf 89' lang='lat' dir='ltr'><strong>derepente</strong></span> <span class='ocrx_word' id='word_1_945' title='bbox 3428 5589 3597 5656; x_wconf 86' lang='lat' dir='ltr'><strong>fugat:</strong></span> 
     </span>
    </p>
   </div>
   <div class='ocr_carea' id='block_1_119' title="bbox 2016 5679 3598 5753">
    <p class='ocr_par' dir='ltr' id='par_1_119' title="bbox 2016 5679 3598 5753">
     <span class='ocr_line' id='line_1_119' title="bbox 2016 5679 3598 5753; baseline -0.003 -12"><span class='ocrx_word' id='word_1_946' title='bbox 2016 5688 2093 5741; x_wconf 87' lang='lat' dir='ltr'><strong>sic</strong></span> <span class='ocrx_word' id='word_1_947' title='bbox 2121 5686 2350 5739; x_wconf 88' lang='lat' dir='ltr'><strong>tenebris</strong></span> <span class='ocrx_word' id='word_1_948' title='bbox 2379 5700 2477 5753; x_wconf 86' lang='lat' dir='ltr'><strong>per</strong></span> <span class='ocrx_word' id='word_1_949' title='bbox 2505 5684 2812 5737; x_wconf 86' lang='lat' dir='ltr'><strong>universum</strong></span> <span class='ocrx_word' id='word_1_950' title='bbox 2843 5684 3028 5736; x_wconf 88' lang='lat' dir='ltr'><strong>orbem</strong></span> <span class='ocrx_word' id='word_1_951' title='bbox 3056 5681 3253 5750; x_wconf 89' lang='lat' dir='ltr'><strong>sparsis</strong></span> <span class='ocrx_word' id='word_1_952' title='bbox 3278 5721 3292 5745; x_wconf 93' lang='lat'><strong>,</strong></span> <span class='ocrx_word' id='word_1_953' title='bbox 3325 5679 3598 5742; x_wconf 79' lang='lat' dir='ltr'><strong>Christus,</strong></span> 
     </span>
    </p>
   </div>
   <div class='ocr_carea' id='block_1_120' title="bbox 2017 5771 3602 5845">
    <p class='ocr_par' dir='ltr' id='par_1_120' title="bbox 2017 5771 3602 5845">
     <span class='ocr_line' id='line_1_120' title="bbox 2017 5771 3602 5845; baseline -0.003 -14"><span class='ocrx_word' id='word_1_954' title='bbox 2017 5786 2285 5845; x_wconf 87' lang='lat' dir='ltr'><strong>tamquam</strong></span> <span class='ocrx_word' id='word_1_955' title='bbox 2313 5774 2612 5845; x_wconf 88' lang='lat' dir='ltr'><strong>lampadem</strong></span> <span class='ocrx_word' id='word_1_956' title='bbox 2649 5774 2933 5844; x_wconf 90' lang='lat' dir='ltr'><strong>quamdam</strong></span> <span class='ocrx_word' id='word_1_957' title='bbox 2957 5815 2972 5840; x_wconf 94' lang='lat'><strong>,</strong></span> <span class='ocrx_word' id='word_1_958' title='bbox 3001 5788 3212 5827; x_wconf 90' lang='lat' dir='ltr'><strong>crucem</strong></span> <span class='ocrx_word' id='word_1_959' title='bbox 3244 5771 3520 5838; x_wconf 88' lang='lat' dir='ltr'><strong>accendit,</strong></span> <span class='ocrx_word' id='word_1_960' title='bbox 3549 5783 3602 5826; x_wconf 81' lang='lat' dir='ltr'><strong>et</strong></span> 
     </span>
    </p>
   </div>
   <div class='ocr_carea' id='block_1_121' title="bbox 2020 5865 3601 5938">
    <p class='ocr_par' dir='ltr' id='par_1_121' title="bbox 2020 5865 3601 5938">
     <span class='ocr_line' id='line_1_121' title="bbox 2020 5865 3601 5938; baseline -0.004 -13"><span class='ocrx_word' id='word_1_961' title='bbox 2020 5871 2072 5925; x_wconf 91' lang='lat' dir='ltr'><strong>in</strong></span> <span class='ocrx_word' id='word_1_962' title='bbox 2102 5869 2265 5924; x_wconf 88' lang='lat' dir='ltr'><strong>altum</strong></span> <span class='ocrx_word' id='word_1_963' title='bbox 2306 5869 2507 5933; x_wconf 83' lang='lat' dir='ltr'><strong>erexit,</strong></span> <span class='ocrx_word' id='word_1_964' title='bbox 2553 5881 2870 5938; x_wconf 89' lang='lat' dir='ltr'><strong>omnemque</strong></span> <span class='ocrx_word' id='word_1_965' title='bbox 2914 5865 3193 5937; x_wconf 85' lang='lat' dir='ltr'><strong>caliginem</strong></span> <span class='ocrx_word' id='word_1_966' title='bbox 3240 5865 3402 5921; x_wconf 88' lang='lat' dir='ltr'><strong>totius</strong></span> <span class='ocrx_word' id='word_1_967' title='bbox 3446 5872 3601 5921; x_wconf 70' lang='lat' dir='ltr'><strong>terra:</strong></span> 
     </span>
    </p>
   </div>
  </div>
