4066 6392
487 424 593 483 597

491 539 790 609 dissipavit.
821 538 889 594 Et
914 538 1359 609 quemadmodum
1390 541 1594 610 lampas
1613 556 1770 611 supra
1797 543 1849 594 in
1873 542 2072 596 vertice

491 627 670 682 lumen
705 629 900 696 habet,
929 630 1005 684 sic
1033 638 1089 682 et
1113 644 1242 683 crux
1277 629 1459 683 habuit
1483 645 1643 697 supra
1675 633 1725 684 in
1751 632 1952 685 vertice
1969 630 2072 685 So-

492 719 596 774 lem
621 721 840 788 justitia:
868 719 1228 789 cﬂ'ulgentem.
1267 721 1415 774 llunc
1451 737 1572 775 cum
1613 721 1814 776 videret
1844 721 2073 776 mundus

491 811 657 864 clavis
683 812 920 874 afﬁxum,
964 810 1258 875 cohorruit,
1301 823 1440 865 mota
1480 825 1562 866 est
1604 823 1779 874 terra,
1824 813 2076 880 disrupta:

494 913 676 970 petrae.
707 901 813 955 Sed
845 902 964 955 licet
993 902 1247 969 disrupta:
1273 904 1378 957 sint
1411 916 1574 972 petra:
1595 946 1610 970 ,
1649 905 1872 959 durities
1899 916 2075 960 tamen

492 993 794 1048 Jndworum
839 1011 944 1048 non
989 1005 1071 1050 est
1111 996 1348 1066 disrupta
1382 1015 1394 1049 :
1427 999 1598 1052 velum
1639 999 1821 1068 templi
1853 999 2077 1054 scissum

499 1096 600 1144 est,
633 1095 686 1138 et
714 1101 817 1138 non
849 1096 930 1140 est
954 1089 1118 1140 scissa
1148 1089 1386 1158 improha
1410 1089 1620 1143 illorum
1647 1091 1994 1159 conspiratio.

581 1175 753 1230 Velum
779 1179 952 1245 templi
975 1195 1066 1231 cur
1089 1179 1316 1232 scissum.
1345 1209 1416 1219 —
1439 1180 1613 1246 Quare
1634 1183 1856 1233 scissum
1881 1191 1963 1234 est
1992 1197 2082 1235 ve-

495 1266 646 1320 lum?
674 1267 806 1334 Quia
835 1271 1088 1338 templum
1122 1285 1226 1323 non
1259 1272 1425 1340 potuit
1453 1272 1633 1326 videre
1666 1271 1947 1325 Dominum
1970 1288 2082 1326 cru-

497 1357 739 1421 cilixum,
769 1369 821 1413 et
852 1376 945 1428 per
969 1376 1053 1425 ea,
1085 1378 1204 1429 quae
1228 1362 1346 1416 velo
1376 1377 1474 1417 suo
1501 1363 1845 1426 acciderunt,
1874 1373 2080 1417 tantum

499 1466 604 1504 non
636 1450 1020 1506 exhortationis
1050 1453 1208 1506 modo
1236 1454 1332 1508 ista
1367 1453 1604 1522 protulit.
1633 1453 1705 1507 De
1733 1464 1929 1508 caetero
1953 1470 2081 1508 san-

498 1551 582 1596 cta
608 1551 912 1595 sanctorum
942 1543 1254 1607 conculcet,
1294 1545 1533 1614 quisquis
1559 1544 1718 1598 volet.
1760 1545 1895 1612 Quid
1939 1545 2081 1598 enim

501 1631 616 1685 istis
637 1647 769 1700 opus
795 1633 982 1696 habeo,
1010 1635 1097 1686 tali
1117 1635 1382 1688 sacrilicio
1402 1646 1550 1689 extra
1573 1636 1752 1690 oblato
1771 1645 1823 1689 et
1847 1635 2084 1703 peracto?

501 1723 626 1790 qttid
655 1723 780 1776 mihi
812 1725 1029 1792 prodest
1057 1727 1472 1780 testamentum?
1501 1727 1692 1781 frustra
1734 1738 1787 1781 ct
1819 1729 2083 1782 incassum

503 1825 651 1869 tanto
681 1826 918 1886 tempore
949 1818 1077 1870 istos
1103 1818 1280 1872 docui.
1305 1819 1434 1886 Quae
1460 1836 1522 1873 ex
1552 1821 1666 1889 lege
1687 1820 1750 1873 ad
1779 1838 1863 1874 me
1891 1822 2087 1875 utilitas

503 1904 678 1959 redit?
709 1907 817 1961 lloc
851 1917 904 1962 et
945 1908 1198 1977 propheta
1228 1910 1490 1964 clamabat
1527 1910 1748 1964 dicens:
1781 1911 1950 1978 Quare
1978 1914 2084 1983 fre-

503 2009 732 2051 muerunt
758 2011 942 2069 gentes,
973 2011 1018 2053 et
1049 2003 1222 2071 populi
1249 2004 1473 2056 meditati
1494 2015 1609 2056 sunt
1633 2006 1806 2057 inania
1834 2003 2004 2077 (Psal.
2029 2005 2084 2060 2.

505 2091 600 2160 ης)
628 2092 922 2145 Audierant
952 2111 964 2146 :
995 2093 1275 2164 Tamquam
1319 2097 1422 2148 ovis
1462 2097 1530 2148 ad
1574 2097 1872 2150 occisionem
1910 2097 2090 2151 ductus

505 2193 595 2244 est,
618 2195 668 2237 et
690 2194 942 2254 tamquam
962 2204 1122 2257 agnus
1147 2205 1316 2241 coram
1337 2189 1567 2242 tondente
1583 2207 1636 2243 se
1660 2191 1904 2244 obmutuit
1933 2189 2088 2261 (Isai.

504 2275 594 2330 55.
627 2277 685 2345 7)
715 2296 727 2330 :
759 2289 811 2331 et
837 2295 958 2332 curn
988 2280 1124 2335 hanc
1157 2282 1488 2350 prophetiam
1516 2294 1660 2337 tanto
1687 2295 1930 2355 tempore
1954 2301 2088 2339 con-

505 2367 849 2431 siderassent,
877 2381 1138 2438 prmsente
1160 2373 1268 2440 jam
1291 2389 1376 2436 eo,
1399 2375 1537 2443 quod
1566 2376 1871 2444 pra-dictum
1896 2376 2086 2441 fuerat,

507 2471 612 2511 non
641 2460 1000 2514 crediderunt.
1028 2461 1234 2528 Cernis,
1267 2464 1533 2533 quotnodo
1562 2465 1796 2520 meditati
1823 2476 1946 2520 sunt
1971 2467 2090 2522 ina-

507 2552 628 2604 nia?
656 2552 941 2620 Propterea
980 2555 1204 2610 scissum
1233 2568 1313 2610 est
1341 2557 1626 2626 templum,
1669 2559 1974 2627 signiﬁcans
1999 2575 2091 2614 so-

507 2640 782 2696 litudinem
827 2654 880 2698 et
924 2646 1273 2700 vastationem
1316 2647 1535 2717 posthac
1578 2649 1628 2702 iu
1676 2659 1986 2719 perpetuum
2015 2650 2095 2703 l'u-

508 2743 699 2787 turatn.

580 2827 634 2878 5.
669 2827 746 2878 Ad
770 2827 1180 2881 Communionem
1201 2846 1300 2898 quo
1326 2844 1470 2899 parto
1492 2833 1730 2886 eundum.
1753 2863 1823 2872 —
1842 2833 1975 2888 Cum
2000 2835 2096 2903 igi-

508 2927 596 2970 tur
638 2932 792 2982 eum,
839 2919 929 2988 qui
976 2921 1024 2972 in
1074 2936 1231 2976 cruce
1272 2925 1460 2975 afﬁxus
1489 2933 1599 2987 est,
1635 2941 1732 2978 nos
1775 2926 1954 2980 itidem
1994 2925 2094 2979 sub

508 3022 788 3077 vesperam
820 3011 983 3065 visuri
1029 3012 1228 3077 simus,
1275 3025 1540 3085 tamquam
1584 3032 1777 3086 agnum
1810 3027 2094 3072 mactatum

510 3109 565 3161 et
593 3101 944 3170 immolatum,
977 3121 1168 3160 moneo
1188 3148 1202 3172 ,
1233 3117 1429 3162 etcum
1460 3119 1714 3175 tremore,
1754 3113 2096 3166 veneratione

511 3201 566 3246 et
594 3195 888 3249 reverentia
913 3199 1076 3250 multa
1099 3199 1433 3254 accedamus.
1459 3203 1537 3254 An
1567 3203 1801 3268 nescitis,
1829 3205 2096 3272 quomodo

511 3287 682 3355 angeli
714 3287 1013 3342 adstiterint
1035 3292 1282 3360 sepulcro
1309 3308 1502 3363 corpus
1529 3310 1631 3349 non
1665 3295 1896 3362 habenti,
1920 3297 2099 3366 sepul-

514 3394 610 3432 cro
639 3382 848 3434 vacuo?
873 3392 1104 3437 attamen
1133 3400 1251 3438 cum
1282 3387 1448 3440 semel
1480 3397 1645 3441 totum
1668 3403 1862 3457 corpus
1891 3390 2097 3444 Domini

516 3474 824 3540 recepisset,
855 3474 1077 3528 tnultum
1111 3476 1327 3531 honoris
1359 3478 1455 3546 ipsi
1485 3480 1643 3532 etiam
1676 3481 1793 3534 loco
1821 3480 2094 3534 exhibent.

517 3565 701 3633 Angeli
728 3607 743 3629 ,
771 3567 860 3635 qui
899 3577 1137 3622 naturam
1178 3581 1414 3624 nostram
1442 3574 1754 3626 excellentia
1802 3590 1897 3628 sua
1945 3576 2100 3646 longe

517 3667 794 3724 superant,
847 3668 989 3713 tanta
1037 3663 1332 3716 reverentia
1379 3671 1433 3718 et
1474 3663 1814 3718 observantia
1853 3667 2100 3734 sepulcro

518 3749 775 3802 assistunt
805 3766 818 3801 :
848 3766 944 3804 nos
969 3767 1070 3805 non
1098 3753 1163 3805 ad
1190 3755 1492 3822 sepulcrum
1525 3756 1700 3818 inane,
1721 3758 1813 3812 sed
1839 3759 1905 3812 ad
1931 3759 2101 3827 ipsam

522 3853 760 3892 mensam
779 3881 794 3904 ,
830 3841 880 3893 in
909 3856 1008 3909 qua
1035 3847 1214 3912 Agnus
1246 3846 1448 3912 positus
1473 3856 1581 3911 est,
1609 3849 1802 3902 adituri
1823 3891 1837 3912 ,
1865 3865 1986 3904 cum
2015 3860 2102 3903 tu-

523 3931 692 3984 multu
721 3940 774 3986 et
806 3933 1107 3989 turbatione
1131 3938 1472 3991 accedimus?
1499 3939 1560 3993 Et
1593 3958 1709 4009 quae
1737 3943 1888 3997 nobis
1917 3943 1985 3998 de
2015 3960 2100 3997 re-

526 4024 668 4092 liquo
707 4026 860 4080 venia
905 4029 1164 4095 speranda
1193 4030 1333 4083 erit?
1361 4030 1472 4084 Non
1511 4033 1628 4086 dico
1660 4033 1772 4088 hare
1797 4035 2108 4103 simpliciter

475 4113 478 4116 ’
525 4127 580 4171 et
606 4127 824 4182 temere,
851 4121 942 4174 sed
973 4136 1093 4174 cum
1117 4122 1296 4176 videre
1317 4123 1515 4177 soleam
1544 4125 1641 4179 hac
1668 4142 1884 4194 veSpera
1914 4128 2108 4181 multos

527 4209 924 4272 tumultuantes,
957 4212 1270 4278 clamantes,
1292 4228 1410 4269 sese
1435 4226 1620 4270 mutuo
1643 4217 1934 4283 trudentes,
1963 4219 2109 4273 exsi-

527 4301 720 4356 lientes
742 4343 756 4364 ,
789 4304 1022 4358 convicia
1060 4305 1313 4374 jacicntes
1334 4348 1348 4371 ,
1382 4309 1654 4378 magisque
1704 4326 1911 4378 poenam
1952 4326 2110 4379 quam

529 4395 752 4448 salutem
781 4396 877 4450 sibi
906 4409 1277 4467 comparantes
1297 4443 1310 4467 ,
1337 4416 1402 4454 ea
1423 4401 1491 4456 de
1518 4417 1678 4457 causa
1710 4403 1846 4457 hanc
1871 4404 2114 4456 admoni-

534 4488 731 4543 tionem
760 4490 996 4544 instituo.

606 4579 865 4636 lnvocatio
918 4583 1141 4653 Spiritus
1175 4598 1356 4642 sancti.
1388 4619 1458 4630 -—
1485 4591 1634 4655 Quod
1691 4590 1820 4645 facis
1849 4631 1864 4653 ,
1915 4589 2114 4643 homo?

537 4673 750 4741 quando
781 4676 1031 4730 sacerdos
1059 4687 1164 4732 stat
1187 4689 1312 4734 ante
1338 4695 1542 4734 sacram
1573 4697 1808 4735 mensam
1831 4723 1846 4747 ,
1874 4681 2116 4734 manibus

539 4769 591 4823 in
615 4767 804 4824 ctelum
825 4769 1078 4836 extensis,
1109 4771 1359 4828 invocans
1380 4773 1630 4844 Spiritum
1655 4782 1914 4840 sanctum,
1944 4783 2001 4828 ut
2026 4773 2120 4830 ad-

1239 425 1296 482 S.
1333 425 1614 483 JOANNIS
1637 422 2123 482 CHRYSOSTOMI
2155 423 2476 480 ARCHIEP.
2517 421 3051 477 CONSTANTINOP.

3657 420 3759 476 398

2180 539 2396 604 veniat,
2425 546 2484 592 ut
2508 537 2779 609 proposita
2821 535 2961 591 dona
3006 534 3312 606 contingat,
3359 550 3544 605 magna
3575 537 3758 606 quies,

2181 645 2429 700 magnum
2477 629 2748 684 silentium
2775 647 2789 683 :
2815 627 3027 698 quando
3074 627 3305 697 Spiritus
3349 627 3570 696 gratiam
3613 640 3763 681 suam

2181 724 2398 788 tribuit,
2445 722 2660 793 quando
2701 722 3010 785 descendit,
3060 720 3273 791 quando
3314 721 3580 790 proposita
3625 719 3763 774 dona

2182 816 2479 884 contingit,
2505 813 2718 884 quando
2746 829 2898 868 ovem
2943 822 3226 866 mactatam
3263 820 3318 866 et
3343 819 3764 865 consummatam

2183 909 2380 971 cernis,
2411 920 2535 962 tunc
2565 908 2846 962 tumultum
2871 949 2888 974 ,
2919 917 3044 962 tunc
3082 907 3262 960 turbas
3281 947 3296 970 ,
3329 915 3456 960 tunc
3473 907 3769 960 contentio-

2186 1014 2306 1053 nem
2334 999 2536 1053 excitas
2553 1007 2607 1052 et
2632 999 2870 1052 convicia
2895 997 3066 1067 jacis?
3088 996 3364 1064 Quomodo
3388 995 3647 1051 sacriﬁcio
3667 997 3768 1050 hoc

2188 1089 2385 1160 perfrui
2413 1100 2582 1159 potes,
2611 1105 2732 1144 cum
2763 1099 2912 1142 tanto
2942 1091 3167 1142 tumultu
3194 1098 3248 1143 et
3272 1088 3496 1157 strepitu
3525 1087 3590 1142 ad
3620 1103 3772 1141 men-

2187 1197 2299 1236 sam
2330 1183 2464 1236 hanc
2485 1182 2746 1236 accedas?
2772 1181 2884 1236 Non
2913 1181 3107 1236 sufﬁcit
3140 1180 3292 1234 nobis
3330 1180 3560 1249 peccatis
3589 1191 3772 1234 conta-

2189 1276 2416 1328 minatos
2443 1274 2721 1339 accedere,
2752 1276 2846 1330 sed
2873 1275 3043 1343 ipsum
3073 1275 3230 1328 etiam
3258 1288 3504 1328 accessus
3529 1289 3773 1327 momen-

2190 1376 2300 1420 tum
2334 1381 2436 1420 non
2469 1366 2692 1420 sinimus
2717 1381 2746 1419 a
2771 1376 2990 1434 peccato
3017 1365 3242 1420 liberum
3283 1365 3571 1433 pr:eterire.
3597 1364 3774 1430 Quan-

2189 1457 2258 1510 do
2284 1457 2424 1511 enim
2447 1455 2742 1526 jurgamur,
2771 1456 2983 1526 quando
3015 1457 3416 1521 tumultuamur,
3444 1455 3655 1526 quando
3677 1471 3775 1510 nos

2190 1558 2376 1602 mutuo
2407 1549 2735 1614 mordemus,
2769 1548 3040 1618 quomodo
3065 1564 3093 1601 a
3124 1549 3354 1618 peccatis
3380 1549 3640 1604 immunes
3669 1549 3776 1603 eri-

2191 1641 2343 1696 mus?
2373 1642 2467 1695 Dic
2494 1641 2643 1706 mihi,
2672 1641 2796 1710 quid
2829 1640 3121 1710 properas?
3147 1641 3298 1708 cujus
3326 1641 3492 1710 gratia
3524 1641 3738 1695 festinas
3759 1683 3776 1701 ,

2191 1748 2312 1786 cum
2358 1748 2512 1786 ovem
2555 1732 2663 1801 jam
2709 1733 2939 1786 occisam
2970 1732 3199 1800 aspicis?
3226 1748 3346 1784 nam
3379 1732 3423 1785 si
3461 1741 3572 1785 tota
3621 1741 3777 1786 nocte

2192 1824 2508 1878 sacriﬁcium
2540 1823 2640 1877 hoc
2667 1823 2857 1877 intueri
2888 1822 3134 1883 deberes,
3163 1838 3229 1876 an
3260 1823 3621 1891 spectaculum
3651 1823 3771 1884 hoc,

2193 1915 2328 1969 cedo
2352 1957 2366 1979 ,
2417 1917 2714 1969 satietatem
2753 1915 3010 1970 afferret?
3035 1914 3170 1968 Toto
3194 1914 3282 1968 die
3310 1915 3566 1982 patienter
3585 1928 3780 1982 exspe-

2194 2009 2348 2062 ctasti
2373 2050 2387 2073 ,
2417 2009 2608 2063 bonam
2641 2009 2811 2063 noctis
2843 2017 3045 2076 partem
3077 2008 3410 2061 transmisisti
3432 2049 3445 2071 ,
3471 2016 3781 2074 tantumque

2197 2099 2437 2153 laborum
2483 2099 2629 2153 brevi
2665 2101 2918 2168 temporis
2960 2107 3154 2168 puncto
3186 2097 3418 2167 prodigis
3460 2106 3514 2152 et
3558 2096 3780 2166 perdis?

2195 2190 2400 2259 Cogita,
2433 2189 2686 2259 quidnam
2713 2189 2780 2242 sit
2803 2187 2927 2242 illud
2950 2187 3088 2256 quod
3113 2188 3436 2257 propositum
3459 2195 3561 2250 est,
3589 2197 3640 2240 et
3661 2202 3780 2256 quze

2197 2282 2266 2332 sit
2289 2279 2404 2347 ejus
2433 2294 2592 2333 cansa
2625 2296 2636 2330 :
2667 2278 2876 2331 occisus
2903 2287 2986 2332 est
3015 2287 3231 2348 propter
3261 2288 3311 2331 te
3330 2318 3343 2339 ,
3385 2286 3438 2329 et
3485 2287 3538 2329 tu
3577 2277 3784 2331 deseris

2199 2371 2345 2424 illum
2374 2372 2541 2439 ipsum
2563 2369 2891 2423 immolatum
2913 2369 3194 2437 aSpiciens.
3217 2367 3315 2423 Ubi
3337 2369 3566 2432 cadaver,
3591 2369 3780 2436 inquit,

2197 2463 2266 2516 ibi
2291 2473 2338 2516 et
2363 2464 2547 2531 aquila:
2567 2461 2777 2536 (Matth.
2808 2462 2896 2517 24.
2926 2462 3042 2532 28).
3071 2462 3177 2516 Nos
3215 2471 3392 2515 autem
3423 2478 3525 2514 non
3550 2471 3609 2514 ut
3635 2464 3787 2530 aqui-

2200 2555 2286 2621 lae,
2317 2555 2411 2608 sed
2443 2565 2499 2607 ut
2525 2570 2688 2609 canes
2713 2554 3016 2608 accedimus
3049 2571 3061 2606 :
3099 2561 3238 2607 tanta
3272 2564 3448 2606 nostra
3489 2562 3572 2606 est
3612 2551 3784 2620 impu-

2199 2647 2403 2702 dentia.
2434 2647 2616 2718 Cogita
2641 2647 2766 2716 quid
2795 2645 3007 2700 tandem
3048 2645 3174 2698 illud
3219 2647 3320 2709 sit,
3369 2643 3512 2714 quod
3555 2645 3783 2697 eﬁusum

2201 2751 2284 2797 est
2310 2761 2322 2796 :
2354 2742 2567 2811 sanguis
2595 2750 2696 2804 est,
2727 2741 2942 2810 sanguis
2970 2740 3057 2808 qui
3088 2737 3498 2808 chirographum
3541 2748 3787 2805 peccato-

2202 2850 2318 2887 rum
2347 2833 2537 2887 delevit
2564 2849 2578 2885 :
2611 2832 2825 2902 s-mguis
2845 2873 2858 2896 ,
2888 2831 2977 2900 qui
3025 2831 3255 2884 animam
3301 2840 3442 2882 tuam
3491 2826 3787 2886 mundavit,

2203 2927 2288 2995 qui
2341 2925 2599 2979 maculam
2647 2925 2814 2988 eluit,
2867 2925 2955 2993 qui
3013 2924 3339 2993 principatus
3390 2931 3444 2974 et
3495 2929 3789 2989 potestates

2205 3019 2564 3087 triumphavit.
2584 3015 2892 3083 Eupalium
2912 3017 3064 3081 enim,
3087 3016 3271 3085 inquit,
3297 3014 3606 3084 principatus
3625 3023 3671 3064 et
3698 3028 3792 3081 pa-

2203 3122 2400 3166 testates
2424 3112 2647 3164 traduxit
2668 3109 2976 3177 conﬁdenter
2997 3108 3312 3176 triumphans
3338 3107 3388 3158 in
3409 3121 3556 3157 cruce
3570 3103 3788 3176 (Colon.

2204 3203 2258 3256 2.
2304 3202 2437 3274 15).
2479 3202 2637 3256 Multa
2683 3201 2919 3255 victoria:
2964 3200 3205 3270 symbola
3254 3197 3435 3250 habuit
3485 3207 3788 3264 tropzeum:

2205 3294 2374 3364 spolia
2421 3309 2650 3362 superne
2701 3292 2769 3347 de
2816 3307 2974 3346 cruce
3030 3289 3280 3359 pendent.
3332 3286 3788 3354 Quemadmodum

2206 3388 2346 3441 enim
2379 3387 2745 3456 magnanimus
2775 3387 2964 3454 aliquis
2991 3400 3109 3442 rex.
3138 3383 3381 3437 confecto
3407 3382 3628 3434 feliciter
3655 3379 3795 3434 difﬁ-

2207 3479 2411 3532 cillimo
2442 3478 2599 3544 bello,
2631 3477 2901 3532 thoracem
2921 3484 2972 3531 et
3001 3475 3245 3546 clypeum
3273 3485 3323 3527 et
3346 3488 3490 3526 arma
3511 3473 3718 3542 tyranni
3741 3481 3797 3524 et

2207 3570 2431 3624 militum
2455 3585 2588 3638 quos
2614 3569 2829 3633 devicit,
2859 3583 3020 3638 super
3039 3567 3305 3620 excelsum
3331 3574 3586 3631 trOpa-um
3613 3564 3792 3631 ponit:

2209 3662 2287 3716 sic
2312 3671 2366 3715 et
2393 3660 2656 3724 Christus,
2691 3660 2840 3714 ﬁnito
2871 3660 3028 3722 bello,
3055 3659 3195 3727 quod
3225 3672 3348 3711 cum
3376 3656 3588 3708 diabolo
3611 3669 3797 3724 gesse-

2208 3762 2324 3816 rat,
2353 3768 2500 3807 arma
2541 3753 2656 3822 ejus
2687 3752 2935 3806 universa
2959 3792 2973 3813 ,
3018 3759 3244 3802 mortem
3275 3757 3329 3800 et
3369 3745 3796 3799 maledictionem

2211 3844 2279 3898 ab
2307 3845 2516 3899 excelsa
2544 3858 2703 3898 cruce
2727 3843 3024 3912 suspendit,
3053 3853 3317 3910 tamquam
3340 3838 3406 3892 de
3435 3847 3642 3905 tropaeo
3667 3849 3801 3905 quo-

2211 3937 2373 3992 dam:
2401 3945 2457 3990 ut
2487 3950 2675 3989 omnes
2723 3945 2981 4002 tropzeum
3030 3931 3155 3986 illud
3204 3929 3661 3998 Conspicarentur,
3705 3941 3800 3979 su-

2214 4044 2394 4098 perna:
2422 4027 2687 4091 Virtutes,
2721 4043 2839 4096 qua:
2871 4027 2921 4079 in
2952 4025 3095 4079 czelis
3117 4065 3128 4084 ,
3165 4023 3407 4075 homines
3427 4062 3442 4086 ,
3474 4021 3561 4089 qui
3594 4017 3801 4072 inferne

2217 4131 2416 4175 terram
2448 4121 2716 4183 incolunt;
2749 4121 2953 4189 ipsique
2981 4117 3102 4170 mali
3139 4115 3411 4168 daemones
3437 4155 3448 4173 ,
3477 4114 3566 4183 qui
3606 4111 3800 4165 devicti

2218 4223 2362 4268 sunt.
2393 4215 2523 4268 Cum
2559 4213 2716 4280 igitur
2749 4223 2895 4266 tanto
2927 4225 3144 4264 munere
3174 4209 3348 4262 allecti
3383 4207 3585 4267 simus,
3612 4205 3804 4272 dignos

2220 4306 2577 4375 nosmetipsos
2608 4320 2704 4373 pro
2734 4304 2934 4358 viribus
2965 4302 3306 4356 ostendamus
3334 4300 3484 4352 horis
3519 4299 3622 4351 illis
3642 4338 3657 4362 ,
3686 4311 3804 4364 qua:

2221 4400 2375 4454 nobis
2400 4407 2526 4452 sunt
2554 4413 2807 4453 concessa
2830 4439 2843 4461 ,
2874 4407 2930 4450 ut
2958 4405 3011 4450 et
3039 4396 3286 4448 caelorum
3317 4407 3534 4462 regnum
3561 4404 3805 4458 assequa-

2223 4506 2362 4554 mur,
2393 4491 2560 4558 gratia
2583 4499 2639 4544 ct
2665 4489 2991 4542 lttunanitate
3018 4485 3221 4540 Domini
3250 4484 3415 4538 nostri
3440 4483 3566 4537 .lesu
3588 4481 3804 4544 Christi,

2227 4600 2321 4654 per
2349 4600 2503 4654 quem
2535 4593 2588 4638 et
2615 4599 2735 4637 cum
2775 4597 2882 4652 quo
2909 4582 3050 4636 Patri
3083 4581 3234 4635 simul
3267 4589 3318 4634 et
3345 4576 3568 4646 Spiritui
3592 4583 3803 4637 sancto,

2225 4681 2429 4749 gloria,
2485 4677 2698 4744 honor,
2769 4675 3043 4747 potentia,
3098 4675 3149 4728 in
3208 4671 3402 4727 saecula
3467 4667 3807 4724 saeculorum.

2226 4776 2418 4828 Amen.
