4066 6392
349 383 452 438 597

361 495 684 565 Ἐκκλησίας
717 495 749 566 ἡ
773 494 1061 562 ἀσφάλεια,
1090 494 1152 546 τὸ
1183 492 1440 564 καύχημα
1463 492 1698 551 Παύλου,
1723 489 1786 542 τὸ
1808 489 1917 543 τῶν

349 580 519 647 ἁγίων
594 582 804 648 τεῖχος,
858 578 917 631 τὸ
963 578 1079 646 φῶς
1138 579 1235 648 τῆς
1299 578 1622 646 οἰκουμένης
1676 574 1915 643 ἀπάσης.

348 663 614 724 Καθάπερ
652 663 760 733 γάρ
799 661 972 731 σκότῳ
993 661 1354 731 κατεχομένου
1381 662 1527 714 οίκου
1553 658 1812 727 λαμπάδα
1836 675 1920 719 τις

349 746 556 815 ἀνάψας
589 746 684 799 καὶ
730 744 892 816 ὀρθὴν
933 745 1238 814 ἀναστήσας
1277 743 1566 797 ἀπελαύνει
1599 741 1657 795 τὸ
1691 741 1878 802 σκότος
1902 756 1917 770 ·

347 830 488 885 οὕτω
514 829 613 899 τῆς
642 829 963 898 οἰκουμένης
995 827 1098 880 ὑπὸ
1123 827 1284 895 ζόφου
1316 825 1715 896 κατεχομένης,
1749 823 1921 877 καθά-

352 930 455 984 περ
486 911 743 981 λαμπάδα
785 910 903 964 τινὰ
972 911 1061 963 τὸν
1112 911 1340 978 σταυρὸν
1369 909 1580 978 ἀνάψας
1627 909 1719 961 καὶ
1765 907 1922 977 ὀρθὸν

349 997 657 1066 ἀναστήσας
689 997 717 1047 6
763 993 1026 1064 Χριστὸς,
1078 994 1174 1063 τῆς
1227 993 1330 1064 γῆς
1378 993 1594 1046 ἅπαντα
1631 993 1720 1045 τὸν
1762 991 1921 1059 ζόφον

351 1080 524 1132 ἔλυσε.
554 1078 663 1132 Καὶ
689 1077 938 1147 καθάπερ
967 1078 1000 1145 ή
1030 1075 1249 1146 λαμπάς
1274 1077 1365 1129 ἐπὶ
1387 1079 1452 1147 τῇ
1481 1075 1688 1146 κεφαλῇ
1724 1075 1836 1129 ἀνω
1861 1074 1924 1127 τὸ

352 1163 466 1230 φῶς
498 1163 629 1231 ἔχει,
657 1161 797 1214 οὕτω
827 1162 921 1214 καὶ
941 1162 969 1213 6
1001 1161 1230 1231 σταυρὸς
1258 1161 1367 1214 ἄνω
1393 1161 1450 1212 ἐν
1479 1162 1545 1230 τῇ
1579 1157 1788 1229 κεφαλῇ
1835 1157 1923 1210 τὸν

349 1247 500 1316 ήλιον
522 1248 619 1314 τῆς
637 1243 981 1313 δικαιοσύνης
1003 1237 1146 1313 εἶχεν
1174 1242 1543 1312 ὲκλάμποντα.
1569 1243 1768 1294 Τοῦτον
1802 1239 1924 1293 ἰδὼν

352 1327 767 1399 προσηλωμένον
821 1329 849 1380 6
907 1328 1108 1398 κόσμος
1158 1326 1408 1396 ἔφριξεν,
1453 1326 1714 1396 ἐκλονήθη
1753 1328 1786 1394 ἡ
1829 1327 1921 1395 γῆ,

350 1411 714 1482 διερρἀγησαν
743 1411 798 1463 αἱ
834 1410 1050 1480 πέτραι.
1096 1409 1232 1461 Ἀλλ’
1267 1411 1315 1462 εἰ
1348 1409 1442 1462 καὶ
1473 1409 1837 1479 διερράγησαν
1869 1409 1924 1459 αἱ

353 1496 580 1566 πέτραι,
623 1496 656 1564 ἠ
691 1495 1014 1563 ἀναισθησία
1062 1495 1170 1546 τῶν
1215 1494 1482 1546 Ἰουδαίων
1517 1494 1577 1546 ού
1619 1493 1880 1563 διερῤάγη
1908 1509 1923 1524 ο

352 1579 574 1650 ἐσχίσθη
607 1578 668 1630 τὸ
702 1578 1096 1648 καταπέτασμα
1117 1618 1132 1642 ,
1182 1579 1276 1632 καὶ
1316 1579 1415 1632 οῦκ
1452 1576 1600 1650 [401]
1632 1577 1855 1648 ἐσχίσθη
1890 1578 1923 1647 ὴ

354 1661 567 1732 πονηρά
601 1662 887 1732 συμφωνία
921 1662 1161 1715 ἐκείνων.

427 1744 524 1798 Διά
548 1745 600 1798 τί
629 1743 851 1814 ἐσχίσθη
875 1744 934 1796 τὸ
963 1744 1387 1812 καταπέτασμας
1421 1744 1548 1796 Ὀτι
1570 1742 1670 1796 οὐκ
1695 1741 1926 1809 ἠδύνατο

354 1827 445 1883 τὸν
481 1828 758 1899 Δεσπότην
799 1828 930 1898 όρᾷν
964 1827 1362 1898 σταυρούμενον
1406 1828 1434 1879 6
1471 1827 1596 1889 ναός
1619 1843 1632 1856 ·
1672 1825 1738 1878 δι’
1769 1819 1842 1878 ὧν
1870 1824 1926 1876 δέ

354 1914 436 1976 εἰς
462 1911 523 1964 τὸ
553 1910 718 1964 αὑτοῦ
750 1911 1150 1980 καταπέτασμα
1182 1912 1372 1978 γέγονε
1391 1951 1406 1972 ,
1455 1908 1733 1978 μονονουχὶ
1771 1905 1927 1959 τοῦτο

355 1997 676 2070 προτρέπων
721 1993 902 2064 φησίν·
945 1994 1002 2047 Ὀ
1039 1993 1352 2063 βουλόμενος
1383 1991 1621 2044 πατείτω
1664 1991 1731 2043 τά
1761 1989 1927 2056 ’Ἅγια

354 2080 464 2133 τῶν
491 2079 660 2147 ἁγίων
687 2079 891 2134 λοιπόν.
923 2077 988 2131 Τί
1014 2077 1122 2148 γάρ
1158 2095 1246 2146 μοι
1272 2077 1332 2129 τὺ
1359 2077 1550 2145 ὄφελος
1573 2074 1798 2138 τούτων,
1823 2074 1928 2140 ἐξω

357 2161 609 2232 τοιαύτης
644 2161 833 2225 θυσίας
873 2160 1348 2230 προσενεχθείσης;
1400 2159 1454 2211 τί
1503 2176 1592 2229 μοι
1635 2158 1696 2211 τὸ
1739 2157 1928 2225 ὄφελος

357 2245 456 2316 τῆς
483 2245 776 2315 διαθήκης;
817 2244 871 2297 τί
905 2262 992 2315 μοι
1013 2244 1074 2296 τὺ
1101 2243 1290 2313 όφελος
1320 2241 1414 2296 τοῦ
1447 2243 1646 2312 νόμου;
1681 2240 1803 2309 εἰκῆ
1837 2240 1932 2292 καὶ¹

361 2329 539 2399 μάτην
583 2326 804 2390 τούτους
860 2327 1150 2380 ἐπαίδευσα
1208 2325 1460 2379 τοσοῦτον
1516 2326 1728 2395 χρόνον.
1763 2322 1934 2374 Τοῦτο

358 2412 452 2466 καὶ
502 2411 531 2463 6
583 2410 869 2480 προφήτης
915 2409 1075 2473 ἐϐόα,
1130 2408 1336 2477 λέγων·
1410 2408 1582 2463 ἰνατί
1627 2405 1934 2475 ἐφρύαξαν

359 2495 502 2560 ἔθνη
527 2534 540 2559 ,
567 2491 668 2545 καὶ
700 2492 837 2546 λαοὶ
862 2491 1236 2560 ἐμελέτησαν
1263 2490 1409 2545 κενὰ
1440 2507 1457 2553 ;
1492 2493 1787 2542 Ἤκουσανο
1841 2489 1933 2553 Ὠς

360 2577 657 2645 πρόϐατον
687 2575 785 2628 ἐπὶ
807 2573 1052 2644 σφαγὴν
1085 2574 1242 2642 ἢχθη
1262 2614 1277 2637 ,
1303 2574 1399 2627 καὶ
1422 2574 1502 2637 ὠς
1530 2572 1718 2640 ἀμνὸς
1758 2572 1932 2624 ἐναν-

359 2661 490 2712 τίον
514 2659 621 2712 τοῦ
663 2660 959 2726 κείροντος
995 2658 1182 2711 αὐτὸν
1220 2657 1453 2726 ἄφωνος
1475 2673 1487 2686 ·
1534 2656 1627 2709 καὶ
1672 2655 1936 2726 μελετῶν-

360 2759 449 2806 τες
479 2743 541 2795 ἐν
573 2741 810 2810 τοσούτῳ
835 2740 1007 2814 χρόνῳ
1039 2740 1136 2806 τὴν
1166 2739 1520 2810 προφητείαν,
1550 2737 1642 2790 τοῦ
1674 2739 1936 2808 πράγμα-

360 2841 450 2887 τος
481 2824 922 2895 παραγενομένου
955 2822 1287 2892 ⁴ἠπίστησαν.
1323 2817 1476 2884 Εἶδες
1517 2821 1636 2882 πῶς
1675 2820 1937 2890 ἐμελέτη-

363 2925 462 2961 σαν
520 2906 682 2970 κενά;
738 2904 838 2958 Διά
882 2905 1040 2958 τοῦτο
1098 2904 1477 2976 περιεσχίσατο
1538 2906 1566 2956 6
1619 2903 1780 2965 ναὸς,
1837 2902 1936 2972 τὴν

362 2991 640 3060 ἐρήμωσιν
681 2984 965 3059 προδηλῶν
1021 2987 1118 3058 τὴν
1154 2988 1291 3058 μετὰ
1335 2984 1509 3040 ταῦτα
1555 2985 1817 3055 ἐσομένην
1862 2985 1938 3038 δι·-

361 3089 591 3143 ηνεκως.

445 3156 597 3209 Ἐπεὶ
620 3149 712 3211 οὖν
741 3155 830 3210 τὸν
859 3157 918 3208 ἐν
946 3155 1023 3224 τῷ
1057 3153 1276 3226 σταυρῷ
1303 3151 1726 3224 προσηλωμένον
1761 3151 1898 3222 μέλ-

361 3237 526 3308 λομεν
555 3239 646 3291 καὶ
677 3241 836 3309 ήμεῑς
874 3238 1014 3292 κατά
1042 3239 1140 3305 τὴν
1174 3238 1410 3308 ἑσπέραν
1440 3236 1642 3308 ταύτην
1671 3238 1824 3302 ἰδεῖν,
1861 3237 1937 3300 ὡς

364 3323 533 3393 ἀμνὸν
554 3322 894 3392 ἐσφαγμένον
924 3323 1016 3374 καὶ
1043 3321 1358 3390 τεθυμένον,
1393 3321 1528 3390 μετά
1553 3321 1752 3390 φρίκης
1773 3337 1940 3391 προσ-

365 3403 554 3473 ίωμεν,
595 3403 916 3475 παρακαλῶ,
957 3404 1050 3457 καὶ
1075 3403 1256 3465 αἰδοῦς
1287 3403 1485 3472 πολλῆς
1508 3404 1602 3456 καὶ
1631 3401 1934 3466 εὐλαϐείας.

365 3488 479 3539 Οὐκ
502 3485 698 3554 ἔγνωτε
741 3488 866 3549 τοὺς
903 3487 1167 3554 ἀγγέλους
1186 3527 1200 3550 ,
1232 3486 1349 3549 πῶς
1381 3488 1832 3557 παρειστήκεισαν
1859 3487 1937 3557 τῷ

360 3572 517 3639 τάφῳ
574 3571 672 3623 οῦκ
728 3569 903 3639 ἔχοντι
956 3569 1146 3639 σῶμα,
1205 3570 1357 3638 τάφῳ
1417 3567 1590 3638 κενῶς
1649 3569 1761 3621 ἀλλ’
1789 3570 1939 3638 ὅμως

364 3653 551 3722 ἐπειδὴ
580 3653 714 3715 ὅλως
751 3652 965 3716 ἐδέξατο
1001 3651 1062 3704 τὸ
1096 3651 1254 3721 σῶμα
1275 3650 1336 3702 τὸ
1361 3649 1708 3714 Δεσποτικὸν,
1740 3651 1938 3719 πολλὴν

364 3734 698 3804 ἀπονέμουσι
729 3735 822 3787 καὶ
843 3734 920 3804 τῷ
945 3733 1094 3804 τόπῳ
1119 3735 1216 3801 τὴν
1239 3734 1421 3802 τιμήν.
1451 3734 1512 3786 Οἱ
1535 3732 1752 3800 ἄγγελοι
1774 3735 1940 3804 ὑπερ-

366 3816 640 3880 ϐαίνοντες
668 3819 766 3885 τὴν
789 3817 1064 3888 ήμετέραν
1088 3817 1248 3885 φύσιν
1281 3815 1418 3887 μετὰ
1456 3817 1721 3886 τοσαύτης
1761 3816 1940 3880 αἰδοῦς

368 3901 462 3953 καὶ
490 3900 774 3963 εὐλαϐείας
807 3901 1265 3971 παρειστήκεισαν
1287 3899 1364 3970 τῷ
1396 3899 1578 3970 τάφῳ·
1608 3902 1764 3972 ἡμεῖς
1790 3902 1848 3955 δὲ
1877 3903 1937 3954 οὺ

367 3983 523 4053 τάφῳ
559 3983 840 4052 μέλλοντες
884 3982 1250 4053 παρίστασθαι
1295 3982 1470 4052 κενῷ,
1525 3983 1639 4036 ἀλλ’
1692 3985 1827 4054 αὐτῇ
1871 3987 1937 4055 τῇ

367 4066 615 4138 τραπέζῃ
661 4069 728 4138 τῇ
762 4068 854 4120 τὸν
893 4066 1064 4137 ἀμνὸν
1103 4065 1338 4136 ἐχούσῃ,
1382 4065 1518 4136 μετά
1567 4065 1794 4137 θορύϐου
1848 4071 1941 4120 καὶ

366 4153 609 4222 ταραχῆς
635 4151 897 4220 πρόσιμεν
917 4167 932 4216 ;
961 4150 1068 4202 Καὶ
1089 4149 1171 4212 τίς
1197 4151 1327 4220 ἡμῖν
1349 4149 1498 4203 ἔσται
1521 4149 1814 4221 συγγνώμη
1835 4151 1942 4203 λοι-

371 4234 504 4297 πόν;
541 4235 652 4304 Οὺχ
681 4234 864 4295 ἁπλῶς
896 4233 1064 4286 ταῦτα
1106 4232 1249 4300 λέγω
1275 4271 1290 4294 ,
1321 4232 1434 4284 ἀλλ’
1481 4234 1665 4305 ἐπειδὴ
1716 4235 1942 4297 πολλοὺς

370 4315 480 4386 ὁρῶ
505 4320 642 4369 κατὰ
665 4316 761 4386 τὴν
783 4315 1017 4386 ἑσπέραν
1041 4316 1243 4384 ταύτην
1269 4314 1628 4386 θορυϐοῦντας
1647 4358 1660 4379 ,
1682 4317 1938 4385 βοῶντας,

371 4399 750 4468 ἐπικειμένους
795 4397 1073 4469 ἀλλήλοις,
1123 4396 1442 4468 πηδῶντας,
1483 4397 1938 4469 λοιδορουμένους,

370 4481 468 4534 καὶ
518 4481 714 4551 μᾶλλον
745 4483 951 4545 ἐαυτοῖς
1003 4481 1220 4534 κόλασιν
1258 4481 1290 4550 ἢ
1322 4485 1591 4554 σωτηρίαν
1618 4483 1940 4554 προξενοῦν-

371 4579 470 4626 τας
489 4581 502 4594 ·
529 4564 714 4617 τούτου
750 4565 908 4634 χάριν
933 4565 1030 4634 τὴν
1065 4565 1203 4634 ὑπὲρ
1224 4564 1429 4618 τούτων
1453 4566 1708 4637 ποιοῦμαι
1744 4568 1942 4639 παραί-

373 4663 540 4702 νεσιν.
575 4648 638 4702 Τί
692 4651 900 4714 ποιεῖς,
942 4648 1228 4720 ἀνθρωπε;
1285 4650 1412 4703 ὅταν
1461 4650 1663 4721 ἑστήκῃ
1695 4651 1800 4720 πρὸ
1841 4653 1940 4722 τῆς

1374 389 1460 442 DE
1499 381 1930 447 (IOEMETERIO
1971 380 2056 434 ET
2090 379 2176 434 DE
2207 376 2452 434 CRUCE.

3490 387 3598 441 398

2021 488 2298 560 τραπέζης
2325 489 2353 539 ὁ
2395 490 2575 558 ἱερεὺς
2595 529 2610 550 .
2639 491 2738 555 τὰς
2766 492 2952 562 χεῖρας
2977 490 3270 545 ἀνατείνων
3299 496 3379 558 εἰς
3396 496 3486 549 τὸν
3507 502 3594 553 of).

2026 574 2217 643 ρανδν,
2262 571 2441 625 καλῶν
2467 572 2527 625 τὸ
2576 572 2799 644 Πνεῦμα
2827 574 2887 626 τὸ
2925 574 3078 640 ἆγιον
3104 615 3120 639 ,
3158 575 3252 629 τοῦ
3293 584 3590 648 παραγενέ-

2023 656 2148 709 σθαι
2186 657 2280 708 καὶ
2307 657 2544 722 ἅψασθαι
2579 657 2686 710 τῶν
2728 657 3130 727 προκειμένων,
3177 658 3344 728 πολλὴ
3379 663 3597 734 ἡσυχία,

2023 740 2189 810 πολλὴ
2215 741 2361 811 σιγή·
2381 741 2506 792 ὅταν
2525 740 2652 810 διδῷ
2673 741 2768 812 τὴν
2795 743 2952 813 χάριν
2977 742 3036 794 τὸ
3055 742 3294 813 Πνεῦμα.
3322 747 3450 799 ὅταν
3471 765 3591 801 κατ⁹

2023 824 2311 894 έλΟῃ.ὂταν
2337 823 2539 892 ἅψηται
2555 825 2661 876 τῶν
2685 825 3080 894 προκειμένων,
3103 827 3231 878 ὅταν
3254 827 3367 897 ἴδῃς
3389 830 3450 882 τὸ
3472 831 3601 902 πρό-

2023 909 2185 961 ϐατον
2203 908 2630 976 ἐσφαγιασμένον
2649 909 2742 961 καὶ
2762 909 2872 978 ἀπη
2883 908 3188 979 ρτισμένον,
3207 911 3326 962 τότε
3349 911 3599 984 θόρυϐον,

2021 992 2142 1044 τότε
2165 991 2425 1061 ταραχὴν,
2458 993 2578 1044 τότε
2600 991 2950 1059 φιλονεικίαν,
2980 994 3099 1045 τότε
3129 993 3393 1064 λοιδορίαν
3417 998 3602 1051 ἐπεισ-

2024 1077 2211 1144 άγεις;
2245 1075 2338 1127 καὶ
2359 1075 2475 1136 πῶς
2503 1074 2707 1146 δυνήσῃ
2723 1075 2820 1144 τῆς
2846 1075 3034 1138 θυσίας
3056 1077 3597 1151 ἀπολαῦσαιταύτης,

2028 1162 2166 1233 μετά
2185 1161 2453 1231 τοσαύτης
2481 1163 2726 1233 ταραχῆς
2748 1165 2810 1231 τῇ
2851 1162 3094 1233 τραπέζῃ
3132 1165 3368 1232 προσιὼν
3392 1167 3563 1240 ταύτῃ
3584 1186 3598 1230 ;

2025 1247 2136 1298 Ούκ
2175 1247 2332 1316 ἀρκεῖ
2375 1246 2504 1315 ἡμῖν
2536 1245 2615 1297 ὃτι
2670 1245 2806 1314 μετά
2849 1246 3259 1315 ἁμαρτημάτων
3301 1252 3599 1319 προσερχόυ

2028 1329 2185 1400 μεθα,
2217 1329 2350 1382 ἀλλά
2375 1330 2468 1380 καὶ
2501 1328 2659 1379 αὑτὸν
2683 1329 2772 1380 τὸν
2807 1329 2994 1397 καιρὸν
3017 1329 3117 1398 τῆς
3144 1331 3404 1396 προσόδου
3445 1333 3602 1396 ἐκτὸς

2025 1412 2275 1480 γενέσθαι
2328 1409 2815 1480 πλημμελημάτων
2874 1412 2972 1464 ούκ
3033 1412 3376 1481 ἀνεχόμεθα;
3435 1417 3602 1468 Ὅταν

2025 1495 2133 1565 γὰρ
2163 1495 2556 1563 φιλονεικῶμεν
2579 1535 2592 1558 ,
2624 1494 2749 1546 ὅταν
2778 1494 3154 1564 θορυϐὡμεθα,
3189 1496 3314 1548 ὅταν
3340 1496 3602 1565 ἀλλήλους

2023 1579 2328 1648 δάκνωμεν,
2356 1578 2471 1640 πῶς
2499 1577 2601 1642 ἔξω
2626 1578 3036 1647 ἁμαρτημάτων
3060 1578 3293 1647 ἐσόμεθα
3319 1596 3332 1642 ;
3355 1579 3418 1632 Τί
3445 1581 3602 1634 σπεύ-

2025 1661 2174 1724 δεις,
2207 1661 2327 1714 εἰπέ
2375 1679 2500 1732 μοι;
2536 1661 2677 1723 τίνος
2733 1662 2917 1713 ἕνεκεν
2969 1661 3161 1732 ἐπείγῃ
3214 1663 3276 1715 τὸ
3332 1664 3601 1734 πρόϐατον

2027 1743 2166 1814 ὀρῶν
2197 1744 2669 1814 ἐσφαγιασμένον;
2722 1746 2770 1796 εἰ
2802 1745 2910 1814 γὰρ
2957 1745 3042 1797 διὰ
3079 1747 3256 1812 πάσης
3285 1747 3384 1816 τῆς
3411 1747 3602 1810 νυκτὸς

2030 1821 2097 1896 ἦν
2144 1827 2281 1897 πρὸς
2325 1829 2423 1897 τὴν
2478 1829 2666 1881 θυσίαν
2713 1829 2881 1896 αὐτὴν
2911 1829 3076 1898 ὁρᾷν,
3114 1824 3227 1898 εἶχε
3265 1829 3454 1898 κόρον,
3484 1831 3603 1883 εἰπέ

2035 1927 2144 1980 μοι,
2182 1910 2240 1962 τὸ
2273 1914 2505 1980 πρᾶγμα
2527 1929 2541 1976 ;
2567 1911 2716 1983 [402]
2747 1911 2912 1981 Ὅλην
2939 1911 3036 1980 τὴν
3060 1912 3271 1982 ἡμέραν
3304 1913 3604 1984 ἐκαρτέρη-

2034 2010 2168 2055 σας,
2203 1993 2262 2045 τὸ
2315 1993 2474 2046 πλέον
2515 1995 2614 2064 τῆς
2657 1994 2850 2056 νυκτὸς
2881 1994 3166 2063 διήγαγες,
3219 1996 3307 2048 καὶ
3355 1997 3604 2049 τοσοῦτον

2033 2076 2275 2145 κάματον
2305 2077 2361 2128 ὲν
2386 2076 2612 2147 βραχείᾳ
2638 2077 2826 2147 καιροῦ
2861 2078 2998 2148 ῥοπῇ
3023 2077 3283 2147 προδίδως
3310 2079 3402 2131 καὶ
3435 2079 3604 2132 ἀπολ-

2033 2157 2213 2223 λύεις;
2251 2159 2530 2226 Ἐννόησον
2564 2160 2614 2212 τί
2671 2159 2801 2212 ποτέ
2833 2161 2948 2212 ἐστι
2981 2160 3038 2212 τὸ
3088 2162 3446 2232 προκείμενον
3470 2203 3482 2222 ,
3512 2164 3608 2216 καὶ

2033 2242 2195 2294 πόθεν
2227 2242 2384 2294 ἔλαϐε
2413 2243 2511 2313 τὴν
2537 2242 2713 2296 αἰτίαν
2733 2259 2747 2274 ·
2790 2243 3002 2313 ἐσφάγη
3048 2242 3133 2296 διὰ
3173 2245 3232 2296 σέ
3255 2285 3269 2307 ,
3307 2245 3398 2298 καὶ
3426 2247 3490 2298 σὺ
3519 2247 3608 2314 ἐγ-

2032 2325 2464 2394 καταλιμπάνεις
2491 2326 2651 2378 αὑτὸν
2679 2325 3108 2395 ἐσφαγιασμένον
3139 2325 3299 2396 ὁρῶν.
3329 2327 3514 2380 Ὅπου
3541 2328 3604 2380 τὸ

2033 2406 2259 2476 πτῶμα,
2295 2408 2478 2478 φησὶν,
2517 2407 2644 2462 ἐκεῖ
2669 2410 2767 2462 καὶ
2812 2412 2864 2462 οί
2895 2409 3072 2462 ἀετοί.
3119 2409 3307 2479 Ἡμεῖς
3333 2409 3387 2462 δέ
3413 2410 3510 2480 οὐχ
3534 2411 3610 2474 ὡς

2033 2491 2214 2554 ἀετοὶ,
2247 2491 2361 2544 ἀλλ’
2395 2492 2470 2554 ὡς
2504 2491 2664 2554 κύνες
2691 2490 3105 2561 προσερχόμεθα
3130 2509 3143 2520 ο
3186 2491 3421 2561 τοσαύτη
3450 2495 3482 2562 ή
3494 2494 3610 2562 μῶν

2033 2575 2066 2642 ἠ
2099 2575 2468 2644 ἀναισχυντία.
2511 2576 2788 2642 Ἐννόησον
2815 2575 2866 2626 τί
2891 2574 3019 2626 ποτέ
3052 2576 3167 2626 ἐστι
3185 2574 3245 2626 τὸ
3274 2576 3573 2645 κεχυμένον
3593 2593 3605 2604 ·

2033 2650 2172 2726 αἷμά
2209 2660 2353 2710 ἐστιν
2374 2697 2387 2721 ,
2412 2654 2558 2727 αἷμα
2588 2658 2616 2710 ὃ
2668 2658 2729 2709 τὸ
2775 2658 3136 2728 χειρόγραφον
3167 2657 3274 2709 τῶν
3326 2657 3610 2729 ἁμαρτιῶν

2032 2739 2352 2810 ἀπήλειψενσ
2386 2735 2523 2810 αἷμα
2565 2741 2594 2793 ὃ
2621 2741 2718 2810 τὴν
2773 2741 2949 2810 ψυχήν
3002 2759 3094 2792 σου
3125 2739 3417 2810 ἐκάθηρεν,
3459 2741 3610 2809 δτὴν

2034 2822 2224 2892 κηλῖδα
2270 2823 2576 2876 ἀπέπλυνεν
2601 2863 2616 2884 ,
2665 2824 2693 2876 ὃ
2730 2824 2828 2886 τὰς
2866 2823 3040 2895 ἀρχάς
3077 2824 3171 2876 καὶ
3206 2822 3307 2886 τὰς
3360 2823 3607 2888 ἐξουσίας

2034 2905 2450 2976 ἐθριάμϐευσεν.
2521 2905 3033 2975 Ἀπεκδυσὰμενος
3090 2906 3230 2976 γὰρ,
3284 2908 3458 2978 φησὶ,
3505 2908 3611 2974 τὰς

2033 2989 2223 3058 ἀρχὰς
2252 2991 2350 3043 καί
2385 2989 2491 3054 τὰς
2522 2989 2807 3055 ἐξουσίας
2839 2988 3250 3071 ἐδειγμάτισεν
3284 2991 3355 3043 ἐν
3397 2993 3614 3071 πσῤῥῃ-

2033 3073 2140 3137 σίᾳ
2175 3073 2574 3142 θριαμϐεύσας
2600 3074 2668 3126 ἐν
2703 3071 2782 3137 τῷ
2814 3070 3074 3141 σταυρῷ.
3104 3072 3281 3125 Πολλὰ
3301 3114 3315 3138 ,
3353 3075 3520 3142 φησὶ,
3553 3070 3613 3127 16

2033 3155 2291 3224 τρόπαιον
2335 3154 2448 3224 ἔχει
2496 3155 2594 3222 τῆς
2633 3156 2788 3223 νίκης
2839 3155 2907 3208 τὰ
2955 3155 3230 3224 σύμϐολαο
3269 3156 3337 3208 τὰ
3397 3157 3610 3226 λάφυρα

2034 3238 2305 3307 κρέμαται
2333 3239 2443 3292 ἀνω
2473 3237 2557 3307 ἐφ’
2583 3238 2786 3308 ὑψηλοῦ
2809 3239 2900 3291 ἐπὶ
2922 3238 3015 3291 τοῦ
3053 3238 3304 3308 σταυροῦ.
3345 3239 3610 3308 Καθάπερ

2034 3323 2140 3390 γὰρ
2170 3321 2423 3391 βασιλεὺς
2448 3324 2690 3388 γενναῖος
2709 3321 2942 3392 πόλεμον
2962 3323 3188 3391 νικήσας
3211 3321 3610 3390 χαλεπώτατον,

2034 3403 2126 3456 τὸν
2153 3403 2378 3475 θώρακα
2412 3404 2503 3456 καὶ
2541 3404 2637 3473 τὴν
2664 3403 2864 3456 ἀσπίδα
2895 3403 2988 3456 καὶ
3014 3405 3080 3456 τὰ
3113 3404 3251 3456 ὅπλα
3282 3404 3374 3456 τοῦ
3409 3406 3612 3476 τυράν-

2037 3504 2128 3540 νου
2159 3489 2253 3540 κα¹ι
2282 3488 2388 3539 τῶν
2416 3486 2759 3557 στρατιωτῶν
2789 3485 2896 3537 τῶν
2926 3487 3262 3556 ἡττηθέντων
3289 3489 3373 3555 ἐφ’
3407 3487 3610 3558 ὑψηλοῦ

2036 3569 2131 3622 τοῦ
2155 3569 2416 3641 τροπαίου
2444 3570 2655 3638 τίθησιν
2677 3587 2688 3598 ·
2729 3568 2869 3622 οῦτω
2895 3570 2987 3622 καὶ
3021 3571 3049 3621 ὁ
3075 3570 3307 3642 Χριστὸς
3334 3571 3425 3622 τὸν
3465 3573 3614 3622 πόλει

2041 3671 2140 3723 μον
2177 3655 2402 3724 νικήσας
2434 3653 2523 3706 τὸν
2564 3653 2699 3724 πρὸς
2750 3653 2841 3705 τὸν
2866 3653 3104 3706 διάϐολον
3123 3697 3136 3717 ,
3167 3653 3234 3705 τά
3280 3653 3418 3707 ὅπλα
3447 3653 3613 3707 αὐτοῦ

2039 3738 2250 3800 πάντα,
2294 3737 2384 3789 τὸν
2431 3736 2684 3799 θάνατον,
2740 3736 2838 3804 τὴν
2883 3738 3127 3806 κατάραν
3171 3737 3478 3807 ἐκρέμασεν
3528 3737 3610 3804 ἐφ’

2040 3819 2244 3890 ὑψηλοῦ
2278 3820 2371 3871 τοῦ
2421 3818 2649 3890 σταυροῦ
2673 3859 2687 3882 ,
2735 3819 2983 3889 καθάπερ
3021 3819 3114 3870 ἐπὶ
3155 3820 3416 3889 τροπαίου
3451 3821 3612 3885 τινος,

2040 3902 2127 3955 ἵνα
2163 3904 2362 3965 πάντες
2398 3903 2458 3954 τὸ
2489 3904 2746 3971 τρόπαιον
2782 3901 3068 3970 βλέπωσιν,
3107 3904 3162 3954 αἱ
3206 3903 3316 3956 ἄνω
3339 3903 3611 3974 δυνάμεις,

2041 3988 2097 4040 αἱ
2127 3989 2183 4039 ἐν
2218 3989 2330 4048 τοῖς
2365 3987 2614 4056 οὐρανοῖς
2636 4028 2651 4051 ,
2678 3987 2726 4037 οἱ
2766 3986 2914 4038 κάτω
2948 3985 3252 4054 ἄνθρωποι,
3287 3987 3336 4037 οἱ
3376 3987 3467 4038 ἐπὶ
3516 3987 3613 4056 τῆς

2041 4069 2188 4140 γῆς,
2243 4070 2396 4123 αὐτοὶ
2454 4070 2504 4120 οἱ
2565 4068 2791 4138 πονηροὶ
2855 4067 3102 4136 δαίμονες
3155 4069 3201 4119 οἱ
3267 4069 3611 4138 ἡττηθέντες.

2055 4153 2272 4224 Ἐπειδὴ
2303 4150 2394 4207 οὖν
2423 4152 2689 4223 τοσαύτης
2710 4151 3096 4220 ἀπελαύσαμεν
3120 4150 3325 4220 δωρεᾶς
3344 4193 3359 4217 ,
3389 4154 3616 4216 ἑαυτοὺς

2043 4236 2182 4290 κατά
2212 4237 2437 4306 δύναμιν
2470 4237 2652 4302 ἀξίους
2705 4234 3057 4302 ἐπιδείξωμεν
3089 4232 3196 4286 τῶν
3248 4235 3614 4307 ὑπηργμένων

2043 4322 2172 4390 ἡμῖν
2195 4319 2432 4388 ἀγαθῶν,
2467 4319 2553 4372 ἵνα
2579 4317 2792 4386 καὶτῆς
2815 4316 3089 4386 βασιλείας
3119 4317 3226 4368 τῶν
3246 4317 3490 4386 οὐρανῶν
3515 4317 3614 4370 16-

2043 4419 2262 4473 χωμεν,
2303 4403 2483 4472 χάριτι
2517 4401 2610 4454 καὶ
2643 4399 3023 4470 φιλανθρωπίᾳ
3071 4397 3165 4450 τοῦ
3206 4397 3411 4468 Κυρίου
3455 4399 3614 4470 ήμῶν

2057 4483 2230 4554 Ἰησοῦ
2262 4483 2518 4556 Χριστοῦ,
2553 4484 2619 4536 δι’
2648 4477 2709 4536 οῦ
2739 4481 2832 4534 καὶ
2859 4481 2974 4553 μεθ’
3005 4476 3066 4535 οὗ
3095 4479 3172 4550 τῷ
3202 4481 3377 4551 Πατρὶ
3401 4481 3516 4552 ἅμα
3538 4481 3616 4552 τῷ

2044 4570 2182 4639 ἁγίῳ
2205 4567 2479 4639 Πνεύματι
2515 4568 2662 4632 δόξα,
2688 4566 2854 4640 τιμὴ,
2893 4565 3124 4638 κράτος,
3150 4567 3231 4630 είς
3267 4567 3392 4631 τοὺς
3415 4565 3616 4631 αἰῶνας

2044 4654 2151 4708 τῶν
2178 4653 2405 4707 αἰώνων.
2443 4652 2632 4722 Ἀμήν.

1633 5108 2075 5143 ...ιι-ωειοιω..
2097 5130 2107 5138 .
2125 5115 2425 5138 ...μη-ν·-
