  <div class='ocr_page' id='page_1' title='image "/cluster/home/n/w/nwhite01/storage/ocr_20150623/49/nnc1.0046978208/386.png"; bbox 0 0 4066 6392; ppageno 0'>
   <div class='ocr_carea' id='block_1_1' title="bbox 305 398 3558 466">
    <p class='ocr_par' dir='ltr' id='par_1_1' title="bbox 305 398 3558 466">
     <span class='ocr_line' id='line_1_1' title="bbox 305 398 3558 466; baseline 0.005 -18"><span class='ocrx_word' id='word_1_1' title='bbox 305 410 411 465; x_wconf 72' lang='lat'><strong>590</strong></span> <span class='ocrx_word' id='word_1_2' title='bbox 1071 401 1159 457; x_wconf 83' lang='lat' dir='ltr'><strong>DE</strong></span> <span class='ocrx_word' id='word_1_3' title='bbox 1206 400 1433 457; x_wconf 76' lang='lat' dir='ltr'><strong>CRUCE</strong></span> <span class='ocrx_word' id='word_1_4' title='bbox 1481 398 1569 455; x_wconf 84' lang='lat' dir='ltr'>ET</span> <span class='ocrx_word' id='word_1_5' title='bbox 1613 398 1938 456; x_wconf 77' lang='lat' dir='ltr'><strong>LATRONE</strong></span> <span class='ocrx_word' id='word_1_6' title='bbox 1978 399 2207 457; x_wconf 80' lang='lat' dir='ltr'><strong>HOMIL.</strong></span> <span class='ocrx_word' id='word_1_7' title='bbox 2250 402 2289 456; x_wconf 83' lang='grc' dir='ltr'><strong>Ι.</strong></span> <span class='ocrx_word' id='word_1_8' title='bbox 2331 435 2399 444; x_wconf 90' lang='grc'><strong>-</strong></span> <span class='ocrx_word' id='word_1_9' title='bbox 2438 401 2774 459; x_wconf 75' lang='lat' dir='ltr'><strong>MONI&#39;I‘UM.</strong></span> <span class='ocrx_word' id='word_1_10' title='bbox 3452 409 3558 466; x_wconf 64' lang='lat'><strong>£00</strong></span> 
     </span>
    </p>
   </div>
   <div class='ocr_carea' id='block_1_2' title="bbox 328 564 3479 589">
    <p class='ocr_par' dir='ltr' id='par_1_2' title="bbox 328 564 3479 589">
     <span class='ocr_line' id='line_1_2' title="bbox 328 564 3479 589; baseline -0.001 -6"><span class='ocrx_word' id='word_1_11' title='bbox 328 564 3479 589; x_wconf 51' lang='lat' dir='ltr'><strong>mm</strong></span> 
     </span>
    </p>
   </div>
   <div class='ocr_carea' id='block_1_3' title="bbox 1758 730 2160 793">
    <p class='ocr_par' dir='ltr' id='par_1_3' title="bbox 1758 730 2160 793">
     <span class='ocr_line' id='line_1_3' title="bbox 1758 730 2160 793; baseline 0.005 -2"><span class='ocrx_word' id='word_1_12' title='bbox 1758 730 2135 793; x_wconf 80' lang='lat' dir='ltr'><strong>MONITUM</strong></span> <span class='ocrx_word' id='word_1_13' title='bbox 2147 780 2160 792; x_wconf 95' lang='lat'><strong>.</strong></span> 
     </span>
    </p>
   </div>
   <div class='ocr_carea' id='block_1_4' title="bbox 374 942 3558 1034">
    <p class='ocr_par' dir='ltr' id='par_1_4' title="bbox 374 942 3558 1034">
     <span class='ocr_line' id='line_1_4' title="bbox 374 942 3558 1034; baseline 0.005 -31"><span class='ocrx_word' id='word_1_14' title='bbox 374 946 779 1004; x_wconf 76' lang='lat' dir='ltr'><strong>Advertendum</strong></span> <span class='ocrx_word' id='word_1_15' title='bbox 819 952 999 998; x_wconf 91' lang='lat' dir='ltr'><strong>autem</strong></span> <span class='ocrx_word' id='word_1_16' title='bbox 1044 951 1149 1007; x_wconf 90' lang='lat' dir='ltr'><strong>est,</strong></span> <span class='ocrx_word' id='word_1_17' title='bbox 1200 942 1324 997; x_wconf 91' lang='lat' dir='ltr'><strong>licet</strong></span> <span class='ocrx_word' id='word_1_18' title='bbox 1352 944 1407 996; x_wconf 92' lang='lat' dir='ltr'><strong>in</strong></span> <span class='ocrx_word' id='word_1_19' title='bbox 1456 945 1758 1012; x_wconf 74' lang='lat' dir='ltr'><strong>posteriore</strong></span> <span class='ocrx_word' id='word_1_20' title='bbox 1787 946 1951 1010; x_wconf 86' lang='lat' dir='ltr'><strong>dicat,</strong></span> <span class='ocrx_word' id='word_1_21' title='bbox 1986 944 2112 1011; x_wconf 80' lang='lat' dir='ltr'><strong>Qua:</strong></span> <span class='ocrx_word' id='word_1_22' title='bbox 2156 948 2265 1001; x_wconf 84' lang='lat' dir='ltr'><strong>heri</strong></span> <span class='ocrx_word' id='word_1_23' title='bbox 2300 951 2510 1027; x_wconf 65' lang='lat' dir='ltr'><strong>pronai,</strong></span> <span class='ocrx_word' id='word_1_24' title='bbox 2544 955 2844 1008; x_wconf 81' lang='lat' dir='ltr'><strong>earumdem</strong></span> <span class='ocrx_word' id='word_1_25' title='bbox 2883 965 2930 1010; x_wconf 88' lang='lat' dir='ltr'><strong>et</strong></span> <span class='ocrx_word' id='word_1_26' title='bbox 2966 974 3104 1013; x_wconf 84' lang='lat' dir='ltr'><strong>nunc</strong></span> <span class='ocrx_word' id='word_1_27' title='bbox 3132 964 3558 1034; x_wconf 76' lang='lat' dir='ltr'><strong>commonefacio,</strong></span> 
     </span>
    </p>
   </div>
   <div class='ocr_carea' id='block_1_5' title="bbox 304 1038 3562 1114">
    <p class='ocr_par' dir='ltr' id='par_1_5' title="bbox 304 1038 3562 1114">
     <span class='ocr_line' id='line_1_5' title="bbox 304 1038 3562 1114; baseline 0.005 -16"><span class='ocrx_word' id='word_1_28' title='bbox 304 1060 413 1098; x_wconf 90' lang='lat' dir='ltr'><strong>non</strong></span> <span class='ocrx_word' id='word_1_29' title='bbox 467 1039 677 1095; x_wconf 77' lang='lat' dir='ltr'><strong>excludi</strong></span> <span class='ocrx_word' id='word_1_30' title='bbox 734 1050 914 1092; x_wconf 86' lang='lat' dir='ltr'><strong>tamen</strong></span> <span class='ocrx_word' id='word_1_31' title='bbox 951 1053 1135 1107; x_wconf 90' lang='lat' dir='ltr'><strong>parem</strong></span> <span class='ocrx_word' id='word_1_32' title='bbox 1183 1038 1617 1107; x_wconf 69' lang='lat' dir='ltr'><strong>prtecedentibus</strong></span> <span class='ocrx_word' id='word_1_33' title='bbox 1648 1040 1842 1096; x_wconf 89' lang='lat' dir='ltr'><strong>diebus</strong></span> <span class='ocrx_word' id='word_1_34' title='bbox 1885 1042 2125 1096; x_wconf 90' lang='lat' dir='ltr'><strong>habitam</strong></span> <span class='ocrx_word' id='word_1_35' title='bbox 2156 1045 2601 1101; x_wconf 75' lang='lat' dir='ltr'><strong>admonitionem.</strong></span> <span class='ocrx_word' id='word_1_36' title='bbox 2630 1048 2766 1103; x_wconf 84' lang='lat' dir='ltr'><strong>Nam</strong></span> <span class='ocrx_word' id='word_1_37' title='bbox 2816 1051 2873 1104; x_wconf 91' lang='lat' dir='ltr'><strong>in</strong></span> <span class='ocrx_word' id='word_1_38' title='bbox 2903 1051 3112 1108; x_wconf 88' lang='lat' dir='ltr'><strong>duabus</strong></span> <span class='ocrx_word' id='word_1_39' title='bbox 3142 1056 3209 1110; x_wconf 88' lang='lat' dir='ltr'><strong>de</strong></span> <span class='ocrx_word' id='word_1_40' title='bbox 3247 1057 3562 1114; x_wconf 84' lang='lat' dir='ltr'><strong>Proditione</strong></span> 
     </span>
    </p>
   </div>
   <div class='ocr_carea' id='block_1_6' title="bbox 303 1128 3558 1215">
    <p class='ocr_par' dir='ltr' id='par_1_6' title="bbox 303 1128 3558 1215">
     <span class='ocr_line' id='line_1_6' title="bbox 303 1128 3558 1215; baseline 0.007 -34"><span class='ocrx_word' id='word_1_41' title='bbox 303 1129 455 1186; x_wconf 76' lang='lat' dir='ltr'><strong>.ludze</strong></span> <span class='ocrx_word' id='word_1_42' title='bbox 480 1131 851 1193; x_wconf 85' lang='lat' dir='ltr'><strong>concionibus,</strong></span> <span class='ocrx_word' id='word_1_43' title='bbox 873 1145 1015 1198; x_wconf 69' lang='lat' dir='ltr'><strong>quae,</strong></span> <span class='ocrx_word' id='word_1_44' title='bbox 1050 1129 1126 1183; x_wconf 93' lang='lat' dir='ltr'><strong>uti</strong></span> <span class='ocrx_word' id='word_1_45' title='bbox 1156 1139 1364 1183; x_wconf 87' lang='lat' dir='ltr'><strong>certum</strong></span> <span class='ocrx_word' id='word_1_46' title='bbox 1394 1128 1626 1195; x_wconf 86' lang='lat' dir='ltr'><strong>videtur,</strong></span> <span class='ocrx_word' id='word_1_47' title='bbox 1658 1130 1821 1185; x_wconf 89' lang='lat' dir='ltr'><strong>hasce</strong></span> <span class='ocrx_word' id='word_1_48' title='bbox 1850 1132 1984 1187; x_wconf 89' lang='lat' dir='ltr'><strong>duas</strong></span> <span class='ocrx_word' id='word_1_49' title='bbox 2008 1133 2074 1186; x_wconf 91' lang='lat' dir='ltr'><strong>de</strong></span> <span class='ocrx_word' id='word_1_50' title='bbox 2100 1132 2273 1187; x_wconf 91' lang='lat' dir='ltr'><strong>Cruce</strong></span> <span class='ocrx_word' id='word_1_51' title='bbox 2299 1144 2352 1188; x_wconf 90' lang='lat' dir='ltr'><strong>et</strong></span> <span class='ocrx_word' id='word_1_52' title='bbox 2388 1135 2619 1191; x_wconf 78' lang='lat' dir='ltr'><strong>Latrone</strong></span> <span class='ocrx_word' id='word_1_53' title='bbox 2657 1155 2766 1193; x_wconf 92' lang='lat' dir='ltr'><strong>uno</strong></span> <span class='ocrx_word' id='word_1_54' title='bbox 2794 1150 3000 1196; x_wconf 87' lang='lat' dir='ltr'><strong>tantum</strong></span> <span class='ocrx_word' id='word_1_55' title='bbox 3030 1144 3116 1199; x_wconf 90' lang='lat' dir='ltr'><strong>die</strong></span> <span class='ocrx_word' id='word_1_56' title='bbox 3143 1160 3558 1215; x_wconf 60' lang='lat' dir='ltr'><strong>praecesserunt,</strong></span> 
     </span>
    </p>
   </div>
   <div class='ocr_carea' id='block_1_7' title="bbox 309 1222 3558 1306">
    <p class='ocr_par' dir='ltr' id='par_1_7' title="bbox 309 1222 3558 1306">
     <span class='ocr_line' id='line_1_7' title="bbox 309 1222 3558 1306; baseline 0.006 -31"><span class='ocrx_word' id='word_1_57' title='bbox 309 1225 387 1277; x_wconf 91' lang='lat' dir='ltr'><strong>sic</strong></span> <span class='ocrx_word' id='word_1_58' title='bbox 415 1225 649 1295; x_wconf 77' lang='lat' dir='ltr'><strong>loquitur</strong></span> <span class='ocrx_word' id='word_1_59' title='bbox 676 1222 827 1295; x_wconf 70' lang='lat'><strong>[405]</strong></span> <span class='ocrx_word' id='word_1_60' title='bbox 849 1222 1268 1293; x_wconf 80' lang='lat' dir='ltr'><strong>Chrysostomus</strong></span> <span class='ocrx_word' id='word_1_61' title='bbox 1296 1243 1307 1276; x_wconf 92' lang='lat'>:</span> <span class='ocrx_word' id='word_1_62' title='bbox 1340 1223 1463 1277; x_wconf 87' lang='lat' dir='ltr'><strong>Ideo</strong></span> <span class='ocrx_word' id='word_1_63' title='bbox 1485 1232 1678 1293; x_wconf 84' lang='lat' dir='ltr'><strong>quarta</strong></span> <span class='ocrx_word' id='word_1_64' title='bbox 1707 1224 1823 1292; x_wconf 83' lang='lat' dir='ltr'><strong>jam</strong></span> <span class='ocrx_word' id='word_1_65' title='bbox 1852 1227 1937 1280; x_wconf 87' lang='lat' dir='ltr'><strong>die</strong></span> <span class='ocrx_word' id='word_1_66' title='bbox 1980 1228 2124 1295; x_wconf 86' lang='lat' dir='ltr'><strong>apud</strong></span> <span class='ocrx_word' id='word_1_67' title='bbox 2151 1244 2238 1280; x_wconf 83' lang='lat' dir='ltr'><strong>vos</strong></span> <span class='ocrx_word' id='word_1_68' title='bbox 2267 1245 2559 1283; x_wconf 86' lang='lat' dir='ltr'><strong>sermonem</strong></span> <span class='ocrx_word' id='word_1_69' title='bbox 2598 1232 2759 1285; x_wconf 84' lang='lat' dir='ltr'><strong><em>habeo</em></strong></span> <span class='ocrx_word' id='word_1_70' title='bbox 2792 1234 2855 1287; x_wconf 86' lang='lat' dir='ltr'><strong>de</strong></span> <span class='ocrx_word' id='word_1_71' title='bbox 2892 1234 3148 1290; x_wconf 90' lang='lat' dir='ltr'><strong>Oratione</strong></span> <span class='ocrx_word' id='word_1_72' title='bbox 3178 1256 3273 1306; x_wconf 86' lang='lat' dir='ltr'><strong>pro</strong></span> <span class='ocrx_word' id='word_1_73' title='bbox 3313 1242 3558 1297; x_wconf 85' lang='lat' dir='ltr'><strong>inimicis.</strong></span> 
     </span>
    </p>
   </div>
   <div class='ocr_carea' id='block_1_8' title="bbox 311 1316 3560 1403">
    <p class='ocr_par' dir='ltr' id='par_1_8' title="bbox 311 1316 3560 1403">
     <span class='ocr_line' id='line_1_8' title="bbox 311 1316 3560 1403; baseline 0.006 -32"><span class='ocrx_word' id='word_1_74' title='bbox 311 1318 400 1371; x_wconf 70' lang='lat' dir='ltr'><strong>Hac</strong></span> <span class='ocrx_word' id='word_1_75' title='bbox 429 1334 589 1387; x_wconf 88' lang='lat' dir='ltr'><strong>porro</strong></span> <span class='ocrx_word' id='word_1_76' title='bbox 613 1319 733 1372; x_wconf 70' lang='lat' dir='ltr'><strong>dua:</strong></span> <span class='ocrx_word' id='word_1_77' title='bbox 770 1316 1063 1372; x_wconf 88' lang='lat' dir='ltr'><strong>conciones</strong></span> <span class='ocrx_word' id='word_1_78' title='bbox 1086 1317 1272 1372; x_wconf 89' lang='lat' dir='ltr'><strong>eadem</strong></span> <span class='ocrx_word' id='word_1_79' title='bbox 1302 1329 1615 1374; x_wconf 89' lang='lat' dir='ltr'><strong>recurrente</strong></span> <span class='ocrx_word' id='word_1_80' title='bbox 1654 1318 1809 1375; x_wconf 89' lang='lat' dir='ltr'><strong>Feria</strong></span> <span class='ocrx_word' id='word_1_81' title='bbox 1838 1321 2023 1390; x_wconf 90' lang='lat' dir='ltr'><strong>quinta</strong></span> <span class='ocrx_word' id='word_1_82' title='bbox 2057 1321 2108 1374; x_wconf 92' lang='lat' dir='ltr'><strong>in</strong></span> <span class='ocrx_word' id='word_1_83' title='bbox 2133 1320 2300 1376; x_wconf 74' lang='lat' dir='ltr'><strong>Coena</strong></span> <span class='ocrx_word' id='word_1_84' title='bbox 2331 1320 2563 1389; x_wconf 85' lang='lat' dir='ltr'><strong>Domini,</strong></span> <span class='ocrx_word' id='word_1_85' title='bbox 2602 1326 2697 1380; x_wconf 88' lang='lat' dir='ltr'><strong>sed</strong></span> <span class='ocrx_word' id='word_1_86' title='bbox 2724 1326 2954 1383; x_wconf 88' lang='lat' dir='ltr'><strong>diversis</strong></span> <span class='ocrx_word' id='word_1_87' title='bbox 2980 1331 3157 1397; x_wconf 87' lang='lat' dir='ltr'><strong>annis,</strong></span> <span class='ocrx_word' id='word_1_88' title='bbox 3186 1333 3381 1389; x_wconf 75' lang='lat' dir='ltr'><strong>habita:</strong></span> <span class='ocrx_word' id='word_1_89' title='bbox 3410 1344 3560 1403; x_wconf 89' lang='lat' dir='ltr'><strong>sunt,</strong></span> 
     </span>
    </p>
   </div>
   <div class='ocr_carea' id='block_1_9' title="bbox 308 1406 3563 1488">
    <p class='ocr_par' dir='ltr' id='par_1_9' title="bbox 308 1406 3563 1488">
     <span class='ocr_line' id='line_1_9' title="bbox 308 1406 3563 1488; baseline 0.007 -27"><span class='ocrx_word' id='word_1_90' title='bbox 308 1419 367 1462; x_wconf 89' lang='lat' dir='ltr'><strong>ut</strong></span> <span class='ocrx_word' id='word_1_91' title='bbox 420 1409 657 1463; x_wconf 75' lang='lat' dir='ltr'><strong>diximus</strong></span> <span class='ocrx_word' id='word_1_92' title='bbox 685 1408 740 1463; x_wconf 91' lang='lat' dir='ltr'><strong>in</strong></span> <span class='ocrx_word' id='word_1_93' title='bbox 769 1406 973 1462; x_wconf 81' lang='lat' dir='ltr'><strong>Monito</strong></span> <span class='ocrx_word' id='word_1_94' title='bbox 1013 1406 1212 1462; x_wconf 89' lang='lat' dir='ltr'><strong>ibidem</strong></span> <span class='ocrx_word' id='word_1_95' title='bbox 1244 1426 1255 1460; x_wconf 91' lang='lat'><strong>:</strong></span> <span class='ocrx_word' id='word_1_96' title='bbox 1289 1408 1344 1461; x_wconf 90' lang='lat' dir='ltr'><strong>in</strong></span> <span class='ocrx_word' id='word_1_97' title='bbox 1384 1417 1612 1481; x_wconf 86' lang='lat' dir='ltr'><strong>utraque</strong></span> <span class='ocrx_word' id='word_1_98' title='bbox 1642 1424 1791 1475; x_wconf 85' lang='lat' dir='ltr'><strong>vero,</strong></span> <span class='ocrx_word' id='word_1_99' title='bbox 1831 1422 2022 1479; x_wconf 88' lang='lat' dir='ltr'><strong>quarta</strong></span> <span class='ocrx_word' id='word_1_100' title='bbox 2048 1412 2157 1480; x_wconf 85' lang='lat' dir='ltr'><strong>jam</strong></span> <span class='ocrx_word' id='word_1_101' title='bbox 2188 1412 2495 1467; x_wconf 74' lang='lat' dir='ltr'><strong>adhortatio</strong></span> <span class='ocrx_word' id='word_1_102' title='bbox 2523 1415 2586 1469; x_wconf 89' lang='lat' dir='ltr'><strong>ad</strong></span> <span class='ocrx_word' id='word_1_103' title='bbox 2618 1418 2881 1472; x_wconf 90' lang='lat' dir='ltr'><strong>orandum</strong></span> <span class='ocrx_word' id='word_1_104' title='bbox 2913 1434 3013 1488; x_wconf 89' lang='lat' dir='ltr'><strong>pro</strong></span> <span class='ocrx_word' id='word_1_105' title='bbox 3037 1421 3289 1487; x_wconf 86' lang='lat' dir='ltr'><strong>inimicis.</strong></span> <span class='ocrx_word' id='word_1_106' title='bbox 3322 1426 3376 1481; x_wconf 90' lang='lat' dir='ltr'><strong>in</strong></span> <span class='ocrx_word' id='word_1_107' title='bbox 3412 1428 3563 1484; x_wconf 71' lang='lat' dir='ltr'><strong>hisce</strong></span> 
     </span>
    </p>
   </div>
   <div class='ocr_carea' id='block_1_10' title="bbox 311 1503 3560 1583">
    <p class='ocr_par' dir='ltr' id='par_1_10' title="bbox 311 1503 3560 1583">
     <span class='ocr_line' id='line_1_10' title="bbox 311 1503 3560 1583; baseline 0.007 -26"><span class='ocrx_word' id='word_1_108' title='bbox 311 1514 492 1559; x_wconf 89' lang='lat' dir='ltr'><strong>autem</strong></span> <span class='ocrx_word' id='word_1_109' title='bbox 542 1504 754 1558; x_wconf 87' lang='lat' dir='ltr'><strong>duabus</strong></span> <span class='ocrx_word' id='word_1_110' title='bbox 790 1503 980 1574; x_wconf 91' lang='lat' dir='ltr'><strong>quinta</strong></span> <span class='ocrx_word' id='word_1_111' title='bbox 1037 1505 1460 1569; x_wconf 86' lang='lat' dir='ltr'><strong>numerabatur;</strong></span> <span class='ocrx_word' id='word_1_112' title='bbox 1510 1503 1616 1558; x_wconf 90' lang='lat' dir='ltr'><strong>nisi</strong></span> <span class='ocrx_word' id='word_1_113' title='bbox 1677 1503 1906 1559; x_wconf 81' lang='lat' dir='ltr'><strong>fortasse</strong></span> <span class='ocrx_word' id='word_1_114' title='bbox 1953 1508 2075 1573; x_wconf 86' lang='lat' dir='ltr'><strong>quis</strong></span> <span class='ocrx_word' id='word_1_115' title='bbox 2120 1507 2316 1561; x_wconf 77' lang='lat' dir='ltr'><strong>dixerit</strong></span> <span class='ocrx_word' id='word_1_116' title='bbox 2358 1510 2737 1578; x_wconf 85' lang='lat' dir='ltr'><strong>posteriorem,</strong></span> <span class='ocrx_word' id='word_1_117' title='bbox 2790 1514 2845 1567; x_wconf 90' lang='lat' dir='ltr'><strong>in</strong></span> <span class='ocrx_word' id='word_1_118' title='bbox 2892 1530 2996 1583; x_wconf 88' lang='lat' dir='ltr'><strong>qua</strong></span> <span class='ocrx_word' id='word_1_119' title='bbox 3049 1518 3304 1575; x_wconf 86' lang='lat' dir='ltr'><strong>hesterna</strong></span> <span class='ocrx_word' id='word_1_120' title='bbox 3352 1532 3560 1580; x_wconf 89' lang='lat' dir='ltr'><strong>tantum</strong></span> 
     </span>
    </p>
   </div>
   <div class='ocr_carea' id='block_1_11' title="bbox 308 1596 3558 1683">
    <p class='ocr_par' dir='ltr' id='par_1_11' title="bbox 308 1596 3558 1683">
     <span class='ocr_line' id='line_1_11' title="bbox 308 1596 3558 1683; baseline 0.007 -33"><span class='ocrx_word' id='word_1_121' title='bbox 308 1597 613 1651; x_wconf 84' lang='lat' dir='ltr'><strong>adhortatio</strong></span> <span class='ocrx_word' id='word_1_122' title='bbox 658 1606 1012 1660; x_wconf 87' lang='lat' dir='ltr'><strong>memoratur,</strong></span> <span class='ocrx_word' id='word_1_123' title='bbox 1067 1606 1321 1652; x_wconf 85' lang='lat' dir='ltr'><strong>neutram</strong></span> <span class='ocrx_word' id='word_1_124' title='bbox 1364 1614 1431 1651; x_wconf 85' lang='lat' dir='ltr'><strong>ex</strong></span> <span class='ocrx_word' id='word_1_125' title='bbox 1470 1596 1702 1660; x_wconf 88' lang='lat' dir='ltr'><strong>duabus,</strong></span> <span class='ocrx_word' id='word_1_126' title='bbox 1733 1611 1853 1665; x_wconf 69' lang='lat' dir='ltr'><strong>quae</strong></span> <span class='ocrx_word' id='word_1_127' title='bbox 1883 1609 2196 1669; x_wconf 87' lang='lat' dir='ltr'><strong>supersunt,</strong></span> <span class='ocrx_word' id='word_1_128' title='bbox 2224 1600 2292 1654; x_wconf 89' lang='lat' dir='ltr'><strong>de</strong></span> <span class='ocrx_word' id='word_1_129' title='bbox 2319 1600 2631 1656; x_wconf 91' lang='lat' dir='ltr'><strong>Proditione</strong></span> <span class='ocrx_word' id='word_1_130' title='bbox 2661 1603 2813 1660; x_wconf 74' lang='lat' dir='ltr'><strong>Judae</strong></span> <span class='ocrx_word' id='word_1_131' title='bbox 2842 1606 3117 1661; x_wconf 86' lang='lat' dir='ltr'><strong>homiliam</strong></span> <span class='ocrx_word' id='word_1_132' title='bbox 3151 1613 3302 1681; x_wconf 90' lang='lat' dir='ltr'><strong>sequi</strong></span> <span class='ocrx_word' id='word_1_133' title='bbox 3334 1615 3558 1683; x_wconf 85' lang='lat' dir='ltr'><strong>debere,</strong></span> 
     </span>
    </p>
   </div>
   <div class='ocr_carea' id='block_1_12' title="bbox 310 1690 3558 1781">
    <p class='ocr_par' dir='ltr' id='par_1_12' title="bbox 310 1690 3558 1781">
     <span class='ocr_line' id='line_1_12' title="bbox 310 1690 3558 1781; baseline 0.005 -34"><span class='ocrx_word' id='word_1_134' title='bbox 310 1690 404 1747; x_wconf 83' lang='lat' dir='ltr'><strong>sed</strong></span> <span class='ocrx_word' id='word_1_135' title='bbox 438 1690 492 1744; x_wconf 91' lang='lat' dir='ltr'><strong>in</strong></span> <span class='ocrx_word' id='word_1_136' title='bbox 536 1690 699 1744; x_wconf 90' lang='lat' dir='ltr'><strong>alium</strong></span> <span class='ocrx_word' id='word_1_137' title='bbox 740 1705 943 1744; x_wconf 90' lang='lat' dir='ltr'><strong>annum</strong></span> <span class='ocrx_word' id='word_1_138' title='bbox 982 1705 1101 1745; x_wconf 92' lang='lat' dir='ltr'><strong>esse</strong></span> <span class='ocrx_word' id='word_1_139' title='bbox 1131 1690 1520 1760; x_wconf 85' lang='lat' dir='ltr'><strong>conjiciendam</strong></span> <span class='ocrx_word' id='word_1_140' title='bbox 1566 1710 1796 1750; x_wconf 91' lang='lat' dir='ltr'><strong>:verum</strong></span> <span class='ocrx_word' id='word_1_141' title='bbox 1828 1694 1880 1750; x_wconf 94' lang='lat' dir='ltr'><strong>id</strong></span> <span class='ocrx_word' id='word_1_142' title='bbox 1918 1708 2016 1764; x_wconf 91' lang='lat' dir='ltr'><strong>pro</strong></span> <span class='ocrx_word' id='word_1_143' title='bbox 2063 1702 2211 1747; x_wconf 91' lang='lat' dir='ltr'><strong>certo</strong></span> <span class='ocrx_word' id='word_1_144' title='bbox 2249 1701 2488 1749; x_wconf 85' lang='lat' dir='ltr'><strong>statuere</strong></span> <span class='ocrx_word' id='word_1_145' title='bbox 2522 1711 2632 1750; x_wconf 88' lang='lat' dir='ltr'><strong>non</strong></span> <span class='ocrx_word' id='word_1_146' title='bbox 2680 1698 2875 1755; x_wconf 83' lang='lat' dir='ltr'><strong>ausim.</strong></span> <span class='ocrx_word' id='word_1_147' title='bbox 2916 1701 2990 1755; x_wconf 91' lang='lat' dir='ltr'><strong>De</strong></span> <span class='ocrx_word' id='word_1_148' title='bbox 3024 1711 3270 1773; x_wconf 89' lang='lat' dir='ltr'><strong>tempore</strong></span> <span class='ocrx_word' id='word_1_149' title='bbox 3310 1713 3367 1760; x_wconf 89' lang='lat' dir='ltr'><strong>et</strong></span> <span class='ocrx_word' id='word_1_150' title='bbox 3394 1723 3558 1781; x_wconf 83' lang='lat' dir='ltr'><strong>anno,</strong></span> 
     </span>
    </p>
   </div>
   <div class='ocr_carea' id='block_1_13' title="bbox 310 1782 3058 1853">
    <p class='ocr_par' dir='ltr' id='par_1_13' title="bbox 310 1782 3058 1853">
     <span class='ocr_line' id='line_1_13' title="bbox 310 1782 3058 1853; baseline 0.004 -17"><span class='ocrx_word' id='word_1_151' title='bbox 310 1798 418 1853; x_wconf 87' lang='lat' dir='ltr'><strong>quo</strong></span> <span class='ocrx_word' id='word_1_152' title='bbox 451 1782 649 1836; x_wconf 59' lang='lat' dir='ltr'><strong>habitas</strong></span> <span class='ocrx_word' id='word_1_153' title='bbox 694 1791 823 1836; x_wconf 90' lang='lat' dir='ltr'><strong>sunt</strong></span> <span class='ocrx_word' id='word_1_154' title='bbox 860 1783 944 1837; x_wconf 68' lang='lat' dir='ltr'><strong>hae</strong></span> <span class='ocrx_word' id='word_1_155' title='bbox 993 1782 1115 1837; x_wconf 80' lang='lat' dir='ltr'><strong>duae</strong></span> <span class='ocrx_word' id='word_1_156' title='bbox 1158 1784 1467 1847; x_wconf 85' lang='lat' dir='ltr'><strong>conciones.</strong></span> <span class='ocrx_word' id='word_1_157' title='bbox 1516 1786 1639 1841; x_wconf 88' lang='lat' dir='ltr'><strong>vide</strong></span> <span class='ocrx_word' id='word_1_158' title='bbox 1684 1787 1741 1841; x_wconf 89' lang='lat' dir='ltr'><strong>in</strong></span> <span class='ocrx_word' id='word_1_159' title='bbox 1788 1786 1992 1841; x_wconf 82' lang='lat' dir='ltr'><strong>Monito</strong></span> <span class='ocrx_word' id='word_1_160' title='bbox 2033 1787 2098 1841; x_wconf 89' lang='lat' dir='ltr'><strong>ad</strong></span> <span class='ocrx_word' id='word_1_161' title='bbox 2147 1784 2405 1841; x_wconf 87' lang='lat' dir='ltr'><strong>Homilias</strong></span> <span class='ocrx_word' id='word_1_162' title='bbox 2447 1787 2516 1842; x_wconf 88' lang='lat' dir='ltr'><strong>de</strong></span> <span class='ocrx_word' id='word_1_163' title='bbox 2547 1786 2857 1845; x_wconf 85' lang='lat' dir='ltr'><strong>Proditionc</strong></span> <span class='ocrx_word' id='word_1_164' title='bbox 2886 1792 3058 1848; x_wconf 85' lang='lat' dir='ltr'><strong>Judae.</strong></span> 
     </span>
    </p>
   </div>
   <div class='ocr_carea' id='block_1_14' title="bbox 382 1873 3550 1962">
    <p class='ocr_par' dir='ltr' id='par_1_14' title="bbox 382 1873 3550 1962">
     <span class='ocr_line' id='line_1_14' title="bbox 382 1873 3550 1962; baseline 0.007 -35"><span class='ocrx_word' id='word_1_165' title='bbox 382 1873 581 1928; x_wconf 87' lang='lat' dir='ltr'><strong>Prioris</strong></span> <span class='ocrx_word' id='word_1_166' title='bbox 612 1874 848 1928; x_wconf 72' lang='lat' dir='ltr'><strong>homilia:</strong></span> <span class='ocrx_word' id='word_1_167' title='bbox 886 1874 1389 1944; x_wconf 83' lang='lat' dir='ltr'><strong>interpretationem</strong></span> <span class='ocrx_word' id='word_1_168' title='bbox 1421 1877 1666 1933; x_wconf 84' lang='lat' dir='ltr'><strong>Latinam</strong></span> <span class='ocrx_word' id='word_1_169' title='bbox 1694 1878 2106 1944; x_wconf 84' lang='lat' dir='ltr'><strong>adornavimus;</strong></span> <span class='ocrx_word' id='word_1_170' title='bbox 2137 1879 2446 1949; x_wconf 72' lang='lat' dir='ltr'><strong>posterioris</strong></span> <span class='ocrx_word' id='word_1_171' title='bbox 2477 1896 2606 1935; x_wconf 87' lang='lat' dir='ltr'><strong>vero</strong></span> <span class='ocrx_word' id='word_1_172' title='bbox 2643 1897 2675 1935; x_wconf 86' lang='lat' dir='ltr'><strong>a</strong></span> <span class='ocrx_word' id='word_1_173' title='bbox 2711 1881 2964 1941; x_wconf 84' lang='lat' dir='ltr'><strong>Gretsero</strong></span> <span class='ocrx_word' id='word_1_174' title='bbox 2995 1886 3194 1943; x_wconf 85' lang='lat' dir='ltr'><strong>editam</strong></span> <span class='ocrx_word' id='word_1_175' title='bbox 3227 1890 3550 1962; x_wconf 76' lang='lat' dir='ltr'><strong>versionem,</strong></span> 
     </span>
    </p>
   </div>
   <div class='ocr_carea' id='block_1_15' title="bbox 310 1968 1071 2035">
    <p class='ocr_par' dir='ltr' id='par_1_15' title="bbox 310 1968 1071 2035">
     <span class='ocr_line' id='line_1_15' title="bbox 310 1968 1071 2035; baseline 0.004 -14"><span class='ocrx_word' id='word_1_176' title='bbox 310 1968 406 2021; x_wconf 81' lang='lat' dir='ltr'><strong>sed</strong></span> <span class='ocrx_word' id='word_1_177' title='bbox 448 1968 808 2035; x_wconf 88' lang='lat' dir='ltr'><strong>emendatam,</strong></span> <span class='ocrx_word' id='word_1_178' title='bbox 859 1968 1071 2025; x_wconf 89' lang='lat' dir='ltr'><strong>damus.</strong></span> 
     </span>
    </p>
   </div>
   <div class='ocr_carea' id='block_1_16' title="bbox 302 2261 446 2278">
    <p class='ocr_par' dir='ltr' id='par_1_16' title="bbox 302 2261 446 2278">
     <span class='ocr_line' id='line_1_16' title="bbox 302 2261 446 2278; baseline 0 -1"><span class='ocrx_word' id='word_1_179' title='bbox 302 2261 446 2278; x_wconf 40' lang='lat'><strong>5——</strong></span> 
     </span>
    </p>
   </div>
   <div class='ocr_carea' id='block_1_17' title="bbox 300 2361 1620 2408">
    <p class='ocr_par' dir='ltr' id='par_1_17' title="bbox 300 2361 1620 2408">
     <span class='ocr_line' id='line_1_17' title="bbox 300 2361 1620 2408; baseline 0.005 -6"><span class='ocrx_word' id='word_1_180' title='bbox 300 2361 572 2404; x_wconf 71' lang='lat' dir='ltr'><strong>IIOMILIA</strong></span> <span class='ocrx_word' id='word_1_181' title='bbox 616 2361 681 2403; x_wconf 77' lang='lat' dir='ltr'><strong>1N</strong></span> <span class='ocrx_word' id='word_1_182' title='bbox 726 2362 980 2405; x_wconf 74' lang='lat' dir='ltr'><strong>CRUCEM</strong></span> <span class='ocrx_word' id='word_1_183' title='bbox 1027 2364 1106 2405; x_wconf 88' lang='lat' dir='ltr'><strong>ET</strong></span> <span class='ocrx_word' id='word_1_184' title='bbox 1149 2365 1210 2406; x_wconf 83' lang='lat' dir='ltr'><strong>IN</strong></span> <span class='ocrx_word' id='word_1_185' title='bbox 1282 2365 1620 2408; x_wconf 72' lang='lat' dir='ltr'><strong>LATRONEM</strong></span> 
     </span>
    </p>
   </div>
   <div class='ocr_carea' id='block_1_18' title="bbox 1829 2270 2213 2283">
    <p class='ocr_par' dir='ltr' id='par_1_18' title="bbox 1829 2270 2213 2283">
     <span class='ocr_line' id='line_1_18' title="bbox 1829 2270 2213 2283; baseline -0.003 -3"><span class='ocrx_word' id='word_1_186' title='bbox 1829 2270 2213 2283; x_wconf 56' lang='lat'><strong>————_——§</strong></span> 
     </span>
    </p>
   </div>
   <div class='ocr_carea' id='block_1_19' title="bbox 1669 2363 1878 2421">
    <p class='ocr_par' dir='ltr' id='par_1_19' title="bbox 1669 2367 1878 2410">
     <span class='ocr_line' id='line_1_19' title="bbox 1669 2367 1878 2410; baseline 0.01 -2"><span class='ocrx_word' id='word_1_187' title='bbox 1669 2369 1683 2408; x_wconf 76' lang='grc' dir='ltr'>Σ</span> <span class='ocrx_word' id='word_1_188' title='bbox 1731 2367 1878 2410; x_wconf 74' lang='grc' dir='ltr'><strong>ῙΤΕΜ</strong></span> 
     </span>
    </p>
   </div>
   <div class='ocr_carea' id='block_1_20' title="bbox 1984 2363 3570 2421">
    <p class='ocr_par' dir='ltr' id='par_1_20' title="bbox 1984 2363 3570 2421">
     <span class='ocr_line' id='line_1_20' title="bbox 1984 2363 3570 2421; baseline 0.001 -14"><span class='ocrx_word' id='word_1_189' title='bbox 1984 2367 2016 2408; x_wconf 84' lang='lat' dir='ltr'><strong>E</strong></span> <span class='ocrx_word' id='word_1_190' title='bbox 2060 2365 2346 2408; x_wconf 74' lang='lat' dir='ltr'><strong>SECUNDO</strong></span> <span class='ocrx_word' id='word_1_191' title='bbox 2387 2365 2639 2409; x_wconf 74' lang='grc' dir='ltr'><strong>οωιιετι</strong></span> <span class='ocrx_word' id='word_1_192' title='bbox 2682 2366 3008 2421; x_wconf 74' lang='grc' dir='ltr'><strong>ΔυνΕΝἸὍ,</strong></span> <span class='ocrx_word' id='word_1_193' title='bbox 3054 2366 3134 2407; x_wconf 76' lang='grc' dir='ltr'><strong>ΕΤ</strong></span> <span class='ocrx_word' id='word_1_194' title='bbox 3201 2365 3371 2418; x_wconf 85' lang='lat' dir='ltr'><strong>QUOD</strong></span> <span class='ocrx_word' id='word_1_195' title='bbox 3412 2363 3570 2408; x_wconf 66' lang='lat' dir='ltr'><strong>FEB-</strong></span> 
     </span>
    </p>
   </div>
   <div class='ocr_carea' id='block_1_21' title="bbox 1284 2452 2620 2518">
    <p class='ocr_par' dir='ltr' id='par_1_21' title="bbox 1284 2452 2620 2518">
     <span class='ocr_line' id='line_1_21' title="bbox 1284 2452 2620 2518; baseline -0.001 -9"><span class='ocrx_word' id='word_1_196' title='bbox 1284 2466 1579 2518; x_wconf 79' lang='lat' dir='ltr'><strong>QUENTEB</strong></span> <span class='ocrx_word' id='word_1_197' title='bbox 1622 2468 1721 2510; x_wconf 72' lang='grc' dir='ltr'><strong>δη·</strong></span> <span class='ocrx_word' id='word_1_198' title='bbox 1747 2467 2054 2509; x_wconf 69' lang='lat' dir='ltr'><strong>omanem</strong></span> <span class='ocrx_word' id='word_1_199' title='bbox 2098 2466 2217 2508; x_wconf 74' lang='lat' dir='ltr'><strong>eno</strong></span> <span class='ocrx_word' id='word_1_200' title='bbox 2264 2466 2531 2510; x_wconf 75' lang='lat' dir='ltr'><strong>INIMICIS</strong></span> <span class='ocrx_word' id='word_1_201' title='bbox 2578 2452 2620 2508; x_wconf 76' lang='grc' dir='ltr'><strong>ί.</strong></span> 
     </span>
    </p>
   </div>
   <div class='ocr_carea' id='block_1_22' title="bbox 1583 2614 1858 2625">
    <p class='ocr_par' dir='ltr' id='par_1_22' title="bbox 1583 2614 1858 2625">
     <span class='ocr_line' id='line_1_22' title="bbox 1583 2614 1858 2625; baseline 0.004 -3"><span class='ocrx_word' id='word_1_202' title='bbox 1583 2614 1858 2625; x_wconf 73' lang='lat'><strong>——_—.</strong></span> 
     </span>
    </p>
   </div>
   <div class='ocr_carea' id='block_1_23' title="bbox 753 2652 1051 2700">
    <p class='ocr_par' dir='ltr' id='par_1_23' title="bbox 753 2652 1051 2700">
     <span class='ocr_line' id='line_1_23' title="bbox 753 2652 1051 2700; baseline 0.013 -3"><span class='ocrx_word' id='word_1_203' title='bbox 753 2654 980 2697; x_wconf 70' lang='lat' dir='ltr'><strong>HOIIILIA</strong></span> <span class='ocrx_word' id='word_1_204' title='bbox 1012 2652 1051 2700; x_wconf 80' lang='grc' dir='ltr'><strong>1ο</strong></span> 
     </span>
    </p>
   </div>
   <div class='ocr_carea' id='block_1_24' title="bbox 364 2718 1876 2795">
    <p class='ocr_par' dir='ltr' id='par_1_24' title="bbox 364 2718 1876 2795">
     <span class='ocr_line' id='line_1_24' title="bbox 364 2718 1876 2795; baseline 0.005 -26"><span class='ocrx_word' id='word_1_205' title='bbox 364 2718 567 2783; x_wconf 82' lang='lat' dir='ltr'><strong>Quanta</strong></span> <span class='ocrx_word' id='word_1_206' title='bbox 595 2720 737 2774; x_wconf 87' lang='lat' dir='ltr'><strong>nobis</strong></span> <span class='ocrx_word' id='word_1_207' title='bbox 764 2722 894 2774; x_wconf 89' lang='lat' dir='ltr'><strong>bona</strong></span> <span class='ocrx_word' id='word_1_208' title='bbox 921 2738 1047 2775; x_wconf 73' lang='lat' dir='ltr'><strong>crux</strong></span> <span class='ocrx_word' id='word_1_209' title='bbox 1084 2719 1265 2787; x_wconf 73' lang='lat' dir='ltr'><strong>a/ferat</strong></span> <span class='ocrx_word' id='word_1_210' title='bbox 1290 2738 1308 2786; x_wconf 89' lang='lat'><strong><em>;</em></strong></span> <span class='ocrx_word' id='word_1_211' title='bbox 1337 2722 1498 2791; x_wconf 80' lang='lat' dir='ltr'><strong>quivis</strong></span> <span class='ocrx_word' id='word_1_212' title='bbox 1527 2723 1670 2777; x_wconf 86' lang='lat' dir='ltr'><strong>locus</strong></span> <span class='ocrx_word' id='word_1_213' title='bbox 1695 2740 1876 2795; x_wconf 82' lang='lat' dir='ltr'><strong>preca-</strong></span> 
     </span>
    </p>
   </div>
   <div class='ocr_carea' id='block_1_25' title="bbox 288 2810 1877 2880">
    <p class='ocr_par' dir='ltr' id='par_1_25' title="bbox 288 2810 1877 2880">
     <span class='ocr_line' id='line_1_25' title="bbox 288 2810 1877 2880; baseline 0.005 -18"><span class='ocrx_word' id='word_1_214' title='bbox 288 2810 415 2863; x_wconf 84' lang='lat' dir='ltr'><strong>tioni</strong></span> <span class='ocrx_word' id='word_1_215' title='bbox 452 2822 620 2880; x_wconf 88' lang='lat' dir='ltr'><strong>aptus.</strong></span> <span class='ocrx_word' id='word_1_216' title='bbox 643 2842 713 2852; x_wconf 95' lang='lat'><strong>—</strong></span> <span class='ocrx_word' id='word_1_217' title='bbox 739 2811 907 2867; x_wconf 85' lang='lat' dir='ltr'><strong>Hodie</strong></span> <span class='ocrx_word' id='word_1_218' title='bbox 939 2812 1192 2867; x_wconf 87' lang='lat' dir='ltr'><strong>Dominus</strong></span> <span class='ocrx_word' id='word_1_219' title='bbox 1226 2823 1408 2868; x_wconf 90' lang='lat' dir='ltr'><strong>noster</strong></span> <span class='ocrx_word' id='word_1_220' title='bbox 1434 2812 1588 2869; x_wconf 83' lang='lat' dir='ltr'><strong>Jesus</strong></span> <span class='ocrx_word' id='word_1_221' title='bbox 1633 2812 1877 2870; x_wconf 73' lang='lat' dir='ltr'><strong>Christus</strong></span> 
     </span>
    </p>
   </div>
   <div class='ocr_carea' id='block_1_26' title="bbox 290 2903 1879 2974">
    <p class='ocr_par' dir='ltr' id='par_1_26' title="bbox 290 2903 1879 2974">
     <span class='ocr_line' id='line_1_26' title="bbox 290 2903 1879 2974; baseline 0.003 -17"><span class='ocrx_word' id='word_1_222' title='bbox 290 2903 345 2957; x_wconf 89' lang='lat' dir='ltr'><strong>in</strong></span> <span class='ocrx_word' id='word_1_223' title='bbox 369 2918 547 2969; x_wconf 90' lang='lat' dir='ltr'><strong>cruce,</strong></span> <span class='ocrx_word' id='word_1_224' title='bbox 576 2912 630 2959; x_wconf 92' lang='lat' dir='ltr'><strong>et</strong></span> <span class='ocrx_word' id='word_1_225' title='bbox 659 2920 756 2959; x_wconf 88' lang='lat' dir='ltr'><strong>nos</strong></span> <span class='ocrx_word' id='word_1_226' title='bbox 778 2906 969 2960; x_wconf 81' lang='lat' dir='ltr'><strong>festum</strong></span> <span class='ocrx_word' id='word_1_227' title='bbox 996 2906 1221 2974; x_wconf 82' lang='lat' dir='ltr'><strong>agimus,</strong></span> <span class='ocrx_word' id='word_1_228' title='bbox 1246 2914 1305 2959; x_wconf 94' lang='lat' dir='ltr'><strong>ut</strong></span> <span class='ocrx_word' id='word_1_229' title='bbox 1325 2904 1501 2960; x_wconf 87' lang='lat' dir='ltr'><strong>discas</strong></span> <span class='ocrx_word' id='word_1_230' title='bbox 1521 2920 1734 2960; x_wconf 89' lang='lat' dir='ltr'><strong>erucem</strong></span> <span class='ocrx_word' id='word_1_231' title='bbox 1758 2920 1879 2961; x_wconf 87' lang='lat' dir='ltr'><strong>esse</strong></span> 
     </span>
    </p>
   </div>
   <div class='ocr_carea' id='block_1_27' title="bbox 291 2994 1875 3065">
    <p class='ocr_par' dir='ltr' id='par_1_27' title="bbox 291 2994 1875 3065">
     <span class='ocr_line' id='line_1_27' title="bbox 291 2994 1875 3065; baseline 0.003 -18"><span class='ocrx_word' id='word_1_232' title='bbox 291 2994 488 3049; x_wconf 82' lang='lat' dir='ltr'><strong>festum</strong></span> <span class='ocrx_word' id='word_1_233' title='bbox 538 3003 593 3049; x_wconf 90' lang='lat' dir='ltr'><strong>et</strong></span> <span class='ocrx_word' id='word_1_234' title='bbox 637 2995 1003 3051; x_wconf 83' lang='lat' dir='ltr'><strong>celebritatem</strong></span> <span class='ocrx_word' id='word_1_235' title='bbox 1054 2996 1405 3065; x_wconf 90' lang='lat' dir='ltr'><strong>spiritualem.</strong></span> <span class='ocrx_word' id='word_1_236' title='bbox 1448 2997 1687 3052; x_wconf 86' lang='lat' dir='ltr'><strong>Antehac</strong></span> <span class='ocrx_word' id='word_1_237' title='bbox 1733 2998 1875 3052; x_wconf 89' lang='lat' dir='ltr'><strong>enim</strong></span> 
     </span>
    </p>
   </div>
   <div class='ocr_carea' id='block_1_28' title="bbox 286 3088 1874 3155">
    <p class='ocr_par' dir='ltr' id='par_1_28' title="bbox 286 3088 1874 3155">
     <span class='ocr_line' id='line_1_28' title="bbox 286 3088 1874 3155; baseline 0.004 -16"><span class='ocrx_word' id='word_1_238' title='bbox 286 3101 421 3139; x_wconf 81' lang='lat' dir='ltr'><strong>crux</strong></span> <span class='ocrx_word' id='word_1_239' title='bbox 461 3102 654 3141; x_wconf 86' lang='lat' dir='ltr'><strong>nomen</strong></span> <span class='ocrx_word' id='word_1_240' title='bbox 682 3097 799 3142; x_wconf 89' lang='lat' dir='ltr'><strong>erat</strong></span> <span class='ocrx_word' id='word_1_241' title='bbox 835 3088 1222 3155; x_wconf 88' lang='lat' dir='ltr'><strong>damnationis,</strong></span> <span class='ocrx_word' id='word_1_242' title='bbox 1250 3103 1391 3144; x_wconf 91' lang='lat' dir='ltr'><strong>nunc</strong></span> <span class='ocrx_word' id='word_1_243' title='bbox 1419 3104 1548 3144; x_wconf 87' lang='lat' dir='ltr'><strong>vero</strong></span> <span class='ocrx_word' id='word_1_244' title='bbox 1588 3104 1675 3144; x_wconf 90' lang='lat' dir='ltr'><strong>res</strong></span> <span class='ocrx_word' id='word_1_245' title='bbox 1706 3090 1874 3145; x_wconf 91' lang='lat' dir='ltr'><strong>hono-</strong></span> 
     </span>
    </p>
   </div>
   <div class='ocr_carea' id='block_1_29' title="bbox 289 3179 1875 3252">
    <p class='ocr_par' dir='ltr' id='par_1_29' title="bbox 289 3179 1875 3252">
     <span class='ocr_line' id='line_1_29' title="bbox 289 3179 1875 3252; baseline 0.003 -20"><span class='ocrx_word' id='word_1_246' title='bbox 289 3180 475 3233; x_wconf 89' lang='lat' dir='ltr'><strong>rabilis</strong></span> <span class='ocrx_word' id='word_1_247' title='bbox 500 3179 682 3235; x_wconf 81' lang='lat' dir='ltr'><strong>etl‘ccta</strong></span> <span class='ocrx_word' id='word_1_248' title='bbox 711 3189 794 3235; x_wconf 89' lang='lat' dir='ltr'><strong>est</strong></span> <span class='ocrx_word' id='word_1_249' title='bbox 821 3198 833 3232; x_wconf 89' lang='lat'>:</span> <span class='ocrx_word' id='word_1_250' title='bbox 867 3182 1016 3250; x_wconf 89' lang='lat' dir='ltr'><strong>prius</strong></span> <span class='ocrx_word' id='word_1_251' title='bbox 1045 3182 1345 3252; x_wconf 88' lang='lat' dir='ltr'><strong>symbolum</strong></span> <span class='ocrx_word' id='word_1_252' title='bbox 1383 3182 1842 3237; x_wconf 87' lang='lat' dir='ltr'><strong>condemnationis</strong></span> <span class='ocrx_word' id='word_1_253' title='bbox 1860 3224 1875 3249; x_wconf 92' lang='lat'><strong>,</strong></span> 
     </span>
    </p>
   </div>
   <div class='ocr_carea' id='block_1_30' title="bbox 289 3274 1879 3341">
    <p class='ocr_par' dir='ltr' id='par_1_30' title="bbox 289 3274 1879 3341">
     <span class='ocr_line' id='line_1_30' title="bbox 289 3274 1879 3341; baseline 0.001 -15"><span class='ocrx_word' id='word_1_254' title='bbox 289 3283 821 3341; x_wconf 80' lang='lat' dir='ltr'><strong>nuncargumentum</strong></span> <span class='ocrx_word' id='word_1_255' title='bbox 851 3275 1055 3328; x_wconf 89' lang='lat' dir='ltr'><strong>salutis.</strong></span> <span class='ocrx_word' id='word_1_256' title='bbox 1085 3274 1206 3329; x_wconf 68' lang='lat' dir='ltr'><strong>Haec</strong></span> <span class='ocrx_word' id='word_1_257' title='bbox 1223 3275 1366 3328; x_wconf 90' lang='lat' dir='ltr'><strong>enim</strong></span> <span class='ocrx_word' id='word_1_258' title='bbox 1392 3276 1547 3329; x_wconf 89' lang='lat' dir='ltr'><strong>nobis</strong></span> <span class='ocrx_word' id='word_1_259' title='bbox 1575 3275 1879 3329; x_wconf 84' lang='lat' dir='ltr'><strong>innumera-</strong></span> 
     </span>
    </p>
   </div>
   <div class='ocr_carea' id='block_1_31' title="bbox 288 3363 1880 3422">
    <p class='ocr_par' dir='ltr' id='par_1_31' title="bbox 288 3363 1880 3422">
     <span class='ocr_line' id='line_1_31' title="bbox 288 3363 1880 3422; baseline 0.003 -6"><span class='ocrx_word' id='word_1_260' title='bbox 288 3363 472 3417; x_wconf 84' lang='lat' dir='ltr'><strong>bilium</strong></span> <span class='ocrx_word' id='word_1_261' title='bbox 516 3363 773 3419; x_wconf 87' lang='lat' dir='ltr'><strong>bonorum</strong></span> <span class='ocrx_word' id='word_1_262' title='bbox 819 3380 975 3419; x_wconf 88' lang='lat' dir='ltr'><strong>causa</strong></span> <span class='ocrx_word' id='word_1_263' title='bbox 1021 3365 1207 3420; x_wconf 85' lang='lat' dir='ltr'><strong>etlecta</strong></span> <span class='ocrx_word' id='word_1_264' title='bbox 1235 3376 1319 3422; x_wconf 86' lang='lat' dir='ltr'><strong>est</strong></span> <span class='ocrx_word' id='word_1_265' title='bbox 1351 3383 1365 3419; x_wconf 89' lang='lat'><strong>:</strong></span> <span class='ocrx_word' id='word_1_266' title='bbox 1398 3364 1515 3421; x_wconf 60' lang='lat' dir='ltr'><strong>hac</strong></span> <span class='ocrx_word' id='word_1_267' title='bbox 1555 3381 1653 3420; x_wconf 93' lang='lat' dir='ltr'><strong>nos</strong></span> <span class='ocrx_word' id='word_1_268' title='bbox 1686 3365 1755 3420; x_wconf 86' lang='lat' dir='ltr'><strong>ab</strong></span> <span class='ocrx_word' id='word_1_269' title='bbox 1794 3382 1880 3420; x_wconf 84' lang='lat' dir='ltr'><strong>er-</strong></span> 
     </span>
    </p>
   </div>
   <div class='ocr_carea' id='block_1_32' title="bbox 291 3455 1875 3527">
    <p class='ocr_par' dir='ltr' id='par_1_32' title="bbox 291 3455 1875 3527">
     <span class='ocr_line' id='line_1_32' title="bbox 291 3455 1875 3527; baseline 0.003 -20"><span class='ocrx_word' id='word_1_270' title='bbox 291 3469 415 3509; x_wconf 87' lang='lat' dir='ltr'><strong>rore</strong></span> <span class='ocrx_word' id='word_1_271' title='bbox 443 3456 707 3520; x_wconf 81' lang='lat' dir='ltr'><strong>liberavit,</strong></span> <span class='ocrx_word' id='word_1_272' title='bbox 755 3455 870 3510; x_wconf 71' lang='lat' dir='ltr'><strong>haec</strong></span> <span class='ocrx_word' id='word_1_273' title='bbox 915 3457 967 3511; x_wconf 91' lang='lat' dir='ltr'><strong>in</strong></span> <span class='ocrx_word' id='word_1_274' title='bbox 1014 3457 1251 3512; x_wconf 87' lang='lat' dir='ltr'><strong>tenebris</strong></span> <span class='ocrx_word' id='word_1_275' title='bbox 1294 3458 1497 3527; x_wconf 90' lang='lat' dir='ltr'><strong>positos</strong></span> <span class='ocrx_word' id='word_1_276' title='bbox 1537 3457 1875 3521; x_wconf 81' lang='lat' dir='ltr'><strong>illuminavit,</strong></span> 
     </span>
    </p>
   </div>
   <div class='ocr_carea' id='block_1_33' title="bbox 289 3550 1878 3619">
    <p class='ocr_par' dir='ltr' id='par_1_33' title="bbox 289 3550 1878 3619">
     <span class='ocr_line' id='line_1_33' title="bbox 289 3550 1878 3619; baseline 0.002 -17"><span class='ocrx_word' id='word_1_277' title='bbox 289 3550 406 3604; x_wconf 74' lang='lat' dir='ltr'><strong>lucc</strong></span> <span class='ocrx_word' id='word_1_278' title='bbox 430 3550 538 3619; x_wconf 89' lang='lat' dir='ltr'><strong>jam</strong></span> <span class='ocrx_word' id='word_1_279' title='bbox 570 3551 897 3616; x_wconf 89' lang='lat' dir='ltr'><strong>debellatos,</strong></span> <span class='ocrx_word' id='word_1_280' title='bbox 924 3567 1045 3605; x_wconf 91' lang='lat' dir='ltr'><strong>cum</strong></span> <span class='ocrx_word' id='word_1_281' title='bbox 1098 3552 1204 3605; x_wconf 91' lang='lat' dir='ltr'><strong>Deo</strong></span> <span class='ocrx_word' id='word_1_282' title='bbox 1249 3552 1629 3618; x_wconf 83' lang='lat' dir='ltr'><strong>reconciliavit,</strong></span> <span class='ocrx_word' id='word_1_283' title='bbox 1675 3551 1878 3605; x_wconf 81' lang='lat' dir='ltr'><strong>abalie-</strong></span> 
     </span>
    </p>
   </div>
   <div class='ocr_carea' id='block_1_34' title="bbox 286 3642 1880 3712">
    <p class='ocr_par' dir='ltr' id='par_1_34' title="bbox 286 3642 1880 3712">
     <span class='ocr_line' id='line_1_34' title="bbox 286 3642 1880 3712; baseline 0.001 -17"><span class='ocrx_word' id='word_1_284' title='bbox 286 3652 448 3695; x_wconf 89' lang='lat' dir='ltr'><strong>natos</strong></span> <span class='ocrx_word' id='word_1_285' title='bbox 495 3642 816 3696; x_wconf 75' lang='lat' dir='ltr'><strong>domesucos</strong></span> <span class='ocrx_word' id='word_1_286' title='bbox 863 3642 1069 3710; x_wconf 72' lang='lat' dir='ltr'><strong>eﬁ‘ccit,</strong></span> <span class='ocrx_word' id='word_1_287' title='bbox 1126 3643 1309 3711; x_wconf 88' lang='lat' dir='ltr'><strong>procul</strong></span> <span class='ocrx_word' id='word_1_288' title='bbox 1356 3642 1556 3712; x_wconf 89' lang='lat' dir='ltr'><strong>positos</strong></span> <span class='ocrx_word' id='word_1_289' title='bbox 1605 3643 1880 3712; x_wconf 83' lang='lat' dir='ltr'><strong>proximos</strong></span> 
     </span>
    </p>
   </div>
   <div class='ocr_carea' id='block_1_35' title="bbox 288 3736 1875 3806">
    <p class='ocr_par' dir='ltr' id='par_1_35' title="bbox 288 3736 1875 3806">
     <span class='ocr_line' id='line_1_35' title="bbox 288 3736 1875 3806; baseline 0.003 -20"><span class='ocrx_word' id='word_1_290' title='bbox 288 3736 566 3790; x_wconf 84' lang='lat' dir='ltr'><strong>constituit</strong></span> <span class='ocrx_word' id='word_1_291' title='bbox 598 3754 609 3788; x_wconf 91' lang='lat'>:</span> <span class='ocrx_word' id='word_1_292' title='bbox 643 3737 759 3790; x_wconf 77' lang='lat' dir='ltr'><strong>haec</strong></span> <span class='ocrx_word' id='word_1_293' title='bbox 790 3737 1078 3790; x_wconf 68' lang='lat' dir='ltr'><strong>inimicitia:</strong></span> <span class='ocrx_word' id='word_1_294' title='bbox 1104 3736 1413 3801; x_wconf 91' lang='lat' dir='ltr'><strong>destructio,</strong></span> <span class='ocrx_word' id='word_1_295' title='bbox 1446 3736 1591 3806; x_wconf 89' lang='lat' dir='ltr'><strong>pacis</strong></span> <span class='ocrx_word' id='word_1_296' title='bbox 1616 3745 1875 3801; x_wconf 87' lang='lat' dir='ltr'><strong>tutamen,</strong></span> 
     </span>
    </p>
   </div>
   <div class='ocr_carea' id='block_1_36' title="bbox 286 3828 1877 3897">
    <p class='ocr_par' dir='ltr' id='par_1_36' title="bbox 286 3828 1877 3897">
     <span class='ocr_line' id='line_1_36' title="bbox 286 3828 1877 3897; baseline -0.001 -16"><span class='ocrx_word' id='word_1_297' title='bbox 286 3836 666 3881; x_wconf 66' lang='lat' dir='ltr'><strong>sescentorum</strong></span> <span class='ocrx_word' id='word_1_298' title='bbox 712 3828 974 3881; x_wconf 90' lang='lat' dir='ltr'><strong>bonorum</strong></span> <span class='ocrx_word' id='word_1_299' title='bbox 1017 3828 1321 3883; x_wconf 89' lang='lat' dir='ltr'><strong>thesaurus.</strong></span> <span class='ocrx_word' id='word_1_300' title='bbox 1350 3828 1575 3897; x_wconf 89' lang='lat' dir='ltr'><strong>Propter</strong></span> <span class='ocrx_word' id='word_1_301' title='bbox 1608 3843 1726 3883; x_wconf 89' lang='lat' dir='ltr'><strong>eam</strong></span> <span class='ocrx_word' id='word_1_302' title='bbox 1769 3843 1877 3882; x_wconf 91' lang='lat' dir='ltr'><strong>non</strong></span> 
     </span>
    </p>
   </div>
   <div class='ocr_carea' id='block_1_37' title="bbox 287 3918 1879 3989">
    <p class='ocr_par' dir='ltr' id='par_1_37' title="bbox 287 3918 1879 3989">
     <span class='ocr_line' id='line_1_37' title="bbox 287 3918 1879 3989; baseline 0 -16"><span class='ocrx_word' id='word_1_303' title='bbox 287 3919 430 3973; x_wconf 89' lang='lat' dir='ltr'><strong>ultra</strong></span> <span class='ocrx_word' id='word_1_304' title='bbox 460 3918 513 3971; x_wconf 91' lang='lat' dir='ltr'><strong>in</strong></span> <span class='ocrx_word' id='word_1_305' title='bbox 542 3918 769 3973; x_wconf 89' lang='lat' dir='ltr'><strong>desertis</strong></span> <span class='ocrx_word' id='word_1_306' title='bbox 797 3934 1084 3989; x_wconf 81' lang='lat' dir='ltr'><strong>vagamur;</strong></span> <span class='ocrx_word' id='word_1_307' title='bbox 1126 3934 1308 3975; x_wconf 80' lang='lat' dir='ltr'><strong>veram</strong></span> <span class='ocrx_word' id='word_1_308' title='bbox 1341 3919 1538 3989; x_wconf 84' lang='lat' dir='ltr'><strong>quippe</strong></span> <span class='ocrx_word' id='word_1_309' title='bbox 1561 3920 1701 3974; x_wconf 91' lang='lat' dir='ltr'><strong>viam</strong></span> <span class='ocrx_word' id='word_1_310' title='bbox 1728 3920 1879 3974; x_wconf 87' lang='lat' dir='ltr'><strong>novi-</strong></span> 
     </span>
    </p>
   </div>
   <div class='ocr_carea' id='block_1_38' title="bbox 288 4009 1879 4080">
    <p class='ocr_par' dir='ltr' id='par_1_38' title="bbox 288 4009 1879 4080">
     <span class='ocr_line' id='line_1_38' title="bbox 288 4009 1879 4080; baseline 0.001 -17"><span class='ocrx_word' id='word_1_311' title='bbox 288 4023 413 4063; x_wconf 88' lang='lat' dir='ltr'><strong>mus</strong></span> <span class='ocrx_word' id='word_1_312' title='bbox 445 4026 459 4060; x_wconf 87' lang='lat'><strong>:</strong></span> <span class='ocrx_word' id='word_1_313' title='bbox 492 4022 599 4063; x_wconf 91' lang='lat' dir='ltr'><strong>non</strong></span> <span class='ocrx_word' id='word_1_314' title='bbox 643 4009 871 4079; x_wconf 87' lang='lat' dir='ltr'><strong>amplius</strong></span> <span class='ocrx_word' id='word_1_315' title='bbox 911 4020 1060 4065; x_wconf 84' lang='lat' dir='ltr'><strong>extra</strong></span> <span class='ocrx_word' id='word_1_316' title='bbox 1096 4012 1294 4080; x_wconf 88' lang='lat' dir='ltr'><strong>regiam</strong></span> <span class='ocrx_word' id='word_1_317' title='bbox 1340 4009 1616 4079; x_wconf 83' lang='lat' dir='ltr'><strong>degimus;</strong></span> <span class='ocrx_word' id='word_1_318' title='bbox 1661 4010 1879 4079; x_wconf 88' lang='lat' dir='ltr'><strong>januam</strong></span> 
     </span>
    </p>
   </div>
   <div class='ocr_carea' id='block_1_39' title="bbox 285 4099 1874 4170">
    <p class='ocr_par' dir='ltr' id='par_1_39' title="bbox 285 4099 1874 4170">
     <span class='ocr_line' id='line_1_39' title="bbox 285 4099 1874 4170; baseline 0.001 -17"><span class='ocrx_word' id='word_1_319' title='bbox 285 4099 435 4153; x_wconf 83' lang='lat' dir='ltr'><strong>enim</strong></span> <span class='ocrx_word' id='word_1_320' title='bbox 466 4099 762 4155; x_wconf 83' lang='lat' dir='ltr'><strong>invenimus</strong></span> <span class='ocrx_word' id='word_1_321' title='bbox 799 4118 810 4152; x_wconf 94' lang='lat'>:</span> <span class='ocrx_word' id='word_1_322' title='bbox 841 4116 945 4154; x_wconf 90' lang='lat' dir='ltr'><strong>non</strong></span> <span class='ocrx_word' id='word_1_323' title='bbox 993 4101 1242 4155; x_wconf 89' lang='lat' dir='ltr'><strong>timemus</strong></span> <span class='ocrx_word' id='word_1_324' title='bbox 1290 4100 1452 4170; x_wconf 87' lang='lat' dir='ltr'><strong>ignita</strong></span> <span class='ocrx_word' id='word_1_325' title='bbox 1501 4100 1697 4156; x_wconf 90' lang='lat' dir='ltr'><strong>diaboli</strong></span> <span class='ocrx_word' id='word_1_326' title='bbox 1741 4101 1874 4167; x_wconf 90' lang='lat' dir='ltr'><strong>tela,</strong></span> 
     </span>
    </p>
   </div>
   <div class='ocr_carea' id='block_1_40' title="bbox 286 4191 1877 4265">
    <p class='ocr_par' dir='ltr' id='par_1_40' title="bbox 286 4191 1877 4265">
     <span class='ocr_line' id='line_1_40' title="bbox 286 4191 1877 4265; baseline 0.001 -18"><span class='ocrx_word' id='word_1_327' title='bbox 286 4191 492 4247; x_wconf 82' lang='lat' dir='ltr'><strong>fontem</strong></span> <span class='ocrx_word' id='word_1_328' title='bbox 523 4194 786 4262; x_wconf 81' lang='lat' dir='ltr'><strong>siquidem</strong></span> <span class='ocrx_word' id='word_1_329' title='bbox 832 4194 1084 4249; x_wconf 87' lang='lat' dir='ltr'><strong>vidimus.</strong></span> <span class='ocrx_word' id='word_1_330' title='bbox 1114 4193 1216 4249; x_wconf 91' lang='lat' dir='ltr'><strong>Per</strong></span> <span class='ocrx_word' id='word_1_331' title='bbox 1254 4209 1467 4249; x_wconf 90' lang='lat' dir='ltr'><strong>crucem</strong></span> <span class='ocrx_word' id='word_1_332' title='bbox 1514 4210 1621 4248; x_wconf 93' lang='lat' dir='ltr'><strong>non</strong></span> <span class='ocrx_word' id='word_1_333' title='bbox 1649 4195 1877 4265; x_wconf 87' lang='lat' dir='ltr'><strong>amplius</strong></span> 
     </span>
    </p>
   </div>
   <div class='ocr_carea' id='block_1_41' title="bbox 287 4283 1875 4354">
    <p class='ocr_par' dir='ltr' id='par_1_41' title="bbox 287 4283 1875 4354">
     <span class='ocr_line' id='line_1_41' title="bbox 287 4283 1875 4354; baseline 0.003 -19"><span class='ocrx_word' id='word_1_334' title='bbox 287 4284 345 4336; x_wconf 90' lang='lat' dir='ltr'><strong>in</strong></span> <span class='ocrx_word' id='word_1_335' title='bbox 379 4283 634 4338; x_wconf 73' lang='lat' dir='ltr'><strong>viduitate</strong></span> <span class='ocrx_word' id='word_1_336' title='bbox 658 4298 880 4349; x_wconf 89' lang='lat' dir='ltr'><strong>sumus;</strong></span> <span class='ocrx_word' id='word_1_337' title='bbox 913 4299 1169 4353; x_wconf 88' lang='lat' dir='ltr'><strong>sponsum</strong></span> <span class='ocrx_word' id='word_1_338' title='bbox 1207 4285 1349 4339; x_wconf 92' lang='lat' dir='ltr'><strong>enim</strong></span> <span class='ocrx_word' id='word_1_339' title='bbox 1393 4284 1695 4354; x_wconf 85' lang='lat' dir='ltr'><strong>recepimus</strong></span> <span class='ocrx_word' id='word_1_340' title='bbox 1727 4303 1741 4339; x_wconf 90' lang='lat'><strong>:</strong></span> <span class='ocrx_word' id='word_1_341' title='bbox 1771 4301 1875 4340; x_wconf 91' lang='lat' dir='ltr'><strong>non</strong></span> 
     </span>
    </p>
   </div>
   <div class='ocr_carea' id='block_1_42' title="bbox 286 4376 1876 4447">
    <p class='ocr_par' dir='ltr' id='par_1_42' title="bbox 286 4376 1876 4447">
     <span class='ocr_line' id='line_1_42' title="bbox 286 4376 1876 4447; baseline 0.003 -19"><span class='ocrx_word' id='word_1_342' title='bbox 286 4376 546 4430; x_wconf 85' lang='lat' dir='ltr'><strong>timemus</strong></span> <span class='ocrx_word' id='word_1_343' title='bbox 569 4377 784 4446; x_wconf 85' lang='lat' dir='ltr'><strong>lupum;</strong></span> <span class='ocrx_word' id='word_1_344' title='bbox 815 4376 1012 4432; x_wconf 89' lang='lat' dir='ltr'><strong>bonum</strong></span> <span class='ocrx_word' id='word_1_345' title='bbox 1044 4377 1241 4447; x_wconf 85' lang='lat' dir='ltr'><strong>quippe</strong></span> <span class='ocrx_word' id='word_1_346' title='bbox 1270 4385 1537 4445; x_wconf 85' lang='lat' dir='ltr'><strong>pastorem</strong></span> <span class='ocrx_word' id='word_1_347' title='bbox 1573 4376 1833 4433; x_wconf 81' lang='lat' dir='ltr'><strong>habemus</strong></span> <span class='ocrx_word' id='word_1_348' title='bbox 1862 4397 1876 4432; x_wconf 89' lang='lat'><strong>:</strong></span> 
     </span>
    </p>
   </div>
   <div class='ocr_carea' id='block_1_43' title="bbox 286 4466 1875 4541">
    <p class='ocr_par' dir='ltr' id='par_1_43' title="bbox 286 4466 1875 4541">
     <span class='ocr_line' id='line_1_43' title="bbox 286 4466 1875 4541; baseline 0.002 -19"><span class='ocrx_word' id='word_1_349' title='bbox 286 4483 455 4534; x_wconf 81' lang='lat' dir='ltr'><strong>nam,</strong></span> <span class='ocrx_word' id='word_1_350' title='bbox 491 4466 601 4538; x_wconf 83' lang='lat' dir='ltr'><strong>Ego</strong></span> <span class='ocrx_word' id='word_1_351' title='bbox 629 4485 760 4533; x_wconf 87' lang='lat' dir='ltr'><strong>sum,</strong></span> <span class='ocrx_word' id='word_1_352' title='bbox 793 4470 985 4540; x_wconf 80' lang='lat' dir='ltr'><strong>inquit,</strong></span> <span class='ocrx_word' id='word_1_353' title='bbox 1019 4478 1191 4539; x_wconf 80' lang='lat' dir='ltr'><strong>pastor</strong></span> <span class='ocrx_word' id='word_1_354' title='bbox 1228 4469 1388 4523; x_wconf 86' lang='lat' dir='ltr'><strong>bonus</strong></span> <span class='ocrx_word' id='word_1_355' title='bbox 1417 4467 1595 4541; x_wconf 79' lang='lat' dir='ltr'><strong>(Joan.</strong></span> <span class='ocrx_word' id='word_1_356' title='bbox 1639 4468 1727 4524; x_wconf 77' lang='grc'><strong>10.</strong></span> <span class='ocrx_word' id='word_1_357' title='bbox 1761 4471 1875 4539; x_wconf 76' lang='lat' dir='ltr'><strong>ii).</strong></span> 
     </span>
    </p>
   </div>
   <div class='ocr_carea' id='block_1_44' title="bbox 284 4557 1877 4629">
    <p class='ocr_par' dir='ltr' id='par_1_44' title="bbox 284 4557 1877 4629">
     <span class='ocr_line' id='line_1_44' title="bbox 284 4557 1877 4629; baseline 0.001 -16"><span class='ocrx_word' id='word_1_358' title='bbox 284 4557 399 4614; x_wconf 86' lang='lat' dir='ltr'><strong>Per</strong></span> <span class='ocrx_word' id='word_1_359' title='bbox 425 4558 562 4613; x_wconf 83' lang='lat' dir='ltr'><strong>hanc</strong></span> <span class='ocrx_word' id='word_1_360' title='bbox 597 4569 878 4629; x_wconf 87' lang='lat' dir='ltr'><strong>tyrannum</strong></span> <span class='ocrx_word' id='word_1_361' title='bbox 919 4576 1026 4615; x_wconf 88' lang='lat' dir='ltr'><strong>non</strong></span> <span class='ocrx_word' id='word_1_362' title='bbox 1069 4559 1554 4628; x_wconf 83' lang='lat' dir='ltr'><strong>perhorrescimus;</strong></span> <span class='ocrx_word' id='word_1_363' title='bbox 1579 4559 1712 4629; x_wconf 79' lang='lat' dir='ltr'><strong>Regi</strong></span> <span class='ocrx_word' id='word_1_364' title='bbox 1735 4560 1877 4615; x_wconf 86' lang='lat' dir='ltr'><strong>enim</strong></span> 
     </span>
    </p>
   </div>
   <div class='ocr_carea' id='block_1_45' title="bbox 285 4651 1878 4723">
    <p class='ocr_par' dir='ltr' id='par_1_45' title="bbox 285 4651 1878 4723">
     <span class='ocr_line' id='line_1_45' title="bbox 285 4651 1878 4723; baseline 0.002 -19"><span class='ocrx_word' id='word_1_365' title='bbox 285 4651 593 4707; x_wconf 82' lang='lat' dir='ltr'><strong>assidemns</strong></span> <span class='ocrx_word' id='word_1_366' title='bbox 623 4670 636 4706; x_wconf 89' lang='lat'>:</span> <span class='ocrx_word' id='word_1_367' title='bbox 663 4660 718 4707; x_wconf 91' lang='lat' dir='ltr'><strong>et</strong></span> <span class='ocrx_word' id='word_1_368' title='bbox 746 4652 868 4707; x_wconf 89' lang='lat' dir='ltr'><strong>ideo</strong></span> <span class='ocrx_word' id='word_1_369' title='bbox 897 4652 1089 4707; x_wconf 80' lang='lat' dir='ltr'><strong>festum</strong></span> <span class='ocrx_word' id='word_1_370' title='bbox 1116 4654 1342 4723; x_wconf 77' lang='lat' dir='ltr'><strong>agimus,</strong></span> <span class='ocrx_word' id='word_1_371' title='bbox 1365 4654 1539 4707; x_wconf 92' lang='lat' dir='ltr'><strong>crucis</strong></span> <span class='ocrx_word' id='word_1_372' title='bbox 1568 4653 1878 4707; x_wconf 79' lang='lat' dir='ltr'><strong>memoriam</strong></span> 
     </span>
    </p>
   </div>
   <div class='ocr_carea' id='block_1_46' title="bbox 286 4744 1879 4815">
    <p class='ocr_par' dir='ltr' id='par_1_46' title="bbox 286 4744 1879 4815">
     <span class='ocr_line' id='line_1_46' title="bbox 286 4744 1879 4815; baseline -0.001 -14"><span class='ocrx_word' id='word_1_373' title='bbox 286 4746 649 4801; x_wconf 70' lang='lat' dir='ltr'><strong>celebrantes.</strong></span> <span class='ocrx_word' id='word_1_374' title='bbox 692 4744 769 4800; x_wconf 86' lang='lat' dir='ltr'><strong>Ita</strong></span> <span class='ocrx_word' id='word_1_375' title='bbox 800 4755 855 4801; x_wconf 89' lang='lat' dir='ltr'><strong>et</strong></span> <span class='ocrx_word' id='word_1_376' title='bbox 878 4746 1073 4801; x_wconf 82' lang='lat' dir='ltr'><strong>Paulus</strong></span> <span class='ocrx_word' id='word_1_377' title='bbox 1110 4745 1269 4815; x_wconf 84' lang='lat' dir='ltr'><strong>jussit</strong></span> <span class='ocrx_word' id='word_1_378' title='bbox 1306 4759 1399 4812; x_wconf 89' lang='lat' dir='ltr'><strong>per</strong></span> <span class='ocrx_word' id='word_1_379' title='bbox 1434 4760 1647 4801; x_wconf 91' lang='lat' dir='ltr'><strong>crucem</strong></span> <span class='ocrx_word' id='word_1_380' title='bbox 1689 4744 1879 4800; x_wconf 82' lang='lat' dir='ltr'><strong>festum</strong></span> 
     </span>
    </p>
   </div>
   <div class='ocr_carea' id='block_1_47' title="bbox 284 4835 1880 4910">
    <p class='ocr_par' dir='ltr' id='par_1_47' title="bbox 284 4835 1880 4910">
     <span class='ocr_line' id='line_1_47' title="bbox 284 4835 1880 4910; baseline -0.002 -18"><span class='ocrx_word' id='word_1_381' title='bbox 284 4853 455 4910; x_wconf 80' lang='lat' dir='ltr'><strong>agere</strong></span> <span class='ocrx_word' id='word_1_382' title='bbox 487 4855 500 4891; x_wconf 90' lang='lat'><strong>:</strong></span> <span class='ocrx_word' id='word_1_383' title='bbox 534 4835 740 4891; x_wconf 81' lang='lat' dir='ltr'><strong>Festum</strong></span> <span class='ocrx_word' id='word_1_384' title='bbox 775 4854 1005 4906; x_wconf 84' lang='lat' dir='ltr'><strong>agamus,</strong></span> <span class='ocrx_word' id='word_1_385' title='bbox 1037 4837 1238 4907; x_wconf 91' lang='lat' dir='ltr'><strong>inquit,</strong></span> <span class='ocrx_word' id='word_1_386' title='bbox 1284 4852 1385 4889; x_wconf 88' lang='lat' dir='ltr'><strong>non</strong></span> <span class='ocrx_word' id='word_1_387' title='bbox 1426 4837 1479 4889; x_wconf 87' lang='lat' dir='ltr'><strong>in</strong></span> <span class='ocrx_word' id='word_1_388' title='bbox 1523 4836 1767 4905; x_wconf 72' lang='lat' dir='ltr'><strong>feranento</strong></span> <span class='ocrx_word' id='word_1_389' title='bbox 1797 4852 1880 4889; x_wconf 83' lang='lat' dir='ltr'><strong>ve-</strong></span> 
     </span>
    </p>
   </div>
   <div class='ocr_carea' id='block_1_48' title="bbox 288 4929 1877 5001">
    <p class='ocr_par' dir='ltr' id='par_1_48' title="bbox 288 4929 1877 5001">
     <span class='ocr_line' id='line_1_48' title="bbox 288 4929 1877 5001; baseline -0.001 -18"><span class='ocrx_word' id='word_1_390' title='bbox 288 4930 414 4993; x_wconf 81' lang='lat' dir='ltr'><strong>teri,</strong></span> <span class='ocrx_word' id='word_1_391' title='bbox 437 4932 526 4984; x_wconf 84' lang='lat' dir='ltr'><strong>sed</strong></span> <span class='ocrx_word' id='word_1_392' title='bbox 540 4931 592 4983; x_wconf 88' lang='lat' dir='ltr'><strong>in</strong></span> <span class='ocrx_word' id='word_1_393' title='bbox 612 4931 802 5001; x_wconf 78' lang='lat' dir='ltr'><strong>azymis</strong></span> <span class='ocrx_word' id='word_1_394' title='bbox 827 4931 1127 4985; x_wconf 76' lang='lat' dir='ltr'><strong>sinceritatis</strong></span> <span class='ocrx_word' id='word_1_395' title='bbox 1154 4939 1200 4984; x_wconf 85' lang='lat' dir='ltr'><strong>et</strong></span> <span class='ocrx_word' id='word_1_396' title='bbox 1227 4931 1448 4985; x_wconf 76' lang='lat' dir='ltr'><strong>veritatis</strong></span> <span class='ocrx_word' id='word_1_397' title='bbox 1469 4929 1514 5001; x_wconf 77' lang='grc' dir='ltr'>(Ι</span> <span class='ocrx_word' id='word_1_398' title='bbox 1530 4969 1544 4982; x_wconf 94' lang='grc'><strong>.</strong></span> <span class='ocrx_word' id='word_1_399' title='bbox 1568 4929 1685 4984; x_wconf 87' lang='lat' dir='ltr'><strong>Cor.</strong></span> <span class='ocrx_word' id='word_1_400' title='bbox 1712 4932 1764 4985; x_wconf 90' lang='lat'><strong>5.</strong></span> <span class='ocrx_word' id='word_1_401' title='bbox 1799 4930 1877 4996; x_wconf 89' lang='lat'><strong>8).</strong></span> 
     </span>
    </p>
   </div>
   <div class='ocr_carea' id='block_1_49' title="bbox 293 5021 1883 5093">
    <p class='ocr_par' dir='ltr' id='par_1_49' title="bbox 293 5021 1883 5093">
     <span class='ocr_line' id='line_1_49' title="bbox 293 5021 1883 5093; baseline -0.003 -15"><span class='ocrx_word' id='word_1_402' title='bbox 293 5022 509 5089; x_wconf 76' lang='lat' dir='ltr'><strong>Deinde</strong></span> <span class='ocrx_word' id='word_1_403' title='bbox 544 5036 761 5079; x_wconf 87' lang='lat' dir='ltr'><strong>causam</strong></span> <span class='ocrx_word' id='word_1_404' title='bbox 803 5022 1093 5091; x_wconf 85' lang='lat' dir='ltr'><strong>adjiciens,</strong></span> <span class='ocrx_word' id='word_1_405' title='bbox 1139 5023 1209 5077; x_wconf 90' lang='lat' dir='ltr'><strong>ita</strong></span> <span class='ocrx_word' id='word_1_406' title='bbox 1249 5022 1463 5093; x_wconf 81' lang='lat' dir='ltr'><strong>pergit:</strong></span> <span class='ocrx_word' id='word_1_407' title='bbox 1508 5021 1640 5090; x_wconf 83' lang='lat' dir='ltr'><strong>Quia</strong></span> <span class='ocrx_word' id='word_1_408' title='bbox 1682 5021 1883 5075; x_wconf 77' lang='lat' dir='ltr'><strong>Pascha</strong></span> 
     </span>
    </p>
   </div>
   <div class='ocr_carea' id='block_1_50' title="bbox 289 5112 1882 5185">
    <p class='ocr_par' dir='ltr' id='par_1_50' title="bbox 289 5112 1882 5185">
     <span class='ocr_line' id='line_1_50' title="bbox 289 5112 1882 5185; baseline 0 -19"><span class='ocrx_word' id='word_1_409' title='bbox 289 5123 529 5167; x_wconf 83' lang='lat' dir='ltr'><strong>nostrum</strong></span> <span class='ocrx_word' id='word_1_410' title='bbox 558 5130 649 5185; x_wconf 87' lang='lat' dir='ltr'><strong>pro</strong></span> <span class='ocrx_word' id='word_1_411' title='bbox 680 5114 822 5169; x_wconf 85' lang='lat' dir='ltr'><strong>nobis</strong></span> <span class='ocrx_word' id='word_1_412' title='bbox 846 5114 1134 5168; x_wconf 84' lang='lat' dir='ltr'><strong>immolatus</strong></span> <span class='ocrx_word' id='word_1_413' title='bbox 1157 5122 1231 5168; x_wconf 83' lang='lat' dir='ltr'><strong>est</strong></span> <span class='ocrx_word' id='word_1_414' title='bbox 1258 5112 1507 5168; x_wconf 79' lang='lat' dir='ltr'><strong>Christus.</strong></span> <span class='ocrx_word' id='word_1_415' title='bbox 1547 5113 1729 5167; x_wconf 82' lang='lat' dir='ltr'><strong>Viden‘</strong></span> <span class='ocrx_word' id='word_1_416' title='bbox 1751 5129 1882 5182; x_wconf 89' lang='lat' dir='ltr'><strong>quo-</strong></span> 
     </span>
    </p>
   </div>
   <div class='ocr_carea' id='block_1_51' title="bbox 290 5204 1883 5275">
    <p class='ocr_par' dir='ltr' id='par_1_51' title="bbox 290 5204 1883 5275">
     <span class='ocr_line' id='line_1_51' title="bbox 290 5204 1883 5275; baseline -0.003 -16"><span class='ocrx_word' id='word_1_417' title='bbox 290 5204 464 5259; x_wconf 89' lang='lat' dir='ltr'><strong>modo</strong></span> <span class='ocrx_word' id='word_1_418' title='bbox 491 5220 587 5273; x_wconf 90' lang='lat' dir='ltr'><strong>per</strong></span> <span class='ocrx_word' id='word_1_419' title='bbox 609 5220 823 5260; x_wconf 88' lang='lat' dir='ltr'><strong>crucem</strong></span> <span class='ocrx_word' id='word_1_420' title='bbox 871 5204 1062 5259; x_wconf 83' lang='lat' dir='ltr'><strong>festum</strong></span> <span class='ocrx_word' id='word_1_421' title='bbox 1105 5220 1262 5275; x_wconf 87' lang='lat' dir='ltr'><strong>agere</strong></span> <span class='ocrx_word' id='word_1_422' title='bbox 1302 5204 1607 5272; x_wconf 83' lang='lat' dir='ltr'><strong>praecipiat?</strong></span> <span class='ocrx_word' id='word_1_423' title='bbox 1634 5204 1684 5256; x_wconf 90' lang='lat' dir='ltr'><strong>in</strong></span> <span class='ocrx_word' id='word_1_424' title='bbox 1724 5218 1883 5256; x_wconf 83' lang='lat' dir='ltr'><strong>cruce</strong></span> 
     </span>
    </p>
   </div>
   <div class='ocr_carea' id='block_1_52' title="bbox 290 5295 1879 5367">
    <p class='ocr_par' dir='ltr' id='par_1_52' title="bbox 290 5295 1879 5367">
     <span class='ocr_line' id='line_1_52' title="bbox 290 5295 1879 5367; baseline -0.004 -14"><span class='ocrx_word' id='word_1_425' title='bbox 290 5314 532 5367; x_wconf 84' lang='lat' dir='ltr'><strong>namque</strong></span> <span class='ocrx_word' id='word_1_426' title='bbox 574 5298 877 5353; x_wconf 84' lang='lat' dir='ltr'><strong>immolatus</strong></span> <span class='ocrx_word' id='word_1_427' title='bbox 900 5307 983 5353; x_wconf 89' lang='lat' dir='ltr'><strong>est</strong></span> <span class='ocrx_word' id='word_1_428' title='bbox 1012 5298 1274 5352; x_wconf 87' lang='lat' dir='ltr'><strong>Christus.</strong></span> <span class='ocrx_word' id='word_1_429' title='bbox 1302 5295 1401 5353; x_wconf 89' lang='lat' dir='ltr'><strong>Ubi</strong></span> <span class='ocrx_word' id='word_1_430' title='bbox 1444 5312 1673 5366; x_wconf 82' lang='lat' dir='ltr'><strong>namque</strong></span> <span class='ocrx_word' id='word_1_431' title='bbox 1712 5295 1879 5350; x_wconf 86' lang='lat' dir='ltr'><strong>sacri-</strong></span> 
     </span>
    </p>
   </div>
   <div class='ocr_carea' id='block_1_53' title="bbox 291 5386 1883 5456">
    <p class='ocr_par' dir='ltr' id='par_1_53' title="bbox 291 5386 1883 5456">
     <span class='ocr_line' id='line_1_53' title="bbox 291 5386 1883 5456; baseline -0.001 -13"><span class='ocrx_word' id='word_1_432' title='bbox 291 5390 503 5451; x_wconf 79' lang='lat' dir='ltr'><strong>ﬁcium,</strong></span> <span class='ocrx_word' id='word_1_433' title='bbox 534 5386 605 5442; x_wconf 90' lang='lat' dir='ltr'><strong>ibi</strong></span> <span class='ocrx_word' id='word_1_434' title='bbox 634 5398 973 5456; x_wconf 88' lang='lat' dir='ltr'><strong>peccatorum</strong></span> <span class='ocrx_word' id='word_1_435' title='bbox 1001 5389 1238 5452; x_wconf 86' lang='lat' dir='ltr'><strong>abolitio,</strong></span> <span class='ocrx_word' id='word_1_436' title='bbox 1274 5389 1341 5441; x_wconf 84' lang='lat' dir='ltr'><strong>ibi</strong></span> <span class='ocrx_word' id='word_1_437' title='bbox 1374 5387 1739 5443; x_wconf 84' lang='lat' dir='ltr'><strong>reconciliatio</strong></span> <span class='ocrx_word' id='word_1_438' title='bbox 1763 5402 1883 5442; x_wconf 92' lang='lat' dir='ltr'><strong>cum</strong></span> 
     </span>
    </p>
   </div>
   <div class='ocr_carea' id='block_1_54' title="bbox 293 5479 1884 5548">
    <p class='ocr_par' dir='ltr' id='par_1_54' title="bbox 293 5479 1884 5548">
     <span class='ocr_line' id='line_1_54' title="bbox 293 5479 1884 5548; baseline -0.002 -13"><span class='ocrx_word' id='word_1_439' title='bbox 293 5481 554 5547; x_wconf 75' lang='lat' dir='ltr'><strong>Domino,</strong></span> <span class='ocrx_word' id='word_1_440' title='bbox 599 5481 667 5535; x_wconf 87' lang='lat' dir='ltr'><strong>ibi</strong></span> <span class='ocrx_word' id='word_1_441' title='bbox 709 5481 901 5535; x_wconf 80' lang='lat' dir='ltr'><strong>festum</strong></span> <span class='ocrx_word' id='word_1_442' title='bbox 942 5490 997 5535; x_wconf 85' lang='lat' dir='ltr'><strong>et</strong></span> <span class='ocrx_word' id='word_1_443' title='bbox 1043 5481 1240 5534; x_wconf 63' lang='lat' dir='ltr'><strong>laetitia.</strong></span> <span class='ocrx_word' id='word_1_444' title='bbox 1279 5479 1480 5533; x_wconf 82' lang='lat' dir='ltr'><strong>Pascha</strong></span> <span class='ocrx_word' id='word_1_445' title='bbox 1522 5490 1747 5533; x_wconf 84' lang='lat' dir='ltr'><strong>nostrum</strong></span> <span class='ocrx_word' id='word_1_446' title='bbox 1793 5495 1884 5548; x_wconf 90' lang='lat' dir='ltr'><strong>pro</strong></span> 
     </span>
    </p>
   </div>
   <div class='ocr_carea' id='block_1_55' title="bbox 291 5571 1883 5642">
    <p class='ocr_par' dir='ltr' id='par_1_55' title="bbox 291 5571 1883 5642">
     <span class='ocr_line' id='line_1_55' title="bbox 291 5571 1883 5642; baseline -0.002 -16"><span class='ocrx_word' id='word_1_447' title='bbox 291 5574 444 5627; x_wconf 81' lang='lat' dir='ltr'><strong>nobis</strong></span> <span class='ocrx_word' id='word_1_448' title='bbox 471 5575 758 5629; x_wconf 86' lang='lat' dir='ltr'><strong>immolatus</strong></span> <span class='ocrx_word' id='word_1_449' title='bbox 787 5582 858 5629; x_wconf 86' lang='lat' dir='ltr'><strong>cst</strong></span> <span class='ocrx_word' id='word_1_450' title='bbox 887 5573 1133 5628; x_wconf 82' lang='lat' dir='ltr'><strong>Christus.</strong></span> <span class='ocrx_word' id='word_1_451' title='bbox 1166 5572 1287 5639; x_wconf 89' lang='lat' dir='ltr'><strong>Ubi,</strong></span> <span class='ocrx_word' id='word_1_452' title='bbox 1323 5588 1527 5642; x_wconf 63' lang='lat' dir='ltr'><strong>qureso,</strong></span> <span class='ocrx_word' id='word_1_453' title='bbox 1546 5571 1883 5627; x_wconf 88' lang='lat' dir='ltr'><strong>immolatus?</strong></span> 
     </span>
    </p>
   </div>
   <div class='ocr_carea' id='block_1_56' title="bbox 292 5664 1880 5738">
    <p class='ocr_par' dir='ltr' id='par_1_56' title="bbox 292 5664 1880 5738">
     <span class='ocr_line' id='line_1_56' title="bbox 292 5664 1880 5738; baseline -0.005 -13"><span class='ocrx_word' id='word_1_454' title='bbox 292 5668 358 5725; x_wconf 85' lang='lat' dir='ltr'><strong>lu</strong></span> <span class='ocrx_word' id='word_1_455' title='bbox 394 5667 606 5722; x_wconf 80' lang='lat' dir='ltr'><strong>excelso</strong></span> <span class='ocrx_word' id='word_1_456' title='bbox 653 5668 907 5738; x_wconf 86' lang='lat' dir='ltr'><strong>patibulo.</strong></span> <span class='ocrx_word' id='word_1_457' title='bbox 952 5666 1158 5722; x_wconf 87' lang='lat' dir='ltr'><strong>Novum</strong></span> <span class='ocrx_word' id='word_1_458' title='bbox 1203 5666 1370 5720; x_wconf 89' lang='lat' dir='ltr'><strong>altare</strong></span> <span class='ocrx_word' id='word_1_459' title='bbox 1416 5665 1573 5734; x_wconf 83' lang='lat' dir='ltr'><strong>hujus</strong></span> <span class='ocrx_word' id='word_1_460' title='bbox 1614 5664 1880 5729; x_wconf 90' lang='lat' dir='ltr'><strong>sacriﬁcii,</strong></span> 
     </span>
    </p>
   </div>
   <div class='ocr_carea' id='block_1_57' title="bbox 297 5801 1884 5916">
    <p class='ocr_par' dir='ltr' id='par_1_57' title="bbox 297 5801 1884 5916">
     <span class='ocr_line' id='line_1_57' title="bbox 297 5801 1884 5916; baseline 0 -65"><span class='ocrx_word' id='word_1_461' title='bbox 297 5802 611 5916; x_wconf 48' lang='lat' dir='ltr'><strong>‘atagdjecit</strong></span> <span class='ocrx_word' id='word_1_462' title='bbox 641 5802 803 5861; x_wconf 85' lang='lat' dir='ltr'><strong>Savil.,</strong></span> <span class='ocrx_word' id='word_1_463' title='bbox 827 5802 989 5853; x_wconf 85' lang='lat' dir='ltr'><strong>habita</strong></span> <span class='ocrx_word' id='word_1_464' title='bbox 1010 5808 1081 5853; x_wconf 84' lang='lat' dir='ltr'><strong>est</strong></span> <span class='ocrx_word' id='word_1_465' title='bbox 1103 5801 1157 5852; x_wconf 85' lang='lat' dir='ltr'><strong>in</strong></span> <span class='ocrx_word' id='word_1_466' title='bbox 1178 5808 1342 5854; x_wconf 83' lang='lat' dir='ltr'><strong>sancta</strong></span> <span class='ocrx_word' id='word_1_467' title='bbox 1362 5810 1407 5854; x_wconf 83' lang='lat' dir='ltr'><strong>et</strong></span> <span class='ocrx_word' id='word_1_468' title='bbox 1430 5815 1605 5867; x_wconf 82' lang='lat' dir='ltr'><strong>magna</strong></span> <span class='ocrx_word' id='word_1_469' title='bbox 1635 5801 1714 5852; x_wconf 87' lang='lat' dir='ltr'><strong>die</strong></span> <span class='ocrx_word' id='word_1_470' title='bbox 1739 5811 1884 5851; x_wconf 82' lang='lat' dir='ltr'><strong>Para-</strong></span> 
     </span>
    </p>
   </div>
   <div class='ocr_carea' id='block_1_58' title="bbox 633 5947 1335 6009">
    <p class='ocr_par' dir='ltr' id='par_1_58' title="bbox 633 5947 1335 6009">
     <span class='ocr_line' id='line_1_58' title="bbox 633 5947 1335 6009; baseline 0.003 -1"><span class='ocrx_word' id='word_1_471' title='bbox 633 5951 902 6009; x_wconf 73' lang='lat' dir='ltr'><strong>PATROL.</strong></span> <span class='ocrx_word' id='word_1_472' title='bbox 951 5950 1067 6009; x_wconf 81' lang='lat' dir='ltr'><strong>Gn.</strong></span> <span class='ocrx_word' id='word_1_473' title='bbox 1114 5949 1163 6007; x_wconf 74' lang='grc' dir='ltr'>Χ</span> <span class='ocrx_word' id='word_1_474' title='bbox 1181 5947 1245 6006; x_wconf 89' lang='lat' dir='ltr'><strong>Ll</strong></span> <span class='ocrx_word' id='word_1_475' title='bbox 1263 5952 1335 6009; x_wconf 74' lang='grc' dir='ltr'><strong>Χ.</strong></span> 
     </span>
    </p>
   </div>
   <div class='ocr_carea' id='block_1_59' title="bbox 1862 2590 2021 2644">
    <p class='ocr_par' dir='ltr' id='par_1_59' title="bbox 1862 2590 2021 2644">
     <span class='ocr_line' id='line_1_59' title="bbox 1862 2590 2021 2644; baseline 0 0"><span class='ocrx_word' id='word_1_476' title='bbox 1862 2590 2021 2644; x_wconf 52' lang='lat' dir='ltr'><strong>(tim</strong></span> 
     </span>
    </p>
   </div>
   <div class='ocr_carea' id='block_1_60' title="bbox 2029 2611 2310 2622">
    <p class='ocr_par' dir='ltr' id='par_1_60' title="bbox 2029 2611 2310 2622">
     <span class='ocr_line' id='line_1_60' title="bbox 2029 2611 2310 2622; baseline 0.004 -1"><span class='ocrx_word' id='word_1_477' title='bbox 2029 2611 2310 2622; x_wconf 79' lang='lat'><strong>——_—_</strong></span> 
     </span>
    </p>
   </div>
   <div class='ocr_carea' id='block_1_61' title="bbox 1986 2720 3562 2794">
    <p class='ocr_par' dir='ltr' id='par_1_61' title="bbox 1986 2720 3562 2794">
     <span class='ocr_line' id='line_1_61' title="bbox 1986 2720 3562 2794; baseline 0.001 -18"><span class='ocrx_word' id='word_1_478' title='bbox 1986 2723 2107 2794; x_wconf 91' lang='lat' dir='ltr'><strong>quia</strong></span> <span class='ocrx_word' id='word_1_479' title='bbox 2158 2723 2331 2792; x_wconf 90' lang='lat' dir='ltr'><strong>ipsum</strong></span> <span class='ocrx_word' id='word_1_480' title='bbox 2387 2720 2704 2777; x_wconf 88' lang='lat' dir='ltr'><strong>sacriﬁcium</strong></span> <span class='ocrx_word' id='word_1_481' title='bbox 2748 2736 2943 2777; x_wconf 89' lang='lat' dir='ltr'><strong>novum</strong></span> <span class='ocrx_word' id='word_1_482' title='bbox 2988 2721 3413 2792; x_wconf 88' lang='lat' dir='ltr'><strong>stupendumque</strong></span> <span class='ocrx_word' id='word_1_483' title='bbox 3459 2731 3562 2779; x_wconf 88' lang='lat' dir='ltr'><strong>est.</strong></span> 
     </span>
    </p>
   </div>
   <div class='ocr_carea' id='block_1_62' title="bbox 1988 2813 3564 2883">
    <p class='ocr_par' dir='ltr' id='par_1_62' title="bbox 1988 2813 3564 2883">
     <span class='ocr_line' id='line_1_62' title="bbox 1988 2813 3564 2883; baseline -0.001 -14"><span class='ocrx_word' id='word_1_484' title='bbox 1988 2813 2131 2869; x_wconf 92' lang='lat' dir='ltr'><strong>Idem</strong></span> <span class='ocrx_word' id='word_1_485' title='bbox 2157 2813 2354 2883; x_wconf 89' lang='lat' dir='ltr'><strong>quippe</strong></span> <span class='ocrx_word' id='word_1_486' title='bbox 2383 2821 2436 2867; x_wconf 89' lang='lat' dir='ltr'><strong>et</strong></span> <span class='ocrx_word' id='word_1_487' title='bbox 2459 2813 2777 2868; x_wconf 89' lang='lat' dir='ltr'><strong>sacriﬁcium</strong></span> <span class='ocrx_word' id='word_1_488' title='bbox 2809 2821 2863 2868; x_wconf 90' lang='lat' dir='ltr'><strong>et</strong></span> <span class='ocrx_word' id='word_1_489' title='bbox 2881 2813 3133 2868; x_wconf 90' lang='lat' dir='ltr'><strong>sacerdos</strong></span> <span class='ocrx_word' id='word_1_490' title='bbox 3171 2822 3285 2868; x_wconf 88' lang='lat' dir='ltr'><strong>erat</strong></span> <span class='ocrx_word' id='word_1_491' title='bbox 3314 2831 3328 2867; x_wconf 89' lang='lat'><strong>:</strong></span> <span class='ocrx_word' id='word_1_492' title='bbox 3357 2815 3564 2869; x_wconf 86' lang='lat' dir='ltr'><strong>sacriﬁ-</strong></span> 
     </span>
    </p>
   </div>
   <div class='ocr_carea' id='block_1_63' title="bbox 1984 2905 3566 2977">
    <p class='ocr_par' dir='ltr' id='par_1_63' title="bbox 1984 2905 3566 2977">
     <span class='ocr_line' id='line_1_63' title="bbox 1984 2905 3566 2977; baseline 0.001 -17"><span class='ocrx_word' id='word_1_493' title='bbox 1984 2906 2125 2960; x_wconf 90' lang='lat' dir='ltr'><strong>cium</strong></span> <span class='ocrx_word' id='word_1_494' title='bbox 2167 2905 2459 2960; x_wconf 86' lang='lat' dir='ltr'><strong>secundum</strong></span> <span class='ocrx_word' id='word_1_495' title='bbox 2503 2921 2718 2961; x_wconf 87' lang='lat' dir='ltr'><strong>carnem</strong></span> <span class='ocrx_word' id='word_1_496' title='bbox 2741 2948 2755 2971; x_wconf 93' lang='lat'><strong>,</strong></span> <span class='ocrx_word' id='word_1_497' title='bbox 2786 2906 3036 2962; x_wconf 84' lang='lat' dir='ltr'><strong>sacerdos</strong></span> <span class='ocrx_word' id='word_1_498' title='bbox 3075 2906 3364 2962; x_wconf 82' lang='lat' dir='ltr'><strong>secundum</strong></span> <span class='ocrx_word' id='word_1_499' title='bbox 3403 2908 3566 2977; x_wconf 81' lang='lat' dir='ltr'><strong>spiri-</strong></span> 
     </span>
    </p>
   </div>
   <div class='ocr_carea' id='block_1_64' title="bbox 1987 2997 3566 3064">
    <p class='ocr_par' dir='ltr' id='par_1_64' title="bbox 1987 2997 3566 3064">
     <span class='ocr_line' id='line_1_64' title="bbox 1987 2997 3566 3064; baseline 0.001 -13"><span class='ocrx_word' id='word_1_500' title='bbox 1987 3006 2097 3051; x_wconf 91' lang='lat' dir='ltr'><strong>tum</strong></span> <span class='ocrx_word' id='word_1_501' title='bbox 2130 3014 2142 3051; x_wconf 93' lang='lat'>:</span> <span class='ocrx_word' id='word_1_502' title='bbox 2177 2997 2316 3052; x_wconf 91' lang='lat' dir='ltr'><strong>idem</strong></span> <span class='ocrx_word' id='word_1_503' title='bbox 2343 3009 2393 3052; x_wconf 91' lang='lat' dir='ltr'><strong>et</strong></span> <span class='ocrx_word' id='word_1_504' title='bbox 2424 2997 2702 3064; x_wconf 75' lang='lat' dir='ltr'><strong>oﬁerebat,</strong></span> <span class='ocrx_word' id='word_1_505' title='bbox 2730 3006 2786 3053; x_wconf 90' lang='lat' dir='ltr'><strong>et</strong></span> <span class='ocrx_word' id='word_1_506' title='bbox 2813 2998 3105 3053; x_wconf 90' lang='lat' dir='ltr'><strong>secundum</strong></span> <span class='ocrx_word' id='word_1_507' title='bbox 3132 3014 3346 3054; x_wconf 86' lang='lat' dir='ltr'><strong>carnem</strong></span> <span class='ocrx_word' id='word_1_508' title='bbox 3374 2999 3566 3055; x_wconf 74' lang='lat' dir='ltr'><strong>offere-</strong></span> 
     </span>
    </p>
   </div>
   <div class='ocr_carea' id='block_1_65' title="bbox 1984 3088 3564 3159">
    <p class='ocr_par' dir='ltr' id='par_1_65' title="bbox 1984 3088 3564 3159">
     <span class='ocr_line' id='line_1_65' title="bbox 1984 3088 3564 3159; baseline 0.002 -18"><span class='ocrx_word' id='word_1_509' title='bbox 1984 3088 2156 3142; x_wconf 90' lang='lat' dir='ltr'><strong>batur.</strong></span> <span class='ocrx_word' id='word_1_510' title='bbox 2191 3088 2326 3142; x_wconf 87' lang='lat' dir='ltr'><strong>Audi</strong></span> <span class='ocrx_word' id='word_1_511' title='bbox 2347 3089 2613 3159; x_wconf 90' lang='lat' dir='ltr'><strong>quomodo</strong></span> <span class='ocrx_word' id='word_1_512' title='bbox 2640 3088 2754 3144; x_wconf 67' lang='lat' dir='ltr'><strong>haec</strong></span> <span class='ocrx_word' id='word_1_513' title='bbox 2777 3090 2935 3144; x_wconf 91' lang='lat' dir='ltr'><strong>ambo</strong></span> <span class='ocrx_word' id='word_1_514' title='bbox 2956 3089 3150 3145; x_wconf 86' lang='lat' dir='ltr'><strong>Paulus</strong></span> <span class='ocrx_word' id='word_1_515' title='bbox 3172 3089 3520 3145; x_wconf 80' lang='lat' dir='ltr'><strong>declaraverit</strong></span> <span class='ocrx_word' id='word_1_516' title='bbox 3548 3107 3564 3144; x_wconf 87' lang='lat'><strong>:</strong></span> 
     </span>
    </p>
   </div>
   <div class='ocr_carea' id='block_1_66' title="bbox 1988 3178 3568 3251">
    <p class='ocr_par' dir='ltr' id='par_1_66' title="bbox 1988 3178 3568 3251">
     <span class='ocr_line' id='line_1_66' title="bbox 1988 3178 3568 3251; baseline 0.002 -20"><span class='ocrx_word' id='word_1_517' title='bbox 1988 3178 2166 3232; x_wconf 86' lang='lat' dir='ltr'><strong>Omnis</strong></span> <span class='ocrx_word' id='word_1_518' title='bbox 2195 3178 2468 3250; x_wconf 69' lang='lat' dir='ltr'><strong>Pontifex,</strong></span> <span class='ocrx_word' id='word_1_519' title='bbox 2497 3180 2695 3249; x_wconf 88' lang='lat' dir='ltr'><strong>inquit,</strong></span> <span class='ocrx_word' id='word_1_520' title='bbox 2724 3196 2786 3233; x_wconf 75' lang='lat' dir='ltr'><strong>ea:</strong></span> <span class='ocrx_word' id='word_1_521' title='bbox 2813 3180 3096 3234; x_wconf 87' lang='lat' dir='ltr'><strong>hominibus</strong></span> <span class='ocrx_word' id='word_1_522' title='bbox 3125 3191 3441 3251; x_wconf 85' lang='lat' dir='ltr'><strong>assumptus,</strong></span> <span class='ocrx_word' id='word_1_523' title='bbox 3474 3197 3568 3249; x_wconf 86' lang='lat' dir='ltr'><strong>pro</strong></span> 
     </span>
    </p>
   </div>
   <div class='ocr_carea' id='block_1_67' title="bbox 1987 3272 3567 3337">
    <p class='ocr_par' dir='ltr' id='par_1_67' title="bbox 1987 3272 3567 3337">
     <span class='ocr_line' id='line_1_67' title="bbox 1987 3272 3567 3337; baseline 0 -12"><span class='ocrx_word' id='word_1_524' title='bbox 1987 3272 2270 3326; x_wconf 76' lang='lat' dir='ltr'><strong>hominibus</strong></span> <span class='ocrx_word' id='word_1_525' title='bbox 2323 3273 2679 3337; x_wconf 86' lang='lat' dir='ltr'><strong>constituitur;</strong></span> <span class='ocrx_word' id='word_1_526' title='bbox 2728 3273 2863 3327; x_wconf 88' lang='lat' dir='ltr'><strong>unde</strong></span> <span class='ocrx_word' id='word_1_527' title='bbox 2913 3289 3110 3326; x_wconf 85' lang='lat' dir='ltr'><strong>necesse</strong></span> <span class='ocrx_word' id='word_1_528' title='bbox 3161 3282 3234 3326; x_wconf 87' lang='lat' dir='ltr'><strong>est</strong></span> <span class='ocrx_word' id='word_1_529' title='bbox 3279 3283 3335 3326; x_wconf 88' lang='lat' dir='ltr'><strong>ut</strong></span> <span class='ocrx_word' id='word_1_530' title='bbox 3387 3274 3567 3326; x_wconf 81' lang='lat' dir='ltr'><strong>habeat</strong></span> 
     </span>
    </p>
   </div>
   <div class='ocr_carea' id='block_1_68' title="bbox 1984 3364 3567 3435">
    <p class='ocr_par' dir='ltr' id='par_1_68' title="bbox 1984 3364 3567 3435">
     <span class='ocr_line' id='line_1_68' title="bbox 1984 3364 3567 3435; baseline -0.003 -15"><span class='ocrx_word' id='word_1_531' title='bbox 1984 3367 2279 3435; x_wconf 83' lang='lat' dir='ltr'><strong>quidpiam,</strong></span> <span class='ocrx_word' id='word_1_532' title='bbox 2315 3366 2451 3435; x_wconf 85' lang='lat' dir='ltr'><strong>quod</strong></span> <span class='ocrx_word' id='word_1_533' title='bbox 2489 3364 2691 3432; x_wconf 75' lang='lat' dir='ltr'><strong>o/ferat.</strong></span> <span class='ocrx_word' id='word_1_534' title='bbox 2746 3364 2878 3418; x_wconf 83' lang='lat' dir='ltr'><strong>Ecce</strong></span> <span class='ocrx_word' id='word_1_535' title='bbox 2914 3366 3022 3435; x_wconf 80' lang='lat' dir='ltr'><strong>ipse</strong></span> <span class='ocrx_word' id='word_1_536' title='bbox 3057 3364 3205 3430; x_wconf 78' lang='lat' dir='ltr'><strong>o/fert</strong></span> <span class='ocrx_word' id='word_1_537' title='bbox 3247 3366 3567 3434; x_wconf 81' lang='lat' dir='ltr'><strong>semetipsum</strong></span> 
     </span>
    </p>
   </div>
   <div class='ocr_carea' id='block_1_69' title="bbox 1986 3455 3567 3529">
    <p class='ocr_par' dir='ltr' id='par_1_69' title="bbox 1986 3455 3567 3529">
     <span class='ocr_line' id='line_1_69' title="bbox 1986 3455 3567 3529; baseline 0 -19"><span class='ocrx_word' id='word_1_538' title='bbox 1986 3457 2171 3527; x_wconf 81' lang='lat' dir='ltr'><strong>(Hebr.</strong></span> <span class='ocrx_word' id='word_1_539' title='bbox 2201 3458 2253 3512; x_wconf 80' lang='grc'><strong>5.</strong></span> <span class='ocrx_word' id='word_1_540' title='bbox 2290 3459 2314 3511; x_wconf 84' lang='grc'><strong>1</strong></span> <span class='ocrx_word' id='word_1_541' title='bbox 2340 3475 2359 3523; x_wconf 85' lang='grc'><em>;</em></span> <span class='ocrx_word' id='word_1_542' title='bbox 2388 3467 2432 3510; x_wconf 91' lang='lat' dir='ltr'><strong>et</strong></span> <span class='ocrx_word' id='word_1_543' title='bbox 2458 3457 2511 3512; x_wconf 90' lang='lat'><strong>8.</strong></span> <span class='ocrx_word' id='word_1_544' title='bbox 2535 3456 2610 3529; x_wconf 74' lang='grc' dir='ltr'><strong>ὅ).</strong></span> <span class='ocrx_word' id='word_1_545' title='bbox 2639 3456 2777 3511; x_wconf 85' lang='lat' dir='ltr'><strong>Alibi</strong></span> <span class='ocrx_word' id='word_1_546' title='bbox 2807 3473 2936 3511; x_wconf 87' lang='lat' dir='ltr'><strong>vero</strong></span> <span class='ocrx_word' id='word_1_547' title='bbox 2956 3457 3083 3511; x_wconf 89' lang='lat' dir='ltr'><strong>dicit</strong></span> <span class='ocrx_word' id='word_1_548' title='bbox 3114 3474 3129 3511; x_wconf 89' lang='lat'><strong>:</strong></span> <span class='ocrx_word' id='word_1_549' title='bbox 3162 3457 3388 3511; x_wconf 81' lang='lat' dir='ltr'><strong>Christus</strong></span> <span class='ocrx_word' id='word_1_550' title='bbox 3415 3455 3567 3510; x_wconf 78' lang='lat' dir='ltr'><strong>semel</strong></span> 
     </span>
    </p>
   </div>
   <div class='ocr_carea' id='block_1_70' title="bbox 1985 3548 3568 3619">
    <p class='ocr_par' dir='ltr' id='par_1_70' title="bbox 1985 3548 3568 3619">
     <span class='ocr_line' id='line_1_70' title="bbox 1985 3548 3568 3619; baseline 0 -16"><span class='ocrx_word' id='word_1_551' title='bbox 1985 3549 2182 3603; x_wconf 82' lang='lat' dir='ltr'><strong>oblatus</strong></span> <span class='ocrx_word' id='word_1_552' title='bbox 2208 3549 2274 3601; x_wconf 87' lang='lat' dir='ltr'><strong>ad</strong></span> <span class='ocrx_word' id='word_1_553' title='bbox 2314 3548 2586 3602; x_wconf 86' lang='lat' dir='ltr'><strong>multorum</strong></span> <span class='ocrx_word' id='word_1_554' title='bbox 2624 3550 2901 3619; x_wconf 81' lang='lat' dir='ltr'><strong>auferenda</strong></span> <span class='ocrx_word' id='word_1_555' title='bbox 2929 3559 3131 3618; x_wconf 86' lang='lat' dir='ltr'><strong>peccata</strong></span> <span class='ocrx_word' id='word_1_556' title='bbox 3151 3590 3163 3611; x_wconf 92' lang='lat'><strong>,</strong></span> <span class='ocrx_word' id='word_1_557' title='bbox 3192 3550 3454 3617; x_wconf 80' lang='lat' dir='ltr'><strong>apparebit</strong></span> <span class='ocrx_word' id='word_1_558' title='bbox 3478 3565 3568 3603; x_wconf 68' lang='grc' dir='ltr'><strong>αε-</strong></span> 
     </span>
    </p>
   </div>
   <div class='ocr_carea' id='block_1_71' title="bbox 1983 3636 3565 3713">
    <p class='ocr_par' dir='ltr' id='par_1_71' title="bbox 1983 3636 3565 3713">
     <span class='ocr_line' id='line_1_71' title="bbox 1983 3636 3565 3713; baseline -0.001 -16"><span class='ocrx_word' id='word_1_559' title='bbox 1983 3642 2319 3711; x_wconf 85' lang='lat' dir='ltr'><strong>spectantibus</strong></span> <span class='ocrx_word' id='word_1_560' title='bbox 2370 3659 2423 3696; x_wconf 88' lang='lat' dir='ltr'><strong>se</strong></span> <span class='ocrx_word' id='word_1_561' title='bbox 2463 3642 2518 3696; x_wconf 86' lang='lat' dir='ltr'><strong>in</strong></span> <span class='ocrx_word' id='word_1_562' title='bbox 2567 3640 2797 3695; x_wconf 83' lang='lat' dir='ltr'><strong>salutem</strong></span> <span class='ocrx_word' id='word_1_563' title='bbox 2823 3636 3009 3708; x_wconf 82' lang='lat' dir='ltr'><strong>(Hebr.</strong></span> <span class='ocrx_word' id='word_1_564' title='bbox 3048 3639 3102 3695; x_wconf 88' lang='lat'><strong>9.</strong></span> <span class='ocrx_word' id='word_1_565' title='bbox 3132 3640 3245 3713; x_wconf 77' lang='lat'><strong>28).</strong></span> <span class='ocrx_word' id='word_1_566' title='bbox 3275 3638 3415 3698; x_wconf 82' lang='lat' dir='ltr'><strong>Ecce</strong></span> <span class='ocrx_word' id='word_1_567' title='bbox 3480 3640 3565 3696; x_wconf 80' lang='lat' dir='ltr'><strong>hic</strong></span> 
     </span>
    </p>
   </div>
   <div class='ocr_carea' id='block_1_72' title="bbox 1984 3732 3567 3803">
    <p class='ocr_par' dir='ltr' id='par_1_72' title="bbox 1984 3732 3567 3803">
     <span class='ocr_line' id='line_1_72' title="bbox 1984 3732 3567 3803; baseline -0.001 -14"><span class='ocrx_word' id='word_1_568' title='bbox 1984 3735 2193 3790; x_wconf 86' lang='lat' dir='ltr'><strong>oblatus</strong></span> <span class='ocrx_word' id='word_1_569' title='bbox 2239 3745 2340 3801; x_wconf 89' lang='lat' dir='ltr'><strong>est,</strong></span> <span class='ocrx_word' id='word_1_570' title='bbox 2399 3735 2508 3789; x_wconf 90' lang='lat' dir='ltr'><strong>illic</strong></span> <span class='ocrx_word' id='word_1_571' title='bbox 2551 3749 2682 3790; x_wconf 91' lang='lat' dir='ltr'><strong>vero</strong></span> <span class='ocrx_word' id='word_1_572' title='bbox 2728 3734 3075 3803; x_wconf 88' lang='lat' dir='ltr'><strong>semetipsum</strong></span> <span class='ocrx_word' id='word_1_573' title='bbox 3120 3734 3328 3788; x_wconf 88' lang='lat' dir='ltr'><strong>obtulit.</strong></span> <span class='ocrx_word' id='word_1_574' title='bbox 3377 3732 3567 3788; x_wconf 81' lang='lat' dir='ltr'><strong>Viden’</strong></span> 
     </span>
    </p>
   </div>
   <div class='ocr_carea' id='block_1_73' title="bbox 1985 3825 3562 3897">
    <p class='ocr_par' dir='ltr' id='par_1_73' title="bbox 1985 3825 3562 3897">
     <span class='ocr_line' id='line_1_73' title="bbox 1985 3825 3562 3897; baseline -0.001 -15"><span class='ocrx_word' id='word_1_575' title='bbox 1985 3827 2256 3897; x_wconf 88' lang='lat' dir='ltr'><strong>quomodo</strong></span> <span class='ocrx_word' id='word_1_576' title='bbox 2275 3838 2329 3882; x_wconf 89' lang='lat' dir='ltr'><strong>et</strong></span> <span class='ocrx_word' id='word_1_577' title='bbox 2353 3826 2678 3881; x_wconf 88' lang='lat' dir='ltr'><strong>sacriﬁcium</strong></span> <span class='ocrx_word' id='word_1_578' title='bbox 2703 3836 2757 3882; x_wconf 91' lang='lat' dir='ltr'><strong>et</strong></span> <span class='ocrx_word' id='word_1_579' title='bbox 2782 3825 3032 3881; x_wconf 87' lang='lat' dir='ltr'><strong>sacerdos</strong></span> <span class='ocrx_word' id='word_1_580' title='bbox 3050 3825 3218 3879; x_wconf 83' lang='lat' dir='ltr'><strong>factus</strong></span> <span class='ocrx_word' id='word_1_581' title='bbox 3246 3826 3332 3890; x_wconf 89' lang='lat' dir='ltr'><strong>sit,</strong></span> <span class='ocrx_word' id='word_1_582' title='bbox 3357 3834 3409 3880; x_wconf 91' lang='lat' dir='ltr'><strong>et</strong></span> <span class='ocrx_word' id='word_1_583' title='bbox 3434 3840 3562 3880; x_wconf 79' lang='lat' dir='ltr'><strong>crux</strong></span> 
     </span>
    </p>
   </div>
   <div class='ocr_carea' id='block_1_74' title="bbox 1985 3917 3561 3990">
    <p class='ocr_par' dir='ltr' id='par_1_74' title="bbox 1985 3917 3561 3990">
     <span class='ocr_line' id='line_1_74' title="bbox 1985 3917 3561 3990; baseline -0.002 -17"><span class='ocrx_word' id='word_1_584' title='bbox 1985 3921 2151 3975; x_wconf 89' lang='lat' dir='ltr'><strong>altare</strong></span> <span class='ocrx_word' id='word_1_585' title='bbox 2180 3920 2379 3975; x_wconf 79' lang='lat' dir='ltr'><strong>fuerit?</strong></span> <span class='ocrx_word' id='word_1_586' title='bbox 2406 3920 2475 3974; x_wconf 91' lang='lat' dir='ltr'><strong>Et</strong></span> <span class='ocrx_word' id='word_1_587' title='bbox 2509 3935 2623 3983; x_wconf 90' lang='lat' dir='ltr'><strong>cur,</strong></span> <span class='ocrx_word' id='word_1_588' title='bbox 2655 3920 2891 3990; x_wconf 77' lang='lat' dir='ltr'><strong>inquies,</strong></span> <span class='ocrx_word' id='word_1_589' title='bbox 2921 3932 3025 3972; x_wconf 92' lang='lat' dir='ltr'><strong>non</strong></span> <span class='ocrx_word' id='word_1_590' title='bbox 3072 3919 3125 3971; x_wconf 92' lang='lat' dir='ltr'><strong>in</strong></span> <span class='ocrx_word' id='word_1_591' title='bbox 3166 3919 3363 3986; x_wconf 89' lang='lat' dir='ltr'><strong>templo</strong></span> <span class='ocrx_word' id='word_1_592' title='bbox 3391 3917 3561 3971; x_wconf 72' lang='lat' dir='ltr'><strong>hOslia</strong></span> 
     </span>
    </p>
   </div>
   <div class='ocr_carea' id='block_1_75' title="bbox 1983 4001 3571 4077">
    <p class='ocr_par' dir='ltr' id='par_1_75' title="bbox 1983 4001 3571 4077">
     <span class='ocr_line' id='line_1_75' title="bbox 1983 4001 3571 4077; baseline -0.008 -11"><span class='ocrx_word' id='word_1_593' title='bbox 1983 4010 2222 4077; x_wconf 80' lang='lat' dir='ltr'><strong>oﬁ&#39;ertur,</strong></span> <span class='ocrx_word' id='word_1_594' title='bbox 2252 4011 2346 4065; x_wconf 89' lang='lat' dir='ltr'><strong>sed</strong></span> <span class='ocrx_word' id='word_1_595' title='bbox 2372 4020 2523 4065; x_wconf 78' lang='lat' dir='ltr'><strong>extra</strong></span> <span class='ocrx_word' id='word_1_596' title='bbox 2555 4010 2739 4065; x_wconf 89' lang='lat' dir='ltr'><strong>urbem</strong></span> <span class='ocrx_word' id='word_1_597' title='bbox 2784 4018 2839 4065; x_wconf 91' lang='lat' dir='ltr'><strong>et</strong></span> <span class='ocrx_word' id='word_1_598' title='bbox 2861 4007 3095 4063; x_wconf 64' lang='lat' dir='ltr'><strong>muenia?</strong></span> <span class='ocrx_word' id='word_1_599' title='bbox 3120 4007 3191 4062; x_wconf 87' lang='lat' dir='ltr'><strong>Ut</strong></span> <span class='ocrx_word' id='word_1_600' title='bbox 3249 4001 3571 4077; x_wconf 82' lang='lat' dir='ltr'><strong>impleretur</strong></span> 
     </span>
    </p>
   </div>
   <div class='ocr_carea' id='block_1_76' title="bbox 1986 4076 3564 4171">
    <p class='ocr_par' dir='ltr' id='par_1_76' title="bbox 1986 4076 3564 4171">
     <span class='ocr_line' id='line_1_76' title="bbox 1986 4076 3564 4171; baseline -0.004 -15"><span class='ocrx_word' id='word_1_601' title='bbox 1986 4102 2137 4162; x_wconf 86' lang='lat' dir='ltr'><strong>illud.</strong></span> <span class='ocrx_word' id='word_1_602' title='bbox 2153 4076 2277 4155; x_wconf 74' lang='lat' dir='ltr'><strong>cum</strong></span> <span class='ocrx_word' id='word_1_603' title='bbox 2293 4103 2478 4171; x_wconf 86' lang='lat' dir='ltr'><strong>iniquis</strong></span> <span class='ocrx_word' id='word_1_604' title='bbox 2493 4110 2752 4170; x_wconf 87' lang='lat' dir='ltr'><strong>reputatus</strong></span> <span class='ocrx_word' id='word_1_605' title='bbox 2773 4110 2843 4153; x_wconf 85' lang='lat' dir='ltr'><strong>est</strong></span> <span class='ocrx_word' id='word_1_606' title='bbox 2860 4098 2912 4169; x_wconf 90' lang='lat' dir='ltr'><strong>(I</strong></span> <span class='ocrx_word' id='word_1_607' title='bbox 2917 4100 3011 4153; x_wconf 86' lang='lat' dir='ltr'><strong>sai.</strong></span> <span class='ocrx_word' id='word_1_608' title='bbox 3031 4098 3119 4154; x_wconf 79' lang='lat'><strong>5&#39;5.</strong></span> <span class='ocrx_word' id='word_1_609' title='bbox 3139 4097 3250 4164; x_wconf 74' lang='lat'><strong>12).</strong></span> <span class='ocrx_word' id='word_1_610' title='bbox 3269 4076 3375 4149; x_wconf 74' lang='lat' dir='ltr'><strong>Cur</strong></span> <span class='ocrx_word' id='word_1_611' title='bbox 3386 4107 3564 4150; x_wconf 88' lang='lat' dir='ltr'><strong>autem</strong></span> 
     </span>
    </p>
   </div>
   <div class='ocr_carea' id='block_1_77' title="bbox 1983 4186 3566 4262">
    <p class='ocr_par' dir='ltr' id='par_1_77' title="bbox 1983 4186 3566 4262">
     <span class='ocr_line' id='line_1_77' title="bbox 1983 4186 3566 4262; baseline -0.006 -13"><span class='ocrx_word' id='word_1_612' title='bbox 1983 4193 2037 4249; x_wconf 89' lang='lat' dir='ltr'><strong>in</strong></span> <span class='ocrx_word' id='word_1_613' title='bbox 2066 4192 2278 4248; x_wconf 90' lang='lat' dir='ltr'><strong>sublimi</strong></span> <span class='ocrx_word' id='word_1_614' title='bbox 2304 4192 2540 4262; x_wconf 89' lang='lat' dir='ltr'><strong>patibulo</strong></span> <span class='ocrx_word' id='word_1_615' title='bbox 2563 4192 2856 4261; x_wconf 75' lang='lat' dir='ltr'><strong>iugulatur,</strong></span> <span class='ocrx_word' id='word_1_616' title='bbox 2890 4205 2994 4244; x_wconf 91' lang='lat' dir='ltr'><strong>non</strong></span> <span class='ocrx_word' id='word_1_617' title='bbox 3021 4189 3121 4244; x_wconf 90' lang='lat' dir='ltr'><strong>sub</strong></span> <span class='ocrx_word' id='word_1_618' title='bbox 3134 4187 3307 4243; x_wconf 86' lang='lat' dir='ltr'><strong>tecto?</strong></span> <span class='ocrx_word' id='word_1_619' title='bbox 3331 4186 3402 4242; x_wconf 90' lang='lat' dir='ltr'><strong>Ut</strong></span> <span class='ocrx_word' id='word_1_620' title='bbox 3424 4188 3566 4241; x_wconf 87' lang='lat' dir='ltr'><strong>aeris</strong></span> 
     </span>
    </p>
   </div>
   <div class='ocr_carea' id='block_1_78' title="bbox 1984 4280 3566 4355">
    <p class='ocr_par' dir='ltr' id='par_1_78' title="bbox 1984 4280 3566 4355">
     <span class='ocr_line' id='line_1_78' title="bbox 1984 4280 3566 4355; baseline -0.004 -16"><span class='ocrx_word' id='word_1_621' title='bbox 1984 4294 2227 4340; x_wconf 84' lang='lat' dir='ltr'><strong>naturam</strong></span> <span class='ocrx_word' id='word_1_622' title='bbox 2258 4293 2539 4355; x_wconf 86' lang='lat' dir='ltr'><strong>purgaret;</strong></span> <span class='ocrx_word' id='word_1_623' title='bbox 2586 4282 2709 4338; x_wconf 89' lang='lat' dir='ltr'><strong>ideo</strong></span> <span class='ocrx_word' id='word_1_624' title='bbox 2734 4283 2787 4336; x_wconf 92' lang='lat' dir='ltr'><strong>in</strong></span> <span class='ocrx_word' id='word_1_625' title='bbox 2826 4281 3077 4347; x_wconf 90' lang='lat' dir='ltr'><strong>sublimi,</strong></span> <span class='ocrx_word' id='word_1_626' title='bbox 3109 4295 3214 4337; x_wconf 92' lang='lat' dir='ltr'><strong>non</strong></span> <span class='ocrx_word' id='word_1_627' title='bbox 3252 4280 3566 4335; x_wconf 85' lang='lat' dir='ltr'><strong>imminente</strong></span> 
     </span>
    </p>
   </div>
   <div class='ocr_carea' id='block_1_79' title="bbox 1940 4372 3563 4442">
    <p class='ocr_par' dir='ltr' id='par_1_79' title="bbox 1940 4372 3563 4442">
     <span class='ocr_line' id='line_1_79' title="bbox 1940 4372 3563 4442; baseline -0.004 -10"><span class='ocrx_word' id='word_1_628' title='bbox 1940 4408 1945 4415; x_wconf 67' lang='grc' dir='ltr'>α</span> <span class='ocrx_word' id='word_1_629' title='bbox 1983 4386 2145 4441; x_wconf 88' lang='lat' dir='ltr'><strong>tecto,</strong></span> <span class='ocrx_word' id='word_1_630' title='bbox 2186 4376 2281 4431; x_wconf 91' lang='lat' dir='ltr'><strong>sed</strong></span> <span class='ocrx_word' id='word_1_631' title='bbox 2320 4376 2633 4431; x_wconf 89' lang='lat' dir='ltr'><strong>imminente</strong></span> <span class='ocrx_word' id='word_1_632' title='bbox 2666 4373 2820 4429; x_wconf 65' lang='lat' dir='ltr'><strong>caalo.</strong></span> <span class='ocrx_word' id='word_1_633' title='bbox 2862 4374 2969 4428; x_wconf 82' lang='lat' dir='ltr'><strong>Aer</strong></span> <span class='ocrx_word' id='word_1_634' title='bbox 2992 4372 3187 4442; x_wconf 89' lang='lat' dir='ltr'><strong>quippe</strong></span> <span class='ocrx_word' id='word_1_635' title='bbox 3221 4372 3563 4440; x_wconf 87' lang='lat' dir='ltr'><strong>purgabatur.</strong></span> 
     </span>
    </p>
   </div>
   <div class='ocr_carea' id='block_1_80' title="bbox 1983 4464 3567 4534">
    <p class='ocr_par' dir='ltr' id='par_1_80' title="bbox 1983 4464 3567 4534">
     <span class='ocr_line' id='line_1_80' title="bbox 1983 4464 3567 4534; baseline -0.004 -11"><span class='ocrx_word' id='word_1_636' title='bbox 1983 4485 2104 4523; x_wconf 89' lang='lat' dir='ltr'><strong>cum</strong></span> <span class='ocrx_word' id='word_1_637' title='bbox 2122 4469 2236 4523; x_wconf 86' lang='lat' dir='ltr'><strong>ovis</strong></span> <span class='ocrx_word' id='word_1_638' title='bbox 2266 4468 2319 4522; x_wconf 90' lang='lat' dir='ltr'><strong>in</strong></span> <span class='ocrx_word' id='word_1_639' title='bbox 2344 4468 2555 4523; x_wconf 90' lang='lat' dir='ltr'><strong>sublimi</strong></span> <span class='ocrx_word' id='word_1_640' title='bbox 2583 4466 2985 4521; x_wconf 87' lang='lat' dir='ltr'><strong>immolaretur:</strong></span> <span class='ocrx_word' id='word_1_641' title='bbox 3020 4464 3342 4534; x_wconf 88' lang='lat' dir='ltr'><strong>purgabatur</strong></span> <span class='ocrx_word' id='word_1_642' title='bbox 3364 4465 3489 4518; x_wconf 84' lang='lat' dir='ltr'><strong>item</strong></span> <span class='ocrx_word' id='word_1_643' title='bbox 3510 4474 3567 4518; x_wconf 85' lang='lat' dir='ltr'><strong>et</strong></span> 
     </span>
    </p>
   </div>
   <div class='ocr_carea' id='block_1_81' title="bbox 1984 4554 3568 4627">
    <p class='ocr_par' dir='ltr' id='par_1_81' title="bbox 1984 4554 3568 4627">
     <span class='ocr_line' id='line_1_81' title="bbox 1984 4554 3568 4627; baseline -0.004 -12"><span class='ocrx_word' id='word_1_644' title='bbox 1984 4569 2125 4615; x_wconf 87' lang='lat' dir='ltr'><strong>terra</strong></span> <span class='ocrx_word' id='word_1_645' title='bbox 2146 4578 2157 4613; x_wconf 92' lang='lat'><strong>:</strong></span> <span class='ocrx_word' id='word_1_646' title='bbox 2189 4558 2383 4613; x_wconf 85' lang='lat' dir='ltr'><strong>ﬂuebat</strong></span> <span class='ocrx_word' id='word_1_647' title='bbox 2403 4560 2545 4615; x_wconf 88' lang='lat' dir='ltr'><strong>enim</strong></span> <span class='ocrx_word' id='word_1_648' title='bbox 2568 4574 2598 4614; x_wconf 89' lang='lat' dir='ltr'><strong>e</strong></span> <span class='ocrx_word' id='word_1_649' title='bbox 2616 4559 2781 4612; x_wconf 85' lang='lat' dir='ltr'><strong>latere</strong></span> <span class='ocrx_word' id='word_1_650' title='bbox 2800 4556 3014 4627; x_wconf 86' lang='lat' dir='ltr'><strong>sanguis</strong></span> <span class='ocrx_word' id='word_1_651' title='bbox 3030 4557 3082 4610; x_wconf 91' lang='lat' dir='ltr'><strong>in</strong></span> <span class='ocrx_word' id='word_1_652' title='bbox 3099 4558 3289 4625; x_wconf 87' lang='lat' dir='ltr'><strong>ipsam.</strong></span> <span class='ocrx_word' id='word_1_653' title='bbox 3311 4554 3437 4610; x_wconf 89' lang='lat' dir='ltr'><strong>Ideo</strong></span> <span class='ocrx_word' id='word_1_654' title='bbox 3458 4570 3568 4609; x_wconf 87' lang='lat' dir='ltr'><strong>non</strong></span> 
     </span>
    </p>
   </div>
   <div class='ocr_carea' id='block_1_82' title="bbox 1985 4646 3566 4722">
    <p class='ocr_par' dir='ltr' id='par_1_82' title="bbox 1985 4646 3566 4722">
     <span class='ocr_line' id='line_1_82' title="bbox 1985 4646 3566 4722; baseline -0.004 -12"><span class='ocrx_word' id='word_1_655' title='bbox 1985 4655 2083 4710; x_wconf 90' lang='lat' dir='ltr'><strong>sub</strong></span> <span class='ocrx_word' id='word_1_656' title='bbox 2114 4664 2274 4719; x_wconf 83' lang='lat' dir='ltr'><strong>tecto,</strong></span> <span class='ocrx_word' id='word_1_657' title='bbox 2306 4654 2426 4707; x_wconf 90' lang='lat' dir='ltr'><strong>ideo</strong></span> <span class='ocrx_word' id='word_1_658' title='bbox 2453 4667 2558 4707; x_wconf 91' lang='lat' dir='ltr'><strong>non</strong></span> <span class='ocrx_word' id='word_1_659' title='bbox 2605 4651 2658 4705; x_wconf 90' lang='lat' dir='ltr'><strong>in</strong></span> <span class='ocrx_word' id='word_1_660' title='bbox 2689 4650 2888 4722; x_wconf 88' lang='lat' dir='ltr'><strong>templo</strong></span> <span class='ocrx_word' id='word_1_661' title='bbox 2906 4649 3156 4714; x_wconf 87' lang='lat' dir='ltr'><strong>Judaico;</strong></span> <span class='ocrx_word' id='word_1_662' title='bbox 3180 4664 3247 4704; x_wconf 87' lang='lat' dir='ltr'><strong>ne</strong></span> <span class='ocrx_word' id='word_1_663' title='bbox 3264 4648 3365 4704; x_wconf 91' lang='lat' dir='ltr'><strong>sibi</strong></span> <span class='ocrx_word' id='word_1_664' title='bbox 3394 4646 3566 4704; x_wconf 72' lang='lat' dir='ltr'><strong>Judaei</strong></span> 
     </span>
    </p>
   </div>
   <div class='ocr_carea' id='block_1_83' title="bbox 1986 4738 3569 4817">
    <p class='ocr_par' dir='ltr' id='par_1_83' title="bbox 1986 4738 3569 4817">
     <span class='ocr_line' id='line_1_83' title="bbox 1986 4738 3569 4817; baseline -0.004 -16"><span class='ocrx_word' id='word_1_665' title='bbox 1986 4746 2213 4801; x_wconf 87' lang='lat' dir='ltr'><strong>hostiam</strong></span> <span class='ocrx_word' id='word_1_666' title='bbox 2267 4749 2686 4817; x_wconf 78' lang='lat' dir='ltr'><strong>sequestrarent,</strong></span> <span class='ocrx_word' id='word_1_667' title='bbox 2734 4756 2869 4796; x_wconf 83' lang='lat' dir='ltr'><strong>neve</strong></span> <span class='ocrx_word' id='word_1_668' title='bbox 2896 4751 3109 4809; x_wconf 86' lang='lat' dir='ltr'><strong>putares</strong></span> <span class='ocrx_word' id='word_1_669' title='bbox 3149 4755 3244 4809; x_wconf 85' lang='lat' dir='ltr'><strong>pro</strong></span> <span class='ocrx_word' id='word_1_670' title='bbox 3275 4738 3362 4793; x_wconf 88' lang='lat' dir='ltr'><strong>illa</strong></span> <span class='ocrx_word' id='word_1_671' title='bbox 3406 4748 3569 4809; x_wconf 69' lang='lat' dir='ltr'><strong>gente</strong></span> 
     </span>
    </p>
   </div>
   <div class='ocr_carea' id='block_1_84' title="bbox 1986 4830 3562 4894">
    <p class='ocr_par' dir='ltr' id='par_1_84' title="bbox 1986 4830 3562 4894">
     <span class='ocr_line' id='line_1_84' title="bbox 1986 4830 3562 4894; baseline -0.006 -1"><span class='ocrx_word' id='word_1_672' title='bbox 1986 4848 2187 4893; x_wconf 86' lang='lat' dir='ltr'><strong>tantum</strong></span> <span class='ocrx_word' id='word_1_673' title='bbox 2220 4837 2356 4891; x_wconf 89' lang='lat' dir='ltr'><strong>hanc</strong></span> <span class='ocrx_word' id='word_1_674' title='bbox 2385 4835 2584 4890; x_wconf 79' lang='lat' dir='ltr'><strong>oﬁ‘crri.</strong></span> <span class='ocrx_word' id='word_1_675' title='bbox 2628 4835 2831 4889; x_wconf 89' lang='lat' dir='ltr'><strong>Idcirco</strong></span> <span class='ocrx_word' id='word_1_676' title='bbox 2851 4843 3001 4888; x_wconf 85' lang='lat' dir='ltr'><strong>extra</strong></span> <span class='ocrx_word' id='word_1_677' title='bbox 3038 4830 3222 4887; x_wconf 87' lang='lat' dir='ltr'><strong>urbem</strong></span> <span class='ocrx_word' id='word_1_678' title='bbox 3251 4840 3305 4887; x_wconf 91' lang='lat' dir='ltr'><strong>et</strong></span> <span class='ocrx_word' id='word_1_679' title='bbox 3333 4830 3562 4894; x_wconf 67' lang='lat' dir='ltr'><strong>muenia,</strong></span> 
     </span>
    </p>
   </div>
   <div class='ocr_carea' id='block_1_85' title="bbox 1988 4924 3567 4994">
    <p class='ocr_par' dir='ltr' id='par_1_85' title="bbox 1988 4924 3567 4994">
     <span class='ocr_line' id='line_1_85' title="bbox 1988 4924 3567 4994; baseline -0.008 -6"><span class='ocrx_word' id='word_1_680' title='bbox 1988 4943 2044 4988; x_wconf 90' lang='lat' dir='ltr'><strong>ut</strong></span> <span class='ocrx_word' id='word_1_681' title='bbox 2072 4932 2246 4986; x_wconf 87' lang='lat' dir='ltr'><strong>discas</strong></span> <span class='ocrx_word' id='word_1_682' title='bbox 2288 4930 2587 4984; x_wconf 87' lang='lat' dir='ltr'><strong>universale</strong></span> <span class='ocrx_word' id='word_1_683' title='bbox 2630 4926 2948 4983; x_wconf 87' lang='lat' dir='ltr'><strong>sacriﬁcium</strong></span> <span class='ocrx_word' id='word_1_684' title='bbox 2997 4939 3139 4989; x_wconf 86' lang='lat' dir='ltr'><strong>esse,</strong></span> <span class='ocrx_word' id='word_1_685' title='bbox 3173 4925 3291 4994; x_wconf 85' lang='lat' dir='ltr'><strong>quia</strong></span> <span class='ocrx_word' id='word_1_686' title='bbox 3321 4939 3416 4992; x_wconf 90' lang='lat' dir='ltr'><strong>pro</strong></span> <span class='ocrx_word' id='word_1_687' title='bbox 3444 4924 3567 4977; x_wconf 88' lang='lat' dir='ltr'><strong>uni-</strong></span> 
     </span>
    </p>
   </div>
   <div class='ocr_carea' id='block_1_86' title="bbox 1985 5008 3566 5086">
    <p class='ocr_par' dir='ltr' id='par_1_86' title="bbox 1985 5008 3566 5086">
     <span class='ocr_line' id='line_1_86' title="bbox 1985 5008 3566 5086; baseline -0.009 -4"><span class='ocrx_word' id='word_1_688' title='bbox 1985 5042 2139 5082; x_wconf 89' lang='lat' dir='ltr'><strong>versa</strong></span> <span class='ocrx_word' id='word_1_689' title='bbox 2168 5035 2305 5080; x_wconf 88' lang='lat' dir='ltr'><strong>terra</strong></span> <span class='ocrx_word' id='word_1_690' title='bbox 2349 5033 2464 5079; x_wconf 84' lang='lat' dir='ltr'><strong>erat</strong></span> <span class='ocrx_word' id='word_1_691' title='bbox 2490 5022 2725 5078; x_wconf 90' lang='lat' dir='ltr'><strong>oblatio:</strong></span> <span class='ocrx_word' id='word_1_692' title='bbox 2766 5030 2824 5075; x_wconf 91' lang='lat' dir='ltr'><strong>ut</strong></span> <span class='ocrx_word' id='word_1_693' title='bbox 2866 5020 3101 5075; x_wconf 84' lang='lat' dir='ltr'><strong>disceres</strong></span> <span class='ocrx_word' id='word_1_694' title='bbox 3138 5018 3266 5070; x_wconf 87' lang='lat' dir='ltr'><strong>item</strong></span> <span class='ocrx_word' id='word_1_695' title='bbox 3300 5008 3566 5086; x_wconf 60' lang='lat' dir='ltr'><strong>purgatio.</strong></span> 
     </span>
    </p>
   </div>
   <div class='ocr_carea' id='block_1_87' title="bbox 1986 5107 3568 5183">
    <p class='ocr_par' dir='ltr' id='par_1_87' title="bbox 1986 5107 3568 5183">
     <span class='ocr_line' id='line_1_87' title="bbox 1986 5107 3568 5183; baseline -0.009 -10"><span class='ocrx_word' id='word_1_696' title='bbox 1986 5135 2131 5181; x_wconf 89' lang='lat' dir='ltr'><strong>nem,</strong></span> <span class='ocrx_word' id='word_1_697' title='bbox 2189 5131 2543 5179; x_wconf 88' lang='lat' dir='ltr'><strong>communem,</strong></span> <span class='ocrx_word' id='word_1_698' title='bbox 2606 5128 2712 5167; x_wconf 91' lang='lat' dir='ltr'><strong>non</strong></span> <span class='ocrx_word' id='word_1_699' title='bbox 2760 5112 3081 5183; x_wconf 83' lang='lat' dir='ltr'><strong>peculiarem</strong></span> <span class='ocrx_word' id='word_1_700' title='bbox 3125 5123 3265 5172; x_wconf 84' lang='lat' dir='ltr'><strong>esse,</strong></span> <span class='ocrx_word' id='word_1_701' title='bbox 3312 5107 3568 5177; x_wconf 81' lang='lat' dir='ltr'><strong>quemad-</strong></span> 
     </span>
    </p>
   </div>
   <div class='ocr_carea' id='block_1_88' title="bbox 1988 5199 3565 5278">
    <p class='ocr_par' dir='ltr' id='par_1_88' title="bbox 1988 5199 3565 5278">
     <span class='ocr_line' id='line_1_88' title="bbox 1988 5199 3565 5278; baseline -0.01 -11"><span class='ocrx_word' id='word_1_702' title='bbox 1988 5212 2202 5267; x_wconf 91' lang='lat' dir='ltr'><strong>modum</strong></span> <span class='ocrx_word' id='word_1_703' title='bbox 2247 5209 2385 5278; x_wconf 89' lang='lat' dir='ltr'><strong>apud</strong></span> <span class='ocrx_word' id='word_1_704' title='bbox 2432 5208 2663 5264; x_wconf 72' lang='lat' dir='ltr'><strong>Judazos.</strong></span> <span class='ocrx_word' id='word_1_705' title='bbox 2719 5204 2918 5261; x_wconf 81' lang='lat' dir='ltr'><strong>Judaeis</strong></span> <span class='ocrx_word' id='word_1_706' title='bbox 2959 5202 3100 5257; x_wconf 92' lang='lat' dir='ltr'><strong>enim</strong></span> <span class='ocrx_word' id='word_1_707' title='bbox 3151 5200 3272 5255; x_wconf 87' lang='lat' dir='ltr'><strong>ideo</strong></span> <span class='ocrx_word' id='word_1_708' title='bbox 3313 5199 3565 5269; x_wconf 67' lang='lat' dir='ltr'><strong>praecepit</strong></span> 
     </span>
    </p>
   </div>
   <div class='ocr_carea' id='block_1_89' title="bbox 1987 5290 3564 5363">
    <p class='ocr_par' dir='ltr' id='par_1_89' title="bbox 1987 5290 3564 5363">
     <span class='ocr_line' id='line_1_89' title="bbox 1987 5290 3564 5363; baseline -0.01 -7"><span class='ocrx_word' id='word_1_709' title='bbox 1987 5303 2127 5356; x_wconf 89' lang='lat' dir='ltr'><strong>Deus</strong></span> <span class='ocrx_word' id='word_1_710' title='bbox 2178 5310 2234 5354; x_wconf 91' lang='lat' dir='ltr'><strong>ut</strong></span> <span class='ocrx_word' id='word_1_711' title='bbox 2263 5300 2563 5353; x_wconf 87' lang='lat' dir='ltr'><strong>universam</strong></span> <span class='ocrx_word' id='word_1_712' title='bbox 2590 5307 2803 5352; x_wconf 84' lang='lat' dir='ltr'><strong>terram</strong></span> <span class='ocrx_word' id='word_1_713' title='bbox 2841 5294 3231 5363; x_wconf 90' lang='lat' dir='ltr'><strong>relinquerent,</strong></span> <span class='ocrx_word' id='word_1_714' title='bbox 3264 5300 3318 5345; x_wconf 87' lang='lat' dir='ltr'><strong>et</strong></span> <span class='ocrx_word' id='word_1_715' title='bbox 3361 5305 3468 5344; x_wconf 90' lang='lat' dir='ltr'><strong>uno</strong></span> <span class='ocrx_word' id='word_1_716' title='bbox 3512 5290 3564 5342; x_wconf 90' lang='lat' dir='ltr'><strong>in</strong></span> 
     </span>
    </p>
   </div>
   <div class='ocr_carea' id='block_1_90' title="bbox 1988 5381 3563 5458">
    <p class='ocr_par' dir='ltr' id='par_1_90' title="bbox 1988 5381 3563 5458">
     <span class='ocr_line' id='line_1_90' title="bbox 1988 5381 3563 5458; baseline -0.008 -13"><span class='ocrx_word' id='word_1_717' title='bbox 1988 5392 2108 5447; x_wconf 91' lang='lat' dir='ltr'><strong>loco</strong></span> <span class='ocrx_word' id='word_1_718' title='bbox 2138 5391 2337 5445; x_wconf 87' lang='lat' dir='ltr'><strong>hostias</strong></span> <span class='ocrx_word' id='word_1_719' title='bbox 2362 5399 2415 5443; x_wconf 92' lang='lat' dir='ltr'><strong>et</strong></span> <span class='ocrx_word' id='word_1_720' title='bbox 2455 5403 2639 5458; x_wconf 81' lang='lat' dir='ltr'><strong>preces</strong></span> <span class='ocrx_word' id='word_1_721' title='bbox 2665 5388 2937 5451; x_wconf 83' lang='lat' dir='ltr'><strong>otl&#39;errent,</strong></span> <span class='ocrx_word' id='word_1_722' title='bbox 2970 5385 3092 5454; x_wconf 87' lang='lat' dir='ltr'><strong>quia</strong></span> <span class='ocrx_word' id='word_1_723' title='bbox 3137 5391 3245 5437; x_wconf 91' lang='lat' dir='ltr'><strong>tota</strong></span> <span class='ocrx_word' id='word_1_724' title='bbox 3276 5391 3417 5436; x_wconf 85' lang='lat' dir='ltr'><strong>terra</strong></span> <span class='ocrx_word' id='word_1_725' title='bbox 3461 5381 3563 5434; x_wconf 90' lang='lat' dir='ltr'><strong>im-</strong></span> 
     </span>
    </p>
   </div>
   <div class='ocr_carea' id='block_1_91' title="bbox 1990 5472 3567 5551">
    <p class='ocr_par' dir='ltr' id='par_1_91' title="bbox 1990 5472 3567 5551">
     <span class='ocr_line' id='line_1_91' title="bbox 1990 5472 3567 5551; baseline -0.006 -16"><span class='ocrx_word' id='word_1_726' title='bbox 1990 5497 2123 5551; x_wconf 90' lang='lat' dir='ltr'><strong>pura</strong></span> <span class='ocrx_word' id='word_1_727' title='bbox 2155 5490 2288 5545; x_wconf 90' lang='lat' dir='ltr'><strong>erat,</strong></span> <span class='ocrx_word' id='word_1_728' title='bbox 2324 5479 2491 5544; x_wconf 81' lang='lat' dir='ltr'><strong>fumo,</strong></span> <span class='ocrx_word' id='word_1_729' title='bbox 2525 5478 2711 5533; x_wconf 89' lang='lat' dir='ltr'><strong>nidore</strong></span> <span class='ocrx_word' id='word_1_730' title='bbox 2741 5476 3064 5546; x_wconf 87' lang='lat' dir='ltr'><strong>reliquisque</strong></span> <span class='ocrx_word' id='word_1_731' title='bbox 3088 5472 3335 5528; x_wconf 89' lang='lat' dir='ltr'><strong>omnibus</strong></span> <span class='ocrx_word' id='word_1_732' title='bbox 3355 5473 3567 5543; x_wconf 74' lang='lat' dir='ltr'><strong>gentili-</strong></span> 
     </span>
    </p>
   </div>
   <div class='ocr_carea' id='block_1_92' title="bbox 1992 5564 3561 5640">
    <p class='ocr_par' dir='ltr' id='par_1_92' title="bbox 1992 5564 3561 5640">
     <span class='ocr_line' id='line_1_92' title="bbox 1992 5564 3561 5640; baseline -0.006 -14"><span class='ocrx_word' id='word_1_733' title='bbox 1992 5575 2181 5629; x_wconf 88' lang='lat' dir='ltr'><strong>tiorum</strong></span> <span class='ocrx_word' id='word_1_734' title='bbox 2202 5571 2582 5627; x_wconf 87' lang='lat' dir='ltr'><strong>sacriﬁciorum</strong></span> <span class='ocrx_word' id='word_1_735' title='bbox 2599 5567 3012 5640; x_wconf 85' lang='lat' dir='ltr'><strong>inquinamentis</strong></span> <span class='ocrx_word' id='word_1_736' title='bbox 3024 5581 3142 5621; x_wconf 85' lang='lat' dir='ltr'><strong>eam</strong></span> <span class='ocrx_word' id='word_1_737' title='bbox 3157 5564 3561 5635; x_wconf 83' lang='lat' dir='ltr'><strong>occupantibus.</strong></span> 
     </span>
    </p>
   </div>
   <div class='ocr_carea' id='block_1_93' title="bbox 1989 5659 3565 5735">
    <p class='ocr_par' dir='ltr' id='par_1_93' title="bbox 1989 5659 3565 5735">
     <span class='ocr_line' id='line_1_93' title="bbox 1989 5659 3565 5735; baseline -0.007 -15"><span class='ocrx_word' id='word_1_738' title='bbox 1989 5666 2152 5721; x_wconf 82' lang='lat' dir='ltr'><strong>Nobis</strong></span> <span class='ocrx_word' id='word_1_739' title='bbox 2172 5680 2317 5730; x_wconf 90' lang='lat' dir='ltr'><strong>vero,</strong></span> <span class='ocrx_word' id='word_1_740' title='bbox 2351 5665 2473 5735; x_wconf 90' lang='lat' dir='ltr'><strong>quia</strong></span> <span class='ocrx_word' id='word_1_741' title='bbox 2513 5662 2755 5719; x_wconf 87' lang='lat' dir='ltr'><strong>Christus</strong></span> <span class='ocrx_word' id='word_1_742' title='bbox 2781 5660 2992 5716; x_wconf 85' lang='lat' dir='ltr'><strong>tandem</strong></span> <span class='ocrx_word' id='word_1_743' title='bbox 3018 5659 3237 5713; x_wconf 87' lang='lat' dir='ltr'><strong>veniens</strong></span> <span class='ocrx_word' id='word_1_744' title='bbox 3275 5666 3442 5711; x_wconf 88' lang='lat' dir='ltr'><strong>totum</strong></span> <span class='ocrx_word' id='word_1_745' title='bbox 3472 5671 3565 5711; x_wconf 84' lang='lat' dir='ltr'><strong>or-</strong></span> 
     </span>
    </p>
   </div>
   <div class='ocr_carea' id='block_1_94' title="bbox 1988 5750 3564 5828">
    <p class='ocr_par' dir='ltr' id='par_1_94' title="bbox 1988 5750 3564 5828">
     <span class='ocr_line' id='line_1_94' title="bbox 1988 5750 3564 5828; baseline -0.005 -15"><span class='ocrx_word' id='word_1_746' title='bbox 1988 5759 2108 5813; x_wconf 88' lang='lat' dir='ltr'><strong>bem</strong></span> <span class='ocrx_word' id='word_1_747' title='bbox 2139 5758 2415 5828; x_wconf 84' lang='lat' dir='ltr'><strong>purgavit,</strong></span> <span class='ocrx_word' id='word_1_748' title='bbox 2441 5756 2614 5826; x_wconf 82' lang='lat' dir='ltr'><strong>quivis</strong></span> <span class='ocrx_word' id='word_1_749' title='bbox 2639 5756 2787 5809; x_wconf 89' lang='lat' dir='ltr'><strong>locus</strong></span> <span class='ocrx_word' id='word_1_750' title='bbox 2824 5751 3011 5807; x_wconf 89' lang='lat' dir='ltr'><strong>orandi</strong></span> <span class='ocrx_word' id='word_1_751' title='bbox 3042 5752 3191 5806; x_wconf 88' lang='lat' dir='ltr'><strong>locus</strong></span> <span class='ocrx_word' id='word_1_752' title='bbox 3216 5750 3439 5803; x_wconf 81' lang='lat' dir='ltr'><strong>eﬂ‘ectus</strong></span> <span class='ocrx_word' id='word_1_753' title='bbox 3461 5757 3564 5805; x_wconf 83' lang='lat' dir='ltr'><strong>est.</strong></span> 
     </span>
    </p>
   </div>
   <div class='ocr_carea' id='block_1_95' title="bbox 1989 5841 3568 5995">
    <p class='ocr_par' dir='ltr' id='par_1_95' title="bbox 1989 5841 3568 5995">
     <span class='ocr_line' id='line_1_95' title="bbox 1989 5841 3568 5995; baseline -0.004 -88"><span class='ocrx_word' id='word_1_754' title='bbox 1989 5851 2115 5907; x_wconf 85' lang='lat' dir='ltr'><strong>ideo</strong></span> <span class='ocrx_word' id='word_1_755' title='bbox 2140 5850 2333 5906; x_wconf 87' lang='lat' dir='ltr'><strong>Paulus</strong></span> <span class='ocrx_word' id='word_1_756' title='bbox 2377 5847 2706 5904; x_wconf 87' lang='lat' dir='ltr'><strong>conﬁdenter</strong></span> <span class='ocrx_word' id='word_1_757' title='bbox 2748 5845 3093 5910; x_wconf 86' lang='lat' dir='ltr'><strong>hortabatur,</strong></span> <span class='ocrx_word' id='word_1_758' title='bbox 3119 5841 3414 5995; x_wconf 52' lang='lat' dir='ltr'><strong>uésubique</strong></span> <span class='ocrx_word' id='word_1_759' title='bbox 3452 5843 3568 5900; x_wconf 74' lang='lat' dir='ltr'><strong>sius</strong></span> 
     </span>
    </p>
   </div>
  </div>
