4066 6392
487 381 584 439 801

487 501 681 555 timore
723 512 912 571 preces
952 505 1361 562 emitterentur,
1411 496 1495 550 his
1525 496 1738 551 verbis:
1792 496 1913 550 Volo
1943 498 2074 552 viros

485 607 633 644 orare
675 591 727 645 in
765 591 903 645 omni
941 592 1082 652 loco,
1110 590 1330 643 levantes
1373 599 1572 643 sanctas
1613 606 1794 643 manus
1838 591 1913 660 (1.
1937 589 2071 642 Tim.

485 681 543 734 ‘2.
575 681 654 749 8).
685 681 874 737 Viaen‘
893 681 1162 750 quomodo
1191 691 1446 751 purgatus
1467 680 1536 734 sit
1560 681 1740 735 orbis?
1770 681 1872 735 Per
1902 681 2074 735 locum

486 773 633 827 enim
682 773 808 828 licet
850 772 1048 842 ubique
1091 771 1269 826 levare
1308 761 1520 826 sanctas
1559 786 1748 826 tnanus
1779 789 1793 826 :
1824 772 2074 842 quoniam

489 867 667 920 omnis
695 877 834 921 terra
875 877 1056 921 sancta
1083 866 1271 920 effecta
1297 875 1412 933 est,
1441 876 1495 920 et
1523 866 1721 920 sanctis
1761 866 1868 921 illis
1897 868 2077 938 templi

488 956 835 1012 interioribus
861 959 1119 1012 Sanctior.
1149 957 1261 1012 lllic
1277 957 1421 1011 enim
1444 955 1771 1012 offerebatur
1800 958 1918 1013 ovis
1937 959 2078 1013 irra-

489 1050 781 1115 tionabilis,
815 1050 902 1104 hic
935 1065 1065 1104 vero
1093 1048 1387 1119 spiritualis
1413 1064 1426 1101 :
1457 1057 1657 1118 quanto
1695 1057 1875 1102 autem
1905 1050 2078 1119 majus

486 1149 571 1194 est
594 1141 934 1207 sacriﬁcium,
968 1151 1118 1195 tanto
1145 1141 1352 1196 auctior
1375 1140 1719 1195 sautiﬁcatio.
1745 1140 2080 1213 Quapropter

494 1246 623 1284 crux
652 1241 734 1285 est
759 1231 1066 1286 celebritas.

556 1323 609 1377 2.
637 1321 728 1380 Vis
742 1324 952 1381 discere
966 1322 1111 1377 aliud
1133 1323 1250 1392 ejus
1275 1322 1480 1392 insigne
1506 1323 1676 1394 opus?
1705 1324 2015 1378 Paradisum
2045 1341 2074 1380 a

487 1415 771 1484 quinquies
813 1414 960 1468 mille
1007 1423 1062 1468 et
1109 1412 1339 1482 amplius
1383 1413 1538 1467 annis
1587 1413 1870 1478 clausum,
1921 1415 2077 1469 hodie

489 1510 644 1563 nobis
670 1509 902 1578 aperuit.
947 1509 1059 1564 lloc
1096 1509 1294 1579 quippe
1322 1507 1442 1575 die,
1471 1508 1572 1564 hac
1614 1511 1724 1580 ipsa
1755 1509 1884 1564 hora
1915 1511 2076 1564 latro-

489 1619 612 1657 nem
659 1617 725 1658 eo
767 1601 1063 1657 introduxit
1102 1601 1279 1665 Deus,
1325 1600 1434 1656 duo
1487 1603 1742 1670 prteclara
1788 1601 2076 1670 designans

485 1709 686 1764 opera;
716 1710 901 1758 unum,
924 1692 1064 1762 quod
1092 1692 1395 1762 paradisum
1418 1693 1714 1762 aperuerit,
1741 1691 1906 1758 aliud,
1929 1693 2072 1762 quod

485 1788 749 1841 latronem
791 1785 1181 1840 introduxerit.
1221 1783 1392 1838 Hodie
1417 1793 1699 1854 antequam
1727 1784 1952 1853 patriam
1982 1800 2077 1837 no-

496 1880 580 1934 bis
609 1878 877 1947 reddidit,
910 1877 1070 1933 hodie
1097 1879 1150 1932 in
1174 1877 1397 1947 patriam
1418 1877 1687 1930 civitatem
1717 1890 1816 1929 nos
1840 1874 2072 1942 reduxit,

485 1982 542 2025 et
574 1971 846 2026 communi
893 1971 1168 2025 hominum
1211 1978 1416 2023 natura:
1459 1968 1679 2022 domum
1719 1967 1868 2022 dedit
1909 1982 2074 2021 :nam

489 2063 677 2128 Hodie,
709 2064 904 2133 inquit,
933 2079 1126 2117 mecum
1152 2062 1249 2116 eris
1279 2062 1332 2116 in
1359 2061 1600 2132 paradiso
1630 2059 1784 2130 (Luc.
1825 2060 1916 2116 25.
1957 2061 2072 2131 45).

487 2155 626 2223 Quid
648 2156 822 2210 dicis?
856 2154 1152 2210 Cruciﬁxus
1182 2167 1241 2208 es
1281 2161 1336 2208 et
1381 2153 1546 2207 clavis
1586 2151 1774 2206 afﬁxus
1800 2192 1817 2218 ,
1841 2161 1894 2207 et
1922 2167 2078 2221 para-

490 2251 670 2303 disum
698 2247 1005 2318 polliceris?
1032 2247 1229 2314 Etiam,
1260 2245 1452 2316 inquit,
1482 2254 1540 2299 ut
1564 2246 1613 2298 in
1641 2260 1801 2299 cruce
1823 2246 2074 2299 virtutem

486 2356 662 2396 meam
713 2341 941 2395 ediscas.
993 2339 1130 2408 Quia
1176 2339 1318 2394 enim
1364 2352 1451 2393 res
1487 2345 1603 2392 erat
1642 2337 1830 2403 tristis,
1875 2352 1942 2391 ne
1983 2351 2077 2389 na-

488 2442 622 2486 tura:
672 2432 850 2489 crucis
895 2430 1224 2496 attenderes,
1252 2429 1345 2483 sed
1372 2427 1612 2482 cruciﬁxi
1667 2427 1916 2482 virtutem
1962 2426 2077 2481 edi-

489 2522 753 2587 sceres,in
781 2535 939 2575 cruce
969 2520 1070 2575 hoc
1101 2527 1374 2590 perpetrat
1403 2518 1756 2584 miraculum,
1787 2517 1929 2589 quod
1957 2517 2077 2587 ejus

486 2612 718 2668 maxime
762 2614 1013 2668 virtutem
1059 2612 1411 2667 demonstrat.
1452 2610 1572 2666 Non
1613 2610 1756 2665 enim
1805 2619 2074 2665 mortuum

483 2721 607 2759 cum
635 2705 940 2773 suscitaret,
971 2721 1078 2760 non
1107 2720 1229 2760 cum
1261 2719 1410 2759 mare
1434 2719 1498 2758 ac
1527 2711 1714 2758 ventos
1753 2704 2072 2775 increparet,

485 2815 593 2854 non
633 2815 754 2854 cum
801 2799 1075 2854 daemonas
1123 2800 1366 2868 fugaret,
1416 2797 1512 2853 sed
1559 2796 1865 2862 cruciﬁxus,
1915 2796 2078 2851 clavis

486 2889 809 2960 perforatus,
839 2890 1198 2956 contumeliis,
1229 2889 1422 2958 sputis,
1453 2889 1713 2959 conviciis
1733 2928 1748 2953 ,
1776 2888 2078 2957 opprobriis

485 2990 765 3047 oneratus,
795 2980 1095 3050 improbum
1127 2980 1352 3036 latronis
1377 2980 1614 3034 animum
1644 2989 1853 3036 mutare
1883 2982 2074 3051 potuit,

489 3085 545 3128 ut
569 3075 838 3145 utrimque
868 3075 1140 3139 virtutem,
1164 3073 1280 3144 ejus
1299 3073 1483 3128 videas
1509 3088 1525 3128 :
1553 3081 1853 3128 creaturam
1883 3075 2078 3144 quippe

490 3175 655 3220 totam
698 3167 1018 3232 commovit,
1053 3175 1231 3235 petras
1273 3164 1451 3232 scidit,
1484 3174 1634 3234 petra
1677 3165 1946 3220 duriorem
1995 3166 2077 3221 la-

490 3259 661 3314 tronis
687 3261 920 3314 animam
955 3259 1173 3313 attraxit
1197 3267 1252 3313 et
1277 3256 1599 3313 honoravit:
1624 3273 1748 3312 nam
1779 3258 1874 3324 ait,
1911 3257 2080 3314 Hodie

488 3367 681 3404 mecum
709 3352 808 3405 erit!
846 3352 898 3404 in
926 3351 1188 3421 paradiso.
1235 3350 1396 3421 Atqui
1440 3348 1732 3406 Cherubini
1773 3351 2076 3420 paradisum

490 3442 777 3496 servabant
800 3459 815 3506 ;
840 3457 1022 3496 verum
1044 3441 1128 3495 hic
1147 3440 1568 3496 Cherubinorum
1591 3441 1752 3496 etiam
1781 3441 2074 3498 Dominus:

489 3542 572 3587 est
620 3532 901 3588 flammeus
945 3533 1155 3602 gladius
1205 3533 1275 3587 ibi
1329 3532 1592 3598 volvitur;
1641 3547 1828 3589 verum
1870 3535 1985 3603 ipse
2023 3542 2078 3590 et

491 3627 718 3679 llamma:
764 3633 819 3678 et
863 3625 1144 3694 gehennar,
1185 3634 1241 3680 et
1273 3625 1396 3680 vitae
1433 3633 1490 3681 et
1529 3626 1718 3682 mortis
1757 3635 2076 3697 potestatem

491 3715 671 3771 habet.
703 3717 862 3787 Atqui
903 3731 992 3771 rex
1026 3717 1207 3770 nullus
1232 3732 1484 3788 umquam
1534 3717 1768 3786 patiatur
1813 3719 2078 3775 latronem

493 3810 788 3876 hominem,
819 3809 904 3864 vel
935 3809 1099 3864 alium
1124 3811 1429 3880 quempiam
1452 3825 1518 3867 ex
1545 3810 1758 3867 famulis
1784 3828 1967 3869 secum
1994 3829 2080 3870 se-

488 3905 705 3959 dentem
739 3903 1080 3959 introducere
1111 3905 1162 3959 in
1210 3905 1422 3962 urbem.
1465 3905 1663 3961 Verum
1701 3907 1948 3964 Christus
1979 3909 2081 3964 hoc

490 3993 637 4061 fecit,
669 3993 829 4064 inque
848 4009 1055 4050 sacram
1085 3996 1311 4066 patriam
1341 3997 1668 4067 ingrediens,
1696 4013 1876 4054 secum
1907 3999 2077 4055 furem

492 4081 802 4152 introducit;
841 4101 946 4140 non
995 4087 1299 4155 paradisum
1345 4087 1708 4155 conculcans,
1761 4106 1936 4157 neque
1981 4107 2076 4161 pe-

492 4177 647 4231 dibus
699 4177 923 4233 latronis
974 4177 1309 4248 deturpans,
1367 4179 1476 4234 imo
1527 4180 1703 4249 potius
1748 4179 2018 4236 honoratis
2059 4199 2075 4237 :

492 4267 668 4322 honor
715 4269 910 4339 quippe
937 4270 1165 4338 paradisi
1189 4278 1270 4324 est
1308 4270 1468 4329 talem
1513 4270 1713 4327 habere
1753 4271 2028 4326 dominum
2051 4315 2066 4338 ,

489 4361 579 4429 qui
611 4363 781 4430 possit
803 4362 890 4417 vel
922 4365 1091 4416 furem
1121 4363 1432 4432 voluptatis,
1459 4380 1578 4434 qua:
1604 4373 1686 4420 est
1715 4366 1766 4419 in
1796 4366 2040 4435 paradiso
2059 4407 2076 4433 ,

489 4455 708 4522 ilignum
739 4453 936 4510 facere.
964 4455 1178 4510 Etenim
1202 4472 1322 4512 cum
1351 4458 1662 4526 publicanos
1684 4469 1738 4514 et
1765 4461 2079 4514 meretrici-3

490 4544 864 4603 introducebat
894 4549 945 4601 in
974 4564 1196 4617 regnum
1223 4550 1476 4604 ctelorum
1497 4592 1512 4615 ,
1542 4565 1650 4606 non
1677 4549 1951 4619 dedecori,
1982 4552 2077 4607 sed

489 4638 681 4694 honori
711 4638 764 4694 id
787 4649 925 4706 erat,
957 4641 1245 4697 ostendens
1276 4641 1582 4713 hujusmodi
1628 4659 1749 4699 esse
1794 4645 2076 4700 Dominum

488 4729 642 4799 regni
691 4729 984 4795 caalorum,
1042 4733 1131 4801 qui
1181 4734 1494 4789 meretrices
1544 4744 1598 4789 et
1648 4735 1959 4804 publicanos
2004 4737 2078 4791 ita

487 4821 813 4890 spectabiles
840 4823 1061 4886 faceret,
1097 4835 1156 4878 ut
1181 4824 1326 4894 digni
1355 4825 1668 4881 viderentur
1700 4827 1829 4880 tanti
1861 4828 2098 4882 honoris

489 4922 541 4965 et
572 4913 832 4967 muneris.
861 4913 1322 4981 Quemadmodum
1352 4916 1494 4971 enim
1524 4916 1790 4971 medicum
1821 4927 1947 4972 tunc
1968 4934 2081 4972 ma-

488 5005 632 5059 xime
673 5005 950 5071 miramur,
982 5021 1104 5060 cum
1150 5008 1396 5062 videmus
1423 5023 1544 5062 eum
1595 5009 1840 5063 homines
1867 5010 2078 5063 incura—

488 5097 688 5152 bilibus
714 5098 918 5151 morbis
948 5098 1254 5153 laborantes
1279 5101 1347 5154 ab
1378 5102 1695 5169 mgritudine
1743 5101 1994 5170 liberare,
2025 5111 2078 5156 et

487 5190 705 5244 sanitati
748 5190 1077 5245 restituere:
1129 5191 1200 5244 ita
1241 5199 1295 5246 et
1335 5191 1605 5247 Christum
1650 5194 1828 5246 mirari
1874 5195 2076 5261 justum

488 5291 589 5345 est,
620 5296 742 5337 cum
771 5282 1087 5337 insanabilia
1115 5295 1264 5339 curat
1292 5285 1512 5339 vulnera
1534 5327 1548 5350 ,
1578 5301 1699 5340 cum
1732 5285 2072 5354 publicanum

486 5384 541 5426 et
569 5375 910 5429 meretricem
951 5375 1007 5429 in
1036 5385 1240 5430 tantam
1287 5363 1568 5430 sanitatem
1609 5377 1834 5443 reducit,
1862 5388 1918 5431 ut
1946 5381 2078 5435 czelo

484 5466 631 5534 digni
665 5465 966 5522 videantur.
1003 5467 1205 5538 Ecquid
1237 5477 1443 5524 tantum
1483 5467 1608 5524 fecit
1633 5469 1790 5536 latro,
1823 5472 2033 5542 inquies
2059 5514 2074 5537 ,

488 5566 546 5609 ut
574 5565 694 5626 post
717 5572 932 5614 crucem
962 5560 1271 5629 paradisum
1299 5561 1370 5615 sit
1393 5561 1662 5631 adeptus?
1694 5564 1853 5618 Visne
1884 5572 1942 5617 ut
1969 5565 2076 5617 vir-

489 5659 655 5703 tutem
685 5653 801 5719 ejus
831 5652 1065 5709 breviter
1090 5653 1502 5709 demonstrem?
1531 5656 1665 5711 Cum
1697 5655 1887 5712 Petrus
1917 5672 2079 5725 nega-

489 5742 579 5793 bat
610 5742 766 5809 infra,
814 5753 941 5801 tunc
971 5746 1060 5801 ille
1087 5762 1246 5818 supra
1286 5748 1662 5803 conﬁtebatur.
1705 5747 1820 5803 Non
1860 5749 2074 5813 Petrum

491 5847 742 5892 incusans
769 5837 884 5895 haec
914 5839 1056 5906 dico,
1084 5841 1258 5908 absit;
1286 5840 1380 5898 sed
1415 5840 1639 5898 latronis
1668 5841 2073 5912 magnanimita-

1231 383 1286 439 S.
1317 384 1593 442 JOANNIS
1622 387 2092 447 CllﬂYSOSTO'Ml
2131 392 2450 449 ARCHIEP.
2481 391 3014 452 CONSTAN'I'I‘NOP.

3655 388 3760 445 ιω

2185 509 2292 554 tem
2339 501 2596 558 exhibere
2644 503 2851 560 volens.
2907 498 3209 576 Discipulos
3255 505 3530 562 vilissrma:
3575 507 3768 576 puella:

2185 591 2357 645 minas
2385 607 2493 647 non
2517 593 2658 660 tulit,
2689 594 2828 648 latro
2854 604 3032 650 autem
3059 595 3248 650 videns
3280 596 3534 668 populum
3559 606 3728 650 totum
3752 642 3765 661 ,

2181 680 2651 750 circumstantem,
2677 683 3022 751 clamantem,
3052 686 3414 755 blasphemias
3451 695 3506 741 et
3545 686 3768 740 dicteria

2177 774 2527 844 jaculantem,
2561 792 2666 832 non
2697 780 2923 833 attendit
2954 781 3086 845 illis,
3119 795 3226 835 non
3254 781 3508 850 cogitavit
3532 795 3761 851 praesen-

2182 873 2293 920 tem
2334 867 2571 923 cruciﬁxi
2621 869 2897 934 vilitatem,
2938 871 3032 925 sed
3065 871 3185 927 ﬁdei
3231 872 3400 927 oculis
3441 871 3555 928 haec
3589 873 3765 926 omnia

2181 965 2619 1027 pmtercurrens,
2645 961 2823 1016 missis
2844 962 2945 1016 illis
2965 963 3155 1017 vilibus
3176 963 3588 1034 impedimentis,
3606 980 3767 1035 agno-

2182 1049 2257 1102 vit
2279 1051 2529 1105 caelorum
2576 1051 2884 1119 Dominum,
2913 1064 2969 1110 et
3002 1056 3068 1109 ad
3101 1057 3271 1124 ipsum
3300 1058 3480 1112 animo
3518 1074 3764 1128 procum-

2183 1139 2316 1197 bens
2338 1141 2584 1198 dicebat:
2615 1143 2871 1199 Memento
2910 1147 3037 1212 mei,
3071 1147 3304 1214 Domine,
3343 1166 3458 1204 cum
3489 1152 3680 1205 veneris
3713 1152 3766 1205 in

2182 1248 2394 1301 regnum
2415 1243 2552 1287 tuum
2576 1234 2728 1309 (Luc.
2749 1237 2843 1292 25.
2865 1239 2976 1310 42).
2997 1239 3075 1295 Ne
3090 1240 3348 1295 latronem
3380 1242 3539 1309 hunc,
3561 1257 3764 1312 quirso.

2183 1334 2674 1395 praetercurramus,
2725 1344 2896 1399 neque
2936 1347 3032 1386 nos
3079 1333 3273 1402 pudeat
3317 1347 3440 1389 eum
3491 1334 3766 1390 doctorem

2179 1418 2454 1488 accipere,
2482 1437 2641 1491 quem
2675 1421 2933 1478 Dominus
2962 1436 3146 1479 noster
3170 1440 3276 1479 non
3301 1426 3512 1480 erubuit
3536 1426 3764 1495 primum

2182 1503 2436 1562 inducere
2464 1507 2518 1560 in
2544 1508 2848 1577 paradisum
2880 1527 2893 1563 :
2928 1527 2995 1565 ne
3034 1512 3415 1567 erubescamus
3458 1515 3765 1583 magistrum

2180 1599 2426 1668 accipere
2471 1615 2626 1666 eum,
2652 1602 2739 1671 qui
2780 1613 2904 1658 ante
2944 1604 3243 1658 universam
3289 1614 3529 1659 naturam
3575 1604 3766 1672 dignus

2178 1693 2427 1760 apparuit
2461 1694 2882 1749 conversationis
2929 1696 3066 1766 ejus,
3095 1712 3213 1766 quae
3255 1696 3304 1750 in
3335 1697 3480 1751 caelis
3515 1707 3641 1752 est:
3671 1697 3766 1751 sed

2179 1784 2384 1854 singula
2413 1795 2660 1840 accurate
2685 1789 3035 1854 excutiamus,
3065 1798 3121 1844 ut
3171 1791 3346 1844 crucis
3384 1790 3636 1844 virtutem
3679 1790 3761 1843 di-

2178 1887 2412 1931 scamus.
2458 1875 2576 1931 Non
2614 1877 2746 1932 dixit
2785 1879 2867 1944 ei,
2891 1880 3331 1950 quemadmodum
3371 1882 3530 1937 Petro
3569 1900 3583 1935 :
3640 1880 3767 1936 Veni

2180 1975 2291 2036 post
2302 1984 2401 2035 me,
2420 1978 2468 2022 et
2481 1969 2668 2038 faciant
2686 1980 2733 2024 te
2749 1972 3046 2042 piscatorem
3059 1972 3317 2026 hominum
3334 1972 3546 2042 (Matth.
3563 1974 3614 2026 4.
3635 1972 3726 2042 l9)
3750 1992 3764 2028 :

2179 2075 2286 2115 non
2325 2059 2462 2115 dixit
2501 2061 2574 2129 ei,
2620 2072 2678 2118 ut
2714 2072 2768 2118 et
2812 2063 2917 2118 illis
2964 2063 3266 2128 duodecim,
3315 2063 3565 2119 Sedcbitis
3610 2081 3766 2134 super

2179 2149 2387 2205 thronos
2429 2151 2697 2206 duodecim
2741 2153 3031 2224 judicantes
3079 2154 3348 2208 duodecim
3395 2155 3554 2207 tribus
3599 2152 3766 2208 Israel

2181 2235 2401 2310 (Matth.
2432 2236 2869 2308 l9.28):imone
2889 2239 3055 2296 verbo
3104 2244 3318 2316 quidem
3362 2245 3533 2314 ipsum
3584 2245 3770 2315 digna.

2180 2341 2265 2385 tus
2310 2341 2393 2387 est
2425 2348 2439 2385 :
2472 2347 2576 2387 non
2637 2335 2957 2391 miraculum
2995 2335 3228 2390 ostendit
3269 2375 3286 2400 ,
3342 2350 3446 2389 nou
3488 2347 3764 2390 mortuum

2180 2424 2271 2480 ille
2298 2426 2610 2480 suscitatam
2645 2426 2800 2492 vidit,
2832 2443 2937 2482 non
2972 2427 3156 2497 pulsos
3181 2427 3470 2490 daemonas,
3501 2444 3603 2482 non
3638 2428 3768 2484 obe-

2179 2515 2335 2572 diens
2362 2532 2510 2573 mare
2541 2517 2710 2574 vidit:
2744 2534 2852 2573 non
2881 2519 3029 2573 illum
3060 2519 3129 2573 de
3153 2534 3320 2589 regno
3344 2519 3596 2573 caelorum
3625 2521 3761 2572 allo-

2178 2617 2378 2678 quutus
2401 2619 2505 2676 est,
2538 2625 2645 2665 non
2675 2609 2742 2665 de
2768 2611 3044 2681 gehenna;
3075 2621 3129 2666 et
3157 2619 3332 2665 tamen
3372 2610 3460 2665 ille
3492 2621 3615 2665 ante
3644 2626 3766 2665 om-

2180 2714 2278 2756 nes
2316 2701 2490 2770 ipsum
2541 2701 2820 2757 confessus
2863 2711 2965 2770 est,
2996 2702 3152 2773 idque
3201 2701 3347 2756 socio
3388 2702 3764 2756 conviciante:

2179 2794 2578 2850 conviciabatur
2615 2797 2758 2850 enim
2785 2796 2834 2850 ei
2861 2796 2997 2851 latro
3032 2797 3188 2851 alter.
3219 2795 3430 2851 Etenim
3470 2797 3604 2851 alius
3635 2811 3769 2865 quo-

2179 2899 2285 2955 que
2313 2884 2450 2940 latro
2477 2885 2767 2942 cruciﬁxus
2793 2901 2913 2941 cum
2942 2901 3009 2942 eo
3033 2896 3168 2950 erat,
3199 2899 3256 2941 ut
3278 2887 3588 2956 impleretur
3609 2887 3763 2951 illud,

2181 2974 2326 3031 Inter
2369 2977 2571 3047 iniquos
2610 2987 2867 3048 reputatus
2911 2987 2984 3033 est
3021 2977 3173 3049 (Isai.
3216 2980 3309 3035 55.
3354 2978 3463 3050 12).
3506 2979 3770 3032 Volebaut

2181 3070 2324 3125 enim
2362 3070 2587 3140 gloriam
2616 3075 2734 3139 ejus
2770 3069 3058 3126 obscurare
3097 3070 3288 3136 Judazi,
3322 3079 3377 3126 et
3415 3070 3771 3140 undequaque

2180 3161 2280 3227 iis,
2329 3178 2451 3234 qua:
2510 3165 2834 3234 agebantur,
2889 3165 3250 3230 insultabant;
3305 3181 3490 3220 verum
3535 3166 3770 3234 undique

2180 3258 2377 3311 veritas
2437 3255 2721 3326 fulgebat,
2786 3265 2841 3312 et
2908 3271 3005 3326 per
3065 3257 3178 3326 ipsa
3234 3255 3609 3326 impedimenta
3671 3271 3773 3308 au-

2179 3348 2420 3419 gebatur.
2485 3348 2895 3405 Conviciabatur
2946 3363 3074 3419 ergo
3130 3349 3180 3403 ei
3266 3348 3404 3403 latro
3453 3350 3606 3402 alter.
3676 3347 3772 3400 \‘i-

2179 3438 2303 3495 den’
2318 3441 2603 3505 latronem,
2638 3449 2694 3496 et
2737 3440 3037 3496 latronem?
3077 3439 3236 3494 ambo
3277 3438 3331 3493 in
3377 3454 3559 3502 cruce,
3605 3439 3773 3492 ambo

2181 3547 2248 3589 ex
2275 3533 2382 3588 vita
2418 3532 2758 3604 praedatoria,
2789 3533 2947 3587 ambo
2967 3547 2997 3586 a
3028 3531 3296 3602 nequitia';
3327 3530 3420 3585 sed
3468 3545 3570 3584 non
3606 3530 3773 3584 ambo

2181 3623 2236 3680 in
2264 3623 2452 3680 iisdem
2479 3641 2491 3677 :
2521 3624 2657 3680 alius
2700 3624 2842 3679 enim
2873 3638 3097 3694 regnum
3134 3623 3385 3678 caelorum
3423 3623 3474 3675 in
3503 3620 3776 3676 heredita—

2183 3723 2291 3770 tem
2319 3715 2561 3786 accepit,
2591 3715 2728 3770 alius
2753 3715 2807 3768 in
2835 3714 3136 3786 gehennam
3175 3714 3373 3768 missus
3414 3723 3520 3769 est.
3561 3711 3776 3766 Eodem

2182 3808 2344 3863 modo
2368 3815 2422 3862 et
2443 3807 2694 3862 hesterna
2722 3805 2808 3861 die
2844 3806 3087 3878 discipuli
3121 3815 3175 3861 et
3191 3805 3504 3874 discipulus,
3532 3803 3700 3860 Judas
3721 3817 3775 3858 et

2182 3899 2464 3965 undecim;
2493 3897 2590 3954 sed
2627 3897 2702 3953 illi
2734 3897 2952 3968 quidem
2991 3897 3260 3962 dicebant,
3294 3897 3394 3952 Ubi
3433 3899 3506 3952 vis
3534 3913 3777 3967 paremus

2185 3991 2274 4044 tibi
2302 3990 2562 4045 comedere
2587 3987 2790 4044 Pascha
2815 3990 2841 4044 ?
2870 3989 2957 4045 hic
2981 4005 3110 4045 vero
3137 3989 3492 4060 proditionem
3523 3990 3772 4059 parabat,

2185 4092 2241 4140 et
2283 4082 2492 4139 dicebat
2529 4100 2543 4136 :
2579 4082 2714 4150 Quid
2754 4083 2908 4136 uultis
2949 4083 3076 4137 mihi
3091 4083 3250 4150 dare,
3275 4093 3324 4137 et
3350 4098 3442 4154 ego
3490 4083 3628 4137 vobis
3657 4094 3770 4136 επις

2185 4176 2306 4230 dam
2326 4173 2666 4245 eum(Matth.
2688 4174 2874 4229 26.".
2896 4184 2941 4229 et
2958 4176 3074 4247 15)?
3097 4175 3172 4229 illi
3197 4175 3413 4246 quidem
3437 4177 3504 4230 ad
3525 4178 3774 4231 miniSIe-

2183 4269 2322 4322 rium
2350 4266 2692 4337 divinumque
2731 4267 3112 4339 mystagogiam
3150 4281 3271 4323 sese
3298 4269 3658 4337 apparabant,
3689 4271 3781 4323 hic

2141 4409 2152 4420 ,
2183 4372 2313 4414 vero
2339 4357 2406 4412 ad
2451 4357 2783 4428 prodendum
2829 4356 3132 4413 festinabat.
3174 4357 3250 4412 lta
3283 4369 3340 4412 et
3367 4373 3511 4414 nunc
3552 4359 3695 4415 latro
3725 4373 3780 4416 et

2185 4450 2345 4517 latro,
2384 4451 2481 4506 sed
2507 4451 2596 4506 ille
2639 4451 2853 4521 quidem
2899 4451 3260 4516 conviciator,
3292 4451 3381 4506 hic
3417 4450 3608 4506 adorat
3640 4471 3652 4505 :
3691 4453 3784 4508 ille

2184 4543 2546 4614 blaSphemat,
2575 4543 2663 4598 hic
2688 4543 2973 4611 benedieit,
3008 4553 3065 4599 et
3090 4542 3552 4614 blasphemantem
3597 4544 3776 4598 incre~

2185 4648 2275 4709 pat
2296 4639 2378 4695 his
2397 4638 2597 4707 verbis,
2631 4637 2807 4709 Neque
2821 4647 2876 4693 tu
2901 4639 3044 4693 times
3071 4637 3277 4692 Deum?
3303 4655 3423 4692 nam
3448 4638 3608 4710 digna
3629 4643 3782 4710 factis

2183 4732 2452 4799 recipimus
2478 4731 2628 4802 (Luc.
2659 4731 2753 4786 25.
2785 4731 2874 4786 40.
2905 4731 3019 4802 41).

2254 4827 2307 4882 5.
2355 4825 2544 4880 Vidisti
2591 4825 2837 4881 ﬁduciam
2885 4825 3150 4880 latronis?
3189 4824 3367 4879 vidisti
3422 4822 3671 4879 ﬁduciam
3727 4829 3778 4877 in

2183 4918 2376 4975 cruce?
2391 4918 2571 4974 vidisti
2593 4917 2980 4989 philosophiam
3003 4920 3056 4972 in
3078 4918 3357 4988 supplicio,
3371 4927 3424 4972 et
3446 4918 3699 4986 pietatem
3724 4918 3781 4971 in

2184 5012 2462 5067 cruciatu?
2488 5011 2640 5080 Quod
2664 5012 2809 5067 enim
2839 5012 2941 5067 sibi
2971 5024 3229 5081 praesens,
3247 5025 3355 5065 non
3380 5018 3561 5066 mente
3589 5025 3778 5064 exces-

2185 5103 2315 5157 serit
2341 5103 2507 5157 elavis
2533 5101 2773 5158 conﬁxus
2793 5143 2807 5168 ,
2842 5102 2961 5173 quis
2986 5118 3092 5156 non
3121 5102 3367 5172 stupeat?
3399 5101 3488 5156 llle
3515 5116 3646 5155 vero
3669 5119 3778 5154 non

2184 5193 2345 5250 modo
2368 5203 2548 5250 mente
2576 5194 2882 5259 constabat,
2912 5193 3007 5249 sed
3034 5193 3281 5255 omnibus
3303 5194 3414 5248 suis
3438 5191 3675 5254 relictis,
3711 5194 3781 5247 de

2183 5288 2409 5343 aliorum
2439 5288 2602 5344 rebus
2622 5288 2860 5348 curabat,
2889 5287 3079 5342 doctor
3105 5287 3158 5341 in
3187 5301 3345 5342 cruce
3373 5285 3565 5349 factus,
3596 5287 3777 5338 incre-

2184 5394 2423 5451 pansque
2447 5379 2533 5436 his
2557 5381 2734 5436 verbis
2768 5397 2781 5432 :
2819 5378 2994 5450 Neque
3022 5389 3075 5432 tu
3094 5380 3236 5432 times
3262 5377 3464 5431 Deum?
3494 5376 3571 5430 Ne
3597 5386 3779 5430 atten-

2183 5472 2301 5537 das,
2333 5472 2539 5542 inquit,
2571 5472 2638 5527 ad
2667 5470 2888 5527 inferius
2914 5470 3018 5527 hoc
3041 5469 3304 5524 tribunal:
3333 5477 3416 5523 est
3443 5467 3590 5522 aliud
3611 5468 3774 5536 judex

2184 5564 2484 5632 invisibilis,
2522 5573 2605 5619 est
2648 5565 3008 5633 incorruptum
3049 5561 3298 5616 tribunal.
3329 5560 3406 5616 Ne
3448 5569 3503 5616 te
3540 5571 3776 5623 moveat,

2184 5657 2324 5728 quod
2353 5657 2487 5712 infra
2514 5657 2899 5712 condemnatus
2926 5656 2996 5710 sit
3030 5673 3044 5709 :
3072 5669 3192 5708 nam
3231 5668 3460 5723 superna
3507 5666 3616 5707 non
3654 5663 3777 5708 sunt

2187 5748 2508 5819 hujusmodi.
2533 5749 2589 5804 In
2613 5748 2716 5803 hoc
2737 5749 2932 5818 quippe
2954 5756 3167 5801 terreno
3189 5743 3442 5801 tribunali
3463 5743 3591 5814 justi
3615 5761 3791 5814 quan-

2189 5838 2364 5912 doque
2403 5842 2746 5906 damnantur,
2777 5851 2830 5896 et
2856 5840 3034 5909 injusti
3065 5854 3274 5910 pcenam
3304 5837 3591 5910 effugiunt;
3626 5838 3783 5889 noxi-
