4066 6392
374 385 470 442 μη

375 513 492 581 ῂνει
539 507 721 563 λοιπὸν
773 508 942 570 ἀδεῶς
987 508 1384 578 προσεύχεσθαι
1419 509 1717 580 πανταχοῦ,
1773 509 1946 577 λέγων

376 594 537 646 οὕτω·
603 592 902 661 Βούλομαι
935 593 1379 661 προσεύχεσθαι
1421 594 1560 659 τοὺς
1603 593 1826 660 ἄνδρας
1881 591 1952 644 ὲν

377 675 554 729 παντί
587 677 748 740 τόπῳ
801 675 1156 742 ἐπαίροντας
1184 678 1358 742 ὁσίας
1402 677 1620 745 χεῖρας.
1647 672 1800 739 Είδες
1833 675 1950 738 πῶς

378 759 655 830 ἐκαθάρθη
676 761 713 828 ἡ
735 759 1036 829 οἰκουμένη
1059 777 1072 822 ;
1102 760 1200 814 Διά
1219 761 1329 832 γὰρ
1357 761 1448 814 τοῦ
1476 762 1641 814 τόπου
1675 760 1952 830 πανταχοῦ

377 846 625 914 ἐπαίρειν
664 844 852 912 χεῖρας
882 843 1032 905 ὁσίας
1060 842 1359 913 δυνάμεθα,
1384 844 1571 914 ἐπειδὴ
1602 845 1751 897 πᾶσα
1795 846 1828 914 ἡ
1876 843 1950 913 γῆ

378 927 508 992 ἁγία
547 926 770 994 γέγονεν
810 927 1082 998 ἁγιωτέρα
1107 927 1216 982 τῶν
1248 929 1420 996 ἁγίων
1464 928 1572 981 τῶν
1589 928 1755 981 ἔνδον.
1805 928 1953 980 Ἐκεῖ

382 1011 480 1079 μὲν
521 1011 626 1080 γὰρ
669 1011 1014 1080 προσηνέχθη
1065 1010 1336 1081 πρόϐατον
1372 1011 1585 1080 ἄλογον,
1618 1011 1852 1065 ἐνταῦθα
1895 1011 1952 1064 δέ

379 1093 761 1162 πνευματικόν·
779 1093 889 1164 ὅσῳ
915 1094 972 1147 δὲ
1007 1093 1206 1163 μείζων
1234 1096 1266 1165 ὴ
1293 1094 1474 1160 θυσία,
1501 1093 1740 1166 τοσούτῳ
1755 1093 1953 1149 πλείων

379 1176 519 1228 καὶὸ
549 1175 836 1247 άγιασμός.
873 1176 972 1230 Διά
1005 1176 1162 1231 τοῦτο
1188 1177 1348 1248 ἐορτὴ
1367 1180 1396 1231 6
1424 1178 1676 1248 σταυρός.

453 1324 516 1392 β’.
535 1323 718 1378 Βούλει
739 1324 927 1394 μαθεῖν
944 1324 1108 1379 αὐτοῦ
1129 1326 1223 1379 καὶ
1248 1327 1432 1397 ἕτερον
1461 1325 1824 1398 κατόρθωμα;
1849 1327 1955 1380 Τδν

381 1407 709 1479 παράδεισον
744 1409 1154 1479 πεντακισχίλια
1182 1409 1277 1480 ἐτη
1306 1410 1400 1463 καὶ
1435 1409 1606 1464 πλείω
1634 1411 1954 1480 κεκλεισμέ-

381 1509 470 1544 νον
501 1493 738 1562 σήμερον
759 1493 888 1561 ήμῖν
913 1487 1168 1563 ὴνέῳξεν.
1207 1491 1295 1546 Ἐν
1327 1493 1495 1564 ταύτῃ
1517 1495 1624 1567 γάρ
1648 1496 1716 1565 τῇ
1749 1495 1952 1566 ἡμέρα,

381 1572 440 1627 ἐν
464 1573 640 1646 ταύτῃ
676 1577 742 1646 τῇ
773 1574 912 1647 ῶρᾳ,
950 1575 1046 1628 ’τὸν
1076 1576 1280 1648 λῃστὴν
1307 1578 1600 1647 εἰσήγαγεν
1621 1579 1650 1631 6
1685 1577 1839 1643 Θεὸς,
1863 1577 1956 1631 δύο

383 1656 779 1728 κατορθώματα
825 1658 1220 1729 ἐργασάμενος·
1269 1659 1327 1713 ἐν
1369 1661 1488 1731 μὲν,
1516 1661 1599 1716 ὅτι
1633 1661 1958 1731 παράδεισον

380 1741 641 1811 ἡνέῳξεν,
684 1741 869 1811 ἕτερον
912 1742 992 1804 δὲ,
1042 1743 1127 1796 ὅτι
1161 1743 1362 1814 λῃστὴν
1399 1745 1677 1815 εἰσήγαγε.
1710 1745 1957 1815 Σήμερον

381 1825 660 1878 ἀπέδωκεν
687 1827 817 1896 ήμῖν
856 1825 955 1897 τὴν
987 1826 1220 1897 ἀρχαίαν
1239 1826 1491 1898 πατρίδα,
1517 1829 1758 1900 σήμερον
1788 1831 1956 1881 ἐπαν-

383 1909 590 1977 ήγαγεν
652 1909 800 1979 ἡμᾶς
827 1909 922 1963 ἐπὶ
953 1909 1052 1981 τὴν
1093 1909 1352 1980 πατρῴαν
1402 1910 1579 1975 πόλιν,
1609 1912 1701 1963 καὶ
1733 1909 1831 1980 τὴν
1881 1911 1958 1962 οί-

382 1993 508 2048 κίαν
534 1995 826 2065 ἐχαρίσατο
853 1997 919 2066 τῇ
946 1997 1100 2066 κοινῇ
1128 1995 1236 2048 τῶν
1289 1992 1590 2066 ἀνθρώπων
1619 1993 1798 2063 φύσει·
1840 1993 1959 2059 Σή-

378 2095 564 2146 μερον
589 2079 661 2147 γά
669 2099 719 2150 ρ.
750 2078 932 2148 φησὶν,
949 2079 1074 2146 μετ’
1093 2078 1239 2148 ἐμοῦ
1255 2077 1370 2146 ἔσῃ
1396 2078 1466 2131 ἐν
1483 2075 1566 2143 τῷ
1596 2077 1956 2144 παραδείσῳ.

382 2158 450 2214 τί
472 2163 650 2230 λέγεις
671 2180 684 2227 ;
705 2161 1048 2235 ἐσταύρωσαί
1076 2163 1171 2216 καὶ
1195 2163 1568 2234 προσήλωσαι,
1588 2161 1680 2214 καὶ
1710 2161 1962 2230 παράδει-

386 2260 477 2298 σον
505 2246 854 2318 ἐπαγγέλλῃ;
903 2247 1032 2310 Ναὶ,
1067 2247 1252 2317 φησὶν,
1297 2247 1384 2300 ἴνα
1417 2247 1474 2299 ἐν
1497 2244 1572 2316 τῷ
1607 2245 1826 2316 σταυρῷ
1861 2246 1960 2316 τὴν

383 2328 610 2400 δύναμιν
643 2329 740 2400 τὴν
769 2330 906 2400 ἐμὴν
947 2328 1290 2401 καταμάθῃς.
1336 2329 1554 2400 Ἐπειδὴ
1587 2328 1695 2399 γὰρ
1730 2328 1790 2382 τὸ
1819 2331 1962 2400 πρᾶ-

387 2429 504 2482 γμα
538 2413 863 2484 σκυθρωπὸν
909 2408 998 2484 ἦν,
1036 2413 1122 2466 ἵνα
1157 2412 1230 2483 μὴ
1271 2415 1339 2484 τῇ
1375 2412 1534 2481 φύσει
1576 2413 1668 2466 τοῦ
1724 2411 1960 2483 σταυροῦ

385 2497 650 2570 πρόσχῃς,
685 2497 821 2550 ἀλλά
835 2497 935 2567 τὴν
961 2495 1190 2567 δύναμιν
1219 2499 1314 2550 τοῦ
1334 2495 1737 2567 σταυρουμένου
1763 2495 1958 2567 μάθῃς,

386 2581 445 2632 ἐν
470 2579 686 2650 σταυρῷ
717 2581 776 2634 τὸ
806 2580 987 2650 θαῦμα
1015 2579 1306 2650 ἐργάζεται
1338 2578 1518 2641 τοῦτο,
1545 2579 1574 2630 ὃ
1608 2578 1840 2649 μάλιστα
1858 2578 1966 2632 δεί-

387 2680 576 2715 κνυσιν
620 2662 786 2717 αὐτοῦ
818 2663 917 2735 τὴν
963 2662 1137 2733 ίσχύν.
1167 2663 1241 2716 Οὐ
1265 2661 1374 2732 γὰρ
1394 2661 1585 2733 νεκρὸν
1627 2662 1960 2732 ἀναστήσας,

385 2747 448 2799 οὐ
484 2746 719 2820 Θαλάττῃ
755 2748 851 2802 καὶ
883 2746 1192 2822 πνεύμασιν
1227 2745 1580 2819 ἐπιτιμήσας,
1614 2746 1674 2802 οὐ
1703 2745 1962 2820 δαίμονας

355 2827 364 2836 ”
388 2829 684 2896 ἀπελάσας,
708 2832 842 2887 ἀλλά
877 2833 1297 2906 σταυρούμενος,
1331 2832 1791 2905 προσηλούμενος,
1815 2832 1963 2904 ὑϐρι-

388 2913 634 2985 ζόμενος,
666 2916 1043 2988 ἐμπτυόμενος
1065 2957 1079 2977 ,
1112 2915 1542 2988 λοιδορούμενος.
1577 2915 1961 2986 διασυρόμενος

390 2995 577 3068 ἴσχυσε
603 3001 700 3070 τὴν
722 3000 964 3072 πονηρὰν
995 3001 1090 3054 τοῦ
1124 2999 1319 3073 λῃστοῦ
1350 2999 1586 3054 διάνοιαν
1627 2999 1960 3070 μεταθεῖναι,

389 3081 474 3135 ἵνα
502 3083 836 3155 ἑκατέρωθεν
870 3084 967 3155 τὴν
989 3085 1216 3155 δύναμιν
1246 3083 1411 3138 αὐτοῦ
1437 3083 1573 3154 ἴδῃς.
1608 3084 1721 3151 Τήν
1753 3100 1814 3135 τε
1858 3083 1966 3154 γὰρ

389 3166 567 3220 κτίσιν
600 3168 892 3238 ἐκλόνησεν
925 3169 1159 3230 ἃπασαν,
1193 3167 1410 3230 καὶτὰς
1431 3167 1636 3238 πέτρας
1657 3165 1964 3238 [405]διέῤ-

392 3249 545 3319 ρηξε,
573 3251 672 3321 τῆς
702 3251 908 3323 πέτρας
940 3268 999 3304 τε
1035 3248 1496 3320 ἀναισθητοτέραν
1522 3249 1617 3302 τοῦ
1635 3249 1836 3323 λῃστοῦ
1864 3249 1966 3318 ψυ-

387 3333 491 3404 χὴν
529 3335 882 3390 ἐπεσπάσατο
932 3336 1027 3389 καὶ
1065 3335 1316 3406 ἐτίμησε·
1350 3332 1622 3402 Σήμερον
1677 3333 1786 3404 γὰρ
1837 3333 1965 3401 μετ’

387 3415 534 3484 ἐμοῦ
565 3419 681 3487 ἔσῃ
701 3420 771 3472 ἐν
793 3419 872 3484 τῷ
905 3417 1267 3486 παραδείσῳ,
1287 3417 1437 3487 φησί.
1463 3416 1654 3469 Καίτοι
1683 3416 1751 3468 τά
1780 3432 1968 3487 χερου-

391 3499 495 3569 ϐὶμ
528 3503 712 3572 ἐτήρει
753 3503 844 3556 τὸν
883 3502 1229 3574 παράδεισον·
1262 3501 1376 3557 ἀλλ’
1411 3491 1567 3562 οὗτος
1604 3501 1698 3553 καὶ
1734 3498 1842 3552 τῶν
1879 3515 1968 3568 χε-

392 3585 591 3654 ρουϐὶμ
614 3587 909 3657 Δεσπότης·
951 3586 1177 3657 φλογίνη
1223 3582 1468 3656 ῥομφαία
1504 3584 1622 3636 ἐκεῖ
1650 3581 1963 3652 στρέφεται·

390 3667 504 3720 ἀλλ’
541 3670 701 3733 αὐτὸς
723 3669 820 3724 καὶ
848 3670 1047 3739 φλογὸς
1077 3669 1170 3723 καὶ
1193 3669 1420 3738 γεέννης
1442 3665 1538 3720 καὶ
1576 3664 1726 3735 ζωῆς
1753 3665 1847 3717 καὶ
1871 3663 1968 3716 θαο

391 3753 550 3805 νάτου
596 3753 842 3819 ἐξουσίαν
890 3753 1023 3824 ἔχει.
1067 3753 1260 3808 Καίτοι
1291 3768 1355 3819 γε
1384 3751 1637 3821 βασιλεὺς
1669 3750 1846 3814 οὐδεὶς
1901 3751 1966 3804 ἄν

393 3851 522 3888 ποτε
552 3838 840 3907 ἀνάσχοιτο
866 3835 1069 3910 λῃστὴν
1097 3835 1405 3907 ἄνθρωπον,
1431 3834 1464 3905 ἢ
1495 3834 1682 3905 ἕτερόν
1708 3851 1832 3887 τινα
1858 3831 1966 3886 τῶν

391 3917 696 3988 ὁμοδούλων
731 3921 850 3991 μεθ’
872 3919 1066 3973 ἐαυτοῦ
1083 3919 1333 3982 καθίσας,
1362 3918 1534 3982 οὕτως
1562 3921 1641 3980 εἰς
1669 3917 1823 3970 πόλιν
1849 3919 1967 3970 είσ-

392 4005 638 4070 αγαγεῖν.
677 4004 814 4057 Ἀλλ’
843 4005 872 4057 ὁ
903 4003 1135 4074 Χριστὸς
1173 4003 1331 4054 τοῦτο
1372 4001 1614 4072 ἐποίησε,
1643 4000 1735 4053 καὶ
1761 4001 1842 4062 εἰς
1868 4000 1967 4071 τὴν

395 4086 547 4156 ἱερὰν
570 4087 950 4158 εἰσερχόμενος
981 4086 1233 4158 πατρίδα,
1271 4086 1390 4157 μεθ’
1429 4085 1621 4140 ἑαυτοῦ
1647 4085 1738 4138 τὸν
1764 4085 1968 4157 λῃστὴν

393 4170 620 4238 εἰσάγει.
650 4173 712 4224 οὐ
763 4169 1090 4224 καταπατῶν
1118 4169 1207 4223 τὸν
1234 4170 1581 4240 παράδεισον,
1623 4169 1744 4222 οὐδὲ
1771 4182 1966 4223 καται-

395 4255 604 4326 σχύνων
642 4257 755 4318 τοῖς
791 4255 918 4308 ποσὶ
967 4253 1060 4307 τοῦ
1109 4253 1330 4325 λῃστοῦ,
1379 4254 1518 4308 ἀλλά
1555 4253 1754 4324 μᾶλλον
1793 4252 1968 4324 τιμῶν

392 4339 484 4393 τὸν
524 4338 871 4410 παράδεισον·
911 4339 1044 4410 τιμὴ
1085 4337 1194 4411 γὰρ
1229 4338 1585 4410 παραδείσου,
1626 4339 1686 4393 τὸ
1728 4337 1968 4392 τοιοῦτον

392 4424 536 4494 ἔχειν
579 4422 866 4492 δεσπότην,
925 4423 1001 4486 ὡς
1053 4422 1148 4476 καὶ
1189 4421 1392 4494 λῃστὴν
1421 4421 1569 4487 ἀξιον
1609 4422 1832 4493 ποιῆσαι
1868 4421 1970 4490 τῆς

391 4509 603 4578 τρυφῆς
628 4506 730 4577 τῆς
752 4507 810 4559 ἐν
835 4505 912 4577 τῷ
952 4505 1285 4577 παραδείσῳ.
1327 4504 1438 4559 Καὶ
1475 4506 1584 4577 γάρ
1615 4507 1704 4558 ὅτε
1731 4503 1968 4566 τελώνας

393 4591 490 4644 καὶ
514 4591 719 4661 πόρνας
746 4590 1040 4659 εἰσήγαγεν
1061 4591 1141 4654 είς
1156 4588 1253 4660 τὴν
1283 4589 1559 4660 βασιλείαν
1573 4587 1681 4641 τῶν
1701 4586 1968 4660 οὐρανῶν,

393 4674 492 4728 οὐκ
517 4676 800 4745 ἀτιμάζων
837 4673 995 4727 τοῦτο
1018 4673 1215 4736 ἐποίει,
1238 4673 1374 4727 ἀλλά
1414 4673 1613 4742 μᾶλλον
1640 4671 1824 4742 ἐτίμα,
1858 4669 1969 4722 δει-

393 4761 528 4822 κνὺς
560 4756 906 4821 ὅτιτοιοῦτός
927 4757 1076 4810 ἐστιν
1104 4757 1132 4809 6
1161 4755 1364 4826 Κύριος
1393 4756 1492 4824 τῆς
1531 4754 1811 4825 βασιλείας
1862 4752 1970 4807 τῶν

392 4835 656 4914 οὐρανῶν,
681 4843 756 4906 ὡς
785 4842 882 4896 καὶ
921 4841 1127 4913 πόρνας
1153 4842 1246 4895 καὶ
1276 4839 1510 4901 τελώνας
1534 4838 1706 4903 οὕτως
1734 4838 1973 4911 ἐργάσα-

396 4927 520 4980 σθαι
541 4927 815 4998 δοκίμους,
839 4927 916 4990 ὡς
962 4926 1146 4992 ἀξίους
1181 4925 1415 4994 φανῆναι
1456 4925 1556 4995 τῆς
1597 4923 1780 4976 ἐκεῖσε
1809 4922 1973 4992 τιμῆς

395 5010 488 5062 καὶ
509 5009 734 5080 δωρεᾶς.
765 5011 1031 5080 Καθάπερ
1061 5013 1168 5081 γάρ
1209 5009 1390 5079 ίατρὸν
1420 5008 1540 5060 τότε
1583 5007 1815 5076 μάλιστα
1843 5008 1975 5059 θαυο

399 5095 664 5165 μάζομεν,
690 5097 818 5148 ὃταν
859 5095 1057 5165 ἴδωμεν
1087 5094 1406 5164 ἀνθρώπους
1441 5092 1633 5145 ἀνίατα
1677 5091 1974 5160 παθήματα

394 5180 617 5248 ἔχοντας
634 5178 1050 5234 ἀπαλλάττοντα
1071 5180 1170 5248 τῆς
1187 5177 1496 5250 ἀρρωστίας
1523 5176 1768 5248 καὶπρὸς
1790 5174 1973 5242 ὑγείαν

394 5264 757 5332 ἐπανάγοντα·
796 5262 940 5318 οὕτω
983 5263 1078 5316 καὶ
1120 5263 1210 5315 τὸν
1257 5262 1491 5334 Χριστὸν
1545 5259 1846 5330 θαυμάζειν
1897 5259 1975 5311 δί-

393 5365 571 5414 καιον,
603 5349 730 5402 ὃταν
758 5346 1050 5420 τραύματα
1083 5345 1280 5400 ἀνίατα
1321 5345 1624 5417 θεραπεύῃ,
1657 5345 1785 5398 ὅταν
1806 5341 1976 5397 τελώ-

395 5451 494 5502 νην
523 5434 616 5487 καὶ
643 5433 850 5502 πόρνην
885 5434 966 5494 είς
990 5430 1259 5500 τοσαύτην
1288 5430 1476 5498 ὑγείαν
1517 5428 1862 5499 ἐπαναγάγῃ.
1899 5428 1975 5491 ὡς

395 5514 578 5582 ἀξίους
607 5517 885 5585 ἀποφῆναι
907 5515 1017 5569 τῶν
1046 5514 1315 5587 οὐρανῶν.
1347 5515 1457 5568 Καὶ
1478 5511 1531 5565 τί
1567 5513 1806 5566 τοιοῦτον
1827 5513 1856 5566 ὁ
1875 5510 1976 5582 λῃ-

398 5601 530 5672 στὴς
563 5601 893 5666 ἐπεδείξατο,
928 5600 1114 5669 φησὶν,
1152 5600 1239 5652 ἵνα
1285 5598 1615 5666 παραδείσου
1655 5597 1792 5668 τύχῃ
1838 5595 1976 5665 μετὰ

400 5684 630 5753 σταυρόν
651 5701 664 5748 ;
684 5684 872 5738 Βούλει
902 5685 1184 5752 συντόμως
1212 5683 1352 5735 εῖπω
1380 5681 1479 5753 τὴν
1495 5679 1746 5751 ἀνδρείαν
1773 5676 1973 5743 αὐτοῦ;

400 5765 527 5818 Ὅτε
554 5767 756 5839 Πέτρος
781 5768 1057 5838 ἠρνήσατο
1090 5767 1262 5828 κάτω,
1296 5765 1416 5818 τότε
1447 5765 1654 5828 ἐκεῖνος
1678 5760 1978 5834 ὡμολόγη-

398 5862 490 5902 σεν
519 5850 649 5904 ἄνω.
686 5851 976 5904 Καὶταῦτα
1007 5850 1067 5905 οὐ
1097 5848 1191 5904 τοῦ
1221 5849 1430 5921 Πέτρου
1459 5847 1780 5920 κατηγορῶν
1805 5845 1970 5914 λέγω,

1333 383 1424 440 DE
1462 383 1688 441 CRUCE
1721 383 1814 441 ET
1853 379 2199 439 LATRONE.
2241 378 2470 441 llOMlL.
2509 387 2550 440 1.

2016 579 2022 584 _
2054 505 2128 576 μὴ
2157 507 2385 574 γένοιτο,
2420 507 2554 561 ἀλλὰ

3524 391 3625 447 κίῧὲ

2592 507 2683 560 τοῦ
2717 503 2916 578 λῃστοῦ
2951 503 3048 577 τὴν
3092 503 3497 576 μεγαλοψυχίαν
3519 509 3626 562 δεῖ.

2051 592 2139 657 ξαι
2190 591 2530 662 βουλόμενος.
2596 592 2653 644 Ὀ
2690 591 2936 661 μαθητὴς
2987 589 3217 659 ἀπειλὴν
3244 590 3342 642 οὐκ
3399 591 3630 661 ἧνεγκεν

2051 674 2302 738 εὐτελοῦς
2335 675 2614 746 κορασίου·
2649 677 2676 728 ὁ
2704 675 2761 728 δέ
2803 672 3007 746 λῃστὴς
3041 672 3184 744 ὁρῶν
3227 673 3399 743 δῆμον
3419 674 3637 746 ὀλόκλη-

2056 775 2148 828 ρον
2199 758 2565 828 περιεστῶτα,
2603 757 2831 828 βοῶντα,
2877 757 3224 828 μαινόμενον,
3284 755 3628 826 βλασφημίας

2052 842 2148 893 καὶ
2182 839 2492 912 σκώμματα
2521 841 2950 905 ἐξακοντίζοντα,
2969 840 3030 894 οὐ
3050 841 3349 910 προσέσχεν
3380 841 3630 907 ἐκείνοις,

2052 925 2152 978 οὐκ
2184 925 2434 992 ἐνενόησε
2464 925 2560 996 τὴν
2600 925 2935 995 φαινομένην
2961 924 3235 978 εὐτέλειαν
3261 924 3356 978 τοῦ
3377 934 3630 995 σταυροῦ·

2057 1005 2242 1076 μένου,
2296 1007 2435 1060 ἀλλά
2491 1009 2603 1071 τοῖς
2656 1009 2757 1078 τῆς
2793 1007 3031 1071 πίστεως
3088 1007 3384 1078 ὀφθαλμοῖς
3423 1007 3632 1061 ἅπαντα

2053 1088 2226 1142 ταῦτα
2256 1089 2654 1160 παραδραμὼν,
2672 1091 2767 1143 καὶ
2794 1089 2863 1143 τά
2880 1089 3112 1143 ταπεινὰ
3136 1089 3436 1161 κωλύματα
3451 1091 3632 1160 ἀφεὶς,

2055 1171 2271 1240 ἐπέγνω
2295 1172 2387 1226 τὸν
2422 1173 2532 1225 τῶν
2565 1172 2812 1244 οὐρανῶν
2846 1173 3146 1244 Δεσπότην,
3183 1173 3277 1225 καὶ
3297 1173 3448 1242 αὐτῷ
3468 1190 3626 1244 προσ-

2056 1255 2236 1309 πεσὼν
2271 1256 2778 1324 ἐλεγε·Μνήσθητί
2802 1272 2943 1325 μου,
2975 1257 3170 1324 Κύριε,
3197 1257 3343 1309 ὅταν
3371 1256 3552 1326 ἔλθῃς
3567 1257 3632 1310 ἐν

2057 1339 2132 1408 τῇ
2152 1341 2444 1408 ,βασιλείᾳ
2470 1357 2608 1395 σου.
2634 1339 2723 1410 Μὴ
2750 1339 2814 1410 δὴ
2849 1341 3297 1410 παραδράμωμεν
3333 1341 3516 1404 ἁπλῶς
3547 1341 3634 1394 τὸν

2057 1423 2258 1494 λῃστὴν
2282 1424 2493 1488 τοῦτον,
2546 1424 2680 1494 μηδὲ
2721 1422 3170 1493 ἐπαισχυνθῶμεν
3203 1423 3516 1478 διδάσκαλον
3544 1426 3636 1478 λα-

2059 1506 2192 1572 ϐεῖν,
2216 1506 2274 1559 ὃν
2307 1507 2408 1559 οὐκ
2438 1507 2752 1578 ἐπῃσχύνθη
2781 1508 2810 1559 6
2842 1506 3119 1574 Δεσπότης
3143 1507 3170 1558 6
3195 1507 3459 1577 ἡμέτερος
3490 1508 3629 1577 πρῶ-

2059 1607 2150 1642 τον
2170 1589 2481 1658 εἰσαγαγεῖν
2512 1593 2590 1653 είς
2625 1589 2717 1643 τὸν
2759 1589 3106 1659 παράδεισον·
3142 1589 3216 1659 μὴ
3263 1589 3635 1658 ἐπαισχυνθῶε

2063 1691 2161 1742 μεν
2199 1673 2518 1728 διδάσκαλον
2567 1674 2750 1728 λαϐεῖν
2799 1673 3083 1743 ἄνθρωπον
3132 1671 3238 1742 πρὸ
3278 1673 3376 1742 τῆς
3426 1671 3638 1741 φύσεως

2059 1759 2277 1828 ἀπάσης
2292 1757 2440 1824 ἄξιον
2458 1759 2692 1827 φανέντα
2719 1758 2818 1827 τῆς
2847 1755 3122 1819 πολιτείας
3144 1756 3240 1825 τῆς
3257 1756 3314 1808 ἐν
3344 1759 3454 1819 τοῖς
3473 1757 3636 1828 οὐρα-

2060 1844 2192 1903 νοῖς.
2231 1841 2367 1895 ἀλλά
2396 1843 2456 1894 τὸ
2477 1841 2600 1894 καθ’
2633 1842 2863 1894 ἕκαστον
2877 1838 3121 1910 ἀκριϐῶς
3150 1839 3514 1910 ἐξετάσωμεν,
3552 1833 3638 1893 ῖνα

2065 1926 2322 1996 μάθωμεν
2351 1926 2446 1978 τοῦ
2499 1918 2736 1996 σταυροῦ
2771 1925 2870 1994 τὴν
2897 1921 3147 1992 δύναμιν.
3189 1923 3303 1976 Οὐκ
3342 1917 3464 1976 εἶπε
3503 1924 3638 1994 πρὸς

2061 2009 2241 2072 αὐτὸν,
2270 2008 2520 2079 καθάπερ
2548 2007 2686 2079 πρὸς
2710 2007 2801 2060 τὸν
2832 2005 3058 2078 Πέτρον·
3077 2005 3257 2074 Δεῦρο
3287 2006 3478 2058 ὀπίσω
3498 2024 3638 2075 μου,

2061 2092 2158 2144 καὶ
2192 2089 2423 2157 ποιήσω
2453 2107 2528 2144 σε
2565 2090 2740 2145 ἁλιέα
2788 2089 3133 2158 ἀνθρώπων·
3167 2088 3288 2141 οὐδὲ
3331 2083 3450 2140 εἷπε
3505 2089 3639 2158 πρὸς

2061 2175 2241 2239 αὐτὸν,
2277 2175 2529 2246 καθάπερ
2583 2174 2720 2246 πρὸς
2751 2172 2877 2236 τοὺς
2925 2171 3157 2235 δώδεκα,
3192 2172 3273 2224 ὃτι
3307 2173 3640 2225 Καθίσεσθε

2060 2258 2157 2312 ἐπὶ
2186 2256 2412 2311 δώδεκα
2449 2259 2700 2325 θρόνους
2731 2257 3038 2324 κρίνοντες
3061 2254 3168 2320 τὰς
3197 2253 3424 2307 δώδεκα
3443 2255 3641 2323 φυλὰς

2062 2341 2167 2395 τοῦ
2215 2341 2476 2408 Ἰσραήλ·
2515 2339 2716 2410 μᾶλλον
2768 2338 2824 2391 δὲ
2864 2338 2984 2391 οὐδέ
3033 2339 3275 2409 ῥήματος
3317 2337 3477 2390 αὐτὸν
3509 2337 3641 2400 ὅλως

2061 2425 2313 2494 ἠξίωσεν·
2344 2420 2406 2478 οὐ
2446 2424 2632 2494 θαῦμα
2687 2423 2908 2490 ἔδειξεν,
2956 2424 3016 2476 οὐ
3057 2421 3248 2494 νεκρὸν
3289 2421 3643 2491 ἀνιστάμενον

2063 2509 2345 2574 ἐθεάσατο,
2381 2511 2440 2561 οὐ
2475 2508 2736 2578 δαίμονας
2765 2507 3256 2576 ἀπελαυνομένους·
3288 2506 3348 2557 οὐ
3374 2505 3644 2559 θάλατταν

2063 2586 2202 2644 εἶδεν
2232 2590 2642 2653 ὑπακούσασαν,
2663 2590 2724 2642 οὐ
2760 2591 2888 2661 περὶ
2907 2588 3181 2673 βασιλείας
3207 2587 3356 2657 αὐτῷ
3393 2605 3445 2640 τι
3467 2583 3644 2651 εἶπεν,

2063 2675 2123 2727 οὐ
2155 2673 2284 2744 περὶ
2314 2673 2560 2744 γεέννης·
2596 2674 2690 2726 καὶ
2716 2673 2823 2737 πρὸ
2857 2668 3073 2726 πάντων
3101 2671 3267 2724 αὐτὸν
3299 2668 3644 2740 ὡμολόγησε,

2065 2755 2385 2823 καὶταῦτα,
2429 2755 2522 2814 τοῦ
2566 2756 2755 2831 ἐτέρου
2807 2754 3192 2830 λοιδοροῦντος·
3237 2750 3492 2823 ἐλοιδόρει
3541 2753 3647 2824 γὰρ

2067 2843 2228 2897 αὐτὸν
2250 2845 2279 2897 6
2304 2844 2460 2906 ἄλλος
2487 2843 2716 2914 λῃστής.
2745 2840 2853 2894 Καὶ
2885 2840 2995 2912 γὰρ
3029 2841 3124 2892 καὶ
3151 2837 3310 2902 ἄλλος
3345 2837 3549 2912 λῃστὴς
3577 2833 3646 2907 ἦν

2066 2926 2480 2998 ἐσταυρωμένος
2527 2927 2644 2997 μετ’
2691 2922 2879 2988 αὐτοῦ,
2910 2923 2994 2977 ῖνα
3023 2922 3284 2994 πληρωθῇ
3335 2923 3529 2987 ἐκεῖνο,
3565 2923 3647 2976 ὅτι

2079 3009 2354 3082 Ἐπί-[406]
2382 3008 2507 3075 τοῖς
2547 3007 2794 3076 ἀνόμοις
2839 3007 3148 3076 ἐλογίσθη.
3193 3005 3506 3059 Ἐϐούλοντο
3540 3005 3648 3075 γὰρ

2066 3093 2160 3148 καὶ
2185 3093 2284 3165 τὴν
2314 3091 2473 3156 δόξαν
2509 3088 2675 3144 αὐτοῦ
2703 3088 2976 3143 διαϐαλεῖν
3005 3089 3054 3140 οί
3102 3089 3364 3153 Ἰουδαῖοι,
3395 3089 3486 3141 καὶ
3510 3107 3648 3142 παν-

2066 3177 2296 3249 ταχόθεν
2328 3173 2633 3248 ἐπηρέαζον
2651 3175 2763 3236 τοῖς
2783 3172 3107 3242 γινομένοις·
3151 3172 3285 3225 ἀλλὰ
3313 3173 3648 3242 πανταχόθεν

2067 3262 2365 3330 διέλαμπεν
2394 3262 2426 3329 ἡ
2449 3257 2692 3326 ἀλήθεια,
2720 3256 2815 3308 καὶ
2841 3255 3033 3326 ηὐξετο
3057 3255 3144 3309 διὰ
3184 3255 3289 3308 τῶν
3306 3255 3648 3324 κωλυμὰτων*

2069 3344 2268 3398 αὐτῶν.
2316 3341 2604 3412 Ἐλοιδόρει
2641 3338 2821 3392 τοίνυν
2851 3337 3013 3391 αὐτὸν
3041 3339 3070 3390 6
3114 3338 3274 3401 ἄλλος
3306 3337 3529 3409 λῃστής.
3568 3333 3649 3390 Εἴ·

2067 3428 2156 3492 δες
2183 3425 2384 3498 λῃστὴν
2411 3424 2504 3478 καὶ
2529 3424 2762 3495 λῃστήν;
2794 3421 3090 3492 ἀμφότεροι
3122 3422 3180 3473 ἐν
3204 3421 3440 3492 σταυρῷ,
3469 3421 3651 3490 ἀμφόε

2069 3527 2217 3581 τεροι
2238 3510 2347 3562 ἀπὸ
2377 3508 2490 3578 βίου
2519 3504 2838 3578 λῃστρικοῦ,
2883 3504 3183 3574 ἀμφότεροι
3227 3505 3335 3557 ἀπὸ
3363 3507 3648 3576 πονηρίας·

2069 3592 2182 3646 ἀλλ’
2211 3593 2311 3644 οὐκ
2350 3589 2649 3660 ἀμφότεροι
2689 3590 2746 3641 ὲν
2781 3589 2895 3648 τοῖς
2925 3586 3128 3649 αὐτοῖς,
3165 3585 3282 3638 ἀλλ’
3308 3588 3336 3638 6
3365 3587 3464 3656 μὲν
3496 3589 3651 3657 βασιλ

2069 3676 2219 3729 λείαν
2264 3673 2726 3744 ἐκληρονόμησεν,
2772 3678 2800 3729 ὁ
2855 3669 2913 3724 δέ
2969 3671 3048 3732 εἰς
3097 3670 3320 3738 γέενναν
3354 3670 3650 3741 ἐπέμπετο.

2070 3759 2228 3813 Οὕτω
2284 3759 2379 3811 καὶ
2427 3756 2572 3826 χθές·
2645 3754 2884 3827 μαθηταὶ
2957 3754 3051 3807 καὶ
3117 3753 3386 3825 μαθητὴς,
3453 3755 3654 3820 Ἰούδας

2070 3844 2166 3897 καὶ
2193 3841 2478 3895 οἰένδεκα·
2516 3839 2631 3894 ἀλλ’
2671 3841 2870 3893 ἐκεῖνοι
2911 3837 3012 3908 μὲν
3055 3837 3261 3905 ἔλεγον·
3306 3838 3428 3892 Ποῦ
3459 3839 3653 3904 θέλεις

2062 3923 2476 3994 ,ἑτοιμάσωμέν
2497 3939 2596 3976 σοι
2623 3922 2835 3992 φαγεῖν
2862 3922 2928 3974 τὸ
2967 3920 3187 3990 Πάσχα
3206 3936 3225 3985 ;
3246 3912 3402 3984 οὗτος
3435 3920 3492 3973 δὲ
3519 3939 3654 3991 προ-

2069 4009 2252 4064 δοσίαν
2285 4007 2729 4077 παρεσκευάζετο
2755 4006 2850 4058 καὶ
2883 4005 3052 4073 ἔλεγε·
3098 4005 3158 4057 Τί
3175 4004 3377 4058 θέλετέ
3397 4022 3498 4074 μοι
3520 4005 3655 4059 δοῦ-

2069 4110 2187 4151 ναι,
2220 4090 2383 4160 κάγὼ
2421 4090 2564 4158 ὑμῖν
2611 4087 2944 4155 παραδώσω
2980 4089 3202 4151 αὑτόν;
3253 4090 3496 4142 κάκεῖνοι
3558 4089 3655 4162 μὲν

2071 4175 2207 4248 πρὸς
2223 4175 2498 4228 διακονίαν
2517 4171 2908 4245 ηὐτρεπίζοντο
2933 4172 3028 4225 καὶ
3053 4173 3151 4242 τὴν
3185 4171 3337 4225 θείαν
3368 4189 3656 4242 μυσταγω-

2069 4261 2216 4330 γίαν,
2239 4255 2392 4324 οὗτος
2419 4259 2475 4311 δὲ
2494 4258 2630 4329 πρὸς
2660 4255 2722 4308 τὸ
2749 4256 3039 4326 προδοῦναι
3069 4255 3344 4310 ἔσπευδεν.
3381 4255 3537 4310 Οὕτω
3564 4257 3657 4310 καὶ

2071 4342 2307 4399 ἐνταῦθα
2325 4343 2528 4415 λῃστὴς
2550 4341 2644 4395 καὶ
2680 4341 2884 4413 λῃστής
2903 4357 2916 4370 ·
2952 4340 3068 4393 ἀλλ’
3087 4343 3116 4394 6
3147 4341 3246 4412 μὲν
3272 4339 3524 4411 λοιδορεῖ,
3555 4342 3583 4394 6
3599 4341 3657 4394 δὲ

2071 4431 2387 4499 προσκυνεῖ·
2421 4426 2513 4480 καὶ
2545 4426 2574 4476 6
2615 4425 2712 4494 μὲν
2747 4423 3078 4495 βλασφημεῖ,
3107 4425 3135 4476 6
3176 4423 3233 4477 δὲ
3265 4425 3522 4495 εὐφημεῖ,
3564 4425 3659 4478 καὶ

2071 4511 2163 4566 τὸν
2199 4509 2411 4580 βλασφη
2420 4509 2625 4580 μοῦντα
2641 4506 2983 4576 ἐπιστομίζει
3005 4508 3198 4575 λέγων·
3217 4507 3370 4561 Οὐδὲ
3386 4507 3541 4578 φοϐῇ
3574 4508 3657 4562 σὺ

2073 4596 2181 4649 τὸν
2235 4595 2419 4656 Θεόν;
2469 4592 2608 4656 ἄξια
2650 4591 2759 4660 τὰρ
2807 4583 2893 4644 ὧν
2937 4591 3282 4661 ἐπράξαμεν
3320 4592 3660 4662 ἀπολαμϐά-

2073 4694 2276 4748 νομεν.

2139 4841 2206 4904 γ’.
2246 4828 2400 4896 Εἶδες
2437 4831 2753 4904 παρρησίαν
2790 4829 3024 4902 λῃστοῦ;
3069 4827 3208 4894 εἶδες
3247 4830 3560 4902 παρρησίαν
3601 4831 3662 4885 ἐν

2076 4917 2291 4990 σταυρῷ
2310 4935 2324 4983 ;
2347 4912 2484 4979 εἶδες
2504 4914 2820 4986 φιλοσοφίαν
2839 4916 2896 4966 ἐν
2912 4913 3171 4984 τιμωρία,
3195 4915 3290 4968 καὶ
3305 4914 3584 4968 εὐλάϐειαν
3601 4915 3661 4967 ἐν

2076 5003 2329 5066 κολάσει;
2364 5001 2488 5053 Ὅτι
2515 4999 2626 5071 γάρ
2654 5001 2711 5052 ἐν
2737 4998 2914 5070 ἐαυτῷ
2935 4994 3023 5069 ἦν,
3050 4999 3132 5051 ὅτι
3160 4999 3364 5069 φρένας
3405 4993 3660 5070 εῖχε,τῶν

2075 5087 2218 5155 ἥλων
2269 5085 2420 5154 αὐτῷ
2449 5083 2915 5155 ἐμπεπαρμένων,
2963 5083 3046 5144 τίς
3097 5083 3196 5134 οὐκ
3222 5081 3287 5134 ἂν
3321 5083 3620 5152 ἐκπλαγείη
3642 5123 3658 5147 ,

2051 5195 2055 5199 ε
2090 5171 2148 5222 ὐ
2169 5171 2226 5222 δέ
2250 5169 2310 5222 οὐ
2346 5168 2505 5238 μόνον
2539 5170 2596 5220 ἐν
2621 5165 2799 5237 ἐαυτῷ
2820 5163 2908 5237 ἦν,
2941 5165 3077 5219 ἀλλὰ
3109 5166 3204 5218 καὶ
3221 5166 3288 5218 τά
3316 5162 3436 5218 καθ’
3466 5166 3662 5219 ἐαυτὸν
3694 5169 3699 5174 ”

2076 5254 2256 5320 ἀφεὶς,
2283 5252 2351 5306 τά
2369 5251 2478 5304 τῶν
2505 5250 2678 5306 ἄλλων
2710 5249 3012 5321 ἐφρόντιζε,
3035 5247 3352 5312 διδάσκαλος
3370 5252 3428 5302 ἐν
3443 5249 3663 5319 σταυρῷ

2077 5338 2381 5407 γινόμενος,
2409 5335 2504 5388 καὶ
2525 5335 2794 5404 ἐπιτιμῶν
2829 5333 2923 5386 καὶ
2953 5332 3160 5400 λέγων·
3189 5332 3342 5386 Οὐδὲ
3377 5332 3535 5402 φοϐῇ
3577 5335 3662 5387 σὺ

2078 5423 2184 5477 τὸν
2210 5421 2357 5477 Θεόν
2373 5437 2392 5485 ;
2423 5420 2514 5490 Μὴ
2539 5420 2794 5491 πρόσεχε,
2841 5417 2994 5488 φησὶ,
3024 5417 3102 5488 τῷ
3129 5417 3280 5470 κάτω
3301 5418 3658 5488 δικαστηρίῳ·

2079 5508 2225 5560 ἔστιν
2249 5506 2432 5577 ἕτερος
2447 5504 2639 5575 κριτὴς
2664 5503 2915 5573 ἀόρατος,
2932 5502 3080 5580 ἐστιν
3101 5502 3398 5554 ἀδέκαστον
3410 5501 3666 5570 δικαστη-

2082 5607 2216 5663 ριον.
2256 5591 2350 5659 Μὴ
2387 5589 2568 5641 τοίνυν
2614 5587 2750 5658 ἴδῃς,
2792 5587 2874 5639 ὃτι
2921 5585 3216 5656 κατεκρίθη
3257 5584 3428 5638 κάτω·
3452 5585 3521 5638 τὰ
3553 5585 3662 5656 γάρ

2079 5676 2190 5729 ἄνω
2216 5674 2276 5726 οὐ
2317 5670 2560 5726 τοιαῦτα·
2596 5668 2830 5724 ἐνταῦθα
2862 5670 2961 5739 μὲν
2994 5669 3102 5740 γὰρ
3132 5671 3189 5720 ἐν
3229 5668 3306 5739 τῷ
3332 5671 3481 5722 κάτω
3507 5670 3661 5722 δικα⁴

2082 5759 2286 5831 στηρίῳ
2306 5756 2399 5809 καί⁸
2418 5755 2617 5810 δίκαιοι
2645 5755 3085 5825 κατακρίνονται,
3117 5755 3210 5808 καὶ
3237 5755 3408 5808 ἄδικοι
3439 5752 3661 5822 διαφεύι-

2081 5861 2261 5916 γουσι,
2294 5843 2387 5897 καὶ
2433 5840 2726 5896 ὑπεύθυνοι
2767 5839 3037 5909 ἀφίενται,
3073 5841 3160 5897 καὶ
3203 5839 3480 5896 ἀνεύθυνοι
3512 5837 3664 5897 κολό-
