  <div class='ocr_page' id='page_1' title='image "/cluster/home/n/w/nwhite01/storage/ocr_20150623/49/nnc1.0046978208/389.png"; bbox 0 0 4066 6392; ppageno 0'>
   <div class='ocr_carea' id='block_1_1' title="bbox 413 414 519 470">
    <p class='ocr_par' dir='ltr' id='par_1_1' title="bbox 413 414 519 470">
     <span class='ocr_line' id='line_1_1' title="bbox 413 414 519 470; baseline 0.009 -1"><span class='ocrx_word' id='word_1_1' title='bbox 413 414 519 470; x_wconf 66' lang='grc'>405</span> 
     </span>
    </p>
   </div>
   <div class='ocr_carea' id='block_1_2' title="bbox 415 532 1998 607">
    <p class='ocr_par' dir='ltr' id='par_1_2' title="bbox 415 532 1998 607">
     <span class='ocr_line' id='line_1_2' title="bbox 415 532 1998 607; baseline 0.002 -22"><span class='ocrx_word' id='word_1_2' title='bbox 415 533 619 596; x_wconf 84' lang='grc' dir='ltr'>ζονται.</span> <span class='ocrx_word' id='word_1_3' title='bbox 653 532 763 585; x_wconf 75' lang='grc' dir='ltr'>Καὶ</span> <span class='ocrx_word' id='word_1_4' title='bbox 801 533 910 604; x_wconf 87' lang='grc' dir='ltr'>γάρ</span> <span class='ocrx_word' id='word_1_5' title='bbox 928 533 1144 598; x_wconf 82' lang='grc' dir='ltr'>ἑκόντες</span> <span class='ocrx_word' id='word_1_6' title='bbox 1167 536 1261 589; x_wconf 79' lang='grc' dir='ltr'>καὶ</span> <span class='ocrx_word' id='word_1_7' title='bbox 1283 536 1506 599; x_wconf 80' lang='grc' dir='ltr'>ἄκοντες</span> <span class='ocrx_word' id='word_1_8' title='bbox 1540 533 1708 590; x_wconf 82' lang='grc' dir='ltr'>πολλὰ</span> <span class='ocrx_word' id='word_1_9' title='bbox 1746 535 1998 607; x_wconf 86' lang='grc' dir='ltr'>ἁμαρτά-</span> 
     </span>
    </p>
   </div>
   <div class='ocr_carea' id='block_1_3' title="bbox 414 615 2000 688">
    <p class='ocr_par' dir='ltr' id='par_1_3' title="bbox 414 615 2000 688">
     <span class='ocr_line' id='line_1_3' title="bbox 414 615 2000 688; baseline 0.004 -20"><span class='ocrx_word' id='word_1_10' title='bbox 414 633 594 668; x_wconf 88' lang='grc' dir='ltr'>νουσιν</span> <span class='ocrx_word' id='word_1_11' title='bbox 611 616 659 668; x_wconf 87' lang='grc' dir='ltr'>οἱ</span> <span class='ocrx_word' id='word_1_12' title='bbox 683 615 1012 680; x_wconf 76' lang='grc' dir='ltr'>δικάζοντες·</span> <span class='ocrx_word' id='word_1_13' title='bbox 1040 618 1072 688; x_wconf 83' lang='grc' dir='ltr'>ἢ</span> <span class='ocrx_word' id='word_1_14' title='bbox 1104 618 1212 688; x_wconf 87' lang='grc' dir='ltr'>γὰρ</span> <span class='ocrx_word' id='word_1_15' title='bbox 1243 620 1564 687; x_wconf 74' lang='grc' dir='ltr'>ἀγνοοῦντες</span> <span class='ocrx_word' id='word_1_16' title='bbox 1590 622 1651 673; x_wconf 87' lang='grc' dir='ltr'>τὸ</span> <span class='ocrx_word' id='word_1_17' title='bbox 1679 621 1884 674; x_wconf 89' lang='grc' dir='ltr'>δίκαιον</span> <span class='ocrx_word' id='word_1_18' title='bbox 1907 623 2000 674; x_wconf 75' lang='grc' dir='ltr'>καὶ</span> 
     </span>
    </p>
   </div>
   <div class='ocr_carea' id='block_1_4' title="bbox 415 698 2002 775">
    <p class='ocr_par' dir='ltr' id='par_1_4' title="bbox 415 698 2002 775">
     <span class='ocr_line' id='line_1_4' title="bbox 415 698 2002 775; baseline 0.003 -23"><span class='ocrx_word' id='word_1_19' title='bbox 415 698 781 768; x_wconf 89' lang='grc' dir='ltr'>ἀπατώμενοι,</span> <span class='ocrx_word' id='word_1_20' title='bbox 809 701 841 770; x_wconf 82' lang='grc' dir='ltr'><strong>ἢ</strong></span> <span class='ocrx_word' id='word_1_21' title='bbox 869 701 1068 764; x_wconf 83' lang='grc' dir='ltr'>εἰδότες</span> <span class='ocrx_word' id='word_1_22' title='bbox 1103 701 1223 770; x_wconf 84' lang='grc' dir='ltr'>μὲν,</span> <span class='ocrx_word' id='word_1_23' title='bbox 1255 703 1358 756; x_wconf 84' lang='grc' dir='ltr'>ὑπὸ</span> <span class='ocrx_word' id='word_1_24' title='bbox 1391 705 1685 775; x_wconf 85' lang='grc' dir='ltr'>χρημάτων</span> <span class='ocrx_word' id='word_1_25' title='bbox 1700 704 1755 757; x_wconf 77' lang='grc' dir='ltr'>δὲ</span> <span class='ocrx_word' id='word_1_26' title='bbox 1777 705 2002 774; x_wconf 81' lang='grc' dir='ltr'>διαφθα·</span> 
     </span>
    </p>
   </div>
   <div class='ocr_carea' id='block_1_5' title="bbox 420 783 2000 857">
    <p class='ocr_par' dir='ltr' id='par_1_5' title="bbox 420 783 2000 857">
     <span class='ocr_line' id='line_1_5' title="bbox 420 783 2000 857; baseline 0.004 -24"><span class='ocrx_word' id='word_1_27' title='bbox 420 783 622 854; x_wconf 79' lang='grc' dir='ltr'>ρέντες,</span> <span class='ocrx_word' id='word_1_28' title='bbox 661 783 976 856; x_wconf 86' lang='grc' dir='ltr'>προέδωκαν</span> <span class='ocrx_word' id='word_1_29' title='bbox 1019 785 1278 848; x_wconf 80' lang='grc' dir='ltr'>πολλάκις</span> <span class='ocrx_word' id='word_1_30' title='bbox 1303 786 1400 857; x_wconf 89' lang='grc' dir='ltr'>τὴν</span> <span class='ocrx_word' id='word_1_31' title='bbox 1429 787 1626 856; x_wconf 69' lang='grc' dir='ltr'>ψῆφον.</span> <span class='ocrx_word' id='word_1_32' title='bbox 1653 790 1799 841; x_wconf 85' lang='grc' dir='ltr'>Ἀνω</span> <span class='ocrx_word' id='word_1_33' title='bbox 1825 789 1882 842; x_wconf 80' lang='grc' dir='ltr'>δὲ</span> <span class='ocrx_word' id='word_1_34' title='bbox 1911 789 2000 840; x_wconf 83' lang='grc' dir='ltr'>οὑ-</span> 
     </span>
    </p>
   </div>
   <div class='ocr_carea' id='block_1_6' title="bbox 417 863 2003 940">
    <p class='ocr_par' dir='ltr' id='par_1_6' title="bbox 417 863 2003 940">
     <span class='ocr_line' id='line_1_6' title="bbox 417 863 2003 940; baseline 0.005 -24"><span class='ocrx_word' id='word_1_35' title='bbox 417 864 507 916; x_wconf 80' lang='grc' dir='ltr'>δὲν</span> <span class='ocrx_word' id='word_1_36' title='bbox 537 863 776 918; x_wconf 86' lang='grc' dir='ltr'>τοιοῦτόν</span> <span class='ocrx_word' id='word_1_37' title='bbox 808 868 974 919; x_wconf 83' lang='grc' dir='ltr'>ἑστιν·</span> <span class='ocrx_word' id='word_1_38' title='bbox 1003 870 1031 920; x_wconf 87' lang='grc' dir='ltr'>ό</span> <span class='ocrx_word' id='word_1_39' title='bbox 1057 868 1163 939; x_wconf 84' lang='grc' dir='ltr'>γάρ</span> <span class='ocrx_word' id='word_1_40' title='bbox 1194 869 1326 932; x_wconf 83' lang='grc' dir='ltr'>Θεὸς</span> <span class='ocrx_word' id='word_1_41' title='bbox 1345 872 1536 940; x_wconf 88' lang='grc' dir='ltr'>κριτὴς</span> <span class='ocrx_word' id='word_1_42' title='bbox 1565 871 1791 935; x_wconf 88' lang='grc' dir='ltr'>δίκαιος,</span> <span class='ocrx_word' id='word_1_43' title='bbox 1829 873 1920 926; x_wconf 74' lang='grc' dir='ltr'>καὶ</span> <span class='ocrx_word' id='word_1_44' title='bbox 1941 873 2003 925; x_wconf 88' lang='grc' dir='ltr'>τὸ</span> 
     </span>
    </p>
   </div>
   <div class='ocr_carea' id='block_1_7' title="bbox 418 949 2002 1026">
    <p class='ocr_par' dir='ltr' id='par_1_7' title="bbox 418 949 2002 1026">
     <span class='ocr_line' id='line_1_7' title="bbox 418 949 2002 1026; baseline 0.004 -24"><span class='ocrx_word' id='word_1_45' title='bbox 418 951 593 1019; x_wconf 81' lang='grc' dir='ltr'>κρῖμα</span> <span class='ocrx_word' id='word_1_46' title='bbox 629 949 792 1002; x_wconf 88' lang='grc' dir='ltr'>αὑτοῦ</span> <span class='ocrx_word' id='word_1_47' title='bbox 834 951 908 1014; x_wconf 81' lang='grc' dir='ltr'>ὡς</span> <span class='ocrx_word' id='word_1_48' title='bbox 961 952 1076 1020; x_wconf 79' lang='grc' dir='ltr'>φῶς</span> <span class='ocrx_word' id='word_1_49' title='bbox 1133 952 1474 1016; x_wconf 77' lang='grc' dir='ltr'>ἐξελεύσεται</span> <span class='ocrx_word' id='word_1_50' title='bbox 1516 955 1615 1007; x_wconf 88' lang='grc' dir='ltr'>οὑκ</span> <span class='ocrx_word' id='word_1_51' title='bbox 1667 956 1787 1026; x_wconf 81' lang='grc' dir='ltr'>ἑχον</span> <span class='ocrx_word' id='word_1_52' title='bbox 1813 956 2002 1019; x_wconf 84' lang='grc' dir='ltr'>σκότος</span> 
     </span>
    </p>
   </div>
   <div class='ocr_carea' id='block_1_8' title="bbox 418 1031 2000 1109">
    <p class='ocr_par' dir='ltr' id='par_1_8' title="bbox 418 1031 2000 1109">
     <span class='ocr_line' id='line_1_8' title="bbox 418 1031 2000 1109; baseline 0.004 -26"><span class='ocrx_word' id='word_1_53' title='bbox 418 1031 537 1084; x_wconf 87' lang='grc' dir='ltr'>οὑδὲ</span> <span class='ocrx_word' id='word_1_54' title='bbox 567 1031 809 1099; x_wconf 75' lang='grc' dir='ltr'>ἄγνοιαν.</span> <span class='ocrx_word' id='word_1_55' title='bbox 860 1035 976 1086; x_wconf 87' lang='grc' dir='ltr'>Ἵνα</span> <span class='ocrx_word' id='word_1_56' title='bbox 1008 1035 1114 1106; x_wconf 81' lang='grc' dir='ltr'>γάρ</span> <span class='ocrx_word' id='word_1_57' title='bbox 1173 1036 1248 1105; x_wconf 87' lang='grc' dir='ltr'>μὴ</span> <span class='ocrx_word' id='word_1_58' title='bbox 1297 1036 1449 1109; x_wconf 85' lang='grc' dir='ltr'>λέγῃ,</span> <span class='ocrx_word' id='word_1_59' title='bbox 1501 1039 1584 1090; x_wconf 85' lang='grc' dir='ltr'>ὅτι</span> <span class='ocrx_word' id='word_1_60' title='bbox 1638 1038 2000 1109; x_wconf 78' lang='grc' dir='ltr'>κατεδικάσθη</span> 
     </span>
    </p>
   </div>
   <div class='ocr_carea' id='block_1_9' title="bbox 423 1115 2003 1191">
    <p class='ocr_par' dir='ltr' id='par_1_9' title="bbox 423 1115 2003 1191">
     <span class='ocr_line' id='line_1_9' title="bbox 423 1115 2003 1191; baseline 0.005 -25"><span class='ocrx_word' id='word_1_61' title='bbox 423 1115 572 1167; x_wconf 88' lang='grc' dir='ltr'>κάτω</span> <span class='ocrx_word' id='word_1_62' title='bbox 608 1115 698 1166; x_wconf 72' lang='grc' dir='ltr'>καὶ</span> <span class='ocrx_word' id='word_1_63' title='bbox 732 1117 1053 1188; x_wconf 77' lang='grc' dir='ltr'>κατεκρίθη,</span> <span class='ocrx_word' id='word_1_64' title='bbox 1093 1119 1369 1189; x_wconf 80' lang='grc' dir='ltr'>ἀνήγαγεν</span> <span class='ocrx_word' id='word_1_65' title='bbox 1404 1121 1570 1172; x_wconf 85' lang='grc' dir='ltr'>αὑτὸν</span> <span class='ocrx_word' id='word_1_66' title='bbox 1620 1122 1755 1191; x_wconf 86' lang='grc' dir='ltr'>πρὸς</span> <span class='ocrx_word' id='word_1_67' title='bbox 1791 1121 1850 1174; x_wconf 84' lang='grc' dir='ltr'>τὸ</span> <span class='ocrx_word' id='word_1_68' title='bbox 1893 1123 2003 1176; x_wconf 85' lang='grc' dir='ltr'>ἄνω</span> 
     </span>
    </p>
   </div>
   <div class='ocr_carea' id='block_1_10' title="bbox 422 1199 2000 1275">
    <p class='ocr_par' dir='ltr' id='par_1_10' title="bbox 422 1199 2000 1275">
     <span class='ocr_line' id='line_1_10' title="bbox 422 1199 2000 1275; baseline 0.004 -24"><span class='ocrx_word' id='word_1_69' title='bbox 422 1199 788 1270; x_wconf 88' lang='grc' dir='ltr'>δικαστήριον·</span> <span class='ocrx_word' id='word_1_70' title='bbox 808 1201 1111 1271; x_wconf 77' lang='grc' dir='ltr'>ἀνέμνησεν</span> <span class='ocrx_word' id='word_1_71' title='bbox 1136 1202 1343 1255; x_wconf 74' lang='grc' dir='ltr'>ἐκείνου</span> <span class='ocrx_word' id='word_1_72' title='bbox 1368 1203 1462 1256; x_wconf 90' lang='grc' dir='ltr'>τοῦ</span> <span class='ocrx_word' id='word_1_73' title='bbox 1479 1204 1710 1274; x_wconf 81' lang='grc' dir='ltr'>φοϐεροῦ</span> <span class='ocrx_word' id='word_1_74' title='bbox 1738 1205 2000 1275; x_wconf 87' lang='grc' dir='ltr'>βήματος,</span> 
     </span>
    </p>
   </div>
   <div class='ocr_carea' id='block_1_11' title="bbox 425 1284 2003 1358">
    <p class='ocr_par' dir='ltr' id='par_1_11' title="bbox 425 1284 2003 1358">
     <span class='ocr_line' id='line_1_11' title="bbox 425 1284 2003 1358; baseline 0.006 -24"><span class='ocrx_word' id='word_1_75' title='bbox 425 1285 705 1353; x_wconf 77' lang='grc' dir='ltr'>μονονουχὶ</span> <span class='ocrx_word' id='word_1_76' title='bbox 737 1284 929 1351; x_wconf 87' lang='grc' dir='ltr'>λέγων·</span> <span class='ocrx_word' id='word_1_77' title='bbox 966 1285 1114 1339; x_wconf 78' lang='grc' dir='ltr'>Ἐκεῖ</span> <span class='ocrx_word' id='word_1_78' title='bbox 1136 1286 1318 1355; x_wconf 83' lang='grc' dir='ltr'>βλέπε,</span> <span class='ocrx_word' id='word_1_79' title='bbox 1345 1289 1437 1340; x_wconf 74' lang='grc' dir='ltr'>καὶ</span> <span class='ocrx_word' id='word_1_80' title='bbox 1463 1289 1560 1340; x_wconf 87' lang='grc' dir='ltr'>οὑκ</span> <span class='ocrx_word' id='word_1_81' title='bbox 1581 1288 1748 1351; x_wconf 81' lang='grc' dir='ltr'>οἴσεις</span> <span class='ocrx_word' id='word_1_82' title='bbox 1775 1289 1871 1358; x_wconf 85' lang='grc' dir='ltr'>τὴν</span> <span class='ocrx_word' id='word_1_83' title='bbox 1901 1308 2003 1343; x_wconf 84' lang='grc' dir='ltr'>κα-</span> 
     </span>
    </p>
   </div>
   <div class='ocr_carea' id='block_1_12' title="bbox 419 1367 2002 1441">
    <p class='ocr_par' dir='ltr' id='par_1_12' title="bbox 419 1367 2002 1441">
     <span class='ocr_line' id='line_1_12' title="bbox 419 1367 2002 1441; baseline 0.005 -23"><span class='ocrx_word' id='word_1_84' title='bbox 419 1367 776 1437; x_wconf 86' lang='grc' dir='ltr'>τακρίνουσαν</span> <span class='ocrx_word' id='word_1_85' title='bbox 800 1369 997 1438; x_wconf 60' lang='grc' dir='ltr'>ψῆφον,</span> <span class='ocrx_word' id='word_1_86' title='bbox 1040 1369 1161 1422; x_wconf 81' lang='grc' dir='ltr'>οὑδὲ</span> <span class='ocrx_word' id='word_1_87' title='bbox 1200 1373 1372 1441; x_wconf 85' lang='grc' dir='ltr'>στήσῃ</span> <span class='ocrx_word' id='word_1_88' title='bbox 1412 1375 1551 1441; x_wconf 86' lang='grc' dir='ltr'>μετά</span> <span class='ocrx_word' id='word_1_89' title='bbox 1587 1373 1693 1425; x_wconf 79' lang='grc' dir='ltr'>τῶν</span> <span class='ocrx_word' id='word_1_90' title='bbox 1726 1374 1874 1426; x_wconf 85' lang='grc' dir='ltr'>κάτω</span> <span class='ocrx_word' id='word_1_91' title='bbox 1921 1373 2002 1426; x_wconf 80' lang='grc' dir='ltr'>διο</span> 
     </span>
    </p>
   </div>
   <div class='ocr_carea' id='block_1_13' title="bbox 421 1449 2004 1527">
    <p class='ocr_par' dir='ltr' id='par_1_13' title="bbox 421 1449 2004 1527">
     <span class='ocr_line' id='line_1_13' title="bbox 421 1449 2004 1527; baseline 0.005 -26"><span class='ocrx_word' id='word_1_92' title='bbox 421 1449 777 1520; x_wconf 68' lang='grc' dir='ltr'>εφθαρμένων</span> <span class='ocrx_word' id='word_1_93' title='bbox 809 1450 1032 1522; x_wconf 83' lang='grc' dir='ltr'>κριτῶν,</span> <span class='ocrx_word' id='word_1_94' title='bbox 1063 1452 1422 1526; x_wconf 79' lang='grc' dir='ltr'>ἀλλ’άποδέξῃ</span> <span class='ocrx_word' id='word_1_95' title='bbox 1454 1456 1551 1524; x_wconf 85' lang='grc' dir='ltr'>τὴν</span> <span class='ocrx_word' id='word_1_96' title='bbox 1572 1456 1683 1508; x_wconf 83' lang='grc' dir='ltr'>ἀνω</span> <span class='ocrx_word' id='word_1_97' title='bbox 1708 1457 2004 1527; x_wconf 78' lang='grc' dir='ltr'>γενομένην</span> 
     </span>
    </p>
   </div>
   <div class='ocr_carea' id='block_1_14' title="bbox 423 1529 2004 1609">
    <p class='ocr_par' dir='ltr' id='par_1_14' title="bbox 423 1529 2004 1609">
     <span class='ocr_line' id='line_1_14' title="bbox 423 1529 2004 1609; baseline 0.006 -26"><span class='ocrx_word' id='word_1_98' title='bbox 423 1532 624 1600; x_wconf 81' lang='grc' dir='ltr'>κρίσιν.</span> <span class='ocrx_word' id='word_1_99' title='bbox 661 1529 814 1596; x_wconf 73' lang='grc' dir='ltr'>Εἶδες</span> <span class='ocrx_word' id='word_1_100' title='bbox 855 1533 1172 1604; x_wconf 79' lang='grc' dir='ltr'>φιλοσοφίαν</span> <span class='ocrx_word' id='word_1_101' title='bbox 1201 1535 1432 1609; x_wconf 77' lang='grc' dir='ltr'>λῃστοῦς</span> <span class='ocrx_word' id='word_1_102' title='bbox 1478 1534 1618 1601; x_wconf 73' lang='grc' dir='ltr'>εἶδες</span> <span class='ocrx_word' id='word_1_103' title='bbox 1656 1539 1871 1593; x_wconf 82' lang='grc' dir='ltr'>σύνεσιν</span> <span class='ocrx_word' id='word_1_104' title='bbox 1911 1543 2004 1593; x_wconf 81' lang='grc' dir='ltr'>καὶ</span> 
     </span>
    </p>
   </div>
   <div class='ocr_carea' id='block_1_15' title="bbox 423 1615 2004 1694">
    <p class='ocr_par' dir='ltr' id='par_1_15' title="bbox 423 1615 2004 1694">
     <span class='ocr_line' id='line_1_15' title="bbox 423 1615 2004 1694; baseline 0.005 -26"><span class='ocrx_word' id='word_1_105' title='bbox 423 1615 794 1681; x_wconf 87' lang='grc' dir='ltr'>διδασκαλίαν;</span> <span class='ocrx_word' id='word_1_106' title='bbox 842 1616 1060 1688; x_wconf 81' lang='grc' dir='ltr'>’Δθρόον</span> <span class='ocrx_word' id='word_1_107' title='bbox 1099 1617 1314 1672; x_wconf 88' lang='grc' dir='ltr'>ἀπὸτοῦ</span> <span class='ocrx_word' id='word_1_108' title='bbox 1349 1621 1582 1690; x_wconf 88' lang='grc' dir='ltr'>σταυροῦ</span> <span class='ocrx_word' id='word_1_109' title='bbox 1613 1624 1692 1685; x_wconf 87' lang='grc' dir='ltr'>είς</span> <span class='ocrx_word' id='word_1_110' title='bbox 1714 1623 1804 1676; x_wconf 90' lang='grc' dir='ltr'>τὸν</span> <span class='ocrx_word' id='word_1_111' title='bbox 1836 1622 2004 1694; x_wconf 80' lang='grc' dir='ltr'>ούρα-</span> 
     </span>
    </p>
   </div>
   <div class='ocr_carea' id='block_1_16' title="bbox 423 1699 2003 1774">
    <p class='ocr_par' dir='ltr' id='par_1_16' title="bbox 423 1699 2003 1774">
     <span class='ocr_line' id='line_1_16' title="bbox 423 1699 2003 1774; baseline 0.004 -23"><span class='ocrx_word' id='word_1_112' title='bbox 423 1700 509 1752; x_wconf 89' lang='grc' dir='ltr'>νὸν</span> <span class='ocrx_word' id='word_1_113' title='bbox 533 1701 892 1771; x_wconf 84' lang='grc' dir='ltr'>ἀνεπήδησεν.</span> <span class='ocrx_word' id='word_1_114' title='bbox 937 1699 1068 1755; x_wconf 76' lang='grc' dir='ltr'>Εἶτα</span> <span class='ocrx_word' id='word_1_115' title='bbox 1103 1705 1196 1756; x_wconf 81' lang='grc' dir='ltr'>καὶ</span> <span class='ocrx_word' id='word_1_116' title='bbox 1239 1705 1303 1756; x_wconf 84' lang='grc' dir='ltr'>ὲκ</span> <span class='ocrx_word' id='word_1_117' title='bbox 1343 1705 1660 1774; x_wconf 81' lang='grc' dir='ltr'>περιουσίας</span> <span class='ocrx_word' id='word_1_118' title='bbox 1693 1707 1855 1760; x_wconf 78' lang='grc' dir='ltr'>αὑτὸν</span> <span class='ocrx_word' id='word_1_119' title='bbox 1881 1709 2003 1759; x_wconf 82' lang='grc' dir='ltr'>ἑπι-</span> 
     </span>
    </p>
   </div>
   <div class='ocr_carea' id='block_1_17' title="bbox 423 1783 2008 1858">
    <p class='ocr_par' dir='ltr' id='par_1_17' title="bbox 423 1783 2008 1858">
     <span class='ocr_line' id='line_1_17' title="bbox 423 1783 2008 1858; baseline 0.005 -24"><span class='ocrx_word' id='word_1_120' title='bbox 423 1783 712 1854; x_wconf 85' lang='grc' dir='ltr'>στομίζων,</span> <span class='ocrx_word' id='word_1_121' title='bbox 743 1786 824 1837; x_wconf 82' lang='grc' dir='ltr'><em>Οὐ</em></span> <span class='ocrx_word' id='word_1_122' title='bbox 850 1784 1140 1851; x_wconf 82' lang='grc' dir='ltr'>δέδοικας,</span> <span class='ocrx_word' id='word_1_123' title='bbox 1173 1789 1358 1858; x_wconf 78' lang='grc' dir='ltr'>φησὶν,</span> <span class='ocrx_word' id='word_1_124' title='bbox 1378 1787 1465 1840; x_wconf 86' lang='grc' dir='ltr'>ὅτι</span> <span class='ocrx_word' id='word_1_125' title='bbox 1498 1788 1568 1840; x_wconf 81' lang='grc' dir='ltr'>ἐν</span> <span class='ocrx_word' id='word_1_126' title='bbox 1591 1787 1670 1853; x_wconf 86' lang='grc' dir='ltr'>τῷ</span> <span class='ocrx_word' id='word_1_127' title='bbox 1695 1789 1854 1854; x_wconf 83' lang='grc' dir='ltr'>αὐτῷ</span> <span class='ocrx_word' id='word_1_128' title='bbox 1883 1791 1980 1857; x_wconf 81' lang='grc' dir='ltr'>κρι</span> <span class='ocrx_word' id='word_1_129' title='bbox 1993 1818 2008 1829; x_wconf 87' lang='lat'><strong>-</strong></span> 
     </span>
    </p>
   </div>
   <div class='ocr_carea' id='block_1_18' title="bbox 417 1867 2006 1941">
    <p class='ocr_par' dir='ltr' id='par_1_18' title="bbox 417 1867 2006 1941">
     <span class='ocr_line' id='line_1_18' title="bbox 417 1867 2006 1941; baseline 0.005 -23"><span class='ocrx_word' id='word_1_130' title='bbox 417 1869 560 1936; x_wconf 82' lang='grc' dir='ltr'>ματί</span> <span class='ocrx_word' id='word_1_131' title='bbox 620 1868 814 1937; x_wconf 85' lang='grc' dir='ltr'>ἑσμεν;</span> <span class='ocrx_word' id='word_1_132' title='bbox 869 1867 935 1919; x_wconf 90' lang='grc' dir='ltr'>Τί</span> <span class='ocrx_word' id='word_1_133' title='bbox 970 1869 1135 1932; x_wconf 76' lang='grc' dir='ltr'>ἐστιν,</span> <span class='ocrx_word' id='word_1_134' title='bbox 1172 1869 1292 1924; x_wconf 85' lang='grc' dir='ltr'>Ὅτι</span> <span class='ocrx_word' id='word_1_135' title='bbox 1345 1871 1416 1924; x_wconf 87' lang='grc' dir='ltr'>ἐν</span> <span class='ocrx_word' id='word_1_136' title='bbox 1453 1870 1531 1935; x_wconf 87' lang='grc' dir='ltr'>τῷ</span> <span class='ocrx_word' id='word_1_137' title='bbox 1568 1871 1728 1937; x_wconf 81' lang='grc' dir='ltr'>αὐτῷ</span> <span class='ocrx_word' id='word_1_138' title='bbox 1770 1874 2006 1941; x_wconf 80' lang='grc' dir='ltr'>κρΙμιιτί</span> 
     </span>
    </p>
   </div>
   <div class='ocr_carea' id='block_1_19' title="bbox 423 1950 2005 2026">
    <p class='ocr_par' dir='ltr' id='par_1_19' title="bbox 423 1950 2005 2026">
     <span class='ocr_line' id='line_1_19' title="bbox 423 1950 2005 2026; baseline 0.004 -24"><span class='ocrx_word' id='word_1_139' title='bbox 423 1951 645 2019; x_wconf 83' lang='grc' dir='ltr'>ἐσμεν;</span> <span class='ocrx_word' id='word_1_140' title='bbox 680 1951 767 2002; x_wconf 87' lang='grc' dir='ltr'>Ἐν</span> <span class='ocrx_word' id='word_1_141' title='bbox 795 1951 859 2021; x_wconf 81' lang='grc' dir='ltr'>τῇ</span> <span class='ocrx_word' id='word_1_142' title='bbox 891 1951 1027 2021; x_wconf 87' lang='grc' dir='ltr'>αὑτῇ</span> <span class='ocrx_word' id='word_1_143' title='bbox 1064 1950 1302 2007; x_wconf 88' lang='grc' dir='ltr'>κολάσει.</span> <span class='ocrx_word' id='word_1_144' title='bbox 1331 1955 1422 2024; x_wconf 89' lang='grc' dir='ltr'>Μὴ</span> <span class='ocrx_word' id='word_1_145' title='bbox 1447 1955 1556 2025; x_wconf 85' lang='grc' dir='ltr'>γὰρ</span> <span class='ocrx_word' id='word_1_146' title='bbox 1588 1955 1708 2026; x_wconf 74' lang='grc' dir='ltr'>οὐχὶ</span> <span class='ocrx_word' id='word_1_147' title='bbox 1731 1957 1824 2009; x_wconf 71' lang='grc' dir='ltr'>καὶ</span> <span class='ocrx_word' id='word_1_148' title='bbox 1853 1957 1916 2008; x_wconf 78' lang='grc' dir='ltr'>σὺ</span> <span class='ocrx_word' id='word_1_149' title='bbox 1947 1959 2005 2009; x_wconf 84' lang='grc' dir='ltr'>ὲν</span> 
     </span>
    </p>
   </div>
   <div class='ocr_carea' id='block_1_20' title="bbox 421 2027 2007 2110">
    <p class='ocr_par' dir='ltr' id='par_1_20' title="bbox 421 2027 2007 2110">
     <span class='ocr_line' id='line_1_20' title="bbox 421 2027 2007 2110; baseline 0.005 -26"><span class='ocrx_word' id='word_1_150' title='bbox 421 2033 500 2102; x_wconf 76' lang='grc' dir='ltr'>τῷ</span> <span class='ocrx_word' id='word_1_151' title='bbox 531 2031 749 2103; x_wconf 79' lang='grc' dir='ltr'>σταυρῷ</span> <span class='ocrx_word' id='word_1_152' title='bbox 769 2027 852 2097; x_wconf 86' lang='grc' dir='ltr'>εἷ;</span> <span class='ocrx_word' id='word_1_153' title='bbox 884 2032 1120 2088; x_wconf 84' lang='grc' dir='ltr'>Ἐκεῖνον</span> <span class='ocrx_word' id='word_1_154' title='bbox 1149 2035 1326 2090; x_wconf 79' lang='grc' dir='ltr'>τοίνυν</span> <span class='ocrx_word' id='word_1_155' title='bbox 1356 2037 1650 2102; x_wconf 77' lang='grc' dir='ltr'>ὀνειδίζων,</span> <span class='ocrx_word' id='word_1_156' title='bbox 1682 2040 1874 2093; x_wconf 85' lang='grc' dir='ltr'>ἑαυτὸν</span> <span class='ocrx_word' id='word_1_157' title='bbox 1899 2039 2007 2110; x_wconf 90' lang='grc' dir='ltr'>πρὸ</span> 
     </span>
    </p>
   </div>
   <div class='ocr_carea' id='block_1_21' title="bbox 423 2117 2006 2194">
    <p class='ocr_par' dir='ltr' id='par_1_21' title="bbox 423 2117 2006 2194">
     <span class='ocr_line' id='line_1_21' title="bbox 423 2117 2006 2194; baseline 0.006 -26"><span class='ocrx_word' id='word_1_158' title='bbox 423 2118 630 2170; x_wconf 83' lang='grc' dir='ltr'>ἐκείνου</span> <span class='ocrx_word' id='word_1_159' title='bbox 676 2117 973 2190; x_wconf 83' lang='grc' dir='ltr'>προϐάλλῃ.</span> <span class='ocrx_word' id='word_1_160' title='bbox 1017 2119 1228 2191; x_wconf 82' lang='grc' dir='ltr'>Ὥσπερ</span> <span class='ocrx_word' id='word_1_161' title='bbox 1284 2122 1392 2192; x_wconf 78' lang='grc' dir='ltr'>γὰρ</span> <span class='ocrx_word' id='word_1_162' title='bbox 1426 2124 1454 2175; x_wconf 95' lang='lat'>6</span> <span class='ocrx_word' id='word_1_163' title='bbox 1498 2123 1556 2174; x_wconf 83' lang='grc' dir='ltr'>ὲν</span> <span class='ocrx_word' id='word_1_164' title='bbox 1608 2123 2006 2194; x_wconf 82' lang='grc' dir='ltr'>ἁμαρτήμασιν</span> 
     </span>
    </p>
   </div>
   <div class='ocr_carea' id='block_1_22' title="bbox 423 2201 2005 2280">
    <p class='ocr_par' dir='ltr' id='par_1_22' title="bbox 423 2201 2005 2280">
     <span class='ocr_line' id='line_1_22' title="bbox 423 2201 2005 2280; baseline 0.006 -28"><span class='ocrx_word' id='word_1_165' title='bbox 423 2201 516 2254; x_wconf 77' lang='grc' dir='ltr'>ὢν.</span> <span class='ocrx_word' id='word_1_166' title='bbox 537 2201 621 2253; x_wconf 67' lang='lat' dir='ltr'>Et:</span> <span class='ocrx_word' id='word_1_167' title='bbox 630 2219 722 2272; x_wconf 90' lang='grc' dir='ltr'>ρον</span> <span class='ocrx_word' id='word_1_168' title='bbox 744 2201 1088 2275; x_wconf 85' lang='grc' dir='ltr'>κατηγορῶν,</span> <span class='ocrx_word' id='word_1_169' title='bbox 1109 2203 1304 2256; x_wconf 84' lang='grc' dir='ltr'>ἑαυτὸν</span> <span class='ocrx_word' id='word_1_170' title='bbox 1328 2205 1433 2276; x_wconf 88' lang='grc' dir='ltr'>πρὸ</span> <span class='ocrx_word' id='word_1_171' title='bbox 1453 2206 1665 2259; x_wconf 81' lang='grc' dir='ltr'>ἐκείνου</span> <span class='ocrx_word' id='word_1_172' title='bbox 1687 2213 2005 2280; x_wconf 86' lang='grc' dir='ltr'>κατηγορεῖ,</span> 
     </span>
    </p>
   </div>
   <div class='ocr_carea' id='block_1_23' title="bbox 423 2283 2010 2362">
    <p class='ocr_par' dir='ltr' id='par_1_23' title="bbox 423 2283 2010 2362">
     <span class='ocr_line' id='line_1_23' title="bbox 423 2283 2010 2362; baseline 0.006 -26"><span class='ocrx_word' id='word_1_173' title='bbox 423 2283 564 2336; x_wconf 73' lang='grc' dir='ltr'>οὕτω</span> <span class='ocrx_word' id='word_1_174' title='bbox 593 2285 685 2335; x_wconf 75' lang='grc' dir='ltr'>καὶ</span> <span class='ocrx_word' id='word_1_175' title='bbox 717 2286 744 2336; x_wconf 97' lang='lat'>6</span> <span class='ocrx_word' id='word_1_176' title='bbox 779 2287 835 2337; x_wconf 79' lang='grc' dir='ltr'>ὲν</span> <span class='ocrx_word' id='word_1_177' title='bbox 872 2287 1126 2356; x_wconf 79' lang='grc' dir='ltr'>συμφορᾷ</span> <span class='ocrx_word' id='word_1_178' title='bbox 1151 2284 1228 2338; x_wconf 80' lang='grc' dir='ltr'>ὢν</span> <span class='ocrx_word' id='word_1_179' title='bbox 1257 2289 1350 2339; x_wconf 81' lang='grc' dir='ltr'>καὶ</span> <span class='ocrx_word' id='word_1_180' title='bbox 1367 2287 1642 2352; x_wconf 75' lang='grc' dir='ltr'>ὀνειδίζων</span> <span class='ocrx_word' id='word_1_181' title='bbox 1673 2292 1846 2361; x_wconf 84' lang='grc' dir='ltr'>ἑτέρῳ</span> <span class='ocrx_word' id='word_1_182' title='bbox 1875 2309 2010 2362; x_wconf 80' lang='grc' dir='ltr'>συμ-</span> 
     </span>
    </p>
   </div>
   <div class='ocr_carea' id='block_1_24' title="bbox 425 2367 2008 2441">
    <p class='ocr_par' dir='ltr' id='par_1_24' title="bbox 425 2367 2008 2441">
     <span class='ocr_line' id='line_1_24' title="bbox 425 2367 2008 2441; baseline 0.006 -23"><span class='ocrx_word' id='word_1_183' title='bbox 425 2368 618 2437; x_wconf 77' lang='grc' dir='ltr'>φορὰν,</span> <span class='ocrx_word' id='word_1_184' title='bbox 662 2367 809 2438; x_wconf 62' lang='lat'>[.507]</span> <span class='ocrx_word' id='word_1_185' title='bbox 859 2369 1047 2421; x_wconf 84' lang='grc' dir='ltr'>ἑαυτὸν</span> <span class='ocrx_word' id='word_1_186' title='bbox 1085 2370 1190 2441; x_wconf 90' lang='grc' dir='ltr'>πρὸ</span> <span class='ocrx_word' id='word_1_187' title='bbox 1219 2371 1428 2426; x_wconf 79' lang='grc' dir='ltr'>ἐκείνου</span> <span class='ocrx_word' id='word_1_188' title='bbox 1473 2374 1741 2439; x_wconf 77' lang='grc' dir='ltr'>ὀνειδίζει.</span> <span class='ocrx_word' id='word_1_189' title='bbox 1789 2376 1908 2428; x_wconf 87' lang='grc' dir='ltr'>Ὅτι</span> <span class='ocrx_word' id='word_1_190' title='bbox 1938 2377 2008 2428; x_wconf 82' lang='grc' dir='ltr'>ἐν</span> 
     </span>
    </p>
   </div>
   <div class='ocr_carea' id='block_1_25' title="bbox 423 2451 2008 2529">
    <p class='ocr_par' dir='ltr' id='par_1_25' title="bbox 423 2451 2008 2529">
     <span class='ocr_line' id='line_1_25' title="bbox 423 2451 2008 2529; baseline 0.006 -26"><span class='ocrx_word' id='word_1_191' title='bbox 423 2452 504 2516; x_wconf 83' lang='grc' dir='ltr'>τῷ</span> <span class='ocrx_word' id='word_1_192' title='bbox 537 2451 696 2516; x_wconf 72' lang='grc' dir='ltr'>αὐτῷ</span> <span class='ocrx_word' id='word_1_193' title='bbox 725 2455 961 2521; x_wconf 77' lang='grc' dir='ltr'>κρίματι</span> <span class='ocrx_word' id='word_1_194' title='bbox 1001 2455 1187 2524; x_wconf 86' lang='grc' dir='ltr'>ἑσμεν.</span> <span class='ocrx_word' id='word_1_195' title='bbox 1245 2456 1626 2510; x_wconf 84' lang='grc' dir='ltr'>Ἀποστολικὸν</span> <span class='ocrx_word' id='word_1_196' title='bbox 1657 2459 1808 2526; x_wconf 84' lang='grc' dir='ltr'>αὑτῴ</span> <span class='ocrx_word' id='word_1_197' title='bbox 1843 2459 2008 2529; x_wconf 86' lang='grc' dir='ltr'>νόμον</span> 
     </span>
    </p>
   </div>
   <div class='ocr_carea' id='block_1_26' title="bbox 423 2535 2010 2611">
    <p class='ocr_par' dir='ltr' id='par_1_26' title="bbox 423 2535 2010 2611">
     <span class='ocr_line' id='line_1_26' title="bbox 423 2535 2010 2611; baseline 0.005 -23"><span class='ocrx_word' id='word_1_198' title='bbox 423 2535 810 2602; x_wconf 70' lang='grc' dir='ltr'>ἀναγινώσκει,</span> <span class='ocrx_word' id='word_1_199' title='bbox 854 2536 1184 2604; x_wconf 77' lang='grc' dir='ltr'>εὑαγγελικὰ</span> <span class='ocrx_word' id='word_1_200' title='bbox 1218 2541 1439 2610; x_wconf 78' lang='grc' dir='ltr'>ῥήματα</span> <span class='ocrx_word' id='word_1_201' title='bbox 1475 2540 1724 2608; x_wconf 85' lang='grc' dir='ltr'>λέγοντα·</span> <span class='ocrx_word' id='word_1_202' title='bbox 1768 2541 1865 2609; x_wconf 78' lang='grc' dir='ltr'>Μὴ</span> <span class='ocrx_word' id='word_1_203' title='bbox 1895 2545 2010 2611; x_wconf 84' lang='grc' dir='ltr'>κρί-</span> 
     </span>
    </p>
   </div>
   <div class='ocr_carea' id='block_1_27' title="bbox 425 2619 2012 2695">
    <p class='ocr_par' dir='ltr' id='par_1_27' title="bbox 425 2619 2012 2695">
     <span class='ocr_line' id='line_1_27' title="bbox 425 2619 2012 2695; baseline 0.006 -23"><span class='ocrx_word' id='word_1_204' title='bbox 425 2635 576 2680; x_wconf 84' lang='grc' dir='ltr'>νετε,</span> <span class='ocrx_word' id='word_1_205' title='bbox 601 2620 700 2671; x_wconf 82' lang='grc' dir='ltr'>ἵνα</span> <span class='ocrx_word' id='word_1_206' title='bbox 745 2620 832 2688; x_wconf 71' lang='grc' dir='ltr'>μὴ</span> <span class='ocrx_word' id='word_1_207' title='bbox 881 2619 1139 2687; x_wconf 73' lang='grc' dir='ltr'>κριθῆτε.</span> <span class='ocrx_word' id='word_1_208' title='bbox 1177 2623 1304 2676; x_wconf 86' lang='grc' dir='ltr'>Ὅτι</span> <span class='ocrx_word' id='word_1_209' title='bbox 1341 2624 1411 2676; x_wconf 82' lang='grc' dir='ltr'>ἐν</span> <span class='ocrx_word' id='word_1_210' title='bbox 1440 2621 1519 2688; x_wconf 84' lang='grc' dir='ltr'>τῷ</span> <span class='ocrx_word' id='word_1_211' title='bbox 1566 2625 1728 2689; x_wconf 83' lang='grc' dir='ltr'>αὐτῷ</span> <span class='ocrx_word' id='word_1_212' title='bbox 1775 2627 2012 2695; x_wconf 75' lang='grc' dir='ltr'>κρίματί</span> 
     </span>
    </p>
   </div>
   <div class='ocr_carea' id='block_1_28' title="bbox 427 2698 2011 2780">
    <p class='ocr_par' dir='ltr' id='par_1_28' title="bbox 427 2698 2011 2780">
     <span class='ocr_line' id='line_1_28' title="bbox 427 2698 2011 2780; baseline 0.006 -27"><span class='ocrx_word' id='word_1_213' title='bbox 427 2703 614 2770; x_wconf 82' lang='grc' dir='ltr'>ἐσμεν.</span> <span class='ocrx_word' id='word_1_214' title='bbox 658 2702 720 2754; x_wconf 91' lang='grc' dir='ltr'>Τί</span> <span class='ocrx_word' id='word_1_215' title='bbox 770 2706 963 2768; x_wconf 83' lang='grc' dir='ltr'>ποιεῖς,</span> <span class='ocrx_word' id='word_1_216' title='bbox 1015 2698 1059 2757; x_wconf 82' lang='grc' dir='ltr'><strong>ὦ</strong></span> <span class='ocrx_word' id='word_1_217' title='bbox 1107 2704 1317 2775; x_wconf 75' lang='grc' dir='ltr'>λῇστά;</span> <span class='ocrx_word' id='word_1_218' title='bbox 1375 2705 1824 2777; x_wconf 87' lang='grc' dir='ltr'>ἀπολογήσασθαι</span> <span class='ocrx_word' id='word_1_219' title='bbox 1871 2711 2011 2780; x_wconf 87' lang='grc' dir='ltr'>ὑπὲρ</span> 
     </span>
    </p>
   </div>
   <div class='ocr_carea' id='block_1_29' title="bbox 425 2785 2013 2866">
    <p class='ocr_par' dir='ltr' id='par_1_29' title="bbox 425 2785 2013 2866">
     <span class='ocr_line' id='line_1_29' title="bbox 425 2785 2013 2866; baseline 0.006 -28"><span class='ocrx_word' id='word_1_220' title='bbox 425 2785 589 2838; x_wconf 82' lang='grc' dir='ltr'>αὑτοῦ</span> <span class='ocrx_word' id='word_1_221' title='bbox 619 2787 933 2857; x_wconf 79' lang='grc' dir='ltr'>ἐπιχειρῶν,</span> <span class='ocrx_word' id='word_1_222' title='bbox 962 2789 1217 2842; x_wconf 89' lang='grc' dir='ltr'>κοινωνὸν</span> <span class='ocrx_word' id='word_1_223' title='bbox 1247 2789 1441 2843; x_wconf 88' lang='grc' dir='ltr'>σαυτὸν</span> <span class='ocrx_word' id='word_1_224' title='bbox 1486 2792 1748 2862; x_wconf 80' lang='grc' dir='ltr'>ἐποίησας</span> <span class='ocrx_word' id='word_1_225' title='bbox 1793 2793 1886 2846; x_wconf 89' lang='grc' dir='ltr'>τοῦ</span> <span class='ocrx_word' id='word_1_226' title='bbox 1926 2795 2013 2866; x_wconf 88' lang='grc' dir='ltr'>λῃ-</span> 
     </span>
    </p>
   </div>
   <div class='ocr_carea' id='block_1_30' title="bbox 430 2867 2012 2946">
    <p class='ocr_par' dir='ltr' id='par_1_30' title="bbox 430 2867 2012 2946">
     <span class='ocr_line' id='line_1_30' title="bbox 430 2867 2012 2946; baseline 0.006 -26"><span class='ocrx_word' id='word_1_227' title='bbox 430 2867 588 2932; x_wconf 90' lang='grc' dir='ltr'>στοῦ;</span> <span class='ocrx_word' id='word_1_228' title='bbox 628 2869 782 2939; x_wconf 75' lang='grc' dir='ltr'>Οὐχὶ,</span> <span class='ocrx_word' id='word_1_229' title='bbox 819 2869 971 2938; x_wconf 83' lang='grc' dir='ltr'>φησί·</span> <span class='ocrx_word' id='word_1_230' title='bbox 1026 2870 1345 2942; x_wconf 79' lang='grc' dir='ltr'>διορθοῦμαι</span> <span class='ocrx_word' id='word_1_231' title='bbox 1373 2874 1471 2944; x_wconf 79' lang='grc' dir='ltr'>τὴν</span> <span class='ocrx_word' id='word_1_232' title='bbox 1509 2875 1763 2928; x_wconf 82' lang='grc' dir='ltr'>ὑπόνοιαν</span> <span class='ocrx_word' id='word_1_233' title='bbox 1807 2875 2012 2946; x_wconf 87' lang='grc' dir='ltr'>ταύτην</span> 
     </span>
    </p>
   </div>
   <div class='ocr_carea' id='block_1_31' title="bbox 426 2953 2010 3030">
    <p class='ocr_par' dir='ltr' id='par_1_31' title="bbox 426 2953 2010 3030">
     <span class='ocr_line' id='line_1_31' title="bbox 426 2953 2010 3030; baseline 0.007 -26"><span class='ocrx_word' id='word_1_234' title='bbox 426 2953 512 3005; x_wconf 80' lang='grc' dir='ltr'>διά</span> <span class='ocrx_word' id='word_1_235' title='bbox 533 2953 639 3005; x_wconf 81' lang='grc' dir='ltr'>τῶν</span> <span class='ocrx_word' id='word_1_236' title='bbox 669 2954 816 3024; x_wconf 77' lang='grc' dir='ltr'>ἑξῆς.</span> <span class='ocrx_word' id='word_1_237' title='bbox 854 2955 967 3007; x_wconf 82' lang='grc' dir='ltr'>Ἵνα</span> <span class='ocrx_word' id='word_1_238' title='bbox 989 2955 1097 3024; x_wconf 78' lang='grc' dir='ltr'>γάρ</span> <span class='ocrx_word' id='word_1_239' title='bbox 1129 2957 1202 3026; x_wconf 89' lang='grc' dir='ltr'>μὴ</span> <span class='ocrx_word' id='word_1_240' title='bbox 1231 2957 1319 3008; x_wconf 80' lang='grc' dir='ltr'>διά</span> <span class='ocrx_word' id='word_1_241' title='bbox 1351 2958 1448 3026; x_wconf 84' lang='grc' dir='ltr'>τὴν</span> <span class='ocrx_word' id='word_1_242' title='bbox 1478 2959 1766 3011; x_wconf 83' lang='grc' dir='ltr'>κοινωνίαν</span> <span class='ocrx_word' id='word_1_243' title='bbox 1801 2960 1901 3030; x_wconf 78' lang='grc' dir='ltr'>τῆς</span> <span class='ocrx_word' id='word_1_244' title='bbox 1928 2979 2010 3014; x_wconf 87' lang='grc' dir='ltr'>τι·</span> 
     </span>
    </p>
   </div>
   <div class='ocr_carea' id='block_1_32' title="bbox 430 3036 2014 3117">
    <p class='ocr_par' dir='ltr' id='par_1_32' title="bbox 430 3036 2014 3117">
     <span class='ocr_line' id='line_1_32' title="bbox 430 3036 2014 3117; baseline 0.007 -29"><span class='ocrx_word' id='word_1_245' title='bbox 430 3036 642 3108; x_wconf 80' lang='grc' dir='ltr'>μωρίας</span> <span class='ocrx_word' id='word_1_246' title='bbox 669 3038 896 3110; x_wconf 79' lang='grc' dir='ltr'>νομίσῃς</span> <span class='ocrx_word' id='word_1_247' title='bbox 924 3041 1006 3092; x_wconf 81' lang='grc' dir='ltr'>ὅτι</span> <span class='ocrx_word' id='word_1_248' title='bbox 1031 3042 1284 3093; x_wconf 84' lang='grc' dir='ltr'>κοινωνὸν</span> <span class='ocrx_word' id='word_1_249' title='bbox 1302 3042 1464 3094; x_wconf 86' lang='grc' dir='ltr'>αὑτὸν</span> <span class='ocrx_word' id='word_1_250' title='bbox 1489 3044 1710 3112; x_wconf 84' lang='grc' dir='ltr'>ἐποίησε</span> <span class='ocrx_word' id='word_1_251' title='bbox 1731 3045 1827 3114; x_wconf 81' lang='grc' dir='ltr'>τῆς</span> <span class='ocrx_word' id='word_1_252' title='bbox 1842 3046 2014 3117; x_wconf 81' lang='grc' dir='ltr'>ἀμαρ-</span> 
     </span>
    </p>
   </div>
   <div class='ocr_carea' id='block_1_33' title="bbox 427 3120 2013 3198">
    <p class='ocr_par' dir='ltr' id='par_1_33' title="bbox 427 3120 2013 3198">
     <span class='ocr_line' id='line_1_33' title="bbox 427 3120 2013 3198; baseline 0.008 -28"><span class='ocrx_word' id='word_1_253' title='bbox 427 3120 567 3185; x_wconf 80' lang='grc' dir='ltr'>τίας,</span> <span class='ocrx_word' id='word_1_254' title='bbox 602 3122 850 3191; x_wconf 82' lang='grc' dir='ltr'>ἐπήγαγε</span> <span class='ocrx_word' id='word_1_255' title='bbox 883 3123 981 3192; x_wconf 82' lang='grc' dir='ltr'>τὴν</span> <span class='ocrx_word' id='word_1_256' title='bbox 1002 3122 1308 3193; x_wconf 80' lang='grc' dir='ltr'>διόρθωσιν,</span> <span class='ocrx_word' id='word_1_257' title='bbox 1341 3124 1534 3193; x_wconf 81' lang='grc' dir='ltr'>λέγων·</span> <span class='ocrx_word' id='word_1_258' title='bbox 1568 3127 1676 3180; x_wconf 79' lang='grc' dir='ltr'>Καὶ</span> <span class='ocrx_word' id='word_1_259' title='bbox 1707 3129 1876 3194; x_wconf 76' lang='grc' dir='ltr'>ἡμεῖς</span> <span class='ocrx_word' id='word_1_260' title='bbox 1895 3130 2013 3198; x_wconf 80' lang='grc' dir='ltr'>μὲν</span> 
     </span>
    </p>
   </div>
   <div class='ocr_carea' id='block_1_34' title="bbox 429 3200 2006 3276">
    <p class='ocr_par' dir='ltr' id='par_1_34' title="bbox 429 3200 2006 3276">
     <span class='ocr_line' id='line_1_34' title="bbox 429 3200 2006 3276; baseline 0.008 -21"><span class='ocrx_word' id='word_1_261' title='bbox 429 3203 686 3270; x_wconf 75' lang='grc' dir='ltr'>δικαίως·</span> <span class='ocrx_word' id='word_1_262' title='bbox 729 3204 869 3268; x_wconf 74' lang='grc' dir='ltr'>ἄξια</span> <span class='ocrx_word' id='word_1_263' title='bbox 929 3205 1035 3274; x_wconf 75' lang='grc' dir='ltr'>γὰρ</span> <span class='ocrx_word' id='word_1_264' title='bbox 1079 3200 1166 3258; x_wconf 84' lang='grc' dir='ltr'>ὧν</span> <span class='ocrx_word' id='word_1_265' title='bbox 1213 3206 1557 3276; x_wconf 75' lang='grc' dir='ltr'>ἐπράξαμεν</span> <span class='ocrx_word' id='word_1_266' title='bbox 1606 3214 2006 3275; x_wconf 77' lang='grc' dir='ltr'>πεπόνθαμεν.</span> 
     </span>
    </p>
   </div>
   <div class='ocr_carea' id='block_1_35' title="bbox 429 3276 2013 3366">
    <p class='ocr_par' dir='ltr' id='par_1_35' title="bbox 429 3276 2013 3366">
     <span class='ocr_line' id='line_1_35' title="bbox 429 3276 2013 3366; baseline 0.006 -28"><span class='ocrx_word' id='word_1_267' title='bbox 429 3283 581 3348; x_wconf 81' lang='grc' dir='ltr'>Εἶδες</span> <span class='ocrx_word' id='word_1_268' title='bbox 617 3288 1000 3358; x_wconf 74' lang='grc' dir='ltr'>ἐξομολόγησιν</span> <span class='ocrx_word' id='word_1_269' title='bbox 1042 3290 1489 3361; x_wconf 86' lang='grc' dir='ltr'>ἀπηρτισμένην;</span> <span class='ocrx_word' id='word_1_270' title='bbox 1532 3287 1668 3356; x_wconf 76' lang='grc' dir='ltr'>εἶδες</span> <span class='ocrx_word' id='word_1_271' title='bbox 1703 3295 1820 3358; x_wconf 81' lang='grc' dir='ltr'>πῶς</span> <span class='ocrx_word' id='word_1_272' title='bbox 1853 3297 1910 3348; x_wconf 82' lang='grc' dir='ltr'>ἐν</span> 
     </span>
    </p>
   </div>
   <div class='ocr_carea' id='block_1_36' title="bbox 433 3370 2011 3450">
    <p class='ocr_par' dir='ltr' id='par_1_36' title="bbox 433 3370 2011 3450">
     <span class='ocr_line' id='line_1_36' title="bbox 433 3370 2011 3450; baseline 0.008 -29"><span class='ocrx_word' id='word_1_273' title='bbox 433 3370 649 3442; x_wconf 80' lang='grc' dir='ltr'>σταυρῷ</span> <span class='ocrx_word' id='word_1_274' title='bbox 674 3372 742 3424; x_wconf 86' lang='grc' dir='ltr'>τά</span> <span class='ocrx_word' id='word_1_275' title='bbox 771 3373 1144 3442; x_wconf 80' lang='grc' dir='ltr'>ἁμαρτήματα</span> <span class='ocrx_word' id='word_1_276' title='bbox 1178 3373 1507 3435; x_wconf 83' lang='grc' dir='ltr'>άπεδύσατο;</span> <span class='ocrx_word' id='word_1_277' title='bbox 1531 3378 1822 3448; x_wconf 68' lang='grc' dir='ltr'>Λέγεγὰρ,</span> <span class='ocrx_word' id='word_1_278' title='bbox 1856 3381 2011 3450; x_wconf 61' lang='grc' dir='ltr'>φησὶζ</span> 
     </span>
    </p>
   </div>
   <div class='ocr_carea' id='block_1_37' title="bbox 428 3454 2014 3530">
    <p class='ocr_par' dir='ltr' id='par_1_37' title="bbox 428 3454 2014 3530">
     <span class='ocr_line' id='line_1_37' title="bbox 428 3454 2014 3530; baseline 0.006 -26"><span class='ocrx_word' id='word_1_279' title='bbox 428 3454 510 3504; x_wconf 83' lang='grc' dir='ltr'>σὺ</span> <span class='ocrx_word' id='word_1_280' title='bbox 541 3457 646 3518; x_wconf 73' lang='grc' dir='ltr'>τὰς</span> <span class='ocrx_word' id='word_1_281' title='bbox 677 3455 963 3521; x_wconf 75' lang='grc' dir='ltr'>ἁμαρτίας</span> <span class='ocrx_word' id='word_1_282' title='bbox 989 3471 1106 3507; x_wconf 85' lang='grc' dir='ltr'>σου</span> <span class='ocrx_word' id='word_1_283' title='bbox 1144 3455 1394 3522; x_wconf 58' lang='grc' dir='ltr'>πρῶτος,</span> <span class='ocrx_word' id='word_1_284' title='bbox 1427 3459 1525 3510; x_wconf 75' lang='grc' dir='ltr'>ἵνα</span> <span class='ocrx_word' id='word_1_285' title='bbox 1547 3459 1884 3530; x_wconf 71' lang='grc' dir='ltr'>δικαιωθῇς.</span> <span class='ocrx_word' id='word_1_286' title='bbox 1906 3464 2014 3516; x_wconf 88' lang='grc' dir='ltr'>Οὑ-</span> 
     </span>
    </p>
   </div>
   <div class='ocr_carea' id='block_1_38' title="bbox 429 3537 2013 3608">
    <p class='ocr_par' dir='ltr' id='par_1_38' title="bbox 429 3537 2013 3608">
     <span class='ocr_line' id='line_1_38' title="bbox 429 3537 2013 3608; baseline 0.008 -20"><span class='ocrx_word' id='word_1_287' title='bbox 429 3537 538 3599; x_wconf 78' lang='grc' dir='ltr'>δεὶς</span> <span class='ocrx_word' id='word_1_288' title='bbox 567 3540 696 3604; x_wconf 61' lang='grc' dir='ltr'>ἡνάγ</span> <span class='ocrx_word' id='word_1_289' title='bbox 712 3554 898 3597; x_wconf 88' lang='grc' dir='ltr'>κασεν,</span> <span class='ocrx_word' id='word_1_290' title='bbox 940 3538 1112 3596; x_wconf 72' lang='grc' dir='ltr'>οὐδεὶς</span> <span class='ocrx_word' id='word_1_291' title='bbox 1158 3540 1432 3605; x_wconf 77' lang='grc' dir='ltr'>ἐϐιάσατο,</span> <span class='ocrx_word' id='word_1_292' title='bbox 1477 3543 1592 3594; x_wconf 84' lang='grc' dir='ltr'>ἀλλ’</span> <span class='ocrx_word' id='word_1_293' title='bbox 1631 3545 1790 3608; x_wconf 85' lang='grc' dir='ltr'>αὑτὸς</span> <span class='ocrx_word' id='word_1_294' title='bbox 1823 3548 2013 3603; x_wconf 82' lang='grc' dir='ltr'>ἑαυτὸν</span> 
     </span>
    </p>
   </div>
   <div class='ocr_carea' id='block_1_39' title="bbox 430 3619 2016 3694">
    <p class='ocr_par' dir='ltr' id='par_1_39' title="bbox 430 3619 2016 3694">
     <span class='ocr_line' id='line_1_39' title="bbox 430 3619 2016 3694; baseline 0.008 -24"><span class='ocrx_word' id='word_1_295' title='bbox 430 3619 855 3688; x_wconf 78' lang='grc' dir='ltr'>ἐξεπόμπευσεν,</span> <span class='ocrx_word' id='word_1_296' title='bbox 891 3619 1078 3672; x_wconf 82' lang='grc' dir='ltr'>εἰπών·</span> <span class='ocrx_word' id='word_1_297' title='bbox 1107 3622 1215 3674; x_wconf 79' lang='grc' dir='ltr'>Καὶ</span> <span class='ocrx_word' id='word_1_298' title='bbox 1243 3623 1413 3691; x_wconf 74' lang='grc' dir='ltr'>ἡμεῖς</span> <span class='ocrx_word' id='word_1_299' title='bbox 1438 3625 1554 3692; x_wconf 80' lang='grc' dir='ltr'>μὲν</span> <span class='ocrx_word' id='word_1_300' title='bbox 1585 3626 1847 3694; x_wconf 77' lang='grc' dir='ltr'>δικαίως·</span> <span class='ocrx_word' id='word_1_301' title='bbox 1876 3629 2016 3692; x_wconf 76' lang='grc' dir='ltr'>ἄξια</span> 
     </span>
    </p>
   </div>
   <div class='ocr_carea' id='block_1_40' title="bbox 432 3697 2016 3776">
    <p class='ocr_par' dir='ltr' id='par_1_40' title="bbox 432 3697 2016 3776">
     <span class='ocr_line' id='line_1_40' title="bbox 432 3697 2016 3776; baseline 0.008 -22"><span class='ocrx_word' id='word_1_302' title='bbox 432 3705 540 3772; x_wconf 64' lang='grc' dir='ltr'>γὰρ</span> <span class='ocrx_word' id='word_1_303' title='bbox 570 3697 657 3755; x_wconf 85' lang='grc' dir='ltr'>ὧν</span> <span class='ocrx_word' id='word_1_304' title='bbox 683 3703 1055 3771; x_wconf 79' lang='grc' dir='ltr'>ἐποιήσαμεν</span> <span class='ocrx_word' id='word_1_305' title='bbox 1075 3707 1478 3775; x_wconf 82' lang='grc' dir='ltr'>πεπόνθαμεν·</span> <span class='ocrx_word' id='word_1_306' title='bbox 1520 3705 1698 3776; x_wconf 83' lang='grc' dir='ltr'>οὗτος</span> <span class='ocrx_word' id='word_1_307' title='bbox 1739 3710 1806 3763; x_wconf 82' lang='grc' dir='ltr'>δὲ</span> <span class='ocrx_word' id='word_1_308' title='bbox 1833 3714 2016 3766; x_wconf 72' lang='grc' dir='ltr'>οὐδὲν</span> 
     </span>
    </p>
   </div>
   <div class='ocr_carea' id='block_1_41' title="bbox 432 3787 2014 3864">
    <p class='ocr_par' dir='ltr' id='par_1_41' title="bbox 432 3787 2014 3864">
     <span class='ocr_line' id='line_1_41' title="bbox 432 3787 2014 3864; baseline 0.007 -24"><span class='ocrx_word' id='word_1_309' title='bbox 432 3787 702 3856; x_wconf 72' lang='grc' dir='ltr'>πονηρὸν</span> <span class='ocrx_word' id='word_1_310' title='bbox 734 3787 1002 3854; x_wconf 78' lang='grc' dir='ltr'>ἐποίησε.</span> <span class='ocrx_word' id='word_1_311' title='bbox 1023 3789 1130 3840; x_wconf 74' lang='grc' dir='ltr'>Καὶ</span> <span class='ocrx_word' id='word_1_312' title='bbox 1155 3790 1292 3858; x_wconf 85' lang='grc' dir='ltr'>μετά</span> <span class='ocrx_word' id='word_1_313' title='bbox 1312 3791 1485 3844; x_wconf 86' lang='grc' dir='ltr'>ταῦτά</span> <span class='ocrx_word' id='word_1_314' title='bbox 1508 3809 1660 3864; x_wconf 86' lang='grc' dir='ltr'>φησι·</span> <span class='ocrx_word' id='word_1_315' title='bbox 1696 3797 2014 3863; x_wconf 76' lang='grc' dir='ltr'>Μνήσθητί</span> 
     </span>
    </p>
   </div>
   <div class='ocr_carea' id='block_1_42' title="bbox 425 3869 2011 3950">
    <p class='ocr_par' dir='ltr' id='par_1_42' title="bbox 425 3869 2011 3950">
     <span class='ocr_line' id='line_1_42' title="bbox 425 3869 2011 3950; baseline 0.005 -26"><span class='ocrx_word' id='word_1_316' title='bbox 425 3888 566 3940; x_wconf 79' lang='grc' dir='ltr'>μου,</span> <span class='ocrx_word' id='word_1_317' title='bbox 607 3871 803 3937; x_wconf 78' lang='grc' dir='ltr'>Κύριε,</span> <span class='ocrx_word' id='word_1_318' title='bbox 845 3871 914 3923; x_wconf 82' lang='grc' dir='ltr'>ἐν</span> <span class='ocrx_word' id='word_1_319' title='bbox 942 3869 1015 3938; x_wconf 76' lang='grc' dir='ltr'>τῇ</span> <span class='ocrx_word' id='word_1_320' title='bbox 1051 3873 1343 3941; x_wconf 77' lang='grc' dir='ltr'>βασιλείᾳ</span> <span class='ocrx_word' id='word_1_321' title='bbox 1393 3891 1528 3930; x_wconf 87' lang='grc' dir='ltr'>σου.</span> <span class='ocrx_word' id='word_1_322' title='bbox 1587 3879 1699 3930; x_wconf 81' lang='grc' dir='ltr'>Οὐκ</span> <span class='ocrx_word' id='word_1_323' title='bbox 1745 3879 2011 3950; x_wconf 83' lang='grc' dir='ltr'>ἐτόλμησε</span> 
     </span>
    </p>
   </div>
   <div class='ocr_carea' id='block_1_43' title="bbox 431 3953 2013 4029">
    <p class='ocr_par' dir='ltr' id='par_1_43' title="bbox 431 3953 2013 4029">
     <span class='ocr_line' id='line_1_43' title="bbox 431 3953 2013 4029; baseline 0.006 -23"><span class='ocrx_word' id='word_1_324' title='bbox 431 3953 701 4025; x_wconf 86' lang='grc' dir='ltr'>πρότερον</span> <span class='ocrx_word' id='word_1_325' title='bbox 739 3955 936 4018; x_wconf 83' lang='grc' dir='ltr'>εἰπεῖν,</span> <span class='ocrx_word' id='word_1_326' title='bbox 969 3954 1292 4022; x_wconf 82' lang='grc' dir='ltr'>Μνήσθητί</span> <span class='ocrx_word' id='word_1_327' title='bbox 1345 3974 1465 4024; x_wconf 81' lang='grc' dir='ltr'>μου</span> <span class='ocrx_word' id='word_1_328' title='bbox 1511 3958 1582 4011; x_wconf 85' lang='grc' dir='ltr'>ἐν</span> <span class='ocrx_word' id='word_1_329' title='bbox 1621 3958 1697 4026; x_wconf 78' lang='grc' dir='ltr'>τῇ</span> <span class='ocrx_word' id='word_1_330' title='bbox 1722 3961 2013 4029; x_wconf 78' lang='grc' dir='ltr'>,Βασιλείᾳ</span> 
     </span>
    </p>
   </div>
   <div class='ocr_carea' id='block_1_44' title="bbox 431 4038 2014 4112">
    <p class='ocr_par' dir='ltr' id='par_1_44' title="bbox 431 4038 2014 4112">
     <span class='ocr_line' id='line_1_44' title="bbox 431 4038 2014 4112; baseline 0.006 -21"><span class='ocrx_word' id='word_1_331' title='bbox 431 4055 568 4100; x_wconf 76' lang='grc' dir='ltr'>σου,</span> <span class='ocrx_word' id='word_1_332' title='bbox 599 4038 703 4100; x_wconf 77' lang='grc' dir='ltr'>ἕως</span> <span class='ocrx_word' id='word_1_333' title='bbox 739 4038 828 4091; x_wconf 83' lang='grc' dir='ltr'>ὅτε</span> <span class='ocrx_word' id='word_1_334' title='bbox 871 4038 958 4091; x_wconf 82' lang='grc' dir='ltr'>διὰ</span> <span class='ocrx_word' id='word_1_335' title='bbox 996 4041 1095 4110; x_wconf 82' lang='grc' dir='ltr'>τῆς</span> <span class='ocrx_word' id='word_1_336' title='bbox 1143 4039 1582 4112; x_wconf 82' lang='grc' dir='ltr'>ἐξομολογήσεως</span> <span class='ocrx_word' id='word_1_337' title='bbox 1620 4044 1854 4100; x_wconf 79' lang='grc' dir='ltr'>ἀπέθετο</span> <span class='ocrx_word' id='word_1_338' title='bbox 1905 4048 2014 4101; x_wconf 86' lang='grc' dir='ltr'>τῶν</span> 
     </span>
    </p>
   </div>
   <div class='ocr_carea' id='block_1_45' title="bbox 431 4119 1063 4192">
    <p class='ocr_par' dir='ltr' id='par_1_45' title="bbox 431 4119 1063 4192">
     <span class='ocr_line' id='line_1_45' title="bbox 431 4119 1063 4192; baseline 0.005 -18"><span class='ocrx_word' id='word_1_339' title='bbox 431 4122 716 4192; x_wconf 84' lang='grc' dir='ltr'>ἁμαρτιῶν</span> <span class='ocrx_word' id='word_1_340' title='bbox 737 4119 798 4173; x_wconf 88' lang='grc' dir='ltr'>τὸ</span> <span class='ocrx_word' id='word_1_341' title='bbox 823 4122 1063 4192; x_wconf 82' lang='grc' dir='ltr'>φορτίον.</span> 
     </span>
    </p>
   </div>
   <div class='ocr_carea' id='block_1_46' title="bbox 502 4203 2010 4283">
    <p class='ocr_par' dir='ltr' id='par_1_46' title="bbox 502 4203 2010 4283">
     <span class='ocr_line' id='line_1_46' title="bbox 502 4203 2010 4283; baseline 0.009 -28"><span class='ocrx_word' id='word_1_342' title='bbox 502 4203 663 4274; x_wconf 78' lang='grc' dir='ltr'>Ὁρᾷς</span> <span class='ocrx_word' id='word_1_343' title='bbox 691 4205 855 4257; x_wconf 85' lang='grc' dir='ltr'>πόσον</span> <span class='ocrx_word' id='word_1_344' title='bbox 883 4205 1035 4259; x_wconf 68' lang='grc' dir='ltr'>ἐστὶν</span> <span class='ocrx_word' id='word_1_345' title='bbox 1066 4206 1480 4279; x_wconf 82' lang='grc' dir='ltr'>ἑξομολόγησις;</span> <span class='ocrx_word' id='word_1_346' title='bbox 1508 4206 2010 4283; x_wconf 78' lang='grc' dir='ltr'>Ἐξωμολογήσατο.</span> 
     </span>
    </p>
   </div>
   <div class='ocr_carea' id='block_1_47' title="bbox 431 4286 2012 4366">
    <p class='ocr_par' dir='ltr' id='par_1_47' title="bbox 431 4286 2012 4366">
     <span class='ocr_line' id='line_1_47' title="bbox 431 4286 2012 4366; baseline 0.006 -26"><span class='ocrx_word' id='word_1_347' title='bbox 431 4287 646 4340; x_wconf 75' lang='grc' dir='ltr'>καὶτὸν</span> <span class='ocrx_word' id='word_1_348' title='bbox 698 4286 1022 4358; x_wconf 78' lang='grc' dir='ltr'>παράδεισον</span> <span class='ocrx_word' id='word_1_349' title='bbox 1077 4289 1348 4360; x_wconf 77' lang='grc' dir='ltr'>ἠνέῳξέν·</span> <span class='ocrx_word' id='word_1_350' title='bbox 1399 4291 1870 4366; x_wconf 74' lang='grc' dir='ltr'>ἐξωμολογήσατο,</span> <span class='ocrx_word' id='word_1_351' title='bbox 1919 4299 2012 4350; x_wconf 79' lang='grc' dir='ltr'>καὶ</span> 
     </span>
    </p>
   </div>
   <div class='ocr_carea' id='block_1_48' title="bbox 431 4371 2012 4449">
    <p class='ocr_par' dir='ltr' id='par_1_48' title="bbox 431 4371 2012 4449">
     <span class='ocr_line' id='line_1_48' title="bbox 431 4371 2012 4449; baseline 0.008 -27"><span class='ocrx_word' id='word_1_352' title='bbox 431 4371 744 4441; x_wconf 71' lang='grc' dir='ltr'>παρρησίαν</span> <span class='ocrx_word' id='word_1_353' title='bbox 760 4371 919 4425; x_wconf 81' lang='grc' dir='ltr'>ἔλαϐε</span> <span class='ocrx_word' id='word_1_354' title='bbox 945 4371 1232 4443; x_wconf 79' lang='grc' dir='ltr'>τοσαύτην,</span> <span class='ocrx_word' id='word_1_355' title='bbox 1249 4375 1322 4437; x_wconf 86' lang='grc' dir='ltr'>ὼς</span> <span class='ocrx_word' id='word_1_356' title='bbox 1339 4375 1447 4428; x_wconf 86' lang='grc' dir='ltr'>ἀπὸ</span> <span class='ocrx_word' id='word_1_357' title='bbox 1463 4375 1717 4448; x_wconf 82' lang='grc' dir='ltr'>λῃστείας</span> <span class='ocrx_word' id='word_1_358' title='bbox 1736 4377 2012 4449; x_wconf 85' lang='grc' dir='ltr'>βασιλείαν</span> 
     </span>
    </p>
   </div>
   <div class='ocr_carea' id='block_1_49' title="bbox 431 4454 2008 4534">
    <p class='ocr_par' dir='ltr' id='par_1_49' title="bbox 431 4454 2008 4534">
     <span class='ocr_line' id='line_1_49' title="bbox 431 4454 2008 4534; baseline 0.007 -27"><span class='ocrx_word' id='word_1_359' title='bbox 431 4454 670 4523; x_wconf 79' lang='grc' dir='ltr'>αἰτῆσαι.</span> <span class='ocrx_word' id='word_1_360' title='bbox 691 4455 850 4526; x_wconf 76' lang='grc' dir='ltr'>Ὁρᾷς</span> <span class='ocrx_word' id='word_1_361' title='bbox 868 4456 1050 4509; x_wconf 87' lang='grc' dir='ltr'>πόσων</span> <span class='ocrx_word' id='word_1_362' title='bbox 1095 4457 1317 4526; x_wconf 81' lang='grc' dir='ltr'>ἀγαθῶν</span> <span class='ocrx_word' id='word_1_363' title='bbox 1348 4461 1482 4528; x_wconf 76' lang='grc' dir='ltr'>ἡμῖν</span> <span class='ocrx_word' id='word_1_364' title='bbox 1500 4459 1672 4524; x_wconf 81' lang='grc' dir='ltr'>αἴτιος</span> <span class='ocrx_word' id='word_1_365' title='bbox 1695 4463 1723 4515; x_wconf 93' lang='lat'>6</span> <span class='ocrx_word' id='word_1_366' title='bbox 1744 4465 1971 4534; x_wconf 86' lang='grc' dir='ltr'>σταυρός</span> <span class='ocrx_word' id='word_1_367' title='bbox 1993 4483 2008 4532; x_wconf 90' lang='grc'>;</span> 
     </span>
    </p>
   </div>
   <div class='ocr_carea' id='block_1_50' title="bbox 431 4537 2007 4618">
    <p class='ocr_par' dir='ltr' id='par_1_50' title="bbox 431 4537 2007 4618">
     <span class='ocr_line' id='line_1_50' title="bbox 431 4537 2007 4618; baseline 0.008 -29"><span class='ocrx_word' id='word_1_368' title='bbox 431 4537 717 4618; x_wconf 59' lang='grc' dir='ltr'>βασιλείας</span> <span class='ocrx_word' id='word_1_369' title='bbox 756 4539 1058 4608; x_wconf 85' lang='grc' dir='ltr'>μέμνησαι;</span> <span class='ocrx_word' id='word_1_370' title='bbox 1085 4541 1150 4593; x_wconf 91' lang='grc' dir='ltr'>Τί</span> <span class='ocrx_word' id='word_1_371' title='bbox 1180 4543 1288 4612; x_wconf 85' lang='grc' dir='ltr'>γὰρ</span> <span class='ocrx_word' id='word_1_372' title='bbox 1309 4543 1441 4613; x_wconf 83' lang='grc' dir='ltr'>ὁρᾷς</span> <span class='ocrx_word' id='word_1_373' title='bbox 1469 4544 1865 4606; x_wconf 86' lang='grc' dir='ltr'>τοιοῦτον,είπέ</span> <span class='ocrx_word' id='word_1_374' title='bbox 1886 4567 2007 4618; x_wconf 90' lang='grc' dir='ltr'>μοι;</span> 
     </span>
    </p>
   </div>
   <div class='ocr_carea' id='block_1_51' title="bbox 432 4611 2012 4695">
    <p class='ocr_par' dir='ltr' id='par_1_51' title="bbox 432 4611 2012 4695">
     <span class='ocr_line' id='line_1_51' title="bbox 432 4611 2012 4695; baseline 0.009 -23"><span class='ocrx_word' id='word_1_375' title='bbox 432 4611 594 4674; x_wconf 81' lang='grc' dir='ltr'>Ἧλοι</span> <span class='ocrx_word' id='word_1_376' title='bbox 637 4621 731 4672; x_wconf 67' lang='grc' dir='ltr'>καὶ</span> <span class='ocrx_word' id='word_1_377' title='bbox 765 4622 996 4693; x_wconf 79' lang='grc' dir='ltr'>σταυρὸς</span> <span class='ocrx_word' id='word_1_378' title='bbox 1036 4623 1105 4676; x_wconf 76' lang='grc' dir='ltr'>τά</span> <span class='ocrx_word' id='word_1_379' title='bbox 1135 4611 1415 4695; x_wconf 81' lang='grc' dir='ltr'>ὁρώμενα·</span> <span class='ocrx_word' id='word_1_380' title='bbox 1453 4626 1566 4680; x_wconf 86' lang='grc' dir='ltr'>ἀλλ’</span> <span class='ocrx_word' id='word_1_381' title='bbox 1597 4629 1759 4692; x_wconf 89' lang='grc' dir='ltr'>αὑτὸς</span> <span class='ocrx_word' id='word_1_382' title='bbox 1803 4611 1955 4693; x_wconf 76' lang='grc' dir='ltr'>οὗτος</span> 
     </span>
    </p>
   </div>
   <div class='ocr_carea' id='block_1_52' title="bbox 439 4705 2012 4778">
    <p class='ocr_par' dir='ltr' id='par_1_52' title="bbox 439 4705 2012 4778">
     <span class='ocr_line' id='line_1_52' title="bbox 439 4705 2012 4778; baseline 0.008 -22"><span class='ocrx_word' id='word_1_383' title='bbox 439 4705 694 4773; x_wconf 77' lang='grc' dir='ltr'>σταυρὸς,</span> <span class='ocrx_word' id='word_1_384' title='bbox 724 4706 987 4774; x_wconf 73' lang='grc' dir='ltr'>φησὶ,τῆς</span> <span class='ocrx_word' id='word_1_385' title='bbox 1006 4706 1281 4776; x_wconf 79' lang='grc' dir='ltr'>βασιλείας</span> <span class='ocrx_word' id='word_1_386' title='bbox 1306 4709 1420 4760; x_wconf 68' lang='grc' dir='ltr'>ἐστὶ</span> <span class='ocrx_word' id='word_1_387' title='bbox 1440 4710 1724 4778; x_wconf 83' lang='grc' dir='ltr'>σύμϐολον.</span> <span class='ocrx_word' id='word_1_388' title='bbox 1741 4712 1839 4767; x_wconf 83' lang='grc' dir='ltr'>Διά</span> <span class='ocrx_word' id='word_1_389' title='bbox 1854 4715 2012 4768; x_wconf 86' lang='grc' dir='ltr'>τοῦτο</span> 
     </span>
    </p>
   </div>
   <div class='ocr_carea' id='block_1_53' title="bbox 435 4784 2008 4862">
    <p class='ocr_par' dir='ltr' id='par_1_53' title="bbox 435 4784 2008 4862">
     <span class='ocr_line' id='line_1_53' title="bbox 435 4784 2008 4862; baseline 0.007 -23"><span class='ocrx_word' id='word_1_390' title='bbox 435 4784 494 4839; x_wconf 69' lang='grc' dir='ltr'>δὶ</span> <span class='ocrx_word' id='word_1_391' title='bbox 525 4787 685 4840; x_wconf 84' lang='grc' dir='ltr'>αὑτὸν</span> <span class='ocrx_word' id='word_1_392' title='bbox 719 4787 943 4856; x_wconf 83' lang='grc' dir='ltr'>βασιλέα</span> <span class='ocrx_word' id='word_1_393' title='bbox 996 4790 1165 4853; x_wconf 83' lang='grc' dir='ltr'>καλῶ,</span> <span class='ocrx_word' id='word_1_394' title='bbox 1201 4791 1387 4862; x_wconf 81' lang='grc' dir='ltr'>ἐπειδὴ</span> <span class='ocrx_word' id='word_1_395' title='bbox 1432 4791 1613 4860; x_wconf 83' lang='grc' dir='ltr'>βλέπω</span> <span class='ocrx_word' id='word_1_396' title='bbox 1647 4795 1812 4850; x_wconf 84' lang='grc' dir='ltr'>αὑτὸν</span> <span class='ocrx_word' id='word_1_397' title='bbox 1843 4815 2008 4852; x_wconf 88' lang='grc' dir='ltr'>σταυ-</span> 
     </span>
    </p>
   </div>
   <div class='ocr_carea' id='block_1_54' title="bbox 393 4867 2010 4952">
    <p class='ocr_par' dir='ltr' id='par_1_54' title="bbox 393 4867 2010 4952">
     <span class='ocr_line' id='line_1_54' title="bbox 393 4867 2010 4952; baseline 0.01 -33"><span class='ocrx_word' id='word_1_398' title='bbox 393 4867 718 4942; x_wconf 62' lang='grc' dir='ltr'>,μύμενοψ</span> <span class='ocrx_word' id='word_1_399' title='bbox 758 4870 1019 4939; x_wconf 77' lang='grc' dir='ltr'>βασιλέως</span> <span class='ocrx_word' id='word_1_400' title='bbox 1070 4873 1177 4943; x_wconf 88' lang='grc' dir='ltr'>γάρ</span> <span class='ocrx_word' id='word_1_401' title='bbox 1209 4875 1323 4925; x_wconf 82' lang='grc' dir='ltr'>ἐστι</span> <span class='ocrx_word' id='word_1_402' title='bbox 1365 4874 1426 4940; x_wconf 83' lang='grc' dir='ltr'>τὸ</span> <span class='ocrx_word' id='word_1_403' title='bbox 1451 4875 1592 4945; x_wconf 77' lang='grc' dir='ltr'>ὑπὲρ</span> <span class='ocrx_word' id='word_1_404' title='bbox 1633 4878 1739 4930; x_wconf 83' lang='grc' dir='ltr'>τῶν</span> <span class='ocrx_word' id='word_1_405' title='bbox 1778 4879 2010 4952; x_wconf 82' lang='grc' dir='ltr'>ἀρχομέ-</span> 
     </span>
    </p>
   </div>
   <div class='ocr_carea' id='block_1_55' title="bbox 428 4952 2011 5032">
    <p class='ocr_par' dir='ltr' id='par_1_55' title="bbox 428 4952 2011 5032">
     <span class='ocr_line' id='line_1_55' title="bbox 428 4952 2011 5032; baseline 0.002 -23"><span class='ocrx_word' id='word_1_406' title='bbox 428 4969 543 5008; x_wconf 80' lang='grc' dir='ltr'>νων</span> <span class='ocrx_word' id='word_1_407' title='bbox 568 4952 951 5024; x_wconf 82' lang='grc' dir='ltr'>ἀποθνήσκειν.</span> <span class='ocrx_word' id='word_1_408' title='bbox 992 4955 1163 5019; x_wconf 79' lang='grc' dir='ltr'>Αὑτὸς</span> <span class='ocrx_word' id='word_1_409' title='bbox 1183 4955 1249 5008; x_wconf 84' lang='grc' dir='ltr'>δι’</span> <span class='ocrx_word' id='word_1_410' title='bbox 1272 4957 1464 5011; x_wconf 87' lang='grc' dir='ltr'>ἑαυτοῦ</span> <span class='ocrx_word' id='word_1_411' title='bbox 1492 4955 1662 5013; x_wconf 84' lang='grc' dir='ltr'>εἶπεν·</span> <span class='ocrx_word' id='word_1_412' title='bbox 1703 4961 1756 5013; x_wconf 90' lang='lat'>&#39;0</span> <span class='ocrx_word' id='word_1_413' title='bbox 1783 4965 2011 5032; x_wconf 74' lang='grc' dir='ltr'>ποιμὴν</span> 
     </span>
    </p>
   </div>
   <div class='ocr_carea' id='block_1_56' title="bbox 431 5037 2011 5114">
    <p class='ocr_par' dir='ltr' id='par_1_56' title="bbox 431 5037 2011 5114">
     <span class='ocr_line' id='line_1_56' title="bbox 431 5037 2011 5114; baseline 0.006 -22"><span class='ocrx_word' id='word_1_414' title='bbox 431 5040 468 5092; x_wconf 83' lang='grc' dir='ltr'>ό</span> <span class='ocrx_word' id='word_1_415' title='bbox 499 5040 686 5102; x_wconf 77' lang='grc' dir='ltr'>καλὸς</span> <span class='ocrx_word' id='word_1_416' title='bbox 704 5037 820 5104; x_wconf 78' lang='grc' dir='ltr'>τὴν</span> <span class='ocrx_word' id='word_1_417' title='bbox 842 5041 1054 5106; x_wconf 66' lang='grc' dir='ltr'>ψυχὴν</span> <span class='ocrx_word' id='word_1_418' title='bbox 1079 5039 1265 5093; x_wconf 86' lang='grc' dir='ltr'>αὑτοῦ</span> <span class='ocrx_word' id='word_1_419' title='bbox 1293 5041 1533 5107; x_wconf 81' lang='grc' dir='ltr'>τίθησιν</span> <span class='ocrx_word' id='word_1_420' title='bbox 1545 5043 1698 5109; x_wconf 82' lang='grc' dir='ltr'>ὑπὲρ</span> <span class='ocrx_word' id='word_1_421' title='bbox 1727 5043 1844 5098; x_wconf 84' lang='grc' dir='ltr'>τῶν</span> <span class='ocrx_word' id='word_1_422' title='bbox 1868 5061 2011 5114; x_wconf 84' lang='grc' dir='ltr'>προ-</span> 
     </span>
    </p>
   </div>
   <div class='ocr_carea' id='block_1_57' title="bbox 433 5123 2011 5200">
    <p class='ocr_par' dir='ltr' id='par_1_57' title="bbox 433 5123 2011 5200">
     <span class='ocr_line' id='line_1_57' title="bbox 433 5123 2011 5200; baseline 0.004 -24"><span class='ocrx_word' id='word_1_423' title='bbox 433 5123 642 5177; x_wconf 73' lang='grc' dir='ltr'>ϐάτων.</span> <span class='ocrx_word' id='word_1_424' title='bbox 684 5123 892 5175; x_wconf 78' lang='grc' dir='ltr'>Οὐκοῦν</span> <span class='ocrx_word' id='word_1_425' title='bbox 950 5124 1042 5176; x_wconf 76' lang='grc' dir='ltr'>καὶ</span> <span class='ocrx_word' id='word_1_426' title='bbox 1083 5125 1110 5176; x_wconf 92' lang='grc' dir='ltr'>ὀ</span> <span class='ocrx_word' id='word_1_427' title='bbox 1145 5123 1394 5192; x_wconf 80' lang='grc' dir='ltr'>βασιλεὺς</span> <span class='ocrx_word' id='word_1_428' title='bbox 1431 5127 1458 5178; x_wconf 91' lang='grc' dir='ltr'>ὀ</span> <span class='ocrx_word' id='word_1_429' title='bbox 1505 5125 1668 5190; x_wconf 89' lang='grc' dir='ltr'>καλὸς</span> <span class='ocrx_word' id='word_1_430' title='bbox 1708 5128 1804 5198; x_wconf 82' lang='grc' dir='ltr'>τὴν</span> <span class='ocrx_word' id='word_1_431' title='bbox 1832 5129 2011 5200; x_wconf 67' lang='grc' dir='ltr'>ψυχὴν</span> 
     </span>
    </p>
   </div>
   <div class='ocr_carea' id='block_1_58' title="bbox 430 5205 2010 5285">
    <p class='ocr_par' dir='ltr' id='par_1_58' title="bbox 430 5205 2010 5285">
     <span class='ocr_line' id='line_1_58' title="bbox 430 5205 2010 5285; baseline 0.004 -26"><span class='ocrx_word' id='word_1_432' title='bbox 430 5205 596 5262; x_wconf 82' lang='grc' dir='ltr'>αὑτοῦ</span> <span class='ocrx_word' id='word_1_433' title='bbox 635 5206 847 5274; x_wconf 83' lang='grc' dir='ltr'>τίθησιν</span> <span class='ocrx_word' id='word_1_434' title='bbox 875 5207 1015 5275; x_wconf 78' lang='grc' dir='ltr'>ὑπὲρ</span> <span class='ocrx_word' id='word_1_435' title='bbox 1056 5205 1184 5275; x_wconf 7' lang='grc' dir='ltr'>τῶν,</span> <span class='ocrx_word' id='word_1_436' title='bbox 1214 5208 1550 5279; x_wconf 80' lang='grc' dir='ltr'>ἀρχομένων.</span> <span class='ocrx_word' id='word_1_437' title='bbox 1598 5210 1746 5263; x_wconf 79' lang='grc' dir='ltr'>Ἐπεὶ</span> <span class='ocrx_word' id='word_1_438' title='bbox 1779 5208 1870 5264; x_wconf 78' lang='grc' dir='ltr'>οὖν</span> <span class='ocrx_word' id='word_1_439' title='bbox 1909 5215 2010 5285; x_wconf 79' lang='grc' dir='ltr'>τὴν</span> 
     </span>
    </p>
   </div>
   <div class='ocr_carea' id='block_1_59' title="bbox 429 5288 2004 5361">
    <p class='ocr_par' dir='ltr' id='par_1_59' title="bbox 429 5288 2004 5361">
     <span class='ocr_line' id='line_1_59' title="bbox 429 5288 2004 5361; baseline 0.004 -20"><span class='ocrx_word' id='word_1_440' title='bbox 429 5291 606 5360; x_wconf 64' lang='grc' dir='ltr'>ψυχὴν</span> <span class='ocrx_word' id='word_1_441' title='bbox 632 5288 805 5344; x_wconf 76' lang='grc' dir='ltr'>αὑτοῦ·</span> <span class='ocrx_word' id='word_1_442' title='bbox 831 5288 1047 5359; x_wconf 80' lang='grc' dir='ltr'>ἔθηκεν,</span> <span class='ocrx_word' id='word_1_443' title='bbox 1093 5289 1179 5342; x_wconf 85' lang='grc' dir='ltr'>διὰ</span> <span class='ocrx_word' id='word_1_444' title='bbox 1207 5291 1367 5342; x_wconf 87' lang='grc' dir='ltr'>τοῦτο</span> <span class='ocrx_word' id='word_1_445' title='bbox 1394 5291 1555 5344; x_wconf 88' lang='grc' dir='ltr'>αὑτὸν</span> <span class='ocrx_word' id='word_1_446' title='bbox 1579 5291 1803 5361; x_wconf 83' lang='grc' dir='ltr'>βασιλέα</span> <span class='ocrx_word' id='word_1_447' title='bbox 1833 5296 2004 5347; x_wconf 79' lang='grc' dir='ltr'>καλῶ.</span> 
     </span>
    </p>
   </div>
   <div class='ocr_carea' id='block_1_60' title="bbox 428 5373 1794 5440">
    <p class='ocr_par' dir='ltr' id='par_1_60' title="bbox 428 5373 1794 5440">
     <span class='ocr_line' id='line_1_60' title="bbox 428 5373 1794 5440; baseline 0.003 -16"><span class='ocrx_word' id='word_1_448' title='bbox 428 5374 742 5440; x_wconf 76' lang='grc' dir='ltr'>Μνήσθητί</span> <span class='ocrx_word' id='word_1_449' title='bbox 767 5389 905 5439; x_wconf 77' lang='grc' dir='ltr'>μου,</span> <span class='ocrx_word' id='word_1_450' title='bbox 939 5374 1134 5438; x_wconf 75' lang='grc' dir='ltr'>Κύριε,</span> <span class='ocrx_word' id='word_1_451' title='bbox 1157 5373 1226 5426; x_wconf 85' lang='grc' dir='ltr'>ἐν</span> <span class='ocrx_word' id='word_1_452' title='bbox 1247 5373 1322 5440; x_wconf 76' lang='grc' dir='ltr'>τῇ</span> <span class='ocrx_word' id='word_1_453' title='bbox 1338 5375 1628 5440; x_wconf 71' lang='grc' dir='ltr'>,βασι-λείᾳ</span> <span class='ocrx_word' id='word_1_454' title='bbox 1658 5392 1794 5428; x_wconf 80' lang='grc' dir='ltr'>σου.</span> 
     </span>
    </p>
   </div>
   <div class='ocr_carea' id='block_1_61' title="bbox 497 5452 2003 5530">
    <p class='ocr_par' dir='ltr' id='par_1_61' title="bbox 497 5452 2003 5530">
     <span class='ocr_line' id='line_1_61' title="bbox 497 5452 2003 5530; baseline 0.002 -21"><span class='ocrx_word' id='word_1_455' title='bbox 497 5456 560 5509; x_wconf 85' lang='grc' dir='ltr'>δ’.</span> <span class='ocrx_word' id='word_1_456' title='bbox 597 5452 750 5519; x_wconf 76' lang='grc' dir='ltr'>Εἶδες</span> <span class='ocrx_word' id='word_1_457' title='bbox 791 5455 906 5518; x_wconf 80' lang='grc' dir='ltr'>πῶς</span> <span class='ocrx_word' id='word_1_458' title='bbox 945 5455 1038 5508; x_wconf 76' lang='grc' dir='ltr'>καὶ</span> <span class='ocrx_word' id='word_1_459' title='bbox 1078 5455 1350 5524; x_wconf 89' lang='grc' dir='ltr'>βασιλείας</span> <span class='ocrx_word' id='word_1_460' title='bbox 1387 5460 1414 5510; x_wconf 90' lang='grc' dir='ltr'>ὁ</span> <span class='ocrx_word' id='word_1_461' title='bbox 1443 5458 1672 5529; x_wconf 86' lang='grc' dir='ltr'>σταυρὸς</span> <span class='ocrx_word' id='word_1_462' title='bbox 1707 5459 2003 5530; x_wconf 87' lang='grc' dir='ltr'>σύμϐολον;</span> 
     </span>
    </p>
   </div>
   <div class='ocr_carea' id='block_1_62' title="bbox 430 5538 2007 5611">
    <p class='ocr_par' dir='ltr' id='par_1_62' title="bbox 430 5538 2007 5611">
     <span class='ocr_line' id='line_1_62' title="bbox 430 5538 2007 5611; baseline 0.006 -21"><span class='ocrx_word' id='word_1_463' title='bbox 430 5540 603 5610; x_wconf 74' lang='grc' dir='ltr'>ῐιουλῃ</span> <span class='ocrx_word' id='word_1_464' title='bbox 631 5540 723 5592; x_wconf 76' lang='grc' dir='ltr'>καὶ</span> <span class='ocrx_word' id='word_1_465' title='bbox 751 5538 1013 5611; x_wconf 77' lang='grc' dir='ltr'>ἑτέρωθεν</span> <span class='ocrx_word' id='word_1_466' title='bbox 1036 5539 1192 5592; x_wconf 86' lang='grc' dir='ltr'>τοῦτο</span> <span class='ocrx_word' id='word_1_467' title='bbox 1225 5540 1447 5606; x_wconf 85' lang='grc' dir='ltr'>μαθείν;</span> <span class='ocrx_word' id='word_1_468' title='bbox 1477 5543 1590 5594; x_wconf 89' lang='grc' dir='ltr'>Οὑκ</span> <span class='ocrx_word' id='word_1_469' title='bbox 1612 5542 1822 5611; x_wconf 75' lang='grc' dir='ltr'>ἀφῆκεν</span> <span class='ocrx_word' id='word_1_470' title='bbox 1845 5545 2007 5599; x_wconf 84' lang='grc' dir='ltr'>αὑτὸν</span> 
     </span>
    </p>
   </div>
   <div class='ocr_carea' id='block_1_63' title="bbox 429 5613 2007 5691">
    <p class='ocr_par' dir='ltr' id='par_1_63' title="bbox 429 5613 2007 5691">
     <span class='ocr_line' id='line_1_63' title="bbox 429 5613 2007 5691; baseline 0.004 -16"><span class='ocrx_word' id='word_1_471' title='bbox 429 5617 568 5675; x_wconf 78' lang='grc' dir='ltr'>εἶναι</span> <span class='ocrx_word' id='word_1_472' title='bbox 603 5623 696 5675; x_wconf 75' lang='grc' dir='ltr'>ἐπὶ</span> <span class='ocrx_word' id='word_1_473' title='bbox 720 5623 818 5691; x_wconf 84' lang='grc' dir='ltr'>τῆς</span> <span class='ocrx_word' id='word_1_474' title='bbox 847 5623 968 5690; x_wconf 81' lang='grc' dir='ltr'>γῆς,</span> <span class='ocrx_word' id='word_1_475' title='bbox 995 5621 1107 5674; x_wconf 80' lang='grc' dir='ltr'>ἀλλ’</span> <span class='ocrx_word' id='word_1_476' title='bbox 1130 5621 1433 5677; x_wconf 87' lang='grc' dir='ltr'>ἀνέσπασεν</span> <span class='ocrx_word' id='word_1_477' title='bbox 1467 5626 1646 5683; x_wconf 83' lang='grc' dir='ltr'>αὑτὸν,</span> <span class='ocrx_word' id='word_1_478' title='bbox 1681 5613 1773 5678; x_wconf 73' lang='grc' dir='ltr'>καὶ</span> <span class='ocrx_word' id='word_1_479' title='bbox 1806 5629 1884 5689; x_wconf 88' lang='grc' dir='ltr'>εἰς</span> <span class='ocrx_word' id='word_1_480' title='bbox 1916 5630 2007 5682; x_wconf 88' lang='grc' dir='ltr'>τὸν</span> 
     </span>
    </p>
   </div>
   <div class='ocr_carea' id='block_1_64' title="bbox 431 5704 2004 5781">
    <p class='ocr_par' dir='ltr' id='par_1_64' title="bbox 431 5704 2004 5781">
     <span class='ocr_line' id='line_1_64' title="bbox 431 5704 2004 5781; baseline 0.006 -26"><span class='ocrx_word' id='word_1_481' title='bbox 431 5704 656 5772; x_wconf 72' lang='grc' dir='ltr'>οὐρανὸν</span> <span class='ocrx_word' id='word_1_482' title='bbox 699 5707 961 5775; x_wconf 83' lang='grc' dir='ltr'>ἀνήγαγε.</span> <span class='ocrx_word' id='word_1_483' title='bbox 1009 5704 1178 5757; x_wconf 86' lang='grc' dir='ltr'>Πόθεν</span> <span class='ocrx_word' id='word_1_484' title='bbox 1218 5705 1376 5759; x_wconf 88' lang='grc' dir='ltr'>τοῦτο</span> <span class='ocrx_word' id='word_1_485' title='bbox 1408 5707 1598 5776; x_wconf 81' lang='grc' dir='ltr'>δῆλον;</span> <span class='ocrx_word' id='word_1_486' title='bbox 1627 5711 1845 5780; x_wconf 82' lang='grc' dir='ltr'>Ἐπειδὴ</span> <span class='ocrx_word' id='word_1_487' title='bbox 1887 5715 2004 5781; x_wconf 87' lang='grc' dir='ltr'>μετ’</span> 
     </span>
    </p>
   </div>
   <div class='ocr_carea' id='block_1_65' title="bbox 433 5787 2006 5865">
    <p class='ocr_par' dir='ltr' id='par_1_65' title="bbox 433 5787 2006 5865">
     <span class='ocr_line' id='line_1_65' title="bbox 433 5787 2006 5865; baseline 0.01 -30"><span class='ocrx_word' id='word_1_488' title='bbox 433 5787 596 5837; x_wconf 74' lang='grc' dir='ltr'>αὑτοῦ</span> <span class='ocrx_word' id='word_1_489' title='bbox 621 5789 801 5856; x_wconf 72' lang='grc' dir='ltr'>μέλλει</span> <span class='ocrx_word' id='word_1_490' title='bbox 834 5787 1083 5858; x_wconf 75' lang='grc' dir='ltr'>ἔρχεσθαι</span> <span class='ocrx_word' id='word_1_491' title='bbox 1107 5791 1164 5840; x_wconf 84' lang='grc' dir='ltr'>ὲν</span> <span class='ocrx_word' id='word_1_492' title='bbox 1203 5793 1268 5859; x_wconf 82' lang='grc' dir='ltr'>τῇ</span> <span class='ocrx_word' id='word_1_493' title='bbox 1298 5791 1528 5863; x_wconf 71' lang='grc' dir='ltr'>δευτέρα</span> <span class='ocrx_word' id='word_1_494' title='bbox 1562 5796 1655 5847; x_wconf 73' lang='grc' dir='ltr'>καὶ</span> <span class='ocrx_word' id='word_1_495' title='bbox 1686 5795 1876 5865; x_wconf 81' lang='grc' dir='ltr'>ἐνδόξῳ</span> <span class='ocrx_word' id='word_1_496' title='bbox 1911 5800 2006 5850; x_wconf 88' lang='grc' dir='ltr'>αὑ-</span> 
     </span>
    </p>
   </div>
   <div class='ocr_carea' id='block_1_66' title="bbox 431 5865 1999 5948">
    <p class='ocr_par' dir='ltr' id='par_1_66' title="bbox 431 5865 1999 5948">
     <span class='ocr_line' id='line_1_66' title="bbox 431 5865 1999 5948; baseline 0.011 -32"><span class='ocrx_word' id='word_1_497' title='bbox 431 5865 528 5916; x_wconf 78' lang='grc' dir='ltr'>τοῦ</span> <span class='ocrx_word' id='word_1_498' title='bbox 572 5870 874 5938; x_wconf 58' lang='grc' dir='ltr'>παρουσία,</span> <span class='ocrx_word' id='word_1_499' title='bbox 924 5871 1013 5922; x_wconf 81' lang='grc' dir='ltr'>ἵνα</span> <span class='ocrx_word' id='word_1_500' title='bbox 1064 5871 1240 5940; x_wconf 87' lang='grc' dir='ltr'>μάθῃς</span> <span class='ocrx_word' id='word_1_501' title='bbox 1291 5876 1406 5937; x_wconf 81' lang='grc' dir='ltr'>πῶς</span> <span class='ocrx_word' id='word_1_502' title='bbox 1454 5878 1646 5945; x_wconf 87' lang='grc' dir='ltr'>σεμνὸν</span> <span class='ocrx_word' id='word_1_503' title='bbox 1699 5880 1927 5948; x_wconf 76' lang='grc' dir='ltr'>πρᾶγμα</span> <span class='ocrx_word' id='word_1_504' title='bbox 1972 5884 1999 5935; x_wconf 89' lang='lat'>6</span> 
     </span>
    </p>
   </div>
   <div class='ocr_carea' id='block_1_67' title="bbox 439 5949 1996 6016">
    <p class='ocr_par' dir='ltr' id='par_1_67' title="bbox 439 5949 1996 6016">
     <span class='ocr_line' id='line_1_67' title="bbox 439 5949 1996 6016; baseline 0.012 -19"><span class='ocrx_word' id='word_1_505' title='bbox 439 5949 688 6016; x_wconf 75' lang='grc' dir='ltr'>σταυρὸς,</span> <span class='ocrx_word' id='word_1_506' title='bbox 734 5952 814 6002; x_wconf 71' lang='grc' dir='ltr'>διὸ</span> <span class='ocrx_word' id='word_1_507' title='bbox 862 5951 1140 6016; x_wconf 70' lang='grc' dir='ltr'>καὶδόξαν</span> <span class='ocrx_word' id='word_1_508' title='bbox 1184 5955 1343 6010; x_wconf 82' lang='grc' dir='ltr'>αὑτὸν</span> <span class='ocrx_word' id='word_1_509' title='bbox 1383 5958 1657 6012; x_wconf 73' lang='grc' dir='ltr'>ἐκάλεσεν.</span> <span class='ocrx_word' id='word_1_510' title='bbox 1709 5962 1843 6012; x_wconf 81' lang='grc' dir='ltr'>Ἀλλ’</span> <span class='ocrx_word' id='word_1_511' title='bbox 1877 5963 1996 6015; x_wconf 69' lang='grc' dir='ltr'>ἴδω-</span> 
     </span>
    </p>
   </div>
   <div class='ocr_carea' id='block_1_68' title="bbox 1136 415 2987 474">
    <p class='ocr_par' dir='ltr' id='par_1_68' title="bbox 1136 415 2987 474">
     <span class='ocr_line' id='line_1_68' title="bbox 1136 415 2987 474; baseline 0.002 -4"><span class='ocrx_word' id='word_1_512' title='bbox 1136 415 1192 471; x_wconf 90' lang='lat' dir='ltr'>S.</span> <span class='ocrx_word' id='word_1_513' title='bbox 1231 417 1516 473; x_wconf 74' lang='lat' dir='ltr'>JOAN’NIS</span> <span class='ocrx_word' id='word_1_514' title='bbox 1551 415 2037 473; x_wconf 71' lang='lat' dir='ltr'>CIIRYSOSTOMI</span> <span class='ocrx_word' id='word_1_515' title='bbox 2077 415 2396 473; x_wconf 78' lang='lat' dir='ltr'>ARCHIEP.</span> <span class='ocrx_word' id='word_1_516' title='bbox 2441 417 2987 474; x_wconf 74' lang='lat' dir='ltr'>CONSTANTINOP.</span> 
     </span>
    </p>
   </div>
   <div class='ocr_carea' id='block_1_69' title="bbox 3571 422 3671 475">
    <p class='ocr_par' dir='ltr' id='par_1_69' title="bbox 3571 422 3671 475">
     <span class='ocr_line' id='line_1_69' title="bbox 3571 422 3671 475; baseline 0.07 -7"><span class='ocrx_word' id='word_1_517' title='bbox 3571 422 3671 475; x_wconf 67' lang='grc'>404</span> 
     </span>
    </p>
   </div>
   <div class='ocr_carea' id='block_1_70' title="bbox 2108 535 3675 609">
    <p class='ocr_par' dir='ltr' id='par_1_70' title="bbox 2108 535 3675 609">
     <span class='ocr_line' id='line_1_70' title="bbox 2108 535 3675 609; baseline 0.001 -21"><span class='ocrx_word' id='word_1_518' title='bbox 2108 551 2210 605; x_wconf 88' lang='grc' dir='ltr'>μεν</span> <span class='ocrx_word' id='word_1_519' title='bbox 2246 535 2360 598; x_wconf 83' lang='grc' dir='ltr'>πῶς</span> <span class='ocrx_word' id='word_1_520' title='bbox 2394 535 2531 605; x_wconf 81' lang='grc' dir='ltr'>μετὰ</span> <span class='ocrx_word' id='word_1_521' title='bbox 2569 537 2661 590; x_wconf 87' lang='grc' dir='ltr'>τοῦ</span> <span class='ocrx_word' id='word_1_522' title='bbox 2697 536 2936 606; x_wconf 74' lang='grc' dir='ltr'>σταυροῦ</span> <span class='ocrx_word' id='word_1_523' title='bbox 2967 536 3202 606; x_wconf 77' lang='grc' dir='ltr'>ἔρχεται·</span> <span class='ocrx_word' id='word_1_524' title='bbox 3245 537 3535 602; x_wconf 85' lang='grc' dir='ltr'>ἀναγκαῖον</span> <span class='ocrx_word' id='word_1_525' title='bbox 3568 541 3675 609; x_wconf 74' lang='grc' dir='ltr'>γάρ</span> 
     </span>
    </p>
   </div>
   <div class='ocr_carea' id='block_1_71' title="bbox 2103 619 3672 690">
    <p class='ocr_par' dir='ltr' id='par_1_71' title="bbox 2103 619 3672 690">
     <span class='ocr_line' id='line_1_71' title="bbox 2103 619 3672 690; baseline 0.001 -21"><span class='ocrx_word' id='word_1_526' title='bbox 2103 620 2466 688; x_wconf 81' lang='grc' dir='ltr'>ἐπαναγαγεῖν</span> <span class='ocrx_word' id='word_1_527' title='bbox 2509 619 2605 690; x_wconf 87' lang='grc' dir='ltr'>τὴν</span> <span class='ocrx_word' id='word_1_528' title='bbox 2648 619 2940 683; x_wconf 83' lang='grc' dir='ltr'>ἀπόδειξιν.</span> <span class='ocrx_word' id='word_1_529' title='bbox 2999 620 3132 672; x_wconf 79' lang='grc' dir='ltr'>Ἐὰν</span> <span class='ocrx_word' id='word_1_530' title='bbox 3172 621 3419 681; x_wconf 79' lang='grc' dir='ltr'>εἴπωσι,</span> <span class='ocrx_word' id='word_1_531' title='bbox 3470 621 3632 690; x_wconf 66' lang='grc' dir='ltr'>φησιν</span> <span class='ocrx_word' id='word_1_532' title='bbox 3659 663 3672 678; x_wconf 87' lang='grc'>,</span> 
     </span>
    </p>
   </div>
   <div class='ocr_carea' id='block_1_72' title="bbox 2102 703 3676 774">
    <p class='ocr_par' dir='ltr' id='par_1_72' title="bbox 2102 703 3676 774">
     <span class='ocr_line' id='line_1_72' title="bbox 2102 703 3676 774; baseline 0 -18"><span class='ocrx_word' id='word_1_533' title='bbox 2102 703 2234 756; x_wconf 73' lang='grc' dir='ltr'>ἰδοὺ</span> <span class='ocrx_word' id='word_1_534' title='bbox 2257 704 2328 756; x_wconf 90' lang='grc' dir='ltr'>ὲν</span> <span class='ocrx_word' id='word_1_535' title='bbox 2356 704 2484 772; x_wconf 64' lang='grc' dir='ltr'>τοῖς</span> <span class='ocrx_word' id='word_1_536' title='bbox 2517 707 2778 774; x_wconf 77' lang='grc' dir='ltr'>ταμείοις</span> <span class='ocrx_word' id='word_1_537' title='bbox 2803 703 2971 757; x_wconf 83' lang='grc' dir='ltr'>ἐστὶν</span> <span class='ocrx_word' id='word_1_538' title='bbox 2998 707 3031 756; x_wconf 90' lang='grc' dir='ltr'>ό</span> <span class='ocrx_word' id='word_1_539' title='bbox 3063 703 3335 770; x_wconf 76' lang='grc' dir='ltr'>Χριστὸς,</span> <span class='ocrx_word' id='word_1_540' title='bbox 3366 703 3491 757; x_wconf 81' lang='grc' dir='ltr'>ἰδοὺ</span> <span class='ocrx_word' id='word_1_541' title='bbox 3511 705 3578 756; x_wconf 82' lang='grc' dir='ltr'>ἐν</span> <span class='ocrx_word' id='word_1_542' title='bbox 3601 704 3676 770; x_wconf 78' lang='grc' dir='ltr'>τῇ</span> 
     </span>
    </p>
   </div>
   <div class='ocr_carea' id='block_1_73' title="bbox 2102 782 3676 852">
    <p class='ocr_par' dir='ltr' id='par_1_73' title="bbox 2102 782 3676 852">
     <span class='ocr_line' id='line_1_73' title="bbox 2102 782 3676 852; baseline 0.001 -19"><span class='ocrx_word' id='word_1_543' title='bbox 2102 782 2298 849; x_wconf 78' lang='grc' dir='ltr'>ἐρήμῳ</span> <span class='ocrx_word' id='word_1_544' title='bbox 2319 782 2471 841; x_wconf 71' lang='grc' dir='ltr'>ἐστὶ,</span> <span class='ocrx_word' id='word_1_545' title='bbox 2500 783 2586 852; x_wconf 80' lang='grc' dir='ltr'>μὴ</span> <span class='ocrx_word' id='word_1_546' title='bbox 2623 782 2940 849; x_wconf 74' lang='grc' dir='ltr'>ἀπέλθητε·</span> <span class='ocrx_word' id='word_1_547' title='bbox 2989 784 3117 851; x_wconf 76' lang='grc' dir='ltr'>περὶ</span> <span class='ocrx_word' id='word_1_548' title='bbox 3158 783 3256 850; x_wconf 83' lang='grc' dir='ltr'>τῆς</span> <span class='ocrx_word' id='word_1_549' title='bbox 3292 782 3547 852; x_wconf 85' lang='grc' dir='ltr'>δευτέρας</span> <span class='ocrx_word' id='word_1_550' title='bbox 3575 784 3676 835; x_wconf 81' lang='grc' dir='ltr'>αὑ-</span> 
     </span>
    </p>
   </div>
   <div class='ocr_carea' id='block_1_74' title="bbox 2102 865 3673 937">
    <p class='ocr_par' dir='ltr' id='par_1_74' title="bbox 2102 865 3673 937">
     <span class='ocr_line' id='line_1_74' title="bbox 2102 865 3673 937; baseline 0 -19"><span class='ocrx_word' id='word_1_551' title='bbox 2102 865 2195 918; x_wconf 88' lang='grc' dir='ltr'>τοῦ</span> <span class='ocrx_word' id='word_1_552' title='bbox 2253 867 2555 937; x_wconf 82' lang='grc' dir='ltr'>παρουσίας</span> <span class='ocrx_word' id='word_1_553' title='bbox 2605 865 2776 934; x_wconf 90' lang='grc' dir='ltr'>λέγων</span> <span class='ocrx_word' id='word_1_554' title='bbox 2818 866 2918 933; x_wconf 84' lang='grc' dir='ltr'>τῆς</span> <span class='ocrx_word' id='word_1_555' title='bbox 2960 866 3168 931; x_wconf 77' lang='grc' dir='ltr'>ἐνδόξου</span> <span class='ocrx_word' id='word_1_556' title='bbox 3200 865 3288 918; x_wconf 86' lang='grc' dir='ltr'>διά</span> <span class='ocrx_word' id='word_1_557' title='bbox 3330 867 3455 928; x_wconf 78' lang='grc' dir='ltr'>τοὺς</span> <span class='ocrx_word' id='word_1_558' title='bbox 3483 865 3673 935; x_wconf 82' lang='grc' dir='ltr'>ψευδο-</span> 
     </span>
    </p>
   </div>
   <div class='ocr_carea' id='block_1_75' title="bbox 2104 948 3676 1020">
    <p class='ocr_par' dir='ltr' id='par_1_75' title="bbox 2104 948 3676 1020">
     <span class='ocr_line' id='line_1_75' title="bbox 2104 948 3676 1020; baseline 0.001 -20"><span class='ocrx_word' id='word_1_559' title='bbox 2104 950 2385 1020; x_wconf 83' lang='grc' dir='ltr'>χρίστους,</span> <span class='ocrx_word' id='word_1_560' title='bbox 2441 949 2527 1002; x_wconf 77' lang='grc' dir='ltr'>διά</span> <span class='ocrx_word' id='word_1_561' title='bbox 2574 949 2700 1012; x_wconf 79' lang='grc' dir='ltr'>τοὺς</span> <span class='ocrx_word' id='word_1_562' title='bbox 2725 949 3208 1019; x_wconf 77' lang='grc' dir='ltr'>ψευδοπροφήτας,</span> <span class='ocrx_word' id='word_1_563' title='bbox 3253 949 3339 1002; x_wconf 74' lang='grc' dir='ltr'>διὰ</span> <span class='ocrx_word' id='word_1_564' title='bbox 3379 949 3471 1002; x_wconf 87' lang='grc' dir='ltr'>τὸν</span> <span class='ocrx_word' id='word_1_565' title='bbox 3503 948 3676 1001; x_wconf 79' lang='grc' dir='ltr'>’Λντί-</span> 
     </span>
    </p>
   </div>
   <div class='ocr_carea' id='block_1_76' title="bbox 2105 1033 3679 1106">
    <p class='ocr_par' dir='ltr' id='par_1_76' title="bbox 2105 1033 3679 1106">
     <span class='ocr_line' id='line_1_76' title="bbox 2105 1033 3679 1106; baseline -0.001 -20"><span class='ocrx_word' id='word_1_566' title='bbox 2105 1052 2341 1104; x_wconf 83' lang='grc' dir='ltr'>χριστον,</span> <span class='ocrx_word' id='word_1_567' title='bbox 2367 1035 2450 1086; x_wconf 81' lang='grc' dir='ltr'>ἵνα</span> <span class='ocrx_word' id='word_1_568' title='bbox 2480 1035 2551 1102; x_wconf 91' lang='grc' dir='ltr'>μή</span> <span class='ocrx_word' id='word_1_569' title='bbox 2570 1051 2653 1096; x_wconf 90' lang='grc' dir='ltr'>τις</span> <span class='ocrx_word' id='word_1_570' title='bbox 2672 1033 2966 1103; x_wconf 75' lang='grc' dir='ltr'>πλανηθεὶς</span> <span class='ocrx_word' id='word_1_571' title='bbox 2989 1033 3180 1104; x_wconf 78' lang='grc' dir='ltr'>ἐκείνῳ</span> <span class='ocrx_word' id='word_1_572' title='bbox 3200 1034 3488 1106; x_wconf 79' lang='grc' dir='ltr'>περιπέσῃ.</span> <span class='ocrx_word' id='word_1_573' title='bbox 3507 1034 3679 1087; x_wconf 82' lang='grc' dir='ltr'>Ἐπει-</span> 
     </span>
    </p>
   </div>
   <div class='ocr_carea' id='block_1_77' title="bbox 2105 1116 3678 1190">
    <p class='ocr_par' dir='ltr' id='par_1_77' title="bbox 2105 1116 3678 1190">
     <span class='ocr_line' id='line_1_77' title="bbox 2105 1116 3678 1190; baseline 0 -20"><span class='ocrx_word' id='word_1_574' title='bbox 2105 1118 2167 1188; x_wconf 87' lang='grc' dir='ltr'>δὴ</span> <span class='ocrx_word' id='word_1_575' title='bbox 2205 1118 2313 1187; x_wconf 87' lang='grc' dir='ltr'>γάρ</span> <span class='ocrx_word' id='word_1_576' title='bbox 2348 1117 2453 1188; x_wconf 87' lang='grc' dir='ltr'>πρὸ</span> <span class='ocrx_word' id='word_1_577' title='bbox 2479 1117 2573 1170; x_wconf 91' lang='grc' dir='ltr'>τοῦ</span> <span class='ocrx_word' id='word_1_578' title='bbox 2603 1117 2838 1190; x_wconf 86' lang='grc' dir='ltr'>Χριστοῦ</span> <span class='ocrx_word' id='word_1_579' title='bbox 2871 1120 2899 1170; x_wconf 91' lang='grc' dir='ltr'>ὀ</span> <span class='ocrx_word' id='word_1_580' title='bbox 2932 1117 3292 1186; x_wconf 84' lang='grc' dir='ltr'>’Δντίχριστος</span> <span class='ocrx_word' id='word_1_581' title='bbox 3322 1116 3557 1187; x_wconf 81' lang='grc' dir='ltr'>ἔρχεται,</span> <span class='ocrx_word' id='word_1_582' title='bbox 3592 1117 3678 1170; x_wconf 83' lang='grc' dir='ltr'>ἵνα</span> 
     </span>
    </p>
   </div>
   <div class='ocr_carea' id='block_1_78' title="bbox 2109 1199 3680 1273">
    <p class='ocr_par' dir='ltr' id='par_1_78' title="bbox 2109 1199 3680 1273">
     <span class='ocr_line' id='line_1_78' title="bbox 2109 1199 3680 1273; baseline 0 -21"><span class='ocrx_word' id='word_1_583' title='bbox 2109 1201 2182 1270; x_wconf 83' lang='grc' dir='ltr'>μὴ</span> <span class='ocrx_word' id='word_1_584' title='bbox 2221 1200 2400 1270; x_wconf 84' lang='grc' dir='ltr'>ζητῶν</span> <span class='ocrx_word' id='word_1_585' title='bbox 2433 1219 2518 1264; x_wconf 91' lang='grc' dir='ltr'>τις</span> <span class='ocrx_word' id='word_1_586' title='bbox 2557 1200 2646 1254; x_wconf 88' lang='grc' dir='ltr'>τὸν</span> <span class='ocrx_word' id='word_1_587' title='bbox 2685 1200 2914 1271; x_wconf 85' lang='grc' dir='ltr'>ποιμένα</span> <span class='ocrx_word' id='word_1_588' title='bbox 2953 1200 3030 1270; x_wconf 83' lang='grc' dir='ltr'>τῷ</span> <span class='ocrx_word' id='word_1_589' title='bbox 3072 1199 3217 1270; x_wconf 88' lang='grc' dir='ltr'>λύκῳ</span> <span class='ocrx_word' id='word_1_590' title='bbox 3250 1201 3542 1273; x_wconf 84' lang='grc' dir='ltr'>περιπέσῃ,</span> <span class='ocrx_word' id='word_1_591' title='bbox 3587 1199 3680 1252; x_wconf 70' lang='grc' dir='ltr'>διὰ</span> 
     </span>
    </p>
   </div>
   <div class='ocr_carea' id='block_1_79' title="bbox 2104 1283 3678 1355">
    <p class='ocr_par' dir='ltr' id='par_1_79' title="bbox 2104 1283 3678 1355">
     <span class='ocr_line' id='line_1_79' title="bbox 2104 1283 3678 1355; baseline 0.001 -21"><span class='ocrx_word' id='word_1_592' title='bbox 2104 1283 2264 1335; x_wconf 89' lang='grc' dir='ltr'>τοῦτό</span> <span class='ocrx_word' id='word_1_593' title='bbox 2303 1301 2383 1336; x_wconf 91' lang='grc' dir='ltr'>σοι</span> <span class='ocrx_word' id='word_1_594' title='bbox 2422 1283 2564 1350; x_wconf 86' lang='grc' dir='ltr'>λέγω</span> <span class='ocrx_word' id='word_1_595' title='bbox 2602 1283 2887 1355; x_wconf 84' lang='grc' dir='ltr'>γνώρισμα</span> <span class='ocrx_word' id='word_1_596' title='bbox 2917 1283 3019 1352; x_wconf 85' lang='grc' dir='ltr'>τῆς</span> <span class='ocrx_word' id='word_1_597' title='bbox 3046 1283 3138 1336; x_wconf 89' lang='grc' dir='ltr'>τοῦ</span> <span class='ocrx_word' id='word_1_598' title='bbox 3178 1284 3432 1353; x_wconf 83' lang='grc' dir='ltr'>ποιμένος</span> <span class='ocrx_word' id='word_1_599' title='bbox 3472 1300 3678 1352; x_wconf 87' lang='grc' dir='ltr'>παρου-</span> 
     </span>
    </p>
   </div>
   <div class='ocr_carea' id='block_1_80' title="bbox 2109 1364 3678 1438">
    <p class='ocr_par' dir='ltr' id='par_1_80' title="bbox 2109 1364 3678 1438">
     <span class='ocr_line' id='line_1_80' title="bbox 2109 1364 3678 1438; baseline 0.001 -21"><span class='ocrx_word' id='word_1_600' title='bbox 2109 1366 2246 1428; x_wconf 86' lang='grc' dir='ltr'>σίας.</span> <span class='ocrx_word' id='word_1_601' title='bbox 2291 1367 2504 1436; x_wconf 76' lang='grc' dir='ltr'>Ἐπειδὴ</span> <span class='ocrx_word' id='word_1_602' title='bbox 2536 1366 2704 1438; x_wconf 84' lang='grc' dir='ltr'>γάρή</span> <span class='ocrx_word' id='word_1_603' title='bbox 2747 1367 2934 1436; x_wconf 83' lang='grc' dir='ltr'>πρώτη</span> <span class='ocrx_word' id='word_1_604' title='bbox 2977 1364 3141 1420; x_wconf 90' lang='grc' dir='ltr'>αὑτοῦ</span> <span class='ocrx_word' id='word_1_605' title='bbox 3175 1367 3442 1436; x_wconf 88' lang='grc' dir='ltr'>παρουσία</span> <span class='ocrx_word' id='word_1_606' title='bbox 3483 1365 3678 1419; x_wconf 80' lang='grc' dir='ltr'>λανθά-</span> 
     </span>
    </p>
   </div>
   <div class='ocr_carea' id='block_1_81' title="bbox 2106 1448 3678 1524">
    <p class='ocr_par' dir='ltr' id='par_1_81' title="bbox 2106 1448 3678 1524">
     <span class='ocr_line' id='line_1_81' title="bbox 2106 1448 3678 1524; baseline 0 -23"><span class='ocrx_word' id='word_1_607' title='bbox 2106 1466 2274 1504; x_wconf 84' lang='grc' dir='ltr'>νουσα</span> <span class='ocrx_word' id='word_1_608' title='bbox 2310 1451 2554 1518; x_wconf 90' lang='grc' dir='ltr'>γέγονεν,</span> <span class='ocrx_word' id='word_1_609' title='bbox 2597 1452 2685 1504; x_wconf 79' lang='grc' dir='ltr'>ἵνα</span> <span class='ocrx_word' id='word_1_610' title='bbox 2726 1453 2798 1522; x_wconf 81' lang='grc' dir='ltr'>μὴ</span> <span class='ocrx_word' id='word_1_611' title='bbox 2842 1451 3092 1524; x_wconf 84' lang='grc' dir='ltr'>νομίσῃς,</span> <span class='ocrx_word' id='word_1_612' title='bbox 3130 1452 3211 1504; x_wconf 86' lang='grc' dir='ltr'>ὅτι</span> <span class='ocrx_word' id='word_1_613' title='bbox 3254 1451 3345 1503; x_wconf 78' lang='grc' dir='ltr'>καὶ</span> <span class='ocrx_word' id='word_1_614' title='bbox 3389 1448 3678 1520; x_wconf 85' lang='grc' dir='ltr'>ἠδευτέρα</span> 
     </span>
    </p>
   </div>
   <div class='ocr_carea' id='block_1_82' title="bbox 2105 1531 3678 1604">
    <p class='ocr_par' dir='ltr' id='par_1_82' title="bbox 2105 1531 3678 1604">
     <span class='ocr_line' id='line_1_82' title="bbox 2105 1531 3678 1604; baseline -0.001 -20"><span class='ocrx_word' id='word_1_615' title='bbox 2105 1532 2325 1602; x_wconf 77' lang='grc' dir='ltr'>τοιαύτη</span> <span class='ocrx_word' id='word_1_616' title='bbox 2354 1535 2578 1600; x_wconf 85' lang='grc' dir='ltr'>γίνεται,</span> <span class='ocrx_word' id='word_1_617' title='bbox 2620 1533 2778 1586; x_wconf 88' lang='grc' dir='ltr'>τοῦτο</span> <span class='ocrx_word' id='word_1_618' title='bbox 2807 1534 3002 1586; x_wconf 81' lang='grc' dir='ltr'>δέδωκε</span> <span class='ocrx_word' id='word_1_619' title='bbox 3037 1534 3097 1587; x_wconf 90' lang='grc' dir='ltr'>τὸ</span> <span class='ocrx_word' id='word_1_620' title='bbox 3127 1534 3368 1604; x_wconf 86' lang='grc' dir='ltr'>σημεῖον.</span> <span class='ocrx_word' id='word_1_621' title='bbox 3403 1531 3548 1602; x_wconf 74' lang='grc' dir='ltr'>Αὕτη</span> <span class='ocrx_word' id='word_1_622' title='bbox 3578 1533 3678 1601; x_wconf 76' lang='grc' dir='ltr'>μὲν</span> 
     </span>
    </p>
   </div>
   <div class='ocr_carea' id='block_1_83' title="bbox 2106 1613 3677 1686">
    <p class='ocr_par' dir='ltr' id='par_1_83' title="bbox 2106 1613 3677 1686">
     <span class='ocr_line' id='line_1_83' title="bbox 2106 1613 3677 1686; baseline -0.001 -19"><span class='ocrx_word' id='word_1_623' title='bbox 2106 1615 2218 1684; x_wconf 78' lang='grc' dir='ltr'>γάρ</span> <span class='ocrx_word' id='word_1_624' title='bbox 2237 1616 2569 1670; x_wconf 78' lang='grc' dir='ltr'>λανθάνουσα</span> <span class='ocrx_word' id='word_1_625' title='bbox 2605 1619 2827 1680; x_wconf 86' lang='grc' dir='ltr'>εἰκότως</span> <span class='ocrx_word' id='word_1_626' title='bbox 2849 1619 3093 1685; x_wconf 89' lang='grc' dir='ltr'>γέγονεν·</span> <span class='ocrx_word' id='word_1_627' title='bbox 3123 1613 3251 1686; x_wconf 81' lang='grc' dir='ltr'>ἦλθε</span> <span class='ocrx_word' id='word_1_628' title='bbox 3278 1617 3386 1686; x_wconf 77' lang='grc' dir='ltr'>γάρ</span> <span class='ocrx_word' id='word_1_629' title='bbox 3411 1615 3586 1684; x_wconf 81' lang='grc' dir='ltr'>ζητῶν</span> <span class='ocrx_word' id='word_1_630' title='bbox 3616 1615 3677 1666; x_wconf 90' lang='grc' dir='ltr'>τὸ</span> 
     </span>
    </p>
   </div>
   <div class='ocr_carea' id='block_1_84' title="bbox 2108 1697 3679 1771">
    <p class='ocr_par' dir='ltr' id='par_1_84' title="bbox 2108 1697 3679 1771">
     <span class='ocr_line' id='line_1_84' title="bbox 2108 1697 3679 1771; baseline -0.003 -19"><span class='ocrx_word' id='word_1_631' title='bbox 2108 1700 2398 1763; x_wconf 83' lang='grc' dir='ltr'>ἀπολωλός·</span> <span class='ocrx_word' id='word_1_632' title='bbox 2446 1702 2628 1771; x_wconf 78' lang='grc' dir='ltr'>ἐκείνη</span> <span class='ocrx_word' id='word_1_633' title='bbox 2674 1701 2730 1754; x_wconf 82' lang='grc' dir='ltr'>δὲ</span> <span class='ocrx_word' id='word_1_634' title='bbox 2767 1702 2864 1769; x_wconf 81' lang='grc' dir='ltr'>οὑχ</span> <span class='ocrx_word' id='word_1_635' title='bbox 2901 1699 3106 1763; x_wconf 82' lang='grc' dir='ltr'>οὑτως·</span> <span class='ocrx_word' id='word_1_636' title='bbox 3151 1700 3284 1753; x_wconf 84' lang='grc' dir='ltr'>ἀλλὰ</span> <span class='ocrx_word' id='word_1_637' title='bbox 3332 1700 3481 1761; x_wconf 80' lang='grc' dir='ltr'>πῶς,</span> <span class='ocrx_word' id='word_1_638' title='bbox 3519 1697 3679 1758; x_wconf 62' lang='lat' dir='ltr'>simi;</span> 
     </span>
    </p>
   </div>
   <div class='ocr_carea' id='block_1_85' title="bbox 2108 1779 3675 1853">
    <p class='ocr_par' dir='ltr' id='par_1_85' title="bbox 2108 1779 3675 1853">
     <span class='ocr_line' id='line_1_85' title="bbox 2108 1779 3675 1853; baseline -0.004 -16"><span class='ocrx_word' id='word_1_639' title='bbox 2108 1784 2332 1852; x_wconf 79' lang='grc' dir='ltr'>’Ὠσπερ</span> <span class='ocrx_word' id='word_1_640' title='bbox 2363 1785 2472 1853; x_wconf 78' lang='grc' dir='ltr'>γὰρ</span> <span class='ocrx_word' id='word_1_641' title='bbox 2491 1784 2794 1852; x_wconf 78' lang='grc' dir='ltr'>ἐξέρχεται</span> <span class='ocrx_word' id='word_1_642' title='bbox 2823 1783 2858 1848; x_wconf 75' lang='grc' dir='ltr'><strong><em>ἡ</em></strong></span> <span class='ocrx_word' id='word_1_643' title='bbox 2887 1781 3165 1850; x_wconf 78' lang='grc' dir='ltr'>ἀστραπὴ</span> <span class='ocrx_word' id='word_1_644' title='bbox 3193 1783 3309 1836; x_wconf 78' lang='grc' dir='ltr'>ἀπὸ</span> <span class='ocrx_word' id='word_1_645' title='bbox 3343 1779 3675 1841; x_wconf 68' lang='grc' dir='ltr'>ἀνατολῶν,</span> 
     </span>
    </p>
   </div>
   <div class='ocr_carea' id='block_1_86' title="bbox 2107 1862 3682 1936">
    <p class='ocr_par' dir='ltr' id='par_1_86' title="bbox 2107 1862 3682 1936">
     <span class='ocr_line' id='line_1_86' title="bbox 2107 1862 3682 1936; baseline -0.005 -16"><span class='ocrx_word' id='word_1_646' title='bbox 2107 1869 2202 1920; x_wconf 78' lang='grc' dir='ltr'>καὶ</span> <span class='ocrx_word' id='word_1_647' title='bbox 2219 1869 2486 1936; x_wconf 67' lang='grc' dir='ltr'>φαίνεται</span> <span class='ocrx_word' id='word_1_648' title='bbox 2508 1867 2617 1933; x_wconf 77' lang='grc' dir='ltr'>ἕως</span> <span class='ocrx_word' id='word_1_649' title='bbox 2637 1864 2904 1934; x_wconf 81' lang='grc' dir='ltr'>δυσμῶν,</span> <span class='ocrx_word' id='word_1_650' title='bbox 2933 1865 3113 1929; x_wconf 76' lang='grc' dir='ltr'>οὕτως</span> <span class='ocrx_word' id='word_1_651' title='bbox 3137 1865 3306 1917; x_wconf 82' lang='grc' dir='ltr'>ἔσται</span> <span class='ocrx_word' id='word_1_652' title='bbox 3355 1862 3450 1916; x_wconf 78' lang='grc' dir='ltr'>καί</span> <span class='ocrx_word' id='word_1_653' title='bbox 3475 1863 3513 1928; x_wconf 75' lang='grc' dir='ltr'><strong>ἡ</strong></span> <span class='ocrx_word' id='word_1_654' title='bbox 3541 1878 3682 1928; x_wconf 85' lang='grc' dir='ltr'>παρ-</span> 
     </span>
    </p>
   </div>
   <div class='ocr_carea' id='block_1_87' title="bbox 2107 1945 3683 2017">
    <p class='ocr_par' dir='ltr' id='par_1_87' title="bbox 2107 1945 3683 2017">
     <span class='ocr_line' id='line_1_87' title="bbox 2107 1945 3683 2017; baseline -0.005 -12"><span class='ocrx_word' id='word_1_655' title='bbox 2107 1953 2288 2005; x_wconf 80' lang='grc' dir='ltr'>ουσία</span> <span class='ocrx_word' id='word_1_656' title='bbox 2334 1951 2440 2006; x_wconf 88' lang='grc' dir='ltr'>τοῦ</span> <span class='ocrx_word' id='word_1_657' title='bbox 2485 1951 2618 2005; x_wconf 84' lang='grc' dir='ltr'>ΥΙοῦ</span> <span class='ocrx_word' id='word_1_658' title='bbox 2679 1950 2786 2004; x_wconf 87' lang='grc' dir='ltr'>τοῦ</span> <span class='ocrx_word' id='word_1_659' title='bbox 2839 1947 3172 2016; x_wconf 81' lang='grc' dir='ltr'>ἀνθρώπου.</span> <span class='ocrx_word' id='word_1_660' title='bbox 3240 1946 3454 2017; x_wconf 85' lang='grc' dir='ltr'>’Λθρόον</span> <span class='ocrx_word' id='word_1_661' title='bbox 3508 1945 3683 1997; x_wconf 80' lang='grc' dir='ltr'>ἀπασι</span> 
     </span>
    </p>
   </div>
   <div class='ocr_carea' id='block_1_88' title="bbox 2109 2027 3683 2104">
    <p class='ocr_par' dir='ltr' id='par_1_88' title="bbox 2109 2027 3683 2104">
     <span class='ocr_line' id='line_1_88' title="bbox 2109 2027 3683 2104; baseline -0.007 -16"><span class='ocrx_word' id='word_1_662' title='bbox 2109 2036 2428 2104; x_wconf 87' lang='grc' dir='ltr'>φανήσεται,</span> <span class='ocrx_word' id='word_1_663' title='bbox 2461 2035 2558 2088; x_wconf 72' lang='grc' dir='ltr'>καὶ</span> <span class='ocrx_word' id='word_1_664' title='bbox 2584 2034 2645 2087; x_wconf 91' lang='grc' dir='ltr'>οὑ</span> <span class='ocrx_word' id='word_1_665' title='bbox 2677 2033 2924 2102; x_wconf 89' lang='grc' dir='ltr'>δεήσεται</span> <span class='ocrx_word' id='word_1_666' title='bbox 2953 2031 3124 2093; x_wconf 78' lang='grc' dir='ltr'>οὐδεὶς</span> <span class='ocrx_word' id='word_1_667' title='bbox 3150 2030 3440 2101; x_wconf 76' lang='grc' dir='ltr'>ἐρωτῆσαι,</span> <span class='ocrx_word' id='word_1_668' title='bbox 3470 2027 3580 2080; x_wconf 73' lang='grc' dir='ltr'>εἴτε</span> <span class='ocrx_word' id='word_1_669' title='bbox 3604 2027 3683 2077; x_wconf 84' lang='grc' dir='ltr'>ὲν-</span> 
     </span>
    </p>
   </div>
   <div class='ocr_carea' id='block_1_89' title="bbox 2107 2113 3684 2188">
    <p class='ocr_par' dir='ltr' id='par_1_89' title="bbox 2107 2113 3684 2188">
     <span class='ocr_line' id='line_1_89' title="bbox 2107 2113 3684 2188; baseline -0.005 -18"><span class='ocrx_word' id='word_1_670' title='bbox 2107 2117 2300 2183; x_wconf 72' lang='grc' dir='ltr'>ταιίθα,</span> <span class='ocrx_word' id='word_1_671' title='bbox 2324 2117 2434 2171; x_wconf 84' lang='grc' dir='ltr'>είτε</span> <span class='ocrx_word' id='word_1_672' title='bbox 2457 2120 2574 2171; x_wconf 73' lang='grc' dir='ltr'>ἐκεῖ</span> <span class='ocrx_word' id='word_1_673' title='bbox 2599 2115 2750 2188; x_wconf 70' lang='grc'>[408]</span> <span class='ocrx_word' id='word_1_674' title='bbox 2777 2119 2806 2170; x_wconf 89' lang='grc' dir='ltr'>ὀ</span> <span class='ocrx_word' id='word_1_675' title='bbox 2822 2115 3074 2188; x_wconf 87' lang='grc' dir='ltr'>Χριστός.</span> <span class='ocrx_word' id='word_1_676' title='bbox 3110 2116 3321 2183; x_wconf 84' lang='grc' dir='ltr'>Ὥσπερ</span> <span class='ocrx_word' id='word_1_677' title='bbox 3344 2113 3454 2184; x_wconf 79' lang='grc' dir='ltr'>γὰρ</span> <span class='ocrx_word' id='word_1_678' title='bbox 3479 2113 3684 2181; x_wconf 85' lang='grc' dir='ltr'>ἀστρα-</span> 
     </span>
    </p>
   </div>
   <div class='ocr_carea' id='block_1_90' title="bbox 2109 2195 3682 2273">
    <p class='ocr_par' dir='ltr' id='par_1_90' title="bbox 2109 2195 3682 2273">
     <span class='ocr_line' id='line_1_90' title="bbox 2109 2195 3682 2273; baseline -0.007 -17"><span class='ocrx_word' id='word_1_679' title='bbox 2109 2203 2219 2272; x_wconf 86' lang='grc' dir='ltr'>πῆς</span> <span class='ocrx_word' id='word_1_680' title='bbox 2267 2202 2599 2273; x_wconf 87' lang='grc' dir='ltr'>φαινομένης</span> <span class='ocrx_word' id='word_1_681' title='bbox 2631 2202 2691 2254; x_wconf 82' lang='grc' dir='ltr'>οὑ</span> <span class='ocrx_word' id='word_1_682' title='bbox 2737 2201 2968 2272; x_wconf 89' lang='grc' dir='ltr'>δεόμεθα</span> <span class='ocrx_word' id='word_1_683' title='bbox 3013 2197 3284 2264; x_wconf 67' lang='grc' dir='ltr'>ἐξετάζειν</span> <span class='ocrx_word' id='word_1_684' title='bbox 3337 2199 3385 2249; x_wconf 88' lang='grc' dir='ltr'>εἰ</span> <span class='ocrx_word' id='word_1_685' title='bbox 3437 2195 3682 2264; x_wconf 76' lang='grc' dir='ltr'>ἐγένετο·</span> 
     </span>
    </p>
   </div>
   <div class='ocr_carea' id='block_1_91' title="bbox 2107 2279 3683 2356">
    <p class='ocr_par' dir='ltr' id='par_1_91' title="bbox 2107 2279 3683 2356">
     <span class='ocr_line' id='line_1_91' title="bbox 2107 2279 3683 2356; baseline -0.004 -18"><span class='ocrx_word' id='word_1_686' title='bbox 2107 2285 2249 2339; x_wconf 84' lang='grc' dir='ltr'>οὕτω</span> <span class='ocrx_word' id='word_1_687' title='bbox 2280 2285 2381 2355; x_wconf 84' lang='grc' dir='ltr'>τῆς</span> <span class='ocrx_word' id='word_1_688' title='bbox 2421 2285 2719 2356; x_wconf 88' lang='grc' dir='ltr'>παρουσίας</span> <span class='ocrx_word' id='word_1_689' title='bbox 2746 2285 3037 2354; x_wconf 87' lang='grc' dir='ltr'>γινομένης</span> <span class='ocrx_word' id='word_1_690' title='bbox 3077 2281 3168 2335; x_wconf 86' lang='grc' dir='ltr'>τοῦ</span> <span class='ocrx_word' id='word_1_691' title='bbox 3201 2279 3455 2352; x_wconf 84' lang='grc' dir='ltr'>Χριστοῦ,</span> <span class='ocrx_word' id='word_1_692' title='bbox 3489 2279 3550 2331; x_wconf 80' lang='grc' dir='ltr'>οὐ</span> <span class='ocrx_word' id='word_1_693' title='bbox 3574 2279 3683 2331; x_wconf 86' lang='grc' dir='ltr'>δεό-</span> 
     </span>
    </p>
   </div>
   <div class='ocr_carea' id='block_1_92' title="bbox 2112 2361 3686 2440">
    <p class='ocr_par' dir='ltr' id='par_1_92' title="bbox 2112 2361 3686 2440">
     <span class='ocr_line' id='line_1_92' title="bbox 2112 2361 3686 2440; baseline -0.006 -17"><span class='ocrx_word' id='word_1_694' title='bbox 2112 2369 2253 2440; x_wconf 90' lang='grc' dir='ltr'>μεθα</span> <span class='ocrx_word' id='word_1_695' title='bbox 2292 2371 2584 2436; x_wconf 80' lang='grc' dir='ltr'>ἐξετάζειν,</span> <span class='ocrx_word' id='word_1_696' title='bbox 2619 2371 2668 2421; x_wconf 85' lang='grc' dir='ltr'>εί</span> <span class='ocrx_word' id='word_1_697' title='bbox 2710 2369 3043 2440; x_wconf 86' lang='grc' dir='ltr'>παρεγένετο</span> <span class='ocrx_word' id='word_1_698' title='bbox 3073 2369 3102 2419; x_wconf 84' lang='grc' dir='ltr'>ό</span> <span class='ocrx_word' id='word_1_699' title='bbox 3139 2364 3390 2436; x_wconf 87' lang='grc' dir='ltr'>Χριστός.</span> <span class='ocrx_word' id='word_1_700' title='bbox 3436 2361 3594 2417; x_wconf 84' lang='grc' dir='ltr'>Ἀλλά</span> <span class='ocrx_word' id='word_1_701' title='bbox 3624 2361 3686 2413; x_wconf 89' lang='grc' dir='ltr'>τὸ</span> 
     </span>
    </p>
   </div>
   <div class='ocr_carea' id='block_1_93' title="bbox 2111 2446 3686 2526">
    <p class='ocr_par' dir='ltr' id='par_1_93' title="bbox 2111 2446 3686 2526">
     <span class='ocr_line' id='line_1_93' title="bbox 2111 2446 3686 2526; baseline -0.007 -18"><span class='ocrx_word' id='word_1_702' title='bbox 2111 2454 2460 2526; x_wconf 84' lang='grc' dir='ltr'>ζητούμενον,</span> <span class='ocrx_word' id='word_1_703' title='bbox 2486 2457 2533 2506; x_wconf 86' lang='grc' dir='ltr'>εί</span> <span class='ocrx_word' id='word_1_704' title='bbox 2565 2454 2701 2525; x_wconf 86' lang='grc' dir='ltr'>μετὰ</span> <span class='ocrx_word' id='word_1_705' title='bbox 2725 2453 2959 2523; x_wconf 90' lang='grc' dir='ltr'>σταυροῦ</span> <span class='ocrx_word' id='word_1_706' title='bbox 2986 2451 3218 2520; x_wconf 79' lang='grc' dir='ltr'>ἔρχεται·</span> <span class='ocrx_word' id='word_1_707' title='bbox 3249 2450 3321 2519; x_wconf 87' lang='grc' dir='ltr'>μὴ</span> <span class='ocrx_word' id='word_1_708' title='bbox 3350 2447 3458 2517; x_wconf 84' lang='grc' dir='ltr'>γὰρ</span> <span class='ocrx_word' id='word_1_709' title='bbox 3483 2446 3547 2516; x_wconf 88' lang='grc' dir='ltr'>δὴ</span> <span class='ocrx_word' id='word_1_710' title='bbox 3575 2448 3686 2497; x_wconf 79' lang='grc' dir='ltr'>ἐπι-</span> 
     </span>
    </p>
   </div>
   <div class='ocr_carea' id='block_1_94' title="bbox 2110 2530 3688 2610">
    <p class='ocr_par' dir='ltr' id='par_1_94' title="bbox 2110 2530 3688 2610">
     <span class='ocr_line' id='line_1_94' title="bbox 2110 2530 3688 2610; baseline -0.006 -19"><span class='ocrx_word' id='word_1_711' title='bbox 2110 2539 2399 2610; x_wconf 86' lang='grc' dir='ltr'>λαθώμεθα</span> <span class='ocrx_word' id='word_1_712' title='bbox 2444 2539 2545 2608; x_wconf 79' lang='grc' dir='ltr'>τῆς</span> <span class='ocrx_word' id='word_1_713' title='bbox 2600 2537 2962 2608; x_wconf 83' lang='grc' dir='ltr'>ὑποσχέσεως.</span> <span class='ocrx_word' id='word_1_714' title='bbox 3035 2538 3298 2588; x_wconf 82' lang='grc' dir='ltr'>Ἀκουσον</span> <span class='ocrx_word' id='word_1_715' title='bbox 3346 2532 3525 2584; x_wconf 88' lang='grc' dir='ltr'>τοίνυν</span> <span class='ocrx_word' id='word_1_716' title='bbox 3578 2530 3688 2582; x_wconf 79' lang='grc' dir='ltr'>τῶν</span> 
     </span>
    </p>
   </div>
   <div class='ocr_carea' id='block_1_95' title="bbox 2113 2615 3687 2694">
    <p class='ocr_par' dir='ltr' id='par_1_95' title="bbox 2113 2615 3687 2694">
     <span class='ocr_line' id='line_1_95' title="bbox 2113 2615 3687 2694; baseline -0.009 -17"><span class='ocrx_word' id='word_1_717' title='bbox 2113 2622 2255 2693; x_wconf 82' lang='grc' dir='ltr'>ἑξῆς.</span> <span class='ocrx_word' id='word_1_718' title='bbox 2287 2623 2446 2686; x_wconf 84' lang='grc' dir='ltr'>Τότε,</span> <span class='ocrx_word' id='word_1_719' title='bbox 2479 2622 2632 2694; x_wconf 89' lang='grc' dir='ltr'>φησί·</span> <span class='ocrx_word' id='word_1_720' title='bbox 2657 2623 2800 2683; x_wconf 86' lang='grc' dir='ltr'>τότε,</span> <span class='ocrx_word' id='word_1_721' title='bbox 2834 2622 2996 2685; x_wconf 87' lang='grc' dir='ltr'>πότε;</span> <span class='ocrx_word' id='word_1_722' title='bbox 3024 2619 3210 2671; x_wconf 81' lang='grc' dir='ltr'>Ὅταν</span> <span class='ocrx_word' id='word_1_723' title='bbox 3227 2618 3468 2686; x_wconf 80' lang='grc' dir='ltr'>ἔρχηται</span> <span class='ocrx_word' id='word_1_724' title='bbox 3489 2618 3521 2668; x_wconf 85' lang='grc' dir='ltr'><em>ὁ</em></span> <span class='ocrx_word' id='word_1_725' title='bbox 3555 2615 3687 2677; x_wconf 64' lang='grc' dir='ltr'>Υἱὸς</span> 
     </span>
    </p>
   </div>
   <div class='ocr_carea' id='block_1_96' title="bbox 2111 2698 3684 2774">
    <p class='ocr_par' dir='ltr' id='par_1_96' title="bbox 2111 2698 3684 2774">
     <span class='ocr_line' id='line_1_96' title="bbox 2111 2698 3684 2774; baseline -0.007 -13"><span class='ocrx_word' id='word_1_726' title='bbox 2111 2708 2220 2761; x_wconf 86' lang='grc' dir='ltr'>τοῦ</span> <span class='ocrx_word' id='word_1_727' title='bbox 2239 2707 2573 2774; x_wconf 77' lang='grc' dir='ltr'>ἀνθρώπου,</span> <span class='ocrx_word' id='word_1_728' title='bbox 2605 2709 2636 2760; x_wconf 90' lang='grc' dir='ltr'>ό</span> <span class='ocrx_word' id='word_1_729' title='bbox 2671 2706 2842 2772; x_wconf 74' lang='grc' dir='ltr'>ἥλιος</span> <span class='ocrx_word' id='word_1_730' title='bbox 2875 2702 3358 2770; x_wconf 81' lang='grc' dir='ltr'>σκοτισθήσεται,</span> <span class='ocrx_word' id='word_1_731' title='bbox 3394 2698 3489 2751; x_wconf 78' lang='grc' dir='ltr'>καὶ</span> <span class='ocrx_word' id='word_1_732' title='bbox 3517 2701 3553 2766; x_wconf 78' lang='grc' dir='ltr'><strong><em>ἠ</em></strong></span> <span class='ocrx_word' id='word_1_733' title='bbox 3580 2713 3684 2753; x_wconf 79' lang='grc' dir='ltr'>σε·</span> 
     </span>
    </p>
   </div>
   <div class='ocr_carea' id='block_1_97' title="bbox 2112 2783 3688 2858">
    <p class='ocr_par' dir='ltr' id='par_1_97' title="bbox 2112 2783 3688 2858">
     <span class='ocr_line' id='line_1_97' title="bbox 2112 2783 3688 2858; baseline -0.006 -14"><span class='ocrx_word' id='word_1_734' title='bbox 2112 2790 2270 2858; x_wconf 76' lang='grc' dir='ltr'>λήνη</span> <span class='ocrx_word' id='word_1_735' title='bbox 2301 2793 2372 2844; x_wconf 89' lang='grc' dir='ltr'>οὐ</span> <span class='ocrx_word' id='word_1_736' title='bbox 2413 2789 2592 2843; x_wconf 80' lang='grc' dir='ltr'>δώσει</span> <span class='ocrx_word' id='word_1_737' title='bbox 2645 2789 2711 2842; x_wconf 86' lang='grc' dir='ltr'>τὸ</span> <span class='ocrx_word' id='word_1_738' title='bbox 2757 2788 2968 2858; x_wconf 64' lang='grc' dir='ltr'>φέγγος</span> <span class='ocrx_word' id='word_1_739' title='bbox 3018 2787 3228 2853; x_wconf 82' lang='grc' dir='ltr'>αὐτῆς.</span> <span class='ocrx_word' id='word_1_740' title='bbox 3281 2786 3526 2855; x_wconf 88' lang='grc' dir='ltr'>Τοσαύτη</span> <span class='ocrx_word' id='word_1_741' title='bbox 3578 2783 3688 2854; x_wconf 83' lang='grc' dir='ltr'>γὰρ</span> 
     </span>
    </p>
   </div>
   <div class='ocr_carea' id='block_1_98' title="bbox 2114 2867 3687 2942">
    <p class='ocr_par' dir='ltr' id='par_1_98' title="bbox 2114 2867 3687 2942">
     <span class='ocr_line' id='line_1_98' title="bbox 2114 2867 3687 2942; baseline -0.006 -16"><span class='ocrx_word' id='word_1_742' title='bbox 2114 2875 2266 2928; x_wconf 81' lang='grc' dir='ltr'>ἔσται</span> <span class='ocrx_word' id='word_1_743' title='bbox 2299 2873 2394 2926; x_wconf 88' lang='grc' dir='ltr'>τοῦ</span> <span class='ocrx_word' id='word_1_744' title='bbox 2423 2875 2600 2942; x_wconf 86' lang='grc' dir='ltr'>φωτὸς</span> <span class='ocrx_word' id='word_1_745' title='bbox 2629 2873 2748 2925; x_wconf 89' lang='grc' dir='ltr'>τότε</span> <span class='ocrx_word' id='word_1_746' title='bbox 2774 2873 2808 2942; x_wconf 86' lang='grc' dir='ltr'>ή</span> <span class='ocrx_word' id='word_1_747' title='bbox 2838 2869 3129 2940; x_wconf 83' lang='grc' dir='ltr'>ὑπερϐολὴ,</span> <span class='ocrx_word' id='word_1_748' title='bbox 3158 2870 3234 2932; x_wconf 86' lang='grc' dir='ltr'>ὡς</span> <span class='ocrx_word' id='word_1_749' title='bbox 3261 2869 3352 2922; x_wconf 72' lang='grc' dir='ltr'>καὶ</span> <span class='ocrx_word' id='word_1_750' title='bbox 3370 2869 3436 2922; x_wconf 78' lang='grc' dir='ltr'>τὰ</span> <span class='ocrx_word' id='word_1_751' title='bbox 3464 2867 3687 2936; x_wconf 82' lang='grc' dir='ltr'>φαιδρό-</span> 
     </span>
    </p>
   </div>
   <div class='ocr_carea' id='block_1_99' title="bbox 2113 2951 3689 3027">
    <p class='ocr_par' dir='ltr' id='par_1_99' title="bbox 2113 2951 3689 3027">
     <span class='ocr_line' id='line_1_99' title="bbox 2113 2951 3689 3027; baseline -0.006 -17"><span class='ocrx_word' id='word_1_752' title='bbox 2113 2974 2250 3010; x_wconf 89' lang='grc' dir='ltr'>τατα</span> <span class='ocrx_word' id='word_1_753' title='bbox 2282 2957 2458 3027; x_wconf 71' lang='grc' dir='ltr'>ἄστρα</span> <span class='ocrx_word' id='word_1_754' title='bbox 2495 2955 2890 3026; x_wconf 80' lang='grc' dir='ltr'>ἀποκρυϐἦναι.</span> <span class='ocrx_word' id='word_1_755' title='bbox 2934 2955 3068 3006; x_wconf 78' lang='grc' dir='ltr'>Τιῖτε</span> <span class='ocrx_word' id='word_1_756' title='bbox 3102 2953 3199 3006; x_wconf 78' lang='grc' dir='ltr'>καὶ</span> <span class='ocrx_word' id='word_1_757' title='bbox 3231 2955 3285 3005; x_wconf 85' lang='grc' dir='ltr'>οἱ</span> <span class='ocrx_word' id='word_1_758' title='bbox 3315 2951 3564 3018; x_wconf 75' lang='grc' dir='ltr'>ἀστέρες</span> <span class='ocrx_word' id='word_1_759' title='bbox 3593 2966 3689 3001; x_wconf 72' lang='grc' dir='ltr'>πε-</span> 
     </span>
    </p>
   </div>
   <div class='ocr_carea' id='block_1_100' title="bbox 2115 3033 3690 3108">
    <p class='ocr_par' dir='ltr' id='par_1_100' title="bbox 2115 3033 3690 3108">
     <span class='ocr_line' id='line_1_100' title="bbox 2115 3033 3690 3108; baseline -0.006 -14"><span class='ocrx_word' id='word_1_760' title='bbox 2115 3039 2386 3105; x_wconf 81' lang='grc' dir='ltr'>σοῦνται,</span> <span class='ocrx_word' id='word_1_761' title='bbox 2425 3041 2560 3093; x_wconf 87' lang='grc' dir='ltr'>τότε</span> <span class='ocrx_word' id='word_1_762' title='bbox 2599 3040 2667 3091; x_wconf 85' lang='grc' dir='ltr'>τὸ</span> <span class='ocrx_word' id='word_1_763' title='bbox 2718 3037 2969 3108; x_wconf 81' lang='grc' dir='ltr'>σημεῖον</span> <span class='ocrx_word' id='word_1_764' title='bbox 3003 3035 3337 3105; x_wconf 63' lang='grc' dir='ltr'>φανήσεται</span> <span class='ocrx_word' id='word_1_765' title='bbox 3389 3034 3494 3087; x_wconf 86' lang='grc' dir='ltr'>τοῦ</span> <span class='ocrx_word' id='word_1_766' title='bbox 3550 3033 3690 3086; x_wconf 66' lang='lat' dir='ltr'>Tim&quot;)</span> 
     </span>
    </p>
   </div>
   <div class='ocr_carea' id='block_1_101' title="bbox 2115 3114 3688 3192">
    <p class='ocr_par' dir='ltr' id='par_1_101' title="bbox 2115 3114 3688 3192">
     <span class='ocr_line' id='line_1_101' title="bbox 2115 3114 3688 3192; baseline -0.006 -14"><span class='ocrx_word' id='word_1_767' title='bbox 2115 3124 2221 3178; x_wconf 87' lang='grc' dir='ltr'>τοῦ</span> <span class='ocrx_word' id='word_1_768' title='bbox 2252 3124 2563 3192; x_wconf 83' lang='grc' dir='ltr'>ἀνθρώπου</span> <span class='ocrx_word' id='word_1_769' title='bbox 2605 3123 2674 3176; x_wconf 75' lang='grc' dir='ltr'>ἐν</span> <span class='ocrx_word' id='word_1_770' title='bbox 2710 3119 2786 3186; x_wconf 80' lang='grc' dir='ltr'>τῷ</span> <span class='ocrx_word' id='word_1_771' title='bbox 2826 3118 3076 3188; x_wconf 81' lang='grc' dir='ltr'>οὐρανῷ.</span> <span class='ocrx_word' id='word_1_772' title='bbox 3131 3114 3282 3182; x_wconf 77' lang='grc' dir='ltr'>Εἶδες</span> <span class='ocrx_word' id='word_1_773' title='bbox 3335 3117 3474 3186; x_wconf 85' lang='grc' dir='ltr'>πόση</span> <span class='ocrx_word' id='word_1_774' title='bbox 3515 3115 3688 3187; x_wconf 81' lang='grc' dir='ltr'>ἀρετὴ</span> 
     </span>
    </p>
   </div>
   <div class='ocr_carea' id='block_1_102' title="bbox 2113 3201 3689 3279">
    <p class='ocr_par' dir='ltr' id='par_1_102' title="bbox 2113 3201 3689 3279">
     <span class='ocr_line' id='line_1_102' title="bbox 2113 3201 3689 3279; baseline -0.005 -19"><span class='ocrx_word' id='word_1_775' title='bbox 2113 3209 2207 3260; x_wconf 87' lang='grc' dir='ltr'>τοῦ</span> <span class='ocrx_word' id='word_1_776' title='bbox 2241 3207 2467 3279; x_wconf 85' lang='grc' dir='ltr'>σημείου</span> <span class='ocrx_word' id='word_1_777' title='bbox 2497 3206 2589 3260; x_wconf 85' lang='grc' dir='ltr'>τοῦ</span> <span class='ocrx_word' id='word_1_778' title='bbox 2631 3205 2901 3274; x_wconf 87' lang='grc' dir='ltr'>σταυροῦ;</span> <span class='ocrx_word' id='word_1_779' title='bbox 2955 3205 3014 3256; x_wconf 86' lang='lat' dir='ltr'>&#39;O</span> <span class='ocrx_word' id='word_1_780' title='bbox 3058 3203 3208 3273; x_wconf 80' lang='grc' dir='ltr'>ἥλιος</span> <span class='ocrx_word' id='word_1_781' title='bbox 3254 3201 3689 3272; x_wconf 81' lang='grc' dir='ltr'>σκοτισθήσεται,</span> 
     </span>
    </p>
   </div>
   <div class='ocr_carea' id='block_1_103' title="bbox 2114 3283 3690 3361">
    <p class='ocr_par' dir='ltr' id='par_1_103' title="bbox 2114 3283 3690 3361">
     <span class='ocr_line' id='line_1_103' title="bbox 2114 3283 3690 3361; baseline -0.008 -15"><span class='ocrx_word' id='word_1_782' title='bbox 2114 3291 2208 3346; x_wconf 71' lang='grc' dir='ltr'>καὶ</span> <span class='ocrx_word' id='word_1_783' title='bbox 2243 3292 2276 3361; x_wconf 87' lang='grc' dir='ltr'><strong>ἡ</strong></span> <span class='ocrx_word' id='word_1_784' title='bbox 2315 3290 2513 3361; x_wconf 88' lang='grc' dir='ltr'>σελήνη</span> <span class='ocrx_word' id='word_1_785' title='bbox 2561 3289 2620 3342; x_wconf 86' lang='grc' dir='ltr'>οὑ</span> <span class='ocrx_word' id='word_1_786' title='bbox 2669 3290 2986 3358; x_wconf 85' lang='grc' dir='ltr'>φανήσεται·</span> <span class='ocrx_word' id='word_1_787' title='bbox 3037 3287 3212 3338; x_wconf 78' lang='grc' dir='ltr'>ἐκεῖνο</span> <span class='ocrx_word' id='word_1_788' title='bbox 3252 3285 3308 3337; x_wconf 88' lang='grc' dir='ltr'>δὲ</span> <span class='ocrx_word' id='word_1_789' title='bbox 3358 3283 3560 3354; x_wconf 87' lang='grc' dir='ltr'>λάμπει</span> <span class='ocrx_word' id='word_1_790' title='bbox 3595 3283 3690 3335; x_wconf 70' lang='grc' dir='ltr'>καὶ</span> 
     </span>
    </p>
   </div>
   <div class='ocr_carea' id='block_1_104' title="bbox 2116 3366 3688 3445">
    <p class='ocr_par' dir='ltr' id='par_1_104' title="bbox 2116 3366 3688 3445">
     <span class='ocr_line' id='line_1_104' title="bbox 2116 3366 3688 3445; baseline -0.007 -18"><span class='ocrx_word' id='word_1_791' title='bbox 2116 3375 2311 3444; x_wconf 81' lang='grc' dir='ltr'>φαίνει,</span> <span class='ocrx_word' id='word_1_792' title='bbox 2349 3374 2434 3425; x_wconf 83' lang='grc' dir='ltr'>ἵνα</span> <span class='ocrx_word' id='word_1_793' title='bbox 2463 3373 2639 3445; x_wconf 84' lang='grc' dir='ltr'>μάθῃς</span> <span class='ocrx_word' id='word_1_794' title='bbox 2668 3373 2748 3425; x_wconf 85' lang='grc' dir='ltr'>ὅτι</span> <span class='ocrx_word' id='word_1_795' title='bbox 2774 3371 2867 3424; x_wconf 75' lang='grc' dir='ltr'>καὶ</span> <span class='ocrx_word' id='word_1_796' title='bbox 2915 3369 3063 3440; x_wconf 87' lang='grc' dir='ltr'>ήλίου</span> <span class='ocrx_word' id='word_1_797' title='bbox 3094 3369 3184 3422; x_wconf 77' lang='grc' dir='ltr'>καὶ</span> <span class='ocrx_word' id='word_1_798' title='bbox 3216 3367 3443 3439; x_wconf 85' lang='grc' dir='ltr'>σελήνης</span> <span class='ocrx_word' id='word_1_799' title='bbox 3471 3366 3688 3435; x_wconf 82' lang='grc' dir='ltr'>φαιδρό-</span> 
     </span>
    </p>
   </div>
   <div class='ocr_carea' id='block_1_105' title="bbox 2114 3450 3686 3528">
    <p class='ocr_par' dir='ltr' id='par_1_105' title="bbox 2114 3450 3686 3528">
     <span class='ocr_line' id='line_1_105' title="bbox 2114 3450 3686 3528; baseline -0.004 -18"><span class='ocrx_word' id='word_1_800' title='bbox 2114 3475 2289 3528; x_wconf 89' lang='grc' dir='ltr'>τερον.</span> <span class='ocrx_word' id='word_1_801' title='bbox 2332 3458 2440 3510; x_wconf 77' lang='grc' dir='ltr'>Καὶ</span> <span class='ocrx_word' id='word_1_802' title='bbox 2468 3457 2719 3526; x_wconf 83' lang='grc' dir='ltr'>καθάπερ</span> <span class='ocrx_word' id='word_1_803' title='bbox 2755 3454 3014 3524; x_wconf 82' lang='grc' dir='ltr'>βασιλέως</span> <span class='ocrx_word' id='word_1_804' title='bbox 3038 3454 3116 3516; x_wconf 80' lang='grc' dir='ltr'>είς</span> <span class='ocrx_word' id='word_1_805' title='bbox 3143 3452 3295 3505; x_wconf 90' lang='grc' dir='ltr'>πόλιν</span> <span class='ocrx_word' id='word_1_806' title='bbox 3335 3450 3610 3512; x_wconf 79' lang='grc' dir='ltr'>εἰσιόντος.</span> <span class='ocrx_word' id='word_1_807' title='bbox 3635 3453 3686 3503; x_wconf 88' lang='grc' dir='ltr'>οἱ</span> 
     </span>
    </p>
   </div>
   <div class='ocr_carea' id='block_1_106' title="bbox 2117 3534 3689 3612">
    <p class='ocr_par' dir='ltr' id='par_1_106' title="bbox 2117 3534 3689 3612">
     <span class='ocr_line' id='line_1_106' title="bbox 2117 3534 3689 3612; baseline -0.004 -19"><span class='ocrx_word' id='word_1_808' title='bbox 2117 3542 2442 3612; x_wconf 84' lang='grc' dir='ltr'>στρατιῶται</span> <span class='ocrx_word' id='word_1_809' title='bbox 2473 3539 2946 3610; x_wconf 85' lang='grc' dir='ltr'>προλαμϐάνοντες</span> <span class='ocrx_word' id='word_1_810' title='bbox 2972 3537 3041 3590; x_wconf 76' lang='grc' dir='ltr'>τὰ</span> <span class='ocrx_word' id='word_1_811' title='bbox 3081 3537 3348 3606; x_wconf 88' lang='grc' dir='ltr'>λεγόμενα</span> <span class='ocrx_word' id='word_1_812' title='bbox 3384 3535 3556 3602; x_wconf 87' lang='grc' dir='ltr'>σίγνα,</span> <span class='ocrx_word' id='word_1_813' title='bbox 3592 3534 3689 3602; x_wconf 69' lang='grc' dir='ltr'>βαρ</span> 
     </span>
    </p>
   </div>
   <div class='ocr_carea' id='block_1_107' title="bbox 2117 3619 3690 3692">
    <p class='ocr_par' dir='ltr' id='par_1_107' title="bbox 2117 3619 3690 3692">
     <span class='ocr_line' id='line_1_107' title="bbox 2117 3619 3690 3692; baseline -0.004 -16"><span class='ocrx_word' id='word_1_814' title='bbox 2117 3625 2399 3689; x_wconf 76' lang='grc' dir='ltr'>στάζουσιν</span> <span class='ocrx_word' id='word_1_815' title='bbox 2420 3624 2511 3676; x_wconf 78' lang='grc' dir='ltr'>ἐπὶ</span> <span class='ocrx_word' id='word_1_816' title='bbox 2537 3623 2646 3676; x_wconf 81' lang='grc' dir='ltr'>τῶν</span> <span class='ocrx_word' id='word_1_817' title='bbox 2680 3622 2846 3692; x_wconf 75' lang='grc' dir='ltr'>ὤμων</span> <span class='ocrx_word' id='word_1_818' title='bbox 2877 3621 3076 3681; x_wconf 85' lang='grc' dir='ltr'>αὑτῶν,</span> <span class='ocrx_word' id='word_1_819' title='bbox 3113 3619 3566 3690; x_wconf 81' lang='grc' dir='ltr'>προαγγέλλοντες</span> <span class='ocrx_word' id='word_1_820' title='bbox 3588 3619 3690 3688; x_wconf 80' lang='grc' dir='ltr'>τὴν</span> 
     </span>
    </p>
   </div>
   <div class='ocr_carea' id='block_1_108' title="bbox 2115 3703 3690 3775">
    <p class='ocr_par' dir='ltr' id='par_1_108' title="bbox 2115 3703 3690 3775">
     <span class='ocr_line' id='line_1_108' title="bbox 2115 3703 3690 3775; baseline -0.006 -14"><span class='ocrx_word' id='word_1_821' title='bbox 2115 3709 2318 3762; x_wconf 79' lang='grc' dir='ltr'>εἴσοδον</span> <span class='ocrx_word' id='word_1_822' title='bbox 2340 3706 2526 3760; x_wconf 87' lang='grc' dir='ltr'>αὑτοῦ·</span> <span class='ocrx_word' id='word_1_823' title='bbox 2553 3705 2696 3759; x_wconf 77' lang='grc' dir='ltr'>οὕτω</span> <span class='ocrx_word' id='word_1_824' title='bbox 2725 3707 2817 3758; x_wconf 74' lang='grc' dir='ltr'>καὶ</span> <span class='ocrx_word' id='word_1_825' title='bbox 2842 3707 2934 3759; x_wconf 91' lang='grc' dir='ltr'>τοῦ</span> <span class='ocrx_word' id='word_1_826' title='bbox 2960 3705 3162 3775; x_wconf 83' lang='grc' dir='ltr'>Κυρίου</span> <span class='ocrx_word' id='word_1_827' title='bbox 3187 3704 3462 3766; x_wconf 85' lang='grc' dir='ltr'>κατιόντος</span> <span class='ocrx_word' id='word_1_828' title='bbox 3495 3705 3557 3754; x_wconf 78' lang='grc' dir='ltr'>ὲκ</span> <span class='ocrx_word' id='word_1_829' title='bbox 3579 3703 3690 3754; x_wconf 83' lang='grc' dir='ltr'>τῶν</span> 
     </span>
    </p>
   </div>
   <div class='ocr_carea' id='block_1_109' title="bbox 2114 3785 3802 3864">
    <p class='ocr_par' dir='ltr' id='par_1_109' title="bbox 2114 3785 3802 3864">
     <span class='ocr_line' id='line_1_109' title="bbox 2114 3785 3802 3864; baseline -0.005 -19"><span class='ocrx_word' id='word_1_830' title='bbox 2114 3791 2359 3864; x_wconf 84' lang='grc' dir='ltr'>οὑρανῶν</span> <span class='ocrx_word' id='word_1_831' title='bbox 2386 3789 2800 3861; x_wconf 85' lang='grc' dir='ltr'>προέρχεταιτά</span> <span class='ocrx_word' id='word_1_832' title='bbox 2837 3787 3170 3860; x_wconf 84' lang='grc' dir='ltr'>στρατόπεδα</span> <span class='ocrx_word' id='word_1_833' title='bbox 3192 3787 3300 3839; x_wconf 77' lang='grc' dir='ltr'>τῶν</span> <span class='ocrx_word' id='word_1_834' title='bbox 3332 3785 3575 3854; x_wconf 84' lang='grc' dir='ltr'>ἀγγέλων</span> <span class='ocrx_word' id='word_1_835' title='bbox 3597 3787 3692 3838; x_wconf 79' lang='grc' dir='ltr'>καὶ</span> <span class='ocrx_word' id='word_1_836' title='bbox 3781 3825 3802 3842; x_wconf 47' lang='grc' dir='ltr'>ς</span> 
     </span>
    </p>
   </div>
   <div class='ocr_carea' id='block_1_110' title="bbox 2114 3868 3690 3946">
    <p class='ocr_par' dir='ltr' id='par_1_110' title="bbox 2114 3868 3690 3946">
     <span class='ocr_line' id='line_1_110' title="bbox 2114 3868 3690 3946; baseline -0.008 -16"><span class='ocrx_word' id='word_1_837' title='bbox 2114 3873 2498 3946; x_wconf 87' lang='grc' dir='ltr'>άρχαγγέλων,</span> <span class='ocrx_word' id='word_1_838' title='bbox 2547 3873 2609 3926; x_wconf 90' lang='grc' dir='ltr'>τὸ</span> <span class='ocrx_word' id='word_1_839' title='bbox 2652 3875 2872 3943; x_wconf 85' lang='grc' dir='ltr'>σημεῖον</span> <span class='ocrx_word' id='word_1_840' title='bbox 2920 3873 3096 3924; x_wconf 81' lang='grc' dir='ltr'>ἐκεῖνο</span> <span class='ocrx_word' id='word_1_841' title='bbox 3138 3870 3394 3940; x_wconf 88' lang='grc' dir='ltr'>φέροντες</span> <span class='ocrx_word' id='word_1_842' title='bbox 3443 3869 3534 3920; x_wconf 79' lang='grc' dir='ltr'>ἐπὶ</span> <span class='ocrx_word' id='word_1_843' title='bbox 3580 3868 3690 3920; x_wconf 76' lang='grc' dir='ltr'>τῶν</span> 
     </span>
    </p>
   </div>
   <div class='ocr_carea' id='block_1_111' title="bbox 2114 3951 3688 4028">
    <p class='ocr_par' dir='ltr' id='par_1_111' title="bbox 2114 3951 3688 4028">
     <span class='ocr_line' id='line_1_111' title="bbox 2114 3951 3688 4028; baseline -0.006 -17"><span class='ocrx_word' id='word_1_844' title='bbox 2114 3958 2300 4028; x_wconf 78' lang='grc' dir='ltr'>ῶμων,</span> <span class='ocrx_word' id='word_1_845' title='bbox 2330 3957 2420 4010; x_wconf 71' lang='grc' dir='ltr'>καὶ</span> <span class='ocrx_word' id='word_1_846' title='bbox 2455 3957 2552 4026; x_wconf 86' lang='grc' dir='ltr'>τὴν</span> <span class='ocrx_word' id='word_1_847' title='bbox 2585 3955 2867 4026; x_wconf 88' lang='grc' dir='ltr'>βασιλικὴν</span> <span class='ocrx_word' id='word_1_848' title='bbox 2899 3954 3058 4007; x_wconf 87' lang='grc' dir='ltr'>αὑτοῦ</span> <span class='ocrx_word' id='word_1_849' title='bbox 3092 3953 3290 4006; x_wconf 81' lang='grc' dir='ltr'>εἴσοδον</span> <span class='ocrx_word' id='word_1_850' title='bbox 3317 3951 3688 4019; x_wconf 85' lang='grc' dir='ltr'>ἀπαγγέλλον-</span> 
     </span>
    </p>
   </div>
   <div class='ocr_carea' id='block_1_112' title="bbox 2112 4033 3691 4113">
    <p class='ocr_par' dir='ltr' id='par_1_112' title="bbox 2112 4033 3691 4113">
     <span class='ocr_line' id='line_1_112' title="bbox 2112 4033 3691 4113; baseline -0.006 -18"><span class='ocrx_word' id='word_1_851' title='bbox 2112 4059 2202 4107; x_wconf 88' lang='grc' dir='ltr'>τες</span> <span class='ocrx_word' id='word_1_852' title='bbox 2237 4043 2388 4113; x_wconf 84' lang='grc' dir='ltr'>ἡμῖν.</span> <span class='ocrx_word' id='word_1_853' title='bbox 2447 4043 2583 4094; x_wconf 84' lang='grc' dir='ltr'>Τότε</span> <span class='ocrx_word' id='word_1_854' title='bbox 2621 4038 3107 4105; x_wconf 78' lang='grc' dir='ltr'>σαλευθήσονται</span> <span class='ocrx_word' id='word_1_855' title='bbox 3159 4039 3218 4089; x_wconf 78' lang='grc' dir='ltr'>αι</span> <span class='ocrx_word' id='word_1_856' title='bbox 3259 4034 3541 4103; x_wconf 80' lang='grc' dir='ltr'>δυνάμεις</span> <span class='ocrx_word' id='word_1_857' title='bbox 3568 4033 3691 4086; x_wconf 80' lang='grc' dir='ltr'>τῶν</span> 
     </span>
    </p>
   </div>
   <div class='ocr_carea' id='block_1_113' title="bbox 2113 4117 3689 4195">
    <p class='ocr_par' dir='ltr' id='par_1_113' title="bbox 2113 4117 3689 4195">
     <span class='ocr_line' id='line_1_113' title="bbox 2113 4117 3689 4195; baseline -0.008 -15"><span class='ocrx_word' id='word_1_858' title='bbox 2113 4124 2408 4195; x_wconf 83' lang='grc' dir='ltr'>οὐρανῶν,</span> <span class='ocrx_word' id='word_1_859' title='bbox 2443 4124 2574 4195; x_wconf 75' lang='grc' dir='ltr'>περὶ</span> <span class='ocrx_word' id='word_1_860' title='bbox 2604 4123 2714 4176; x_wconf 82' lang='grc' dir='ltr'>τῶν</span> <span class='ocrx_word' id='word_1_861' title='bbox 2749 4122 2994 4190; x_wconf 88' lang='grc' dir='ltr'>ἀγγέλων</span> <span class='ocrx_word' id='word_1_862' title='bbox 3035 4119 3187 4192; x_wconf 91' lang='grc' dir='ltr'>φησί·</span> <span class='ocrx_word' id='word_1_863' title='bbox 3230 4120 3430 4190; x_wconf 83' lang='grc' dir='ltr'>τρόμος</span> <span class='ocrx_word' id='word_1_864' title='bbox 3461 4117 3689 4188; x_wconf 72' lang='grc' dir='ltr'>λήψεται</span> 
     </span>
    </p>
   </div>
   <div class='ocr_carea' id='block_1_114' title="bbox 2114 4201 3689 4275">
    <p class='ocr_par' dir='ltr' id='par_1_114' title="bbox 2114 4201 3689 4275">
     <span class='ocr_line' id='line_1_114' title="bbox 2114 4201 3689 4275; baseline -0.008 -10"><span class='ocrx_word' id='word_1_865' title='bbox 2114 4212 2308 4274; x_wconf 81' lang='grc' dir='ltr'>αὑτοὺς</span> <span class='ocrx_word' id='word_1_866' title='bbox 2333 4209 2456 4262; x_wconf 89' lang='grc' dir='ltr'>τότε</span> <span class='ocrx_word' id='word_1_867' title='bbox 2493 4209 2586 4262; x_wconf 79' lang='grc' dir='ltr'>καὶ</span> <span class='ocrx_word' id='word_1_868' title='bbox 2616 4206 2778 4275; x_wconf 87' lang='grc' dir='ltr'>φόϐος</span> <span class='ocrx_word' id='word_1_869' title='bbox 2809 4205 2991 4269; x_wconf 88' lang='grc' dir='ltr'>πολύς.</span> <span class='ocrx_word' id='word_1_870' title='bbox 3024 4205 3132 4258; x_wconf 73' lang='grc' dir='ltr'>Καὶ</span> <span class='ocrx_word' id='word_1_871' title='bbox 3163 4203 3304 4267; x_wconf 87' lang='grc' dir='ltr'>τίνος</span> <span class='ocrx_word' id='word_1_872' title='bbox 3338 4203 3540 4267; x_wconf 74' lang='grc' dir='ltr'>ἕνεκεν,</span> <span class='ocrx_word' id='word_1_873' title='bbox 3565 4201 3689 4254; x_wconf 74' lang='grc' dir='ltr'>εἰπέ</span> 
     </span>
    </p>
   </div>
   <div class='ocr_carea' id='block_1_115' title="bbox 2117 4285 3692 4365">
    <p class='ocr_par' dir='ltr' id='par_1_115' title="bbox 2117 4285 3692 4365">
     <span class='ocr_line' id='line_1_115' title="bbox 2117 4285 3692 4365; baseline -0.008 -16"><span class='ocrx_word' id='word_1_874' title='bbox 2117 4311 2235 4365; x_wconf 85' lang='grc' dir='ltr'>μοι;</span> <span class='ocrx_word' id='word_1_875' title='bbox 2268 4293 2499 4364; x_wconf 80' lang='grc' dir='ltr'>Φοϐερὸν</span> <span class='ocrx_word' id='word_1_876' title='bbox 2523 4291 2674 4344; x_wconf 78' lang='grc' dir='ltr'>ἔσται</span> <span class='ocrx_word' id='word_1_877' title='bbox 2703 4290 2765 4344; x_wconf 91' lang='grc' dir='ltr'>τὸ</span> <span class='ocrx_word' id='word_1_878' title='bbox 2794 4290 3140 4360; x_wconf 83' lang='grc' dir='ltr'>δικαστήριον</span> <span class='ocrx_word' id='word_1_879' title='bbox 3162 4289 3358 4341; x_wconf 76' lang='grc' dir='ltr'>έκεῖνο·</span> <span class='ocrx_word' id='word_1_880' title='bbox 3391 4287 3539 4339; x_wconf 80' lang='grc' dir='ltr'>πᾶσα</span> <span class='ocrx_word' id='word_1_881' title='bbox 3577 4285 3692 4356; x_wconf 78' lang='grc' dir='ltr'>γὰρ</span> 
     </span>
    </p>
   </div>
   <div class='ocr_carea' id='block_1_116' title="bbox 2114 4367 3694 4448">
    <p class='ocr_par' dir='ltr' id='par_1_116' title="bbox 2114 4367 3694 4448">
     <span class='ocr_line' id='line_1_116' title="bbox 2114 4367 3694 4448; baseline -0.008 -17"><span class='ocrx_word' id='word_1_882' title='bbox 2114 4377 2270 4448; x_wconf 84' lang='grc' dir='ltr'>ήμῶν</span> <span class='ocrx_word' id='word_1_883' title='bbox 2301 4378 2333 4448; x_wconf 89' lang='grc' dir='ltr'>ή</span> <span class='ocrx_word' id='word_1_884' title='bbox 2365 4376 2525 4446; x_wconf 89' lang='grc' dir='ltr'>φύσις</span> <span class='ocrx_word' id='word_1_885' title='bbox 2569 4373 2750 4444; x_wconf 85' lang='grc' dir='ltr'>μέλλει</span> <span class='ocrx_word' id='word_1_886' title='bbox 2786 4370 3062 4446; x_wconf 86' lang='grc' dir='ltr'>κρίνεσθαι</span> <span class='ocrx_word' id='word_1_887' title='bbox 3094 4372 3189 4426; x_wconf 82' lang='grc' dir='ltr'>καὶ</span> <span class='ocrx_word' id='word_1_888' title='bbox 3216 4368 3580 4441; x_wconf 86' lang='grc' dir='ltr'>παρίστασθαι</span> <span class='ocrx_word' id='word_1_889' title='bbox 3607 4367 3694 4438; x_wconf 83' lang='grc' dir='ltr'>τῷ</span> 
     </span>
    </p>
   </div>
   <div class='ocr_carea' id='block_1_117' title="bbox 2116 4451 3688 4532">
    <p class='ocr_par' dir='ltr' id='par_1_117' title="bbox 2116 4451 3688 4532">
     <span class='ocr_line' id='line_1_117' title="bbox 2116 4451 3688 4532; baseline -0.006 -18"><span class='ocrx_word' id='word_1_890' title='bbox 2116 4460 2331 4532; x_wconf 79' lang='grc' dir='ltr'>φοϐερῷ</span> <span class='ocrx_word' id='word_1_891' title='bbox 2367 4459 2618 4529; x_wconf 79' lang='grc' dir='ltr'>δικαστῇ.</span> <span class='ocrx_word' id='word_1_892' title='bbox 2665 4457 2822 4519; x_wconf 88' lang='grc' dir='ltr'>Τίνος</span> <span class='ocrx_word' id='word_1_893' title='bbox 2861 4451 2953 4509; x_wconf 83' lang='grc' dir='ltr'>οὖν</span> <span class='ocrx_word' id='word_1_894' title='bbox 2983 4457 3166 4509; x_wconf 76' lang='grc' dir='ltr'>ἕνεκεν</span> <span class='ocrx_word' id='word_1_895' title='bbox 3193 4456 3244 4506; x_wconf 87' lang='grc' dir='ltr'>οἱ</span> <span class='ocrx_word' id='word_1_896' title='bbox 3273 4452 3496 4521; x_wconf 83' lang='grc' dir='ltr'>ἄγγελοι</span> <span class='ocrx_word' id='word_1_897' title='bbox 3519 4453 3688 4506; x_wconf 73' lang='grc' dir='ltr'>δεδοίο</span> 
     </span>
    </p>
   </div>
   <div class='ocr_carea' id='block_1_118' title="bbox 2115 4536 3692 4612">
    <p class='ocr_par' dir='ltr' id='par_1_118' title="bbox 2115 4536 3692 4612">
     <span class='ocr_line' id='line_1_118' title="bbox 2115 4536 3692 4612; baseline -0.007 -14"><span class='ocrx_word' id='word_1_898' title='bbox 2115 4561 2242 4598; x_wconf 89' lang='grc' dir='ltr'>κασι</span> <span class='ocrx_word' id='word_1_899' title='bbox 2266 4544 2361 4596; x_wconf 73' lang='grc' dir='ltr'>καὶ</span> <span class='ocrx_word' id='word_1_900' title='bbox 2393 4544 2704 4612; x_wconf 87' lang='grc' dir='ltr'>φρίττουσιν</span> <span class='ocrx_word' id='word_1_901' title='bbox 2731 4559 2745 4608; x_wconf 87' lang='grc'>;</span> <span class='ocrx_word' id='word_1_902' title='bbox 2777 4540 2837 4593; x_wconf 91' lang='grc' dir='ltr'>οὑ</span> <span class='ocrx_word' id='word_1_903' title='bbox 2869 4539 2978 4610; x_wconf 83' lang='grc' dir='ltr'>γάρ</span> <span class='ocrx_word' id='word_1_904' title='bbox 3029 4540 3226 4592; x_wconf 74' lang='grc' dir='ltr'>ἐκεῖνοι</span> <span class='ocrx_word' id='word_1_905' title='bbox 3273 4536 3529 4606; x_wconf 84' lang='grc' dir='ltr'>μέλλουσι</span> <span class='ocrx_word' id='word_1_906' title='bbox 3559 4536 3692 4607; x_wconf 85' lang='grc' dir='ltr'>κρί-</span> 
     </span>
    </p>
   </div>
   <div class='ocr_carea' id='block_1_119' title="bbox 2114 4619 3693 4694">
    <p class='ocr_par' dir='ltr' id='par_1_119' title="bbox 2114 4619 3693 4694">
     <span class='ocr_line' id='line_1_119' title="bbox 2114 4619 3693 4694; baseline -0.005 -15"><span class='ocrx_word' id='word_1_907' title='bbox 2114 4625 2318 4680; x_wconf 88' lang='grc' dir='ltr'>νεσθαι.</span> <span class='ocrx_word' id='word_1_908' title='bbox 2355 4623 2622 4694; x_wconf 80' lang='grc' dir='ltr'>Καθάπερ</span> <span class='ocrx_word' id='word_1_909' title='bbox 2661 4622 2770 4694; x_wconf 83' lang='grc' dir='ltr'>γάρ</span> <span class='ocrx_word' id='word_1_910' title='bbox 2811 4624 3068 4694; x_wconf 78' lang='grc' dir='ltr'>ἄρχοντος</span> <span class='ocrx_word' id='word_1_911' title='bbox 3113 4619 3441 4684; x_wconf 80' lang='grc' dir='ltr'>δικάζοντος,</span> <span class='ocrx_word' id='word_1_912' title='bbox 3483 4620 3603 4689; x_wconf 74' lang='grc' dir='ltr'>οὐχὶ</span> <span class='ocrx_word' id='word_1_913' title='bbox 3639 4619 3693 4672; x_wconf 66' lang='grc' dir='ltr'>οἱ</span> 
     </span>
    </p>
   </div>
   <div class='ocr_carea' id='block_1_120' title="bbox 2114 4702 3689 4776">
    <p class='ocr_par' dir='ltr' id='par_1_120' title="bbox 2114 4702 3689 4776">
     <span class='ocr_line' id='line_1_120' title="bbox 2114 4702 3689 4776; baseline -0.006 -14"><span class='ocrx_word' id='word_1_914' title='bbox 2114 4708 2402 4762; x_wconf 88' lang='grc' dir='ltr'>ὑπεύθυνοι</span> <span class='ocrx_word' id='word_1_915' title='bbox 2433 4709 2612 4776; x_wconf 88' lang='grc' dir='ltr'>μόνον,</span> <span class='ocrx_word' id='word_1_916' title='bbox 2643 4706 2780 4760; x_wconf 80' lang='grc' dir='ltr'>ἀλλὰ</span> <span class='ocrx_word' id='word_1_917' title='bbox 2807 4707 2900 4759; x_wconf 73' lang='grc' dir='ltr'>καὶ</span> <span class='ocrx_word' id='word_1_918' title='bbox 2930 4709 2979 4758; x_wconf 85' lang='grc' dir='ltr'>οἱ</span> <span class='ocrx_word' id='word_1_919' title='bbox 3027 4705 3128 4774; x_wconf 82' lang='grc' dir='ltr'>τῆς</span> <span class='ocrx_word' id='word_1_920' title='bbox 3176 4703 3402 4768; x_wconf 81' lang='grc' dir='ltr'>τάξεως,</span> <span class='ocrx_word' id='word_1_921' title='bbox 3438 4705 3486 4756; x_wconf 88' lang='grc' dir='ltr'>οί</span> <span class='ocrx_word' id='word_1_922' title='bbox 3521 4702 3689 4773; x_wconf 80' lang='grc' dir='ltr'>μηδὲν</span> 
     </span>
    </p>
   </div>
   <div class='ocr_carea' id='block_1_121' title="bbox 2115 4788 3690 4859">
    <p class='ocr_par' dir='ltr' id='par_1_121' title="bbox 2115 4788 3690 4859">
     <span class='ocr_line' id='line_1_121' title="bbox 2115 4788 3690 4859; baseline -0.005 -12"><span class='ocrx_word' id='word_1_923' title='bbox 2115 4795 2328 4857; x_wconf 77' lang='grc' dir='ltr'>ἑαυτοῖς</span> <span class='ocrx_word' id='word_1_924' title='bbox 2376 4792 2679 4854; x_wconf 86' lang='grc' dir='ltr'>συνειδότες</span> <span class='ocrx_word' id='word_1_925' title='bbox 2714 4791 2984 4843; x_wconf 88' lang='grc' dir='ltr'>δεδοίκασι</span> <span class='ocrx_word' id='word_1_926' title='bbox 3027 4790 3124 4843; x_wconf 77' lang='grc' dir='ltr'>καὶ</span> <span class='ocrx_word' id='word_1_927' title='bbox 3171 4789 3451 4859; x_wconf 88' lang='grc' dir='ltr'>φρίττουσι</span> <span class='ocrx_word' id='word_1_928' title='bbox 3479 4788 3565 4840; x_wconf 85' lang='grc' dir='ltr'>διὰ</span> <span class='ocrx_word' id='word_1_929' title='bbox 3599 4788 3690 4840; x_wconf 83' lang='grc' dir='ltr'>τὸν</span> 
     </span>
    </p>
   </div>
   <div class='ocr_carea' id='block_1_122' title="bbox 2115 4872 3691 4949">
    <p class='ocr_par' dir='ltr' id='par_1_122' title="bbox 2115 4872 3691 4949">
     <span class='ocr_line' id='line_1_122' title="bbox 2115 4872 3691 4949; baseline -0.006 -18"><span class='ocrx_word' id='word_1_930' title='bbox 2115 4877 2275 4949; x_wconf 84' lang='grc' dir='ltr'>φόϐον</span> <span class='ocrx_word' id='word_1_931' title='bbox 2302 4876 2395 4930; x_wconf 86' lang='grc' dir='ltr'>τοῦ</span> <span class='ocrx_word' id='word_1_932' title='bbox 2431 4875 2703 4929; x_wconf 86' lang='grc' dir='ltr'>δικαστοῦ·</span> <span class='ocrx_word' id='word_1_933' title='bbox 2733 4874 2874 4928; x_wconf 84' lang='grc' dir='ltr'>οὑτω</span> <span class='ocrx_word' id='word_1_934' title='bbox 2915 4874 3006 4926; x_wconf 72' lang='grc' dir='ltr'>καὶ</span> <span class='ocrx_word' id='word_1_935' title='bbox 3032 4874 3173 4936; x_wconf 88' lang='grc' dir='ltr'>τότε,</span> <span class='ocrx_word' id='word_1_936' title='bbox 3211 4873 3308 4940; x_wconf 85' lang='grc' dir='ltr'>τῆς</span> <span class='ocrx_word' id='word_1_937' title='bbox 3345 4872 3558 4940; x_wconf 87' lang='grc' dir='ltr'>φύσεως</span> <span class='ocrx_word' id='word_1_938' title='bbox 3590 4872 3691 4940; x_wconf 80' lang='grc' dir='ltr'>τῆς</span> 
     </span>
    </p>
   </div>
   <div class='ocr_carea' id='block_1_123' title="bbox 2113 4953 3692 5032">
    <p class='ocr_par' dir='ltr' id='par_1_123' title="bbox 2113 4953 3692 5032">
     <span class='ocr_line' id='line_1_123' title="bbox 2113 4953 3692 5032; baseline -0.006 -19"><span class='ocrx_word' id='word_1_939' title='bbox 2113 4961 2387 5032; x_wconf 83' lang='grc' dir='ltr'>ἡμετέρας</span> <span class='ocrx_word' id='word_1_940' title='bbox 2415 4957 2759 5029; x_wconf 83' lang='grc' dir='ltr'>κρινομένης,</span> <span class='ocrx_word' id='word_1_941' title='bbox 2795 4957 2888 5008; x_wconf 73' lang='grc' dir='ltr'>καὶ</span> <span class='ocrx_word' id='word_1_942' title='bbox 2921 4957 2972 5008; x_wconf 88' lang='grc' dir='ltr'>οί</span> <span class='ocrx_word' id='word_1_943' title='bbox 3016 4955 3178 5026; x_wconf 86' lang='grc' dir='ltr'>μηδὲν</span> <span class='ocrx_word' id='word_1_944' title='bbox 3216 4957 3427 5017; x_wconf 79' lang='grc' dir='ltr'>ἑαυτοῖς</span> <span class='ocrx_word' id='word_1_945' title='bbox 3455 4953 3692 5005; x_wconf 79' lang='grc' dir='ltr'>συνειδόο</span> 
     </span>
    </p>
   </div>
   <div class='ocr_carea' id='block_1_124' title="bbox 2112 5035 3690 5111">
    <p class='ocr_par' dir='ltr' id='par_1_124' title="bbox 2112 5035 3690 5111">
     <span class='ocr_line' id='line_1_124' title="bbox 2112 5035 3690 5111; baseline -0.006 -14"><span class='ocrx_word' id='word_1_946' title='bbox 2112 5062 2201 5107; x_wconf 89' lang='grc' dir='ltr'>τες</span> <span class='ocrx_word' id='word_1_947' title='bbox 2235 5041 2453 5110; x_wconf 78' lang='grc' dir='ltr'>ἄγγελοι</span> <span class='ocrx_word' id='word_1_948' title='bbox 2491 5041 2760 5094; x_wconf 78' lang='grc' dir='ltr'>δεδοίκασι</span> <span class='ocrx_word' id='word_1_949' title='bbox 2788 5041 2874 5093; x_wconf 90' lang='grc' dir='ltr'>διά</span> <span class='ocrx_word' id='word_1_950' title='bbox 2916 5038 3012 5111; x_wconf 89' lang='grc' dir='ltr'>τὴν</span> <span class='ocrx_word' id='word_1_951' title='bbox 3039 5038 3341 5109; x_wconf 80' lang='grc' dir='ltr'>ὑπερϐολὴν</span> <span class='ocrx_word' id='word_1_952' title='bbox 3370 5035 3465 5091; x_wconf 84' lang='grc' dir='ltr'>τοῦ</span> <span class='ocrx_word' id='word_1_953' title='bbox 3519 5036 3690 5106; x_wconf 77' lang='grc' dir='ltr'>φόϐου</span> 
     </span>
    </p>
   </div>
   <div class='ocr_carea' id='block_1_125' title="bbox 2111 5121 3690 5192">
    <p class='ocr_par' dir='ltr' id='par_1_125' title="bbox 2111 5121 3690 5192">
     <span class='ocr_line' id='line_1_125' title="bbox 2111 5121 3690 5192; baseline -0.004 -13"><span class='ocrx_word' id='word_1_954' title='bbox 2111 5127 2205 5180; x_wconf 86' lang='grc' dir='ltr'>τοῦ</span> <span class='ocrx_word' id='word_1_955' title='bbox 2234 5124 2506 5179; x_wconf 86' lang='grc' dir='ltr'>δικαστοῦ.</span> <span class='ocrx_word' id='word_1_956' title='bbox 2555 5124 2714 5176; x_wconf 80' lang='grc' dir='ltr'>Ἀλλά</span> <span class='ocrx_word' id='word_1_957' title='bbox 2750 5122 2837 5176; x_wconf 84' lang='grc' dir='ltr'>διὰ</span> <span class='ocrx_word' id='word_1_958' title='bbox 2863 5123 2917 5175; x_wconf 84' lang='grc' dir='ltr'>τί</span> <span class='ocrx_word' id='word_1_959' title='bbox 2949 5125 2978 5175; x_wconf 94' lang='grc' dir='ltr'>ὀ</span> <span class='ocrx_word' id='word_1_960' title='bbox 3013 5122 3244 5192; x_wconf 86' lang='grc' dir='ltr'>σταυρὸς</span> <span class='ocrx_word' id='word_1_961' title='bbox 3266 5121 3511 5190; x_wconf 88' lang='grc' dir='ltr'>φαίνεται</span> <span class='ocrx_word' id='word_1_962' title='bbox 3541 5121 3690 5178; x_wconf 85' lang='grc' dir='ltr'>τότε.</span> 
     </span>
    </p>
   </div>
   <div class='ocr_carea' id='block_1_126' title="bbox 2114 5203 3692 5277">
    <p class='ocr_par' dir='ltr' id='par_1_126' title="bbox 2114 5203 3692 5277">
     <span class='ocr_line' id='line_1_126' title="bbox 2114 5203 3692 5277; baseline -0.006 -14"><span class='ocrx_word' id='word_1_963' title='bbox 2114 5211 2206 5263; x_wconf 71' lang='grc' dir='ltr'>καὶ</span> <span class='ocrx_word' id='word_1_964' title='bbox 2240 5209 2326 5262; x_wconf 70' lang='grc' dir='ltr'>διὰ</span> <span class='ocrx_word' id='word_1_965' title='bbox 2348 5209 2400 5260; x_wconf 92' lang='grc' dir='ltr'>τί</span> <span class='ocrx_word' id='word_1_966' title='bbox 2437 5207 2574 5277; x_wconf 77' lang='grc' dir='ltr'>ἔχων</span> <span class='ocrx_word' id='word_1_967' title='bbox 2611 5207 2772 5260; x_wconf 85' lang='grc' dir='ltr'>αὑτὸν</span> <span class='ocrx_word' id='word_1_968' title='bbox 2803 5205 3054 5276; x_wconf 82' lang='grc' dir='ltr'>ἑρχεται;</span> <span class='ocrx_word' id='word_1_969' title='bbox 3099 5206 3216 5258; x_wconf 83' lang='grc' dir='ltr'>Ἵνα</span> <span class='ocrx_word' id='word_1_970' title='bbox 3249 5204 3459 5274; x_wconf 89' lang='grc' dir='ltr'>μάθωσι</span> <span class='ocrx_word' id='word_1_971' title='bbox 3479 5203 3579 5274; x_wconf 88' lang='grc' dir='ltr'>τὴν</span> <span class='ocrx_word' id='word_1_972' title='bbox 3608 5206 3692 5255; x_wconf 82' lang='grc' dir='ltr'>οἰ-</span> 
     </span>
    </p>
   </div>
   <div class='ocr_carea' id='block_1_127' title="bbox 2113 5287 3690 5360">
    <p class='ocr_par' dir='ltr' id='par_1_127' title="bbox 2113 5287 3690 5360">
     <span class='ocr_line' id='line_1_127' title="bbox 2113 5287 3690 5360; baseline -0.005 -15"><span class='ocrx_word' id='word_1_973' title='bbox 2113 5293 2265 5346; x_wconf 85' lang='grc' dir='ltr'>κείαν</span> <span class='ocrx_word' id='word_1_974' title='bbox 2299 5291 2478 5344; x_wconf 85' lang='grc' dir='ltr'>αὑτῶν</span> <span class='ocrx_word' id='word_1_975' title='bbox 2521 5290 2912 5358; x_wconf 80' lang='grc' dir='ltr'>ἀγνωμοσύνην</span> <span class='ocrx_word' id='word_1_976' title='bbox 2953 5291 3001 5342; x_wconf 89' lang='grc' dir='ltr'>οἱ</span> <span class='ocrx_word' id='word_1_977' title='bbox 3043 5287 3456 5360; x_wconf 87' lang='grc' dir='ltr'>σταυρώσαντες</span> <span class='ocrx_word' id='word_1_978' title='bbox 3501 5287 3690 5349; x_wconf 84' lang='grc' dir='ltr'>αὑτὸν,</span> 
     </span>
    </p>
   </div>
   <div class='ocr_carea' id='block_1_128' title="bbox 2112 5371 3692 5442">
    <p class='ocr_par' dir='ltr' id='par_1_128' title="bbox 2112 5371 3692 5442">
     <span class='ocr_line' id='line_1_128' title="bbox 2112 5371 3692 5442; baseline -0.006 -13"><span class='ocrx_word' id='word_1_979' title='bbox 2112 5378 2200 5430; x_wconf 74' lang='grc' dir='ltr'>διὰ</span> <span class='ocrx_word' id='word_1_980' title='bbox 2234 5375 2390 5428; x_wconf 90' lang='grc' dir='ltr'>τοῦτο</span> <span class='ocrx_word' id='word_1_981' title='bbox 2415 5373 2547 5426; x_wconf 84' lang='grc' dir='ltr'>αὑτὸ</span> <span class='ocrx_word' id='word_1_982' title='bbox 2573 5374 2634 5425; x_wconf 91' lang='grc' dir='ltr'>τὸ</span> <span class='ocrx_word' id='word_1_983' title='bbox 2672 5373 2938 5441; x_wconf 86' lang='grc' dir='ltr'>σύμϐολον</span> <span class='ocrx_word' id='word_1_984' title='bbox 2963 5373 3062 5442; x_wconf 80' lang='grc' dir='ltr'>τῆς</span> <span class='ocrx_word' id='word_1_985' title='bbox 3088 5373 3472 5441; x_wconf 81' lang='grc' dir='ltr'>ἀναισχυντίας</span> <span class='ocrx_word' id='word_1_986' title='bbox 3509 5371 3692 5422; x_wconf 76' lang='grc' dir='ltr'>αὑτῶν</span> 
     </span>
    </p>
   </div>
   <div class='ocr_carea' id='block_1_129' title="bbox 2111 5453 3692 5526">
    <p class='ocr_par' dir='ltr' id='par_1_129' title="bbox 2111 5453 3692 5526">
     <span class='ocr_line' id='line_1_129' title="bbox 2111 5453 3692 5526; baseline -0.006 -12"><span class='ocrx_word' id='word_1_987' title='bbox 2111 5461 2369 5514; x_wconf 83' lang='grc' dir='ltr'>δείκνυσι.</span> <span class='ocrx_word' id='word_1_988' title='bbox 2401 5459 2510 5511; x_wconf 71' lang='grc' dir='ltr'>Καὶ</span> <span class='ocrx_word' id='word_1_989' title='bbox 2531 5458 2612 5510; x_wconf 85' lang='grc' dir='ltr'>ὅτι</span> <span class='ocrx_word' id='word_1_990' title='bbox 2641 5456 2727 5508; x_wconf 82' lang='grc' dir='ltr'>διά</span> <span class='ocrx_word' id='word_1_991' title='bbox 2757 5455 2915 5508; x_wconf 90' lang='grc' dir='ltr'>τοῦτο</span> <span class='ocrx_word' id='word_1_992' title='bbox 2944 5455 3106 5510; x_wconf 90' lang='grc' dir='ltr'>αὑτὸν</span> <span class='ocrx_word' id='word_1_993' title='bbox 3136 5457 3309 5526; x_wconf 83' lang='grc' dir='ltr'>φέρει,</span> <span class='ocrx_word' id='word_1_994' title='bbox 3337 5455 3568 5508; x_wconf 73' lang='grc' dir='ltr'>ἄκουσον</span> <span class='ocrx_word' id='word_1_995' title='bbox 3595 5453 3692 5505; x_wconf 84' lang='grc' dir='ltr'>τοῦ</span> 
     </span>
    </p>
   </div>
   <div class='ocr_carea' id='block_1_130' title="bbox 2115 5535 3695 5614">
    <p class='ocr_par' dir='ltr' id='par_1_130' title="bbox 2115 5535 3695 5614">
     <span class='ocr_line' id='line_1_130' title="bbox 2115 5535 3695 5614; baseline -0.006 -18"><span class='ocrx_word' id='word_1_996' title='bbox 2115 5545 2391 5614; x_wconf 86' lang='grc' dir='ltr'>προφήτου</span> <span class='ocrx_word' id='word_1_997' title='bbox 2429 5540 2695 5608; x_wconf 84' lang='grc' dir='ltr'>λέγοντος·</span> <span class='ocrx_word' id='word_1_998' title='bbox 2746 5539 2882 5592; x_wconf 82' lang='grc' dir='ltr'>Τότε</span> <span class='ocrx_word' id='word_1_999' title='bbox 2929 5541 3220 5607; x_wconf 67' lang='grc' dir='ltr'>κόψονται</span> <span class='ocrx_word' id='word_1_1000' title='bbox 3268 5541 3327 5591; x_wconf 86' lang='grc' dir='ltr'>αἱ</span> <span class='ocrx_word' id='word_1_1001' title='bbox 3361 5537 3546 5606; x_wconf 64' lang='grc' dir='ltr'>φυλαί</span> <span class='ocrx_word' id='word_1_1002' title='bbox 3582 5535 3695 5600; x_wconf 79' lang='grc' dir='ltr'>τῆς</span> 
     </span>
    </p>
   </div>
   <div class='ocr_carea' id='block_1_131' title="bbox 2110 5619 3695 5697">
    <p class='ocr_par' dir='ltr' id='par_1_131' title="bbox 2110 5619 3695 5697">
     <span class='ocr_line' id='line_1_131' title="bbox 2110 5619 3695 5697; baseline -0.008 -15"><span class='ocrx_word' id='word_1_1003' title='bbox 2110 5628 2246 5697; x_wconf 70' lang='grc' dir='ltr'>τῆς,</span> <span class='ocrx_word' id='word_1_1004' title='bbox 2262 5627 2554 5694; x_wconf 84' lang='grc' dir='ltr'>βλέπουσαι</span> <span class='ocrx_word' id='word_1_1005' title='bbox 2579 5625 2669 5675; x_wconf 86' lang='grc' dir='ltr'>τὸν</span> <span class='ocrx_word' id='word_1_1006' title='bbox 2691 5625 3011 5692; x_wconf 87' lang='grc' dir='ltr'>κατήγορον,</span> <span class='ocrx_word' id='word_1_1007' title='bbox 3033 5624 3127 5676; x_wconf 74' lang='grc' dir='ltr'>καὶ</span> <span class='ocrx_word' id='word_1_1008' title='bbox 3150 5621 3608 5689; x_wconf 78' lang='grc' dir='ltr'>ἐπιγινώσκουσαι</span> <span class='ocrx_word' id='word_1_1009' title='bbox 3635 5619 3695 5671; x_wconf 86' lang='grc' dir='ltr'>τὸ</span> 
     </span>
    </p>
   </div>
   <div class='ocr_carea' id='block_1_132' title="bbox 2112 5703 3694 5781">
    <p class='ocr_par' dir='ltr' id='par_1_132' title="bbox 2112 5703 3694 5781">
     <span class='ocr_line' id='line_1_132' title="bbox 2112 5703 3694 5781; baseline -0.007 -17"><span class='ocrx_word' id='word_1_1010' title='bbox 2112 5711 2434 5781; x_wconf 84' lang='grc' dir='ltr'>ἁμάρτημα.</span> <span class='ocrx_word' id='word_1_1011' title='bbox 2475 5709 2584 5761; x_wconf 80' lang='grc' dir='ltr'>Καὶ</span> <span class='ocrx_word' id='word_1_1012' title='bbox 2615 5706 2666 5759; x_wconf 85' lang='grc' dir='ltr'>τί</span> <span class='ocrx_word' id='word_1_1013' title='bbox 2697 5705 3018 5775; x_wconf 86' lang='grc' dir='ltr'>θαυμάζεις,</span> <span class='ocrx_word' id='word_1_1014' title='bbox 3058 5707 3106 5758; x_wconf 83' lang='grc' dir='ltr'>εἰ</span> <span class='ocrx_word' id='word_1_1015' title='bbox 3131 5705 3222 5757; x_wconf 86' lang='grc' dir='ltr'>τὸν</span> <span class='ocrx_word' id='word_1_1016' title='bbox 3255 5703 3487 5775; x_wconf 88' lang='grc' dir='ltr'>σταυρὸν</span> <span class='ocrx_word' id='word_1_1017' title='bbox 3509 5703 3694 5770; x_wconf 83' lang='grc' dir='ltr'>φέρων</span> 
     </span>
    </p>
   </div>
   <div class='ocr_carea' id='block_1_133' title="bbox 2111 5785 3692 5866">
    <p class='ocr_par' dir='ltr' id='par_1_133' title="bbox 2111 5785 3692 5866">
     <span class='ocr_line' id='line_1_133' title="bbox 2111 5785 3692 5866; baseline -0.007 -19"><span class='ocrx_word' id='word_1_1018' title='bbox 2111 5797 2353 5866; x_wconf 75' lang='grc' dir='ltr'>ἔρχεται,</span> <span class='ocrx_word' id='word_1_1019' title='bbox 2395 5795 2529 5850; x_wconf 73' lang='grc' dir='ltr'>ὅπου</span> <span class='ocrx_word' id='word_1_1020' title='bbox 2562 5808 2626 5858; x_wconf 92' lang='grc' dir='ltr'>γε</span> <span class='ocrx_word' id='word_1_1021' title='bbox 2673 5791 2764 5843; x_wconf 73' lang='grc' dir='ltr'>καὶ</span> <span class='ocrx_word' id='word_1_1022' title='bbox 2811 5789 2950 5843; x_wconf 84' lang='grc' dir='ltr'>αὑτά</span> <span class='ocrx_word' id='word_1_1023' title='bbox 2989 5789 3058 5842; x_wconf 78' lang='grc' dir='ltr'>τὰ</span> <span class='ocrx_word' id='word_1_1024' title='bbox 3094 5788 3385 5860; x_wconf 85' lang='grc' dir='ltr'>τραύματα</span> <span class='ocrx_word' id='word_1_1025' title='bbox 3413 5787 3531 5839; x_wconf 87' lang='grc' dir='ltr'>τότε</span> <span class='ocrx_word' id='word_1_1026' title='bbox 3580 5785 3692 5836; x_wconf 84' lang='grc' dir='ltr'>δεί-</span> 
     </span>
    </p>
   </div>
   <div class='ocr_carea' id='block_1_134' title="bbox 2114 5870 3690 5943">
    <p class='ocr_par' dir='ltr' id='par_1_134' title="bbox 2114 5870 3690 5943">
     <span class='ocr_line' id='line_1_134' title="bbox 2114 5870 3690 5943; baseline -0.008 -14"><span class='ocrx_word' id='word_1_1027' title='bbox 2114 5894 2320 5930; x_wconf 87' lang='grc' dir='ltr'>κνυσιν·</span> <span class='ocrx_word' id='word_1_1028' title='bbox 2357 5877 2642 5941; x_wconf 70' lang='grc' dir='ltr'>Ὄψονται</span> <span class='ocrx_word' id='word_1_1029' title='bbox 2673 5873 2800 5943; x_wconf 84' lang='grc' dir='ltr'>γὰρ,</span> <span class='ocrx_word' id='word_1_1030' title='bbox 2826 5874 3010 5942; x_wconf 71' lang='grc' dir='ltr'>φησὶν,</span> <span class='ocrx_word' id='word_1_1031' title='bbox 3041 5876 3127 5938; x_wconf 84' lang='grc' dir='ltr'>εις</span> <span class='ocrx_word' id='word_1_1032' title='bbox 3152 5872 3223 5926; x_wconf 87' lang='grc' dir='ltr'>ὃν</span> <span class='ocrx_word' id='word_1_1033' title='bbox 3250 5870 3690 5934; x_wconf 77' lang='grc' dir='ltr'>ὲξεκέντησαν;</span> 
     </span>
    </p>
   </div>
   <div class='ocr_carea' id='block_1_135' title="bbox 2108 5952 3690 6030">
    <p class='ocr_par' dir='ltr' id='par_1_135' title="bbox 2108 5952 3690 6030">
     <span class='ocr_line' id='line_1_135' title="bbox 2108 5952 3690 6030; baseline -0.006 -16"><span class='ocrx_word' id='word_1_1034' title='bbox 2108 5960 2376 6030; x_wconf 78' lang='grc' dir='ltr'>Καθάπερ</span> <span class='ocrx_word' id='word_1_1035' title='bbox 2400 5959 2507 6029; x_wconf 81' lang='grc' dir='ltr'>γὰρ</span> <span class='ocrx_word' id='word_1_1036' title='bbox 2532 5959 2622 6011; x_wconf 72' lang='grc' dir='ltr'>ἐπὶ</span> <span class='ocrx_word' id='word_1_1037' title='bbox 2644 5957 2734 6011; x_wconf 90' lang='grc' dir='ltr'>τοῦ</span> <span class='ocrx_word' id='word_1_1038' title='bbox 2759 5959 2929 6028; x_wconf 73' lang='grc' dir='ltr'>θωμᾶ</span> <span class='ocrx_word' id='word_1_1039' title='bbox 2952 5958 3194 6029; x_wconf 64' lang='grc' dir='ltr'>ἐποίησε,</span> <span class='ocrx_word' id='word_1_1040' title='bbox 3216 5956 3537 6028; x_wconf 86' lang='grc' dir='ltr'>βουλόμενος</span> <span class='ocrx_word' id='word_1_1041' title='bbox 3558 5952 3690 6005; x_wconf 80' lang='grc' dir='ltr'>άπι-</span> 
     </span>
    </p>
   </div>
  </div>
