4066 6392
368 452 471 506 «105

364 563 723 634 dimittuntur,
752 579 806 626 et
845 571 1046 628 innoxii
1088 576 1393 633 afficiuntur
1423 584 1702 654 supplicio.
1740 587 1946 642 Etenim

363 657 587 724 judiees,
611 661 772 716 velim
793 663 987 730 nolint,
1015 666 1068 721 in
1090 670 1270 724 multis
1299 684 1547 739 peccant;
1578 677 1837 746 siquidem
1869 681 1950 735 vel

364 750 450 814 ius
477 751 782 820 ignorantes
811 764 864 810 et
891 755 1120 828 decepti,
1153 762 1233 816 vel
1279 764 1426 832 gnari
1467 765 1703 836 quidem,
1735 771 1829 824 sed
1856 788 1950 839 pe-

367 844 525 900 cunia
551 853 786 918 corrupti
809 864 996 905 verum
1025 853 1285 908 calculum
1310 857 1678 926 prodiderunt.
1712 861 1953 931 Superne

365 943 542 990 autem
586 952 744 994 secus
774 957 789 996 :
822 941 963 996 Deus
1004 945 1146 998 enim
1183 945 1347 1015 judex
1386 948 1580 1018 justus,
1613 964 1666 1006 et
1697 953 1953 1021 judicium

365 1042 483 1096 ejus
507 1030 658 1097 quasi
687 1031 771 1085 lux
801 1034 1121 1103 egredietur,
1149 1053 1254 1092 non
1289 1041 1543 1106 tenebris,
1578 1059 1680 1096 non
1710 1045 1954 1114 ignoran-

367 1119 438 1172 tia
470 1119 895 1179 obscurantibus.
941 1126 1148 1181 Etenim
1175 1143 1241 1183 ne
1266 1129 1500 1196 diceret,
1531 1149 1651 1187 eum
1685 1135 1818 1189 infra
1856 1137 1952 1190 da-

371 1221 609 1268 mnatum
649 1213 833 1282 fuisse,
863 1217 928 1272 ad
957 1235 1246 1287 supernum
1281 1224 1508 1278 tribunal
1539 1227 1684 1282 illum
1715 1229 1947 1294 deduxit,

367 1303 782 1360 commonefecit
809 1307 952 1365 illius
979 1309 1228 1367 horrendi
1258 1315 1572 1383 tribunalis;
1619 1334 1681 1374 ac
1723 1321 1766 1374 si
1806 1320 1952 1375 diee-

370 1406 495 1448 ret:
530 1395 604 1450 Eo
653 1402 856 1470 respice
881 1445 896 1466 ,
934 1419 1032 1458 nec
1072 1405 1428 1463 damnationis
1469 1410 1734 1467 calculum
1779 1413 1953 1479 feres,

369 1501 542 1558 neque
572 1491 706 1545 infra
739 1496 904 1550 stabis
939 1504 1058 1552 cum
1090 1503 1357 1570 corruptis
1377 1503 1664 1572 judicibus,
1692 1507 1784 1564 sed
1809 1508 1954 1578 judi-

369 1581 512 1635 cium
540 1601 768 1649 superne
795 1587 957 1644 latum
988 1593 1312 1661 acceptabis.
1341 1595 1532 1652 Vidisti
1562 1598 1954 1670 philosophiam

371 1674 632 1731 latronis?
653 1679 826 1734 vidisti
851 1684 1205 1752 prudentiam,
1228 1696 1281 1742 et
1304 1688 1645 1746 doctrinam?
1664 1692 1956 1749 Confestim

368 1780 398 1817 ιι
424 1780 581 1822 cruce
603 1767 653 1822 itt
675 1770 862 1826 czelum
885 1774 1135 1830 avolavit.
1163 1777 1363 1834 Deinde
1383 1795 1448 1835 ex
1468 1781 1758 1838 abundanti
1782 1785 1952 1856 ipsum

372 1858 652 1930 increpans
683 1881 696 1916 :
729 1862 852 1918 Non
877 1867 1036 1932 times,
1067 1868 1294 1934 dicebat,
1321 1873 1439 1944 quia
1466 1874 1519 1928 in
1545 1875 1719 1930 eadem
1745 1877 1958 1932 damna-

370 1954 506 2007 tione
528 1970 714 2010 sumus
742 1955 890 2029 (Luc.
918 1961 1007 2016 25.
1037 1962 1150 2032 40).
1179 1962 1316 2029 Quid
1360 1965 1461 2020 sibi
1489 1968 1602 2022 vult
1643 1967 1796 2034 illud,
1827 1969 1958 2037 Quia

371 2045 424 2098 in
448 2047 622 2099 eadem
641 2046 966 2105 damnatione
985 2054 1197 2107 sumus?
1222 2055 1277 2109 lu
1308 2056 1496 2112 eodem
1525 2073 1719 2128 nempe
1750 2060 1949 2131 suppli-

370 2137 476 2192 cio.
508 2137 693 2206 Nonne
721 2149 774 2193 tu
798 2143 956 2197 etiam
981 2158 1039 2198 es
1062 2146 1112 2198 in
1135 2147 1330 2201 cruce?
1358 2148 1490 2203 Dum
1519 2164 1647 2220 ergo
1670 2150 1743 2205 illi
1768 2152 1954 2206 convi-

369 2229 548 2290 ciaris,
570 2231 795 2301 teipsum
821 2235 964 2302 prius
984 2237 1214 2306 impetis.
1242 2238 1699 2304 Quemadmodum
1723 2242 1864 2296 enim
1890 2242 1954 2310 is,

370 2322 459 2390 qui
501 2322 552 2376 in
596 2326 823 2390 peccatis
865 2334 965 2391 est,
1009 2328 1052 2382 si
1093 2329 1317 2385 alterum
1357 2333 1691 2400 criminetur,
1723 2334 1956 2404 seipsum

375 2413 520 2482 prius
548 2415 860 2471 criminatur
888 2436 902 2470 :
934 2419 1011 2473 sic
1038 2429 1093 2474 et
1122 2420 1197 2487 is,
1228 2423 1317 2491 qui
1349 2422 1401 2477 in
1431 2424 1734 2480 calamitate
1762 2426 1960 2481 consti-

374 2513 536 2572 tutus,
573 2508 722 2561 alteri
764 2511 1120 2566 calamitatem
1164 2513 1296 2567 vitio
1334 2516 1509 2581 vertit,
1537 2516 1768 2586 seipsum
1811 2519 1958 2586 prius

375 2597 610 2653 damnat.
659 2602 788 2666 Quia
819 2603 870 2656 in
897 2605 1069 2658 eadem
1099 2605 1423 2661 damnatione
1451 2625 1642 2662 sumus.
1691 2609 1958 2677 Apostoli-

372 2704 490 2744 eam
528 2691 654 2762 legit
695 2695 792 2762 ipsi
833 2696 1024 2765 legem,
1055 2696 1168 2753 haec
1197 2699 1397 2754 scilicet
1423 2703 1722 2771 evangelica
1752 2703 1908 2758 verba
1942 2722 1956 2758 :

377 2781 552 2838 Nolite
564 2785 817 2854 judicare,
847 2801 900 2840 ut
931 2806 1031 2842 non
1050 2790 1350 2858 judicemini
1378 2791 1588 2861 (Matth.
1616 2793 1666 2846 7.
1700 2794 1776 2865 1).
1827 2794 1959 2861 Quia

373 2891 428 2928 tn
456 2878 629 2930 eadem
655 2881 977 2934 damnatione
999 2899 1190 2936 sumus.
1223 2883 1357 2952 Quid
1383 2884 1530 2947 facis,
1562 2899 1596 2938 o
1626 2885 1797 2939 latro?
1830 2886 1956 2940 dum

375 2983 496 3022 eum
519 2969 776 3028 defendis.
801 2972 1096 3028 htronisne
1119 2974 1322 3029 socium
1346 2985 1395 3029 te
1411 2975 1573 3030 facis?
1595 2977 1955 3047 Nequaquam,

375 3061 491 3113 ait:
522 3076 585 3114 ex
623 3065 969 3131 sequentibus
1012 3064 1151 3120 hanc
1193 3067 1550 3135 suspicionem
1594 3084 1838 3124 amoveo.
1881 3070 1959 3126 Ne

376 3161 530 3220 putes
569 3153 710 3208 enim
746 3171 866 3208 eum
896 3171 961 3209 ex
987 3159 1362 3213 communione
1388 3161 1631 3230 supplicii
1656 3172 1956 3218 consortem

379 3245 526 3298 illum
572 3248 773 3314 peccati
821 3247 1029 3315 fecisse,
1060 3250 1138 3304 sic
1176 3251 1322 3320 prius
1365 3253 1580 3308 dictum‘
1595 3255 1812 3324 corrigit
1846 3274 1858 3308 :
1893 3255 1958 3309 Et

377 3353 467 3390 nos
492 3339 693 3408 quidem
711 3341 855 3410 juste
883 3357 900 3394 :
926 3358 1042 3396 nam
1069 3344 1224 3414 digna
1249 3346 1398 3416 factis
1426 3346 1648 3415 patimur
1687 3346 1836 3420 (Luc.
1865 3348 1954 3404 95.

375 3432 489 3500 41).
523 3432 682 3516 Vides
722 3433 1113 3490 confessionem
1157 3437 1478 3506 perfectam?
1505 3439 1650 3496 vides
1693 3441 1960 3510 quomodo

375 3524 428 3578 itt
457 3540 615 3581 cruce
647 3537 860 3596 peccata
889 3529 1068 3584 exuit?
1106 3530 1238 3584 Nam
1268 3532 1456 3601 legitur
1482 3550 1496 3587 :
1530 3533 1624 3588 Dic
1667 3544 1721 3589 tu
1755 3546 1960 3606 peccata

375 3626 461 3669 tua
486 3621 696 3687 primus,
725 3629 778 3672 ut
796 3621 1094 3689 jnstiﬁceris
1120 3621 1284 3695 (Isai.
1317 3625 1406 3680 45.
1429 3624 1500 3680 26
1524 3625 1563 3695 ).
1596 3625 1764 3680 Nemo
1788 3627 1961 3698 coegit

377 3708 548 3771 illum.
574 3726 732 3765 nemo
755 3713 860 3766 vim
893 3713 990 3781 ipsi
1018 3712 1164 3778 fecit,
1195 3715 1288 3770 sed
1323 3716 1436 3784 ipse
1459 3718 1805 3787 semetipsum
1837 3734 1960 3788 pro-

377 3800 495 3854 tulit
521 3801 704 3857 dicens
733 3820 746 3857 :
770 3803 838 3857 Et
864 3821 957 3858 nos
975 3806 1177 3875 quidem
1195 3809 1354 3876 juste,
1381 3825 1500 3862 nam
1521 3810 1676 3880 digna
1697 3811 1846 3879 factis
1867 3829 1961 3881 pa-

376 3893 562 3956 timur;
591 3896 674 3948 hic
698 3910 812 3949 vero
839 3897 970 3951 nihil
995 3898 1119 3952 mali
1139 3899 1254 3970 fecit
1278 3899 1424 3969 (Luc.
1457 3900 1548 3954 23.
1580 3901 1668 3958 41.
1701 3901 1791 3972 42)
1819 3919 1832 3954 :
1865 3905 1959 3958 ad-

374 3985 555 4056 ditque
602 3998 785 4056 postea
819 4007 832 4044 :
867 3989 1119 4046 Memento
1145 3993 1244 4046 mei
1263 4033 1278 4059 ,
1323 3992 1566 4061 Domine,
1594 3995 1647 4048 in
1674 4011 1828 4066 regno
1853 4005 1957 4049 tuo.

373 4077 488 4132 Non
524 4080 667 4148 prius
686 4095 848 4136 ausus
874 4092 958 4138 est
981 4083 1178 4150 dicere,
1210 4083 1464 4141 Memento
1487 4088 1582 4140 mei
1601 4088 1653 4142 in
1674 4104 1828 4159 regno
1848 4099 1956 4155 tuo,

375 4186 533 4237 quant
579 4186 675 4241 per
711 4174 1102 4230 confessionem
1132 4187 1474 4246 peccatorum
1506 4192 1771 4234 sarcinam
1795 4178 1959 4250 depo-

376 4259 590 4315 suisset.

446 4352 702 4422 Confessio
712 4366 901 4426 quanta
918 4375 996 4414 res
1009 4359 1093 4413 sit.
1112 4388 1183 4400 -—
1199 4358 1386 4416 Viden‘
1409 4370 1604 4432 quanta
1632 4377 1718 4416 res
1743 4363 1811 4418 sit
1830 4378 1958 4418 con-

377 4447 574 4502 fessio?
595 4448 883 4506 Confessus
902 4461 1001 4513 est,
1025 4461 1080 4506 et
1101 4453 1398 4522 paradisum
1425 4455 1664 4524 aperuit:
1687 4457 1961 4510 confessus

377 4547 478 4603 est,
501 4548 556 4593 et
577 4547 775 4595 tantam
796 4544 1000 4612 accepit
1020 4544 1284 4608 fiduciam,
1309 4555 1417 4600 uta
1441 4546 1716 4602 latrocinio
1737 4562 1957 4616 regnum

377 4637 598 4698 peteret.
627 4629 814 4686 Viden’
841 4641 1157 4701 quantorum
1181 4634 1335 4690 nobis
1358 4635 1619 4692 bonorum
1641 4651 1769 4692 crux
1798 4653 1958 4692 causa

377 4719 567 4774 fuerit?
597 4720 837 4792 Regnum
869 4724 1041 4792 petis?
1080 4724 1214 4793 Quid
1255 4726 1405 4781 vides
1447 4726 1784 4795 hujusmodi?
1811 4728 1958 4782 Clavi

375 4823 426 4863 et
444 4827 570 4865 crux
601 4813 648 4865 in
672 4824 956 4879 conspectu
979 4825 1129 4878 sunt;
1154 4832 1334 4870 verum
1365 4831 1425 4871 ea
1450 4818 1559 4886 ipsa
1588 4833 1739 4880 crux,
1770 4819 1958 4888 inquit,

375 4914 457 4958 est
497 4908 796 4976 symbolum
845 4909 1011 4977 regni.
1056 4909 1180 4963 Ideo
1219 4909 1387 4978 ipsum
1426 4925 1605 4981 regem
1645 4927 1795 4976 voco,
1839 4912 1960 4981 quia

375 4996 528 5052 video
554 4999 865 5054 crucifixum
897 5020 909 5055 :
937 5002 1074 5071 regis
1119 5003 1260 5057 enim
1301 5014 1382 5058 est
1421 5019 1516 5073 pro
1553 5005 1776 5059 subditis
1801 5005 1958 5059 mori.

378 5090 472 5145 llic
518 5091 632 5161 ipse
676 5090 808 5146 dixit
834 5109 847 5145 :
877 5091 1050 5147 Bonus
1080 5105 1248 5161 pastor
1271 5096 1494 5148 animam
1527 5111 1669 5148 suam
1701 5097 1840 5166 ponit
1868 5115 1958 5167 pro

375 5186 545 5240 oribus
572 5183 764 5256 (Joan.
797 5185 878 5241 10.
913 5187 970 5241 il
1001 5185 1018 5257 )
1049 5202 1212 5257 :ergo
1263 5195 1318 5242 et
1364 5188 1535 5242 bonus
1582 5204 1673 5242 rex
1727 5191 1957 5243 animam

374 5291 525 5332 suam
575 5278 724 5347 ponit
771 5293 868 5348 pro
911 5277 1156 5335 subditis.
1204 5278 1465 5347 Quoniam
1517 5280 1678 5350 igitur
1726 5281 1956 5336 animum

374 5387 522 5424 suam
567 5372 760 5439 posuit,
794 5371 913 5427 ideo
956 5388 1138 5442 regem
1184 5372 1334 5428 illum
1362 5388 1516 5428 voco.
1561 5372 1814 5427 Memento
1842 5375 1957 5439 mei,

376 5463 619 5529 Domine,
645 5467 700 5519 in
726 5482 880 5535 regno
903 5474 1009 5520 tuo.

447 5555 503 5610 4.
538 5555 723 5612 Viden‘
755 5558 1021 5627 quomodo
1050 5572 1182 5614 crux
1209 5558 1278 5612 sit
1302 5559 1447 5628 regni
1478 5557 1816 5629 symbolum?
1848 5556 1961 5610 Vis-

379 5664 446 5703 ne
467 5655 524 5704 et
541 5650 754 5705 aliunde
778 5650 905 5705 illud
928 5651 1171 5707 discere?
1200 5652 1313 5705 Non
1337 5653 1547 5721 reliquit
1574 5667 1693 5706 eum
1717 5653 1768 5705 in
1796 5661 1957 5715 terra,

380 5741 473 5794 sed
517 5742 733 5795 attraxit
759 5758 878 5797 cum
909 5752 962 5798 et
995 5744 1046 5798 in
1076 5745 1265 5798 cadum
1291 5743 1526 5796 deduxit.
1561 5743 1709 5798 Unde
1739 5742 1841 5796 hoc
1871 5758 1962 5810 pa-

383 5834 486 5886 lam
508 5833 624 5887 est?
650 5833 782 5900 Quia
803 5843 1056 5889 venturus
1077 5843 1158 5890 est
1178 5850 1295 5889 cum
1326 5835 1415 5887 illo
1442 5835 1492 5888 in
1520 5835 1751 5888 secundo
1774 5843 1827 5888 et
1845 5833 1960 5902 glo-

383 5927 525 5982 rioso
551 5924 664 5994 ejus
693 5925 920 5983 adventu
940 5969 955 5994 ,
985 5937 1041 5981 ut
1063 5926 1238 5982 discas
1264 5943 1473 5982 crucem
1506 5940 1622 5981 esse
1650 5942 1757 5981 rem
1791 5925 1961 5980 hono-

1409 461 1494 516 DE
1532 461 1759 520 CRUCE
1801 465 1889 520 ET
1926 467 2270 526 LATRONE.
2312 472 2536 529 llOMlL.
2582 474 2620 529 l.

3531 482 3638 540 404

2064 591 2317 656 rabilem;
2347 609 2508 662 quare
2535 606 2587 649 et
2606 595 2824 664 gloriam
2859 596 2996 650 illam
3021 599 3247 651 vocavit.
3284 605 3346 652 At
3370 601 3638 656 videamus

2059 685 2326 753 quomodo
2354 701 2472 739 eum
2501 703 2658 741 cruce
2690 689 2864 742 veniat
2899 708 2910 740 :
2948 704 3164 744 necesse
3205 694 3399 762 quippe
3438 704 3520 748 est
3549 695 3645 748 dc-

2064 777 2498 832 monstrationem
2530 780 2578 831 itt
2610 780 2839 834 medium
2869 783 3139 836 reducere.
3190 783 3251 836 Si
3289 784 3527 848 dixerint,
3563 785 3643 837 in-

2058 867 2190 936 quit,
2219 884 2330 921 ecce
2360 871 2412 922 in
2452 871 2787 934 penetralibus
2825 883 2897 926 est
2942 874 3166 927 Christus
3186 917 3198 939 ,
3234 893 3344 929 ecce
3372 878 3420 928 in
3449 879 3648 930 deserto

2060 970 2168 1023 est;
2196 958 3267 1030 neabeatis(Matth.24.26);desecundo
3311 980 3363 1022 et
3410 968 3648 1037 glorioso

2060 1066 2159 1106 suo
2184 1051 2410 1106 adventu
2438 1055 2512 1107 sic
2539 1056 2761 1123 loquens
2793 1067 3008 1124 propter
3036 1056 3194 1110 falsos
3219 1056 3493 1123 Chriszos,
3522 1073 3645 1124 pro-

2063 1155 2180 1211 pter
2205 1144 2363 1198 falsos
2396 1145 2710 1215 prophetas,
2745 1157 2963 1215 propter
2989 1148 3369 1202 Antichristum
3390 1190 3402 1212 ,
3434 1164 3499 1202 ne
3526 1149 3649 1217 quis

2061 1235 2312 1289 seductus
2357 1236 2408 1289 itt
2456 1236 2602 1290 illum
2650 1238 2924 1292 inrideret.
2955 1240 3086 1305 Quia
3119 1239 3258 1293 enim
3288 1241 3644 1293 Anticltristus

2059 1336 2312 1382 venturus
2336 1337 2560 1382 astante
2581 1327 2872 1391 Christum,
2897 1345 2964 1382 ne
2979 1330 3098 1398 quis
3122 1340 3383 1398 pastorem
3403 1344 3646 1398 qtttrrcns

2062 1418 2115 1472 in
2141 1418 2322 1488 lupum
2348 1418 2565 1484 incidat,
2590 1418 2789 1474 idcirco
2812 1418 3062 1474 indicium
3093 1420 3184 1474 tibi
3216 1420 3282 1473 do
3305 1421 3530 1488 pastoris
3551 1421 3647 1474 ad-

2063 1518 2272 1565 ventus.
2301 1509 2433 1564 Nam
2461 1513 2581 1580 quia
2613 1511 2759 1580 prior
2782 1512 2897 1578 ejus
2925 1510 3182 1565 adventus
3213 1511 3378 1574 latuit,
3406 1527 3472 1564 ne
3494 1520 3646 1579 putes

2061 1606 2352 1662 secundum
2383 1606 2668 1662 adventum
2697 1607 2851 1661 talem
2887 1605 3116 1660 futurum
3149 1621 3290 1671 esse,
3324 1604 3426 1659 hoc
3451 1604 3542 1659 tibi
3570 1605 3645 1659 si-

2061 1714 2223 1769 gnum
2251 1699 2414 1754 dedit.
2443 1699 2570 1754 Jure
2595 1707 2770 1754 autem
2799 1699 2886 1754 ille
2906 1699 3163 1753 adventus
3183 1698 3320 1752 clam
3351 1695 3447 1751 fuit
3472 1697 3646 1751 :venit

2061 1791 2203 1844 enim
2234 1790 2515 1860 qua-situm
2544 1789 2684 1860 quod
2715 1789 2978 1860 perierat;
3027 1798 3083 1844 at
3121 1788 3208 1843 hic
3245 1787 3512 1843 secundus
3540 1803 3644 1841 non

2065 1883 2157 1945 ita,
2201 1881 2296 1936 sed
2334 1881 2636 1952 quomodo,
2665 1883 2887 1951 qumso?
2919 1880 3065 1935 Sicut
3104 1881 3236 1933 enim
3269 1880 3439 1951 fulgur
3460 1879 3558 1933 exit
3585 1879 3647 1931 ab

2067 1972 2290 2034 Oriente,
2317 1981 2362 2025 et
2387 1983 2594 2042 apparet
2619 1989 2772 2042 usque
2800 1973 2867 2025 ad
2896 1972 3236 2035 Occidentem,
3266 1972 3337 2025 sic
3367 1972 3457 2025 erit
3483 1982 3530 2025 et
3554 1971 3647 2023 atl-

2062 2074 2234 2119 ventus
2282 2063 2408 2118 Filii
2457 2066 2672 2119 hominis
2719 2063 2880 2133 (ibid.
2916 2080 2962 2117 υ.
2992 2063 3117 2132 9.7).
3147 2063 3434 2118 Confestim
3477 2064 3650 2117 omni-

2065 2159 2161 2212 bus
2185 2159 2476 2228 apparebit,
2510 2159 2814 2228 neminique
2846 2159 3168 2226 interrogato
3195 2172 3329 2224 Opus
3351 2158 3484 2221 erit,
3520 2173 3644 2210 nunt

2065 2252 2150 2306 hic
2173 2294 2186 2319 ,
2218 2267 2344 2306 num
2375 2252 2482 2307 illic
2507 2253 2576 2306 sit
2601 2251 2863 2306 Christus.
2899 2251 3353 2318 Quemadmodum
3383 2251 3522 2303 enim
3551 2264 3645 2318 ap-

2065 2351 2284 2413 parente
2309 2345 2529 2415 fulgure,
2559 2360 2665 2399 non
2699 2361 2832 2415 Opus
2860 2355 2941 2399 est
2969 2346 3273 2414 perquirere
3300 2360 3364 2397 an
3387 2357 3647 2412 apparue-

2064 2437 2166 2498 rit;
2215 2437 2294 2490 sic
2333 2446 2386 2490 et
2421 2437 2472 2489 in
2503 2436 2729 2489 adventu
2755 2435 2950 2490 Christi
2982 2451 3084 2489 non
3113 2451 3246 2505 opus
3272 2435 3373 2490 erit
3409 2449 3647 2504 quzerere

2063 2544 2129 2581 an
2156 2527 2400 2582 Christus
2431 2529 2722 2582 advenerit.
2758 2530 2822 2583 At
2853 2529 2991 2598 quod
3023 2529 3278 2597 qua-ritur
3304 2535 3403 2587 est,
3432 2543 3496 2580 an
3527 2541 3645 2580 cum

2065 2633 2220 2672 cruce
2247 2629 2502 2672 venturus
2541 2619 2609 2671 sit
2641 2637 2653 2670 :
2684 2634 2787 2672 non
2820 2619 2962 2672 enim
2998 2619 3242 2687 promissi
3265 2617 3414 2671 obliti
3442 2631 3644 2670 sumus.

2064 2710 2199 2764 Audi
2249 2710 2404 2779 igitur
2442 2727 2524 2774 ea,
2559 2726 2675 2779 qua:
2725 2719 3034 2779 sequuntur.
3069 2709 3230 2772 Tunc,
3260 2710 3458 2777 inquit;
3501 2718 3644 2768 tunc,

2063 2805 2434 2873 quandonant?
2464 2803 2588 2857 Cum
2611 2804 2797 2856 venerit
2831 2802 2991 2855 Filius
3013 2802 3248 2866 hominis,
3267 2802 3342 2854 sol
3363 2799 3648 2853 obscurabi-

2065 2907 2185 2960 tur,
2229 2906 2272 2950 et
2329 2897 2448 2949 (una
2513 2912 2612 2948 non
2666 2894 2802 2947 dabit
2859 2896 3016 2947 lucem
3071 2911 3212 2947 suam
3269 2891 3399 2964 (Ib.
3435 2909 3481 2944 υ.
3513 2889 3645 2960 29

2067 2988 2233 3042 Tanta
2276 2989 2413 3040 enim
2456 2996 2580 3040 tunc
2625 2987 2726 3040 erit
2772 2985 2900 3039 lucis
2942 2986 3115 3051 c0pia,
3163 2993 3218 3036 ut
3263 2983 3649 3051 Splendidiores

2062 3080 2231 3146 stellae
2253 3079 2598 3132 obscuranda:
2621 3078 2747 3130 sint.
2775 3075 2915 3128 Tunc
2932 3075 3087 3128 stella:
3101 3075 3298 3138 cadent,
3317 3083 3433 3126 tunc
3448 3074 3648 3143 signum

2065 3167 2190 3222 Filii
2217 3168 2430 3221 hominis
2457 3166 2716 3237 apparebit
2753 3167 2805 3218 in
2829 3168 2971 3219 creto.
3007 3165 3190 3218 Viden‘
3219 3175 3413 3232 quanta
3443 3165 3504 3217 sit
3535 3166 3642 3216 vir-

2065 3272 2149 3316 tus
2179 3262 2310 3330 signi
2335 3260 2544 3314 crucis?
2575 3259 2665 3315 Sol
2696 3259 3084 3319 obscurabitur,
3116 3269 3166 3311 et
3199 3259 3318 3310 luna
3352 3273 3454 3310 non
3479 3273 3645 3325 appa-

2064 3353 2202 3407 rebit
2232 3369 2244 3404 :
2279 3352 2403 3405 illud
2433 3367 2558 3404 vero
2603 3350 2769 3420 fulget
2817 3359 2871 3404 et
2914 3358 3160 3418 apparet,
3208 3359 3263 3402 ιιι
3299 3348 3474 3402 discas
3521 3349 3644 3401 illtttl

2064 3458 2181 3497 esse
2207 3443 2534 3512 splendidius
2554 3443 2666 3495 sole
2689 3453 2738 3495 et
2765 3442 2907 3495 luna.
2935 3443 3010 3494 Ac
3030 3439 3496 3509 quemadmodum,
3524 3455 3647 3508 rege

2067 3537 2116 3590 itt
2150 3537 2333 3590 urbem
2357 3535 2606 3600 intrante,
2639 3535 2830 3588 milites
2873 3543 3088 3601 accepta
3135 3534 3304 3602 signa,
3347 3542 3401 3585 ut
3433 3543 3642 3592 vocant,

2063 3635 2273 3699 gestant
2299 3627 2535 3682 humeris
2559 3669 2574 3690 ,
2607 3627 2722 3694 ejus
2749 3627 3045 3696 ingressum
3087 3626 3500 3694 praenuntiantes
3532 3641 3544 3677 :
3571 3624 3647 3676 sic

2065 3730 2118 3775 et
2145 3719 2370 3774 Domino
2397 3717 2752 3772 descendente
2795 3717 2862 3771 de
2899 3716 3066 3780 eaelis,
3096 3715 3358 3785 praeibunt
3382 3715 3646 3770 exercitus

2065 3811 2374 3882 angelorum
2415 3818 2470 3866 et
2512 3809 2975 3877 archangelorttm,
3007 3809 3212 3879 signum
3243 3806 3543 3877 hujusmodi
3570 3805 3646 3860 fe-

2065 3915 2244 3959 rentes
2275 3903 2528 3963 humeris,
2553 3909 2606 3957 et
2630 3905 2831 3971 regium
2860 3900 2976 3969 ejus
3004 3901 3298 3970 ingressum
3332 3899 3483 3952 nobis
3513 3913 3647 3966 pm?-

2064 3992 2386 4047 nuntiantes.
2443 3991 2588 4045 Tunc
2639 3991 3074 4044 commovebuntur
3138 3987 3355 4042 Virtutes
3411 3989 3646 4040 ctelornm

2064 4085 2274 4158 (Ibid),
2309 4085 2375 4140 de
2401 4084 2604 4154 angelis
2628 4084 2862 4154 loquitur
2888 4100 2899 4134 :
2925 4091 3124 4136 tremor
3141 4078 3502 4149 apprehendet
3529 4093 3641 4140 eos,

2067 4186 2120 4233 et
2141 4178 2308 4231 timor
2332 4190 2574 4246 magnus.
2596 4173 2663 4228 Et
2681 4189 2796 4236 cur,
2813 4171 3030 4243 quaeso?
3053 4169 3408 4225 Tremendum
3432 4172 3534 4222 erit
3554 4169 3646 4220 tri-

2066 4270 2224 4326 bunal
2253 4269 2376 4323 illud
2405 4286 2417 4321 :
2444 4267 2688 4322 universa
2709 4266 2903 4336 quippe
2919 4275 3101 4318 natura
3123 4261 3535 4331 nostrajutlicari
3555 4261 3646 4315 de-

2068 4365 2174 4429 bet,
2191 4373 2245 4418 et
2261 4366 2471 4416 adstare
2497 4368 2620 4414 ante
2641 4357 3026 4412 formidabilem
3045 4355 3188 4409 illum
3205 4354 3456 4423 judicent.
3473 4352 3581 4417 Qua
3591 4367 3647 4406 rc

2065 4471 2191 4526 ergo
2217 4453 2390 4522 angeli
2417 4453 2605 4505 timent
2641 4457 2694 4504 et
2732 4446 3162 4502 exltorrescuut?
3207 4460 3375 4513 neque
3399 4444 3540 4497 enim
3575 4443 3646 4496 illi

2062 4545 2330 4617 judicandi
2374 4551 2516 4597 sunt.
2561 4538 3018 4609 Quemadmodum
3056 4537 3326 4607 judicante
3375 4536 3643 4605 principe,

2067 4655 2172 4694 non
2202 4638 2278 4692 rei
2310 4643 2511 4690 tantum
2539 4675 2554 4698 ,
2585 4631 2680 4687 sed
2705 4632 2862 4686 etiam
2891 4630 2977 4684 alii
3005 4644 3071 4685 ex
3103 4628 3308 4691 militia,
3337 4627 3428 4697 qui
3453 4627 3647 4680 nullius

2065 4730 2166 4784 sibi
2196 4726 2433 4783 criminis
2468 4723 2664 4779 conscii
2709 4731 2831 4777 sunt
2854 4762 2868 4785 ,
2900 4721 3090 4775 timent
3112 4727 3165 4773 et
3189 4717 3410 4772 horrent
3434 4717 3503 4772 ob
3531 4734 3646 4770 me-

2069 4834 2176 4875 tum
2220 4819 2420 4874 Judicis
2451 4833 2465 4871 :
2501 4818 2570 4870 ita
2601 4824 2654 4869 et
2681 4823 2804 4868 tunc
2829 4827 2949 4867 cum
2975 4811 3042 4865 de
3071 4821 3258 4864 natura
3289 4817 3467 4863 nostra
3502 4808 3648 4873 judi-

2065 4914 2288 4975 cabitur,
2319 4908 2513 4964 nullius
2543 4907 2668 4961 mali
2697 4906 2796 4959 sibi
2823 4903 3022 4959 conscii
3049 4902 3222 4971 angeli
3249 4900 3543 4960 timebunt,
3578 4914 3648 4953 oo

2067 5005 2379 5057 immensam
2426 4997 2626 5053 Judicis
2675 4995 3030 5049 formidinem.
3077 4991 3274 5046 Verum
3317 5005 3482 5060 quare
3527 5000 3649 5042 tunc

2066 5113 2196 5152 crux
2218 5093 2511 5166 apparebit,
2535 5099 2589 5145 et
2612 5104 2707 5145 cur
2727 5103 2848 5144 cum
2871 5087 2958 5141 illa
2978 5093 3229 5140 venturus
3249 5084 3363 5138 est?
3391 5083 3455 5140 Ut
3482 5083 3534 5147 ii,
3559 5082 3646 5151 qui

2067 5190 2214 5245 illum
2239 5184 2633 5248 crucifixerunt,
2660 5181 2848 5252 ingrati
2877 5178 3041 5234 animi
3068 5176 3152 5232 sui
3177 5175 3463 5246 nequitiam
3486 5189 3649 5244 agno-

2066 5289 2251 5337 scant:
2282 5279 2402 5333 ideo
2425 5276 2634 5330 illorum
2661 5269 3001 5342 impudentiae
3040 5267 3339 5338 symbolum
3383 5266 3645 5318 ostendet.

2067 5373 2220 5441 Quod
2247 5380 2424 5427 autem
2455 5369 2574 5423 ideo
2603 5366 2744 5420 illam
2770 5363 3028 5417 allaturus
3054 5360 3151 5424 sit,
3182 5357 3303 5411 audi
3334 5354 3646 5425 prophetam

2069 5466 2428 5520 declarantem
2487 5477 2499 5513 :
2551 5456 2697 5511 Tunc
2746 5453 2983 5525 plangant
3035 5449 3190 5503 tribus
3239 5457 3385 5501 terra
3440 5446 3547 5516 (Ib.
3600 5462 3646 5498 υ.

2069 5557 2180 5628 50).
2209 5557 2450 5610 videntes
2474 5560 2859 5613 accusatorem,
2885 5554 2939 5600 et
2968 5553 3241 5614 peccatum
3272 5550 3645 5610 agnoscentes.

2072 5651 2134 5703 Et
2160 5664 2255 5701 cur
2285 5645 2492 5699 miraris
2537 5643 2580 5696 si
2625 5654 2835 5693 crucem
2880 5645 3094 5706 gestans
3137 5633 3330 5695 veniet,
3356 5631 3569 5700 quando
3598 5639 3652 5684 et

2071 5742 2180 5808 ipsa
2226 5739 2438 5790 vulnera
2488 5748 2610 5787 tunc
2653 5729 2931 5784 Ostendet"
2978 5727 3108 5780 Nam
3151 5726 3270 5778 ait:
3316 5721 3560 5775 Videbunt
3600 5723 3652 5774 in

2069 5848 2214 5902 quem
2255 5830 2611 5894 transﬁxernnt
2662 5821 2859 5892 (Zach.
2894 5819 2976 5874 12.
3014 5818 3143 5885 10).
3193 5813 3649 5902 Quemadmodum

2073 5923 2212 5979 enim
2245 5935 2368 5990 erga
2394 5917 2654 5973 Thomam
2678 5913 2819 5980 fecit,
2849 5926 2990 5980 cum,
3020 5920 3074 5964 ut
3100 5906 3342 5979 discipuli
3365 5901 3652 5961 increduli-
