4066 6392
427 429 531 484 465

427 557 590 598 tttlt'tn
616 540 942 607 emendaret,
972 542 1201 602 ostendit
1229 545 1275 598 ei
1301 543 1520 598 ﬁxuram
1538 542 1804 597 clavorum
1827 551 1880 595 et
1899 541 2014 596 vul-

427 653 555 691 nera
594 635 778 692 dicens
813 654 826 689 :
856 633 1000 707 lnfer
1029 653 1232 689 manum
1266 647 1423 699 tuam,
1456 643 1503 688 et
1527 633 1640 688 vide
1662 633 1780 702 quia
1804 634 2014 703 spiritus

427 743 628 780 carnem
651 736 697 780 et
725 743 840 780 ossa
865 743 964 779 non
991 725 1134 779 habet
1165 725 1340 797 (Joan.
1370 725 1460 780 20.
1485 725 1585 790 27;
1614 723 1739 777 Luc.
1768 724 1858 780 21.
1889 722 2010 796 59);

428 821 506 873 sic
527 829 581 873 et
607 829 732 873 tunc
756 819 1000 874 ostendet
1025 819 1242 873 vulnera
1265 828 1318 872 et
1341 833 1577 885 crucem,
1603 827 1658 872 ut
1685 818 2015 874 demonstret

430 908 570 970 hunc
597 912 770 979 ipsum
795 927 913 966 esse
937 910 1031 982 qui
1051 911 1332 966 cruciﬁxus
1363 910 1477 965 fuit.

501 1004 559 1060 5.
585 1004 766 1074 Neque
791 1019 856 1060 ex
886 1019 1044 1059 cruce
1075 1013 1296 1067 tantum,
1325 1004 1419 1058 sed
1448 1004 1606 1059 etiam
1633 1020 1698 1060 ex
1727 1004 1905 1063 verbis
1931 1003 2014 1059 his

430 1097 484 1153 in
515 1112 672 1156 cruce
704 1098 920 1166 prolatis
951 1098 1264 1154 immen~am
1300 1099 1414 1168 ejus
1438 1098 1816 1169 benignitatem
1832 1098 2015 1153 videre

429 1202 511 1247 est
539 1209 554 1246 :
582 1191 866 1246 cruciﬁxus
892 1191 1056 1254 enim,
1085 1190 1342 1254 dicteriis,
1366 1191 1640 1247 cachinnis
1659 1201 1713 1245 et
1733 1191 1904 1260 sputis
1927 1190 2016 1246 dc-

429 1284 739 1340 honcstatus
766 1286 976 1341 diccbat
1011 1306 1021 1340 :
1053 1286 1227 1348 Pater.
1249 1287 1442 1342 dimitte
1467 1288 1570 1342 illis
1595 1297 1851 1359 peccatum
1877 1303 2014 1342 :non

428 1379 559 1432 enim
583 1378 749 1432 sciunt
776 1379 898 1448 quid
923 1380 1115 1450 faciunt
1142 1381 1158 1449 (
1187 1377 1312 1432 Luc.
1340 1378 1431 1435 25.
1461 1380 1530 1435 54
1632 1380 1700 1435 Et
1727 1379 2014 1435 cruciﬁxus

429 1483 526 1538 pro
572 1470 1002 1539 cruciﬁgentibus
1050 1479 1294 1539 precatur
1323 1487 1335 1524 :
1367 1486 1686 1540 quamquam
1721 1471 1794 1526 illi
1828 1480 2013 1527 contra

427 1562 673 1617 dicebant
706 1582 718 1617 :
751 1563 810 1618 Si
842 1563 887 1617 F
889 1564 1006 1618 ilius
1039 1564 1129 1617 Dei
1165 1581 1215 1618 es
1235 1605 1248 1626 ,
1286 1564 1528 1618 descende
1550 1565 1612 1618 de
1640 1581 1804 1627 cruce,
1836 1575 1882 1618 et
1908 1580 2012 1618 cre-

429 1654 601 1709 demus
625 1654 711 1708 tibi
739 1655 757 1724 (
784 1654 967 1708 Matth.
998 1655 1086 1709 27.
1115 1655 1203 1709 40.
1233 1665 1276 1709 et
1303 1655 1428 1725 42).
1459 1655 1616 1725 Atqui
1643 1656 1761 1710 ideo
1789 1656 1876 1710 ille
1906 1672 2012 1710 non

428 1743 702 1798 descendit
723 1745 789 1800 de
814 1761 993 1810 cruce,
1017 1749 1136 1816 qttia
1171 1746 1336 1800 Filius
1368 1747 1459 1801 Dei
1484 1757 1590 1809 est;
1623 1755 1676 1800 et
1703 1746 1821 1800 ideo
1844 1748 2010 1811 venit,

431 1844 488 1889 ut
530 1837 934 1906 cruciﬁgeretur
981 1853 1078 1906 pro
1123 1838 1295 1891 nobis.
1346 1837 1606 1892 Descende
1634 1839 1696 1894 de
1726 1855 1894 1901 cruce,
1929 1839 2012 1892 itt-

428 1930 634 1997 quiunt,
667 1940 710 1983 et
741 1932 998 1986 credemus
1023 1933 1130 1986 tibi.
1164 1932 1286 1988 Haec
1310 1933 1472 1988 verba
1508 1941 1652 1999 sunt,
1685 1942 1740 1987 et
1765 1932 2012 1989 incredu-

429 2018 590 2076 litatis
617 2020 884 2076 obtentus.
932 2021 1064 2077 Nam
1091 2023 1260 2078 multo
1295 2024 1465 2094 majus
1491 2035 1605 2079 erat
1630 2024 1802 2094 lapide
1827 2040 2014 2094 super-

429 2115 603 2183 posito
630 2131 699 2171 cx
727 2118 972 2186 sepulcro
996 2134 1295 2189 resurgere,
1321 2135 1477 2191 quam
1507 2119 1578 2176 de
1604 2135 1764 2178 cruce
1790 2122 2016 2178 descen-

427 2205 585 2272 dere;
629 2208 796 2263 multo
822 2209 992 2278 majus
1021 2219 1134 2264 erat
1167 2221 1434 2266 mortuum
1470 2214 1702 2268 vinctum
1730 2223 1785 2269 et
1808 2216 2013 2286 quatri-

426 2298 659 2351 duanttm
709 2299 967 2360 Lazarum
1021 2316 1142 2356 cum
1196 2303 1324 2373 ipsis
1370 2302 1548 2358 fasciis
1594 2320 1626 2359 e
1669 2315 2014 2360 monumento

428 2388 677 2455 educere,
705 2407 864 2460 quam
899 2392 966 2447 de
992 2409 1150 2448 cruce
1174 2393 1521 2450 descendere.
1568 2395 1651 2450 Illi
1679 2395 1838 2465 igitur
1865 2397 2011 2451 dice-

430 2479 554 2538 bant
587 2499 598 2534 :
630 2481 690 2535 Si
719 2481 885 2537 Filius
930 2483 1025 2538 Dei
1065 2501 1150 2549 es,
1191 2486 1386 2543 saluum
1425 2487 1507 2555 fac
1550 2488 1863 2559 temetipsum
1888 2489 2012 2543 :~ille

427 2585 556 2624 vero
586 2571 713 2626 nihil
746 2587 850 2628 non
877 2576 1101 2644 agebat,
1147 2584 1204 2631 ut
1243 2577 1360 2631 illos
1390 2577 1535 2648 ipsos
1559 2579 1646 2649 qui
1676 2593 1735 2634 se.
1757 2580 2011 2635 conviciis

427 2664 721 2719 onerabant
753 2668 932 2722 salvos
958 2667 1385 2733 faceret,'dicens
1417 2688 1430 2725 :
1460 2669 1664 2725 Dimitte
1697 2671 1800 2726 illis
1834 2689 2010 2737 pecca-

429 2765 534 2814 tum
586 2773 606 2812 :
649 2775 750 2812 non
772 2759 1829 2834 enimsciuntquidfaciunt(L_uc.25.34).
1873 2764 2012 2834 Quid

429 2849 620 2918 igitur?
647 2866 770 2906 num
797 2851 900 2906 illis
931 2861 1204 2921 peccatum
1230 2853 1470 2910 dimisit?
1491 2856 1788 2912 DimiStsset
1808 2857 2010 2927 utique,

427 2941 472 2994 si
500 2941 793 2998 voluissent
821 2947 1186 3014 pcenitentiam
1230 2962 1408 3018 agere.
1449 2949 1505 3004 Si
1549 2949 1692 3005 enim
1723 2965 1828 3005 non
1855 2949 2014 3006 dimi-

428 3037 578 3090 sissc-t
614 3039 715 3092 illis
737 3050 1032 3107 peccatum,
1056 3056 1346 3110 numquam
1378 3041 1570 3097 Paulus
1595 3042 1780 3098 luisset
1799 3053 2013 3115 aposto-

429 3126 509 3185 lus
542 3147 553 3180 :
587 3129 630 3182 si
677 3144 779 3184 non
825 3129 1114 3186 dimisisset
1157 3132 1261 3187 illis
1303 3142 1600 3201 peccatum,
1637 3149 1742 3189 non
1787 3135 1884 3190 tria
1925 3135 2012 3191 illa

428 3220 616 3280 millia,
648 3236 752 3276 non
774 3225 1006 3292 quinque
1035 3225 1218 3289 millia,
1254 3242 1358 3281 non
1390 3227 1569 3282 multa:
1599 3227 1865 3300 myriades
1889 3244 2012 3284 cre-

427 3313 708 3368 didissent.
767 3315 916 3383 Quod
971 3315 1113 3374 enim
1160 3318 1341 3372 multm
1385 3317 1691 3374 Iudaeorum
1747 3320 2014 3393 myriades

426 3404 782 3471 crediderint,
819 3408 942 3462 audi
972 3407 1099 3477 quid
1135 3409 1359 3479 apostoli
1393 3409 1555 3465 Paulo
1584 3411 1802 3466 dicant:
1843 3410 2010 3477 Vides,

429 3499 605 3566 frater,
636 3507 755 3565 quot
799 3500 899 3553 sint
937 3501 1189 3571 myriades
1229 3500 1528 3557 Judworum
1694 3503 2013 3562 crediderunt

452 3588 561 3642 Act.
591 3588 680 3642 2|.
707 3589 741 3642 2

452 3588 561 3642 Act.
591 3588 680 3642 2|.
707 3589 741 3642 2

429 3588 447 3656 ί
502 3587 914 3728 Ῑῖνεᾳιιεηέιξνεα
953 3662 1226 3718 orationem
1245 3680 1338 3733 pro
1365 3664 1581 3723 inimicis
1606 3665 1907 3722 admonitio.
1937 3697 2010 3708 —-

430 3748 702 3810 Imitentur
724 3753 899 3823 itaque
927 3753 1238 3824 Dominum,
1258 3764 1312 3810 et
1335 3771 1430 3826 pro
1453 3757 1680 3819 inimicis
1707 3773 2006 3828 precemur:

429 3844 670 3903 eamdem
698 3846 838 3899 enim
865 3847 1287 3902 cohortationem
1315 3863 1550 3915 resumo,
1573 3851 1683 3919 jam
1711 3851 1899 3921 quinto
1923 3850 2012 3906 die

429 3937 581 3992 vobis
605 3937 672 3992 de
695 3938 883 3999 eodem
919 3948 1230 4008 argumento
1271 3941 1499 4009 dissero,
1543 3957 1647 3999 non
1673 3945 1825 4013 quasi
1853 3944 2009 3998 inob-

429 4039 716 4099 sequentes
737 4045 829 4084 vos
845 4047 1094 4102 arguens,
1117 4032 1255 4086 absit
1277 4049 1292 4095 ;
1323 4034 1416 4089 sed
1438 4049 1661 4103 sperans
1682 4050 1778 4090 vos
1803 4036 2009 4091 obtem-

426 4130 705 4192 paraturus
731 4137 867 4177 esse.
898 4123 1049 4190 Quod
1070 4126 1113 4181 si
1136 4127 1222 4194 qui
1244 4126 1350 4180 sint
1372 4126 1509 4190 duri,
1545 4128 1783 4186 iracundi
1806 4137 1860 4184 et
1887 4144 2006 4188 mo-

430 4213 558 4277 rosi,
591 4214 677 4284 qui
703 4216 896 4272 nostris
921 4217 1060 4274 circa
1091 4217 1386 4271 orationem
1426 4219 1638 4275 monitis
1666 4234 1770 4274 non
1801 4235 2004 4275 morem

427 4316 631 4373 gerant,
651 4321 716 4361 ex
749 4322 969 4362 numero
998 4308 1184 4365 saltem
1216 4309 1420 4363 dierum
1449 4309 1734 4380 pudefacti,
1777 4311 2004 4366 inimici-

429 4399 527 4453 tias
555 4408 608 4455 et
642 4401 940 4461 simultates
965 4400 1252 4471 deponent.
1287 4401 1497 4458 Imitare
1527 4403 1807 4458 Dominum
1836 4422 1849 4457 :
1878 4420 2003 4460 cru-

426 4489 617 4544 ciﬁxus
639 4502 739 4554 est,
769 4501 822 4552 et
849 4508 942 4561 pro
970 4493 1396 4563 cruciﬁgentibus
1410 4493 1620 4549 Patrem
1647 4495 2002 4565 compellavit.

427 4580 494 4640 Et
523 4582 788 4650 quomodo
835 4583 1054 4652 possim,
1084 4584 1314 4655 inquies,
1347 4586 1626 4640 Dominum
1672 4587 1919 4646 imitari?
1949 4588 2005 4642 Si

427 4673 578 4737 velis,
604 4674 801 4742 poteris
839 4675 977 4730 :nisi
1004 4676 1145 4740 enim
1177 4691 1361 4746 posses
1387 4677 1616 4742 imitari,
1647 4694 1741 4733 cur
1760 4679 1999 4744 dixisset,

429 4763 617 4821 Discite
659 4783 691 4819 a
723 4783 800 4819 me
823 4768 943 4836 quia
981 4768 1117 4822 mitis
1145 4785 1257 4826 sum
1280 4779 1328 4824 et
1368 4769 1575 4830 humilis
1611 4770 1762 4825 corde
1789 4769 2002 4839 (Matth.

424 4859 513 4912 1-1.
544 4859 683 4924 29)?
729 4858 838 4914 Nisi
894 4875 1077 4928 posses
1119 4860 1335 4923 imitari,
1384 4877 1488 4938 non
1526 4863 1748 4922 dixisset
1787 4863 2002 4929 Paulus,

423 4947 714 5002 lmitatores
758 4950 856 5005 mei
896 4959 1069 5016 estote,
1098 4951 1228 5005 sicut
1255 4963 1304 5006 et
1327 4969 1420 5023 ego
1449 4953 1636 5007 Christi
1670 4955 1747 5024 (1.
1775 4954 1893 5010 Cor.
1915 4956 2001 5012 11.

425 5041 788 5108 l).C:vterttm
841 5043 883 5096 si
923 5059 1027 5098 non
1065 5044 1147 5099 vis
1200 5045 1394 5100 imitari
1445 5045 1746 5110 Dominum,
1796 5048 2006 5109 imitare

421 5153 758 5200 conservum,
789 5137 1116 5207 Stephanum
1141 5139 1386 5195 videlicet
1412 5141 1708 5210 apostolum
1744 5158 1757 5193 :
1798 5141 2000 5196 etenim

421 5229 510 5283 ille
541 5228 818 5283 Dominum
867 5229 1098 5284 imitatus
1141 5239 1243 5285 est.
1274 5231 1340 5286 Et
1375 5231 1821 5302 quemadmodum
1851 5232 2005 5288 Chri-

419 5329 531 5373 stus
576 5320 713 5374 inler
739 5319 1130 5390 crttciligentes,
1164 5323 1323 5376 missa
1364 5337 1542 5388 cruce,
1569 5323 1743 5377 missis
1771 5323 1854 5388 iis,
1885 5339 2003 5393 qua:

418 5412 482 5463 ad
517 5427 574 5466 se
599 5412 928 5481 spectabant,
963 5427 1059 5480 pro
1085 5413 1513 5482 cruciﬁgentibus
1539 5430 1597 5468 se
1639 5416 1846 5471 Patrem
1874 5431 1999 5484 pre-

417 5503 673 5560 cabatur;
714 5507 783 5556 ita
828 5513 880 5557 et
912 5520 1098 5558 servus
1136 5508 1273 5559 inter
1300 5505 1614 5574 lapidantes,
1643 5507 1712 5560 ab
1751 5507 2000 5562 omnibus

421 5595 709 5662 impetitus,
741 5596 1011 5663 excipiens
1038 5596 1269 5665 lapidum
1293 5597 1447 5661 ictus,
1476 5601 1639 5652 misso
1661 5598 1865 5662 dolore,
1893 5614 1999 5668 qtto

424 5687 546 5740 hinc
569 5687 914 5752 afﬁciebatur,
947 5688 1177 5753 dicebat,
1204 5689 1438 5753 Domine,
1471 5707 1533 5745 ne
1552 5700 1746 5745 statuas
1775 5691 1878 5745 illis
1904 5693 1997 5745 hoc

423 5787 679 5846 peccatum
707 5782 839 5848 (Act.
869 5781 920 5835 7.
950 5781 1063 5851 59).
1089 5781 1266 5838 Viden’
1294 5783 1565 5851 quomodo
1604 5784 1850 5854 loquatur
1889 5783 1994 5838 Do-

418 5869 638 5924 minus?
673 5870 855 5930 Vitlen’
885 5874 1151 5937 quomodo
1176 5884 1418 5947 precetur
1459 5892 1645 5932 servus
1667 5880 1690 5929 ἶ)
1730 5875 1820 5950 ille
1849 5877 1994 5952 dicit,

1169 428 1229 483 8.
1269 428 1548 486 JOANNIS
1587 430 2056 488 CHRYSOSTOMI
2091 431 2401 488 ARClllEP.
2445 429 2982 487 CONSTANTINOI‘.

3594 426 3698 483 408

2121 541 2296 608 Pater,
2333 542 2527 596 dimitte
2545 541 2647 597 illis
2674 541 2767 596 Itoc
2793 553 3091 612 peccatum;
3119 560 3218 597 non
3245 543 3376 597 enim
3396 545 3557 597 sciunt
3582 547 3704 614 quid

2118 635 2316 704 faciunt
2337 633 2487 708 (Luc.
2517 633 2608 688 23.
2637 634 2731 700 34)
2762 651 2776 691 :
2820 633 2906 688 hic
2944 648 3092 699 vero,
3125 633 3207 688 Ne
3237 644 3431 688 statuas
3459 635 3564 690 illis
3609 637 3706 692 hoc

2119 737 2396 797 peccatum.
2424 726 2495 782 Ut
2521 741 2648 782 vero
2677 726 2852 782 discas
2896 725 3044 781 illum
3082 725 3320 782 studiose
3345 728 3570 797 precari,
3595 744 3698 782 non
3727 780 3735 814 ί

2119 833 2288 886 stans,
2337 820 2598 891 lapidibus
2625 819 2750 876 licet
2768 820 3008 886 obrutus,
3036 828 3186 887 orat,
3214 820 3311 875 sed
3340 820 3524 890 positis
3550 821 3696 891 geni-

2119 915 2219 973 bus
2245 930 2366 970 cum
2406 914 2813 982 compunctione
2853 912 3107 984 loquitur,
3134 923 3194 968 et
3213 928 3332 967 cttm
3364 912 3527 968 multa
3553 928 3698 968 com-

2120 1007 2480 1062 miseratione.
2496 1005 2590 1060 Vis
2618 1005 2895 1062 ostendam
2909 1005 3000 1060 tibi
3020 1019 3336 1060 conservum
3365 1004 3527 1060 alium
3546 1005 3698 1073 longe

2120 1097 2388 1168 graviora,
2421 1112 2578 1166 quam
2609 1095 2718 1164 ille,
2745 1096 3079 1166 patientem?
3101 1096 3296 1151 Paulus
3314 1096 3409 1164 ait,
3437 1096 3482 1149 A
3504 1094 3701 1150 Judazis

2123 1201 2197 1243 ter
2223 1190 2376 1260 virgis
2404 1205 2567 1244 ctesus
2595 1205 2730 1257 sunt,
2754 1190 2910 1244 semel
2943 1189 3200 1260 lapidatus
3223 1206 3356 1258 sum,
3388 1199 3532 1244 nocte
3555 1198 3601 1245 et
3621 1191 3705 1244 die

2119 1283 2171 1335 in
2193 1281 2448 1352 profundo
2468 1283 2545 1353 fui
2574 1280 2654 1353 (2.
2679 1280 2797 1336 Cor.
2822 1281 2910 1336 11.
2940 1281 3030 1336 24.
3050 1279 3167 1351 25).
3185 1280 3322 1347 Quid
3348 1290 3458 1336 tum
3479 1289 3660 1351 postea
3680 1283 3705 1334 ?

2123 1371 2393 1442 Optabam,
2415 1371 2601 1442 inquit,
2627 1373 2738 1443 ipse
2761 1371 3032 1426 anathema
3052 1387 3157 1426 esse
3183 1389 3273 1440 pro
3296 1372 3537 1441 fratribus
3553 1373 3693 1438 meis,

2119 1464 2345 1533 cognatis
2371 1464 2490 1518 meis
2531 1462 2808 1518 secundum
2843 1479 3044 1516 carnent
3071 1461 3250 1531 (Rom.
3283 1463 3332 1518 9.
3364 1462 3612 1532 5).Vistte
3649 1475 3703 1517 et

2120 1555 2280 1609 alium
2313 1554 2514 1620 videre,
2544 1569 2648 1608 non
2672 1569 2738 1610 ex
2767 1568 2924 1620 novo,
2945 1553 3037 1608 sed
3062 1569 3127 1609 ex
3156 1555 3322 1608 veteri
3338 1554 3702 1608 Testamento?-

2121 1645 2231 1700 lloc
2257 1645 2398 1700 enim
2433 1655 2516 1700 est
2561 1645 2792 1700 maxime
2832 1646 3067 1699 omnium
3108 1645 3368 1707 mirabile,
3420 1646 3558 1715 quod
3613 1646 3701 1700 ubi

2120 1754 2226 1796 non
2276 1739 2720 1809 przecipiebantur
2764 1739 3006 1794 inimicos
3047 1739 3290 1810 diligere,
3345 1740 3470 1809 quin
3527 1741 3702 1810 potius

2118 1829 2328 1883 oculum
2361 1845 2456 1898 pro
2485 1829 2640 1883 oculo
2691 1829 3023 1898 exsculpere,
3054 1839 3107 1885 et
3135 1829 3349 1883 dentem
3393 1844 3491 1899 pro
3541 1829 3704 1886 dente

2119 1919 2312 1990 (Exod.
2340 1920 2429 1975 21.
2452 1921 2540 1988 24.
2569 1920 2686 1992 25),
2713 1921 2942 1992 atquein
2958 1920 3112 1976 malis
3137 1936 3232 1990 par
3257 1921 3368 1990 pari
3394 1919 3616 1987 referre,
3635 1922 3702 1975 ad

2118 2013 2465 2082 apostolicam
2493 2014 2838 2083 pervenerint
2864 2011 3271 2084 philosophiam.
3295 2012 3433 2068 Audi
3465 2013 3591 2084 quid
3614 2013 3701 2067 di.

2117 2114 2203 2165 cat
2219 2105 2448 2178 Moyses,
2469 2107 2558 2177 qui
2576 2121 2720 2176 saepe
2743 2104 2987 2161 aludzeis
3005 2104 3283 2176 lapidatus,
3305 2115 3360 2160 et
3381 2105 3703 2175 contemptui

2121 2199 2332 2254 habitus
2356 2208 2440 2255 cst
2467 2217 2481 2252 :
2503 2199 2566 2254 Si
2579 2199 2793 2252 dimittis
2814 2199 2918 2253 illis
2946 2209 3224 2270 peccatum,
3256 2200 3492 2265 dimitte;
3521 2200 3566 2253 si
3589 2215 3707 2252 vero

2117 2307 2240 2356 non,
2263 2290 2415 2344 etiam
2443 2306 2522 2344 me
2546 2289 2658 2345 dele
2685 2289 2750 2344 de
2762 2291 2914 2352 libro,
2932 2301 3084 2357 quem
3102 2285 3576 2356 scripsistiwxod.
3611 2290 3702 2346 32.

2120 2383 2210 2437 51.
2241 2381 2354 2454 52).
2383 2381 2569 2436 Viden’
2591 2380 2884 2452 quemlibet
2913 2395 2979 2436 ex
2999 2380 3157 2450 justis
3179 2381 3401 2436 aliorum
3440 2379 3704 2435 securitan

2121 2483 2229 2534 tem
2270 2474 2626 2544 pra-posuisse
2667 2470 2822 2526 saluti
2865 2485 2977 2527 sua:
3003 2471 3028 2525 ?
3056 2470 3198 2526 Nihil
3227 2470 3478 2542 peccasti,
3526 2481 3580 2528 et
3605 2486 3705 2525 cut:

2121 2566 2204 2619 vis
2234 2579 2354 2626 esse
2400 2579 2585 2619 eorum
2634 2562 2880 2636 supplicii
2924 2563 3186 2619 consors?
3229 2563 3384 2631 Quia,
3434 2562 3701 2633 inquiunt.

2121 2659 2331 2713 caneris
2371 2659 2513 2712 malo
2537 2656 2761 2719 allectis,
2783 2656 2860 2712 rei
2890 2671 3026 2713 mete
3053 2671 3324 2728 prosperae
3353 2671 3567 2711 sensum
3595 2671 3706 2711 non

2119 2749 2378 2821 percipio.
2408 2749 2534 2817 Haec
2561 2750 2803 2820 exempla
2832 2751 2960 2806 satis
2988 2757 3171 2808 essent
3193 2767 3207 2803 :
3233 2748 3301 2803 ad
3326 2749 3580 2818 majorem
3601 2765 3700 2802 an-

2120 2850 2227 2896 tem
2257 2842 2423 2896 nostri
2474 2841 2904 2898 emendationem
2945 2842 3107 2897 alium
3147 2841 3335 2896 eadem
3369 2840 3704 2910 philosophia.

2123 2941 2358 2991 utentem
2387 2932 2442 2986 in
2467 2931 2698 2987 medium
2727 2931 3010 2995 adducam.
3042 2932 3112 2986 At
3161 2932 3304 2993 enim
3330 2931 3494 2986 David
3519 2933 3705 2988 beatus

2119 3025 2210 3079 ille
2261 3035 2674 3096 mansnetusque
2701 3025 2815 3091 vir,
2843 3034 3124 3096 postquam
3157 3025 3424 3080 exercitus
3445 3033 3587 3078 totus
3611 3023 3706 3078 de-

2120 3119 2340 3182 l‘ecerat,
2371 3126 2536 3188 atque
2565 3133 2752 3174 necem
2779 3117 2895 3189 ejus
2920 3118 3149 3174 moliens
3174 3117 3284 3173 ﬁlio
3312 3117 3594 3173 Abesalom
3616 3127 3703 3190 ty.-

2117 3209 2394 3264 rannidem
2423 3209 2721 3275 detulerat;
2768 3209 2963 3266 deinde
3006 3211 3118 3267 Deo
3164 3211 3234 3266 ob
3260 3209 3392 3266 illud
3419 3209 3620 3266 facinus
3650 3213 3703 3264 itt

2121 3300 2254 3356 iram
2273 3301 2537 3357 concitato
2559 3299 2708 3374 (quid
2749 3302 2893 3356 enim
2932 3302 3156 3358 interest
3202 3303 3247 3358 si
3276 3302 3435 3357 aliam
3463 3303 3702 3358 interne-

2117 3393 2289 3448 cionis
2331 3407 2546 3450 causam
2572 3391 2870 3463 proferat?)
2902 3392 3125 3464 ipsoque
3160 3393 3405 3463 angelum
3435 3393 3700 3455 mittente,

2117 3485 2207 3556 qui
2246 3485 2488 3554 districto
2531 3485 2707 3558 gladio
2736 3485 2943 3558 plagam
2979 3501 3208 3558 superne
3227 3486 3466 3552 inferret,
3492 3486 3703 3551 videns.

2119 3577 2360 3647 inquam,
2389 3577 2554 3633 David
2596 3592 2783 3633 omnes
2806 3577 2980 3649 gladio
3008 3576 3223 3644 cadere,
3243 3577 3370 3648 quid
3400 3577 3566 3632 dicit?
3587 3575 3703 3648 Ego

2122 3670 2208 3740 qui
2228 3679 2402 3740 pastor
2423 3686 2536 3724 sum
2555 3670 2777 3742 peccavi,
2806 3679 2852 3724 et
2873 3686 2964 3741 ego
2985 3679 3158 3740 pastor
3181 3670 3352 3740 inique
3369 3670 3446 3741 egi
3469 3685 3488 3723 :
3512 3670 3575 3724 sit
3599 3686 3703 3722 nta-

2117 3777 2211 3814 nus
2235 3770 2324 3813 tua
2362 3776 2514 3831 super
2541 3775 2638 3826 me,
2667 3770 2713 3814 et
2735 3776 2887 3827 super
2911 3761 3119 3814 domum
3144 3762 3304 3831 patris
3329 3761 3426 3815 mei
3459 3759 3536 3826 (2.
3567 3759 3697 3831 Reg.

2115 3852 2206 3906 24.
2231 3850 2344 3923 17).
2371 3851 2533 3906 Vides
2556 3852 2751 3919 iterum.
2774 3851 2968 3906 similia
2998 3851 3253 3921 prteclare
3268 3861 3415 3922 gesta
3441 3850 3464 3902 ’ἒ
3497 3850 3587 3905 Vis
3606 3865 3700 3904 os-

2118 3944 2335 4006 tendam
2378 3944 2472 4002 tibi
2515 3955 2570 3999 et
2619 3945 2829 4013 alium?
2855 3959 3029 4015 neque
3052 3944 3193 3999 enim
3232 3943 3402 3999 deerit
3425 3943 3562 3999 alter
3604 3945 3702 4015 qui

2117 4037 2304 4091 eodem
2346 4035 2507 4094 modo
2537 4036 2962 4106 philosophetur.
2997 4035 3212 4094 Samuel
3251 4034 3345 4090 ille
3387 4035 3643 4105 propheta
3664 4051 3702 4099 a

2115 4128 2141 4183 J
2151 4127 2313 4182 udaeis
2325 4127 2644 4183 contumelia
2660 4127 2884 4186 allectus
2899 4136 3002 4194 est,
3025 4126 3316 4197 depositus,
3337 4134 3694 4194 contemptus,

2117 4220 2185 4272 ita
2231 4226 2287 4273 ut
2328 4218 2467 4274 Deus
2495 4218 2668 4290 ipsum
2713 4217 2980 4273 consolari
3003 4217 3223 4287 cupiens
3249 4215 3471 4282 diceret,
3506 4214 3624 4270 Non
3652 4225 3701 4278 to

2113 4319 2537 4381 contempserunt,
2565 4309 2654 4365 sed
2691 4327 2772 4364 me
2795 4308 2872 4383 (1.
2904 4309 3034 4380 Reg.
3071 4308 3126 4364 8.
3155 4308 3232 4379 7).
3254 4306 3390 4374 Quid
3419 4307 3577 4377 igitur
3601 4306 3696 4361 ille

2114 4403 2486 4467 contemptus,
2507 4396 2816 4464 despectus,
2838 4391 3168 4447 contumelia
3197 4391 3457 4446 allectus?
3477 4391 3626 4446 Absit
3652 4411 3686 4445 a

2116 4505 2198 4557 me
2224 4500 2282 4543 ut
2319 4490 2397 4542 ita
2417 4503 2640 4558 peccem,
2663 4494 2721 4540 ut
2741 4500 2935 4540 cessem
2956 4500 3110 4539 orare
3124 4499 3216 4552 pro
3236 4485 3376 4538 vobis
3400 4483 3691 4538 Dominum.

2117 4581 2196 4654 (1.
2216 4579 2341 4650 Reg.
2369 4579 2458 4643 12,
2478 4577 2593 4652 25).
2611 4576 2901 4632 Peccatum
2921 4576 3131 4646 putavit
3146 4589 3266 4631 esse
3287 4592 3394 4629 non
3413 4591 3573 4631 orare
3587 4591 3695 4646 pro

2120 4677 2380 4733 inimicis.
2405 4676 2562 4731 Absit
2594 4690 2625 4730 a
2649 4691 2736 4730 me
2762 4684 2822 4730 ut
2841 4675 2913 4728 ita
2937 4690 3176 4744 peccem,
3198 4682 3258 4727 ut
3285 4687 3392 4726 non
3415 4686 3565 4725 orem
3587 4685 3689 4740 pro

2114 4769 2293 4824 vobis!
2309 4765 2559 4822 Christus
2571 4766 2732 4821 dicit:
2753 4765 3138 4828 l’ater,dimitte
3153 4763 3261 4817 illis
3278 4771 3569 4831 peccatum;
3585 4777 3690 4814 non

2112 4865 2253 4931 enim
2273 4865 2448 4918 sciunt
2463 4862 2587 4933 quid
2607 4862 2815 4931 faciunt
2840 4860 2995 4931 (Luc.
3009 4859 3103 4926 23,
3122 4860 3235 4932 Si):
3261 4859 3572 4926 Stephanus
3593 4873 3687 4910 ve-

2114 4971 2200 5020 ro.
2223 4955 2466 5020 Domine,
2487 4969 2548 5007 ne
2568 4961 2774 5007 statuas
2799 4951 2910 5018 illis
2929 4953 3024 5012 hoc
3043 4959 3312 5021 peccatum
3337 4950 3475 5020 (Act.
3501 4949 3551 5002 7.
3567 4947 3686 5012 59);

2112 5026 2307 5101 Paulus
2350 5055 2549 5107 autem,
2581 5042 2834 5113 Optabam
2869 5041 3142 5104 anathema
3169 5055 3277 5094 esse
3312 5056 3406 5108 pro
3450 5039 3699 5110 fratribus

2111 5137 2253 5203 meis,
2305 5136 2530 5206 cognatis
2580 5135 2704 5187 meis
2755 5132 3032 5194 secundum
3077 5147 3280 5184 carnem
3321 5131 3495 5200 (Rom.
3525 5130 3578 5185 9.
3611 5130 3697 5197 3).

2110 5227 2318 5298 Moyses
2341 5227 2488 5288 dicit,
2514 5223 2574 5277 Si
2594 5223 2804 5277 dimittis
2826 5229 3083 5292 Peccatum
3109 5220 3233 5288 illis,
3257 5220 3450 5274 dimitte
3476 5238 3495 5273 :
3515 5220 3558 5272 si
3580 5235 3698 5275 uera

2077 5319 2080 5325 ’
2109 5337 2232 5379 non,
2260 5321 2415 5387 etiant
2442 5335 2518 5381 me
2547 5317 2657 5370 dele
2670 5316 2739 5372 de
2763 5316 2912 5380 libro,
2933 5331 3080 5386 quem
3107 5313 3355 5384 scripsisti
3376 5311 3570 5381 (Exod.
3599 5313 3696 5374 32.

2110 5415 2196 5467 51.
2229 5412 2344 5481 52);
2367 5410 2528 5464 David
2556 5424 2704 5474 vero,
2733 5410 2815 5463 Sit
2842 5425 3022 5463 manus
3051 5416 3140 5460 tua
3165 5424 3322 5478 super
3348 5423 3446 5472 me,
3480 5417 3525 5462 et
3542 5423 3700 5476 super

2107 5506 2313 5558 domum
2354 5504 2513 5572 patris
2555 5503 2652 5556 mei
2697 5497 2778 5570 (l.
2807 5499 2934 5571 Reg.
2976 5501 3066 5564 24.
3100 5499 3211 5570 17);
3240 5501 3450 5555 Samuel
3489 5509 3696 5566 autem,

2110 5598 2248 5650 Absit
2292 5615 2322 5649 a
2350 5613 2426 5649 me
2450 5597 2520 5649 ita
2544 5610 2767 5665 peccare,
2801 5602 2854 5646 ut
2883 5609 3093 5647 cesssem
3128 5609 3274 5646 orare
3299 5608 3390 5660 pro
3413 5592 3551 5646 vobis
3577 5590 3696 5644 Do-

2107 5692 2299 5743 minum
2329 5686 2410 5759 (1.
2435 5688 2561 5759 Reg.
2606 5686 2693 5741 12.
2733 5686 2847 5756 25).
2870 5675 3039 5753 Quam
3089 5685 3247 5755 igitur
3267 5685 3474 5741 veniam
3499 5699 3696 5740 conse-

2105 5799 2352 5850 quentur,
2384 5782 2609 5835 Domino
2635 5791 2689 5835 ct
2716 5779 2884 5835 servis
2911 5790 3021 5834 tum
3053 5779 3174 5833 novi
3205 5789 3320 5833 tum
3350 5780 3549 5835 veteris
3576 5778 3688 5834 Te-

2106 5875 2357 5946 stamenti
2383 5872 2766 5939 concitantibus
2796 5871 2862 5928 ad
2892 5871 3182 5940 orationem
3216 5885 3309 5944 pro
3356 5869 3609 5944 inimicis.
3641 5872 3691 5927 si
