4066 6392
347 425 447 477 11³5

345 536 497 588 στίαν
544 534 938 606 διορθώσασθαι
979 538 1242 609 μαθητοῦ,
1298 540 1391 592 καὶ
1435 538 1669 601 ἀναστὰς
1718 535 1913 601 ἔδειξεν

345 619 488 689 αύτῷ
519 620 609 673 τὸν
633 619 800 673 τύπον
842 622 953 673 τῶν
977 621 1142 691 ἥλων,
1173 622 1267 674 καὶ
1296 622 1365 675 τὰ
1391 621 1698 692 τραύματα,
1726 619 1913 683 εἰπὼν,

345 702 498 756 Βάλε
554 703 667 771 τὴν
708 704 877 773 χεῖρά
923 722 1058 771 σου,
1115 705 1213 758 καὶ
1260 705 1493 769 βλέπε,
1542 705 1631 758 ὅτι
1684 705 1919 774 πνεῦμα

342 789 538 856 σάρκα
564 790 661 843 καὶ
711 789 862 843 ὀστᾶ
888 791 998 843 οὐκ
1028 792 1171 857 ἔχει·
1203 788 1345 843 οὕτω
1379 791 1471 843 καὶ
1503 791 1623 844 τότε
1650 789 1811 855 δείξει
1851 790 1919 843 τά

342 870 633 941 τραύματα
677 872 773 925 καὶ
816 875 905 924 τὸν
942 874 1193 944 σταυρὸν,
1244 874 1330 927 ἵνα
1378 873 1526 945 δείξῃ
1556 875 1637 926 ὅτι
1668 866 1819 927 οὗτος
1851 868 1919 941 ῆν

343 955 547 1018 ἐκεῖνος
579 957 607 1008 ὁ
629 956 978 1027 σταυρωθείς.
1078 1012 1079 1015 η

419 1037 479 1092 ε’.
504 1039 618 1091 Ούκ
646 1039 755 1092 ἀπὸ
774 1040 868 1092 τοῦ
900 1041 1131 1111 σταυροῦ
1148 1040 1206 1092 δέ
1233 1042 1411 1111 μόνον,
1440 1040 1575 1093 ἀλλά
1590 1040 1685 1092 καὶ
1706 1039 1812 1092 ἀπὸ
1832 1038 1923 1092 αύ-

343 1121 450 1175 τῶν
477 1122 585 1174 τῶν
618 1123 876 1193 ῥημάτων
901 1125 1007 1176 τῶν
1033 1127 1089 1176 ἐν
1117 1124 1194 1195 τῷ
1218 1124 1436 1195 σταυρῷ
1457 1124 1553 1194 τὴν
1591 1126 1795 1190 ἄφατον
1825 1122 1922 1175 αύ-

343 1205 438 1258 τοῦ
466 1206 873 1278 φιλανθρωπίαν
904 1207 1050 1260 ἐστιν
1087 1208 1233 1262 ίδεῖν.
1271 1209 1389 1260 Ἔτι
1428 1208 1535 1278 γὰρ
1565 1206 1922 1278 προσηλωμέ-

344 1307 434 1352 νος
470 1291 562 1343 καὶ
603 1290 1033 1362 κωμῳδούμενος
1072 1293 1166 1345 καὶ
1198 1290 1649 1361 καταγελώμενος
1676 1290 1794 1343 τότε
1830 1289 1922 1343 καὶ

346 1375 372 1426 ἐ
379 1374 740 1444 μπτυόμενος,
770 1374 943 1444 ἔλεγε·
978 1375 1188 1443 Πάτερ,
1213 1375 1362 1443 ἁφες
1383 1374 1587 1441 αὐτοῖς
1609 1373 1723 1442 τὴν
1742 1374 1924 1443 ἁμαρ-

344 1457 500 1509 τίαν·
533 1460 604 1512 οὐ
632 1458 741 1527 γὰρ
780 1458 980 1512 οἴδασι
1012 1459 1069 1511 τί
1094 1458 1352 1512 ποιοῦσι.
1380 1457 1491 1512 Kal
1524 1457 1923 1527 σταυρούμενος

345 1539 487 1610 ὑπὲρ
535 1540 644 1592 τῶν
684 1540 1062 1612 σταυρούντων
1113 1540 1351 1611 εὔχεται·
1402 1541 1578 1594 καίτοι
1627 1540 1822 1592 ἐκεῖνοι
1863 1539 1923 1591 τὸ

345 1623 585 1676 ἐναντίον
603 1623 802 1691 ἔλεγον·
839 1627 909 1678 El
939 1627 1068 1689 Υἱὸς
1086 1618 1145 1677 εἴ
1169 1625 1273 1679 τοῦ
1295 1624 1464 1685 Θεοῦ,
1492 1621 1775 1690 κατάϐηθι
1804 1622 1922 1675 ἀπὸ

345 1707 453 1763 τοῦ
481 1708 766 1775 σταυροῦ,
791 1708 888 1761 καί
916 1706 1326 1776 πιστεύσομέν
1350 1722 1470 1769 σοι,
1494 1707 1647 1776 φησί.
1676 1706 1786 1759 Καὶ
1816 1706 1923 1776 μὴν

347 1787 501 1861 [409]
535 1791 623 1843 διὰ
644 1792 802 1845 τοῦτο
824 1792 884 1844 ού
912 1790 1228 1844 καταϐαίνει
1248 1790 1354 1843 ἀπὸ
1374 1789 1465 1842 τοῦ
1498 1789 1749 1861 σταυροῦ,
1776 1790 1924 1842 ἐπει-

344 1874 410 1944 δὴ
438 1874 566 1939 Υίός
589 1876 704 1929 ἐστι
733 1875 825 1929 τοῦ
850 1874 1009 1940 Θεοῦ,
1038 1875 1133 1928 καὶ
1158 1874 1247 1927 διὰ
1267 1872 1424 1926 τοῦτο
1446 1868 1629 1943 ἦλθεν,
1655 1873 1742 1927 ἵνα
1770 1890 1925 1926 σταυ-

350 1956 498 2028 ρωθῇ
520 1958 660 2029 ὑπὲρ
676 1960 853 2029 ἡμῶν.
878 1959 1173 2021 Κατάϐηθι
1191 1956 1309 2011 ἀπὸ
1327 1955 1431 2010 τοῦ
1452 1955 1739 2021 σταυροῦ,
1767 1955 1922 2025 φησὶ,

348 2041 449 2093 καί
472 2042 881 2111 πιστεύσομέν
907 2059 1025 2096 σοι.
1090 2042 1338 2112 Ῥήματα
1368 2038 1560 2101 ταῦτα,
1593 2039 1686 2092 καὶ
1715 2038 1925 2110 πρόφα-

348 2140 435 2187 σις
467 2124 745 2187 ἀπιστίας.
796 2124 901 2177 Τοῦ
945 2124 1055 2196 γάρ
1084 2124 1389 2193 καταϐῆναι
1416 2123 1524 2175 ἀπὸ
1568 2123 1662 2176 τοῦ
1690 2124 1924 2193 σταυροῦ

349 2206 529 2277 πολλῷ
556 2209 740 2277 μεῖζον
764 2203 831 2279 ῆν
853 2208 913 2260 τὸ
937 2207 1261 2277 ἀναστῆναι,
1294 2206 1388 2260 τοῦ
1412 2208 1559 2260 λίθου
1578 2208 1924 2277 ἐπικειμένου

346 2289 425 2359 τῷ
467 2290 640 2365 τάφῳ·
694 2291 786 2343 τοῦ
828 2290 1128 2361 καταϐῆναι
1164 2290 1272 2343 ἀπὸ
1320 2289 1413 2342 τοῦ
1475 2289 1706 2360 σταυροῦ
1745 2290 1925 2359 πολλῷ

351 2374 532 2442 μεῖζον
658 2374 945 2445 τὸ,νεκρὸν
973 2373 1258 2444 δεδεμένον
1288 2374 1381 2427 καὶ
1402 2375 1776 2446 τετραήμερον
1796 2374 1924 2427 ὅντα

345 2456 437 2509 τὸν
466 2457 715 2526 Λάζαρον
750 2457 886 2526 μετά
929 2456 1037 2509 τῶν
1070 2456 1293 2529 κειριῶν
1330 2456 1619 2524 ἐξαγαγεῖν
1647 2455 1741 2509 τοῦ
1786 2460 1925 2527 μνή-

350 2558 539 2611 ματος.
574 2541 801 2593 Ἐκεῖνοι
828 2542 923 2610 μὲν
950 2536 1042 2594 οὖν
1064 2541 1267 2609 ἔλεγον·
1295 2543 1338 2593 E'
1345 2544 1363 2594 ί
1395 2543 1528 2607 Υίὸς
1551 2536 1610 2594 εἷ
1625 2542 1731 2596 τοῦ
1755 2544 1923 2605 Θεοῦ,

345 2623 554 2679 σῶσον
587 2626 865 2678 σεαυτόν·
920 2625 1082 2687 αὐτὸς
1119 2624 1176 2677 δέ
1222 2625 1399 2678 πάντα
1452 2624 1736 2696 ἔπραττεν,
1778 2626 1926 2689 ὅπως

346 2708 588 2771 ἐκείνους
618 2706 765 2779 σώσῃ
797 2708 923 2771 τοὺς
947 2707 1299 2771 ὀνειδίζοντας
1320 2707 1501 2771 αὐτὸν,
1519 2708 1712 2777 λέγων·
1753 2710 1926 2777 Ἄφες

346 2792 551 2857 αὐτοῖς
587 2791 701 2858 τὴν
736 2788 1051 2859 ἁμαρτίαν·
1086 2793 1159 2845 οὐ
1196 2790 1308 2861 γὰρ
1344 2791 1547 2845 οἴδασι
1576 2793 1633 2845 τί
1659 2793 1923 2848 ποιοῦσι.

346 2877 412 2929 Τί
443 2872 576 2942 06v;
624 2877 835 2946 ἀφῆκεν
869 2877 1053 2937 αὐτοῖς
1088 2876 1186 2947 τήν
1226 2876 1527 2947 ἀμαρτίαν;
1592 2877 1846 2947 Ἀφῆκεν,
1877 2880 1925 2931 εί

347 2960 625 3014 ἐϐούλοντο
658 2964 1007 3031 μετανοῆσαι.
1040 2962 1101 3013 EE
1128 2961 1237 3031 γὰρ
1265 2961 1339 3030 μὴ
1363 2960 1578 3029 ἀφῆκεν
1605 2960 1787 3023 αὐτοῖς
1825 2960 1926 3031 τὴν

348 3045 642 3115 ἁμαρτίαν,
661 3045 761 3097 οὐκ
798 3045 861 3097 ἂν
899 3044 1110 3104 Παῦλος
1142 3043 1439 3105 ἀπόστολος
1481 3044 1719 3111 ἐγένετο·
1757 3046 1805 3097 εἰ
1850 3043 1925 3114 μὴ

346 3130 560 3197 ἀφῆκεν
589 3131 775 3191 αὐτοῖς
820 3128 915 3198 τὴν
943 3129 1239 3199 ἁμαρτίαν.
1274 3128 1374 3180 οὐκ
1396 3128 1461 3181 ἂν
1496 3128 1696 3190 εὐθέως
1725 3128 1927 3199 τρισχί-

345 3213 449 3265 λιοι
472 3214 797 3266 ἐπίστευσαν
818 3212 911 3264 καὶ
939 3213 1366 3280 πεντακισχίλιοι
1398 3214 1490 3265 καὶ
1512 3211 1701 3264 πολλαὶ
1732 3211 1926 3281 μυριά-

346 3298 453 3359 δες.
487 3298 610 3350 Ὂτι
635 3296 745 3366 γὰρ
768 3294 959 3349 πολλαὶ
986 3295 1247 3366 μυριάδες
1280 3296 1549 3349 Ἰουδαίων
1576 3295 1922 3361 ἐπίστευσαν,

346 3381 577 3433 ἄκουσον
614 3379 668 3433 τί
702 3379 951 3447 λέγουσιν
981 3379 1031 3431 οί
1074 3378 1359 3432 ἀπόστολοι
1393 3378 1470 3449 τῷ
1498 3378 1713 3448 Παύλῳ·
1774 3380 1924 3431 Θεω-

344 3462 487 3532 ρεῖς,
514 3461 759 3532 ἁδελφὲ,
781 3463 967 3516 πόσαι
988 3462 1274 3532 μιῳιάδες
1298 3462 1458 3516 εἰσὶν
1488 3461 1785 3517 Ἰουδαίων
1806 3460 1927 3515 τῶν

346 3548 834 3601 πεπιστευκότων
852 3562 871 3608 ;

419 3630 806 3702 Μιμησώμεθα
829 3629 1007 3683 τοίνυν
1034 3628 1125 3682 τὸν
1167 3627 1463 3698 Δεσπότην,
1513 3628 1607 3681 καὶ
1651 3628 1790 3698 ὑπὲρ
1815 3627 1923 3682 τῶν

347 3713 559 3785 ἐχθρῶν
579 3713 889 3784 εὐχώμεθα.
937 3712 1105 3766 Πάλιν
1136 3710 1244 3780 γάρ
1284 3711 1453 3781 αὐτῆς
1486 3710 1925 3781 ἐπιλαμϐάνομαι

346 3797 450 3865 τῆς
485 3797 900 3867 παραινέσεως·
958 3796 1216 3865 πέμπτην
1259 3794 1367 3865 ἔχω
1418 3795 1658 3865 σήμερον
1712 3794 1927 3864 ἡμέραν

350 3879 493 3951 ύπέρ
518 3880 721 3952 ταύτης
758 3880 887 3951 ύμῖν
914 3880 1012 3951 τῆς
1038 3878 1348 3942 ὑποθέσεως
1376 3878 1777 3948 διαλεγόμενος,
1807 3878 1928 3947 οὐχὶ

349 3962 778 4032 καταγινώσκων
820 3964 973 4034 ὑμῶν
1013 3962 1331 4034 παρακοήν.
1372 3962 1445 4031 μὴ
1499 3961 1748 4029 γένοιτο,
1793 3960 1926 4013 ἀλλά

352 4045 590 4120 μάλιστα
638 4046 872 4109 ἐλπίζων
902 4046 984 4099 ὅτι
1022 4045 1404 4116 πεισθήσεσθε.
1433 4045 1495 4097 Et
1533 4044 1591 4097 δέ
1636 4042 1779 4107 τινές
1821 4044 1929 4098 είσι

352 4131 579 4202 σκληροὶ
600 4129 693 4183 καὶ
719 4128 923 4201 ὀργίλοι
952 4129 1045 4181 καὶ
1071 4128 1463 4196 δυσανάγωγοι,
1486 4126 1628 4181 ὥστε
1651 4125 1931 4198 παρακοῦ-

352 4234 443 4269 σαι
475 4215 584 4268 τῶν
620 4214 748 4286 περὶ
773 4214 869 4285 τῆς
903 4213 1065 4284 εύχῆς
1100 4213 1404 4285 ῥηθέντων,
1445 4210 1546 4264 κᾶν
1570 4211 1662 4265 τὸν
1699 4210 1930 4281 ἀριθμὸν

350 4299 459 4352 τῶν
480 4298 703 4369 ἡμερῶν
729 4294 1067 4360 αἰδεσθέντες
1095 4295 1403 4349 ἀπόθωνταί
1439 4312 1568 4347 ποτε
1595 4294 1695 4364 τήν
1728 4294 1930 4365 ἔχθραν

351 4383 447 4435 καὶ
475 4381 572 4453 τὴν
632 4378 1016 4452 μικροψυχίαν.
1066 4379 1318 4450 Μίμησαί
1377 4394 1471 4430 σου
1504 4377 1595 4431 τὸν
1620 4376 1926 4447 Δεσπότην·

352 4463 703 4536 ἐπαυροῦτο,
756 4464 851 4517 καὶ
894 4462 1034 4532 ὑπὲρ
1064 4461 1170 4515 τῶν
1221 4460 1596 4537 σταυρούντων
1628 4458 1705 4529 τῷ
1757 4461 1931 4531 Πατρὶ

350 4548 643 4616 διελέγετο.
679 4546 788 4599 Καὶ
811 4545 928 4608 πῶς
959 4545 1208 4613 δύναμαι,
1233 4545 1385 4616 φησὶ,
1423 4544 1514 4598 τὸν
1536 4542 1812 4613 Δεσπότην
1842 4560 1930 4615 μι-

359 4630 666 4704 μήσασθαι;
704 4630 829 4682 Ἐὰν
858 4628 1036 4701 θέλῃς,
1065 4627 1310 4681 δύνασαι.
1335 4628 1397 4680 Εί
1420 4626 1495 4699 μὴ
1518 4626 1625 4698 γὰρ
1653 4620 1764 4689 οἷός
1786 4622 1931 4697 τεῆς

358 4714 721 4787 μιμήσασθαι,
748 4713 863 4776 πῶς
881 4712 1051 4781 ἔλεγε,
1074 4712 1300 4767 Μάθετε
1320 4711 1422 4765 ἀπ’
1444 4710 1611 4781 ἐμοῦ,
1634 4710 1723 4763 ὅτι
1744 4706 1930 4778 πρᾶός

355 4803 470 4869 ειμι
503 4799 602 4852 καί
630 4798 906 4863 ταπεινὸς
932 4796 1009 4865 τῇ
1034 4795 1250 4864 καρδίᾳ
1266 4812 1285 4860 ;
1310 4795 1373 4847 Et
1402 4794 1477 4871 μὴ
1505 4793 1724 4860 δυνατὸν
1739 4788 1807 4867 ῆν
1839 4810 1930 4865 μι-

360 4885 660 4955 μήσασθαι,
708 4883 810 4936 οὐκ
842 4883 908 4937 ἂν
954 4882 1190 4950 ἕλεγενό
1222 4879 1465 4942 Παῦλος·
1513 4880 1776 4948 Μιμηταί
1813 4896 1929 4947 μου

356 4969 618 5037 γίνεσθε,
640 4965 833 5032 καθὼς
862 4964 1023 5035 κάγὼ
1042 4962 1318 5033 Χριστοῦ.
1348 4961 1494 5041 Πλὴν
1522 4961 1633 5014 ἀλλ’
1664 4958 1723 5015 οὐ
1756 4962 1932 5032 βούλει

356 5051 449 5104 τὸν
498 5050 773 5121 Δεσπότην
806 5048 1182 5120 μιμήσασθαι;
1220 5046 1463 5117 μίμησαι
1495 5045 1587 5098 τὸν
1628 5045 1929 5111 σύνδουλον,

358 5134 629 5202 Στέφανον
656 5132 799 5201 λέγω
842 5132 933 5184 τὸν
963 5130 1259 5184 ἀπόστολον
1279 5146 1293 5160 ·
1325 5129 1420 5181 καὶ
1457 5129 1568 5200 γὰρ
1606 5131 1811 5193 ἐκεῖνος
1843 5131 1934 5185 τὸν

358 5218 634 5289 Δεσπότην
658 5216 986 5287 ἐμιμήσατο.
1013 5214 1124 5266 Καὶ
1144 5213 1394 5284 καθάπερ
1414 5214 1443 5267 0
1466 5214 1699 5285 Χριστὸς
1732 5213 1933 5284 μεταξὺ

358 5301 467 5354 τῶν
500 5299 895 5371 σταυρούντων,
923 5296 1081 5365 ἀφεὶς
1114 5296 1204 5349 τὸν
1238 5295 1495 5368 σταυρὸν,
1528 5298 1687 5365 ἀφεὶς
1717 5297 1783 5350 τὰ
1812 5298 1934 5351 καθ’

358 5383 572 5446 ἐαυτὸν,
600 5383 741 5453 ὑπὲρ
768 5382 874 5434 τῶν
909 5378 1285 5450 σταυρούντων
1335 5381 1643 5453 παρακαλεῖ
1676 5381 1768 5435 τὸν
1821 5384 1935 5436 Πα-

358 5468 521 5537 τέρα·
554 5467 697 5520 οὕτω
746 5466 840 5519 καὶ
888 5467 918 5519 0
968 5464 1151 5529 δοῦλος
1192 5464 1393 5535 μεταξὺ
1427 5464 1537 5517 τῶν
1585 5464 1933 5530 λιθαζόντων,

363 5550 688 5622 βαλλόμενος
719 5548 823 5602 ὑπὸ
855 5550 1071 5611 πάντων
1097 5587 1112 5607 ,
1159 5546 1446 5617 δεχόμενος
1489 5547 1587 5616 τάς
1617 5548 1777 5617 βολὰς
1830 5549 1937 5603 τῶν

361 5633 546 5696 λίθων,
562 5633 659 5687 καλ⁸
685 5631 786 5696 τὰς
809 5630 1000 5695 ὀδύνας
1021 5631 1119 5694 τάς
1141 5632 1205 5683 ἐκ
1222 5630 1425 5684 τούτων
1450 5632 1742 5702 γινομένας
1757 5635 1935 5703 ἀφεὶς,

363 5717 515 5786 ἔλεγε
532 5734 546 5749 ο
564 5718 759 5786 Κύριε,
772 5717 857 5787 μὴ
880 5715 1120 5785 στήσῃς
1139 5714 1345 5781 αὐτοῖς
1361 5714 1474 5785 τὴν
1489 5715 1782 5786 ἁμαρτίαν
1803 5719 1941 5774 ταύ-

363 5817 496 5867 την.
530 5798 682 5864 Εἶδες
715 5802 833 5864 πῶς
861 5799 1169 5868 διαλέγεται
1188 5799 1216 5852 0
1248 5798 1408 5863 Υἱός;
1452 5795 1587 5863 εἶδες
1618 5801 1735 5865 πῶς
1763 5802 1939 5855 δέεται

364 5885 394 5938 0
424 5883 641 5950 δοῦλοςς
685 5876 1119 5955 Ἐκεῖνόςφησι·
1174 5882 1389 5952 Πάτερ,
1424 5882 1571 5952 ἄφες
1595 5884 1795 5951 αὐτοῖς
1830 5886 1943 5954 τὴν

1300 422 1389 477 DE
1426 420 1656 478 CRUCE
1693 418 1780 474 ET
1816 414 2156 473 LATRONE.
2207 416 2437 473 ΙΙΟΜΙΙ..
2483 418 2521 474 I.

3488 420 3593 477 006

2027 534 2319 603 ἁμαρτίαν
2348 538 2573 603 ταύτην
2595 553 2607 566 ·
2635 539 2705 589 οὺ
2733 538 2837 605 γὰρ
2855 537 3055 591 οἴδασι
3074 538 3130 592 τί
3160 538 3436 592 ποιοῦσιν
3464 558 3475 569 ·
3501 536 3593 596 06-

2022 636 2113 682 τος
2138 619 2193 672 δέ
2223 637 2375 691 φησι·
2401 621 2598 688 Κύριε,
2624 620 2709 689 μὴ
2733 619 2973 690 στήσῃς
3012 620 3217 687 αὐτοῖς
3249 622 3363 689 τὴν
3407 623 3592 693 ἁμαρ-

2026 703 2161 756 τίαν
2194 705 2436 771 ταύτην.
2465 704 2576 758 Καὶ
2598 704 2685 757 ἵνα
2715 703 3000 775 μάθηςὸτι
3022 704 3160 774 μετά
3184 706 3417 776 σπουδῆς
3443 706 3594 777 εὔχε-

2021 801 2133 846 ται,
2162 785 2260 855 ούχ
2307 786 2493 849 ἀπλῶς
2528 772 2745 857 εὔχεται
2800 772 2970 851 ἑστὼς
3015 772 3109 840 καὶ
3142 772 3621 859 κατα).ευόμενος,”
3646 827 3659 835 ο

2021 868 2158 922 ἀλλά
2187 870 2301 933 θεὶς
2332 870 2399 924 τά
2452 871 2654 939 γόνατα
2700 866 2821 924 εἷπε
2858 872 2995 941 μετὰ
3037 872 3402 937 κατανύξεως,
3458 874 3595 945 μετά

2022 951 2222 1022 πολλῆς
2256 953 2618 1023 συμπαθείας.
2650 954 2838 1007 Βούλει
2869 972 2950 1008 σοι
2972 954 3129 1021 δείξω
3160 956 3256 1009 καὶ
3280 956 3438 1010 ἄλλον
3470 957 3595 1010 σύν-

2018 1036 2203 1089 δουλον
2240 1036 2419 1107 πολλῷ
2450 1038 2669 1108 μείζονα
2718 1039 2927 1102 ἐκείνου
2966 1039 3234 1103 παθόντα;
3281 1041 3340 1095 '0
3387 1042 3595 1105 Παῦλὸς

2022 1136 2208 1190 φησιν·
2260 1120 2408 1173 Ὑπὸ
2460 1120 2764 1175 Ἰουδαίων
2797 1122 2924 1188 τρίς
2974 1121 3392 1190 ἐρραϐδίσθην,
3434 1122 3596 1189 ἅπαξ

2021 1202 2375 1270 ἐλιθάσθην,
2417 1203 2796 1272 νυχθήμερον
2830 1205 2901 1257 ἐν
2944 1204 3024 1269 τῷ
3052 1204 3225 1271 βυθῷ
3273 1207 3596 1275 πεποίηκα.

2022 1285 2087 1338 Τί
2110 1281 2202 1338 οῦν
2230 1285 2366 1355 μετὰ
2402 1285 2571 1339 ταῦτα
2591 1304 2605 1351 ;
2625 1287 2935 1356 Ηὺχόμην,
2964 1288 3148 1358 φησὶν,
3183 1289 3366 1357 αὐτὸς
3384 1289 3597 1345 ἀνάθε-

2016 1386 2102 1437 μα
2126 1365 2275 1423 εἷναι
2304 1369 2456 1437 ὑπὲρ
2486 1368 2605 1423 τῶν
2634 1370 2915 1439 ἀδελφῶν
2954 1389 3096 1439 μου,
3129 1372 3248 1426 τῶν
3290 1376 3597 1445 συγγενῶν

2017 1470 2137 1521 μου
2167 1453 2317 1506 κατὰ
2349 1452 2564 1520 σάρκα.
2595 1453 2779 1517 Θέλεις
2810 1457 2902 1508 καὶ
2931 1455 3089 1509 ἄλλον
3134 1456 3285 1529 [410]
3323 1460 3470 1525 ἰδεῖν,
3498 1462 3599 1514 οὐκ

2023 1535 2130 1587 ἀπὸ
2152 1536 2247 1606 τῆς
2280 1538 2508 1607 Καινῆς,
2529 1536 2643 1589 ἀλλ’
2675 1536 2782 1590 ἀπὸ
2819 1539 2916 1608 τῆς
2958 1539 3231 1606 Παλαιᾶς;
3276 1542 3447 1595 Τοῦτο
3491 1546 3599 1614 γάρ

2023 1618 2140 1669 ἐστι
2177 1617 2409 1687 μάλιστα
2435 1620 2496 1672 τὸ
2527 1619 2860 1691 θαυμαστὸν,
2896 1621 2977 1674 ὅτι
3007 1623 3139 1676 ὅπου
3165 1625 3265 1677 οὐκ
3290 1625 3601 1679 ἐκελεύοντο

2023 1702 2148 1764 τοὺς
2178 1700 2408 1773 ἐχθροὺς
2455 1703 2650 1771 φιλεῖν,
2704 1705 2820 1756 ἀλλ’
2858 1705 3135 1777 ὀφθαλμὸν
3164 1709 3452 1763 ἐκκόπτειν
3484 1709 3602 1763 ἀντ’

2023 1784 2326 1855 ὀφθαλμοῦ,
2356 1788 2452 1840 καὶ
2506 1788 2695 1842 ὀδόντα
2739 1790 2861 1842 ἀντὶ
2907 1790 3136 1858 ὀδόντος,
3176 1794 3270 1845 καὶ
3321 1795 3435 1856 τοῖς
3466 1793 3601 1857 ῐσοις

2023 1869 2363 1939 ἀμείψασθαι
2392 1873 2605 1935 κακοῖς,
2630 1871 2767 1943 πρὸς
2792 1873 3153 1946 ὰποστολικήν
3182 1875 3425 1945 ἔφθασαν
3455 1877 3602 1947 φιλο-

2026 1952 2238 2021 σοφίαν.
2261 1954 2524 2008 Ἀκουσον
2546 1955 2598 2007 τί
2619 1972 2783 2027 φησιν
2811 1958 2839 2009 0
2862 1958 3121 2028 Μωῦσῆς,
3146 1960 3175 2011 0
3198 1956 3473 2024 λιθασθεὶς
3498 1961 3603 2014 ὑπὸ

2024 2037 2132 2090 τῶν
2170 2038 2437 2093 Ἰουδαίων
2466 2039 2746 2103 πολλάκις,
2781 2040 2875 2093 καὶ
2904 2042 3340 2113 καταφρονηθεὶς
3376 2044 3467 2096 ὑπ’
3500 2045 3601 2098 αύ-

2024 2120 2131 2174 τῶν
2148 2137 2160 2149 ·
2195 2122 2266 2179 Εί
2280 2120 2398 2189 μὲν
2422 2121 2609 2190 ἀφίης
2630 2121 2835 2188 αὐτοῖς
2853 2123 2961 2191 τὴν
2990 2125 3305 2193 ἁμαρτίαν,
3328 2126 3478 2195 ἇφες
3501 2143 3515 2157 ·
3550 2130 3604 2182 εί

2023 2203 2092 2256 δὲ
2113 2203 2219 2271 μὴ,
2256 2204 2407 2273 κάμὲ
2439 2204 2769 2275 ἐξάλειψον
2801 2207 2870 2260 ἐκ
2911 2205 3023 2275 τῆς
3060 2208 3283 2271 βίϐλου
3319 2205 3395 2280 ἧς
3427 2211 3602 2282 5730a-

2026 2288 2169 2353 ψας.
2218 2286 2381 2358 Ὁρᾷς
2409 2287 2638 2342 ἕκαστον
2662 2288 2760 2360 τὴν
2792 2289 2902 2342 τῶν
2945 2290 3120 2344 ἄλλων
3157 2292 3455 2359 ἀσφάλειαν
3496 2295 3605 2365 πρὸ

2026 2371 2123 2440 τῆς
2176 2371 2381 2434 οἰκείας
2422 2372 2693 2443 σωτηρίας
2724 2373 3041 2443 τιθέμενον;
3098 2375 3265 2430 Οὐδὲν
3321 2378 3600 2451 ἥμαρτες·

2028 2453 2119 2505 καὶ
2141 2452 2191 2506 τί
2227 2454 2407 2523 βούλει
2434 2455 2759 2527 κοινωνῆσαι
2791 2457 2975 2520 αὐτοῖς
3005 2456 3107 2528 τῆς
3146 2461 3446 2531 τιμωρίας;
3482 2464 3604 2517 ’Ὁτι

2026 2539 2087 2591 ού
2120 2539 2323 2609 σφόδρα
2350 2539 2697 2611 αἰσθάνομαι,
2723 2542 2877 2611 φησὶ,
2907 2543 3006 2612 τῆς
3033 2541 3357 2615 εὐπραγίας,
3399 2545 3605 2617 ἑτέρων

2028 2620 2349 2691 πασχόντων
2376 2622 2581 2685 κακῶς.
2622 2623 2822 2694 Ἤρκει
2868 2623 2966 2694 μὲν
3002 2620 3094 2678 οὖν
3132 2626 3227 2679 καὶ
3270 2626 3443 2681 ταῦτα
3474 2630 3603 2699 ήμῖν

2025 2704 2095 2757 τὰ
2112 2704 2526 2774 παραδείγματα
2553 2722 2566 2736 ·
2596 2706 2683 2759 ἵνα
2703 2706 2761 2759 δὲ
2777 2708 2841 2759 ἐκ
2870 2709 3189 2778 περιουσίας
3216 2710 3604 2783 διορθώσωμεν

2026 2788 2283 2851 ἑαυτοὺς,
2320 2790 2413 2842 καὶ
2446 2788 2632 2859 ἕτερον
2655 2788 2723 2841 τὰ
2749 2789 2889 2842 αὐτὰ
2920 2791 3309 2862 φιλοσοφοῦντα
3340 2796 3603 2867 πειράσο-

2030 2891 2129 2944 μαι
2159 2886 2206 2927 α.
2264 2875 2373 2927 Καὶ
2426 2873 2535 2943 γὰρ
2590 2874 2620 2925 0
2658 2872 2843 2939 Δαυῒδ,
2872 2876 2901 2927 ὀ
2948 2877 3218 2947 μακάριος
3263 2881 3469 2944 ἐκεῖνος
3509 2885 3603 2936 καὶ

2028 2958 2221 3026 πρᾶος,
2244 2956 2337 3009 τοῦ
2365 2955 2725 3027 στρατοπέδου
2751 2958 2953 3021 παντὸς
2979 2961 3478 3028 κατεξαναστάντος
3508 2966 3604 3019 αύ-

2025 3038 2141 3102 τοῦ,
2173 3040 2267 3091 καὶ
2291 3039 2381 3091 τὸν
2410 3039 2525 3092 υἱὸν
2552 3037 2982 3104 καθοπλίσαντος
3004 3042 3096 3095 τὸν
3136 3044 3478 3117 Ἀϐεσαλὼμ,
3511 3052 3605 3103 καὶ

2025 3122 2351 3193 ἐπιθεμένου
2372 3126 2437 3193 τῇ
2464 3123 2760 3194 τυραννίδι,
2784 3124 2876 3176 καὶ
2901 3124 3254 3195 βουληθέντος
3280 3128 3444 3183 αὑτὸν
3468 3133 3604 3201 σφά-

2027 3204 2136 3269 ξαι,
2167 3201 2286 3259 εἶτα
2318 3205 2410 3257 τοῦ
2432 3205 2566 3258 Θεοῦ
2600 3205 2689 3259 διὰ
2713 3205 2872 3259 τοῦτο
2894 3206 3322 3278 παροξυνθέντος
3357 3212 3450 3281 (τί
3494 3215 3604 3285 γὰρ

2025 3290 2075 3342 εί
2102 3289 2198 3343 καὶ
2220 3288 2494 3360 πρόφασιν
2526 3288 2720 3360 ἑτέραν
2744 3289 2981 3357 ἐπέθηκε
3003 3294 3068 3363 τῇ
3098 3296 3282 3365 σφαγῇ
3298 3293 3339 3367 ;)
3391 3296 3486 3348 καὶ
3511 3297 3604 3349 τὸν

2024 3373 2257 3442 ἄγγελον
2292 3372 2609 3443 πέμψαντος
2646 3374 2922 3445 ῥομφαίαν
2950 3377 3329 3448 ἐσπασμένον,
3380 3380 3475 3433 καὶ
3507 3381 3604 3452 τὴν

2026 3456 2244 3528 πληγὴν
2293 3456 2628 3527 ἐπιφέροντα
2687 3457 2896 3513 ἀνωθεν
2922 3498 2938 3522 ,
3005 3459 3148 3530 ὀρῶν
3201 3461 3605 3533 ἀπολλυμένους

2027 3540 2293 3605 ἅπαντας,
2315 3540 2368 3593 τί
2399 3558 2566 3612 φησιν
2592 3557 2606 3607 ;
2652 3541 2800 3611 Ἐγὼ
2822 3546 2854 3597 ό
2877 3542 3104 3612 ποιμὴν
3128 3544 3413 3613 ἥμαρτον,
3445 3538 3607 3617 κάγὼ

2028 3625 2062 3677 ό
2082 3624 2307 3692 ποιμὴν
2336 3624 2772 3691 ἐκακοποίησα.
2824 3627 3101 3689 Γενέσθω
3136 3628 3229 3680 ἐπ’
3269 3628 3374 3698 ἐμὲ
3407 3630 3446 3691 ’ἡ
3476 3632 3607 3698 χείρ

2026 3724 2165 3772 σου,
2194 3707 2293 3762 καὶ
2315 3708 2414 3761 ἐπὶ
2438 3709 2548 3762 τύν
2571 3704 2743 3764 οἷκον
2767 3709 2875 3763 τοῦ
2890 3712 3113 3777 πατρός
3134 3730 3274 3780 μου.
3312 3712 3471 3784 Ὁρᾷς
3498 3718 3603 3767 πά-

2026 3792 2110 3845 λιν
2148 3792 2386 3861 συγγενῆ
2415 3791 2484 3845 τὰ
2518 3793 2955 3865 κατορθώματα;
2992 3794 3181 3858 Βούλει
3213 3813 3296 3849 σοι
3321 3796 3480 3862 δείξω
3513 3801 3607 3852 καὶ

2027 3877 2221 3942 ἄλλως
2253 3877 2375 3931 ούδέ
2407 3877 2517 3948 γὰρ
2541 3877 2732 3949 ἐτέρου
2771 3879 2839 3933 τὰ
2867 3878 3009 3943 αύτά
3035 3866 3457 3950 φιλοσοφοῦντος
3482 3884 3606 3936 ἀπο-

2034 3964 2292 4031 ρήσομεν.
2323 3960 2579 4033 Σαμουὴλ
2597 3964 2625 4016 0
2652 3965 2943 4035 προφήτης
2969 3953 3176 4028 ἐκεῖνος
3205 3964 3438 4036 ὑϐρίσθη
3456 3967 3608 4037 παρά

2029 4046 2136 4099 τῶν
2175 4043 2465 4109 Ἰουδαίων,
2496 4044 2984 4118 ἀπεχειροτονήθη,
3015 4047 3294 4119 ήτιμάσθη
3311 4048 3504 4115 οὕτως,
3532 4050 3607 4115 ὡς

2028 4122 2121 4182 τὸν
2152 4128 2282 4181 Θεὸν
2305 4127 2529 4198 θελῆσαι
2552 4128 2719 4203 αὐτὸν
2737 4122 3242 4201 παραμυθήσασθαι
3268 4132 3364 4185 καὶ
3397 4134 3571 4186 είπεῖν
3590 4151 3605 4165 ·

2034 4214 2116 4265 Οὺ
2141 4211 2216 4264 σὲ
2242 4210 2719 4283 ἐξουθενήκασιν
2743 4252 2758 4277 ,
2792 4212 2930 4279 ἁλλ’
2959 4211 3082 4281 ἐμέ.
3114 4214 3179 4266 Τί
3222 4209 3316 4268 οῦν
3344 4216 3552 4281 ἐκεῖνος
3579 4220 3610 4271 0
3678 4228 3683 4233 ‘

2029 4295 2426 4361 ἐξουθενηθεὶς,
2456 4297 2484 4349 0
2507 4294 2813 4366 ὑϐρισθείς;
2846 4294 3008 4364 Ἐμοὶ
3033 4294 3102 4348 δὲ
3125 4296 3213 4365 μὴ
3234 4298 3486 4367 γένοιτο,
3513 4319 3610 4372 φη.

2033 4383 2138 4440 σίν.
2161 4380 2441 4457 ἁμαρτεῖν
2457 4379 2669 4445 οὕτως,
2691 4380 2773 4449 ὡς
2799 4379 3097 4434 διαλιπεῖν
3117 4385 3609 4454 προσευχόμενον

2030 4461 2184 4533 ὑπὲρ
2216 4461 2386 4531 ὑμῶν
2424 4461 2513 4540 τῷ,
2540 4461 2757 4530 Κυρίῳ.
2810 4461 3114 4534 Ἀμαρτίαν
3142 4464 3395 4536 ἐνόμισεν
3442 4460 3608 4531 εἶναι,

2030 4547 2093 4600 τὸ
2131 4546 2206 4617 μή
2236 4544 2638 4617 προσεύχεσθαι
2675 4544 2817 4617 ὑπὲρ
2849 4544 2960 4600 τῶν
3014 4544 3247 4619 ἐχθρῶν.
3276 4548 3370 4621 Μὴ
3396 4550 3610 4619 γένοιτο

2032 4630 2143 4701 γάρ
2171 4648 2261 4701 μοι
2288 4629 2554 4707 ἁμαρτεῖν
2580 4628 2784 4693 οὕτως,
2816 4630 2893 4693 ὠς
2925 4629 3002 4702 μὴ
3035 4632 3437 4704 προσεύχεσθαι
3468 4635 3608 4707 ὑπὲρ

2033 4700 2206 4783 ὑμῶν.
2243 4713 2301 4765 '0
2333 4700 2565 4783 Χριστδς
2611 4712 2781 4781 λέγει·
2818 4700 3027 4783 Πάτερ,
3080 4700 3471 4785 ἄφες-αὑτοῖς
3494 4700 3609 4787 τὴν

2033 4799 2325 4869 ἁμαρτίαν
2348 4813 2361 4824 ·
2395 4799 2465 4851 οὐ
2481 4796 2814 4865 τὰρρῖδασι
2837 4799 2890 4851 τί
2914 4797 3217 4855 ποιοῦσιν.
3256 4800 3314 4855 '0
3338 4801 3611 4872 Στέφανος

2034 4882 2202 4949 λέγει·
2223 4881 2418 4948 Κύριε,
2433 4880 2520 4949 μὴ
2542 4881 2781 4949 στήσῃς
2799 4882 3005 4947 αὐτοῖς
3021 4882 3137 4952 τὴν
3156 4884 3451 4954 ἁμαρτίαν
3470 4890 3613 4942 tat}-

2034 4982 2164 5033 την.
2220 4964 2277 5017 ’0
2312 4963 2528 5039 Παῦλος
2572 4964 2762 5033 λέγει·
2800 4967 3091 5036 Ηὺχόμην
3143 4968 3411 5039 ἀνάθεμα
3458 4967 3613 5026 εἶναι

2033 5048 2186 5116 ὑπὲρ
2218 5046 2337 5123 τῶν
2363 5046 2643 5123 ἀδελφῶν
2664 5065 2806 5117 μου,
2827 5047 2947 5101 τῶν
2969 5052 3285 5121 συγγενῶν
3306 5052 3459 5107 κατὰ
3473 5054 3612 5123 σάρ-

2035 5148 2131 5187 κα.
2184 5132 2243 5185 '0
2293 5132 2535 5202 Μωῦσῆς
2562 5131 2732 5199 λέγει·
2781 5135 2850 5185 El
2877 5132 2989 5202 μὲν
3036 5134 3222 5209 ἀφίης
3261 5137 3468 5204 αὐτοῖς
3496 5138 3613 5206 τὴν

2035 5216 2345 5287 ἁμαρτίαν,
2369 5215 2546 5286 ἄφες·
2596 5218 2648 5270 εί
2667 5216 2735 5269 δὲ
2751 5217 2859 5285 μὴ,
2886 5217 3037 5287 κάμὲ
3058 5218 3387 5289 ﬁdlem-or
3412 5222 3481 5275 ἐκ
3501 5212 3611 5291 τῆς

2031 5303 2254 5367 βίϐλου
2289 5295 2366 5371 ἧς
2409 5299 2696 5369 ἔγραψας.
2737 5299 2795 5352 '0
2833 5300 2998 5355 Δαυῖδ
3044 5301 3212 5372 λέγει·
3263 5303 3542 5361 Γενέσθω
3572 5308 3610 5373 ἡ

2038 5385 2168 5455 χείρ
2212 5395 2329 5437 σου
2362 5381 2456 5437 ἐπ’
2486 5383 2590 5452 ἐμὲ
2644 5383 2742 5437 καὶ
2773 5383 2871 5438 ἐπὶ
2902 5384 3011 5439 τὸν
3037 5381 3205 5440 οἷκον
3254 5388 3364 5443 τοῦ
3388 5389 3615 5457 πατρός

2034 5487 2171 5540 μου.
2212 5468 2269 5521 '0
2290 5465 2540 5538 Σαμουὴλ
2568 5466 2747 5535 λέγει·
2784 5468 2935 5537 Ἐμοὶ
2966 5468 3035 5522 δὲ
3054 5470 3141 5540 μὴ
3176 5470 3404 5540 γένοιτο
3431 5472 3616 5541 ἁμαρ-

2037 5554 2164 5608 τεῖν
2194 5552 2299 5606 τοῦ
2324 5551 2623 5605 διαλιπεῖν
2649 5553 3142 5622 προσευχόμενον
3160 5554 3309 5624 ὑπὲρ
3344 5554 3510 5624 ὑμῶν
3535 5554 3616 5623 τῷ

2040 5638 2251 5706 Κυρίῳ.
2290 5635 2456 5699 Ποίας
2487 5630 2580 5688 06v
2630 5634 2886 5706 τύχωμεν
2920 5636 3252 5708 συγγνώμης
3277 5678 3291 5701 ,
3342 5639 3465 5693 είπέ
3500 5656 3610 5711 μοι,

2040 5722 2135 5774 τοῦ
2161 5718 2455 5783 Δεσπότου,
2483 5717 2594 5771 τῶν
2617 5717 2841 5781 δούλων,
2870 5718 2979 5773 τῶν
3000 5720 3108 5774 ἀπὸ
3130 5721 3229 5791 τῆς
3259 5722 3490 5792 Καινῆς,
3506 5723 3619 5775 τῶν

2043 5806 2150 5861 ἀπὸ
2181 5805 2283 5873 τῆς
2342 5803 2604 5865 Παλαιᾶς,
2659 5802 2878 5857 πάντων
2916 5805 3067 5873 ἡμᾶς
3100 5806 3385 5861 ὠθούντων
3417 5808 3499 5871 εἰς
3523 5804 3619 5876 τὴν

2107 5891 2129 5920 ⁸³
2156 5891 2302 5941 Forte
2328 5888 2471 5944 δεῖξαι
2492 5888 2796 5951 πειράσομαι.
2823 5889 2971 5940 Savil.
