4066 6392
288 367 388 435 107

284 491 390 533 nos
410 489 441 530 e
458 471 722 530 contrario
738 481 923 528 contra
947 471 1188 528 inimicos
1205 474 1523 542 precemur?
1547 473 1645 540 Ne,
1666 491 1870 546 quaeso,

291 583 366 624 ue
385 563 439 620 id
475 578 714 634 agamus,
745 562 956 620 fratres.
988 565 1193 619 Etenim
1223 573 1422 634 quanto
1444 565 1592 634 plura
1613 568 1877 636 exempla,

291 664 446 714 tanto
474 654 664 723 majus,
686 656 732 710 si
757 669 852 711 eos
907 669 1014 710 non
1047 655 1332 720 imitemur,
1363 656 1701 726 supplicium.
1734 657 1880 712 Prae-

295 743 523 799 stantins
542 754 623 800 est
646 760 743 815 pro
771 745 1017 813 inimicis,
1043 762 1200 816 quam
1233 761 1329 815 pro
1354 747 1536 800 amicis
1561 762 1750 802 orare:
1775 764 1879 802 non

295 835 436 890 enim
468 845 668 891 tantum
717 836 860 904 hinc,
886 847 1139 908 quantum
1185 838 1310 894 inde
1353 839 1492 894 lucri
1540 837 1772 894 refertis.
1823 839 1885 896 Si

280 928 434 980 ienim
461 927 755 992 dilexeritis,
790 931 978 1000 inquit,
1010 947 1112 998 eos,
1141 932 1228 1002 qui
1247 947 1334 986 vos
1357 931 1591 1002 diligunt,
1621 933 1750 986 nihil
1771 951 1884 986 ma-

295 1019 380 1084 gni
396 1019 563 1088 facitis
579 1035 598 1072 :
616 1021 795 1074 etenim
811 1030 858 1073 et
875 1021 1130 1091 publicani
1145 1024 1238 1076 hoc
1259 1023 1452 1092 faciunt
1467 1021 1679 1092 (Matth.
1695 1023 1748 1078 5.
1766 1022 1881 1092 46).

305 1107 486 1178 Itaque
530 1111 576 1165 si
601 1126 694 1180 pro
723 1113 908 1168 amicis
936 1128 1153 1168 oremus
1183 1123 1404 1178 tantum,
1435 1113 1660 1169 ethnicis
1685 1125 1741 1169 et
1782 1130 1880 1184 pn-

298 1197 518 1254 blicanis
547 1201 796 1281 nondum
839 1204 1087 1259 meliores
1129 1204 1250 1260 facti
1298 1218 1500 1260 sumus.
1535 1206 1601 1259 At
1624 1220 1744 1260 cum
1774 1203 1882 1260 ini-

1373 361 1462 419 DE
1489 361 1716 420 οιιυοε
1755 361 1845 420 ET
1884 364 2224 423 LATRONE.
2269 367 2496 424 HOMIL.
2538 369 2604 424 11.

3455 357 3561 430 £08

1991 479 2156 533 micos
2183 478 2472 548 diligimus,
2521 479 2630 534 Deo
2679 494 2774 548 pro
2806 478 3034 534 humana
3091 478 3340 536 facultate
3366 482 3568 539 similes

1989 570 2268 634 efﬁcimur,
2305 568 2406 637 Qui
2428 570 2584 624 solem
2612 587 2760 623 suum
2785 571 2906 623 oriri
2928 571 3051 642 facit
3069 588 3220 635 super
3241 573 3401 627 malos
3422 583 3466 626 et
3491 577 3569 626 bu-

1989 677 2101 728 nos,
2133 670 2178 714 et
2204 661 2332 732 pluit
2349 677 2500 730 super
2517 662 2684 732 justas
2712 671 2758 714 et
2779 661 2995 732 injustas
3025 660 3238 735 (Matth.
3264 663 3317 718 5.
3342 664 3456 733 45).
3485 661 3569 717 Si-

1992 769 2110 808 mus
2142 754 2299 824 igitur
2324 754 2525 808 similes
2556 754 2725 808 Patris
2757 772 2770 808 :
2801 770 2919 807 nam
2945 751 3144 819 Estote,
3175 755 3365 825 inquit,
3385 756 3573 811 similes

1996 842 2166 898 Patris
2190 844 2356 909 uestri,
2379 845 2466 914 qui
2492 845 2544 897 in
2575 843 2712 898 caelis
2737 854 2827 905 est,
2856 854 2912 898 ut
2935 860 3156 913 regnum
3174 846 3426 898 eadm-um
3445 864 3460 898 t
3478 861 3574 899 on-

1991 934 2142 1003 sequi
2172 949 2502 998 mereamur,
2531 935 2698 1004 gratia
2725 946 2778 989 et
2809 934 3132 1004 benignitate
3165 935 3369 989 Domini
3397 944 3451 990 et
3483 936 3574 989 Dei
3650 966 3652 969 -

1992 1035 2043 1078 et
2070 1023 2362 1080 Salvatoris
2400 1026 2568 1080 nostri
2593 1025 2721 1080 Jesu
2764 1025 2980 1090 Christi,
3011 1026 3095 1080 cui
3121 1025 3290 1096 gloria
3315 1036 3369 1082 et
3399 1029 3569 1097 impe-

1992 1117 2128 1171 rium
2157 1117 2210 1171 in
2240 1117 2435 1172 saacula
2457 1117 2790 1173 saeculorum.
2821 1117 3014 1171 Amen.

299 1448 532 1493 ORATIO
569 1452 628 1493 IN
673 1451 928 1494 CBUCEM
972 1453 1054 1495 ET
1095 1451 1159 1494 ῙΝ
1191 1451 1668 1496 CONFESSIONEM
1697 1445 2029 1500 ιιιτιιοκιε,
2064 1446 2372 1490 RECITATA
2419 1447 2480 1488 IN
2527 1449 2761 1492 SANCTA
2809 1450 2890 1495 ΕΤ
2934 1450 3148 1492 MAGNA
3195 1450 3579 1507 PARASCBVK,

1301 1553 1381 1595 ET
1411 1546 1594 1605 °QUOD
1622 1547 1956 1593 OPORTEAT
2003 1545 2120 1588 1³1ιο
2165 1547 2428 1592 INIMICIS
2470 1547 2708 1592 011Δ11Ε.

1606 1690 2028 1745 “eam

760 1757 985 1800 IIOIILIA
1004 1761 1066 1802 11.

379 1838 427 1891 1.
459 1836 662 1900 Quanta
700 1835 842 1890 nobis
877 1837 1008 1890 bona
1032 1833 1172 1890 Crux
1198 1833 1400 1901 afferat.
1430 1864 1502 1875 —
1542 1833 1756 1889 Festum
1783 1831 1884 1886 lto-

299 1929 387 1984 die
412 1930 617 1998 agimus
641 1939 696 1984 et
723 1937 1080 1995 conventum,
1109 1929 1392 1993 carissimi,
1422 1929 1674 1999 quoniam
1709 1927 1887 1982 Domi-

300 2036 404 2076 nus
429 2031 610 2076 noster
629 2020 794 2076 clavis
822 2029 906 2075 est
931 2021 1078 2076 cruci
1108 2018 1316 2074 afﬁxus.
1341 2019 1524 2089 Neque
1549 2020 1886 2089 peregrinum

303 2113 398 2167 tibi
446 2112 721 2175 videatur,
763 2111 808 2166 si
835 2127 954 2167 cum
986 2125 1074 2167 res
1097 2110 1285 2166 odiosa
1311 2120 1365 2166 et
1389 2110 1682 2165 aversanda
1710 2109 1886 2171 fuerit.

302 2222 401 2260 nos
444 2206 634 2260 festum
677 2204 819 2259 diem
863 2203 1214 2259 celebremus.
1267 2201 1541 2271 Ejusmodi
1584 2202 1725 2255 enim
1769 2209 1893 2253 sunt

301 2297 480 2351 omnia
509 2297 802 2368 spiritualia
828 2337 843 2360 ,
888 2296 1156 2350 contraria
1195 2294 1440 2348 Immana:
1482 2303 1702 2347 natura).
1746 2292 1812 2346 Et
1837 2299 1894 2345 ιιι

305 2389 408 2444 hoc
459 2390 622 2456 probe
651 2403 942 2458 cognoscas
965 2428 980 2454 ,
1024 2401 1155 2443 crux
1187 2387 1331 2456 prius
1359 2385 1815 2440 condemnationis
1841 2393 1895 2438 ct

303 2481 551 2550 supplicii
597 2495 791 2535 nomen
829 2488 976 2543 erat;
1018 2487 1072 2532 at
1109 2492 1251 2532 nnuc
1282 2492 1367 2532 res
1395 2486 1477 2532 cst
1501 2475 1818 2531 venerabilis
1842 2485 1896 2529 et

303 2571 692 2626 desiderabilis.
740 2571 884 2626 Crux
928 2579 1086 2624 antea
1133 2568 1412 2626 dedecoris
1438 2577 1490 2622 et
1531 2581 1702 2636 paetne
1727 2581 1892 2633 argu-

307 2673 546 2717 mentum
585 2673 733 2728 erat;
787 2676 926 2715 nunc
961 2661 1142 2732 gloria:
1171 2669 1224 2714 et
1270 2659 1492 2712 honoris
1519 2667 1602 2713 est
1637 2657 1892 2713 occasio:

305 2752 554 2822 quodque
583 2767 711 2805 crux
743 2752 810 2806 sit
839 2752 1004 2822 gloria
1031 2791 1046 2810 .
1097 2749 1218 2804 audi
1266 2749 1538 2804 Christum
1584 2748 1852 2802 dicentem
1878 2765 1892 2800 :

320 2842 776 2912 .‘~'ater,clariﬁca
795 2855 873 2892 me
905 2839 1069 2910 gloria
1094 2877 1108 2899 ,
1145 2853 1295 2906 quam
1341 2836 1492 2891 habui
1528 2835 1670 2906 apud
1706 2845 1752 2888 te
1793 2847 1910 2889 ante

319 2933 501 2988 mundi
527 2933 930 2987 constitutionem
956 2932 972 2996 (
988 2929 1146 2985 Joan.
1189 2930 1274 2986 17.
1298 2927 1404 3000 5);
1445 2928 1668 2998 gloriam
1695 2943 1905 2982 crucem

321 3028 626 3083 nominans.
657 3023 801 3078 Crux
838 3032 995 3093 caput
1023 3031 1219 3076 nostra:
1247 3020 1473 3074 salutis:
1503 3035 1632 3074 crux
1669 3018 1906 3074 infinito-

317 3135 440 3174 rum
465 3119 726 3172 honorum
766 3123 1154 3186 argumentum.
1203 3113 1426 3181 Propter
1469 3111 1608 3166 hanc
1643 3125 1775 3178 nos,
1817 3111 1907 3182 qui

319 3213 467 3281 prius
505 3209 712 3280 inglorii
751 3216 805 3263 et
830 3205 1013 3275 rejecti
1055 3219 1282 3266 eramus.
1312 3203 1526 3258 nuncin
1557 3203 1784 3258 liliorum
1816 3217 1906 3257 or-

317 3305 499 3360 dinem
545 3301 742 3370 recepti
785 3315 971 3355 sumus
1001 3316 1014 3352 :
1042 3306 1260 3367 propter
1296 3295 1433 3350 hanc
1461 3310 1566 3350 non
1596 3294 1908 3350 oberramus

315 3399 552 3470 amplius
575 3439 590 3464 ,
633 3395 727 3450 sed
768 3394 1042 3448 veritatem
1083 3390 1470 3460 cognovimus:
1509 3397 1730 3459 propter
1769 3388 1909 3444 hanc

313 3508 454 3558 nos,
501 3490 589 3561 qui
633 3488 777 3558 prius
811 3486 952 3556 ligna
994 3493 1047 3539 et
1093 3482 1297 3552 lapides
1336 3481 1726 3547 adorabamns,
1767 3495 1908 3537 nunc

310 3585 559 3641 omnium
579 3596 758 3638 rerum
775 3576 1087 3631 Creatorem
1099 3573 1447 3643 cognovimus
1470 3590 1485 3628 :
1508 3583 1724 3645 propter
1747 3572 1905 3640 hanc,

307 3678 407 3750 qui
462 3675 601 3730 servi
652 3670 852 3743 peccati
901 3681 1151 3730 eramus,
1191 3665 1259 3720 ad
1308 3665 1606 3720 libertatem
1635 3664 1654 3696 ί
1689 3664 1909 3736 justitia:

307 3769 495 3828 evecti
524 3781 708 3822 sumus
737 3783 749 3815 :
780 3771 996 3833 propter
1029 3759 1164 3812 hanc
1197 3766 1337 3813 terra
1364 3758 1554 3813 cadum
1599 3757 1668 3813 de
1709 3768 1908 3812 caatero

309 3863 456 3918 facta
478 3871 580 3916 est.
625 3860 749 3914 llaec
778 3857 846 3912 ab
874 3871 1060 3911 errore
1085 3871 1181 3910 nos
1210 3852 1476 3918 liberavit,
1512 3850 1624 3904 lucc
1650 3849 1717 3904 ad
1761 3848 1908 3904 veri-

303 3964 486 4014 tatem
517 3953 767 4016 adduxit,
792 3950 906 4005 haec
941 3947 1428 4004 reconciliationem
1456 3944 1550 3998 Dei
1576 3957 1696 3998 cum
1729 3941 1908 3996 homi-

304 4050 478 4106 nibus
504 4044 766 4111 instituit,
797 4043 915 4099 hrcc
934 4055 1035 4096 nos
1053 4055 1118 4096 ex
1138 4037 1400 4109 profundo
1427 4035 1645 4090 malitia:
1669 4042 1906 4103 ereptos,

302 4143 365 4199 in
397 4137 797 4211 ipsumvirtutis
817 4134 1083 4204 fastigium
1112 4130 1329 4194 eduxit;
1368 4129 1482 4183 hinc
1509 4141 1750 4183 errorem
1794 4125 1908 4178 dar-

303 4249 539 4291 monum
563 4232 838 4298 eminxit,
870 4228 985 4283 haec
1008 4227 1380 4295 deceptionem
1406 4238 1438 4279 e
1465 4221 1643 4276 medio
1666 4219 1905 4275 sustulit.

301 4329 546 4397 Propter
564 4325 699 4379 hanc
716 4338 821 4376 non
841 4330 922 4377 est
942 4319 1170 4389 amplius
1187 4319 1358 4373 fumus
1371 4326 1424 4372 et
1441 4306 1614 4380 nidor,
1634 4320 1690 4368 et
1705 4311 1908 4382 saugnio

300 4421 399 4475 nis
421 4418 563 4473 bruti
585 4414 804 4478 eli'osio;
833 4411 926 4468 sed
948 4411 1142 4480 ubique
1160 4408 1334 4464 cultus
1353 4405 1674 4476 Spirituales,
1700 4403 1904 4476 hymni,

299 4512 504 4569 laudes
525 4553 537 4573 ,
565 4518 620 4564 et
663 4508 1000 4579 precationes
1040 4503 1323 4558 visuntur:
1355 4508 1576 4569 propter
1619 4497 1757 4552 hanc
1792 4497 1906 4550 da:-

299 4617 505 4660 mones
538 4600 762 4670 fugiunt,
791 4596 1144 4664 diabolusque
1174 4591 1481 4663 proﬂigatur
1500 4607 1514 4644 :
1535 4599 1750 4658 propter
1769 4587 1908 4643 hanc

297 4697 548 4751 humana
583 4703 766 4748 natura
795 4705 916 4745 cum
935 4686 1168 4757 angelica
1204 4683 1417 4739 vivendi
1445 4682 1653 4737 ratione
1679 4690 1907 4735 conten.

305 4771 400 4828 dit
432 4789 449 4826 :
483 4781 699 4841 pr0pter
745 4772 882 4828 hanc
914 4773 1190 4843 virginitas
1220 4773 1272 4827 in
1317 4773 1474 4827 terris
1518 4783 1783 4827 versatur.
1839 4773 1915 4828 Ex

305 4877 435 4936 quo
478 4861 619 4918 enim
662 4878 730 4918 cx
762 4862 976 4935 Virgine
1007 4863 1094 4920 ille
1121 4864 1355 4934 prodiit,
1399 4864 1649 4936 cognovit
1684 4864 1918 4919 humana

309 4963 520 5010 natura
551 4953 762 5009 virtutis
800 4954 958 5025 hujus
999 4955 1163 5010 viam.
1210 4955 1336 5012 [hcc
1365 4970 1467 5011 nos
1492 4955 1545 5010 in
1573 4955 1806 5010 tenebris
1834 4969 1920 5010 se-

303 5047 520 5101 dentes
547 5045 899 5110 illuminavit;
942 5045 1059 5101 luec
1089 5061 1187 5100 nos
1216 5057 1546 5118 expugnatos
1587 5055 1643 5101 et
1679 5046 1916 5101 debella-

309 5149 409 5200 tos
447 5139 724 5204 liberavit;
760 5139 876 5194 lucc
903 5146 1018 5204 nos,
1050 5141 1140 5210 qui
1168 5141 1355 5211 procul
1379 5140 1682 5205 aberamus,
1715 5141 1920 5194 vicinos

305 5245 454 5287 esse
481 5227 605 5283 fecit
622 5245 637 5294 ;
672 5229 785 5284 haec
805 5243 903 5284 nos
923 5229 1251 5286 abalienatos
1270 5231 1589 5288 domesticos
1615 5231 1771 5295 fecit;
1808 5231 1923 5286 haac

309 5338 424 5378 nos
461 5322 772 5390 peregrinos
796 5322 964 5378 factos
991 5323 1104 5378 cadi
1136 5325 1279 5379 cives
1305 5325 1608 5388 constituit;
1635 5325 1749 5380 hare
1771 5324 1923 5378 nobis

307 5413 471 5470 bella
505 5413 753 5479 sustulit,
808 5413 953 5483 pacis
999 5417 1260 5470 securitas
1304 5415 1494 5472 elI'ecta
1537 5423 1640 5471 est.
1702 5416 1924 5485 Propter

272 5492 293 5519 ⁸
312 5509 473 5564 hanc
503 5519 606 5559 non
645 5504 991 5562 formidamus
1018 5510 1244 5578 amplius
1274 5510 1436 5580 ignita
1475 5509 1671 5565 diaboli
1706 5509 1879 5581 jacula
1905 5526 1920 5574 ;

329 5611 456 5656 tam
489 5599 610 5653 vitae
658 5600 858 5656 fontem
897 5601 1190 5658 invenimus
1224 5621 1238 5658 :
1279 5613 1499 5676 propter
1535 5605 1672 5660 hanc
1696 5618 1800 5661 non
1831 5619 1921 5660 su-

388 5803 401 5834 ι
447 5802 574 5850 savii
618 5815 666 5851 tu
692 5804 932 5867 margine.
957 5809 1021 5856 ad
1041 5819 1295 5856 summum.

2031 1713 2266 1727 ——

2004 1849 2124 1889 mus
2151 1834 2200 1888 in
2230 1834 2522 1898 viduitate:
2555 1851 2808 1905 sponsum
2839 1837 2980 1892 enim
3008 1838 3305 1906 recepimus
3327 1812 3584 1908 {propter

1995 1927 2134 1984 hanc
2167 1944 2272 1983 non
2301 1929 2548 1984 timemus
2573 1931 2802 1998 amplius
2832 1931 3053 1998 lupum;
3101 1946 3221 1986 natu
3253 1931 3450 1985 bonttm
3483 1947 3579 2000 pa-

1995 2028 2192 2074 storem
2219 2021 2566 2089 agnovimus:
2599 2019 2726 2074 dicit
2750 2021 2892 2075 enim
2915 2062 2928 2082 .
2958 2020 3071 2093 Ego
3097 2039 3209 2076 sum
3239 2032 3409 2091 pastor
3425 2023 3586 2076 bonus

1999 2111 2176 2184 (Joan.
2208 2111 2293 2166 10.
2327 2113 2434 2177 11).
2481 2112 2708 2181 Propter
2745 2112 2881 2167 hanc
2909 2127 3012 2167 non
3053 2114 3330 2167 horremus
3358 2113 3587 2184 amplius

2002 2213 2316 2273 tymunum;
2359 2201 2425 2256 ad
2458 2202 2654 2274 [legem
2678 2203 2818 2257 enim
2847 2203 3196 2258 aceurrinms.
3231 2203 3390 2258 Vides
3417 2218 3587 2271 quan-

2000 2304 2172 2348 torum
2216 2294 2473 2349 bonorum
2516 2311 2643 2349 crux
2693 2296 2762 2349 sit
2805 2295 2956 2351 nobis
3003 2297 3208 2352 causa?
3253 2295 3381 2351 Jnrc
3431 2297 3589 2364 igitur

1999 2385 2139 2438 diem
2169 2386 2358 2440 festum
2398 2384 2630 2455 agimus.
2678 2385 2768 2441 Sic
2788 2396 2843 2441 ct
2871 2386 3064 2441 Paulus
3093 2396 3275 2442 monet
3305 2396 3361 2440 ut
3384 2385 3588 2440 festivi-

2003 2485 2163 2530 tatem
2205 2491 2424 2546 agamus
2469 2476 2552 2532 his
2587 2477 2808 2532 verbis:
2859 2476 3038 2546 Itaque
3087 2479 3353 2550 ferientur,
3401 2495 3500 2532 non
3536 2479 3589 2531 in

2001 2570 2244 2636 fermento
2265 2567 2444 2630 reteri,
2479 2584 2636 2638 neque
2673 2569 2724 2622 in
2763 2572 3007 2639 [eratante
3036 2570 3242 2623 malititc
3265 2579 3311 2624 et
3333 2570 3588 2636 nequitias,

1999 2657 2088 2711 seti
2107 2658 2158 2710 in
2193 2659 2385 2727 azymis
2418 2658 2717 2712 sinceritatis
2752 2670 2798 2713 et
2825 2660 3044 2713 reritatis
3083 2660 3157 2731 (l.
3182 2660 3299 2714 Cor.
3331 2661 3384 2716 5.
3411 2660 3490 2729 8).
3525 2661 3590 2715 Et

2000 2749 2150 2820 cujus
2175 2749 2342 2818 gratia
2376 2766 2472 2805 nos
2500 2750 2641 2805 diem
2670 2751 2861 2806 fesnun
2892 2767 3051 2822 agere
3082 2754 3342 2822 prareipis,
3375 2767 3409 2805 ο
3436 2753 3588 2807 beate

2005 2839 2202 2894 Paule?
2228 2841 2464 2911 Agedum
2491 2857 2706 2896 causam
2735 2842 2930 2896 iudica.
2972 2844 3103 2910 Quia
3131 2842 3330 2897 Pascha
3362 2855 3587 2898 nostrum

2002 2950 2095 3004 pro
2131 2933 2272 2989 nobis
2309 2935 2594 2988 immolatus
2665 2941 2744 2986 est
2795 2929 3039 2987 Christus
3093 2932 3230 2987 Deus
3280 2927 3580 3004 (Ibid.7,.

2004 3024 2164 3080 \‘ides
2208 3026 2476 3095 quomodo
2518 3043 2649 3081 crux
2693 3027 2761 3082 sit
2800 3027 2953 3083 nobis
3002 3025 3234 3083 festum?
3282 3027 3590 3084 intellexisti

2001 3117 2141 3187 quod
2180 3127 2396 3187 propter
2415 3133 2627 3172 crucem
2660 3133 2756 3172 nos
2787 3117 2977 3172 festum
3005 3118 3281 3174 celebrare
3310 3118 3498 3188 jubet?
3528 3116 3583 3171 In

2001 3223 2161 3263 cruce
2188 3209 2331 3262 enim
2372 3209 2583 3262 oblatus
2607 3219 2722 3270 est:
2755 3210 2842 3262 ubi
2875 3224 3003 3264 vero
3031 3209 3352 3264 sacrilieium
3380 3250 3395 3274 ,
3443 3209 3515 3264 ibi
3537 3218 3592 3263 et

2005 3311 2339 3370 peccatorum
2383 3301 2665 3365 remissio,
2712 3300 2780 3354 ibi
2831 3300 3197 3355 reconciliatio
3231 3300 3476 3364 Domini,
3520 3299 3591 3354 ibi

2006 3390 2197 3448 festum
2226 3400 2279 3446 ct
2300 3391 2574 3462 gaudium.
2610 3390 2809 3444 I’asrha
2835 3403 3082 3453 nostrum,
3116 3391 3308 3460 inqttit,
3341 3408 3431 3460 pro
3453 3391 3594 3444 nobis

2003 3484 2291 3538 immolatus
2318 3493 2389 3537 est
2414 3483 2664 3538 Christus.
2701 3483 2795 3538 libi
2830 3483 3130 3536 immolatus
3149 3492 3231 3537 est
3251 3482 3275 3535 ἵ
3299 3480 3353 3535 In
3380 3482 3593 3536 excelsa

2005 3590 2184 3630 cruce.
2229 3574 2432 3630 Novum
2459 3585 2513 3629 et
2549 3575 2882 3646 peregrinum
2917 3575 3116 3638 altare,
3164 3589 3286 3629 cum
3321 3589 3514 3628 novum
3543 3584 3599 3628 ct

2009 3667 2319 3723 iuusimtum
2361 3667 2519 3722 fuerit
2552 3669 2895 3723 sacriﬁcium.
2945 3665 3086 3723 Idem
3114 3676 3169 3723 et
3192 3667 3510 3723 sacriﬁciqu
3542 3673 3600 3722 et

2007 3760 2260 3815 sacerdos
2277 3769 2391 3815 erat
2411 3800 2427 3824 ,
2453 3759 2774 3814 sacriﬁcium
2807 3759 3101 3815 secundum
3132 3773 3386 3825 carnem,
3419 3773 3598 3812 sacer-

2009 3853 2106 3909 dos
2130 3852 2422 3909 sccundmn
2453 3852 2732 3922 Spiritum;
2776 3851 2914 3907 idem
2947 3851 3242 3907 immolavit
3261 3861 3317 3906 et
3352 3851 3598 3905 immola-
3625 3837 3630 3840 ’

2013 3945 2185 3999 batur.
2229 3943 2366 4000 Audi
2415 3944 2605 3998 iterum
2651 3943 2875 3998 Paulum
2917 3943 3227 3998 dicentem:
3261 3941 3439 3996 Omnis
3467 3942 3598 3995 enim

2014 4038 2239 4106 pontifex
2264 4052 2324 4091 ea:
2350 4036 2636 4090 hominibus
2662 4052 2831 4089 assum
2839 4046 2953 4104 ptas
2970 4077 2985 4100 ,
3010 4051 3103 4103 pro
3147 4033 3431 4087 hominibus
3475 4049 3601 4086 cou-

2011 4127 2234 4182 stituitur
2266 4127 2318 4181 in
2345 4127 2423 4180 his
2449 4143 2562 4195 qua:
2584 4136 2700 4180 sunt
2725 4127 2794 4179 ad
2822 4125 2981 4178 Deum
3015 4122 3170 4197 (Πρὸ.
3199 4124 3252 4178 5.
3289 4124 3337 4177 1.
3362 4131 3410 4176 et
3435 4125 3489 4177 8.
3521 4122 3600 4190 3).

2017 4217 2170 4276 Unde
2211 4232 2433 4274 necesse
2457 4228 2540 4272 est
2572 4226 2626 4271 et
2654 4217 2794 4271 hunc
2836 4217 3032 4271 habere
3061 4214 3260 4284 aliquid
3299 4213 3442 4283 quod
3471 4212 3603 4268 οπε-

2016 4319 2116 4364 rat.
2160 4310 2296 4364 Ecce
2323 4309 2560 4378 seipsqu
2590 4309 2767 4362 otl'crt.
2810 4306 2949 4362 Alibi
2977 4320 3107 4361 vero
3136 4305 3329 4359 iterum
3367 4304 3442 4358 ait
3469 4322 3482 4359 :
3513 4305 3605 4359 Sic

2016 4413 2061 4457 et
2083 4402 2311 4458 Christus
2346 4399 2501 4455 semel
2540 4400 2736 4454 oblatus
2760 4399 2924 4454 estad
2961 4398 3235 4454 multorum
3259 4397 3604 4451 exhauriendo

2018 4504 2222 4566 peccata
2253 4486 2446 4559 (Hebr.
2459 4493 2511 4550 9.
2523 4492 2637 4564 28).
2652 4491 2793 4552 Ecce
2805 4494 2894 4549 hic
2905 4493 3118 4548 oblatus
3131 4496 3232 4553 est,
3259 4488 3331 4544 ibi
3355 4489 3589 4558 seipsnm

2017 4587 2226 4642 obtulit.
2250 4585 2456 4649 \‘idisti,
2479 4583 2749 4654 quomodo
2766 4583 2904 4639 idem
2931 4581 3254 4638 sacriﬁcium
3271 4596 3364 4636 seu
3387 4581 3600 4636 victima

2017 4689 2072 4735 et
2099 4678 2348 4734 sacerdos
2379 4675 2577 4731 fuerit:
2614 4683 2670 4730 et
2696 4691 2827 4731 crux
2869 4685 2984 4729 erat
3022 4673 3210 4728 altare.
3259 4671 3366 4727 Sed
3395 4671 3602 4741 disqui-

2019 4772 2245 4828 rendum
2277 4783 2379 4838 est,
2409 4787 2506 4826 cur
2535 4786 2642 4826 non
2675 4770 2726 4824 in
2753 4768 2952 4836 templo
2978 4767 3301 4822 sacrificium
3326 4765 3604 4832 oll'eratur,

2021 4868 2076 4922 in
2102 4867 2334 4936 templo,
2374 4865 2594 4936 inquam
2621 4906 2635 4928 ,
2681 4862 2934 4927 Jndaico,
2983 4861 3077 4917 sed
3117 4869 3268 4916 extra
3313 4858 3604 4920 civitatem.

2008 4941 2171 5014 lextra
2195 4957 2410 5014 rumpia.
2443 4957 2603 5011 Extra
2630 4955 2897 5010 civitatem
2921 4953 3207 5009 cruciﬁxus
3231 4959 3314 5006 est
3340 4962 3606 5020 tamquam

2023 5050 2304 5105 damnatus
2327 5047 2586 5119 quiSpiam
2613 5055 2667 5102 et
2690 5061 2816 5100 reus
2841 5088 2854 5111 ,
2884 5053 2940 5099 ut
2982 5043 3297 5114 impleretur
3324 5041 3452 5096 illud
3483 5056 3608 5109 pro-

2025 5141 2203 5212 pheta:
2247 5140 2491 5196 dictum:
2523 5138 2591 5192 Et
2634 5155 2750 5193 cum
2795 5135 2983 5205 iniquis
3025 5143 3288 5205 reputatus
3336 5142 3408 5186 est
3443 5129 3603 5203 (Ista.

2025 5235 2113 5290 55.
2145 5232 2260 5303 te).

2099 5325 2266 5380 Extra
2309 5324 2556 5377 civitatem
2587 5337 2680 5375 cur
2726 5336 2904 5392 passus
2943 5317 3194 5372 Christus.
3245 5313 3513 5382 Templum
3540 5320 3614 5366 est

2017 5422 2132 5492 jam
2167 5428 2271 5472 tota
2309 5427 2463 5472 terra.
2502 5445 2574 5456 —
2615 5415 2790 5480 Quare
2838 5412 2996 5482 igitur
3045 5416 3197 5465 extra
3242 5406 3512 5461 civitatem
3559 5404 3611 5457 in

2027 5515 2172 5571 edito
2200 5514 2338 5577 loco,
2367 5522 2421 5567 et
2447 5526 2552 5566 non
2578 5509 2678 5565 sub
2707 5516 2847 5565 tecto
2871 5505 3118 5576 quopiam
3134 5505 3159 5557 ?
3179 5501 3292 5558 Non
3318 5502 3434 5557 sine
3454 5513 3614 5554 causa

2029 5608 2133 5662 hoc
2180 5605 2434 5674 contigit,
2477 5602 2572 5657 sed
2612 5611 2669 5656 ut
2713 5601 2851 5655 aeris
2893 5609 3140 5653 naturam
3169 5601 3464 5666 purgaret:
3495 5593 3616 5646 ideo

2030 5702 2080 5756 in
2111 5699 2323 5756 excelso
2343 5698 2461 5753 loco
2486 5695 2696 5750 oblatus
2728 5702 2812 5750 est
2835 5735 2849 5758 ,
2882 5693 2980 5747 sub
3009 5690 3152 5744 nullo
3179 5697 3341 5753 tecto,
3370 5684 3463 5740 sed
3499 5684 3618 5739 loco

2033 5795 2155 5848 tecti
2183 5791 2315 5847 ρει-10
2344 5786 2781 5860 superimposito,
2829 5793 2882 5840 ul
2905 5782 3213 5838 universum
3245 5777 3430 5833 caelum
3463 5791 3617 5830 mun-
