4066 6392
473 406 574 461 ως)

476 514 690 566 daretur
716 525 815 564 ove
838 510 888 564 in
911 507 1123 564 sublimi
1146 509 1263 563 loco
1285 508 1576 563 immolata.
1604 506 1886 577 Purgatum
1908 507 2064 576 igitur

474 613 555 658 est
582 603 804 661 cadum.
849 612 1067 673 purgata
1109 610 1274 655 terra.
1317 600 1562 657 Stillabat
1588 600 1729 654 enim
1763 601 1975 667 sanguis
2000 615 2064 652 ex

473 695 638 747 latere
664 708 827 761 super
850 703 1064 756 terram,
1094 707 1388 759 omnesque
1414 691 1529 760 ejtts
1552 690 1786 746 maculas
1809 700 1862 744 et
1890 690 2065 760 inqui-

472 794 720 839 ttatnenta
764 786 912 838 eluit.
962 784 1030 841 Et
1074 784 1229 853 hujus
1276 783 1490 852 quidem
1527 783 1692 851 gratia
1744 782 2065 837 sacriﬁcium

473 876 572 930 hoc
600 876 699 929 sub
729 886 865 935 tecto
890 892 993 933 non
1026 876 1315 945 peragitur,
1348 890 1513 944 quare
1542 889 1669 929 vero
1705 890 1807 927 non
1861 875 1912 927 in
1951 876 2066 942 ipso

472 970 673 1036 templo
707 966 973 1025 Judaico?
1013 966 1196 1035 Neque
1222 966 1323 1020 hoc
1351 976 1549 1020 temere
1573 974 1626 1020 et
1652 965 1769 1020 sine
1793 980 1951 1020 causa
1976 980 2066 1018 ac-

469 1061 599 1116 cidit
630 1078 641 1113 :
673 1061 919 1115 videlicet
950 1076 1017 1115 ne
1042 1060 1209 1115 Judmi
1238 1060 1339 1114 hoc
1377 1059 1695 1114 sacriﬁcium
1725 1058 1824 1114 sibi
1856 1066 1918 1113 ut
1946 1074 2068 1125 pro-

473 1155 645 1222 prium
679 1152 1043 1217 vindicarent,
1076 1167 1143 1206 ne
1166 1159 1379 1221 putares
1413 1167 1508 1221 pro
1536 1151 1649 1205 sola
1681 1151 1767 1205 illa
1790 1160 1947 1219 gente
1975 1164 2064 1204 sa-

471 1247 730 1301 criﬁcium
786 1246 889 1301 hoc
940 1246 1176 1299 oblatum
1230 1259 1351 1299 esse
1398 1263 1412 1299 :
1461 1252 1743 1313 propterea
1801 1243 1859 1296 ﬁt
1907 1251 2058 1296 extra

473 1340 690 1405 tnmnia,
716 1349 774 1393 ut
798 1338 994 1405 discas,
1018 1337 1268 1407 generale
1289 1351 1411 1391 esse
1439 1336 1783 1395 sacriﬁcium,
1815 1345 1872 1388 ut
1893 1335 2066 1387 discas

473 1448 570 1504 pro
614 1433 862 1499 universa
911 1441 1052 1484 terra
1098 1429 1422 1483 oblationem
1467 1442 1587 1483 esse
1631 1437 1686 1481 et
1724 1441 2063 1481 connnuncm

472 1525 827 1594 expiationem
876 1523 1099 1578 institui.
1145 1522 1347 1578 Judteis
1386 1523 1528 1577 enim
1558 1522 1626 1575 ob
1668 1522 1768 1575 hoc
1813 1522 2065 1591 prmcepit

474 1619 615 1673 Deus
640 1659 653 1679 .
687 1626 744 1671 ut
773 1628 881 1671 tota
910 1627 1049 1672 terra
1087 1617 1269 1671 relicta
1298 1616 1350 1669 in
1376 1630 1481 1670 uno
1504 1614 1621 1669 loco
1652 1614 1985 1669 immolarent
2012 1622 2067 1667 et

473 1725 662 1778 preces
700 1709 753 1763 in
804 1724 910 1763 uno
944 1708 1062 1762 loco
1103 1707 1405 1762 funderent.
1454 1706 1587 1761 Nam
1613 1721 1734 1761 cum
1777 1716 1885 1759 tota
1927 1714 2065 1759 terra

474 1812 604 1857 tunc
628 1802 981 1857 contaminata
1004 1810 1147 1855 esset
1174 1800 1318 1854 fumo
1340 1809 1397 1855 et
1424 1799 1612 1854 nidore
1648 1807 1705 1853 et
1733 1798 2065 1853 idololatrico

475 1884 752 1966 sanguine,
776 1902 834 1949 et
869 1894 991 1949 aliis
1015 1894 1293 1965 gentilium
1334 1892 1750 1963 inquinamentis
1771 1934 1786 1957 ,
1821 1892 1941 1947 ideo
1964 1892 2065 1945 illis

475 2003 641 2042 unum
672 1986 849 2042 locum
888 1986 1187 2056 imperavit.
1228 1984 1333 2041 Sed
1377 1999 1499 2040 cum
1526 1981 1770 2038 Christus
1796 1983 1976 2048 venit,
2011 1994 2067 2038 et

473 2088 624 2134 extra
651 2078 919 2133 civitatem
949 2085 1174 2133 mortem
1195 2077 1346 2143 obiit,
1371 2076 1671 2131 universam
1691 2086 1887 2130 terram
1915 2091 2069 2128 mun-

473 2172 659 2237 davit,
710 2186 1032 2241 omnemque
1080 2170 1257 2225 locum
1299 2170 1527 2225 orationi
1574 2168 1825 2223 idoneum
1866 2168 2063 2222 effecit.

477 2263 569 2318 Vis
596 2262 803 2318 discere
829 2262 1097 2332 quomodo
1128 2272 1235 2316 tota
1262 2271 1404 2316 terra
1436 2263 1488 2315 in
1527 2269 1799 2330 posterum
1830 2261 1896 2314 sit
1926 2270 2066 2314 tem-

474 2358 618 2425 plum
657 2354 841 2410 eﬂ‘ecta
866 2396 879 2418 ,
929 2363 984 2408 et
1019 2353 1286 2423 quomodo
1327 2354 1504 2408 omnis
1539 2353 1690 2407 locus
1725 2352 1954 2406 orationi
1998 2352 2067 2405 sit

474 2448 808 2503 destinatus?
840 2447 977 2501 Audi
1009 2448 1199 2501 iterum
1238 2447 1450 2501 beatum
1498 2447 1718 2500 Paulum
1749 2445 2016 2499 dicentem
2049 2461 2062 2497 :

476 2541 541 2594 In
563 2542 699 2595 omni
734 2542 843 2594 loco
868 2541 1084 2593 levantes
1111 2557 1265 2609 puras
1298 2556 1477 2593 ntanus
1507 2539 1614 2593 sine
1641 2540 1719 2592 ira
1741 2548 1785 2592 et
1814 2539 2064 2607 discepta-

478 2636 612 2688 tione
632 2634 707 2703 (1.
739 2634 871 2687 Tim.
895 2633 951 2687 2.
970 2633 1047 2700 8).
1081 2632 1270 2687 Vidisti
1297 2631 1565 2701 quomodo
1594 2641 1856 2685 terrarum
1878 2631 2064 2685 orbem

477 2726 828 2796 expurgarit‘!
864 2725 1042 2780 vidisti
1068 2724 1337 2795 quomodo
1359 2722 1552 2793 ubique
1576 2737 1738 2793 puras
1770 2737 1957 2776 manus
1988 2721 2067 2776 le-

480 2833 608 2871 vare
648 2818 949 2886 possimus?
980 2815 1167 2872 Omnis
1193 2816 1337 2871 enim
1376 2824 1516 2869 terra
1546 2814 1613 2870 de
1647 2823 1843 2869 caetero
1868 2813 2068 2867 sancti-

478 2909 629 2963 ﬁcata
662 2917 750 2963 est
772 2950 788 2974 ,
835 2910 944 2962 imo
982 2907 1216 2962 sanctior
1243 2915 1327 2960 est
1355 2905 1459 2959 illis
1492 2903 1802 2959 Iudaeorum
1843 2904 2065 2957 sanctis.

476 3003 591 3066 Qua
638 2999 887 3054 ratione?
921 2999 1054 3067 Quia
1096 2998 1167 3053 ibi
1200 2996 1413 3067 quidem
1453 2996 1679 3051 rationis
1718 3010 1910 3065 expers
1933 3035 1949 3061 ,
1983 2994 2069 3049 hic

478 3105 609 3145 vero
650 3090 854 3144 ratione
896 3088 1120 3159 praedita
1146 3088 1261 3143 ovis
1287 3086 1462 3142 oblata
1504 3094 1607 3140 est.
1656 3086 1866 3153 Quanto
1909 3085 2071 3154 igitur

480 3181 820 3249 prmstantius
851 3179 902 3234 id
931 3179 1073 3249 quod
1096 3179 1356 3235 rationem
1389 3177 1569 3243 habet,
1598 3192 1664 3231 eo
1693 3176 1833 3247 quod
1862 3180 2070 3231 ratione

476 3282 661 3338 caret,
711 3280 858 3326 tanto
897 3271 1125 3340 amplior
1160 3279 1215 3324 et
1257 3269 1345 3323 hic
1388 3267 1738 3323 sanctiﬁcatio
1781 3277 1882 3323 cst.
1929 3267 2070 3323 Vere

480 3366 642 3434 igitur
665 3379 793 3419 crux
825 3364 980 3418 nobis
1003 3363 1195 3417 festum
1218 3362 1356 3417 diem
1390 3365 1545 3430 parit.

548 3455 602 3509 2.
634 3454 700 3509 In
723 3454 882 3510 Cruce
907 3470 999 3508 cur
1020 3454 1294 3523 promissus
1321 3452 1607 3523 paradisus.
1636 3482 1707 3493 -—
1732 3452 1821 3506 Vis
1850 3462 1903 3507 ct
1923 3451 2068 3507 aliud

478 3548 653 3601 crucis
685 3544 879 3600 factum
910 3544 1371 3613 pncclarissimum
1392 3583 1408 3609 ,
1453 3552 1508 3597 et
1546 3544 1687 3613 quod
1727 3559 1941 3599 omnem
1973 3543 2074 3597 hu-

480 3656 692 3693 manam
721 3636 1120 3707 intelligentiam
1148 3643 1365 3705 superat
1385 3675 1400 3699 ,
1434 3634 1718 3690 ediscere?
1760 3635 2070 3689 Paradisum

480 3734 719 3786 clausum
750 3731 957 3800 aperuit
982 3730 1177 3784 hodie:
1207 3728 1365 3782 hodie
1395 3727 1536 3780 enim
1565 3727 1823 3782 latronem
1848 3728 1899 3781 in
1923 3727 2070 3782 illum

482 3824 793 3881 introduxit.
842 3824 955 3877 Duo
1001 3821 1405 3892 prmclarissima
1455 3819 1736 3877 facinora:
1771 3819 2071 3890 paradisum

482 3914 779 3978 reseravit,
810 3924 865 3969 et
892 3915 1151 3968 latronem
1195 3912 1509 3968 introduxit.
1559 3912 1808 3967 Reddidit
1832 3911 1904 3966 illi
1932 3910 2074 3965 anti-

480 4025 642 4080 quam
674 4010 899 4080 patriam
921 4047 936 4071 ,
968 4006 1176 4061 reduxit
1205 4007 1257 4060 in
1285 4016 1557 4076 paternam
1586 4007 1877 4061 civitatem.
1908 4003 2076 4058 Hodie

484 4117 678 4155 mecum
705 4101 803 4154 eris
824 4142 839 4166 ,
872 4099 1075 4169 inquit,
1117 4098 1169 4152 in
1204 4100 1441 4169 paradiso
1475 4097 1622 4165 (Luc.
1650 4098 1739 4153 25.
1774 4098 1891 4167 45).
1937 4096 2073 4164 Quid

483 4192 653 4248 dicis?
679 4192 961 4248 cruciﬁxus
989 4200 1044 4246 et
1068 4193 1214 4245 cruci
1243 4191 1406 4245 clavis
1434 4190 1625 4245 afﬁxus
1653 4206 1713 4245 es
1735 4231 1749 4253 ,
1777 4200 1832 4246 et
1860 4190 2072 4261 paradi-

486 4302 606 4339 sum
640 4285 945 4355 promittis?
984 4284 1252 4353 quomodo
1292 4283 1405 4337 hzrc
1433 4284 1553 4338 talia
1595 4284 1872 4354 largioris?
1916 4284 2075 4351 Atqui

490 4377 681 4431 Paulus
722 4376 795 4431 ait
826 4393 839 4428 :
869 4374 1156 4441 Cruci/iam:
1201 4385 1273 4428 est
1318 4391 1381 4429 ea:
1406 4375 1718 4442 inﬁrmitate.
1770 4375 1906 4428 Audi
1948 4390 2077 4428 vero

487 4488 616 4542 quae
669 4480 1014 4542 sequuntur:
1046 4469 1147 4525 Sed
1195 4472 1320 4523 vivit
1363 4486 1429 4524 ea:
1470 4470 1659 4524 virtute
1696 4468 1795 4522 Dei
1822 4468 1908 4539 (2.
1935 4468 2057 4523 Cor.

491 4566 579 4617 15.
614 4563 691 4631 4).
711 4566 775 4617 lat
801 4579 989 4617 rursus
1006 4562 1129 4616 alibi
1156 4579 1169 4614 :
1208 4561 1387 4615 Virtus
1402 4578 1516 4614 mea
1539 4563 1591 4615 in
1616 4561 2063 4629 inﬁrmitateper-

486 4658 667 4727 ﬁcitur
698 4658 772 4725 (2.
803 4656 928 4711 Cor.
950 4656 1038 4710 l2.
1064 4655 1142 4726 9).
1176 4654 1470 4724 Propterea
1510 4654 1562 4708 in
1594 4669 1754 4709 cruce
1776 4654 2065 4723 polliceor,

490 4755 549 4796 ut
576 4752 630 4795 et
674 4758 768 4810 per
804 4742 942 4795 hanc
986 4742 1161 4795 discas
1198 4758 1370 4795 meam
1420 4743 1730 4810 potentiam.
1771 4743 1901 4796 Cum
1932 4747 2075 4796 enim

488 4848 619 4887 crux
646 4833 715 4885 sit
740 4846 828 4886 res
851 4831 1137 4901 injucunda
1158 4840 1212 4885 et
1241 4831 1465 4886 molesta
1482 4871 1497 4895 ,
1541 4846 1609 4886 ne
1633 4833 1834 4887 vultum
1859 4832 2077 4902 dejicias

490 4923 560 4978 ad
582 4923 757 4978 crucis
800 4931 1047 4977 naturam
1087 4921 1371 4978 attendens
1394 4963 1410 4987 ,
1438 4922 1532 4977 sed
1559 4931 1617 4977 ut
1642 4923 1793 4977 Iretus
1818 4932 1873 4978 et
1899 4922 2079 4979 alacer

493 5014 743 5071 efﬁciaris
765 5054 781 5079 ,
829 5012 895 5067 ad
936 5012 1174 5069 cruciﬁxi
1224 5013 1513 5083 potentiam
1562 5014 1854 5082 respiciens
1876 5057 1891 5080 ,
1923 5030 1985 5071 ea
2011 5015 2079 5071 de

491 5124 651 5165 causa
682 5106 772 5162 ille
802 5105 871 5160 ibi
902 5120 1052 5159 suam
1084 5105 1173 5159 tibi
1207 5105 1451 5159 virtutem
1481 5106 1731 5160 ostendit.
1777 5105 1891 5162 Non
1936 5112 2077 5163 enim

497 5210 761 5257 mortuum
796 5198 1069 5262 excitans,
1101 5214 1205 5250 non
1246 5198 1376 5250 mari
1409 5198 1710 5267 imperans,
1742 5213 1847 5251 non
1875 5198 2078 5252 dieme-

495 5309 590 5351 nes
617 5293 919 5361 increpans,
965 5289 1060 5345 sed
1084 5290 1392 5353 cruciﬁxus,
1432 5290 1596 5343 clavis
1624 5290 1815 5343 aflixus
1839 5331 1854 5354 ,
1891 5291 2079 5360 injuria

495 5383 739 5449 aﬁ'ectus,
763 5385 931 5453 sputis
959 5382 1173 5443 oblitus.
1203 5381 1455 5435 conviciis
1483 5383 1772 5450 impetitus,
1819 5384 1994 5438 irrisui
2026 5394 2082 5438 et

499 5473 728 5530 ludibrio
755 5474 895 5543 apud
920 5489 1108 5529 omnes
1148 5472 1378 5537 habitus.
1412 5474 1580 5542 potuit
1604 5474 1669 5528 ad
1693 5491 1750 5528 se
1780 5476 1972 5529 malam
2000 5477 2079 5530 la-

501 5569 670 5623 tronis
712 5579 945 5623 mentem
984 5567 1273 5622 attrahere.
1324 5566 1457 5621 Vide
1499 5569 1763 5640 utrimque
1792 5574 2079 5639 potentiam

498 5658 643 5713 illius
686 5659 1138 5731 eﬂ‘ulgescentem.
1195 5659 1502 5715 Creaturam
1547 5663 1849 5730 concussit,
1904 5677 2083 5734 petras

498 5750 725 5818 disrupit
748 5793 763 5816 ,
796 5753 1025 5805 animam
1057 5751 1278 5806 latronis
1313 5758 1459 5821 petra
1486 5752 1755 5809 duriorem
1789 5770 1912 5810 cera
1944 5758 2080 5811 mol-

502 5841 690 5898 liorem
738 5844 930 5900 cﬁ'ecit.
988 5844 1153 5905 Hodie
1201 5859 1389 5899 mecum
1434 5847 1531 5901 erit
1572 5846 1622 5899 in
1654 5848 1909 5917 paradiso.
1943 5849 2077 5919 Quid

1200 391 1256 447 S.
1298 390 1579 449 JOANNIS
1618 394 2088 453 CIIRVSOSTOMI
2131 398 2445 454 ARCHIEP.
2486 398 3017 457 CONSTANTINOP.

3657 394 3762 465 41b

2173 510 2348 564 dicis?
2383 509 2673 573 Cherubim
2699 521 2753 568 et
2775 510 3055 569 ﬂammeus
3092 513 3238 568 ensis
3272 515 3573 572 custodiunt
3600 532 3751 588 para-

2172 602 2368 668 disum,
2402 612 2457 658 et
2482 611 2538 657 tu
2563 604 2753 658 latroni
2784 605 3079 675 ingressum
3111 620 3176 659 eo
3206 608 3514 675 polliceris?
3544 608 3755 680 Utique,

2173 694 2265 746 ait.
2296 692 2428 747 Nam
2453 704 2507 748 et
2534 710 2633 765 ego
2659 695 3080 751 Cherubinorum
3117 696 3371 751 Dominus
3396 712 3515 752 sum
3538 740 3551 761 ,
3597 709 3757 769 atque

2174 786 2307 855 ignis
2332 794 2387 840 et
2408 785 2704 856 gehennzn,
2746 787 2974 856 vitasque
3000 797 3055 842 et
3092 790 3282 843 mortis
3312 798 3622 858 potestatem
3660 792 3756 843 ha-

2172 878 2311 945 beo;
2362 890 2642 949 propterea
2672 880 2800 935 dicit
2832 897 2844 931 :
2886 879 3055 935 Hodie
3081 898 3277 935 mecum
3303 884 3401 936 eris
3427 884 3478 934 in
3500 883 3751 952 paradiso.

2172 972 2305 1026 Cum
2333 974 2554 1028 virtutes
2578 974 2682 1028 illa:
2723 974 3003 1036 Dominum
3032 975 3297 1040 viderint,
3326 976 3502 1029 statim
3545 975 3754 1038 cedent,

2172 1064 2454 1135 locumque
2478 1064 2697 1119 dabunt.
2744 1066 2900 1134 Atqui
2939 1066 3114 1120 nullus
3135 1082 3227 1121 rex
3259 1082 3506 1136 umquam
3534 1067 3760 1135 patiatur

2172 1158 2450 1223 latronem,
2478 1168 2568 1212 aut
2587 1158 2748 1213 alium
2771 1160 3071 1229 quempiam
3098 1175 3164 1214 ex
3191 1159 3403 1215 famulis
3422 1174 3600 1215 secum
3625 1174 3756 1214 con-

2172 1250 2431 1305 sidentem
2479 1251 2531 1306 in
2564 1250 2749 1305 urbem
2797 1251 3001 1321 ingredi
3047 1269 3059 1305 :
3103 1263 3157 1306 at
3200 1254 3299 1308 iste
3346 1253 3758 1307 humanissimus

2174 1343 2429 1398 Dominus
2458 1344 2557 1399 hoc
2584 1342 2706 1398 fecit
2736 1360 2748 1395 :
2789 1343 2842 1397 in
2868 1352 3105 1398 sanctam
3127 1359 3274 1399 suam
3304 1345 3524 1415 patriam
3556 1346 3759 1415 ingres-

2171 1448 2264 1487 sus
2306 1433 2563 1488 latronem
2590 1448 2769 1489 secum
2811 1434 3128 1501 introducit,
3160 1450 3265 1489 non
3307 1435 3632 1489 inhonorans
3660 1450 3757 1505 pa-

2173 1526 2424 1590 radisum,
2457 1528 2626 1592 absit,
2659 1527 2883 1601 pedibus
2912 1527 3134 1583 latronis
3154 1568 3169 1592 ,
3198 1527 3291 1581 sed
3325 1527 3425 1581 hoc
3451 1529 3563 1597 ipso
3591 1528 3759 1596 magis

2171 1617 2460 1673 honorans.
2516 1618 2697 1672 llonor
2748 1618 2891 1672 enim
2935 1617 3169 1688 paradisi
3218 1629 3298 1673 est
3350 1617 3548 1672 habere
3598 1617 3755 1671 talem

2172 1708 2453 1763 Dominum
2478 1750 2494 1774 ,
2529 1718 2634 1764 tam
2666 1718 2935 1779 potentem
2961 1718 3014 1764 et
3043 1710 3331 1764 humanum
3351 1750 3366 1770 .
3417 1719 3473 1763 ut
3507 1720 3560 1763 et
3600 1710 3758 1762 latro-

2172 1816 2294 1855 nem
2322 1801 2491 1870 possit
2514 1800 2727 1856 efﬁcere
2754 1800 2970 1871 dignum
3004 1800 3234 1869 paradisi
3264 1800 3492 1855 deliciis.
3545 1800 3753 1854 Etenim

2170 1892 2386 1960 quando
2430 1891 2740 1961 publicanos
2766 1901 2821 1946 et
2850 1892 3157 1946 meretrices
3187 1891 3239 1945 in
3267 1907 3486 1961 regnum
3517 1892 3759 1967 vocabat,

2173 2002 2277 2039 non
2310 1986 2488 2056 utique
2515 1984 2567 2041 id
2609 1984 2733 2041 fecit
2761 2000 2881 2040 cum
2912 1985 3059 2056 regni
3088 1985 3170 2038 sui
3212 1984 3475 2040 dedecore
3497 2025 3513 2057 η
3544 1984 3636 2037 sed
3667 2000 3752 2051 po.

2173 2079 2276 2133 tius
2302 2078 2503 2146 majore
2527 2081 2648 2132 cuin
2681 2076 2885 2132 honore
2910 2093 2925 2142 ;
2962 2077 3194 2132 ostendit
3219 2077 3358 2130 enim
3385 2091 3445 2131 sc
3470 2092 3590 2131 esse
3618 2076 3758 2144 ejus-

2175 2170 2315 2224 modi
2343 2168 2491 2241 regni
2515 2168 2767 2224 caelorum
2796 2170 3075 2225 Dominum
3090 2170 3179 2240 qui
3206 2170 3364 2223 etiam
3386 2169 3692 2224 meretrices
3706 2176 3760 2223 et

2176 2262 2483 2331 publicanos
2504 2271 2608 2316 tam
2633 2262 2880 2331 probatos
2906 2261 3079 2316 facere
3103 2271 3282 2332 queat,
3304 2271 3360 2315 ut
3375 2261 3517 2329 digni
3539 2262 3757 2313 videan-

2174 2364 2259 2409 tur
2284 2370 2346 2409 ea
2366 2396 2380 2419 ,
2411 2371 2528 2426 quae
2550 2355 2675 2409 inibi
2706 2364 2819 2419 est,
2846 2356 3013 2426 gloria
3041 2364 3095 2411 et
3125 2371 3364 2410 munere.
3390 2354 3753 2422 Quemadmo-

2172 2448 2299 2503 dum
2330 2449 2486 2518 igitur
2510 2448 2773 2503 medicum
2803 2458 2911 2501 tum
2938 2448 3265 2501 admiramur
3289 2488 3303 2510 ,
3346 2462 3465 2501 cum
3497 2448 3763 2499 intuemur

2173 2556 2294 2596 eum
2334 2540 2577 2596 homines
2621 2538 3000 2594 incurabilibus
3046 2538 3247 2594 morbis
3275 2536 3617 2600 laborantes,
3661 2535 3758 2590 de-

2172 2634 2320 2704 pulsa
2352 2632 2675 2697 inﬁrmitate,
2697 2633 2934 2701 pristina:
2959 2639 3013 2686 et
3039 2647 3185 2703 pura:
3207 2630 3418 2686 sanitati
3443 2629 3756 2684 restituere:

2174 2725 2245 2779 ita
2274 2735 2327 2779 et
2350 2722 2618 2779 Christum
2650 2723 2918 2778 admirare
2940 2764 2955 2786 ,
2994 2723 3268 2778 carissime
3292 2765 3307 2789 ,
3340 2732 3392 2776 et
3419 2720 3757 2789 obstupesce,

2173 2816 2296 2886 quia
2319 2814 2564 2870 homines
2606 2814 3085 2870 immedicabilibus
3110 2814 3303 2867 anima:
3342 2814 3543 2867 morbis
3568 2812 3761 2867 obstri-

2173 2919 2290 2963 ctos
2334 2910 2499 2977 potuit
2524 2918 2629 2962 eta
2672 2907 2872 2963 malitia
2924 2907 3190 2973 liberare,
3239 2916 3291 2961 et
3319 2922 3483 2977 regno
3509 2906 3757 2960 czelerum

2173 3000 2364 3070 dignos
2390 3000 2615 3056 reddere
2651 3015 2744 3054 eos
2767 3042 2781 3063 ,
2828 3000 2915 3071 qui
2953 2999 3021 3054 ad
3062 3015 3368 3069 supremum
3411 2998 3761 3066 improbitatis

2173 3093 2385 3146 culmen
2433 3092 2806 3147 ascenderant.
2863 3090 3031 3144 Hodie
3075 3107 3266 3144 mecum
3289 3090 3387 3144 eris
3417 3090 3469 3142 in
3497 3090 3757 3159 paradiso.

2176 3183 2405 3238 Grandis
2428 3183 2597 3238 honor
2622 3226 2636 3248 ,
2677 3183 2862 3253 ingens
2887 3181 3042 3252 hujus
3065 3182 3404 3237 humanitatis
3432 3181 3757 3249 magnitudo.

2176 3274 2560 3344 inexplicabilis
2609 3274 2765 3344 hujus
2811 3274 3062 3328 bonitatis
3113 3274 3461 3328 immensitas.
3517 3273 3646 3327 Nam
3696 3288 3763 3327 eo

2177 3368 2317 3436 quod
2349 3367 2650 3438 paradisum
2697 3367 3027 3437 ingreditur,
3080 3366 3251 3435 major
3293 3368 3458 3436 gloria
3490 3376 3570 3419 est
3616 3366 3758 3434 quod

2177 3477 2296 3516 cum
2329 3462 2550 3515 Domino
2573 3460 2881 3530 ingreditur.
2925 3458 3061 3525 Quid
3086 3499 3101 3525 ,
3131 3472 3343 3528 qu:cso,
3371 3457 3594 3512 accidit?
3632 3458 3760 3527 quid

2179 3552 2311 3606 latro
2336 3550 2597 3622 ejusmodi
2626 3552 2767 3619 egit,
2798 3558 2855 3603 ut
2878 3565 2943 3603 ex
2976 3549 3262 3618 improviso
3288 3549 3354 3602 de
3382 3563 3538 3601 cruce
3567 3546 3762 3617 dignus

2179 3640 2425 3717 paradiso
2444 3644 2812 3717 judicaretur?
2840 3645 3077 3699 Breviter
3095 3686 3111 3709 ,
3139 3644 3183 3697 si
3209 3642 3408 3712 placet,
3441 3642 3612 3695 dicam
3635 3684 3648 3705 ,
3681 3641 3761 3693 la-

2180 3739 2453 3809 tronisque
2482 3738 2769 3793 bonitatem
2800 3746 2853 3791 et
2874 3735 3188 3805 probitatem
3214 3733 3511 3788 ostendam.
3540 3733 3763 3799 Quando

2180 3834 2368 3889 Petrus
2393 3832 2771 3901 discipulorum
2805 3830 3049 3900 princeps
3079 3828 3307 3897 negabat
3334 3826 3491 3891 infra,
3525 3836 3647 3879 tunc
3677 3826 3765 3879 ille

2179 3940 2337 3994 supra
2367 3923 2504 3977 ﬁxus
2536 3922 2586 3976 in
2617 3936 2777 3976 cruce
2805 3920 3081 3975 confessus
3103 3928 3204 3974 est.
3261 3918 3329 3973 Et
3369 3918 3472 3972 hoc
3514 3933 3617 3971 non
3651 3917 3761 3971 dixi

2180 4016 2358 4070 animo
2381 4011 2804 4084 reprehendendi
2835 4011 3049 4066 Petrum
3072 4052 3086 4075 ,
3114 4010 3290 4076 absit;
3338 4009 3429 4063 sed
3458 4019 3516 4062 ut
3537 4024 3763 4077 magum

2182 4107 2473 4162 nimitatem
2506 4105 2750 4170 latronis,
2773 4112 2829 4158 et
2854 4104 3199 4159 excellentem
3229 4102 3333 4158 illis
3356 4100 3764 4172 philosophandi

2182 4200 2437 4253 rationem
2464 4196 2905 4251 demonstrarem.
2930 4193 3023 4249 llle
3044 4209 3146 4248 non
3171 4192 3286 4247 tulit
3301 4192 3551 4262 simplicis
3572 4191 3766 4262 puellae

2182 4292 2392 4354 minas;
2422 4289 2508 4343 hic
2536 4297 2701 4341 totum
2733 4286 2980 4357 populum
3020 4284 3394 4347 insanientem,
3427 4292 3481 4338 et
3507 4283 3765 4337 assisten-

2184 4393 2313 4447 tcm,
2344 4389 2400 4434 et
2426 4378 2803 4434 vociferantem
2829 4419 2844 4445 ,
2888 4386 2943 4431 et
2970 4376 3175 4431 inﬁnita
3201 4375 3252 4430 in
3294 4374 3604 4429 cruciﬁxum
3631 4388 3755 4428 eon-

2182 4473 2317 4526 vicia
2359 4470 2648 4541 iactantem
2694 4468 3035 4538 conspicatus
3061 4509 3077 4533 ,
3129 4482 3235 4522 non
3275 4467 3433 4520 vertit
3473 4466 3658 4520 oculos
3698 4464 3767 4519 ad

2184 4564 2426 4632 injuriam
2474 4562 2711 4617 crucifixi
2737 4577 2751 4627 ;
2800 4559 2896 4615 sed
2936 4559 3058 4615 ﬁdei
3086 4560 3251 4615 oculis
3281 4560 3458 4613 omnia
3489 4558 3605 4612 hmc
3631 4573 3768 4627 pne-

2184 4666 2487 4709 tercurrens
2512 4695 2528 4721 ,
2575 4654 2825 4725 omnique
2868 4654 3079 4725 indigna
3102 4693 3121 4719 ,
3159 4662 3213 4707 et
3240 4668 3356 4722 qum
3388 4652 3769 4722 impedimento

2182 4762 2302 4801 esse
2332 4754 2536 4816 poterat
2561 4786 2576 4810 ,
2605 4745 2955 4815 persuasione
2978 4744 3182 4813 ahjecta
3207 4785 3222 4809 ,
3259 4744 3473 4813 agnovit
3513 4744 3768 4797 ca'lorum

2183 4843 2488 4907 Dominum,
2520 4841 2740 4910 paucula
2771 4840 2856 4894 illa
2882 4839 3040 4894 verba
3061 4839 3409 4911 proloquulus
3429 4880 3443 4902 ,
3476 4854 3596 4907 qua:
3620 4838 3767 4890 illum

2180 4935 2429 5007 paradiso
2457 4934 2675 5004 dignum
2711 4931 3100 4988 ostenderunt:
3142 4930 3396 4985 Memento
3438 4932 3533 4983 mei
3583 4931 3635 4983 in
3684 4941 3771 4983 tuo

2181 5042 2335 5097 regno
2359 5024 2508 5097 (an.
2534 5024 2623 5079 25.
2652 5023 2766 5092 42).
2797 5022 2874 5077 Ne
2894 5022 3325 5093 praetervolemus
3344 5021 3655 5089 simpliciter
3671 5022 3774 5075 hoc

2182 5119 2382 5174 dictum
2408 5161 2422 5183 ,
2448 5132 2617 5187 neque
2656 5115 2851 5185 pudeat
2878 5130 2977 5170 nos
3004 5114 3314 5195 magistrum
3337 5114 3580 5183 accipere
3602 5114 3769 5167 latro-

2184 5218 2328 5268 nem,
2357 5202 2509 5270 cujus
2535 5200 2815 5255 Dominum
2848 5209 3089 5254 nostrum
3116 5213 3223 5253 non
3246 5198 3452 5270 puduit,
3486 5200 3772 5267 quominus

2186 5296 2413 5365 primum
2461 5293 2513 5347 in
2563 5290 2862 5361 paradisum
2911 5290 3236 5346 induceret:
3278 5307 3345 5345 ne
3392 5291 3775 5347 erubescamus

2186 5388 2495 5457 magistrum
2537 5384 2730 5439 habere
2778 5384 3045 5439 hominem
3076 5384 3226 5439 illum
3252 5425 3268 5451 ,
3315 5383 3405 5455 qui
3447 5388 3575 5439 an‘te
3600 5394 3772 5439 totum

2188 5479 2474 5534 humanum
2518 5492 2686 5545 genus
2733 5475 2927 5545 dignus
2970 5486 3049 5530 est
3100 5475 3310 5530 habitus
3358 5479 3775 5531 conversatione

2189 5572 2436 5641 paradisi.
2462 5569 2675 5638 Singula
2704 5569 2862 5639 igitur
2882 5568 3037 5622 verba
3061 5569 3423 5637 expendamus
3445 5611 3459 5632 ,
3491 5579 3625 5624 utet
3653 5571 3776 5625 hinc

2188 5666 2439 5719 virtutem
2470 5662 2641 5716 crucis
2668 5660 2956 5714 discamus.
3011 5659 3193 5729 Neque
3222 5660 3363 5715 enim
3393 5659 3459 5713 ad
3499 5662 3649 5715 illum
3671 5704 3686 5723 ,
3722 5672 3774 5715 ut

2187 5759 2254 5814 ad
2286 5758 2497 5813 Petrum
2538 5764 2594 5811 et
2630 5754 2894 5809 Andream
2918 5794 2933 5820 ,
2965 5753 3099 5808 dixit
3128 5768 3149 5808 :
3186 5752 3357 5808 Venite
3390 5764 3438 5808 et
3473 5755 3657 5815 faciam
3690 5770 3775 5810 oo.-

2190 5864 2456 5924 piscatores
2506 5848 2759 5904 hominum
2804 5846 3024 5917 (Matth.
3058 5848 3112 5907 4.
3143 5847 3242 5917 19)
3273 5864 3285 5901 :
3317 5860 3487 5919 neque
3535 5846 3667 5905 dixit
3707 5846 3774 5910 ad
