4066 6392
271 411 376 476 {09

267 530 363 622 οῦν
385 532 636 622 οὐρανὸς,
669 535 948 622 ἐκαθάρθη
979 537 1035 592 δέ
1063 541 1211 614 καὶὴ
1241 545 1334 614 γῆ.
1367 547 1596 613 Ἔσταξε
1640 552 1746 622 γάρ
1782 554 1844 607 τὸ

271 611 411 689 αἷμα
441 619 549 707 ἀπὸ
576 620 676 690 τῆς
697 621 935 707 πλευρᾶς
967 625 1058 678 ἐπὶ
1078 624 1175 696 τὴν
1341 631 1434 683 καὶ
1449 611 1845 707 τὸνήμολυσμδν

272 703 441 789 αὐτῆς
496 703 712 759 ἅπαντα
768 706 1122 780 ἐξεκάθηρεν.
1169 711 1310 764 Ἀλλ’
1348 714 1454 768 ὐπὸ
1475 715 1689 788 ’στέγην
1746 703 1848 789 μὲν

271 786 475 858 ταύτης
505 788 693 843 ἕνεκεν
720 791 820 860 τῆς
867 793 1044 856 αἰτίας
1072 795 1132 848 οὐ
1187 799 1558 870 προσφέρεται
1590 786 1810 871 ὴθυσία
1830 821 1842 834 ·

271 871 416 934 τίνος
444 871 502 925 δέ
534 872 719 926 ἕνεκεν
741 875 862 944 οὐχὶ
887 877 947 930 ἐν
974 877 1123 949 αὐτῷ
1155 880 1234 950 τῷ
1263 881 1376 952 ναῷ
1412 883 1492 956 τῷ
1537 884 1844 955 Ἰουδαῖκῷ;

271 954 382 1006 Καὶ
425 956 584 1010 τοῦτο
629 957 791 1011 πάλιν
820 961 919 1031 οὐχ
946 959 1155 1027 ἁπλῶς,
1195 964 1310 1018 ἀλλ’
1341 966 1429 1021 ἵνα
1465 954 1548 1039 μὴ
1585 954 1847 1040 ίδιοποιῆ-

272 1053 472 1124 σωνται
498 1042 596 1112 τὴν
625 1041 816 1096 θυσίαν
840 1044 890 1096 οἱ
929 1045 1194 1111 Ἰουδαῖοι,
1224 1049 1310 1102 ἵνα
1334 1048 1409 1120 μὴ
1436 1050 1664 1123 νομίσῃς
1705 1052 1846 1124 ὑπὲρ

267 1119 364 1173 τοῦ
394 1121 580 1207 ἔθνους
609 1125 820 1207 ἐκείνου
852 1127 1016 1198 μόνου
1049 1129 1149 1200 τὴν
1196 1119 1388 1185 θυσίαν
1417 1119 1844 1207 προσφέρεσθαι,

267 1204 358 1290 διὰ
388 1204 548 1290 τοῦτο
571 1206 676 1290 ἔξω
705 1208 806 1278 τῆς
836 1209 1070 1276 πόλεως,
1107 1213 1211 1278 ἔξω
1231 1215 1336 1269 τῶν
1361 1204 1577 1288 τειχῶν,
1611 1204 1699 1272 ἵνα
1739 1220 1846 1290 μά-

271 1285 370 1374 θης
403 1288 482 1342 ὅτι
521 1289 781 1365 καθολική
807 1294 954 1348 ἐστιν
979 1297 1012 1366 ἡ
1043 1296 1223 1363 θυσία,
1247 1299 1333 1354 ἵνα
1374 1285 1571 1373 μάθῃς,
1595 1302 1677 1355 ὅτι
1705 1285 1847 1374 ὑπὲρ

268 1371 368 1440 τῆς
389 1375 489 1443 γῆς
516 1375 738 1447 ἀπάσης
766 1376 914 1431 ἐστὶν
935 1381 967 1450 ἡ
993 1382 1299 1453 προσφορά,
1322 1384 1414 1436 καὶ
1439 1371 1524 1437 ὅτι
1550 1384 1727 1446 κοινὸς
1746 1371 1848 1455 τῆς

269 1455 484 1526 φύσεως
513 1459 670 1527 ἡμῶν
699 1459 920 1532 ἀπάσης
957 1464 1104 1516 ἐστὶν
1130 1467 1159 1518 6
1195 1465 1552 1538 καθαρισμός.
1597 1469 1723 1532 Τοῖς
1747 1468 1847 1539 μὲν

268 1539 378 1609 γάρ
419 1540 692 1605 Ἰουδαίοις
722 1544 810 1598 διὰ
842 1545 998 1599 τοῦτο
1019 1547 1304 1601 ἐκέλευσεν
1328 1551 1356 1602 6
1389 1550 1520 1615 Θεὸς
1543 1553 1722 1606 πᾶσαν
1748 1551 1847 1622 τὴν

267 1625 375 1699 γῆν
407 1628 647 1695 ἀφιέναι,
667 1633 762 1685 καὶ
790 1633 868 1696 εἰς
896 1632 993 1686 ἐνα
1025 1634 1187 1687 τόπον
1214 1633 1364 1707 [415]
1389 1622 1742 1707 προσφέρειν,
1767 1638 1848 1700 είς

271 1707 368 1761 ἕνα
394 1709 558 1791 τόπον
591 1712 875 1784 εὔχεσθαι·
914 1717 1104 1786 ἐπειδὴ
1139 1719 1290 1771 πᾶσα
1314 1719 1348 1788 ἡ
1372 1718 1445 1788 γῆ
1466 1718 1588 1772 τότε
1611 1719 1848 1791 ἀκάθαρ-

267 1809 359 1855 τος
392 1789 459 1864 ἦν
505 1797 612 1849 ἀπὸ
643 1797 736 1851 τοῦ
771 1800 999 1862 καπνοῦ,
1050 1802 1146 1854 καὶ
1189 1801 1289 1872 τῆς
1320 1803 1568 1874 κνίσσης,
1617 1806 1711 1857 καὶ
1736 1805 1846 1857 τῶν

269 1878 564 1933 εῐδωλικῶν
608 1883 877 1952 αἱμάτων,
912 1887 1004 1937 καὶ
1040 1884 1150 1938 τῶν
1204 1884 1382 1940 ἄλλων
1418 1885 1710 1957 μολυσμῶν
1740 1888 1848 1940 τῶν

280 1961 641 2030 Ἑλληνικῶν·
689 1967 777 2020 διά
820 1967 978 2022 τοῦτο
1011 1969 1197 2032 αὐτοῖς
1226 1970 1322 2023 ἕνα
1357 1971 1522 2025 τόπον
1563 1971 1844 2036 ἐπέταξεν.

281 2043 422 2098 Ἀλλ’
455 2047 624 2103 ἐλθὼν
657 2053 686 2104 6
727 2053 980 2124 Χριστὸς,
1018 2053 1116 2108 καὶ
1143 2053 1244 2126 τῆς
1275 2054 1484 2119 πόλεως
1505 2054 1610 2122 ἔξω
1635 2055 1845 2120 παθὼν,

269 2129 450 2214 πᾷσαν
483 2131 581 2202 τὴν
601 2135 706 2204 γῆν
741 2135 997 2207 ἐκάθηρε,
1028 2138 1206 2194 πάντα
1233 2138 1395 2194 τόπον
1419 2141 1707 2213 εὐκτήριον
1735 2142 1847 2214 είρ-

266 2212 493 2281 γάσατο.
529 2218 714 2272 Βούλει
749 2219 942 2291 μαθεῖν
970 2222 1088 2286 πῶς
1124 2225 1272 2277 πᾶσα
1319 2225 1354 2297 ἡ
1408 2225 1481 2297 γῆ
1509 2212 1694 2280 λοιπὸν
1721 2212 1848 2293 ναδς

268 2299 504 2365 ἐγένετο,
559 2303 653 2355 καὶ
704 2305 820 2368 πῶς
873 2307 981 2370 πᾶς
1013 2306 1177 2370 τόπος
1229 2308 1517 2380 εὐκτήριος
1571 2310 1846 2382 κατέστης

271 2383 539 2439 Ἀκουσον
563 2388 724 2441 πάλιν
743 2389 839 2444 τοῦ
880 2391 1152 2463 μακαρίου
1188 2393 1402 2447 Παύλου
1437 2395 1718 2465 λέγοντος·
1751 2397 1850 2449 Ἐν

268 2471 446 2524 παντὶ
488 2474 646 2540 τόπῳ
677 2475 1026 2543 ἐπαίροντες
1065 2479 1276 2545 ὁσίους
1308 2479 1510 2548 χεῖρας
1538 2481 1718 2548 χωρὶς
1751 2483 1849 2550 ὀρ-

267 2551 379 2621 γῆς
399 2557 496 2609 καὶ
526 2556 941 2629 διαλογισμοῦ.
968 2557 1120 2626 Εἶδες
1146 2562 1263 2626 πῶς
1290 2563 1528 2635 ἐκάθηρε
1549 2567 1648 2636 τὴν
1673 2567 1850 2620 οἰκου-

271 2640 469 2710 μένην;
515 2639 649 2706 εἶδες
702 2644 819 2708 πῶς
853 2647 1130 2717 πανταχοῦ
1166 2647 1414 2720 ἐπαίρειν
1448 2650 1628 2712 ὁσίους
1661 2653 1849 2722 χεῖρας

268 2723 576 2794 δυνάμεθας
613 2728 769 2781 Πᾶσα
797 2729 906 2801 γάρ
930 2734 962 2803 ἡ
985 2733 1057 2801 γῆ
1079 2732 1303 2802 γέγονεν
1326 2734 1456 2802 ἁγία
1480 2734 1684 2797 λοιπὸν,
1715 2736 1850 2805 μᾶλ-

271 2808 362 2860 λον
403 2808 460 2860 δὲ
494 2811 586 2863 καὶ
638 2813 748 2865 τῶν
803 2814 954 2884 παρὰ
999 2815 1271 2878 Ἰουδαίοις
1319 2817 1490 2885 ἁγίων
1548 2819 1846 2890 ἀγιωτέρα.

274 2891 432 2958 Πῶς;
458 2894 585 2946 Ὅτε
610 2896 727 2948 ἐκεῖ
747 2898 844 2966 μὲν
867 2896 1078 2966 ἄλογον,
1107 2899 1337 2953 ἐνταῦθα
1358 2901 1414 2954 δὲ
1442 2901 1657 2969 λογικὸν
1678 2921 1850 2974 προσ-

275 2976 416 3046 ήχθη
445 2977 735 3048 πρόϐατον.
776 2981 926 3052 Ὀσῳ
945 2982 1124 3035 τοίνυν
1154 2985 1398 3055 κρεῖττον
1430 2985 1488 3038 τὸ
1512 2985 1727 3055 λογικὸν
1754 2987 1848 3040 τοῦ

273 3061 493 3130 ἀλόγου,
543 3064 783 3135 τοσούτῳ
839 3065 1042 3119 πλείων
1092 3066 1326 3122 ἐνταῦθα
1369 3070 1462 3123 καὶ
1499 3071 1527 3123 6
1559 3072 1846 3144 ἁγιασμός.

271 3143 481 3198 Οὐκοῦν
519 3145 735 3219 ἀληθῶς
764 3148 925 3221 ἑορτὴ
953 3151 982 3202 6
1013 3151 1264 3222 σταυρός.

342 3332 409 3405 β’.
447 3335 632 3389 Βούλει
661 3335 852 3407 μαθεῖν
879 3335 1045 3390 αὐτοῦ
1076 3338 1170 3390 καὶ
1187 3337 1374 3410 ἕτερον
1394 3340 1722 3412 κατόρθωμα
1754 3341 1851 3412 μέ-

267 3433 479 3487 γιστον,
505 3420 686 3474 πᾶσαν
707 3421 1031 3492 ὐπερϐαῖνον
1058 3421 1406 3493 ἀνθρωπίνην
1441 3423 1716 3490 διάνοιαν;
1746 3425 1850 3478 Τὸν

271 3503 600 3574 παράδεισον
631 3505 1126 3575 ἀποκεκλεισμένον
1157 3506 1396 3577 σήμερον
1415 3506 1615 3577 ἀνέῳξε
1638 3524 1653 3539 ·
1678 3510 1850 3578 σήμε-

273 3607 367 3660 ρον
402 3589 511 3660 γάρ
531 3587 624 3642 τὸν
649 3588 850 3660 λῃστὴν
879 3590 1172 3658 εἰσήγαγεν
1198 3590 1257 3641 ἐν
1285 3588 1449 3660 αὐτῷ.
1476 3590 1580 3644 Δύο
1602 3591 1670 3646 τὰ
1695 3594 1852 3662 μέγι-

271 3692 375 3744 στα
399 3671 820 3744 κατορθώματα,
861 3672 955 3725 καὶ
984 3673 1075 3724 τὸν
1122 3672 1448 3743 παράδεισον
1485 3673 1687 3744 ἀνέῳξε
1708 3715 1722 3738 ,
1755 3677 1851 3728 καὶ

267 3733 361 3812 τὸν
394 3733 600 3830 λῃστὴν
633 3733 954 3825 εἰσήγαγεν·
986 3733 1266 3808 ἀπέδωκεν
1292 3754 1440 3824 αὐτῷ
1481 3733 1850 3827 τὴνάρχαίαν

269 3843 532 3914 πατρίδαι
561 3842 906 3911 ἐπανήγαγεν
941 3840 1102 3892 αὐτὸν
1125 3841 1217 3892 ἐπὶ
1245 3840 1343 3909 τὴν
1385 3840 1642 3912 πατρῴαν
1674 3843 1847 3898 πόλιν.

267 3917 544 3999 ,Σήμερον
565 3927 690 3994 μετ’
719 3924 866 3995 ἐμοῦ
886 3925 1024 3990 ἐσῃ,
1067 3923 1250 3994 φησὶν,
1285 3925 1356 3977 ἐν
1382 3923 1463 3989 τῷ
1488 3926 1847 3994 παραδείσῳ.

267 4014 314 4064 Τ
323 4013 341 4070 ί
370 4003 550 4080 λέγεις
571 4027 585 4075 ;
606 4010 769 4068 ἐσταύ
779 4027 946 4082 ρωσαι
968 4009 1062 4063 καὶ
1082 4010 1432 4081 προσήλωσαι
1455 4013 1512 4063 ἐν
1531 4011 1609 4081 τῷ
1630 4014 1850 4085 σταυρῷ

265 4095 446 4166 ἦλοις,
480 4094 575 4147 καὶ
608 4094 935 4175 παράδεισον
966 4093 1312 4165 ἐπαγγέλλῃ-μ
1360 4093 1475 4156 πῶς
1502 4091 1595 4148 οὖν
1624 4097 1848 4150 τοιαῦτα

265 4178 506 4257 χαρίζῃε
549 4179 658 4233 Καὶ
819 4170 855 4231 ’ὁ
880 4177 1091 4242 Παῦλος
1118 4178 1303 4246 λέγει,
1343 4180 1428 4231 ὅτι
1475 4180 1846 4252 Ἐσταυρώθη

265 4262 342 4328 ἐξ
369 4263 689 4329 ἀσθενείας
715 4280 730 4299 ε
758 4261 871 4316 ἀλλ’
895 4262 1059 4316 ἄκουε
1091 4261 1201 4314 τῶν
1240 4264 1596 4332 ἐπαγομένων
1616 4281 1630 4294 ·
1674 4266 1848 4320 Ἀλλὰ

265 4348 362 4416 ζῇ,
386 4349 571 4418 φησιν,
608 4348 674 4400 ἐκ
706 4344 1012 4415 δυνάμεως
1045 4345 1212 4400 Θεοῦ.
1253 4347 1363 4400 Καὶ
1389 4347 1549 4400 πάλιν
1580 4347 1845 4420 ἀλλαχοῦ·

279 4435 355 4488 ἸΙ
381 4434 491 4504 γὰρ
513 4432 770 4502 δύναμίς
797 4448 911 4499 μου
938 4430 1000 4490 ἐγ
1034 4432 1318 4498 ἀσθενείᾳ
1362 4432 1712 4488 τελειοῦται.
1748 4435 1847 4488 Διά

265 4519 430 4572 τοῦτο
451 4520 508 4572 ἐν
534 4518 612 4588 τῷ
641 4515 859 4587 σταυρῷ
902 4514 1018 4578 νῦν,
1064 4517 1248 4587 φησὶν,
1296 4517 1723 4589 ἐπαγγέλλομαι,
1762 4521 1848 4575 ἵνα

267 4602 370 4657 καὶ
399 4602 488 4655 διὰ
513 4600 704 4653 τούτου
733 4599 832 4670 τὴν
849 4599 990 4669 ἐμὴν
1018 4599 1340 4671 καταμάθῃς
1357 4599 1604 4671 δύναμιν.
1629 4602 1846 4674 Ἐπειδὴ

267 4688 384 4760 γὰρ
413 4686 475 4740 τδ
524 4686 758 4756 πρᾶγμα
824 4682 1148 4754 σκυθρωπόν
1178 4684 1346 4746 ἔπινε
1375 4679 1572 4755 MM
1598 4685 1848 4756 κατηφὴς

266 4773 407 4844 γένῃ
434 4772 502 4842 τῇ
534 4769 694 4838 φύσει
723 4764 818 4819 τοῦ
842 4765 1077 4836 σταυροῦ
1111 4767 1413 4836 προσέχων,
1439 4767 1575 4831 ἀλλὰ
1599 4768 1733 4837 πρὸς
1750 4769 1848 4840 τὴν

264 4856 368 4915 τοῦ
418 4851 820 4925 σταυρουμένου
877 4849 1106 4921 δύναμιν
1141 4849 1474 4922 ἀποϐλέψας,
1529 4853 1749 4922 φαιδρὸς
1779 4849 1848 4925 ᾗς

267 4941 372 4995 καὶ
393 4935 796 5007 γεγανωμένος,
828 4933 915 4988 διὰ
938 4933 1096 4988 τοῦτο
1119 4933 1236 4986 ἐκεῖ
1259 4933 1591 5001 ἐπιδείκνυσι
1636 4953 1719 5005 σοι
1746 4938 1849 5008 τὴν

271 5025 432 5094 ισχὺν
461 5024 561 5093 τὴν
595 5018 810 5073 ἐαυτοῦ.
845 5017 920 5070 υύ
941 5018 1050 5086 γὰρ
1070 5016 1262 5090 νεκρδν
1284 5017 1614 5088 ἀναστήσας,
1648 5021 1709 5086 οὐ
1749 5020 1846 5086 οᾳ.

265 5109 444 5178 λάττη
474 5104 754 5168 ἐπιτάξας,
799 5103 861 5154 οὐ
883 5101 1133 5172 δαίμοσιν
1159 5103 1509 5171 ἐπιτιμήσας,
1527 5103 1848 5157 ἀλλ’ἐσταυ-

273 5190 543 5263 ρωμένος,
579 5185 1021 5260 προσηλωμένος,
1046 5184 1419 5255 ὑϐριζόμενος,
1451 5187 1847 5256 ἐμπυὸμενος,

267 5272 700 5343 λοιδορούμενος,
738 5268 1150 5339 χλευαζόμενος,
1188 5267 1339 5338 παρὰ
1363 5268 1580 5320 πάντων
1601 5269 1847 5340 διασυρόο

273 5375 439 5430 μενος
492 5356 679 5424 ἴσχυσε
706 5354 804 5424 τὴν
834 5351 1078 5423 πονηρὰν
1107 5350 1200 5404 τοῦ
1233 5351 1431 5423 λῃστοῦ
1479 5352 1719 5407 διάνοιαν
1763 5355 1850 5424 ἐφ’

268 5440 468 5495 ἐαυτὸν
515 5437 941 5492 ἐπισπάσασθαι.
993 5439 1134 5505 Ὅρα
1177 5435 1514 5506 ἑκατέρωθεν
1562 5437 1725 5490 αὐτοῦ
1754 5440 1851 5510 τὴν

265 5526 502 5594 δύναμιν
544 5521 976 5591 διαλάμπουσαν.
1024 5519 1134 5590 Τὴν
1187 5518 1362 5571 κτίσιν
1405 5519 1698 5590 ἐκλόνησε,
1752 5523 1852 5585 τὰς

267 5610 481 5678 πέτρας
507 5605 794 5676 διέρρηξε,
845 5604 942 5675 τὴν
985 5604 1191 5674 πέτρας
1242 5604 1704 5676 ἀναισθητοτέραν
1755 5609 1850 5661 τοῦ

267 5690 474 5764 λῃστοῦ
499 5689 674 5759 ψυχὴν
707 5688 878 5759 κηροῦ
907 5686 1300 5758 μαλακωτέραν
1332 5686 1642 5756 εἰργάσατο.
1660 5688 1849 5759 Σήμε-

260 5792 384 5846 ρον
404 5774 527 5842 μετ’
554 5772 698 5841 ἐμοῦ
717 5773 830 5838 ἔσῃ
846 5771 915 5823 ἐν
933 5769 1012 5835 τῷ
1035 5770 1395 5838 παραδείσῳ.
1428 5769 1491 5822 Τί
1523 5771 1700 5838 λέγεις
1725 5789 1739 5838 ;
1770 5774 1852 5827 Τά

269 5856 544 5938 κερουϐὶμ
577 5859 733 5933 τηρεῖ
764 5856 855 5908 τὴν
883 5856 1210 5928 παράδεισον
1242 5856 1334 5909 καὶ
1375 5857 1406 5925 ἡ
1452 5855 1673 5928 φλογίνη
1709 5858 1843 5931 ῥομ-

1193 424 1281 480 DE
1327 426 1558 485 CRUCE
1598 429 1687 485 ET
1720 431 2065 497 LATRONE.
2113 443 2348 508 HOMIL.
2391 454 2458 511 ll.

3421 482 3522 536 “0

1957 564 2120 668 (ραία,
2153 571 2247 623 καὶ
2266 571 2329 624 σὺ
2360 573 2436 643 τῷ
2463 573 2631 648 λῃστῇ
2671 578 2770 650 τὴν
2798 583 2914 637 ἐκεῖ
2941 586 3142 639 εἴσοδον
3172 590 3473 668 ἐπαγγέλλῃ
3503 602 3518 646 ς

1958 649 2088 715 Ναὶ,
2125 656 2310 742 φησίν.
2355 657 2495 742 Ἐγὼ
2519 659 2624 732 γάρ
2659 649 2879 717 καὶτῶν
2914 669 3176 739 χερουϐίμ
3196 649 3524 742 είμιδεσπό-

1951 750 2072 824 της,
2096 739 2196 824 καὶ
2222 740 2418 824 φλογὸς
2458 744 2551 799 καὶ
2579 746 2804 818 γεέννης
2843 751 2938 804 καὶ
2981 753 3125 824 ζωῆς
3168 739 3261 808 καί
3293 757 3522 814 θανάτου

1956 818 2056 911 τὴν
2089 819 2335 911 ἐξουσίαν
2360 823 2468 896 ἔχω
2488 843 2511 911 ⁸-
2527 828 2608 882 διὸ
2635 831 2729 884 καὶ
2748 831 2914 901 λέγει·
2940 818 3208 905 Σήμερον
3219 842 3348 903 μετ’
3371 843 3522 911 ἐμοῦ

1952 898 2074 996 fam,
2097 902 2167 954 ἐν
2197 903 2277 996 τῷ
2320 909 2687 996 παραδείσῳ.
2739 898 2836 969 Ἂν
2866 898 3132 972 ἴδωσι-τὸν
3164 898 3439 996 Δέσπδττίν
3465 928 3523 980 αἱ

1950 980 2211 1071 δυνάμεις
2226 988 2447 1053 ἐκεῖναι,
2469 993 2670 1058 εὐθέως
2697 1000 3084 1071 παραχωροῦσι
3103 1004 3197 1055 καὶ
3214 980 3526 1070 ὑπεξίσταν-

1950 1081 2058 1162 ται.
2084 1068 2278 1162 καίτοι
2307 1088 2369 1140 γε
2400 1072 2652 1162 βασιλεὺς
2680 1079 2854 1162 οὐδεὶς
2875 1068 2946 1135 ἀν
2962 1101 3091 1137 ποτε
3119 1068 3408 1158 ἀνάσχοίτο
3434 1091 3523 1162 λῃ-

2128 1150 2441 1244 ἀνθρωπον,
2472 1158 2738 1244 ἐτιρόν
2765 1181 2885 1217 τινα
2918 1167 3025 1219 τῶν
3067 1146 3370 1238 ὁμοδούλων
3401 1146 3525 1244 μεθ’

1954 1227 2106 1302 [414]
2122 1233 2316 1288 ἑαυτοῦ
2341 1227 2676 1306 είσκαθίσας,
2697 1243 2866 1310 οὕτως
2882 1251 2961 1312 είς
2981 1250 3079 1320 τὴν
3101 1227 3257 1306 πόλιν
3273 1227 3526 1309 εἰσελαύε

1951 1333 2098 1408 νεινῖ
2122 1321 2150 1373 6
2172 1321 2228 1408 δὲ
2251 1323 2625 1408 φιλάνθρωπος
2649 1332 2924 1405 Δεσπότης
2952 1335 3045 1387 τοῦ
3055 1353 3110 1388 το
3132 1339 3404 1408 ἐποίησεν.
3429 1342 3525 1404 Εἰς

1951 1400 2052 1492 τὴν
2084 1403 2235 1492 ἱεράν
2263 1407 2372 1479 γάρ
2400 1409 2582 1463 εἰσιὼν
2610 1415 2860 1486 πατρίδα,
2880 1400 2977 1471 τὸν
3015 1419 3218 1492 λῃστὴν
3249 1400 3366 1492 μεθ’
3399 1400 3524 1477 ἐαυξ-

1951 1484 2046 1539 τοῦ
2080 1488 2357 1560 εἰσφέρει,
2414 1493 2534 1563 οὐχὶ
2588 1484 2870 1566 ἀτιμάζων
2926 1501 3018 1554 τὸν
3051 1484 3396 1574 παράδεισον,
3447 1507 3524 1579 μὴ

1951 1569 2182 1636 γένοιτο,
2241 1576 2355 1638 τοῖς
2388 1580 2513 1630 ποσὶ¹
2559 1578 2652 1632 τοῦ
2687 1580 2906 1652 λῃστοῦ,
2940 1584 3075 1640 ἀλλά
3105 1587 3274 1659 ταύτῃ
3324 1569 3525 1659 μᾶλλον

1951 1653 2147 1743 τιμῶν.
2173 1655 2318 1743 Τιμὴ
2354 1659 2463 1743 γάρ
2492 1663 2845 1732 παραδείσου,
2883 1667 2943 1719 τὸ
2983 1669 3220 1722 τοιοῦτον
3248 1653 3397 1743 ἔχειν
3428 1675 3525 1725 Δε-

1955 1737 2179 1808 σπότην,
2209 1739 2352 1795 οὕτω
2380 1741 2599 1796 δυνατὸν
2631 1747 2722 1799 καὶ
2747 1749 3124 1820 φιλάνθρωπον
3149 1793 3163 1815 ,
3199 1737 3407 1817 ὡς’-καὶ
3429 1756 3525 1827 λῃ-

1954 1819 2085 1892 στὴν
2131 1822 2389 1878 δύνασθαι
2423 1828 2644 1899 ποιῆσαι
2675 1831 2822 1895 ἄξιον
2850 1819 2956 1902 τῆς
2979 1837 3191 1906 τρυφῆς
3227 1838 3324 1908 τῆς
3355 1841 3412 1892 ἐν
3444 1839 3524 1909 τῷ

1955 1905 2288 1993 παραδείσῳ.
2316 1909 2427 1993 ιςαι
2453 1909 2562 1981 γὰρ
2588 1912 2675 1964 ὅτε
2715 1914 2951 1979 τελώνας
2976 1905 3070 1970 καὶ
3097 1905 3299 1990 πόρνας
3322 1924 3401 1985 είς
3424 1905 3525 1993 τὴν

1957 1984 2235 2073 βασιλείαν
2249 1991 2456 2057 ἐκάλει,
2471 1994 2532 2046 οὐ
2555 1999 2930 2068 καταισχύνων
2951 2001 3050 2070 τὴν
3069 1984 3344 2073 βασιλείαν
3367 1984 3530 2063 τοῦτο

1954 2071 2300 2154 ἐποίει,ἀλλά
2312 2076 2489 2148 τιμῶν
2513 2079 2769 2150 μάλιστα,
2799 2084 2894 2136 καὶ
2920 2071 3133 2149 δεικνύς
3171 2086 3254 2141 ὅτι
3285 2089 3526 2154 τοιοῦτός

1954 2153 2102 2238 ἐστιν
2127 2158 2157 2210 6
2182 2157 2387 2231 Κύριος
2422 2161 2520 2232 τῆς
2559 2162 2670 2216 τῶν
2698 2165 2944 2236 οὐρανῶν
2976 2166 3250 2238 βασιλείας
3273 2212 3288 2236 ,
3319 2171 3394 2236 ὼς
3432 2153 3530 2228 καί.

1953 2237 2161 2323 πόρνας
2195 2243 2290 2295 καὶ
2313 2242 2552 2309 τελώνας
2589 2246 2761 2311 οὕτως
2787 2249 3120 2319 ἐργάσασθαι
3144 2252 3418 2323 δοκίμους,
3449 2255 3526 2319 ὼς

1954 2322 2138 2411 ἀξίους
2164 2327 2396 2411 φανῆναι
2423 2329 2524 2400 τῆς
2553 2332 2670 2386 ἐκεῖ
2705 2334 2870 2405 τιμῆς
2897 2336 2990 2388 καὶ
3009 2336 3234 2407 δωρεᾶς.
3259 2322 3528 2411 Καθάπερ

1950 2403 2044 2459 οὖν
2069 2407 2252 2494 ίατρδν
2280 2410 2400 2464 τότε
2428 2411 2798 2486 θαυμάζομεν,
2825 2403 2953 2472 ὅταν
2979 2403 3176 2491 ἴδωμεν
3202 2422 3282 2475 ὃτι
3314 2403 3529 2494 ἀνθρώζ

1951 2507 2087 2553 πους
2116 2491 2308 2545 ἀνίατα
2348 2496 2631 2567 νοσήματα
2663 2500 2882 2570 ἔχοντας
2928 2502 3241 2569 ἀπαλλάξας
3277 2505 3376 2574 τῆς
3420 2491 3531 2578 ἀρ-

1952 2573 2208 2658 ρωστίας,
2267 2577 2405 2647 πρὸς
2443 2579 2688 2651 καθαράν
2720 2583 2928 2650 ὑγίειαν
2973 2573 3350 2658 ἐπανήγαγεν·
3386 2573 3530 2642 οὕτω

1950 2656 2044 2742 καὶ
2070 2655 2167 2742 τὸν
2187 2660 2425 2742 -Χριστὸν
2447 2663 2748 2734 θαύμασον,
2773 2667 3048 2739 ἀγαπητέ,
3078 2655 3172 2723 καὶ
3198 2655 3525 2742 ἐκπλάγηθι,

1949 2739 2031 2792 ὅτι
2068 2740 2251 2827 λαϐῶν
2287 2744 2481 2798 ἀνίατα
2517 2751 2798 2820 νοσήματα
2835 2750 3011 2823 ψυχῆς
3057 2753 3278 2824 ἔχοντας
3316 2739 3529 2827 ἀνθρώ-

1951 2839 2123 2891 πους,
2172 2825 2358 2896 ἴσχυσε
2408 2830 2500 2882 καὶ
2547 2833 2646 2903 τῆς
2691 2835 2892 2899 κακίας
2940 2836 3266 2906 ἀπαλλάξαι,
3306 2825 3528 2908 καὶτῆς

1948 2908 2059 2964 τῶν
2083 2911 2330 2982 οὐρανῶν
2360 2912 2638 2982 βασιλείας
2673 2917 2857 2983 ἀξίους
2889 2921 3166 2991 ἀποφῆναι
3224 2923 3350 2987 τοὺς
3391 2924 3529 2994 πρὸς

1948 2992 2050 3076 τὴν
2102 2994 2340 3066 ἐσχάτην
2388 2999 2656 3071 πονηρίαν
2710 3000 3064 3071 ἐληλακότας.
3107 3005 3379 3075 Σήμερον
3400 2992 3528 3076 μετ’

1949 3073 2097 3162 ἐμοῦ
2125 3077 2241 3162 ξσῃ
2263 3078 2334 3132 ἐν
2352 3078 2432 3145 τῷ
2462 3084 2828 3151 παραδείσῳ.
2851 3086 3077 3158 Μεγάλη
3105 3073 3414 3160 τιμὴξπολῦ
3432 3094 3530 3162 τῆς

1953 3159 2363 3245 φιλανθρωπίας
2410 3163 2470 3217 τὸ
2501 3166 2756 3235 μέγεθος,
2795 3169 3001 3240 ἀφατος
3052 3173 3086 3242 ἡ
3132 3159 3404 3244 ὑπερϐολὴ
3431 3159 3530 3245 τῆς

1949 3242 2303 3311 ἀγαθότητος·
2339 3246 2432 3300 τοῦ
2478 3249 2586 3320 γὰρ
2631 3252 2710 3315 είς
2760 3251 2853 3304 τὸν
2907 3242 3529 3325 παράδεισον-εἰσελθείν

1955 3324 2160 3394 μείζων
2186 3328 2402 3398 τιμὴ-τὸ
2443 3332 2582 3403 μετά
2607 3332 2701 3386 τοῦ
2733 3324 3003 3390 Δεσπότου
3038 3337 3318 3392 εἰσελθεῖν.
3343 3339 3408 3392 Τί
3436 3341 3527 3406 γέ-

1951 3423 2130 3492 γονεν,
2175 3412 2297 3464 εἰπέ
2328 3429 2455 3483 μοι;
2512 3415 2566 3467 τί
2616 3417 2858 3471 τοιοῦτον
2890 3419 2918 3471 6
2950 3419 3152 3492 λῃστὴς
3195 3422 3526 3489 ἐπεδείξατο,

1950 3491 2255 3577 ἕνα-ἀθρόον
2279 3499 2607 3568 παραδείσου
2637 3499 2786 3564 ἄξιος
2824 3506 2962 3574 φανῇ
2993 3491 3224 3558 ἀπὸτοῦ
3257 3507 3526 3577 σταυροῦ;

1952 3575 2138 3631 Βούλει
2165 3579 2447 3650 συντόμως
2473 3583 2631 3646 εἴπω,
2665 3587 2758 3638 καὶ
2780 3585 2937 3650 δείξω
2966 3587 3060 3640 τοῦ
3082 3588 3278 3660 λῃστοῦ
3303 3589 3400 3660 τὴν
3433 3591 3528 3642 εὐ-

1949 3661 2333 3732 γνωμοσύνην;
2352 3664 2480 3717 Ὅτε
2512 3666 2714 3738 Πιέτρος
2733 3670 2950 3738 ἠρνεῖτο
2985 3673 3135 3725 κάτω
3159 3674 3187 3725 6
3214 3672 3321 3724 τῶν
3353 3672 3528 3745 μαθη-

1947 3746 2056 3800 τῶν
2101 3754 2428 3820 κορυφαῖος,
2460 3755 2582 3806 τότε
2635 3758 2842 3821 ἐκεῖνος
2887 3757 2998 3811 ἀνω
3029 3759 3120 3812 ἐπὶ
3161 3759 3257 3814 τοῦ
3290 3761 3527 3830 σταυροῦ

1949 3836 2234 3905 τυγχάνων
2265 3840 2603 3912 ὡμολόγησε.
2625 3844 2734 3896 Καὶ
2759 3844 2915 3898 τοῦτο
2945 3847 3006 3900 οὐ
3032 3845 3126 3900 τοῦ
3154 3849 3362 3920 Πέτρου
3391 3866 3526 3902 κατ-

1947 3925 2164 3994 ηγορῶν
2208 3922 2381 3992 εἷπον,
2415 3929 2488 4000 μὴ
2519 3931 2748 3998 γένοιτο,
2775 3932 2911 3986 ἀλλά
2935 3935 3032 3988 τοῦ
3065 3936 3265 4009 λῃστοῦ
3295 3937 3393 4006 τὴν
3428 3955 3526 4008 με-

1949 4011 2287 4084 γαλοψυχίαν
2317 4016 2483 4082 δεῖξαι
2508 4017 2852 4090 βουλόμενος,
2885 4023 2977 4074 καὶ
3009 4023 3109 4092 τὴν
3148 4023 3522 4094 ὑπερϐάλλου-

1952 4116 2050 4151 σαν
2086 4101 2422 4171 φιλοσοφίαν.
2468 4104 2704 4169 Ἐκεῖνος
2751 4109 2850 4161 οὐκ
2875 4109 3072 4180 ἡνεγκε
3095 4111 3264 4180 κόρης
3295 4111 3527 4183 ἀπειλὴν

1949 4187 2224 4252 εὐτελοῦς·
2259 4186 2414 4253 οὗτος
2437 4191 2494 4248 δὲ
2529 4193 2672 4265 ὁρῶν
2708 4195 2880 4266 δῆμον
2911 4196 3204 4274 ὁλόκληρον
3238 4200 3522 4270 μεμηνότα

1948 4275 2043 4330 καὶ
2073 4277 2411 4348 περιεστῶτα
2437 4281 2532 4333 καὶ
2560 4280 2766 4352 βοῶντα
2789 4282 2884 4336 καὶ
2909 4283 3078 4356 μυρία
3107 4286 3185 4348 είς
3218 4285 3310 4338 τὸν
3333 4287 3525 4338 ἐσταυ-

1951 4365 2197 4436 ρωμένον
2227 4365 2654 4439 λοιδορούμενον,
2687 4371 2788 4425 οὐκ
2817 4367 2923 4424 εἶδε
2952 4371 3090 4445 πρὸς
3125 4372 3226 4444 τὴν
3255 4373 3410 4446 ὓϐριν
3433 4375 3525 4428 τοῦ

1949 4453 2398 4524 ἐσταυρωμένου,
2445 4455 2584 4509 ἀλλά
2630 4459 2742 4521 τοῖς
2791 4458 2892 4528 τῆς
2939 4459 3173 4524 πίστεως
3221 4461 3520 4533 ὀφθαλμοῖς

1949 4539 2163 4595 ἅπαντα
2186 4541 2358 4595 ταῦτα
2387 4543 2782 4615 παραδραμὼν,
2828 4548 2923 4601 καὶ
2967 4547 3034 4602 τὰ
3075 4549 3306 4602 ταπεινά
3331 4551 3425 4603 καὶ
3458 4552 3525 4604 τά

1948 4626 2248 4699 κωλύματα
2281 4631 2429 4684 κάτω
2453 4633 2634 4700 ἀφεὶς,
2658 4633 2873 4702 ἐπέγνω
2901 4634 2993 4689 τὸν
3020 4635 3130 4688 τῶν
3156 4638 3399 4705 οὐρανῶν
3431 4640 3526 4691 Δε-

1951 4715 2176 4786 σπότην,
2201 4715 2372 4772 εἰπὼν
2392 4717 2461 4770 τά
2487 4719 2694 4791 βραχέα
2714 4721 2898 4775 ἐκεῖνα
2924 4724 3142 4794 ῥήματα
3169 4725 3263 4778 καὶ
3291 4724 3385 4778 τοῦ
3415 4744 3522 4778 πα-

1954 4802 2200 4872 ραδείσου
2227 4803 2374 4871 ἀξιον
2397 4806 2561 4860 αὐτὸν
2585 4808 2961 4881 ἀποφήναντα·
2979 4811 3296 4881 Μνήσοητί
3313 4832 3432 4884 μου
3456 4815 3527 4869 ἐν

1947 4888 2024 4959 τῇ
2044 4891 2332 4958 ,ϐασιλείᾳ
2354 4907 2490 4948 σου.
2510 4894 2603 4967 Μὴ
2625 4897 3074 4970 παραδράμωμεν
3093 4900 3280 4964 ἁπλῶς
3300 4902 3361 4954 τὸ
3383 4904 3526 4974 είρη-

1953 4978 2134 5048 μένον,
2172 4981 2307 5051 μηδέ
2360 4984 2810 5054 ἐπαισχυνθῶμεν
2853 4987 3171 5042 διδάσκαλον
3221 4990 3404 5044 λαϐεῖν
3431 4993 3523 5044 τὸν

1949 5064 2171 5138 λῃστὴν,
2206 5067 2264 5120 ὃν
2315 5069 2414 5122 οὐκ
2449 5072 2760 5145 ἐπησχύνθη
2794 5074 2823 5125 ὁ
2876 5077 3153 5148 Δεσπότης
3183 5079 3212 5130 6
3257 5078 3524 5149 ἡμέτερος

1951 5154 2163 5226 πρῶτον
2189 5158 2269 5220 εἰς
2289 5158 2380 5210 τὸν
2408 5160 2736 5230 παράδεισον
2764 5164 3098 5232 εἰσαγαγεῖν·
3127 5165 3202 5234 μὴ
3232 5165 3521 5236 ἐπαισχυνο

1951 5242 2132 5312 θῶμεν
2163 5242 2480 5298 διδάσκαλον
2510 5245 2692 5300 λαϐεῖν
2725 5247 3034 5319 ἄνθρωπον,
3070 5250 3175 5321 πρὸ
3205 5251 3404 5314 παντὸς
3427 5250 3522 5305 τοῦ

1949 5331 2059 5384 τῶν
2090 5332 2390 5402 ἀνθρώπων
2415 5335 2602 5403 γένους
2649 5336 2797 5403 ἀξιον
2832 5338 3068 5405 φανέντα
3115 5341 3214 5409 τῆς
3246 5341 3519 5405 πολιτείας

1949 5419 2048 5489 τῆς
2081 5419 2138 5472 ἐν
2171 5419 2249 5490 τῷ
2277 5422 2606 5492 παραδείσῳ.
2657 5424 2794 5476 Καθ’
2824 5425 3051 5480 ’ἑκαστον
3077 5427 3254 5480 τοίνυν
3285 5429 3394 5483 τῶν
3426 5431 3522 5500 ρη-

1955 5506 2139 5576 μάτων
2182 5507 2544 5578 ἐξετάσωμεν,
2581 5509 2668 5563 ἵνα
2701 5511 2961 5584 μάθωμεν
3017 5516 3110 5568 καῖ⁹
3153 5515 3401 5570 ἐντεῦθεν
3426 5517 3519 5571 τοῦ

1954 5593 2185 5666 σταυροῦ
2213 5595 2312 5666 τὴν
2333 5599 2583 5667 δύναμιν.
2618 5599 2751 5652 Οὐδὲ
2774 5600 2882 5670 γάρ
2901 5595 3021 5653 εἷπε
3049 5603 3184 5672 πρὸς
3215 5603 3398 5668 αὐτὸν,
3423 5622 3522 5658 κα-

1953 5683 2130 5753 θάπερ
2153 5683 2290 5754 πρὸς
2315 5685 2517 5757 Πέτρον
2535 5690 2629 5742 καὶ
2659 5689 2929 5759 Ἀνδρέαν·
2951 5692 3148 5754 Δεῦτε,
3169 5694 3268 5747 καὶ
3285 5696 3522 5764 ποιήσω

1953 5771 2108 5841 ὑμᾶς
2136 5773 2326 5840 ἁλιεῖς
2352 5774 2694 5842 ἀνθρώπων·
2715 5777 2834 5831 οὐδὲ
2853 5774 2971 5831 εἷπε
2992 5780 3124 5851 πρὸς
3146 5782 3327 5843 αὐτὸν,
3349 5783 3520 5837 καθά-

1958 5877 2062 5940 περ
2108 5860 2243 5935 πρὸς
2303 5863 2426 5927 τοὺς
2474 5862 2680 5918 δώδεκα
2739 5865 3006 5938 μαθητάς,
3047 5867 3129 5921 ὅτι
3187 5867 3521 5923 Καθίσεσθε
