4066 6392
533 411 630 465 ,511

529 526 626 580 ἐπὶ
659 521 887 576 δώδεκα
912 521 1164 586 θρόνους
1193 521 1502 586 κρίνοντες
1529 521 1633 584 τὰς
1655 521 1884 573 δώδεκα
1915 523 2120 589 φυλὰς

533 609 640 660 τοῦ
688 603 954 672 Ἰσραήλ.
984 603 1163 666 Ὀλως
1185 603 1242 655 δέ
1267 603 1386 656 οὐδὲ
1413 606 1655 674 ῥήματος
1677 604 1838 656 αὑτὸν
1858 603 2117 671 ἠξίωσεν.

531 691 666 744 Ούδέ
696 689 948 759 θαύματα
966 682 1123 746 εἶδεν,
1143 688 1204 739 06
1228 687 1419 758 νεκρὸν
1444 688 1824 756 ἀνιστάμενον,
1844 689 1902 740 06
1927 686 2013 739 δαί
2021 704 2121 757 μο-

533 793 627 837 νας
657 772 1068 842 ἐλαυνομένους,
1109 771 1170 824 06
1218 772 1490 825 θάλατταν
1547 771 1799 824 εἴκουσαν
1840 770 2004 825 αὑτοῦ
2039 773 2122 842 τῷ

532 859 883 926 ὲπιτάγματι.
914 856 973 909 06
1010 856 1136 925 περὶ
1166 855 1442 924 βασιλείας
1479 854 1630 926 αύτῷ
1660 854 1928 926 διελέχθη·
1964 853 2119 926 [615]

532 941 696 995 πόθεν
725 942 781 995 δέ
796 941 912 1012 ⁴ᾔδει
930 942 1022 994 καὶ
1046 942 1144 1008 τῆς
1164 939 1440 1010 βασιλείας
1463 939 1522 992 16
1542 939 1741 1010 δνομα;
1765 939 1989 1008 Ἴδωμεν
2015 937 2120 991 αύ-

531 1025 624 1079 τοῦ
643 1026 740 1097 τὴν
760 1028 971 1078 σύνεσιν
993 1024 1087 1095 τὴν
1111 1024 1331 1094 πολλήν.
1364 1023 1652 1094 Ἐλοιδόρει
1674 1023 1858 1088 αὑτὸν,
1878 1023 2068 1092 φησὶν,
2088 1027 2120 1076 6

533 1110 718 1180 ἔτερος
742 1109 944 1180 λῃστής
963 1125 976 1137 ·
1025 1108 1122 1160 καὶ
1146 1109 1255 1178 γὰρ
1276 1107 1461 1178 ἕτερος
1490 1103 1559 1177 ἦν
1590 1106 1792 1179 λῃστὴς
1822 1122 2118 1180 συνεσταμ-

536 1169 808 1264 pws-1660c:
823 1169 910 1244 ἵνα
931 1190 1037 1261 πλη
1048 1169 1191 1262 ρωθῇ
1210 1169 1269 1244 16
1293 1169 1453 1262 παρά
1472 1169 1564 1243 τοῦ
1591 1169 1869 1262 προφήτου
1889 1169 2119 1260 είρημί-

535 1293 644 1338 νον,
684 1278 765 1329 ὅτι
799 1275 908 1329 Καὶ
952 1276 1104 1344 μετὰ
1152 1275 1392 1344 ἀνόμων
1425 1274 1735 1344 ἐλογίσθη.
1801 1273 2120 1328 Ἐδούλοντο

532 1357 641 1429 γὰρ
686 1359 781 1412 καὶ
819 1359 917 1429 τὴν
961 1357 1120 1424 δόξαν
1162 1357 1328 1410 αὑτοῦ
1381 1357 1654 1413 διαϐαλεῖν
1702 1359 1752 1410 οῖ
1800 1355 2119 1426 ἀγνώμονες

545 1441 809 1504 Ἰουδαῖοι,
836 1443 928 1494 καὶ
959 1441 1294 1511 πανταχόθεν
1317 1440 1623 1511 ἐπηρέαζω
1643 1444 1757 1505 τοῖς
1785 1441 2114 1511 γινομένοις·

529 1525 668 1578 ἀλλά
696 1526 782 1578 διά
815 1527 1033 1579 πάντων
1067 1528 1101 1595 ή
1145 1526 1371 1597 ἀλήθεια
1410 1524 1611 1595 ηὔξανε
1634 1566 1649 1586 ,
1682 1525 1777 1579 καὶ
1818 1525 1885 1577 δι’
1936 1522 2121 1577 αὐτῶν

530 1609 638 1661 τῶν
697 1609 1037 1678 κωλυμάτων
1105 1609 1461 1681 λαμπροτέρα
1533 1608 1762 1677 ἐγίνετο.
1829 1607 2119 1676 Ἐλοιδόρει

529 1694 711 1746 τοίνυν
742 1695 904 1746 αὑτὸν
937 1699 965 1746 ό
993 1695 1181 1765 ἕτερος
1213 1694 1437 1765 λῃστής·
1466 1691 1547 1756 είς
1569 1693 1626 1746 δέ
1648 1709 1731 1756 τις
1757 1690 1864 1745 τῶν
1887 1692 2120 1758 εὐαγγε-

530 1776 732 1829 λιστῶν
772 1793 956 1848 φησιν,
975 1779 1056 1829 ὅτι
1090 1777 1393 1848 ἀμφότεροι
1423 1777 1725 1847 ἐλοιδόρουν
1753 1774 1846 1828 16v
1887 1772 2117 1846 Ἰησοῦν·

532 1859 803 1913 καὶτοῦτο
829 1861 885 1914 δέ
913 1860 1133 1931 ἀληθὲς,
1164 1859 1192 1912 6
1227 1861 1321 1913 καὶ
1356 1861 1590 1931 μάλιστα
1625 1860 1884 1912 ἐπιτείνει
1927 1856 2118 1910 τούτου

531 1942 630 2013 τὴν
657 1943 1098 2015 εὐγνωμοσύνην.
1141 1945 1300 2008 Εἰκὸς
1333 1947 1442 2016 γάρ
1481 1943 1644 1997 αὑτὸν
1673 1941 1984 2013 λοιδορῆσαι
2023 1942 2121 2012 μέν

533 2027 682 2096 παρά
715 2028 812 2097 τὴν
846 2028 1040 2099 ἀρχὴν,
1072 2028 1268 2099 ἀθρόον
1308 2028 1363 2080 δὲ
1391 2027 1660 2098 τοσαύτην
1687 2026 1786 2097 τὴν
1816 2025 2120 2096 μεταϐολὴν

534 2111 927 2175 ἐπιδείξασθαι.
971 2112 1259 2182 Ἐλοιδόρει
1293 2113 1474 2165 τοίνυν
1506 2112 1691 2176 αὐτὸν,
1721 2110 1905 2181 φησὶν,
1945 2111 1973 2160 6
2005 2109 2122 2160 ἐτε-

538 2211 628 2264 ρος
659 2193 881 2264 λῃστής.
911 2192 1060 2258 Εἶδες
1091 2196 1291 2269 λῃστὴν
1322 2197 1416 2248 καὶ
1445 2195 1684 2266 λῃστήν;
1725 2193 2026 2265 ἀμφότεροι
2063 2193 2121 2243 ἐν

534 2278 613 2347 τῷ
644 2278 880 2349 σταυρῷ,
906 2281 1206 2349 ἀμφότεροι
1238 2280 1344 2333 ἀπὸ
1369 2279 1651 2349 πονηρίας.
1681 2278 1982 2349 ἀμφότεροι
2013 2276 2122 2328 61:6

537 2359 651 2430 βίου
699 2361 980 2434 λῃστικοῦ,
1028 2363 1144 2416 ἀλλ’
1175 2363 1276 2416 οὐκ
1326 2362 1630 2434 ἀμφότεροι
1664 2363 1720 2413 ἐν
1751 2365 1861 2421 τοῖς
1915 2359 2117 2420 αὐτοῖς·

533 2445 647 2499 ἀλλ’
671 2448 698 2499 ό
726 2446 822 2516 μὲν
856 2446 1131 2516 βασιλείαν
1162 2447 1621 2516 ἐκληρονόμησεν,
1648 2447 1676 2498 ό
1706 2445 1762 2496 δέ
1789 2447 1868 2505 είς
1895 2443 2121 2510 γέενναν

536 2530 948 2600 παρεπέμπετο.
972 2530 1128 2582 Οὕτω
1148 2532 1240 2581 καὶ
1273 2529 1420 2599 χθὲς,
1467 2528 1710 2599 μαθητὴς
1740 2526 1831 2580 καὶ
1860 2524 2118 2595 μαθηταί·

536 2614 649 2666 ἀλλ’
691 2617 718 2666 ό
768 2617 865 2684 μὲν
911 2614 1047 2686 πρὸς
1104 2615 1395 2686 προδοσίαν
1442 2611 1919 2684 παρεσκευάζετο,
1969 2610 2019 2662 οἱ
2065 2609 2122 2661 δέ

536 2698 672 2769 πρὸς
705 2698 982 2752 διακονίαν
1013 2698 1416 2771 εὐτρεπίζοντο·
1448 2698 1542 2752 καὶ
1579 2699 1786 2759 ἐκεῖνος
1819 2695 1917 2765 μὲν
1967 2693 2122 2762 ἔλεγε

533 2786 646 2844 τοῖς
671 2783 1005 2853 Φαρισαίοις·
1032 2773 1312 2840 Τι’θέλετέ
1335 2802 1438 2852 μοι
1465 2783 1698 2847 δοῦναι,
1719 2782 1816 2834 καὶ
1979 2779 2124 2849 ὑμῖν

535 2867 872 2934 παραδώσω
895 2870 1121 2930 αὑτόν;
1144 2864 1289 2922 οὗτοι
1312 2868 1369 2921 δὲ
1399 2865 1704 2938 προσῆλθον
1724 2865 1802 2936 τῷ
1830 2862 2006 2935 Ἰησοῦ
2033 2861 2091 2915 λέ
2109 2891 2121 2902 -

534 2968 754 3019 γοντες·
797 2951 922 3005 Ποῦ
982 2951 1179 3019 θέλεις
1210 2950 1603 3022 ἑτοιμάζωμέν
1644 2964 1746 3004 σοι
1796 2947 2012 3018 φαγεῖν
2057 2947 2122 2999 τὸ

535 3036 788 3105 Πάσχα;
813 3035 968 3089 Οῦτω
1003 3037 1096 3089 καὶ
1123 3035 1376 3097 ἐνταῦθα,
1408 3035 1610 3106 λῃστὴς
1633 3034 1728 3087 καὶ
1751 3032 1976 3104 λῃστής⁹
2008 3030 2123 3084 ἀλλ’

534 3121 562 3172 6
597 3120 695 3189 μὲν
732 3119 1070 3192 ἐλοιδορεῖτο,
1093 3120 1120 3171 ὁ
1145 3119 1199 3171 δέ
1223 3118 1588 3187 ἐπιστομίζει·
1612 3119 1639 3170 ὁ
1663 3117 1760 3188 μὲν
1786 3115 2120 3185 βλασφημεῖ,

534 3207 563 3258 6
600 3205 655 3256 δὲ
681 3204 922 3271 ἐγκαλεῖ,
971 3203 1067 3256 καὶ
1101 3202 1276 3256 ταῦτα
1317 3202 1457 3272 όρῶν
1486 3200 1903 3272 ἐσταυρωμένον
1935 3198 2120 3260 αὑτὸν,

537 3287 1029 3357 κατακεκριμένον,
1069 3286 1161 3338 τὸν
1199 3286 1371 3355 δῆμον
1401 3283 1648 3338 κάτωθεν
1691 3281 2122 3352 λοιδορούμενον,

539 3369 844 3423 ἐπιϐοῶντα
888 3369 1120 3439 μεγάλα·
1173 3368 1286 3423 ἀλλ’
1323 3370 1473 3438 ὅμως
1528 3369 1680 3422 οὐδὲν
1725 3367 1930 3421 τούτων
1964 3365 2125 3418 αὐτὸν

538 3454 905 3524 παρέτρεψεν,
930 3453 1049 3506 οὺδέ
1078 3454 1176 3523 τῆς
1211 3452 1597 3524 προσηκούσης
1626 3451 1785 3522 δόξης
1812 3451 2124 3518 ἀπήγαγεν,

539 3537 792 3591 ἀλλὰκαὶ
819 3537 898 3607 τῷ
939 3538 1110 3608 ἑτέρῳ
1160 3537 1330 3610 λῃστῇ
1377 3536 1622 3606 σφοδρῶς
1669 3534 1991 3597 ἐπιτίθεται,
2033 3532 2126 3586 καί

540 3637 671 3691 φησι
707 3621 843 3691 πρὸς
873 3621 1056 3674 αὐτόν·
1097 3619 1252 3674 Οὐδὲ
1281 3618 1437 3690 φοϐῇ
1463 3620 1572 3674 τὸν
1597 3617 1746 3674 Θεὸν
1775 3619 1857 3673 σύ
1874 3634 1894 3682 ;

614 3859 685 3921 γ’.
704 3848 855 3913 Εἶδες
872 3853 1184 3925 παρρησίαν
1206 3849 1405 3923 λῃστοῦ
1422 3869 1438 3916 ;
1469 3846 1607 3914 εἶδες
1628 3850 1747 3913 πῶς
1761 3850 1882 3903 οὐδέ
1897 3849 1964 3901 ἐν
1979 3864 2134 3901 σταυ-

549 3941 629 4015 ρῷ
659 3945 763 4014 τῆς
802 3943 1008 4008 οἰκείας
1051 3943 1248 4014 τέχνης
1285 3941 1721 4007 ἐπιλανθάνεται,
1751 3941 1888 3995 ἀλλά
1912 3941 2000 3995 6:6
2032 3939 2132 4010 τῆς

546 4035 836 4106 ὁμολογίας
855 4035 1027 4105 αὐτῆς
1053 4034 1305 4106 λῃστεύει
1334 4033 1432 4105 τὴν
1459 4034 1735 4106 βασιλείαν
1757 4051 1771 4099 ;
1803 4032 1956 4088 Οὐδὲ
1974 4028 2132 4102 φοϐῇ

547 4129 658 4183 τὸν
689 4129 837 4183 Θεὸν
873 4128 974 4194 σὺ,
1003 4128 1200 4200 φησίν;
1234 4124 1386 4193 Εἶδες
1431 4127 1744 4201 παρρησίαν
1779 4128 1836 4178 ἐν
1879 4123 2128 4197 σταυρῷς

549 4219 688 4286 εἶδες
738 4222 1098 4292 φιλοσοφίαν,
1154 4217 1296 4285 εἶδες
1357 4220 1680 4284 εὐλάϐειαν;
1734 4220 1858 4272 Ὅτι
1905 4218 2016 4290 γάρ
2075 4219 2133 4270 ὲν

550 4312 729 4384 ἐαυτῷ
748 4308 837 4384 ἦν,
856 4313 937 4366 61:
966 4312 1064 4376 τάς
1094 4311 1300 4384 φρένας
1328 4311 1465 4375 ὅλως
1494 4307 1605 4383 εἶχε
1639 4313 1752 4374 τοῖς
1788 4310 1938 4381 ήλοις
1963 4312 2134 4380 ἐμπε-

551 4409 846 4480 παρμένος.
883 4405 976 4461 καὶ
1013 4405 1111 4468 τάς
1141 4406 1204 4459 ἐκ
1255 4403 1364 4458 τῶν
1407 4404 1552 4475 ήλων
1601 4403 1792 4466 ὀδύνας
1847 4400 2134 4473 ὑπομένων

547 4500 647 4565 τὰς
675 4500 1003 4571 ἀφορήτους,
1036 4498 1158 4567 οὐχὶ
1188 4494 1566 4568 θαυμάζεσθαι
1585 4495 1733 4562 ἄξιος
1764 4493 1856 4547 τοῦ
1888 4492 2135 4562 γενναίου

550 4592 897 4663 φρονήματος
930 4590 1127 4654 ἓνεκα;
1169 4587 1308 4657 Ἐγὼ
1356 4587 1456 4658 μέν
1482 4588 1541 4640 06
1569 4584 1947 4656 θαυμάζεσθαι
1976 4583 2137 4655 μόνον

550 4683 737 4748 ἄξιον,
787 4681 922 4736 ἀλλά
970 4681 1065 4735 καὶ
1119 4679 1523 4751 μακαρίζεσθαι
1571 4676 1730 4731 αὐτὸν
1787 4676 2014 4739 δικαίως
2069 4675 2137 4729 ἂν

551 4774 779 4844 εἴποιμι.
801 4775 912 4827 Καὶ
941 4774 1049 4844 γὰρ
1076 4773 1136 4825 06
1163 4772 1321 4845 μόνον
1353 4772 1452 4825 οὐκ
1487 4771 1852 4842 ἐπεστρέφετο
1883 4769 2017 4839 πρὸς
2038 4769 2138 4833 τάς

552 4864 876 4934 ἀλγηδόνας,
925 4863 1040 4916 ἀλλ’
1075 4864 1238 4932 ἀφεὶς
1278 4865 1346 4916 τὰ
1395 4861 1518 4915 καθ’
1559 4862 1771 4921 ἐαυτὸν,
1831 4861 1898 4913 16
1948 4860 2136 4932 ἐτέρου

553 4955 860 5028 ἐφρόντιζε,
895 4957 988 5008 καὶ
1023 4957 1168 5021 ὅπως
1203 4957 1410 5008 ἐκεῖνον
1442 4955 1727 5026 ἐξαρπάσῃ
1764 4954 1865 5024 τῆς
1907 4955 2135 5025 πλάνης,

555 5052 648 5104 καὶ
669 5049 986 5112 διδάσκαλος
1023 5050 1248 5120 γένηται
1269 5053 1327 5104 ἐν
1353 5047 1594 5120 σταυρῷ,
1616 5047 1965 5112 ἐσπούδαζεν.
1986 5047 2139 5101 Οὐδὲ

552 5142 712 5216 φοϐῇ
763 5142 872 5196 τὸν
912 5142 1082 5205 Θεὸν,
1119 5141 1272 5213 φησὶ,
1309 5142 1430 5205 σύ;
1463 5139 1763 5210 Μονονουχι
1807 5140 1956 5208 λέγει
2003 5139 2138 5210 πρὸς

554 5236 748 5293 αὐτόν·
781 5235 874 5306 Μὴ
917 5233 993 5306 τῷ
1041 5236 1191 5288 κάτω
1228 5233 1568 5305 δικαστηρίῳ
1599 5234 1857 5304 πρόσεχε,
1909 5234 1982 5304 μὴ
2031 5234 2141 5286 ἀπὸ

554 5328 664 5384 τῶν
693 5327 986 5397 ὁρωμένων
1017 5324 1277 5396 ψηφίζου,
1322 5325 1398 5396 μὴ
1428 5324 1496 5377 16
1521 5326 1781 5394 γινόμενα
1814 5323 1972 5393 μόνον
2001 5325 2103 5394 ὅρα
2125 5343 2137 5355 ·

558 5421 705 5474 ἔστιν
739 5419 925 5489 ἕτερος
960 5420 1153 5489 κριτὴς
1181 5417 1435 5488 ἀόρατος.
1464 5415 1760 5470 ἀδέκαστόν
1789 5417 1934 5467 ἐστιν
1968 5416 2143 5468 ἐκεῖνο

557 5511 618 5564 16
659 5511 1029 5583 δικαστήριον,
1077 5509 1541 5580 παραλογισθῆναι
1594 5509 1668 5578 μὴ
1708 5508 2025 5577 δυνάμενον.
2051 5507 2142 5578 Μὴ

559 5601 736 5656 τοίνυν
789 5602 924 5675 ἴδῃς,
971 5603 1050 5656 ὃτι
1107 5600 1406 5672 κατεκρίθη
1446 5600 1616 5653 κάτω·
1653 5601 1789 5653 ἀλλὰ
1822 5600 1893 5652 16
1938 5600 2049 5652 ἄνω
2081 5599 2143 5652 06

562 5693 806 5746 τοιαῦτα.
852 5693 1118 5747 Ἐνταῦθα
1152 5693 1252 5764 μὲν
1277 5693 1385 5765 γὰρ
1419 5695 1478 5746 ἐν
1513 5692 1589 5763 τῷ
1624 5694 1774 5747 κάτω
1803 5691 2142 5764 δικαστηρίῳ

571 5785 660 5837 καὶ
686 5786 965 5840 ἀνεύθυνοι
995 5786 1254 5850 πολλάκις
1293 5786 1768 5850 καταδικάζονται,
1794 5786 1886 5838 καὶ
1909 5783 2144 5837 ὑπεύθυ-

577 5891 647 5924 νοι
697 5876 977 5943 ἀφίενται,
1014 5876 1163 5948 [HG]
1197 5878 1286 5929 καὶ
1316 5877 1514 5933 δίκαιοι
1551 5876 2003 5946 κατακρίνονται,
2051 5876 2144 5928 καὶ

1238 405 1294 461 S.
1337 405 1623 462 JOANNIS
1657 407 2162 467 (IllRYSOSTOMI
2192 412 2512 464 ARCIIIEP.
2550 411 3103 469 CONSTANTINOP.

3699 416 3800 470 “2

2228 526 2400 578 ἄδικοι
2426 525 2799 595 διαφεύγουσι.
2845 525 2926 578 T6
2963 526 3061 595 μὲν
3090 525 3197 596 γὰρ
3242 527 3455 590 ἑκόντες
3478 527 3585 580 τῶν
3616 545 3800 599 κρινο-

2232 619 2524 689 μένων,τά
2577 618 2634 671 δὲ
2665 620 2891 682 ἄκοντες
2943 617 3346 690 διαφθείρουσιν
3380 620 3429 670 οἱ
3469 619 3654 672 πολλοὶ
3692 621 3802 674 τῶν

2227 709 2548 782 ἀνθρώπων·
2597 713 2630 782 ἢ
2663 712 2772 784 γάρ
2803 711 3124 779 ἀγνοοῦντες
3155 711 3216 764 16
3239 711 3444 765 δίκαιον
3467 714 3560 766 καὶ
3588 714 3801 785 ἀπατη-

2227 802 2431 866 θέντες,
2461 803 2492 873 ἢ
2527 803 2722 868 ἰδόντες
2751 805 2869 875 μὲν,
2893 803 2998 858 ὑπὸ
3020 821 3122 876 χρη
3133 804 3317 874 μάτων
3337 803 3394 856 δέ
3419 803 3803 876 διαφθαρέντες

2228 895 2548 967 προέδωκαν
2579 897 2675 969 τὴν
2719 897 3008 967 ἀλήθειαν,
3060 897 3156 951 καὶ
3211 897 3648 966 κατεψηφίσαντο
3695 897 3802 948 τῶν

2225 987 2554 1042 ἀνευθύνων.
2604 991 2751 1043 Ἀνω
2803 989 2862 1044 δὲ
2889 989 3038 1043 οὐδὲν
3097 989 3328 1043 τοιοῦτόν
3363 992 3528 1042 ἐστιν.
3574 989 3633 1041 '0
3668 988 3804 1050 Θεὸς

2224 1082 2331 1152 γάρ
2357 1083 2549 1152 κριτὴς
2578 1081 2806 1146 δίκαιος,
2839 1084 2930 1137 καὶ
2958 1081 3019 1136 16
3062 1084 3235 1153 κρῖμα
3264 1081 3427 1135 αὑτοῦ
3453 1082 3527 1144 ὡς
3548 1081 3660 1150 φῶς
3711 1079 3804 1144 ἐξ-

2235 1173 2540 1227 ελεύσεται·
2577 1175 2678 1228 οὐκ
2701 1174 3160 1246 ἔχεισκότος,οὺκ
3198 1174 3310 1245 ἔχει
3336 1175 3673 1247 ἀποκρυϐὴν,
3709 1175 3806 1227 06-

2222 1268 2416 1338 δεμίαν
2466 1259 2682 1339 δέχεται
2745 1271 3128 1342 παρατροπήν.
3183 1268 3302 1322 Ἵνα
3361 1269 3469 1341 γὰρ
3543 1269 3618 1339 μὴ
3666 1268 3808 1339 λέγῃ

2224 1364 2451 1426 ἐκεῖνος,
2475 1363 2558 1417 ὅτι
2584 1361 2952 1432 κατεδικάσθη
2984 1361 3155 1426 κάτω,
3181 1361 3236 1415 τί
3265 1360 3412 1430 αὐτῷ
3447 1361 3805 1431 συνηγορεῖςς

2222 1459 2500 1526 ἀνήγαγεν
2526 1457 2689 1510 αὑτὸν
2717 1457 2812 1510 ἐπὶ
2839 1455 2899 1509 16
2931 1457 3044 1510 ἀνω
3069 1455 3436 1525 δικαστήριον,
3461 1454 3554 1507 ἐπὶ
3569 1453 3632 1506 16
3653 1451 3810 1523 βῆμα

2221 1547 2282 1598 τὸ
2313 1545 2563 1616 φοϐερόν,
2595 1546 2688 1599 ἐπὶ
2728 1545 2788 1598 16
2823 1545 3106 1617 κριτήριον
3145 1545 3206 1598 16
3238 1544 3550 1609 ἀδέκαστον,
3581 1543 3675 1595 ἐπὶ
3713 1542 3808 1594 τὸν

2224 1640 2662 1711 ἀπαραλόγιστον
2693 1639 2984 1712 δικαστὴν,
3021 1639 3326 1710 ἀνέμνησεν
3377 1637 3540 1693 αὐτὸν
3593 1637 3807 1690 ἐκείνου

2222 1731 2317 1786 τοῦ
2349 1731 2581 1804 φοϐεροῦ
2617 1732 2923 1807 κριτηρίου.
2972 1732 3121 1785 Ἐκεῖ
3164 1731 3351 1801 βλέπε,
3395 1731 3549 1802 φησὶ,
3586 1727 3680 1783 καὶ
3706 1729 3810 1781 οὑκ

2223 1823 2393 1886 οἴσεις
2424 1823 2523 1894 τὴν
2550 1822 3014 1888 καταδικάζουσαν
3059 1823 3259 1893 ψῆφον,
3311 1823 3431 1876 οὐδέ
3459 1821 3633 1893 στήσῃ
3668 1819 3809 1890 μετά

2223 1915 2333 1969 τῶν
2363 1915 2514 1968 κάτω
2536 1914 2861 1985 ἀνθρώπων,
2911 1914 3049 1967 ἀλλά
3090 1913 3410 1984 θαυμάσεις.
3444 1913 3538 1968 καὶ
3569 1909 3812 1984 ἀποδέξῃ

2223 2007 2323 2076 τὴν
2354 2007 2557 2061 ἄνωθεν
2578 2007 2779 2079 κρίσιν.
2811 2005 2964 2060 Οὐδὲ
2991 2003 3170 2075 φοϐῇ,
3195 2006 3348 2074 φησὶ,
3378 2003 3483 2058 τὸν
3516 2003 3668 2057 Θεὸν
3693 2003 3812 2066 σύ;

2226 2095 2378 2163 Εἶδες
2418 2100 2736 2170 φιλοσοφίαν
2767 2099 2965 2172 λῃστοῦ
2988 2139 3002 2162 ,
3055 2095 3191 2162 εἶδες
3224 2097 3467 2162 σύνεσιν,
3502 2092 3642 2158 εἶδες
3665 2095 3814 2147 διδα-

2228 2192 2454 2246 σκαλίαν
2476 2210 2490 2258 ;
2515 2192 2712 2264 ἀθρόον
2751 2194 2859 2247 ἀπὸ
2886 2194 2978 2248 τοῦ
3011 2192 3245 2263 σταυροῦ
3293 2191 3428 2263 πρὸς
3457 2190 3547 2244 τὸν
3578 2187 3813 2261 οὐρανὸν

2224 2283 2454 2354 ἀνέπτη.
2492 2285 2603 2336 Καὶ
2630 2284 2733 2355 ὅρα
2767 2284 2935 2337 αὑτὸν·
2955 2283 3314 2337 ἀποστολικὸν
3344 2283 3509 2352 νόμον
3539 2281 3640 2350 ἤδη
3667 2281 3812 2349 πλητ

2228 2375 2449 2444 ροῦντα,
2494 2376 2587 2429 καὶ
2619 2377 2681 2429 06
2723 2375 2790 2428 16
2844 2375 3039 2432 ἐαυτοῦ
3091 2376 3251 2446 μόνον
3305 2372 3631 2436 σκοποῦντα,
3673 2370 3814 2426 ἀλλά

2229 2465 2408 2519 πάντα
2464 2465 2722 2520 ποιοῦντα
2773 2467 2867 2519 καὶ
2913 2465 3458 2537 πραγματευόμενον,
3518 2464 3661 2517 ὥστε
3720 2465 3814 2516 καὶ

2227 2557 2435 2609 ἐκεῖνον
2466 2557 2567 2627 τῆς
2587 2557 2796 2627 πλάνης
2821 2557 3148 2625 ἀπαλλάξαι.
3170 2557 3263 2610 καὶ
3288 2557 3421 2626 πρὸς
3433 2556 3530 2626 τὴν
3551 2555 3813 2627 ἀλήθειαν

2227 2647 2615 2714 ἐπαναγαγεῖν.
2649 2648 2832 2704 Εἰπὼν
2860 2651 2990 2722 γὰρ,
3026 2650 3179 2704 Οὐδὲ
3200 2649 3357 2719 φοϐῇ
3389 2648 3494 2702 τὸν
3521 2647 3670 2703 Θεὸν
3704 2647 3809 2706 σὺ.

2229 2740 2532 2810 ἐπήγαγεν,
2563 2741 2685 2794 ’Ὁτι
2707 2743 2777 2795 ἐν
2805 2743 2886 2809 τῷ
2917 2742 3077 2808 αὐτῷ
3117 2745 3352 2813 κρίματι
3390 2745 3578 2813 ἐσμεν.
3611 2740 3813 2794 Σκόπει

2227 2829 2615 2904 ἐξομολόγησιν
2637 2835 3072 2908 ἀπηρτισμένην.
3097 2837 3162 2888 Τί
3187 2839 3359 2900 ἐστιν,
3403 2836 3498 2888 Ἐν
3539 2832 3621 2900 τῷ
3652 2831 3812 2899 αὐτῷ

2229 2925 2469 2993 κρίματι
2523 2929 2726 2998 ἐσμεν;
2795 2927 2884 2980 Ἑν
2917 2930 2981 2997 τῇ
3014 2930 3176 2998 αὐτῇ,
3228 2927 3380 2997 φησὶ,
3424 2926 3677 2980 κολάσει·
3721 2924 3814 2978 καί

2229 3019 2388 3088 ἡμεῖς
2413 3017 2520 3092 γὰρ
2557 3021 2614 3071 ἐν
2638 3019 2854 3092 σταυρῷ
2884 3021 3073 3090 ἐσμεν.
3118 3021 3353 3073 Ἐκεῖνον
3403 3019 3583 3074 τοίνυν
3624 3017 3816 3071 ὀνειδί-

2229 3111 2357 3176 ζων,
2415 3112 2609 3165 σαυτὸν
2656 3113 2763 3183 πρὸ
2818 3112 3026 3164 ἐκείνου
3063 3111 3278 3181 βάλλεις
3333 3113 3452 3174 ταῖς
3499 3109 3812 3181 λοιδορίαις.

2231 3201 2446 3273 ’Ὥσπερ
2480 3198 2572 3254 οῦν
2601 3204 2630 3254 ὁ
2663 3204 2721 3256 ἐν
2753 3204 3146 3275 ἁμαρτήμασιν
3167 3202 3263 3267 ὣν,
3302 3203 3396 3255 καὶ
3423 3203 3610 3272 ἕτερον
3644 3219 3816 3254 κατα-

2229 3292 2486 3357 δικάζω-θ,
2514 3293 2707 3346 ἐαυτὸν
2746 3294 2854 3366 πρὸ
2881 3293 3091 3347 ἐκείνου
3125 3293 3512 3357 καταδικάζει·
3554 3289 3699 3344 οὕτω
3720 3289 3817 3343 καὶ

2230 3387 2258 3439 ὁ
2292 3387 2350 3438 ἐν
2382 3388 2638 3457 συμφορᾷ
2679 3385 2753 3438 ὣν
2780 3426 2794 3450 ,
2837 3387 2931 3439 καὶ
2965 3385 3238 3451 ὀνειδίζων
3282 3385 3464 3456 ἐτέρου
3504 3382 3813 3454 συμφορὰν,

2232 3477 2423 3530 ἑαυτὸν
2451 3477 2558 3548 πρὸ
2584 3479 2792 3531 ἐκείνου
2821 3476 3092 3541 ὀνειδίζει.
3141 3478 3238 3530 Ἐν
3269 3475 3350 3542 τῷ
3373 3475 3530 3540 αὐτῷ
3551 3475 3816 3544 κρίματι,

2233 3571 2416 3640 φησὶν,
2454 3570 2640 3640 ἐσμέν.
2677 3570 3058 3624 Ἀποστολικὸν
3075 3569 3224 3639 αὐτῷ
3247 3570 3410 3640 νόμον
3425 3567 3815 3637 ἀναγινώσκει,

2231 3660 2565 3730 εὐαγγελικὰ
2595 3665 2817 3732 ῥήματα
2844 3662 3070 3730 λέγοντα
3097 3680 3108 3692 ·
3155 3660 3250 3728 Μὴ
3290 3661 3540 3730 κρίνετε,
3581 3660 3683 3712 ἵνα
3725 3658 3815 3727 μὴ

2232 3755 2495 3825 κριθῆτε.
2520 3756 2650 3810 Ὅτι
2683 3757 2754 3811 ἐν
2773 3756 2854 3823 τῷ
2877 3755 3037 3821 αὐτῷ
3054 3757 3293 3824 κρίματι
3312 3758 3497 3824 ἐσμεν.
3526 3754 3591 3806 Τί
3621 3756 3814 3815 ποιεῖς,

2231 3843 2277 3900 ὦ
2303 3849 2506 3920 λῃστάς
2556 3849 2813 3904 κοινωνὸν
2874 3849 3028 3920 ὑμῶν
3067 3849 3228 3903 αὐτὸν
3268 3849 3440 3910 ποιεῖς
3471 3846 3665 3914 λέγων,
3713 3846 3819 3899 Ἐν

2231 3939 2311 4005 τῷ
2337 3941 2497 4007 αὐτῷ
2540 3943 2779 4012 κρίματι
2811 3944 3013 4014 ἐσμεν;
3047 3943 3203 4013 Οὐχὶ,
3259 3944 3457 4015 φησίν·
3494 3943 3685 4009 ἐπάγω
3716 3938 3818 4009 τὴν

2231 4035 2517 4105 διόρθωσιν
2549 4035 2638 4089 6:6
2661 4036 2769 4089 τῶν
2803 4035 2966 4106 ἑξῆς·
3019 4038 3128 4092 Καί
3170 4038 3342 4108 ἡμεῖς
3371 4038 3507 4106 μὲν,
3539 4035 3693 4108 φησὶ,
3728 4034 3819 4088 δι-

2231 4131 2413 4194 καίως
2433 4145 2445 4158 ·
2472 4129 2612 4193 ἀξια
2641 4130 2750 4199 γὰρ
2771 4125 2859 4184 ὧν
2886 4129 3258 4200 ἐποιήσαμεν
3289 4128 3812 4199 ἀπολαμϐάνομεν.

2235 4219 2354 4272 Ἵνα
2383 4219 2492 4290 γὰρ
2534 4220 2609 4291 μὴ
2635 4220 2874 4284 ἀκούσας
2905 4221 2987 4274 61:
3013 4217 3190 4289 εἶπεν,
3241 4224 3338 4276 Ἐν
3364 4220 3444 4287 τῷ
3485 4218 3642 4285 αὐτῷ
3690 4220 3822 4286 κρῖ-

2227 4311 2372 4379 ματί
2409 4312 2576 4382 ἐσμεν
2597 4355 2611 4378 ,
2657 4314 2887 4388 νομίσῃς
2921 4316 3004 4369 ὅτι
3033 4314 3291 4369 κοινωνὸν
3315 4314 3479 4367 αὑτὸν
3507 4313 3605 4384 τῆς
3635 4314 3822 4383 ἀμαρ-

2232 4400 2354 4464 τίας
2392 4401 2640 4472 ἐποίησε,
2679 4403 2768 4456 διὰ
2797 4404 2957 4458 τοῦτο
2987 4406 3234 4476 ἐπήγαγε
3263 4401 3361 4475 τὴν
3383 4401 3688 4473 διόρθωσιν,
3723 4402 3821 4456 καί

2236 4509 2403 4563 φησιν
2427 4506 2444 4522 ⁹
2495 4490 2693 4565 Ἡμεῖς
2740 4493 2861 4565 μὲν
2900 4494 3142 4562 δικαίως
3161 4513 3174 4525 ·
3211 4494 3288 4560 ἄξ
3292 4513 3350 4548 ια
3371 4494 3481 4564 γὰρ
3499 4488 3587 4547 ὧν
3613 4493 3822 4559 ἐποιή-

2235 4599 2432 4654 σαμεν
2452 4586 2978 4656 ἀπολαμϐάνομεν.
3005 4581 3160 4650 Εἶδες
3189 4585 3575 4656 ἐξομολόγησιν
3610 4584 3823 4638 τελείαν

2238 4680 2297 4730 ἐν
2323 4678 2574 4750 σ-ταυρῷ;
2602 4675 2741 4743 εἶδες
2783 4679 2901 4742 πῶς
2949 4678 3248 4749 ἀπενίψατο
3291 4678 3378 4732 διὰ
3415 4678 3522 4730 τῶν
3559 4677 3824 4748 ῥημάτων

2234 4767 2305 4821 τὰ
2327 4769 2731 4840 ἀμαρτήματα;
2757 4766 2894 4834 εἶδες
2918 4770 3034 4833 πῶς
3065 4770 3379 4841 ἐπλήρωσεν
3405 4772 3579 4824 ἐκεῖνο
3600 4770 3661 4822 16
3691 4787 3824 4840 προ-

2238 4861 2466 4931 φητικὸν
2526 4863 2894 4934 παράγγελμα
2916 4880 2930 4896 ·
2966 4864 3115 4934 Λέγε
3146 4864 3227 4918 σὺ
3270 4865 3378 4930 τὰς
3424 4863 3674 4933 ἀνομίας
3705 4880 3824 4918 σου

2237 4951 2468 5020 πρῶτος
2488 4993 2502 5017 ,
2541 4955 2641 5007 ἵνα
2677 4954 3032 5024 δικαιωθῇς;
3065 4956 3255 5020 Οὐδεὶς
3289 4957 3453 5010 αὐτὸν
3485 4957 3824 5027 ἠνάγκασεν,

2237 5043 2411 5106 οὐδεὶς
2459 5045 2855 5116 κατηγόρησεν,
2901 5045 3077 5110 οὐδεὶς
3130 5046 3382 5099 ἐπέθετο·
3408 5046 3572 5109 αὐτὸς
3625 5045 3824 5100 ἐαυτοῦ

2239 5140 2540 5210 κατήγορος
2587 5139 2822 5206 γίνεται·
2878 5138 2968 5192 6:6
3025 5138 3184 5192 τοῦτο
3212 5139 3402 5192 οὐδένα
3455 5138 3640 5192 λοιπὸν
3678 5133 3827 5208 εἶχεν

2237 5231 2426 5301 ἕτερον
2453 5232 2779 5302 κατήγορον.
2815 5230 3109 5303 Προλαϐὼν
3158 5230 3265 5303 γάρ
3291 5231 3510 5302 ἥρπασε
3537 5231 3639 5302 τὴν
3672 5232 3828 5295 τάξιν

2236 5321 2330 5375 τοῦ
2348 5323 2680 5393 κατηγόρου,
2698 5322 2792 5375 καὶ
2815 5324 3004 5378 ἐαυτὸν
3027 5323 3370 5394 ἐστηλίτευσε
3394 5321 3570 5390 λέγων
3592 5339 3604 5352 ·
3633 5323 3829 5392 Ἡμεῖς

2235 5416 2506 5483 δικαίως·
2533 5416 2673 5481 ἄξια
2701 5416 2810 5487 γὰρ
2825 5412 2912 5470 ὧν
2929 5417 3271 5487 ἐπράξαμεν
3297 5415 3825 5487 ἀπολαμϐάνομεν·

2238 5505 2414 5575 οὗτος
2437 5509 2505 5562 δὲ
2537 5510 2719 5563 οὐδὲν
2757 5510 2985 5563 ἄτοπον
3015 5509 3297 5578 ἔπραξεν.
3354 5504 3508 5572 Εἶδες
3534 5510 3828 5569 εὐλάϐειαν

2239 5603 2639 5672 ἐπιτεταμένην
2664 5621 2678 5669 ;
2706 5604 2835 5656 Ὅτε
2864 5603 2926 5674 δὴ
2951 5606 3330 5675 κατηγόρησεν
3354 5603 3569 5664 ἑαυτοῦ,
3626 5605 3719 5658 ὅτε
3744 5605 3828 5671 ἐξ-

2241 5696 2563 5768 επόμπευσε
2617 5695 2767 5769 [417]
2812 5697 2882 5750 16
2931 5697 3051 5750 καθ’
3083 5698 3291 5764 ἑαυτὸν,
3332 5698 3420 5750 ὅτε
3446 5697 3825 5770 ἀπελογήσατο

2242 5790 2382 5860 ὑπὲρ
2420 5789 2512 5843 τοῦ
2541 5790 2809 5843 Δεσπότου
2835 5789 3024 5854 εἰπὼν,
3057 5791 3138 5844 ὄτι
3179 5791 3373 5860 Ἡμεῖς
3410 5791 3531 5860 μὲν
3556 5791 3820 5854 δικαίως.

2243 5877 2420 5948 οὗτος
2448 5880 2514 5935 δὲ
2548 5881 2728 5936 οὐδὲν
2751 5883 2978 5938 ἄτοπον
2999 5883 3247 5951 ἔπραξε·
3279 5881 3398 5935 τότε
3441 5886 3533 5937 καὶ
3579 5884 3678 5954 τὴν
3713 5881 3825 5932 ἱκε-
