4066 6392
292 422 383 475 ιιιι

296 539 445 592 illum
470 544 527 589 ut
546 533 611 588 ad
634 531 913 588 duodecim
933 529 1218 599 discipulus
1238 569 1252 592 ,
1294 527 1540 582 Sedebilis
1569 540 1716 594 super
1743 524 1873 576 duo-

297 629 457 681 decim
484 627 627 680 sedes
646 666 661 692 ,
691 625 975 693 iudicantes
1009 620 1271 673 duodecim
1304 619 1458 672 tribus
1482 616 1641 671 Israel
1663 614 1877 687 (Matth.

302 723 384 775 i9.
417 718 531 787 28).
583 718 746 771 Plane
773 731 901 770 vero
928 730 1097 782 neque
1125 712 1284 767 VClbt)
1313 711 1459 765 illum
1488 709 1729 779 dignatus
1760 715 1875 760 est:
1928 698 1939 714 ”

300 828 470 880 neque
498 809 750 864 miracula
794 807 964 867 vidit,
1010 821 1113 858 non
1156 812 1397 857 mortuos
1435 803 1722 862 excitatos,
1774 814 1879 851 non

300 904 572 955 daemones
598 901 868 970 expulsos,
899 912 1002 951 non
1037 910 1183 950 mare
1208 894 1431 965 imperio
1459 893 1574 962 ejus
1602 891 1877 959 obtempe-

300 1009 456 1061 rans,
506 1007 680 1063 neque
714 992 780 1047 de
825 1006 987 1057 regno
1033 1004 1153 1043 cum
1205 988 1293 1041 illo
1337 986 1495 1040 verba
1544 984 1666 1040 fecit
1697 1001 1709 1037 :
1741 983 1882 1037 unde

302 1098 478 1142 autem
520 1087 603 1140 vel
629 1085 774 1155 regni
804 1100 999 1138 nomen
1036 1082 1217 1136 novit?
1265 1080 1551 1133 Videamus
1576 1086 1768 1147 quanta
1798 1078 1881 1129 iu-

304 1181 592 1249 telligentia
624 1178 875 1247 praeditus
906 1177 1078 1230 fuerit.
1126 1173 1389 1229 Conviciis
1430 1170 1791 1225 insectabatur
1817 1168 1881 1221 il-

306 1273 414 1326 lum
440 1314 453 1335 ,
484 1272 687 1341 inquit,
720 1272 853 1324 alter
884 1270 1037 1323 latro.
1069 1268 1277 1322 Etenim
1305 1274 1357 1320 et
1385 1265 1518 1319 alter
1545 1264 1679 1317 latro
1708 1263 1885 1316 crnxi-

304 1364 440 1417 fixus
463 1371 594 1427 erat,
630 1373 686 1415 ut
716 1362 1023 1421 impleretur
1044 1358 1171 1412 illud
1202 1356 1474 1427 propheta:
1495 1356 1727 1409 dictum:
1753 1354 1885 1419 Quia

305 1471 418 1507 rum
444 1454 628 1519 iniquis
657 1464 914 1522 reputatus
934 1462 1005 1506 est
1033 1450 1182 1523 (lsai.
1211 1451 1299 1505 55.
1322 1448 1431 1520 η).
1462 1447 1720 1503 Volebant
1744 1462 1895 1501 nam-

309 1561 407 1615 que
437 1545 745 1614 insipientes
774 1543 943 1599 Judaei
971 1543 1190 1613 gloriam
1222 1541 1382 1597 etiam
1414 1540 1529 1608 ejus
1561 1538 1840 1593 traducere
1868 1553 1881 1590 :

307 1646 361 1692 et
387 1637 738 1705 undequaque
764 1635 827 1689 iis
848 1676 862 1700 ,
886 1650 1005 1705 qua:
1029 1633 1367 1697 accidebant,
1398 1630 1719 1684 insnltabant
1744 1644 1758 1693 ;
1792 1627 1885 1682 sed

309 1746 401 1797 per
429 1729 511 1782 illa
539 1729 715 1782 omnia
744 1727 979 1782 excrevit
1005 1726 1200 1780 veritas
1224 1765 1238 1787 ,
1270 1735 1323 1778 ot
1352 1738 1447 1793 per
1476 1724 1589 1791 ipsa
1613 1721 1886 1776 obstacula

309 1821 656 1892 splendidior,
678 1829 733 1876 et
757 1819 1085 1875 manifestior
1112 1819 1299 1873 evasit.
1330 1814 1741 1871 Conviciabatur
1760 1826 1889 1882 ergo

308 1914 357 1967 ei
376 1913 511 1966 alter
536 1911 668 1964 latro
696 1930 711 1966 :
734 1925 873 1965 unus
896 1923 1024 1964 vero
1050 1908 1494 1977 evangelistarum
1522 1905 1671 1969 dicit,
1700 1905 1886 1958 ambos

309 2003 359 2057 in
408 2002 586 2057 Jesum
637 2003 880 2057 convicia
925 2002 1120 2070 jecisse
1168 1999 1361 2071 (Marc.
1394 1999 1480 2053 15.
1509 1996 1644 2069 3‘2):
1682 2005 1737 2051 et
1786 1995 1891 2050 hoc

309 2112 488 2150 verum
518 2104 619 2158 est,
645 2106 698 2150 et
718 2097 945 2150 maxime
966 2094 1123 2163 hujus
1148 2094 1461 2163 probitatem
1482 2090 1725 2145 intendit.
1757 2089 1887 2143 Nam

311 2187 581 2253 probabile
638 2197 720 2240 est
757 2186 1018 2256 principio
1060 2184 1273 2255 quidem
1320 2184 1490 2253 ipsum
1537 2182 1888 2237 conviciatnm

310 2278 490 2344 fuisse,
522 2278 808 2346 derepente
829 2286 1004 2331 autem
1033 2284 1230 2329 tantam
1257 2276 1602 2328 mutationem
1630 2272 1886 2328 subiisse:

306 2372 701 2425 conviciabatur
720 2387 865 2441 ergo,
887 2371 1072 2440 inquit,
1096 2371 1228 2424 alter
1250 2369 1405 2431 latro.
1430 2367 1589 2421 Vides
1606 2368 1888 2429 latrunem,

308 2473 361 2517 ct
402 2462 704 2517 latronem?
749 2463 906 2515 ambo
933 2462 984 2514 in
1011 2476 1168 2515 cruce
1193 2501 1208 2526 ,
1250 2460 1407 2513 ambo
1436 2459 1502 2512 ab
1533 2457 1887 2526 improbitate,

309 2554 463 2607 ambo
488 2568 516 2606 a
545 2553 647 2607 vita
673 2552 984 2623 praedatoria
1011 2552 1206 2621 arrepti
1232 2592 1244 2613 ,
1274 2550 1368 2604 sed
1404 2564 1506 2603 non
1533 2548 1690 2602 ambo
1716 2549 1766 2601 in
1796 2548 1889 2600 iis-

308 2643 425 2696 dem
457 2663 468 2695 :
502 2660 620 2697 nam
649 2644 783 2697 alter
811 2658 1032 2712 regnum
1063 2642 1217 2696 lieres
1244 2642 1403 2705 adiit,
1436 2641 1573 2694 alter
1602 2641 1653 2693 in
1692 2639 1891 2708 gehen-

309 2752 427 2789 nam
457 2736 718 2791 demissus
744 2746 841 2789 est.
874 2735 944 2788 lta
974 2743 1028 2788 et
1052 2735 1161 2788 lteri
1194 2732 1487 2802 discipulus
1532 2741 1584 2786 et
1608 2730 1890 2799 discipuli:

306 2829 397 2881 sed
432 2828 520 2880 ille
547 2828 609 2880 ad
638 2828 990 2897 proditionem
1018 2826 1412 2894 accingebatur,
1444 2825 1528 2877 isti
1556 2824 1621 2877 ad
1652 2824 1891 2876 ministe-

308 2919 444 2972 rium
470 2934 587 2974 sese
612 2920 981 2990 przeparabant
1009 2936 1021 2972 :
1053 2919 1140 2973 ille
1162 2919 1442 2972 Phariszcis
1469 2917 1679 2971 dicebat
1709 2934 1722 2969 :
1757 2916 1892 2981 Quid

309 3012 455 3065 uultis
482 3012 604 3063 mihi
635 3012 756 3064 dare
777 3053 789 3076 ,
833 3021 879 3064 et
916 3027 1005 3081 ego
1027 3027 1139 3063 eum
1165 3010 1301 3063 vobis
1338 3009 1533 3061 tradam
1560 3007 1766 3079 (Matth.
1797 3007 1887 3062 26.

308 3103 395 3157 15.
428 3112 473 3155 et
497 3104 631 3174 i7)?
680 3103 765 3157 isti
805 3103 1130 3157 accedebant
1171 3101 1235 3155 ad
1274 3100 1453 3155 Jesum
1482 3101 1759 3154 dicentes:
1793 3098 1891 3153 Ubi

306 3198 379 3250 vis
417 3213 648 3265 paremus
676 3196 764 3249 tibi
804 3198 1111 3249 manducare
1155 3192 1398 3247 Pascha?
1439 3191 1513 3246 Ita
1542 3201 1597 3247 et
1621 3192 1706 3245 hic
1730 3191 1885 3254 latro,

305 3299 361 3344 et
386 3291 519 3344 latro
551 3309 565 3345 :
596 3300 649 3343 at
678 3290 765 3345 ille
794 3289 1208 3353 conviciabatur,
1242 3287 1326 3340 hic
1353 3284 1675 3340 convicianti
1704 3299 1764 3338 os
1790 3283 1888 3338 ob-

305 3385 488 3449 struit;
538 3384 628 3438 ille
666 3383 998 3452 blasphemat
1023 3423 1037 3442 ,
1080 3382 1165 3435 hic
1194 3394 1319 3434 vero
1348 3380 1624 3449 objurgat;
1659 3388 1711 3431 et
1750 3376 1885 3441 haac,

305 3492 424 3529 eum
451 3476 715 3545 aspiceret
739 3475 887 3530 illum
919 3474 1235 3530 crucifixum
1265 3513 1280 3537 ,
1310 3471 1722 3524 condemnatum
1741 3511 1754 3534 ,
1786 3484 1883 3537 po-

309 3566 488 3634 pulum
520 3565 654 3620 infra
680 3565 1086 3629 conviciantem,
1113 3563 1298 3633 grandi
1327 3576 1457 3615 voce
1486 3562 1884 3622 vociferantem,

304 3657 399 3711 sed
428 3666 602 3711 tamen
632 3656 765 3711 nihil
791 3656 979 3710 horum
1010 3655 1157 3709 illum
1184 3664 1542 3708 transversum
1570 3654 1677 3721 egit
1698 3695 1710 3713 ,
1746 3662 1836 3704 aut
1856 3667 1885 3705 a

302 3750 655 3804 conveniente
684 3749 1077 3804 existimatione
1123 3747 1385 3812 abduxit,
1432 3745 1525 3799 sed
1569 3755 1623 3799 et
1659 3745 1884 3798 alterum

305 3841 563 3895 latronem
592 3843 823 3911 graviter
848 3842 1113 3910 increpat,
1146 3840 1229 3895 his
1252 3839 1319 3894 ad
1343 3840 1489 3893 illum
1513 3838 1692 3893 verbis
1724 3854 1881 3892 usus:

302 3932 484 4005 Neque
509 3942 562 3985 tu
588 3937 727 3987 times
751 3932 954 3988 Deum?
1470 3980 1473 3983 ,

374 4026 427 4078 5.
455 4024 647 4079 Vidisti
677 4026 973 4080 libertatem
1005 4024 1226 4078 latronis
1246 4022 1270 4076 ’ἶ
1306 4022 1479 4076 vidisti
1505 4021 1773 4091 quomodo
1794 4036 1886 4074 ne-

303 4131 406 4185 que
433 4116 486 4170 in
524 4131 681 4171 cruce
725 4117 852 4170 artis
900 4131 1011 4169 sua:
1052 4115 1379 4169 obliviscitur
1408 4154 1422 4179 ,
1465 4113 1557 4167 sed
1589 4128 1685 4182 per
1713 4112 1880 4181 ipsam

300 4207 690 4262 confessionem
708 4208 972 4278 prmdatur
988 4222 1205 4277 regnum
1235 4209 1256 4260 ‘l
1273 4205 1451 4276 Neque
1464 4216 1518 4259 tu
1532 4208 1675 4261 times
1693 4205 1886 4259 Deum?

301 4300 493 4370 inquit.
526 4300 712 4355 Vidisti
754 4302 1051 4355 libertatem
1088 4300 1141 4355 in
1180 4313 1338 4354 cruce
1366 4339 1380 4362 ,
1421 4298 1600 4353 vidisti
1646 4297 1884 4367 philoso-

299 4391 477 4462 phiam
495 4434 510 4459 ,
540 4393 713 4447 vidisti
761 4392 1150 4447 reverentiam?
1178 4391 1327 4459 Quod
1353 4392 1495 4446 enim
1517 4389 1616 4445 sibi
1645 4404 1883 4459 praesens

298 4480 457 4536 fuerit
478 4483 618 4554 quod
650 4484 715 4539 de
737 4493 877 4537 statu
905 4483 1099 4537 mentis
1128 4498 1234 4537 non
1274 4483 1511 4551 dejectus
1540 4524 1555 4547 ,
1588 4480 1690 4537 etsi
1719 4481 1884 4536 clavis

299 4574 510 4639 affixus,
527 4575 920 4644 immensosque
944 4576 1209 4629 cruciatus
1229 4589 1293 4629 ex
1320 4575 1481 4627 clavis
1498 4585 1643 4627 ortos
1668 4587 1882 4642 perpes-

298 4679 391 4721 Sus
415 4685 426 4718 :
447 4681 512 4719 an
542 4682 647 4720 non
675 4682 794 4720 cum
825 4666 1074 4720 admirari
1097 4681 1303 4735 :cquum
1328 4676 1407 4719 est
1440 4708 1453 4726 ,
1485 4664 1556 4718 ob
1587 4677 1690 4719 tam
1720 4680 1882 4735 gene-

296 4772 475 4810 rosam
504 4758 667 4812 animi
708 4758 1109 4812 constantiam?
1149 4757 1263 4812 Non
1294 4758 1464 4812 solum
1496 4757 1704 4826 dignum
1728 4758 1882 4812 dixe-

297 4849 398 4903 rim
427 4863 583 4918 quem
614 4849 1063 4913 admiremur,sed
1082 4865 1237 4919 quem
1266 4848 1478 4903 beatum
1509 4849 1875 4917 przedicemus.

296 4940 508 4997 Etenim
535 4958 640 4996 non
664 4944 832 4998 solum
864 4959 967 4997 non
990 4944 1298 4997 advertebat
1329 4952 1557 4996 mentem
1583 4942 1646 4995 ad
1674 4946 1880 4997 crucia-

293 5045 382 5089 tus
414 5076 426 5097 ,
460 5035 554 5089 sed
590 5035 837 5089 omnibus
866 5036 976 5089 suis
1002 5035 1232 5099 relictis,
1264 5050 1349 5087 res
1377 5034 1595 5087 alterius
1621 5034 1873 5088 curabat:

292 5140 344 5181 et
391 5137 449 5181 ut
476 5127 621 5181 illum
648 5128 714 5181 ab
739 5142 922 5182 errore
952 5127 1216 5195 eriperet,
1260 5134 1314 5179 et
1359 5126 1611 5195 magister
1655 5125 1771 5193 ejus
1822 5127 1872 5179 in

290 5238 451 5276 cruce
482 5224 652 5286 fieret,
684 5221 826 5273 omni
854 5236 954 5290 ope
985 5220 1248 5274 studebat.
1289 5217 1401 5271 Nec
1428 5229 1481 5271 tu
1503 5221 1643 5270 times
1675 5218 1876 5271 Deum?

292 5313 482 5379 inquit.
512 5311 737 5365 Tantum
762 5327 866 5364 non
896 5312 959 5364 ad
990 5311 1136 5364 illum
1163 5311 1289 5364 dicit
1314 5329 1326 5364 :
1351 5309 1427 5363 Nc
1444 5310 1612 5363 solum
1630 5310 1874 5363 attendas
1928 5368 1933 5375 _

287 5406 353 5458 ad
385 5404 433 5457 id
459 5404 598 5473 quod
620 5404 756 5472 apud
787 5404 1031 5457 homines
1059 5414 1138 5457 est
1169 5405 1415 5467 tribunal,
1455 5421 1520 5458 ne
1547 5420 1611 5459 ex
1640 5403 1724 5469 iis,
1755 5420 1874 5473 qua:

289 5495 439 5549 vides
466 5511 580 5549 rem
611 5497 845 5549 azstimes
869 5511 882 5559 ;
916 5513 981 5549 ne
1009 5511 1068 5548 ea
1097 5511 1211 5563 ane
1245 5495 1375 5548 fiunt
1399 5496 1763 5549 tantummodo
1789 5496 1871 5550 in-

289 5588 520 5641 tuearis:
563 5596 646 5641 est
670 5588 805 5641 alius
845 5588 1001 5656 judex
1049 5587 1323 5642 invisibilis
1353 5630 1366 5651 ,
1409 5590 1771 5657 incorruptum
1819 5598 1872 5643 et

286 5681 553 5733 sincerum
572 5680 779 5748 estcjus
810 5680 1058 5746 tribmial,
1084 5695 1181 5733 nec
1214 5679 1385 5747 decipi
1420 5689 1511 5733 aut
1554 5692 1583 5734 a
1630 5696 1755 5735 vero
1774 5681 1870 5735 de-

287 5770 427 5824 flecti
457 5780 650 5840 potest.
683 5770 759 5824 Ne
781 5779 834 5825 te
865 5777 1083 5825 moveat
1103 5807 1120 5832 ,
1157 5770 1295 5839 quod
1325 5770 1457 5825 infra
1480 5772 1867 5827 condemnatus

285 5872 366 5917 est
387 5900 405 5927 ,
428 5862 521 5915 sed
540 5877 654 5930 quae
677 5877 832 5931 supra
858 5871 997 5927 sunt,
1033 5876 1090 5915 ea
1124 5862 1245 5915 talia
1275 5876 1377 5917 non
1408 5872 1547 5917 sunt.
1591 5863 1865 5933 lnjudicio

1330 422 1415 473 DE
1456 419 1679 474 CRUCE
1720 418 1806 474 ET
1847 415 2186 472 LATRONE.
2232 418 2458 475 llOiLL.
2510 419 2569 474 ll.

3463 405 3568 478 iis

1988 526 2129 579 enim
2168 529 2309 597 quod
2350 530 2437 584 hic
2472 531 2676 597 agitur,
2711 547 2851 602 smpe
2897 535 3055 589 etiam
3092 535 3398 591 innocentes
3434 551 3567 591 cuu-

1987 619 2323 685 demnantur,
2354 635 2409 678 et
2439 637 2692 680 nocentes
2716 627 3055 683 dimittuntur
3077 670 3091 691 ,
3116 630 3243 696 justi
3274 633 3442 699 [uenis
3469 630 3566 685 ad-

1987 712 2239 769 dicuntur
2264 756 2277 779 ,
2306 725 2360 770 et
2381 717 2559 786 injusti
2595 718 2870 789 effugiunt.
2904 722 2969 776 Et
2999 723 3237 793 plerique
3264 726 3566 778 mortalium

1982 802 2177 872 judicia
2203 817 2549 876 corrumpunt
2577 812 3043 879 partimlubentes.
3076 814 3264 883 partim
3304 815 3566 870 nolentes.

1993 894 2084 949 Vel
2112 896 2251 950 enim
2272 896 2361 967 jus
2386 909 2438 953 et
2470 900 2543 954 fas
2574 902 2895 971 ignorantes,
2927 914 2979 957 et
3003 904 3207 973 decepti
3230 948 3244 969 ,
3273 906 3353 959 vel
3384 906 3572 961 viden-

1991 993 2070 1040 tes
2096 988 2330 1055 quidem,
2364 992 2602 1059 pecuniis
2628 1008 2756 1047 vero
2781 996 3014 1064 corrupti
3055 996 3400 1065 prodiderunt
3425 998 3567 1052 veri-

1991 1088 2150 1133 tatem
2182 1123 2195 1147 ,
2244 1091 2295 1134 et
2319 1091 2503 1137 contra
2531 1085 2838 1140 innocentes
2865 1090 3181 1141 sententiam
3220 1090 3471 1143 tulerunt.
3500 1091 3573 1143 At

1990 1186 2147 1241 supra
2178 1172 2308 1226 nihil
2340 1172 2528 1228 horum
2558 1175 2727 1229 locum
2758 1176 2935 1231 habet.
2960 1177 3091 1231 Nam
3122 1179 3259 1233 Deus
3274 1178 3437 1249 judex
3479 1179 3569 1247 jn-

1990 1271 2103 1315 Stus
2128 1272 2228 1325 est,
2261 1272 2315 1318 et
2340 1263 2592 1332 judicium
2621 1266 2735 1334 ejus
2772 1276 2827 1319 ut
2851 1266 3027 1321 lumen
3056 1268 3357 1338 egredietur
3387 1289 3398 1323 :
3424 1279 3575 1324 tene-

1994 1352 2102 1406 bris
2123 1365 2289 1421 caret,
2313 1355 2482 1408 nullas
2515 1346 2674 1411 habet
2704 1358 2933 1412 latebras
2959 1399 2975 1423 ,
3032 1374 3132 1414 nec
3172 1361 3278 1414 ullo
3320 1361 3478 1416 modo
3505 1361 3574 1416 de

1992 1452 2132 1498 recta
2165 1446 2351 1499 semita
2383 1446 2538 1516 dejici
2568 1457 2761 1516 potest.
2794 1449 2870 1503 Ne
2894 1451 3035 1504 enim
3068 1451 3158 1505 ille
3182 1450 3571 1523 diceret,Apud

1992 1534 2238 1589 homines
2266 1536 2370 1604 jam
2401 1538 2788 1593 condemnatus
2812 1548 2913 1600 est.
2945 1542 3071 1609 quid
3101 1543 3149 1595 ei
3178 1542 3570 1609 patrocinaris.’

1993 1626 2141 1679 duxit
2163 1644 2284 1681 eum
2315 1628 2382 1681 ad
2408 1644 2698 1697 supernum
2720 1631 2976 1699 judicium
3010 1672 3024 1697 ,
3056 1633 3121 1685 ad
3168 1633 3403 1687 terribile
3444 1634 3573 1687 illud

1995 1718 2259 1783 tribunal,
2287 1719 2351 1773 ad
2395 1718 2565 1773 forum
2614 1721 2741 1775 illud
2773 1722 3134 1791 incorruptum
3158 1764 3171 1786 ,
3203 1723 3269 1777 ad
3293 1723 3524 1791 judicem
3555 1765 3571 1788 ,

1992 1822 2150 1877 quem
2179 1809 2338 1863 nullis
2357 1810 2649 1865 rationibus
2677 1811 2729 1864 in
2757 1826 2991 1865 errorem
3016 1812 3266 1867 inducere
3294 1814 3448 1868 licet:
3480 1830 3571 1869 re—

1994 1900 2203 1954 vocavit
2245 1900 2292 1954 ei
2344 1901 2393 1953 in
2440 1903 2751 1955 memoriam
2786 1902 3118 1957 tremendum
3146 1903 3572 1973 illudjudicittm.

1995 1990 2074 2045 Eo
2103 2033 2117 2056 ,
2148 1992 2318 2061 inquit
2348 2033 2363 2057 ,
2392 1993 2599 2061 respice
2630 2034 2644 2057 ,
2689 2003 2743 2046 et
2784 2008 2889 2048 non
2932 1996 3072 2048 feres
3117 1994 3578 2049 condemuationis

1995 2082 2311 2161 sententiam
2333 2122 2348 2143 ,
2387 2098 2560 2151 neque
2607 2081 2740 2137 infra
2766 2099 2886 2137 cum
2912 2082 3185 2137 hominum
3215 2084 3364 2138 turba
3396 2085 3577 2138 consi-

1994 2186 2123 2239 SIes,
2152 2176 2247 2230 sed
2273 2176 2623 2231 admiraberis
2648 2188 2703 2232 et
2721 2177 3039 2247 approbabis
3064 2177 3318 2246 judicium
3337 2177 3575 2232 czcleste.

1996 2269 2176 2337 Neque
2216 2281 2269 2324 tu
2308 2272 2449 2325 times
2490 2270 2695 2326 Deum?
2735 2272 2923 2341 inquit.
2967 2271 3153 2325 Vidisti
3186 2271 3576 2341 philosophiam

1996 2362 2219 2416 latronis
2238 2406 2250 2425 ,
2280 2364 2453 2417 vidisti
2481 2364 2807 2418 intellectum
2838 2404 2853 2427 ,
2884 2363 3060 2416 vidisti
3087 2361 3419 2416 doctrinam?
3446 2376 3579 2414 cou-

1998 2452 2173 2507 fcstim
2226 2469 2257 2507 a
2310 2469 2468 2509 cruce
2517 2454 2583 2507 ad
2635 2456 2821 2508 cmlum
2855 2453 3095 2508 tetendit.
3131 2452 3263 2508 Vide
3311 2453 3580 2522 quomodo

1994 2545 2336 2612 apostolicam
2358 2545 2526 2614 legem
2552 2545 2788 2614 impleat,
2818 2560 2916 2599 nec
2942 2560 3035 2599 sua
3066 2554 3265 2598 tantum
3288 2554 3459 2610 curet,
3485 2544 3579 2598 sed

1995 2637 2172 2687 oniiuia
2201 2636 2360 2689 faciat
2384 2648 2439 2689 et
2468 2638 2734 2701 moliatur,
2766 2646 2821 2690 ut
2845 2638 3071 2691 altermn
3099 2637 3166 2691 ab
3191 2652 3375 2692 errore
3403 2638 3581 2695 exsol-

1996 2738 2080 2780 vat
2104 2736 2155 2781 et
2173 2728 2239 2782 ad
2269 2729 2543 2783 veritatem
2574 2728 2832 2782 traducat.
2863 2728 2995 2782 Cum
3017 2729 3159 2783 enim
3191 2729 3449 2791 dixisset,
3475 2727 3584 2782 Ne-

1994 2836 2088 2887 que
2109 2831 2161 2873 tu
2192 2822 2336 2873 times
2358 2820 2516 2873 Deum
2537 2823 2562 2874 ?
2586 2820 2789 2875 addidit
2811 2840 2824 2875 :
2846 2822 2979 2885 Quia
2996 2822 3047 2873 in
3065 2820 3237 2874 eadem
3263 2820 3583 2874 damnatione

1999 2928 2183 2967 sumus
2215 2911 2367 2981 (Luc.
2399 2912 2490 2967 ‘23.
2521 2912 2631 2981 40).
2675 2912 2963 2966 Considera
2990 2910 3385 2966 confessionem
3413 2912 3577 2964 abso-

1996 3006 2181 3059 lutam.
2200 3006 2335 3072 Quid
2362 3015 2461 3069 est,
2494 3005 2557 3058 In
2582 3006 2756 3059 cadent
2788 3005 3113 3058 damnatione
3137 3007 3361 3059 sumus?
3393 3004 3447 3057 In
3480 3020 3577 3059 ea-

1993 3098 2163 3163 dem,
2198 3100 2610 3168 inquit,pcena;
2644 3114 2765 3152 nam
2817 3107 2869 3152 et
2916 3113 3012 3152 nos
3063 3099 3113 3151 in
3165 3113 3324 3152 crucc
3374 3114 3576 3153 sumus.

1996 3190 2136 3258 Ergo
2178 3204 2297 3243 cum
2328 3191 2473 3243 illum
2519 3190 2821 3258 opprobriis
2864 3189 3070 3259 appetis
3104 3232 3119 3255 ,
3162 3192 3387 3259 teipsmn
3435 3192 3582 3260 prius

1992 3282 2245 3335 conviciis
2276 3283 2516 3336 incessis.
2538 3282 2993 3347 Quemadmodum
3028 3283 3183 3351 igitur
3233 3284 3306 3346 is,
3349 3285 3435 3353 qui
3463 3300 3583 3352 pec-

1993 3374 2127 3427 catis
2164 3373 2453 3427 obstrictus
2491 3375 2717 3427 alterum
2766 3374 3088 3427 condemnat
3115 3415 3129 3438 ,
3185 3389 3244 3428 so
3282 3385 3403 3428 ante
3433 3375 3581 3428 illum

1991 3465 2343 3520 condemnat:
2378 3465 2454 3519 sic
2506 3474 2559 3519 et
2612 3465 2655 3519 is
2703 3465 2790 3533 qui
2834 3465 3133 3519 calamitate
3182 3481 3399 3535 pressus
3428 3466 3580 3519 alteri

1990 3556 2346 3610 calamitatem
2374 3556 2691 3623 exprobrat,
2713 3557 2812 3609 sibi
2835 3557 2930 3625 ipsi
2956 3556 3102 3625 prius
3126 3572 3284 3625 quam
3305 3557 3458 3609 altari
3478 3572 3569 3610 ca-

1993 3648 2280 3702 lamitatem
2304 3648 2609 3716 exprobrat.
2638 3647 2702 3701 In
2727 3649 2900 3702 eadem
2930 3691 2944 3714 ,
2993 3649 3163 3719 inquit
3189 3690 3203 3712 ,
3253 3650 3581 3702 damnatione

1991 3756 2194 3793 sumus.
2235 3742 2588 3810 Apostolieam
2616 3742 2713 3811 ipsi
2744 3742 2910 3810 legem
2935 3741 3253 3809 cvangelicrc
3281 3756 3575 3796 consmiam

1990 3835 2213 3898 recitat;
2246 3833 2419 3888 Nolite
2431 3835 2669 3906 judicare
2693 3875 2708 3900 ,
2754 3846 2928 3887 utnon
2948 3834 3252 3902 jndicemini
3282 3834 3497 3903 (Matth.
3520 3836 3575 3888 7.

1992 3924 2068 3993 i).
2104 3924 2236 3986 Quia
2254 3926 2307 3979 in
2335 3926 2507 3979 eadem
2536 3924 2861 3978 damnatione
2890 3940 3093 3978 sumus.
3141 3924 3276 3992 Quid
3323 3925 3452 3979 facis
3476 3968 3490 3987 ,
3544 3944 3577 3980 υ

1990 4016 2163 4070 latro?
2191 4033 2313 4070 num
2357 4018 2519 4072 vestri
2568 4018 2877 4087 participem
2924 4017 3069 4071 illum
3102 4016 3231 4071 facis
3262 4060 3277 4085 ,
3310 4035 3429 4073 cum
3460 4021 3538 4072 ais
3560 4062 3577 4084 ,

1990 4110 2058 4165 In
2087 4111 2263 4165 eadem
2307 4112 2640 4165 damnatione
2681 4112 2902 4166 sumus?
2941 4111 3326 4183 Nequaquam,
3374 4116 3578 4184 inquit:

1989 4205 2201 4273 corrigo
2221 4204 2420 4258 dictum
2456 4220 2549 4272 per
2583 4218 2643 4258 ea
2670 4244 2683 4267 ,
2712 4220 2831 4274 quae
2870 4220 2996 4258 mox
3028 4215 3353 4274 sequuntur:
3389 4207 3452 4259 Et
3483 4224 3576 4260 nos

1987 4296 2209 4366 quidem,
2241 4296 2423 4366 inquit,
2450 4297 2592 4365 juste
2622 4296 2777 4366 digna
2804 4297 2935 4349 enim
2947 4297 3096 4366 factis
3122 4298 3389 4367 recipimus
3418 4298 3569 4367 (Luc.

1986 4391 2078 4445 25.
2106 4390 2220 4462 41).
2255 4388 2331 4444 Ne
2356 4391 2498 4443 enim
2530 4390 2735 4455 audito,
2765 4390 2905 4459 quod
2928 4389 3061 4445 dixit
3089 4431 3104 4456 ,
3132 4389 3202 4444 In
3223 4392 3397 4445 eadem
3424 4392 3574 4446 dam-

1988 4485 2189 4536 natione
2212 4497 2414 4541 sumus.
2438 4491 2669 4549 putares,
2694 4482 2833 4550 quod
2861 4482 3127 4536 Christum
3155 4483 3417 4538 scelerum
3449 4501 3576 4552 par-

1994 4574 2210 4643 ticipem
2258 4572 2504 4637 fecisset;
2538 4572 2656 4627 ideo
2681 4575 2916 4641 seipsum
2943 4573 3092 4643 quasi
3125 4575 3401 4645 corrigens
3422 4577 3573 4644 adje-

1986 4661 2101 4714 cit:
2151 4657 2263 4712 Nos
2304 4658 2504 4727 quidem
2527 4667 2704 4728 jnste:
2732 4675 2849 4711 nam
2883 4657 3039 4727 digna
3085 4659 3230 4728 factis
3276 4660 3570 4728 recipimus.

1986 4751 2147 4806 Vides
2173 4750 2563 4806 confeSsionem
2597 4750 2888 4819 perfectam
2927 4750 2979 4804 in
3022 4750 3223 4805 cruce?
3260 4751 3411 4807 vides
3440 4769 3574 4823 quo-

1987 4845 2146 4899 modo
2172 4846 2254 4901 his
2276 4846 2450 4900 verbis
2485 4854 2697 4910 peccata
2736 4859 2831 4899 sua
2862 4844 3090 4899 eluerit?
3119 4844 3271 4898 vides
3301 4848 3573 4916 quomodo

1986 4939 2351 5006 propheticum
2403 4936 2532 4990 illud
2566 4937 2829 4990 monitum
2875 4936 3212 5005 impleverit:
3245 4936 3341 4990 Dic
3378 4939 3574 5007 primus

1983 5040 2095 5083 tuas
2120 5029 2404 5099 iniquitates
2429 5069 2445 5093 ,
2473 5036 2527 5080 ut
2545 5028 2844 5097 justiﬁceris
2876 5028 2894 5098 (
2924 5025 3049 5081 [δαί.
3083 5027 3175 5082 45.
3201 5027 3271 5082 26
3301 5027 3366 5098 )?
3394 5028 3565 5083 Nemo

1985 5119 2129 5174 illum
2157 5120 2348 5187 coegit,
2380 5133 2540 5172 nemo
2569 5118 2874 5183 accusavit,
2919 5133 3076 5171 nemo
3101 5117 3326 5172 institit:
3354 5119 3467 5187 ipse
3489 5125 3570 5175 sui

1984 5213 2148 5281 ipsius
2182 5214 2237 5266 fit
2266 5221 2574 5267 accusator:
2612 5227 2710 5279 qua
2745 5210 2811 5264 de
2839 5226 2997 5264 causa
3030 5210 3081 5263 in
3127 5221 3400 5279 posterum
3424 5213 3568 5265 omni

1981 5318 2289 5362 accusatore
2315 5307 2506 5361 earuit.
2545 5307 2898 5359 Antevcrtcns
2921 5304 3061 5357 enim
3090 5313 3267 5372 partes
3290 5316 3569 5357 accusato-

1984 5401 2054 5452 ris
2080 5400 2179 5452 sibi
2212 5399 2456 5467 sumpsit,
2476 5407 2539 5451 et
2568 5399 2826 5468 seipsmn,
2858 5396 2979 5465 quis
3009 5406 3171 5460 esset,
3203 5395 3410 5464 publice
3442 5410 3571 5464 pro-

1980 5484 2111 5544 didit
2139 5490 2220 5544 bis
2249 5490 2426 5543 verbis
2446 5488 2555 5542 Nos
2572 5491 2746 5557 juste;
2772 5505 2888 5541 nam
2919 5488 3072 5557 digna
3100 5489 3248 5557 factis
3276 5488 3575 5557 recipimus:

1980 5584 2059 5636 hic
2086 5600 2199 5635 vero
2230 5581 2359 5634 nihil
2381 5582 2500 5634 mali
2525 5582 2641 5651 egit.
2671 5580 2831 5634 Vides
2864 5581 3218 5633 reverentiam
3245 5579 3401 5649 longe
3429 5579 3564 5633 late-

1978 5691 2081 5742 que
2121 5673 2404 5749 diffusam?
2445 5671 2671 5738 Quando
2713 5671 2945 5739 seipsnm
2990 5679 3306 5735 accusarat,
3353 5669 3570 5739 quando

1978 5785 2169 5825 arcana
2200 5767 2430 5836 pectoris
2446 5768 2525 5822 sui
2554 5765 3203 5835 exprompserat,qnando
3222 5780 3317 5834 pro
3342 5764 3567 5818 Domino

1981 5862 2346 5919 defensionem
2395 5859 2728 5913 instituerat:
2766 5857 2874 5910 Nos
2908 5856 3107 5926 quidem
3142 5858 3279 5924 juste
3307 5899 3321 5924 ,
3349 5855 3428 5911 hic
3453 5871 3569 5910 vero
