4066 6392
525 388 628 442 423

522 501 651 555 nihil
679 500 800 553 mali
829 500 962 571 egit.
1008 507 1133 553 tunc
1169 507 1224 552 et
1251 498 1689 567 supplicationem
1717 497 1911 554 offerre
1939 510 2099 552 ausus

524 592 621 647 fuit
649 592 730 646 his
749 591 959 648 verbis:
990 590 1238 645 Memento
1268 590 1384 656 mei,
1415 588 1663 653 Domine,
1702 606 1818 643 cum
1838 590 2029 643 veneris
2050 589 2104 643 in

522 700 729 753 regnum
770 693 930 735 tuum.
957 680 1073 735 Non
1102 696 1261 735 ausus
1292 679 1390 735 fuit
1418 680 1563 750 prius
1597 678 1805 744 dicere,
1851 678 2105 734 Memento

522 778 619 829 mei
650 818 663 839 ,
696 776 1041 846 quoadusque
1068 790 1161 844 per
1199 773 1591 829 confessionem
1628 787 1749 828 sese
1792 787 1823 827 a
1861 772 2105 827 sordibus

522 874 856 935 peccatorum
879 867 1185 935 expurgavit
1204 881 1219 931 ;
1237 864 1411 935 quoad
1420 879 1586 935 usque
1603 865 1837 935 seipsum
1854 863 2106 919 condem-

524 973 687 1024 nans,
702 958 905 1027 justum
948 968 1002 1013 et
1053 959 1389 1013 innocentem
1414 957 1621 1024 effecit;
1647 956 1991 1028 quoadusque
2012 972 2107 1026 per

523 1051 918 1105 accusationem
945 1051 1145 1105 scelera
1174 1049 1442 1119 deposuit.

593 1140 851 1212 Confessio
880 1152 1216 1213 peccatorum.
1232 1141 1482 1197 —Vides
1502 1150 1755 1211 quantum
1785 1141 1953 1213 possit
1977 1156 2106 1195 con-

524 1233 684 1287 fessio
714 1236 873 1289 etiam
903 1235 955 1288 itt
979 1234 1093 1305 ipsa
1119 1233 1316 1289 cruce?
1341 1233 1465 1288 Haec
1492 1233 1712 1288 audiens
1737 1273 1753 1299 ,
1783 1234 2057 1288 carissime
2085 1273 2102 1297 ,

523 1341 590 1380 ne
614 1326 866 1396 desperes
895 1328 1158 1398 teipsum:
1187 1326 1282 1382 sed
1319 1326 1578 1381 inﬁnitam
1606 1326 1945 1397 benignitatis
1966 1326 2101 1381 divi-

524 1433 605 1471 nae
627 1418 1045 1488 magnitudinem
1071 1426 1242 1473 tecum
1260 1426 1530 1487 reputans,
1559 1432 1812 1488 properes
1827 1416 1894 1471 ad
1920 1432 2105 1473 emen-

522 1509 789 1565 dationem
833 1520 1194 1579 peccatorum.
1240 1508 1298 1564 Si
1342 1510 1489 1564 enim
1537 1509 1801 1564 latronem
1851 1509 1903 1562 in
1944 1523 2104 1563 cruce

524 1609 670 1654 tanto
698 1603 899 1655 honore
914 1599 1160 1669 dignatus
1185 1608 1287 1665 est,
1316 1599 1484 1654 multo
1508 1599 1676 1669 magis
1702 1613 1803 1654 nos
1828 1599 1985 1653 insita
2008 1612 2101 1652 sua

523 1692 847 1762 benignitate
889 1690 1195 1762 dignabitur
1224 1730 1241 1759 ,
1290 1691 1337 1747 si
1386 1691 1710 1747 voluerimus
1763 1700 2103 1761 peccatorum

521 1784 910 1838 confessionem
941 1784 1237 1837 instituere.
1269 1782 1341 1839 Ut
1384 1783 1544 1853 igitur
1569 1794 1623 1837 et
1648 1796 1747 1837 nos
1775 1782 2103 1851 benignitate

523 1876 664 1930 illius
692 1876 1025 1945 perfruamur
1046 1915 1062 1942 ,
1096 1884 1311 1946 peccata
1331 1877 1545 1946 propria
1580 1875 1823 1930 conﬁteri
1868 1890 1937 1930 ne
1976 1890 2103 1929 eru-

524 1968 837 2023 bescamus:
868 1982 1056 2038 magna
1082 1968 1227 2023 enim
1251 1967 1605 2023 contbssionis
1630 1967 1711 2021 vis
1736 1975 1838 2031 est,
1860 1975 1916 2022 et
1938 1966 2101 2021 multa

522 2060 637 2127 ejus
671 2061 924 2130 potentia.
954 2060 1092 2115 Ecce
1121 2060 1263 2114 enim
1276 2068 1330 2114 et
1358 2061 1456 2114 iste
1481 2059 1757 2114 confessus
1784 2068 1901 2125 est,
1934 2068 1988 2114 et
2010 2074 2102 2140 pa-

524 2152 756 2206 radisum
785 2152 985 2222 reperit
1009 2164 1252 2220 apertum
1279 2170 1291 2205 :
1323 2151 1596 2205 confessus
1623 2161 1703 2204 est
1730 2192 1746 2217 ,
1777 2150 2103 2205 libertatem-

522 2259 626 2311 que
669 2244 914 2313 loquendi
956 2258 1019 2297 ac
1058 2259 1277 2313 regnum
1311 2243 1524 2313 petendi
1553 2242 1777 2312 adeptus
1808 2254 1890 2297 est
1926 2243 1973 2297 is
2011 2243 2101 2313 qui

524 2334 661 2388 latro
691 2336 878 2389 fuerat.
920 2336 999 2390 Ad
1048 2336 1099 2390 id
1141 2336 1283 2390 enim
1324 2351 1491 2405 usque
1532 2345 1741 2405 tempus
1768 2350 1878 2390 non
1918 2336 2104 2405 petivit

522 2442 742 2495 regnum
767 2428 1039 2484 caelorum.
1070 2426 1221 2482 Unde
1250 2469 1265 2494 ,
1294 2428 1381 2481 dic
1400 2428 1550 2493 mihi,
1574 2442 1607 2482 0
1632 2428 1768 2483 latro
1797 2469 1813 2495 ,
1846 2428 1995 2497 regni
2019 2442 2104 2484 re-

522 2516 770 2570 cordatus
791 2533 849 2571 es
869 2517 891 2570 ?
921 2517 1046 2586 quid
1061 2518 1176 2586 ejus
1199 2518 1372 2573 simile
1388 2533 1528 2573 nunc
1543 2518 1757 2573 vidisti?
1785 2518 1915 2587 Quae
1930 2518 2100 2586 vides,

520 2611 655 2663 clavi
696 2620 820 2664 sunt
860 2618 915 2664 et
947 2625 1079 2665 crux
1126 2618 1181 2665 et
1224 2611 1592 2665 accusationes
1635 2620 1691 2665 et
1732 2621 2021 2666 seommata
2048 2619 2104 2666 et

520 2702 778 2757 convicia.
814 2702 1007 2771 Utique
1034 2742 1049 2769 ,
1083 2702 1282 2773 inquit:
1316 2718 1437 2756 nam
1478 2703 1589 2772 ipsa
1626 2717 1756 2757 crux
1792 2702 1944 2773 regni
1973 2701 2102 2757 mihi

521 2793 729 2849 videtur
746 2796 1045 2867 symbolum
1058 2810 1197 2851 esse.
1222 2796 1511 2865 Propterea
1535 2796 1703 2865 ipsum
1721 2796 1918 2866 Regem
1945 2811 2100 2864 voco,

519 2886 642 2955 quia
690 2886 861 2954 ipsum
889 2885 1046 2941 video
1070 2885 1378 2941 cruciﬁxum
1410 2904 1424 2941 :
1453 2888 1592 2957 regis
1638 2887 1779 2942 enim
1824 2896 1906 2942 est
1937 2926 1954 2953 ,
2004 2902 2103 2957 pro

519 2976 744 3031 subditis
793 2977 946 3031 mori.
1003 2976 1231 3047 lpsemet
1257 2976 1419 3031 dixit:
1452 2976 1624 3031 Bonus
1668 2988 1842 3046 pastor
1880 2979 2103 3031 animam

517 3081 660 3119 suam
689 3068 829 3136 ponit
856 3083 946 3136 pro
971 3067 1140 3121 ovibus
1174 3064 1359 3137 (Joan.
1388 3065 1474 3121 10.
1504 3066 1565 3121 11
1590 3067 1630 3136 ).
1660 3066 1821 3135 Igitur
1847 3078 1901 3122 et
1930 3066 2102 3123 bonus

521 3175 615 3213 rex
643 3162 872 3213 animam
900 3174 1048 3214 suam
1076 3159 1225 3230 ponit
1249 3174 1345 3229 pro
1373 3159 1617 3213 subditis.
1653 3157 1786 3214 Cum
1825 3174 1953 3228 ergo
1981 3160 2100 3213 ani-

521 3266 659 3304 mam
718 3265 866 3303 suam
921 3250 1195 3318 posuerit,
1244 3261 1526 3321 eapropter
1593 3249 1792 3320 Regem
1863 3251 2099 3304 nomino.

522 3339 773 3392 Memento
795 3341 910 3406 ntei,
930 3338 1166 3407 Domine,
1198 3357 1312 3393 cum
1339 3341 1529 3393 veneris
1556 3342 1607 3393 in
1636 3358 1841 3411 regnum
1867 3349 2027 3395 tuum.

590 3432 643 3484 4.
678 3431 765 3484 Vis
778 3430 985 3486 discere
1005 3432 1272 3501 quomodo
1296 3446 1425 3486 crux
1453 3433 1523 3486 sit
1548 3433 1695 3501 regni
1728 3442 1849 3486 nota
1872 3441 1925 3485 et
1954 3448 2101 3503 sym-

519 3526 697 3581 bolum
722 3536 774 3580 et
798 3541 955 3596 quam
982 3526 1173 3597 inclyta
1200 3541 1286 3581 res
1311 3527 1420 3580 sit?
1450 3525 1563 3579 Non
1596 3526 1811 3595 reliquit
1838 3526 2003 3595 ipsam
2037 3526 2089 3579 in

520 3627 683 3679 terra,
708 3618 800 3671 sed
817 3617 967 3671 duxit
984 3632 1102 3670 eam
1127 3617 1178 3671 in
1199 3616 1406 3670 celum.
1428 3616 1580 3672 Unde
1606 3615 1706 3670 hoc
1728 3616 1889 3686 liquet
1913 3617 1935 3670 ?
1962 3615 2101 3671 Cum

519 3706 635 3775 ipso
660 3715 878 3760 ventura
909 3706 1064 3761 estin
1096 3706 1332 3761 secundo
1358 3706 1475 3775 ejus
1503 3716 1557 3761 et
1582 3706 1815 3774 glorioso
1844 3705 2097 3761 adventu.

520 3797 628 3852 Sed
670 3796 944 3851 videamus
983 3794 1196 3865 quando
1224 3811 1345 3850 cum
1386 3796 1504 3865 ipso
1560 3796 1630 3849 sit
1676 3806 1919 3851 ventura.
1962 3796 2100 3850 Audi

520 3888 692 3957 ipsum
719 3885 986 3941 Christum
1017 3885 1285 3940 dicentem
1315 3902 1329 3940 :
1355 3884 1415 3939 Si
1440 3885 1656 3937 dixerint
1678 3885 1837 3950 vobis,
1884 3884 2018 3939 Ecce
2048 3886 2103 3939 in

518 3976 855 4050 penetralibus
883 3986 955 4031 est
981 3977 1229 4041 Christus,
1260 3992 1373 4030 ecce
1400 3976 1455 4029 in
1491 3975 1764 4029 solitudine
1784 4016 1799 4040 ,
1830 3992 1893 4029 ne
1916 3976 2103 4030 excutis

522 4080 538 4139 (
570 4070 754 4124 Matth.
786 4070 873 4125 24.
899 4069 970 4124 26
994 4068 1037 4138 ).
1074 4070 1147 4124 De
1173 4068 1407 4124 secundo
1432 4083 1528 4122 suo
1550 4068 1779 4122 adventu
1807 4069 1919 4123 hare
1944 4068 2099 4136 dicit,

523 4171 739 4232 propter
764 4160 926 4214 falsos
948 4160 1210 4225 Christus,
1237 4170 1291 4213 et
1314 4168 1529 4228 prepter
1556 4157 2049 4227 pseudOpropltetas
2083 4200 2099 4225 ,

520 4268 576 4309 et
604 4264 821 4325 propter
858 4251 1241 4307 Antichristum
1262 4293 1277 4317 ,
1304 4265 1370 4305 ne
1397 4249 1516 4320 quis
1544 4251 1935 4305 circumventus
1962 4251 2011 4304 in
2035 4251 2100 4303 il-

521 4346 631 4400 lum
680 4346 894 4400 incidat.
934 4343 1067 4398 Cum
1098 4344 1239 4398 enim
1282 4340 1638 4396 Antichristus
1668 4350 1791 4396 ante
1833 4338 2101 4394 Christum

521 4450 772 4495 venturus
801 4439 888 4502 sit,
911 4437 1006 4503 Ne,
1034 4436 1231 4506 inquit,
1264 4444 1529 4505 pastorem
1559 4444 1859 4504 quzerentcs
1899 4433 2101 4487 incida-

522 4534 591 4587 tis
616 4533 671 4587 in
698 4532 875 4601 lupum
897 4568 913 4596 ,
946 4530 1014 4583 ob
1041 4528 1094 4582 id
1129 4527 1311 4583 indico
1353 4526 1503 4580 vobis
1531 4535 1736 4580 certum
1768 4524 2017 4579 indicium
2049 4531 2103 4578 et

520 4631 889 4694 argumentum
928 4618 1158 4690 pastoris
1212 4617 1488 4687 praesentis
1530 4633 1544 4669 :
1576 4615 1730 4686 cujus
1774 4616 1976 4686 primus
2001 4614 2101 4668 ad-

520 4722 712 4769 ventus
750 4712 874 4767 licet
906 4708 1147 4765 occultus
1172 4708 1361 4772 fuerit;
1395 4723 1460 4761 ne
1486 4715 1661 4761 tamen
1688 4706 2004 4760 existimetis
2032 4712 2103 4759 ta-

523 4806 627 4861 lem
670 4804 828 4859 etiam
858 4800 971 4856 fore
999 4798 1311 4855 secundum.
1342 4798 1473 4853 Nam
1510 4798 1597 4852 ille
1631 4798 1822 4852 merito
1865 4797 2102 4851 occultus

521 4896 620 4952 fuit
643 4913 656 4950 :
688 4894 835 4950 venit
858 4894 999 4948 enim
1023 4905 1265 4962 quaerere
1284 4889 1424 4960 quod
1442 4890 1704 4959 perierat;
1736 4889 1837 4943 iste
1854 4903 1982 4944 vero
1996 4903 2101 4943 non

524 4992 593 5045 ita
623 4988 837 5054 erit,'at
859 4984 1165 5056 quomodo?
1196 4983 1284 5039 dic
1306 4992 1361 5038 ct
1390 4982 1538 5038 doce.
1572 4982 1737 5049 Sicut,
1770 4981 1972 5051 inquit,
2000 4982 2103 5036 exit

524 5085 698 5153 fulgur
721 5080 781 5133 ab
813 5078 1015 5133 Oriente
1049 5087 1094 5130 et
1123 5086 1333 5147 apparet
1372 5092 1525 5145 usque
1552 5076 1604 5129 in
1636 5074 1989 5128 Occidentem:
2031 5075 2104 5127 ita

521 5178 613 5231 erit
654 5183 704 5230 et
743 5172 983 5226 adventus
1008 5168 1133 5223 Filii
1152 5169 1367 5223 hominis
1401 5168 1559 5241 (Ibid.
1602 5185 1647 5225 υ.
1679 5168 1794 5239 27).
1839 5168 2104 5238 Derepen-

523 5282 574 5324 te
602 5266 848 5323 omnibus
878 5263 1191 5335 apparebit:
1222 5278 1326 5316 non
1346 5277 1565 5317 necesse
1589 5262 1712 5328 erit,
1742 5272 1798 5315 ut
1824 5262 2101 5332 quisquam

526 5364 835 5428 interroget.
872 5353 1330 5424 Quemadmodum
1376 5353 1518 5406 enim
1564 5353 1703 5408 fueto
1748 5352 1954 5423 fulgure
1995 5369 2101 5408 non

524 5466 658 5521 opus
681 5450 935 5504 habemus
966 5446 1256 5517 inquirere,
1287 5459 1410 5498 num
1431 5444 1605 5514 fulgur
1632 5445 1931 5499 exstiterit:
1960 5444 2029 5498 ita
2052 5445 2102 5497 in

525 5541 759 5597 secundo
787 5539 879 5593 illo
895 5537 1124 5593 adventu
1153 5549 1371 5589 necesse
1400 5551 1504 5587 non
1540 5535 1642 5588 erit
1669 5550 1909 5603 quaerere
1929 5574 1945 5598 ,
1977 5551 2103 5588 tntm

524 5634 770 5689 Christus
799 5632 1025 5687 venerit.
1053 5632 1123 5684 At
1150 5644 1277 5683 vero
1322 5627 1546 5681 necdum
1580 5626 1630 5680 id
1656 5627 1796 5698 quod
1825 5627 2104 5697 quwreba-

527 5737 614 5782 tur
635 5766 653 5793 ,
682 5726 946 5792 diximus,
968 5739 1095 5778 num
1124 5722 1370 5777 videlicet
1403 5736 1522 5776 cum
1552 5735 1711 5775 cruce
1729 5724 1801 5774 sit
1828 5728 2098 5775 venturus.

533 5818 667 5874 Audi
721 5820 878 5887 igitur
905 5859 921 5882 ,
976 5813 1242 5886 quomodo
1289 5821 1344 5870 et
1392 5813 1491 5868 hoc
1532 5812 1809 5869 manifeste
1853 5813 2099 5883 explicet.

1244 391 1299 447 S.
1341 386 1618 447 JOANNIS
1652 377 2126 441 CHRYSOSTOMI
2168 379 2487 435 ARCIIIEP.
2528 379 3068 438 CONSTANTINOP.

3681 385 3785 445 4H
3854 341 3866 354 ι

2216 493 2378 559 Tunc,
2411 495 2600 565 inquit,
2634 498 2734 553 hoc
2754 505 2870 563 est,
2896 513 3018 554 cum
3046 514 3273 567 venero,
3297 503 3375 555 sol
3400 502 3746 558 obscurabitur
3771 538 3787 567 ,

2211 597 2259 641 et
2272 588 2394 641 luna
2420 604 2520 641 non
2543 587 2681 641 dabit
2707 590 2875 642 lumen
2901 606 3046 644 suum
3095 591 3115 662 (
3141 591 3329 645 Matth.
3353 591 3445 648 24.
3474 594 3589 663 29).
3618 595 3788 650 Tanta

2209 678 2351 733 enim
2380 688 2505 733 tunc
2527 679 2629 733 erit
2656 679 2788 733 lucis
2800 681 2952 750 copia
2974 725 2990 747 ,
3018 690 3078 735 ut
3104 683 3267 738 etiam
3295 683 3620 740 lucidissima
3649 689 3793 742 side—

2208 784 2265 823 ra
2290 768 2399 822 sint
2416 768 2789 825 abscondenda
2814 789 2827 826 :
2858 771 3001 825 Nam
3029 782 3075 826 et
3097 775 3259 829 stella:
3286 815 3301 841 ,
3328 775 3495 845 inquit
3518 819 3532 841 ,
3565 780 3746 832 cadent
3774 816 3793 846 ,

2207 870 2256 915 et
2282 860 2355 914 sic
2394 861 2593 931 signum
2645 860 2771 916 Filii
2809 863 3026 918 hominis
3072 867 3336 935 apparebit
3370 868 3423 922 in
3460 869 3603 923 caelo.
3634 871 3794 927 Vides

2207 962 2403 1021 quanta
2426 953 2495 1008 sit
2518 954 2830 1009 excellentia
2867 955 3025 1026 hujus
3063 957 3231 1025 signi,
3278 968 3471 1027 quanta
3523 960 3739 1016 claritas
3766 1002 3785 1029 ,

2208 1052 2436 1110 quantus
2463 1044 2676 1114 fulgor?
2703 1046 2793 1101 Sol
2821 1046 3200 1103 obtenebratur
3221 1090 3235 1115 ,
3263 1058 3318 1104 et
3338 1049 3460 1103 luna
3490 1066 3595 1106 non
3612 1054 3795 1123 splen-

2207 1132 2323 1197 det,
2349 1142 2491 1187 astra
2516 1133 2712 1189 cadunt
2734 1152 2747 1190 :
2773 1135 2901 1191 illud
2934 1151 3058 1191 vero
3077 1137 3248 1192 solum
3273 1149 3515 1208 apparet,
3539 1151 3597 1196 ut
3626 1142 3790 1198 intel-

2208 1222 2338 1293 ligas
2364 1222 2491 1278 illud
2517 1233 2569 1279 et
2591 1226 2713 1281 luna
2740 1226 3091 1295 Splendidius,
3130 1238 3184 1282 et
3199 1230 3314 1284 sole
3338 1231 3619 1301 fulgentius
3648 1250 3790 1292 esse.

2206 1317 2665 1383 Quemadmodum
2706 1320 2847 1376 enim
2914 1337 3038 1392 rege
3113 1321 3443 1393 ingrediente
3471 1365 3486 1391 ,
3526 1328 3793 1383 exercitus

2208 1419 2505 1478 prtecuntes
2535 1412 2684 1481 signa
2727 1411 2963 1468 humeris
2982 1413 3194 1480 ferunt,
3220 1416 3468 1486 regisque
3492 1418 3792 1487 ingressum

2205 1500 2553 1555 annuntiant:
2589 1502 2668 1557 sic
2704 1510 2759 1557 et
2803 1502 3033 1558 Domino
3057 1505 3233 1558 omnis
3260 1515 3519 1561 creatura:
3544 1508 3611 1563 de
3642 1510 3793 1565 caalis

2206 1594 2565 1652 descendente
2598 1638 2613 1662 ,
2638 1601 2905 1654 exercitus
2928 1601 3240 1670 angelorum
3269 1612 3323 1657 et
3350 1602 3793 1673 archangelorum

2206 1684 2415 1755 signum
2440 1686 2569 1741 illud
2596 1686 2814 1756 ferunt,
2869 1700 2923 1746 et
2948 1691 3154 1761 regium
3181 1692 3477 1765 ingressum
3502 1694 3655 1749 nobis
3689 1710 3789 1749 an-

2206 1776 2467 1832 nuntiant.
2493 1778 2657 1845 Tunc,
2689 1782 2882 1852 inquit,
2911 1792 2958 1837 et
2993 1782 3210 1840 Virtutes
3240 1788 3480 1841 caelorum
3513 1804 3793 1843 commove-

2206 1864 2391 1921 buntur
2422 1867 2607 1941 (lbid.)
2633 1912 2649 1937 ,
2681 1873 2900 1942 angelos
2925 1882 2980 1928 ct
3008 1875 3356 1945 archangelos
3385 1888 3439 1932 et
3463 1878 3790 1933 omnesillas

2208 1957 2615 2027 inaspectabiles
2658 1961 2956 2019 Potestates
3006 1965 3356 2036 intelligens:
3397 1976 3598 2023 tremor
3646 1971 3791 2023 enim

2210 2048 2329 2103 illos
2351 2051 2721 2120 apprehendet
2760 2055 3065 2126 multusque
3092 2056 3254 2112 timor
3282 2066 3337 2112 et
3362 2056 3573 2112 horror.
3605 2059 3675 2113 At
3698 2074 3792 2114 cu-

2201 2139 2289 2209 jus
2318 2144 2508 2211 gratia,
2540 2143 2644 2210 dic,
2676 2160 2877 2215 quaeso,
2915 2147 3151 2203 Virtutes
3168 2149 3328 2204 etiam
3353 2150 3456 2205 illae
3483 2151 3788 2219 percellun-

2207 2234 2329 2286 tur?
2351 2232 2560 2289 Merito.
2586 2236 2845 2291 Terribile
2871 2239 2975 2293 erit
3019 2240 3146 2293 illud
3173 2241 3425 2305 tribunal,
3444 2241 3511 2295 de
3539 2242 3786 2297 universa

2206 2322 2479 2380 hominum
2506 2335 2689 2381 natura
2720 2338 2843 2411 tunc
2858 2330 3199 2398 judicabitur,
3216 2342 3268 2386 et
3290 2334 3547 2387 rationem
3568 2334 3653 2387 illa
3670 2335 3786 2389 red-

2204 2414 2316 2480 det,
2347 2424 2402 2470 et
2440 2419 2660 2472 terribili
2707 2421 2953 2475 tribunali
2986 2422 3227 2478 adsistct.
3255 2421 3365 2478 Cur
3402 2434 3578 2479 autem
3607 2427 3784 2496 angeli

2206 2516 2331 2562 tunc
2360 2517 2613 2574 tremunt,
2639 2521 2692 2565 ct
2718 2513 3049 2583 incorporea:
3074 2515 3179 2569 illa:
3202 2514 3440 2572 Virtutes
3471 2516 3785 2572 formidant?

2206 2615 2383 2671 neque
2411 2602 2554 2656 enim
2584 2602 2654 2659 de
2680 2604 2784 2660 illis
2807 2604 3149 2674 judieabitur.
3169 2607 3627 2675 Quemadmodum
3644 2611 3787 2681 judi.

2206 2709 2269 2749 ce
2297 2704 2554 2751 nocentes
2573 2697 2962 2755 condemnante
2984 2742 2999 2765 ,
3039 2709 3095 2755 et
3129 2701 3181 2755 in
3202 2702 3340 2757 solio
3366 2704 3583 2758 excelso
3608 2706 3788 2761 consi-

2206 2787 2387 2855 dente,
2413 2804 2518 2843 non
2548 2790 2720 2845 solum
2747 2802 2958 2857 sontes,
2982 2792 3077 2847 sed
3095 2802 3150 2848 et
3174 2793 3263 2863 qui
3288 2810 3355 2849 ex
3384 2795 3576 2851 eodem
3604 2797 3790 2851 ordine

2204 2882 2590 2945 circumstant,
2613 2896 2713 2936 nec
2733 2884 3044 2953 cujusquam
3072 2884 3197 2939 mali
3244 2884 3346 2941 sibi
3399 2888 3599 2942 conscii
3624 2899 3747 2942 sunt
3770 2926 3787 2955 ,

2205 2972 2552 3027 nihilominus
2577 2974 2766 3029 timent
2791 2983 2846 3029 et
2891 2974 3210 3029 horrescunt
3247 2976 3531 3031 formidine
3550 2977 3779 3045 judicis:

2206 3062 2276 3116 ita
2306 3073 2515 3127 ettunc,
2545 3079 2667 3118 cum
2698 3064 2767 3119 de
2796 3074 2985 3119 natura
3004 3064 3348 3134 judicabitur,
3373 3078 3428 3121 et
3454 3068 3689 3123 rationes
3717 3068 3787 3123 ob

2204 3157 2487 3212 ccmmissa
2516 3157 2721 3226 piacula
2749 3167 3097 3228 reposcentur
3124 3198 3141 3224 ,
3193 3160 3352 3213 etiam
3378 3160 3451 3213 illi
3486 3202 3499 3225 ,
3529 3161 3619 3231 qui
3657 3160 3791 3215 nihil

2205 3250 2304 3303 sibi
2335 3250 2613 3304 consciunt
2637 3250 2808 3321 angeli
2833 3294 2847 3315 ,
2879 3259 2935 3306 et
2963 3252 3180 3322 reliquae
3214 3253 3447 3309 Virtutes
3472 3263 3792 3309 metuuntet

2207 3348 2439 3393 tremunt
2473 3350 2691 3409 propter
2726 3342 2899 3397 minas
2936 3342 3156 3396 Judicis.
3198 3344 3262 3397 Et
3305 3343 3406 3397 hoc
3431 3346 3644 3414 quidem
3675 3346 3786 3413 jam

2207 3430 2598 3485 intelleximus:
2644 3432 2795 3500 cujus
2818 3448 2943 3486 vero
2970 3433 3137 3501 gratia
3165 3432 3241 3503 (a)
3259 3475 3273 3499 ,
3302 3444 3357 3489 et
3376 3450 3539 3504 quare
3566 3450 3786 3489 crucem

2206 3521 2409 3577 habens
2438 3532 2694 3577 venturus
2720 3524 2841 3578 est?
2882 3524 3037 3578 Disce
3062 3532 3117 3578 et
3150 3523 3309 3593 hujus
3342 3526 3417 3580 rei
3449 3540 3688 3579 causam.
3719 3524 3791 3579 Ut

2205 3615 2348 3669 enim
2370 3631 2437 3669 ex
2468 3616 2595 3684 ipsis
2625 3616 2879 3684 operibus
2908 3616 2985 3670 illi
3010 3658 3023 3679 ,
3070 3616 3160 3686 qui
3204 3632 3328 3673 eum
3357 3618 3739 3673 cruciﬁxerunt
3771 3658 3790 3683 ,

2214 3708 2487 3776 propriam
2507 3708 2865 3777 insipientiam
2893 3718 3245 3777 cognoscant,
3275 3708 3441 3778 ipsam
3471 3709 3576 3763 illis
3601 3719 3793 3764 osten-

2207 3797 2284 3853 dit
2302 3814 2536 3864 crucem,
2568 3814 2669 3868 qua
2700 3814 2885 3853 eorum
2916 3799 3265 3869 redarguetur
3292 3800 3515 3854 insania.
3544 3799 3612 3854 Et
3633 3809 3689 3853 ut
3710 3801 3793 3853 in-

2206 3892 2415 3959 telligas
2448 3933 2461 3953 ,
2498 3908 2619 3945 eum
2648 3901 2931 3962 propterea
2958 3907 3171 3947 crucem
3218 3891 3362 3947 ferre
3384 3933 3400 3957 ,
3433 3901 3491 3947 ut
3515 3892 3635 3945 illos
3662 3908 3796 3947 con-

2208 3982 2394 4036 fundat
2442 3991 2497 4037 et
2536 3982 2811 4051 increpet;
2859 3984 2983 4037 audi
3039 3984 3416 4053 evangelistam
3474 3984 3786 4039 dicentem.

2207 4072 2349 4127 Tunc
2378 4074 2638 4143 apparebit
2676 4075 2873 4144 signum
2904 4073 3031 4127 Filii
3060 4075 3306 4138 hominis,
3339 4084 3385 4128 et
3413 4075 3648 4145 plangent
3680 4092 3794 4128 ont-

2206 4180 2293 4216 nes
2328 4164 2484 4216 tribus
2525 4173 2670 4217 terra:
2711 4162 2867 4235 (Ibid.
2909 4179 2957 4218 υ.
2989 4162 3103 4235 50),
3136 4163 3375 4219 videntes
3401 4174 3795 4230 accusatorem,

2207 4264 2261 4308 et
2290 4265 2637 4323 agnoscentes
2686 4264 2958 4323 peccatum
3010 4271 3185 4308 suum.
3239 4254 3306 4308 Et
3352 4254 3479 4324 quid
3526 4255 3793 4320 miraris,

2205 4345 2345 4414 quod
2391 4358 2603 4397 crucem
2637 4343 2814 4398 ferens
2846 4344 3059 4398 veniat?
3101 4345 3215 4414 ipsa
3242 4344 3462 4400 vulnera
3486 4360 3674 4399 secum
3709 4344 3800 4400 fe-

2206 4453 2330 4492 rens
2353 4438 2547 4491 veniet.
2587 4438 2653 4490 Et
2681 4436 2945 4492 undenam
2978 4437 3143 4508 liquet
3170 4453 3291 4492 eum
3333 4453 3426 4493 sua
3448 4438 3673 4492 vulnera
3705 4452 3799 4492 se-

2206 4542 2326 4583 cum
2366 4527 2625 4583 ferentem
2672 4536 2952 4582 venturum
3003 4542 3122 4582 esse
3159 4527 3318 4582 ?Audi
3362 4529 3677 4597 prOphetam
3716 4526 3799 4580 die

2205 4628 2450 4675 centem:
2487 4619 2729 4673 Videbunt
2758 4620 2808 4673 in
2838 4635 2984 4689 quem
3003 4619 3323 4689 confixerunt
3344 4618 3523 4688 (Zacli.
3556 4618 3643 4673 l2.
3681 4617 3796 4688 10).

2205 4712 2352 4767 Sicut
2378 4714 2519 4767 enim
2547 4727 2669 4767 cum
2693 4712 2896 4767 Thoma
2931 4711 3039 4782 egit
3067 4752 3084 4779 ,
3125 4711 3311 4765 volens
3358 4710 3791 4765 incredulitatem

2206 4803 2453 4873 discipuli
2478 4803 2783 4869 emendare,
2816 4802 3162 4871 ostenditque
3187 4801 3236 4857 ei
3263 4802 3486 4855 ﬁxuram
3515 4802 3796 4857 clavorum

2207 4905 2261 4949 et
2282 4895 2425 4964 ipsas
2461 4895 2739 4950 cicatrices
2759 4936 2773 4960 ,
2821 4902 2875 4949 et
2899 4894 2972 4947 ait
3005 4911 3019 4947 :
3053 4893 3197 4947 Mitte
3218 4894 3429 4963 digitum
3459 4904 3600 4947 tuum
3640 4897 3745 4948 huc
3774 4934 3793 4961 ,

2208 4996 2255 5038 et
2273 4986 2405 5053 infer
2435 5002 2637 5037 manum
2664 4994 2801 5038 tuam
2829 4984 3006 5054 (Joan.
3034 4983 3123 5038 20.
3148 4984 3239 5051 27)
3259 4994 3325 5058 ,ηι
3361 4985 3472 5036 vide
3491 5026 3504 5049 ,
3533 4986 3649 5055 quia
3680 4987 3793 5056 spi-

2207 5076 2331 5130 ritus
2356 5092 2556 5128 carnem
2585 5084 2629 5127 et
2650 5092 2763 5129 ossa
2806 5092 2905 5128 non
2933 5074 3076 5128 habet
3106 5074 3270 5142 (Luc.
3317 5074 3409 5129 24.
3440 5074 3550 5145 39)
3585 5117 3599 5139 ,
3630 5088 3689 5130 ut
3720 5078 3795 5131 illi

2210 5176 2555 5231 monstraret,
2578 5180 2637 5220 se
2654 5181 2777 5221 vere
2803 5165 3193 5220 resurrexisse:
3223 5167 3299 5221 sic.
3322 5178 3377 5220 et
3396 5176 3518 5221 tunc
3547 5168 3648 5222 fert
3674 5170 3801 5222 vul-

2211 5275 2336 5313 nera
2359 5268 2413 5313 et
2440 5273 2675 5321 crucem,
2707 5267 2764 5311 ut
2787 5258 2867 5312 eis
2896 5257 3145 5313 ostendat
3163 5273 3223 5312 se
3243 5258 3393 5312 illum
3436 5272 3555 5313 esse
3582 5298 3599 5324 ,
3628 5275 3793 5329 quem

2209 5349 2603 5404 crucilixerunt.
2647 5348 2889 5417 Magnum
2922 5363 3051 5417 ergo
3101 5347 3299 5401 bonum
3346 5359 3400 5401 et
3443 5349 3712 5415 salutare,
3742 5356 3795 5405 et

2210 5440 2427 5495 evidens
2456 5449 2825 5509 argumentum
2855 5438 3048 5492 divinas
3077 5438 3487 5493 benevolentiae.

2280 5533 2332 5587 5.
2360 5531 2496 5599 Quin
2524 5532 2630 5586 imo
2656 5546 2760 5584 non
2790 5529 2961 5583 solum
2985 5545 3148 5596 crux,
3192 5529 3287 5583 sed
3323 5541 3375 5583 et
3406 5531 3517 5600 ipsa
3548 5532 3600 5583 in
3632 5546 3793 5585 crure

2211 5626 2412 5693 prolata
2433 5624 2591 5679 verba
2623 5621 3029 5677 inenarrabilem
3058 5622 3173 5691 ejus
3201 5621 3580 5678 humanitatem
3611 5624 3792 5678 decla-

2276 5756 2346 5818 (a)
2372 5764 2511 5818 Hunc
2528 5753 2691 5818 locum
2730 5756 2857 5818 inter
2895 5752 2988 5802 alia
3027 5751 3183 5802 refert
3203 5760 3246 5802 s.
3272 5759 3366 5801 Leo
3390 5762 3511 5814 Papa
3533 5755 3590 5804 ad
3608 5753 3792 5806 miratu

2210 5817 2428 5882 Epistula:
2452 5817 2557 5875 454,
2580 5820 2665 5869 ubi
2685 5817 2840 5880 magis
2873 5828 3069 5865 sensum
3090 5828 3232 5876 quam
3249 5818 3399 5864 verba
3422 5820 3666 5879 exlrimit.
