4066 6392
361 421 459 476 H3

359 540 482 592 σίαν
509 541 874 608 προσαγαγεῖν
905 537 1196 612 ἐθάρρησε,
1219 540 1392 609 λέγων
1409 558 1421 571 ·
1455 541 1771 610 Μνήσθητί
1786 559 1926 610 μου,

359 620 556 688 Κύριε,
587 619 733 674 ὅταν
756 621 943 688 ἔλθῃς
968 623 1038 676 ἐν
1062 622 1138 693 τῇ
1155 624 1446 692 βασιλείᾳ
1474 637 1611 677 σου.
1641 625 1754 677 Οὐκ
1783 622 1930 676 ὲτόλ.

359 720 498 775 μησε
529 704 791 776 πρότερον
817 706 1010 772 εἰπεῖν,
1049 705 1365 774 Μνήσθητί
1394 723 1544 776 μου,
1571 706 1678 770 ἕως
1714 707 1803 760 ὅτε
1841 706 1929 760 διὰ

352 789 452 858 τῆς
482 787 922 860 ὲξομολογήσεως
967 789 1238 860 ἐκάθηρεν
1288 791 1478 844 ἑαυτὸν
1499 792 1592 844 τοῦ
1618 790 1789 862 ῥύπου
1818 791 1930 845 τῶν

355 871 785 943 ἁμαρτημάτων,
818 873 922 936 ἕως
954 873 1042 926 ὅτε
1081 873 1449 937 καταδικάσας
1480 875 1671 928 ἑαυτὸν
1697 873 1930 927 ἀνεύθυ-

353 971 443 1007 νον
471 955 784 1026 εἰργάσατο,
820 954 926 1018 ἕως
961 957 1049 1009 ὅτε
1075 956 1162 1010 διά
1191 958 1290 1029 τῆς
1323 957 1655 1030 κατηγορίας
1695 959 1928 1013 ἀπέθετο

351 1039 420 1092 τά
447 1038 911 1110 πλημμελήματα.

436 1122 597 1193 Ὁρᾷς
629 1122 793 1176 πόσον
829 1123 1002 1193 ἰσχύει
1048 1122 1431 1195 ἐξομολόγησις
1458 1124 1554 1178 καὶ
1579 1125 1637 1178 έν
1675 1123 1825 1195 αὑτῷ
1847 1124 1927 1196 τῷ

356 1205 607 1276 σταυρῴ;
643 1206 828 1259 Ταῦτα
863 1205 1096 1270 ἀκούων,
1125 1206 1376 1274 ἀγαπητὲ
1403 1248 1419 1272 ,
1464 1207 1730 1278 μηδέποτε
1788 1210 1926 1262 ἀπο·

354 1289 495 1359 γνῷς
519 1289 714 1343 σαυτοῦ
731 1333 745 1355 ,
778 1290 890 1343 ἀλλ’
912 1291 1109 1344 ἐννοῶν
1133 1290 1194 1344 τὸ
1218 1290 1420 1358 ἄφατον
1450 1291 1677 1361 μέγεθος
1709 1293 1806 1364 τῆς
1828 1290 1924 1345 τοῦ

351 1373 487 1426 Θεοῦ
520 1373 950 1445 φιλανθρωπίας,
977 1375 1196 1443 ἐπείγου
1229 1375 1368 1445 πρὸς
1400 1375 1498 1446 τὴν
1533 1374 1642 1428 τῶν
1671 1376 1926 1448 ἡμαρτη-

355 1457 530 1526 μένων
557 1456 855 1526 διόρθωσιν.
896 1457 956 1510 Et
977 1458 1086 1529 γάρ
1120 1459 1177 1511 ἐν
1201 1458 1419 1530 σταυρῷ
1448 1458 1575 1512 ὅντα
1606 1457 1696 1512 τὸν
1726 1459 1925 1530 λῃστὴν

351 1538 618 1609 τοσαύτης
636 1539 832 1609 ἠξίωσε
861 1541 958 1610 τῆς
988 1541 1317 1611 φιλοτιμίας,
1350 1541 1529 1612 πολλῷ
1553 1541 1750 1611 μᾶλλον
1779 1544 1923 1613 ἡμᾶς

349 1623 448 1691 τῆς
472 1623 678 1687 οἰκείας
707 1623 927 1688 ἀξιώσει
977 1625 1405 1696 φιλανθρωπίας,
1457 1627 1504 1678 εί
1535 1624 1926 1697 βουληθείημεν

349 1705 456 1757 τῶν
475 1707 837 1776 πεπλημμελη
845 1707 1018 1776 μένων
1040 1707 1138 1778 τὴν
1164 1708 1548 1779 ἐξομολόγησιν
1573 1709 1921 1780 ποιήσασθαι.

353 1789 471 1842 ’Ἰνα
503 1789 679 1843 τοίνυν
712 1791 806 1843 καὶ
839 1793 1002 1862 ἡμεῖς
1031 1792 1132 1862 τῆς
1167 1793 1294 1862 παρ’
1327 1792 1490 1846 αὑτοῦ
1518 1792 1926 1864 φιλανθρωπίας

349 1872 764 1942 ἀπολαύσωμεν,
781 1873 1220 1944 ἐξομολογεῖσθαι
1237 1875 1304 1928 τά
1321 1875 1529 1928 ἑαυτῶν
1554 1877 1927 1947 ἁμαρτήματα

352 1956 428 2026 μή
455 1957 938 2028 ἐπαισχυνώμεθα·
969 1959 1179 2030 μεγάλη
1207 1959 1314 2029 γὰρ
1346 1959 1446 2030 τῆς
1487 1959 1928 2030 ὲξομολογήσεως

266 2076 281 2091 .
348 2039 593 2115 ήνξσχὺς,
627 2042 720 2094 καὶ
747 2043 914 2114 πολλὴ
949 2042 1152 2113 ταύτης
1177 2046 1210 2115 ή
1237 2043 1486 2114 δύναμις.
1529 2044 1658 2097 Ἰδοὺ
1699 2045 1807 2114 γάρ
1833 2047 1929 2098 καὶ

347 2114 502 2184 οὗτος
522 2122 990 2195 ἐξωμολογήσατο,
1011 2126 1105 2178 καὶ
1133 2114 1224 2180 τὸν
1249 2125 1574 2197 παράδεισον
1591 2121 1748 2196 εὗρεν
1769 2129 1929 2198 ἀνεῳ-

345 2206 547 2276 γμένον
565 2223 578 2236 '
604 2206 1069 2277 ὲξωμολογήσατο,
1095 2209 1188 2262 καὶ
1214 2209 1525 2281 παρρησίαν
1557 2209 1768 2275 ἐλαϐεν,
1799 2213 1827 2264 6
1869 2213 1927 2263 ἐν

345 2287 569 2360 λῃστείᾳ
600 2290 698 2348 ῶν,
735 2289 1010 2360 βασιλείαν
1043 2293 1283 2362 αἰτῆσαι.
1327 2295 1533 2364 Μέχρις
1576 2293 1787 2348 ἐκείνου
1831 2295 1926 2347 τοῦ

347 2371 538 2442 καιροῦ
573 2371 672 2444 τὴν
698 2372 975 2442 βασιλείαν
1001 2375 1109 2428 τῶν
1129 2377 1374 2448 οὐρανῶν
1395 2379 1494 2430 οὐκ
1518 2378 1706 2448 ᾔτησε.
1733 2378 1924 2442 Πόθεν,

348 2455 466 2508 εἰπέ
499 2472 609 2525 μοι,
638 2456 932 2526 βασιλείας,
955 2452 1000 2512 ὦ
1031 2459 1224 2533 λῃστά,
1253 2461 1558 2532 μέμνησαι;
1581 2463 1632 2514 τί
1661 2461 1769 2535 γὰρ
1789 2459 1928 2528 εἶδες

347 2541 585 2592 τοιοῦτον
625 2542 756 2606 νῦν;
787 2536 946 2596 Ἦλοι
998 2547 1092 2598 καὶ
1140 2547 1371 2615 σταυρὸς
1409 2547 1479 2600 τὰ
1527 2547 1800 2618 ὁρώμενα,
1835 2549 1928 2602 καὶ

347 2625 646 2695 κατηγορία
680 2628 774 2678 καὶ
806 2627 1118 2698 σκώμματα
1140 2630 1235 2683 καὶ
1262 2631 1540 2702 λοιδορίαι.
1568 2633 1694 2698 Ναὶ,
1724 2635 1888 2704 φησίν
1908 2651 1921 2664 ·

345 2707 506 2769 αὑτὸς
532 2711 642 2779 γὰρ
673 2712 700 2761 ό
727 2711 958 2781 σταυρὸς
987 2711 1266 2781 βασιλείας
1294 2709 1433 2767 εἷναί
1475 2732 1566 2785 μοι
1611 2716 1758 2768 δοκεῖ
1786 2717 1926 2786 σύμ-

347 2791 518 2842 εολον.
550 2793 647 2845 Διά
676 2794 832 2846 τοῦτο
862 2794 919 2846 δὲ
947 2796 1111 2848 αὑτὸν
1139 2795 1364 2866 βασιλέα
1386 2797 1558 2862 καλῶ,
1592 2799 1780 2871 ἐπειδὴ
1809 2801 1928 2870 βλέ-

346 2891 432 2924 πω
473 2873 636 2926 αὑτὸν
686 2877 1122 2947 σταυρούμενον·
1158 2879 1425 2950 βασιλέως
1467 2882 1576 2952 γάρ
1607 2882 1754 2936 ἐστιν
1787 2883 1926 2955 ὑπὲρ

345 2954 452 3006 τῶν
475 2956 787 3027 ἀρχομένων
808 2959 1189 3031 ἀποθνήσκειν.
1214 2963 1385 3025 Λὺτὸς
1406 2959 1579 3017 εἶπεν
1625 2965 1687 3018 ’0
1702 2954 1928 3035 ποιμὴν

344 3040 378 3090 ό
399 3040 585 3105 καλὸς
617 3040 731 3108 τὴν
754 3042 966 3112 ψυχὴν
994 3045 1180 3098 αὐτοῦ
1205 3047 1446 3115 τίθησιν
1462 3048 1617 3118 ὑπὲρ
1640 3049 1757 3104 τῶν
1779 3068 1926 3120 προ-

344 3120 568 3174 ﬁdum"
600 3125 794 3177 οὐκοῦν
841 3129 938 3180 καὶ
973 3128 1002 3179 ὁ
1039 3128 1293 3198 βασιλεὺς
1336 3132 1364 3184 6
1397 3131 1563 3195 καλὸς
1615 3135 1714 3204 τήν
1743 3134 1925 3206 ψυχὴν

342 3207 512 3260 αὑτοῦ
542 3209 754 3288 τίθησιν
793 3211 934 3282 ὑπὲρ
979 3211 1089 3265 τῶν
1133 3213 1475 3285 ἀρχομένων.
1524 3217 1677 3270 Ἐπεὶ
1703 3214 1794 3271 οῦν
1827 3219 1924 3290 τὴν

340 3287 518 3359 ψυχὴν
541 3287 702 3344 αὐτοῦ
728 3293 935 3346 τέθεικε
955 3337 969 3359 ,
1001 3294 1089 3348 διὰ
1125 3297 1284 3350 τοῦτο
1309 3298 1470 3351 αὑτὸν
1499 3297 1726 3369 βασιλέα
1751 3287 1920 3356 καλῶ.

339 3372 660 3444 Μνήσθητί
676 3393 822 3444 μου,
855 3379 1047 3445 Κύριε,
1075 3378 1222 3432 ὅταν
1247 3379 1431 3450 ἔλθῃς
1447 3383 1518 3436 ἐν
1539 3381 1613 3451 τῇ
1631 3383 1925 3452 βασιλείᾳ

341 3471 478 3512 σου.

409 3541 470 3592 δ’.
507 3541 691 3594 Βούλει
737 3543 928 3613 μαθεῖν
970 3545 1090 3609 πῶς
1127 3547 1221 3599 καὶ
1275 3546 1552 3616 βασιλείας
1595 3549 1860 3620 σύμϐολον
1894 3553 1922 3604 6

340 3627 593 3698 σταυρὸς,
650 3630 743 3681 καὶ
795 3629 912 3692 πῶς
973 3631 1166 3700 σεμνὸν
1202 3630 1264 3682 τὸ
1319 3632 1553 3702 πρᾶγμά
1584 3633 1768 3698 ὲστιν;
1808 3637 1922 3688 Οὑκ

337 3709 550 3778 ἀφῆκεν
578 3711 738 3764 αὑτὸν
767 3708 906 3764 εἶναι
927 3712 1019 3765 ἐπὶ
1039 3713 1139 3783 τῆς
1160 3714 1413 3784 γῆς.ἀλλ’
1441 3716 1747 3770 ἀνέσπασεν
1763 3719 1922 3772 αὑτὸν

339 3795 436 3845 καὶ
457 3795 536 3856 εἰς
552 3795 642 3846 τὸν
659 3796 886 3863 οὐρανὸν
902 3797 1168 3866 ἀνήγαγε.
1187 3797 1357 3851 Πόθεν
1384 3799 1542 3868 δῆλον
1566 3801 1723 3854 τοῦτο
1743 3818 1756 3865 ;
1786 3804 1921 3856 Μετ’

342 3873 506 3928 αὑτοῦ
533 3877 711 3945 μέλλει
741 3878 994 3948 ἔρχεσθαι
1022 3882 1078 3932 ὲν
1108 3884 1174 3951 τῇ
1199 3881 1428 3953 δευτέρα
1468 3884 1758 3954 παρουσία.
1779 3885 1920 3938 Ἀλλ’

343 3957 542 4028 ἴδωμεν
569 3961 660 4012 καὶ
685 3961 798 4023 πῶς
835 3962 1016 4031 μέλλει
1049 3964 1165 4033 μετ’
1192 3964 1358 4017 αὐτοῦ
1405 3965 1682 4036 ἔρχεσθαι.
1721 3970 1922 4022 Ἀκου-

339 4059 432 4094 σον
455 4043 618 4096 αὐτοῦ
639 4044 885 4111 λέγοντος
901 4046 991 4097 τοῦ
1017 4046 1283 4118 Χριστοῦ·
1328 4049 1470 4102 Ἐὰν
1486 4050 1740 4104 ετπωσιν
1756 4053 1918 4121 ὑμῖν,

351 4125 498 4179 Ἰδοὺ
526 4127 596 4179 ἐν
625 4128 748 4192 τοῖς
782 4130 1062 4197 ταμιείοις
1101 4129 1273 4184 ἐστίν
1313 4134 1347 4184 ό
1389 4133 1664 4199 Χριστὸς,
1693 4134 1824 4189 ίὸοὺ
1849 4134 1922 4188 ἐν

337 4207 412 4277 τῇ
439 4208 653 4278 ἐρήμῳ,
682 4211 769 4278 μὴ
806 4211 1118 4278 ἐξέλθητεο
1155 4214 1284 4283 περὶ
1322 4215 1420 4286 τῆς
1457 4215 1715 4289 δευτέρας
1753 4217 1918 4271 αὑτοῦ

339 4293 640 4364 παρουσίας
668 4294 840 4362 λέγων
865 4335 877 4353 .
918 4295 1005 4348 διὰ
1049 4297 1174 4361 τοὺς
1201 4297 1642 4370 ψευδοχρίστους,
1677 4300 1765 4354 διὰ
1793 4303 1919 4366 τοὺς

336 4376 906 4448 ψευδοπροφήτας,διά
920 4380 1009 4432 τὸν
1045 4379 1430 4451 Ἀντίχριστον,
1457 4383 1542 4437 ἵνα
1568 4385 1641 4454 μή
1667 4402 1752 4448 τις
1779 4385 1919 4439 πλα-

336 4459 520 4530 νηθεὶς
549 4461 740 4530 ἐκείνῳ
775 4463 1066 4535 περιπέσῃ.
1109 4465 1328 4537 Ἐπειδὴ
1357 4467 1467 4539 γὰρ
1498 4467 1605 4539 πρὸ
1638 4468 1734 4522 τοῦ
1780 4470 1918 4541 Χρι-

337 4544 466 4596 στοῦ
493 4546 523 4598 6
558 4544 920 4617 ’Δντίχριστος
943 4547 1178 4617 ἔρχεται,
1209 4550 1296 4602 ἴνα
1326 4550 1401 4622 μὴ
1433 4551 1741 4621 ζητοῦντες,
1761 4554 1916 4622 φησὶ,

334 4628 425 4680 τὸν
451 4628 706 4699 ποιμένα,
755 4628 832 4699 τῷ
862 4629 1010 4699 λύκῳ
1041 4633 1400 4703 περιπέσητε,
1457 4633 1551 4688 διὰ
1591 4635 1750 4689 τοῦτο
1789 4638 1920 4708 ὑμῖν

336 4709 478 4779 λέγω
497 4711 854 4783 γνωρίσματα
875 4714 972 4784 τῆς
998 4713 1090 4766 τοῦ
1116 4716 1372 4786 ποιμένος
1403 4719 1727 4789 παρουσίας.
1744 4722 1920 4774 Ἐπει-

335 4793 400 4866 δὴ
427 4795 534 4866 γὰρ
556 4795 800 4866 ἡπρώτη
825 4797 988 4850 αὐτοῦ
1020 4799 1290 4868 παρουσία
1311 4801 1652 4856 λανθάνουσα
1678 4805 1914 4872 ἐγένετο,

436 4880 716 4964 νομίσητε,
747 4882 932 4952 φησὶν.
951 4883 1034 4936 ὅτι
1055 4884 1147 4936 καὶ
1169 4887 1200 4954 ἡ
1232 4883 1460 4955 δευτέρα
1487 4885 1710 4958 τοιαύτη
1737 4887 1916 4964 ἒβται.

346 4963 560 5036 Ἐκείνη
585 4963 695 5034 γάρ
716 4965 944 5032 εἰκότως
979 4965 1313 5021 λανθάνουσα
1344 4969 1561 5036 ἐγένετο
1581 4985 1594 4999 ι
1627 4963 1782 5040 ἦλθε
1808 4972 1918 5045 γάρ

335 5047 568 5118 ζητῆσαι
594 5047 655 5100 τὸ
679 5048 956 5113 ἀπολωλός
975 5066 989 5080 ·
1019 5049 1158 5121 αὕτη
1176 5051 1233 5104 δὲ
1249 5051 1346 5121 οὐχ
1377 5050 1571 5114 οὑτως,
1601 5053 1737 5107 ἀλλὰ
1758 5055 1878 5119 πῶς
1899 5074 1915 5120 ς

332 5131 452 5184 εἰπὲ
475 5130 568 5182 καὶ
582 5130 808 5197 δίδαξον.
832 5132 1058 5203 Ὥσπερ
1075 5133 1402 5203 ἐξέρχεται,
1424 5137 1609 5208 φησὶν,
1646 5137 1684 5205 ἠ
1706 5138 1919 5206 ἀστρα-

334 5211 418 5278 πὴ
453 5213 567 5265 ἀπὸ
607 5214 937 5276 ἀνατολῶν.
966 5217 1062 5270 καί
1093 5219 1363 5286 φαίνεται
1383 5217 1494 5285 ἕως
1525 5218 1792 5290 δυσμῶν.
1817 5222 1918 5275 οὔ·

335 5309 448 5360 τως
475 5294 647 5349 ἔσται
681 5297 780 5351 καί
815 5297 854 5366 ἡ
888 5301 1190 5367 παρουσία
1223 5301 1326 5355 τοῦ
1377 5302 1515 5356 Υὶοῦ
1554 5303 1661 5357 τοῦ
1696 5304 1915 5372 ἀνθρώο

335 5392 471 5430 που.
501 5379 720 5448 Ἀθρόον
749 5383 879 5434 πᾶσι
905 5387 1152 5450 φανεῖται
1172 5401 1186 5415 ο
1221 5385 1282 5437 οὑ
1305 5385 1555 5456 δεήσεται
1577 5387 1754 5452 οὐδεὶς
1778 5390 1908 5459 ἐρω-

336 5461 514 5541 τῆσαι.
541 5462 750 5537 Ὥσπερ
766 5465 875 5536 γὰρ
903 5467 1188 5538 ἀστραπῆς
1213 5471 1563 5540 φαινομένης,
1592 5472 1654 5524 ού
1685 5472 1914 5541 δεόμεθα

336 5540 625 5610 ἐξετάζειν,
661 5545 808 5619 [418]
838 5551 886 5602 εί
911 5551 1126 5618 ἐγένετο
1150 5553 1406 5624 ἀστραπή
1428 5569 1440 5582 ·
1470 5553 1612 5607 οὕτω
1637 5557 1736 5625 τῆς
1770 5540 1912 5627 παρ-

335 5627 520 5691 ουσίας
550 5631 714 5684 αὐτοῦ
747 5634 1067 5705 γενομένης,
1119 5636 1179 5688 οὑ
1213 5636 1517 5708 δεησόμεθα
1563 5638 1838 5703 ἐξετάζειν
1867 5645 1914 5692 εί

334 5713 666 5781 παρεγένετο
694 5717 721 5768 6
753 5717 1006 5787 Χριστός.
1043 5719 1204 5773 Ἀλλά
1241 5720 1300 5773 τὸ
1336 5719 1664 5791 ζητούμενον
1702 5725 1915 5779 οὐδέπω

333 5796 429 5846 καὶ
457 5794 548 5847 νῦν
587 5799 908 5869 εἰρήκαμεν,
970 5804 1018 5854 εἰ
1068 5803 1204 5873 μετά
1253 5804 1346 5856 τοῦ
1401 5805 1635 5877 σταυροῦ
1671 5807 1908 5876 ἔρχεται.

337 5879 531 5931 Ἄκουε
569 5881 746 5932 τοίνυν
803 5885 1088 5940 καὶτοῦτο
1145 5888 1330 5957 σαφῶς
1389 5889 1553 5944 αὐτοῦ
1606 5890 1908 5961 δηλοεντος.

1273 422 1362 478 DE
1399 419 1630 478 ΟΜ]οΕ
1672 420 1757 475 ΕΤ
1795 418 2145 478 LATRONE.
2194 420 2525 496 llOMlLJl.

3513 423 3618 479 ιιι

2042 540 2202 605 Τότε,
2238 540 2392 611 φησὶ,
2425 539 2723 605 τουτέστιν,
2753 540 2882 594 ὅταν
2905 540 3172 610 ἐρχωμαι,
3214 541 3246 590 ὁ
3283 536 3451 605 ἥλιος
3479 555 3616 594 σκοο

2035 623 2406 692 τισθήσεται,
2440 622 2537 675 καὶ
2570 624 2608 690 ’ἡ
2635 622 2866 691 σελήνη
2893 625 2965 677 οὐ
2989 622 3165 675 δώσει
3184 621 3248 673 τὸ
3271 620 3486 691 φέγγος
3518 626 3618 677 αὐ.

2033 705 2163 774 τῆς.
2189 706 2435 776 Τοσαύτη
2457 706 2565 777 γάρ
2588 706 2738 760 ἔσται
2758 707 2851 761 τοῦ
2886 706 3062 777 φωτὸς
3089 706 3210 758 τότε
3247 706 3281 774 ή
3316 704 3612 776 ὑπερϐολὴ.

2031 788 2107 853 ὼς
2133 790 2227 842 καὶ
2256 790 2324 843 τὰ
2363 789 2634 858 φανότατα
2667 789 2844 861 ἀστρα
2883 786 3350 860 ἀποκρύπτεσθαι.
3407 787 3516 840 Καὶ
3561 791 3615 842 οἱ

2030 873 2284 942 ἀστέρες
2312 875 2442 943 γὰρ,
2489 875 2656 944 φησὶ,
2685 875 3036 936 πεσοῦνται,
3083 871 3181 926 καί
3223 871 3380 924 οὕτω
3407 871 3473 924 τὸ
3497 885 3614 936 ση-

2025 957 2198 1027 μεῖον
2233 958 2568 1026 φανήσεται
2609 958 2715 1011 τοῦ
2755 957 2892 1011 Υίοῦ
2924 957 3032 1011 τοῦ
3079 953 3394 1023 ἀνθρώπου
3421 954 3490 1007 ἐν
3535 952 3615 1018 τῷ

2030 1040 2283 1109 οὐρανῷ.
2325 1038 2475 1106 Εἶδες
2515 1042 2655 1112 πόση
2683 1042 2716 1112 ή
2747 1041 3020 1113 ὑπερϐολὴ
3049 1041 3142 1094 τοῦ
3185 1038 3438 1110 σημείου.
3470 1037 3612 1107 πόση

2030 1125 2344 1195 φαιδρότης,
2374 1126 2516 1195 πόση
2539 1125 2874 1196 λαμπηδών;
2924 1125 2981 1179 '0
3005 1125 3156 1194 ἦλιος
3199 1121 3529 1185 σκοτίζεται,
3579 1123 3613 1190 ή

2031 1209 2228 1280 σελήνη
2269 1208 2330 1262 οὑ
2356 1209 2557 1278 φαίνει,
2606 1209 2673 1262 τὰ
2701 1210 2874 1280 ἄστρα
2907 1207 3128 1260 πίπτειο
3159 1207 3336 1260 έκεῖνο
3362 1205 3419 1258 δὲ
3455 1203 3614 1273 μόνον

2029 1291 2299 1361 φαίνεται,
2325 1293 2411 1345 ἵνα
2459 1293 2636 1364 μάθῃς
2673 1293 2756 1346 ὅτι
2791 1294 2884 1345 καὶ
2920 1291 3146 1362 σελήνης
3178 1289 3475 1358 φανότερον
3521 1288 3613 1339 καὶ

2028 1374 2180 1443 ήλίου
2216 1375 2564 1445 φαιδρότερόν
2586 1377 2718 1432 ἐστι.
2753 1373 3018 1444 Καθάπερ
3045 1373 3153 1444 γὰρ
3185 1371 3448 1442 βασιλέως
3502 1371 3616 1420 εἰσ-

2029 1457 2221 1521 ιόντος,
2257 1458 2324 1512 τά
2349 1459 2685 1529 στρατόπεδα
2709 1457 3159 1528 προλαμϐάνοντα
3193 1454 3260 1508 τά
3287 1457 3489 1524 σημεῖα
3515 1453 3615 1520 φέ-

2032 1558 2116 1612 ρει
2137 1543 2228 1594 ὲπὶ
2252 1541 2359 1594 τῶν
2380 1540 2566 1612 ὤμων,
2593 1543 2688 1595 καὶ
2713 1541 3077 1614 προαγγέλλει
3107 1538 3200 1592 τοῦ
3229 1537 3491 1608 βασιλέως
3512 1536 3611 1606 τὴν

2029 1626 2261 1678 εἴσοδον·
2285 1625 2427 1678 οῦτω
2449 1626 2543 1677 τοῦ
2571 1627 2667 1694 τῆς
2695 1625 2925 1687 κτίσεως
2948 1623 3218 1676 Δεσπότου
3258 1618 3616 1674 καταϐαίνον-

2027 1725 2120 1770 τος
2173 1711 2237 1761 ὲκ
2278 1707 2387 1760 τῶν
2441 1708 2706 1779 οὐρανῶν,
2746 1708 3119 1780 προλαμϐάνει
3153 1706 3223 1758 τά
3278 1703 3614 1775 στρατόπεδα

2028 1790 2136 1843 τῶν
2167 1791 2414 1859 ἀγγέλων
2448 1793 2542 1845 καὶ
2569 1792 2678 1844 τῶν
2701 1791 3060 1862 ἀρχαγγέλων
3085 1789 3147 1842 τὸ
3187 1789 3414 1858 σημεῖον
3440 1788 3616 1840 έκεῖνο

2032 1873 2388 1944 βαστάζοντα,
2423 1875 2516 1928 καὶ
2563 1875 2662 1945 τὴν
2697 1874 2981 1946 βασιλικὴν
3015 1872 3220 1926 εἴσοδον
3263 1872 3396 1941 ἡμῖν
3429 1869 3610 1936 ἀπαγ-

2030 1956 2305 2025 γέλλοντα.
2343 1958 2501 2023 Τότε,
2528 1959 2682 2029 φησὶ,
2725 1960 2823 2011 καὶ
2856 1960 2916 2012 αἱ
2952 1956 3240 2024 δυνάμεις
3271 1953 3392 2007 τῶν
3433 1953 3612 2019 οὐρα-

2029 2039 2152 2093 νῶν
2179 2041 2667 2110 σαλευθήσονται
2691 2081 2707 2106 ,
2761 2041 2891 2112 περὶ
2925 2039 3032 2093 τῶν
3090 2037 3337 2107 ἀγγέλων
3368 2036 3463 2089 καὶ
3505 2035 3616 2088 τῶν

2030 2123 2385 2196 ἀρχαγγέλων
2432 2124 2626 2194 λέγων,
2658 2125 2754 2178 καὶ
2784 2123 2975 2177 πασῶν
3004 2122 3111 2176 τῶν
3158 2121 3405 2192 ἀοράτων
3455 2119 3614 2172 δυνά-

2034 2225 2179 2278 μεων
2203 2225 2216 2238 ο
2245 2211 2444 2280 τρόμος
2475 2209 2586 2280 γὰρ
2611 2208 2807 2272 αὐτοὺς
2828 2207 3080 2279 λήψεται,
3121 2206 3214 2259 καὶ
3253 2205 3416 2274 φόϐος
3447 2201 3614 2264 πολὺς

2031 2292 2127 2344 καὶ
2154 2293 2380 2361 ἀγωνία.
2419 2293 2575 2355 Τίνος
2603 2291 2661 2345 δὲ
2680 2292 2888 2356 ἕνεκεν,
2915 2290 3036 2344 είπέ
3065 2307 3186 2360 μοι,
3218 2290 3309 2340 καὶ
3359 2287 3413 2338 αἱ
3455 2285 3616 2338 δυνάο

2035 2392 2155 2446 μεις
2186 2377 2393 2428 ἐκεῖναι
2421 2376 2480 2428 ὲν
2510 2375 2660 2444 φόϐῳ
2699 2375 3134 2444 καθεστήκασιν;
3170 2371 3426 2432 Εἰκότως.
3451 2368 3615 2421 Φοϐε-

2036 2459 2128 2529 ρὸν
2156 2458 2307 2512 ἔσται
2345 2460 2469 2512 τότε
2502 2459 2564 2512 τὸ
2592 2459 2964 2530 δικαστήριον,
3000 2458 3187 2511 ἂπασα
3219 2458 3252 2526 ἠ
3278 2455 3385 2507 τῶν
3414 2453 3616 2526 ἀνθρώς

2031 2562 2149 2597 πων
2174 2543 2337 2614 φύσις
2365 2543 2548 2614 μέλλει
2582 2543 2867 2614 κρίνεσθαι
2892 2543 2984 2597 καὶ
3007 2541 3237 2604 εὐθύνας
3268 2539 3488 2608 ὑπέχειν
3520 2538 3616 2591 καὶ

2032 2628 2400 2699 παρίστασθαι
2459 2627 2664 2696 βήματι
2723 2625 2960 2697 φοϐερῷ.
3000 2625 3064 2677 Τί
3113 2625 3311 2695 δήποτε
3352 2622 3408 2674 δὲ
3447 2622 3613 2674 καὶοί

2030 2711 2254 2779 ἄγγελοι
2296 2711 2415 2763 τότε
2446 2709 2732 2780 τρέμουσι,
2788 2710 2880 2762 καὶ
2933 2709 2990 2760 αἱ
3034 2707 3316 2778 ἀσώματοι
3356 2705 3613 2773 δυνάμεις

2030 2796 2235 2848 ἐκεῖναι
2259 2793 2588 2855 δεδοίκασινς
2612 2793 2733 2845 οὐδὲ
2759 2793 2868 2862 γάρ
2894 2795 3091 2845 ἐκεῖνοι
3143 2789 3392 2860 μέλλουσι
3432 2788 3616 2858 κρίνει-

2032 2879 2176 2932 σθαι.
2204 2878 2468 2951 Καθάπερ
2499 2878 2754 2931 δικαστοῦ
2785 2879 2910 2941 τοὺς
2945 2876 3279 2937 ὑπευθύνους
3317 2872 3614 2926 καταδικά-

2031 2964 2246 3028 ζοντος,
2290 2962 2383 3016 καὶ
2427 2964 2510 3032 ἐφ’
2553 2961 2755 3033 ὑψηλοῦ
2794 2962 2888 3014 τοῦ
2941 2961 3180 3031 βήματος
3224 2955 3612 3025 καθεζομένου,

2029 3047 2150 3118 οὐχὶ
2179 3048 2229 3099 οἱ
2258 3045 2548 3099 ὑπεύθυνοι
2579 3046 2759 3116 μόνον,
2792 3044 2926 3097 ἀλλά
2957 3045 3049 3096 καὶ
3083 3045 3130 3095 οἱ
3159 3043 3256 3111 τῆς
3283 3040 3490 3104 τάξεως
3515 3038 3613 3090 αὑ-

2029 3133 2129 3200 τῆς
2159 3128 2528 3200 παρεστῶτες,
2563 3131 2612 3181 οί
2648 3128 2814 3199 μηδὲν
2854 3129 3067 3188 ἑαυτοῖς
3118 3124 3436 3185 συνειδότες,
3464 3123 3614 3190 ὅμως

2028 3214 2298 3267 δεδοίκασι
2321 3213 2416 3266 καὶ
2446 3214 2727 3282 φρίττουσι
2765 3211 2854 3264 διά
2874 3211 2965 3264 τὸν
2999 3209 3160 3279 φόϐον
3193 3205 3288 3260 τοῦ
3320 3206 3572 3260 δικαστοῦ
3594 3222 3610 3237 ⁸

2027 3297 2171 3350 οὕτω
2197 3297 2288 3350 καὶ
2313 3295 2456 3361 τότε,
2486 3297 2586 3366 τῆς
2616 3295 2832 3364 φύσεως
2865 3295 2962 3364 τῆς
2989 3294 3263 3364 ἡμετέρας
3288 3288 3614 3362 κρινομένης

2027 3381 2122 3436 καὶ
2153 3381 2262 3435 τῶν
2293 3380 2784 3451 πλημμελημάτων
2813 3379 2912 3442 τάς
2933 3378 3158 3439 εὐθύνας
3184 3373 3611 3444 άπαιτουμένης,

2027 3467 2122 3517 καὶ
2149 3467 2198 3518 οί
2241 3463 2408 3534 μηδὲν
2441 3463 2741 3525 συνειδότες
2779 3463 2991 3524 ἑαυτοῖς
3017 3460 3259 3528 ἄγγελοι,
3293 3458 3385 3512 καὶ
3419 3458 3474 3509 αἱ
3511 3456 3613 3507 λοι-

2027 3549 2128 3601 παὶ
2155 3548 2412 3618 δυνάμεις
2435 3546 2702 3600 δεδοίκασι
2734 3547 2827 3599 καὶ
2851 3544 3117 3614 τρέμουσι
3142 3543 3227 3595 διὰ
3255 3541 3352 3612 τὴν
3383 3542 3486 3593 ἀπε
3498 3538 3612 3608 ιλὴν

2025 3632 2120 3684 τοῦ
2173 3629 2445 3687 δικαστοῦ.
2511 3629 2672 3683 Ἀλλά
2715 3630 2872 3682 τοῦτο
2909 3629 3009 3699 μὲν
3049 3628 3318 3696 ἔγνωμεν·
3353 3623 3500 3686 τίνος
3543 3623 3602 3674 δὲ

2025 3716 2209 3768 ’ένεκεν
2229 3715 2323 3768 καὶ
2346 3713 2433 3768 διά
2458 3713 2510 3764 τί
2540 3713 2678 3783 έχων
2694 3714 2783 3764 τὸν
2816 3712 3048 3784 σταυρὸν
3075 3711 3294 3782 ἔρχεται
3315 3725 3330 3774 ;
3355 3707 3612 3763 Μάνθανε

2025 3800 2120 3851 καὶ
2144 3797 2333 3850 τούτου
2363 3797 2461 3866 τὴν
2484 3796 2686 3849 αἰτίαν.
2716 3796 2833 3850 Ἵνα
2861 3795 2968 3868 γὰρ
2995 3795 3059 3847 δι’
3085 3793 3263 3846 αὐτῶν
3302 3791 3409 3845 τῶν
3436 3790 3612 3860 ἔργων

2029 3882 2272 3952 μάθωσιν
2299 3881 2349 3934 οί
2381 3878 2796 3951 σταυρώσαντες
2818 3880 2918 3950 τὴν
2955 3879 3162 3935 οἰκείαν
3195 3873 3612 3946 ἀγνωμοσύνην,

2024 3965 2114 4019 διὰ
2135 3965 2295 4019 τοῦτο
2327 3965 2490 4017 αὑτὸν
2521 3963 2611 4016 τὸν
2645 3963 2864 4033 ἔλεγχον
2895 3962 2996 4032 τῆς
3039 3961 3235 4031 μανίας
3272 3961 3456 4021 αὐτοῖς
3505 3957 3612 4010 δεί·

2025 4067 2204 4104 κνυσι.
2238 4049 2349 4102 Καὶ
2379 4049 2466 4101 ἵνα
2501 4047 2678 4119 μάθῃς
2710 4047 2792 4100 ὅτι
2826 4046 2913 4099 διὰ
2943 4044 3102 4098 τοῦτο
3131 4044 3290 4097 αὐτὸν
3325 4042 3502 4113 φέρει,
3526 4041 3613 4092 ’ίνα

2024 4133 2206 4187 αὐτῶν
2234 4131 2563 4201 καθάψηται,
2597 4130 2762 4184 ἄκουε
2795 4129 2956 4182 πάλιν
2986 4127 3152 4182 αὑτοῦ
3198 4127 3292 4179 τοῦ
3323 4125 3611 4194 εὐαγγελι-

2026 4215 2153 4269 στοῦ
2189 4216 2472 4283 λέγοντοςο
2526 4214 2663 4267 Τότε
2693 4213 3029 4282 φανήσεται
3083 4210 3149 4263 τὸ
3200 4207 3453 4278 σημεῖον
3504 4206 3614 4260 τοῦ

2030 4299 2168 4353 Υίοῦ
2189 4298 2295 4352 τοῦ
2317 4295 2652 4364 ἀνθρώπου,
2678 4295 2775 4349 καί
2806 4295 3095 4363 κόψονται
3119 4292 3308 4347 πᾶσαι
3335 4293 3394 4346 at
3423 4288 3610 4360 φυλαὶ

2021 4381 2134 4451 τῆς
2184 4380 2317 4452 γῆς,
2355 4379 2646 4450 βλέπουσαι
2685 4378 2774 4432 τὸν
2820 4379 3148 4449 κατήγορον,
3209 4377 3303 4430 καὶ
3349 4371 3608 4443 ἐπιγινώ-

2024 4483 2253 4520 σκουσαι
2277 4465 2336 4518 τὸ
2357 4465 2682 4536 ἁμάρτημα.
2711 4462 2822 4517 Καὶ
2845 4464 2896 4516 τί
2915 4459 3235 4532 θαυμάζεις,
3262 4461 3309 4513 εί
3334 4459 3424 4512 τὸν
3450 4475 3610 4511 σταυ-

2023 4550 2118 4621 ρὸν
2143 4549 2323 4621 φέρων
2353 4548 2603 4618 ἐρχεται;
2649 4547 2788 4600 αὑτά
2818 4547 2888 4601 τά
2921 4547 3213 4615 τραύματα
3261 4544 3378 4609 μεθ’
3413 4541 3610 4596 ἑαυτοῦ

2023 4632 2205 4704 φέρων
2229 4631 2466 4704 ἔρχεται.
2509 4630 2678 4684 Πόθεν
2706 4631 2886 4702 δῆλον,
2918 4631 3001 4684 ὃτι
3036 4630 3176 4683 αὑτά
3216 4629 3284 4682 τά
3316 4627 3610 4698 τραύματα

2023 4717 2178 4786 φέρει
2203 4715 2323 4786 μεθ’
2357 4713 2551 4769 ἑαυτοῦ
2578 4731 2592 4779 ;
2629 4715 2826 4767 Ἀκουε
2880 4713 2976 4767 τοῦ
3005 4713 3288 4784 προφήτου
3315 4709 3564 4778 λέγοντος
3589 4725 3605 4738 ο

2026 4802 2315 4869 Ὄψονται
2345 4801 2432 4864 εὶς
2457 4798 2530 4852 ὃν
2566 4796 2998 4865 ἐξεκέντησαν.
3039 4797 3309 4866 Καθάπερ
3358 4796 3470 4864 γάρ
3514 4793 3609 4846 ὲπὶ

2021 4883 2114 4936 τοῦ
2149 4882 2321 4952 Θωμᾶ
2354 4882 2600 4951 ἐποίησε,
2635 4881 2958 4952 βουλόμενος
2981 4881 3086 4951 τὴν
3111 4880 3368 4933 ἀπιστίαν
3390 4877 3610 4950 διορθῶ-

2023 4985 2111 5021 σαι
2135 4966 2228 5021 τοῦ
2254 4965 2496 5039 μαθητοῦ
2521 5007 2535 5030 ,
2575 4967 2670 5020 καὶ
2692 4967 2890 5033 ἔδειξεν
2924 4963 3074 5035 αύτῷ
3112 4965 3237 5028 τοὺς
3264 4963 3468 5025 τύπους
3499 4962 3609 5014 τῶν

2020 5051 2185 5123 ἥλων,
2216 5049 2309 5104 καὶ
2337 5051 2477 5104 αὑτά
2501 5049 2567 5104 τά
2595 5049 2909 5121 τραύματα,
2944 5049 3039 5102 καὶ
3064 5047 3235 5116 λέγει,
3271 5047 3420 5118 [M9]
3452 5043 3608 5098 Βάλε

2019 5135 2127 5188 τὸν
2156 5133 2460 5188 δάκτυλόν
2490 5151 2627 5197 σου,
2657 5134 2754 5187 καί
2779 5132 2920 5202 φέρε
2953 5131 3069 5200 τὴν
3094 5129 3263 5201 χεῖρά
3307 5145 3426 5183 σου
3444 5168 3460 5192 ,
3507 5129 3604 5180 καὶ

2022 5219 2132 5280 ἴδε,
2159 5217 2250 5272 ὅτι
2281 5218 2518 5288 πνεῦμα
2556 5215 2754 5286 σάρκα
2799 5217 2899 5270 καί
2943 5216 3127 5271 ὀστέα
3173 5217 3283 5267 οὐκ
3320 5214 3466 5282 ἔχει,
3519 5213 3608 5264 ἵνα

2019 5301 2168 5374 δείξῃ
2195 5302 2365 5373 αὐτῷ,
2394 5304 2474 5355 ὅτι
2500 5300 2716 5370 ἀληθῶς
2745 5301 2944 5372 ἀνέστη
2967 5314 2980 5328 ’
3013 5299 3156 5352 οῦτω
3188 5299 3280 5350 καὶ
3302 5298 3424 5349 τότε
3450 5296 3604 5365 φέρει

2019 5387 2087 5440 τά
2118 5387 2409 5458 τραύματα
2434 5387 2526 5440 καὶ
2562 5387 2654 5438 τὸν
2682 5384 2940 5455 σταυρὸν,
2984 5385 3068 5436 ἵνα
3109 5383 3292 5444 αὐτοῖς
3317 5379 3485 5451 δείξῃ,
3521 5381 3602 5431 ὄτι

2020 5470 2182 5532 αὐτός
2220 5471 2366 5522 ἐστιν
2390 5472 2593 5532 ἐκεῖνος
2621 5470 2649 5521 6
2676 5467 3028 5538 σταυρωθείς.
3059 5464 3212 5532 Μέγα
3262 5463 3369 5535 ἄρα
3401 5462 3606 5531 ἀγαθὸν

2021 5554 2115 5605 καλ⁸
2145 5555 2430 5623 σωτήριον,
2480 5552 2576 5606 καὶ
2620 5553 2920 5622 τεκμήριον
2959 5549 3187 5620 ἐναργὲς
3213 5549 3311 5618 τῆς
3339 5545 3432 5599 τοῦ
3465 5544 3606 5599 Θεοῦ

2023 5637 2452 5708 φιλανθρωπίας.

2090 5811 2150 5857 ε’.
2172 5801 2386 5858 Μᾶλλον
2413 5802 2469 5856 δὲ
2502 5801 2599 5873 οὑχ
2624 5804 2652 5855 6
2691 5800 2923 5872 σταυρὸς
2955 5802 3134 5874 μόνον,
3161 5800 3294 5854 ἀλλά
3333 5800 3427 5853 καὶ
3461 5797 3603 5853 αὐτά

2020 5893 2086 5948 τὰ
2137 5893 2354 5961 ῥήματα
2379 5887 2447 5942 τὰ
2501 5889 2592 5940 ἐπὶ
2651 5889 2742 5942 τοῦ
2800 5884 3052 5962 σταυροῦ⁶
3096 5887 3366 5940 δείκνυσιν
3438 5882 3606 5940 αὐτοῦ
