4066 6392
481 391 586 445 415

477 504 571 572 τὴν
606 502 810 570 ἄφατον
835 503 1263 576 φιλανθρωπίαν.
1281 511 1390 563 Καὶ
1419 511 1583 564 ἄκουε
1614 512 1793 567 αὐτῶν
1821 513 1928 566 τῶν
1960 518 2056 586 ρη-

478 586 682 641 ιιάτων.
713 586 1087 657 Παρεστώτων
1127 590 1234 660 γὰρ
1268 593 1447 646 αὐτῶν
1480 595 1587 646 τῶν
1631 598 2060 666 σταυρωσάντων

486 669 566 722 (at
595 668 672 739 τῷ
704 669 859 739 θυμῷ
899 668 1152 735 ζεόντων,
1194 673 1405 742 Πάτερ,
1450 679 1634 745 φησιν,
1665 680 1816 747 ἄφες
1855 681 2060 746 αὐτοῖς

475 751 588 817 τὴν
611 753 904 821 ἁμαρτίαν
926 755 1151 822 ταύτην
1170 773 1183 785 ·
1207 760 1279 810 οὐ
1305 761 1416 827 γὰρ
1439 760 1641 816 οἴδασι
1673 763 1729 814 τί
1753 763 2058 818 ποιοῦσιν.

477 831 628 898 Εἶδες
670 835 1076 908 φιλανθρωπίαν
1134 841 1437 908 Δεσπότου;
1478 845 1896 916 σταυρούμενος,
1922 847 2060 917 ύπέρ

472 918 580 969 τῶν
613 918 987 988 σταυροῦντων
1037 924 1338 993 παρεκάλει
1360 944 1372 955 ·
1405 926 1582 981 καίτοι
1609 931 1806 981 ἐκεῖνοι
1829 928 2058 998 ἐχλεύα-

474 1001 564 1064 ζον
609 1000 703 1052 καὶ
747 1001 992 1072 διέσυρον
1037 1005 1198 1058 αὐτὸν
1253 1007 1519 1076 λέγοντες·
1573 1013 1643 1064 Εἰ
1689 1011 1820 1077 Υἱὸς
1855 1008 1913 1064 εἷ
1941 1013 2047 1066 τοῦ

476 1083 648 1147 Θεοῦ,
707 1084 992 1152 κατάϐηθι
1044 1090 1163 1142 ἀπὸ
1212 1091 1318 1145 τοῦ
1346 1095 1636 1160 σταιιροῦ.
1672 1096 1782 1148 Καὶ
1840 1096 1944 1165 μὴν
1974 1094 2060 1149 διὰ

473 1167 630 1220 τοῦτο
658 1169 720 1220 ού
747 1170 1064 1222 καταϐαίνει
1115 1173 1223 1225 ἀπὸ
1251 1173 1342 1239 τοῦ
1394 1176 1652 1242 σταυροῦ,
1715 1178 1900 1248 ἐπειδὴ
1934 1178 2060 1240 rw;

475 1251 590 1303 ἐστι
625 1251 719 1303 τοῦ
763 1251 932 1306 Θεοῦ·
980 1253 1069 1308 διὰ
1098 1256 1256 1308 τοῦτο
1286 1260 1393 1328 γὰρ
1439 1254 1622 1329 ἦλθεν,
1653 1261 1738 1313 ἵνα
1773 1262 2056 1332 σταυρωθῇ

478 1334 617 1404 ὑπὲρ
663 1335 839 1404 ἡμῶν.
880 1338 1230 1402 Καταθάτω,
1258 1343 1443 1408 φησὶν,
1466 1344 1586 1396 ἀπὸ
1619 1343 1727 1397 τοῦ
1768 1345 2056 1412 σταυροῦ,

477 1417 579 1470 ἵνα
625 1417 872 1486 ἴδωμεν,
922 1420 1020 1473 καὶ
1066 1425 1486 1492 πιστεύσωμεν
1523 1427 1610 1491 είς
1662 1428 1869 1480 αὐτόν.
1916 1428 2059 1498 Ὅρα

474 1498 859 1569 ἀναισχυντίας
891 1503 1112 1573 ῥήματα
1147 1504 1240 1558 καὶ
1291 1507 1597 1577 προφάσεις
1635 1507 1912 1572 ἀπιστίας.
1947 1508 2056 1562 Τοῦ

475 1583 779 1654 καταϐῆναι
807 1586 913 1638 ἀπὸ
941 1587 1035 1640 τοῦ
1072 1588 1305 1659 σταυροῦ
1344 1590 1528 1660 μςίζον
1555 1592 1808 1662 ἐποίησε,
1833 1592 1928 1646 καὶ
1956 1593 2058 1646 οὐκ

475 1667 822 1731 ἐπίστευσαν,
851 1670 944 1722 καὶ
975 1669 1069 1723 νῦν
1100 1671 1338 1739 λέγουσι·
1372 1674 1601 1726 Κατάϐα
1633 1675 1742 1728 ἀπὸ
1771 1675 1865 1728 τοῦ
1893 1693 2057 1730 σταυ-

480 1749 597 1820 ροῦ,
634 1752 727 1804 καὶ
780 1753 1146 1825 πιστεύσομέν
1194 1773 1297 1809 σοι.
1334 1757 1441 1809 Τοῦ
1475 1759 1582 1828 γὰρ
1617 1757 1922 1828 καταϐῆναι
1950 1759 2059 1812 67:6

474 1834 570 1887 τοῦ
613 1836 849 1908 σταυροῦ
897 1838 1032 1890 πολὺ
1089 1839 1272 1909 μεῖζον
1310 1837 1377 1912 ἦν
1412 1841 1474 1894 τὸ
1519 1843 1710 1913 νεκρὸν
1739 1842 2056 1913 ἀναστῆναι,

474 1917 570 1972 τοῦ
603 1919 752 1973 λίθου
786 1923 1137 1992 ἐπικειμένου
1167 1925 1246 1994 τῷ
1270 1927 1424 1996 τάφῳ
1446 1942 1458 1956 ·
1495 1925 1589 1978 τοῦ
1618 1925 1921 1996 καταϐῆναι
1951 1925 2060 1979 ἀπὸ

474 2003 569 2057 τοῦ
608 2005 844 2076 σταυροῦ
884 2007 1020 2059 πολὺ
1062 2009 1246 2078 μεῖζον
1286 2005 1355 2080 ἦν
1397 2012 1769 2081 τετραήμερον
1801 2010 1931 2062 ὄντα
1963 2011 2054 2062 τὸν

475 2088 722 2160 Λάζαρον
742 2091 974 2162 κειρίαις
997 2091 1457 2165 ἐνειλημ[μ]ένον,
1476 2095 1613 2164 μετά
1627 2095 1838 2147 τούτων
1858 2095 2057 2161 ἐξαγα-

475 2176 594 2237 γεῖν
622 2173 686 2224 ἐκ
721 2173 815 2226 τοῦ
866 2175 1153 2245 μνημείου.
1203 2173 1359 2239 Εἶδες
1406 2177 1594 2240 ἀνοίας
1636 2179 1891 2248 ῥήματα;
1922 2175 2059 2241 εἶδες

479 2253 680 2322 μανίας
711 2256 1054 2328 ὑπερϐολήν;
1084 2258 1219 2313 ἀλλά
1252 2260 1550 2331 προσέχετε
1584 2260 1722 2330 μετά
1753 2260 2056 2331 ἀκριϐείας,

476 2338 801 2408 παρακαλῶ,
840 2341 927 2393 ἵνα
965 2342 1143 2410 είδῆτε
1175 2343 1311 2396 Θεοῦ
1344 2343 1754 2413 φιλανθρωπίαν
1783 2343 2056 2414 ὑπερϐάλ-

478 2418 698 2485 λουσαν,
727 2423 824 2474 καὶ
856 2422 972 2486 πῶς
1014 2424 1150 2495 αὐτῇ
1177 2427 1240 2495 τῇ
1292 2425 1449 2496 ἀνοίᾳ
1491 2425 1672 2479 αὐτῶν
1705 2427 1926 2496 ἀφορμῇ
1963 2425 2057 2478 κέ-

475 2521 675 2574 χρη-ται
713 2507 794 2569 εἰς
830 2507 1162 2579 συγγνώμην
1213 2511 1241 2562 6
1279 2510 1533 2580 Χριστός.
1575 2509 1768 2578 Πάτερ
1791 2550 1804 2572 ,
1853 2509 2015 2579 φησὶν
2042 2550 2058 2574 ,

474 2587 626 2654 ἄφες
653 2589 857 2654 αὐτοῖς
876 2589 992 2658 τὴν
1022 2591 1316 2661 ἁμαρτίαν
1334 2608 1346 2622 ·
1380 2595 1451 2646 οὺ
1478 2593 1588 2661 γὰρ
1619 2592 1818 2647 οἴδασι
1852 2592 1910 2644 τί
1935 2608 2060 2644 ποι-

475 2669 636 2724 οῦσι.
654 2672 951 2742 Μονονουχὶ
970 2673 1078 2744 γὰρ
1104 2673 1260 2727 τοῦτο
1281 2674 1446 2744 δηλοῖ,
1474 2675 1540 2728 δι’
1565 2668 1639 2728 ὧν
1662 2692 1846 2745 φησιν·
1877 2675 2060 2745 Ἀνόη-

475 2752 558 2804 τοί
593 2753 727 2813 εἰσι.
772 2755 868 2806 καὶ
919 2755 1202 2822 ἀγνοοῦσιν
1236 2756 1264 2808 ὃ
1299 2757 1619 2828 πράττουσι.
1655 2759 1912 2810 Κάκεῖνοι
1961 2756 2059 2826 μὲν

477 2834 681 2902 ελεγον·
720 2837 786 2888 El
816 2835 948 2902 Υἱὸς
963 2837 1019 2890 εἷ
1043 2837 1148 2891 τοῦ
1171 2839 1340 2904 Θεοῦ,
1360 2837 1571 2892 σῶσον
1589 2840 1852 2892 σεαυτόν
1869 2856 1881 2868 ·
1901 2838 2061 2901 αὐτὸς

476 2918 532 2970 δὲ
567 2917 900 2983 ἐσπούδαζεν
926 2920 1073 2984 ὅπως
1103 2923 1344 2984 ἐκείνους
1368 2921 1518 2994 σώσῃ
1539 2923 1664 2985 τοὺς
1702 2919 2060 2986 ὀνειδίζοντας

476 3001 626 3072 αὐτῷ
659 3003 753 3055 καὶ
799 3003 1199 3074 κωμῳδοῦντας
1244 3007 1339 3060 καὶ
1368 3006 1829 3078 λοιδορουμένους.
1876 3008 2060 3075 ’Ἄφες

477 3085 704 3152 αὐτοῖς,
725 3086 880 3156 φησὶ,
909 3087 1023 3153 τὴν
1042 3088 1335 3157 ἁμαρτίαν
1354 3091 1605 3155 ταύτην·
1629 3091 1701 3142 οὺ
1729 3091 1836 3158 γὰρ
1862 3089 2060 3143 οἴδασι

476 3171 535 3222 τί
570 3171 834 3224 ποιοῦσι.
871 3170 936 3222 Τί
976 3167 1104 3237 οῦν;
1141 3173 1352 3242 ἀφῆκεν
1382 3173 1569 3235 αὐτοῖς
1612 3174 1713 3242 τὴν
1750 3173 2057 3243 ἀμαρτίαν;

491 3252 697 3322 Ἀφῆκε
722 3257 832 3316 τοῖς
856 3253 1200 3324 βουλομένοις
1226 3255 1326 3325 τὴν
1358 3257 1644 3326 μετάνοιαν
1669 3256 2059 3322 ἐπιδείξασθαι.

481 3335 592 3387 Καὶ
611 3337 660 3388 εἰ
697 3336 772 3407 μὴ
795 3337 1006 3406 ἀφῆκεν
1032 3339 1216 3401 αὐτοῖς
1242 3338 1340 3407 τὴν
1366 3339 1663 3410 ἁμαρτίαν,
1697 3340 1798 3393 οὐκ
1821 3341 1887 3392 ἂν
1917 3340 2057 3393 Παῦ-

475 3423 570 3482 λος
618 3419 916 3482 ἀπόστολος
962 3419 1213 3486 ἐγένετο·
1262 3421 1310 3472 εἰ
1353 3420 1427 3491 μὴ
1471 3422 1684 3492 ἀφῆκεν
1739 3422 1922 3484 αὐτοῖς
1965 3423 2062 3493 τὴν

485 3502 780 3572 ἁμαρτίαν,
813 3502 913 3554 οὐκ
939 3501 1241 3567 ἀνεύθέως
1273 3502 1560 3574 τρισχίλιοι
1591 3505 1685 3557 καὶ
1715 3506 2064 3576 πεντακισχί-

479 3585 604 3650 λιοι,
637 3585 738 3638 οὐκ
775 3585 839 3638 ἂν
869 3587 925 3638 αἱ
973 3586 1164 3639 πολλαὶ
1197 3586 1456 3657 μυριάδες
1494 3587 1603 3640 τῶν
1638 3589 1910 3642 Ἰουδαίων
1941 3591 2062 3642 ἐπί-

483 3685 717 3721 στευσαν
773 3668 1020 3739 ὕστερον.
1069 3670 1332 3722 ’Ἄκουσον
1365 3671 1475 3742 γάρ
1518 3671 1569 3723 τί
1616 3690 1749 3741 φησι
1784 3673 1920 3744 πρὸς
1970 3675 2063 3725 τὸν

483 3751 693 3806 Παῦλον
726 3751 982 3815 Ἰάκωϐος
1007 3754 1065 3805 ἐν
1089 3752 1353 3823 Ἰεροσολύ
1363 3772 1480 3824 μοις
1498 3769 1511 3784 ·
1535 3757 1797 3824 Θεωρεῖς,
1816 3757 2061 3825 ἀδελφέ,

481 3837 668 3888 πόσαι
714 3834 1000 3905 μυριάδες
1059 3835 1179 3889 εἰσὶ
1225 3834 1346 3891 τῶν
1385 3842 1873 3893 πεπιστευκότων
1915 3843 2062 3894 Ἰου-

478 3919 688 3973 δαίων.

553 3999 940 4072 Μιμησώμεθα
985 3999 1206 4060 τοίνυν.
1259 4001 1594 4072 παρακαλῶ,
1625 4004 1720 4056 καὶ
1766 4005 1925 4075 ἡμεῖς
1971 4005 2062 4057 τὸν

480 4085 790 4155 Δεσπότην,
834 4084 927 4136 καὶ
965 4084 1105 4154 ὑπὲρ
1145 4083 1252 4138 τῶν
1293 4085 1502 4156 ἐχθρῶν
1549 4087 1855 4156 εὐχώμεθα.
1885 4087 2062 4158 ’Ἂπερ

483 4168 608 4239 χθὲς
640 4166 945 4239 παρῄνεσα,
974 4166 1146 4220 ταῦτα
1167 4169 1260 4220 καὶ
1283 4167 1378 4222 νῦν
1405 4169 1565 4224 πάλιν
1594 4171 1842 4242 παραινῶ
1861 4187 1873 4200 ·
1907 4171 2062 4235 εἰδώς

482 4252 575 4304 τοῦ
611 4250 1035 4321 κατορθώματος
1063 4251 1123 4302 τὸ
1164 4250 1413 4321 μέγεθος,
1445 4254 1682 4324 μίμησαί
1716 4272 1807 4308 σου
1845 4253 1937 4308 τὸν
1963 4259 2060 4307 Δε-

486 4335 690 4406 σπότην
714 4351 727 4364 ·
764 4335 970 4396 ἐκεῖνος
998 4335 1344 4405 ἐσταυροῦτο,
1370 4339 1464 4390 καὶ
1484 4337 1625 4407 ὑπὲρ
1643 4337 1746 4391 τῶν
1772 4337 2063 4410 σταυρούν-

481 4436 592 4471 των
626 4417 946 4489 παρεκάλει.
977 4417 1086 4470 Καὶ
1113 4417 1230 4481 πῶς
1261 4418 1515 4490 δύναμαι,
1547 4421 1700 4492 φησι,
1735 4421 1826 4474 τὸν
1861 4422 2062 4474 Δεσπό-

482 4519 583 4574 την
612 4500 989 4572 μιμήσασθαι;
1033 4501 1130 4553 Ἂν
1161 4501 1370 4572 ἐθέλῃς,
1401 4503 1656 4557 δύνασαι·
1689 4507 1737 4558 εί
1776 4505 1850 4576 μὴ
1877 4501 1944 4576 ἦν
1973 4505 2063 4557 δυ-

483 4586 663 4650 νατὸν,
709 4587 810 4638 οὐκ
853 4585 918 4638 ἂν
957 4584 1127 4652 ἔλεγε·
1174 4585 1404 4641 Μάθετε
1438 4588 1538 4642 ἀπ’
1570 4588 1716 4657 ἐμοῦ
1750 4588 1842 4641 ὅτι
1873 4587 2062 4656 πρᾶός

481 4673 600 4740 εἰμι
652 4670 753 4724 καὶ
785 4669 1066 4735 ταπεινὸς
1112 4668 1186 4738 τῇ
1230 4671 1477 4739 καρδίᾳ·
1530 4675 1577 4725 εί
1610 4672 1686 4744 μὴ
1717 4673 1940 4726 δυνατὸν
1993 4670 2061 4745 ἦν

486 4753 754 4828 ἀνθρώπῳ
782 4755 1142 4825 μιμήσασθαι,
1177 4755 1277 4807 οὐκ
1311 4754 1378 4808 ἂν
1407 4757 1434 4808 6
1459 4756 1668 4819 Παῦλος
1693 4750 1839 4810 εἷπε·
1875 4757 2062 4825 Μιμη-

486 4839 582 4892 ταί
601 4857 720 4908 μου
737 4841 996 4909 γίνεσθε,
1017 4837 1212 4902 καθὼς
1231 4839 1389 4907 κάγὼ
1403 4840 1676 4906 Χριστοῦ.
1701 4839 1845 4911 Πλὴν
1867 4840 1980 4894 ἀλλ’
1998 4841 2059 4892 οὐ

487 4921 667 4993 βούλει
704 4920 1050 4992 μιμήσασθαι
1095 4922 1187 4974 τὸν
1221 4923 1533 4991 Δεσπότην;
1569 4922 1808 4994 μίμησαί
1847 4941 1940 4976 σου
1972 4923 2060 4976 τὸν

484 5005 642 5081 [420]
681 5005 999 5068 σύνδουλον,
1040 5004 1131 5058 τὸν
1177 5006 1449 5074 Στέφανον
1479 5006 1656 5072 λέγω,
1706 5006 1797 5059 τὸν
1848 5005 2059 5076 πρῶτον

483 5093 776 5158 ἀνοίξαντα
822 5090 922 5153 τὰς
973 5090 1067 5142 τοῦ
1110 5091 1414 5161 μαρτυρίου
1466 5091 1670 5162 θύρας·
1725 5093 1933 5154 ἐκεῖνος
1970 5092 2060 5144 τὸν

484 5175 762 5244 Δεσπότην
792 5174 1124 5244 ἐμιμήσατο.
1160 5173 1428 5243 Καθάπερ
1462 5174 1571 5243 γὰρ
1599 5174 1628 5224 6
1657 5173 1933 5244 Δεσπότης
1968 5192 2062 5244 με-

485 5259 620 5324 ταξὺ
656 5259 763 5311 τῶν
795 5255 1170 5328 σταυρούντων
1219 5257 1379 5309 αὑτὸν
1413 5257 1760 5327 κρεμάμενος
1793 5257 1932 5326 ὑπὲρ
1953 5259 2059 5310 τῶν

485 5342 864 5414 σταυρούντων
897 5340 1228 5409 παρεκάλει,
1259 5339 1400 5392 οὕτω
1430 5340 1524 5393 καὶ
1565 5342 1593 5393 6
1639 5340 1820 5404 δοῦλος
1857 5342 2057 5411 μεταξὺ

484 5426 597 5480 τῶν
625 5424 952 5489 λιθαζόντων
979 5423 1077 5488 ὢν,
1108 5423 1430 5494 βαλλόμενος
1453 5424 1554 5476 ὑπὸ
1586 5423 1820 5487 πάντων,
1847 5425 1940 5477 καὶ
1962 5429 2060 5489 τὰς

484 5509 710 5580 νιφάδας
728 5509 834 5563 τῶν
848 5508 1010 5561 λίθων
1025 5508 1328 5578 δεχόμενος,
1346 5507 1442 5568 τὰς
1456 5505 1647 5570 ὀδύνας
1668 5508 1763 5570 τὰς
1779 5509 1842 5561 ἐκ
1855 5509 2060 5562 τούτων

485 5594 772 5664 γινομένας
788 5593 944 5661 ἀφεὶς
963 5592 1133 5660 ἔλεγε·
1159 5593 1352 5659 Κύριε,
1373 5591 1456 5659 μὴ
1476 5591 1715 5658 στήσῃς
1729 5592 1931 5658 αὐτοῖς
1948 5592 2062 5660 τὴν

484 5679 778 5748 ἁμαρτίαν
824 5679 1066 5743 ταύτην.
1093 5672 1240 5738 Εἶδες
1291 5675 1406 5738 πῶς
1447 5675 1574 5738 Υἱὸς
1606 5675 1930 5744 διαλέγεται,
1965 5679 2059 5731 καὶ

488 5763 603 5824 πῶς
647 5761 830 5824 δοῦλος
874 5760 1121 5831 εὔχεταις
1170 5761 1378 5823 ἐκεῖνος
1432 5759 1614 5828 λέγει·
1645 5760 1870 5828 Πάτερ,
1909 5763 2059 5830 ἄφες

492 5841 692 5909 αὐτοῖς
737 5843 849 5910 τὴν
899 5845 1189 5916 ἁμαρτίαν
1224 5845 1446 5911 ταύτην
1467 5861 1480 5875 ·
1515 5846 1586 5897 οὐ
1621 5844 1730 5913 γὰρ
1773 5844 1970 5899 οἴδασι
2002 5849 2060 5901 τί

1159 396 1216 450 S.
1251 393 1536 452 JOANNIS
1573 398 2066 482 CHRYSOSTOMI
2109 400 2430 459 ARCHIEP.
2476 402 3016 461 CONSTANTINOP.

3624 399 3728 452 “6

2166 517 2474 570 ποιοῦσιν·
2509 513 2658 582 οὗτος
2699 518 2864 586 λέγει·
2908 517 3108 584 Κύριε,
3135 497 3224 584 μὴ
3256 516 3493 584 στήσῃς
3535 521 3731 587 αὐτοῖς

2163 600 2277 665 τὴν
2301 601 2592 668 ἁμαρτίαν
2643 603 2888 666 ταύτην.
2932 600 3042 652 Καὶ
3083 601 3170 652 ἵνα
3210 599 3386 671 μάθῃς
3430 601 3511 653 ὃτι
3538 601 3739 658 ἐσπουαο

2161 684 2441 753 δασμένως
2473 683 2632 736 τοῦτο
2654 686 2818 748 ποιεῖ,
2857 684 2955 752 οὐχ
2991 683 3179 745 ἁπλῶς
3212 682 3434 753 ηῦξατο,
3464 685 3583 737 οὐδὲ
3636 687 3742 755 ἀφ·

2162 766 2516 836 ωσιωμένως,
2552 767 2670 820 οὐδὲ
2714 765 2906 828 ἑστὼς.
2939 765 3074 819 ἀλλά
3114 767 3225 829 θεὶς
3253 767 3322 820 τὰ
3343 767 3566 834 γόνατα,
3601 767 3742 837 μετά

2163 849 2526 915 κατανύξεως,
2569 850 2706 920 μετά
2740 849 2938 922 πολλῆς
2990 851 3086 920 τῆς
3130 851 3492 921 συμπαθείας.
3544 851 3738 906 Βούλει

2164 958 2246 994 σοι
2300 939 2460 1006 δείξω
2510 941 2602 993 καὶ
2647 940 2806 995 ἄλλον
2855 939 3136 994 σύνδουλον
3182 941 3402 1010 μείζονα
3450 939 3739 1011 εὐχόμενον

2161 1027 2326 1098 εὐχὴν
2357 1027 2495 1099 ὑπὲρ
2522 1026 2628 1080 τῶν
2650 1027 2861 1100 ἐχθρῶν
2883 1043 2897 1092 ;
2927 1029 3091 1082 ἄκουε
3121 1026 3214 1079 τοῦ
3239 1027 3509 1098 μακαρίου
3529 1027 3738 1081 Παύλου

2161 1114 2442 1180 λέγοντος·
2484 1114 2626 1185 μετὰ
2663 1115 2772 1186 γὰρ
2822 1115 2884 1167 τὸ
2931 1117 3104 1168 εἰπεῖν
3155 1114 3254 1167 ὅσα
3293 1115 3596 1178 πέπονθεν,
3653 1117 3737 1169 ὅτι

2160 1203 2448 1271 Πεντάκις
2493 1204 2949 1272 τεσσαράκοντα
2995 1205 3156 1272 παρὰ
3196 1205 3344 1273 μίαν
3395 1204 3554 1273 παρὰ
3595 1205 3740 1258 Ἰουο

2161 1291 2344 1345 δαίων
2361 1291 2603 1357 ἔλαϐον,
2617 1292 2743 1360 τρίς
2764 1291 3186 1360 ἑρῤαόδίσθην,
3204 1291 3366 1356 ἅπαξ
3383 1290 3730 1359 ἐλιθάσθην,

2161 1381 2285 1448 τρίς
2309 1381 2691 1451 ἐναυάγησα·
2728 1383 2821 1435 καὶ
2854 1380 3341 1453 ἀπαριθμήσασθαι
3384 1381 3473 1434 τὸν
3502 1381 3738 1452 ὀρμαθδν

2161 1469 2256 1522 καὶ
2281 1467 2379 1533 τὰς
2410 1468 2722 1534 ἐπιϐουλὰς,
2751 1469 2817 1532 ἃς
2852 1470 2980 1540 παρ’
3015 1466 3193 1522 αὐτῶν
3223 1467 3343 1520 καθ’
3373 1468 3607 1537 ἑκάστην
3637 1468 3743 1520 ὑπο

2161 1555 2366 1625 έμεινε,
2411 1556 2544 1626 φησὶ
2585 1557 2679 1610 καὶ
2721 1555 2912 1619 αὑτός·
2946 1556 3238 1624 Ηὺχόμην
3286 1554 3551 1623 ἀνάθεμα
3586 1549 3742 1608 εἷναι

2161 1644 2344 1710 αὐτὸς
2374 1643 2489 1714 ἐγὼ
2518 1643 2637 1698 ἀπὸ
2669 1644 2927 1712 Χριστοῦ
2953 1645 3105 1711 ὑπὲρ
3145 1642 3264 1696 τῶν
3296 1640 3574 1712 ἀδελφῶν
3599 1659 3738 1711 μου,

2163 1731 2279 1786 τῶν
2326 1731 2640 1803 συγγενῶν
2677 1751 2798 1800 μου
2849 1731 2999 1784 κατὰ
3043 1729 3242 1798 σάρκα
3267 1773 3279 1787 .
3331 1731 3548 1796 οἵτινές
3585 1734 3746 1784 εἰσιν

2175 1821 2550 1888 Ἰσραηλῖται.
2594 1819 2780 1882 Θέλεις
2805 1819 2898 1872 καὶ
2928 1818 3146 1888 ἐτέρους
3177 1819 3320 1876 ἰδεῖν,
3357 1819 3475 1889 οὐχὶ
3506 1819 3611 1871 ἀπὸ
3639 1818 3740 1888 τῆς

2163 1908 2393 1976 Καινῆς,
2427 1907 2562 1962 ἀλλά
2605 1909 2701 1961 καὶ
2748 1906 2857 1960 ἀπὸ
2886 1907 2986 1975 τῆς
3026 1906 3288 1969 Παλαιᾶς,
3317 1906 3377 1959 τὺ
3425 1905 3556 1960 αὐτὸ
3589 1905 3746 1960 τοῦτο

2165 1995 2488 2061 ποιοῦντας;
2541 1995 2711 2050 Τοῦτο
2751 1997 2860 2067 γὰρ
2898 1995 3132 2065 μάλιστά
3161 1996 3276 2047 ἐστι
3321 1994 3382 2047 τὸ
3409 1993 3743 2064 θαυμαστὸν,

2162 2085 2289 2138 ὅταν
2328 2086 2376 2138 οί
2415 2085 2490 2156 μὴ
2513 2084 2893 2148 κελευσθέντες
2940 2083 3066 2146 τοὺς
3114 2082 3340 2154 ἐχθροὺς
3387 2082 3580 2152 φιλεῖν,
3629 2082 3744 2136 ἀλλ’

2161 2173 2438 2242 ὀφθαλμὸν
2483 2173 2606 2226 ἀντὶ
2655 2171 2935 2242 ὀφθαλμοῦ
2957 2211 2972 2234 ,
3007 2171 3100 2224 καὶ
3128 2171 3314 2224 ὀδόντα
3364 2171 3485 2224 ἀντὶ
3527 2170 3740 2235 ὀδόντος

2162 2259 2467 2322 ἐκϐάλλειν,
2494 2261 2589 2315 καὶ
2615 2263 2727 2333 τοῖς
2765 2260 2900 2321 ίσοις
2942 2257 3266 2330 ἀμύνεσθαι,
3301 2253 3445 2312 οὗτοι
3482 2257 3616 2328 πρὸς
3645 2259 3747 2328 τὴν

2162 2347 2525 2418 ἅποστολικὴν
2577 2347 2824 2416 φθάσωσι
2881 2347 3147 2418 κορυφήν.
3203 2349 3468 2399 ’Ἄκουσον
3507 2343 3640 2414 γοῦν
3693 2343 3746 2398 τί

2162 2451 2294 2504 φησι
2345 2434 2591 2505 Μωῡσῆς
2645 2437 2674 2488 6
2726 2433 3114 2497 καταλευσθεὶς
3171 2433 3429 2497 πολλάκις
3479 2433 3586 2487 ὑπὸ
3635 2431 3747 2485 τῶν

2175 2518 2479 2572 Ἰουδαίων·
2530 2521 2600 2572 El
2649 2520 2767 2589 μὲν
2815 2519 2978 2588 ἀφῇς
3017 2519 3223 2585 αὐτοῖς
3264 2519 3379 2587 τὴν
3426 2519 3742 2587 ἁμαρτίαν.

2163 2607 2314 2676 ἄφες
2339 2625 2353 2637 ·
2385 2609 2439 2661 εὶ
2463 2607 2531 2660 δὲ
2549 2606 2660 2677 μὴ,
2677 2607 2830 2676 κάμὲ
2857 2607 3186 2675 ἑξὰκὶειψον
3207 2607 3275 2660 ἐκ
3295 2606 3406 2673 τῆς
3427 2604 3650 2670 ,βίϐλου
3670 2601 3746 2674 ἧς

2161 2695 2455 2764 ἔγραψας.
2487 2696 2652 2765 Ὁρᾷς
2677 2695 2905 2748 ἕκαστον
2931 2695 3039 2748 τῶν
3063 2695 3284 2748 δικαίων
3311 2693 3409 2763 τὴν
3433 2694 3542 2746 τῶν
3572 2693 3744 2746 ἄλλων

2163 2783 2468 2852 ἀσφάλειαν
2490 2781 2598 2853 πρὸ
2626 2782 2727 2852 τῆς
2759 2781 2966 2845 οἰκείας
2993 2782 3266 2853 σωτηρίας
3294 2781 3574 2851 τιθέμενον
3597 2798 3612 2846 ;
3641 2781 3745 2833 06-

2167 2870 2256 2922 δέν
2284 2871 2530 2941 ἥμαρτες
2550 2885 2562 2898 ·
2592 2870 2739 2931 τίνος
2772 2868 2958 2922 ἐνεκεν
3000 2869 3326 2938 κοινωνῆσαι
3362 2867 3538 2938 βούλει
3568 2867 3746 2922 αὐτῶν

2161 2959 2260 3028 τῆς
2287 2956 2588 3027 τιμωρίας;
2621 2956 2733 3008 Οὐκ
2756 2955 3104 3026 αἰσθάνομαι,
3124 2958 3278 3027 φησὶ,
3305 2960 3402 3027 τῆς
3420 2956 3746 3025 εὐπραγίας,

2164 3044 2366 3115 ἐτέρων
2396 3043 2715 3114 πασχόντων
2747 3043 2953 3106 κακῶς.
2992 3045 3147 3098 Ἔστι
3172 3043 3228 3096 δὲ
3261 3044 3353 3096 καὶ
3395 3044 3584 3115 ἓτερον
3615 3043 3744 3097 ἰδεῖν

2166 3133 2424 3202 τοιαύτην
2452 3131 2773 3202 ποιούμενον
2803 3133 2992 3203 εὐχήν.
3011 3132 3192 3185 Πολλά
3211 3133 3318 3202 γὰρ
3335 3132 3586 3202 ἐπίτηδες
3611 3150 3752 3203 παρ-

2165 3222 2282 3290 άγω
2303 3222 2369 3274 τὰ
2398 3221 2836 3292 παραδείγματα,
2856 3223 2943 3276 ἴνα
2970 3221 3074 3276 κᾶν
3101 3221 3272 3284 οὕτως
3286 3222 3508 3282 ἑαυτοὺς
3526 3219 3750 3291 διορθώ-

2167 3328 2367 3381 σωμεν,
2403 3311 2494 3363 καὶ
2521 3311 2582 3363 τὸ
2623 3310 2855 3382 χαλεπὸν
2884 3309 3041 3362 τοῦτο
3073 3311 3286 3380 νόσημα
3315 3311 3413 3379 τῆς
3439 3309 3616 3363 αὐτῶν
3643 3309 3748 3377 ψυ-

2165 3399 2267 3468 χῆς
2305 3397 2660 3468 ἐξορίσωμεν,
2691 3398 2753 3451 τὸ
2804 3397 3164 3468 κατεύχεσθαι
3209 3397 3353 3463 λέγω
3377 3396 3481 3450 τῶν
3509 3395 3743 3466 ἐχθρῶν.

2168 3488 2366 3539 ’Ἄκουε
2425 3487 2518 3539 καὶ
2558 3485 2653 3540 τοῦ
2692 3486 2960 3555 μακαρίου
3013 3484 3210 3548 Δαυῒδ,
3267 3485 3430 3554 ἡνίκα
3466 3483 3557 3537 τοῦ
3606 3481 3748 3536 Θεοῦ

2166 3576 2595 3646 παροξυνθέντος
2623 3577 2717 3628 καὶ
2746 3575 2976 3644 ἄγγελον
3006 3575 3424 3636 ἀποστείλαντος
3460 3573 3548 3626 τὸν
3575 3590 3748 3643 τιμω-

2172 3665 2474 3736 ρησόμενον
2499 3662 2560 3714 τὸ
2584 3662 2811 3732 πλῆθος,
2841 3663 2890 3714 τί
2918 3679 3104 3732 φησιν,
3145 3661 3286 3732 ὁρῶν
3315 3661 3501 3713 λοιπὸν
3533 3661 3750 3730 γυμνὴν

2164 3751 2262 3822 τὴν
2301 3751 2574 3822 ῥομφαίαν
2596 3750 2878 3803 δεικνύντα
2900 3749 2991 3801 τὸν
3019 3749 3249 3818 ἄγγελον
3282 3748 3374 3802 καὶ
3397 3749 3496 3817 τὴν
3530 3746 3746 3817 πληγὴν

2165 3842 2444 3911 ἐπιφέρειν
2472 3839 2732 3910 μέλλοντα
2751 3857 2763 3869 ·
2813 3837 2954 3909 Ἐγὼ
2989 3841 3023 3893 ό
3051 3837 3278 3906 ποιμὴν
3314 3836 3745 3901 ἐκακοποίησα.

2165 3928 2265 3984 καὶ
2312 3924 2478 3983 οὗτοι
2521 3926 2589 3980 τὸ
2619 3929 2900 3996 ποίμνιον
2942 3927 3001 3979 τί
3039 3926 3366 3990 ἐποίησαν;
3402 3923 3680 3976 Γενέσθω
3705 3922 3743 3986 ἠ

2165 4016 2292 4085 χειρ
2319 4031 2434 4070 σου
2464 4014 2555 4068 ἐπ’
2590 4013 2715 4083 ἐμὲ,
2754 4014 2853 4067 καί
2895 4013 2994 4066 ἐπὶ
3025 4012 3132 4065 τὸν
3173 4006 3340 4064 οῖιιον
3377 4008 3484 4063 τοῦ
3519 4010 3743 4075 πατρός

2158 4119 2300 4172 μου.
2342 4102 2506 4173 Ὀρᾷς
2535 4100 2698 4155 πάλιν
2730 4099 2968 4169 συγγενῆ
2993 4097 3062 4152 τὰ
3089 4096 3519 4170 κατορθώματα;
3551 4095 3742 4149 Βούλει

2165 4207 2250 4243 σοι
2286 4189 2445 4255 δείξω
2496 4190 2589 4242 καὶ
2644 4189 2832 4259 ἓτερον
2864 4186 3025 4240 τοῦτο
3071 4185 3361 4253 ποιοῦντας
3422 4183 3672 4256 Σαμουὴλ
3712 4185 3743 4237 6

2165 4277 2454 4349 προφήτης
2483 4275 2715 4346 ὑϐρίσθη
2749 4273 2902 4346 παρά
2929 4273 3038 4327 τῶν
3076 4273 3363 4338 Ἰουδαίων,
3394 4270 3740 4341 ἐξουθενήθη,

2163 4363 2413 4434 ἠτιμώθη
2461 4363 2655 4426 οὕτως,
2684 4362 2760 4425 ὡς
2805 4361 2898 4414 τὸν
2938 4361 3071 4415 Θεὸν
3112 4360 3330 4431 θελῆσαι
3361 4359 3524 4414 αὐτὸν
3561 4375 3746 4428 παρα-

2167 4450 2532 4524 μυθήσασθαι.
2550 4449 2876 4521 Προσέχετε,
2905 4447 3231 4519 παρακαλῶ,
3261 4447 3398 4518 μετά
3431 4445 3741 4518 ἀκριϐείας.

2163 4535 2298 4592 Εἶπε
2326 4538 2434 4610 γὰρ
2464 4538 2601 4609 πρὸς
2639 4537 2801 4591 αὐτδν
2830 4538 2860 4589 6
2901 4536 3066 4600 Θεός·
3101 4538 3184 4591 Οὐ
3224 4535 3302 4589 σὲ
3338 4532 3741 4602 ἐξουθενήκιι-

2163 4643 2288 4691 σιν,
2311 4628 2452 4682 ἀλλ’
2481 4626 2606 4695 ἐμέ.
2648 4625 2714 4678 Τί
2747 4619 2841 4677 οῦν
2870 4625 3076 4687 ἐκεῖνος
3106 4625 3136 4676 ὁ
3169 4623 3559 4694 ἐξουθενηθεὶς,
3585 4619 3742 4694 μευ

2163 4717 2192 4767 6
2214 4713 2556 4784 ἀτιμασθεὶς,
2587 4715 2617 4765 ὁ
2655 4711 3108 4783 καταφρονηθεὶς,
3135 4712 3164 4764 6
3197 4709 3508 4782 ὑϐρισθείςς
3539 4709 3740 4762 ’Ἄκουε

2164 4804 2216 4856 τί
2245 4819 2439 4874 φησιν·
2483 4801 2646 4872 Ἐμοί
2689 4801 2757 4855 δὲ
2788 4801 2874 4870 μὴ
2910 4799 3142 4868 γένοιτο
3191 4797 3478 4869 ἁμαρτεῖν
3509 4797 3591 4862 τῷ
3622 4799 3741 4850 Κυο

2154 4893 2267 4960 ρίῳ
2313 4892 2420 4946 τοῦ
2462 4891 2761 4946 διαλιπεῖν
2817 4889 3309 4958 προσευχόμενον
3349 4887 3503 4955 ὑπὲρ
3545 4885 3735 4955 ὑμῶν.

2174 4981 2470 5050 Ἀμαρτίαν
2508 4981 2758 5050 ἐνόμισεν
2790 4975 2928 5033 εἶναι
2961 4979 3022 5032 τὸ
3065 4978 3138 5048 μὴ
3170 4975 3565 5049 προσεύχεσθαι
3595 4976 3738 5047 ὑπὲρ

2160 5069 2268 5122 τῶν
2294 5068 2521 5140 ἐχθρῶν.
2542 5068 2634 5140 Μὴ
2660 5066 2870 5136 γένοιτό
2903 5084 3012 5137 μοι,
3036 5065 3220 5136 φησὶν,
3250 5065 3513 5135 ἁμαρτεῖν
3539 5061 3737 5127 οὕτως,

2159 5156 2235 5220 ὼς
2267 5157 2342 5228 μὴ
2373 5154 2776 5227 προσεύξασθαι
2806 5155 2943 5225 ὑπὲρ
2973 5153 3147 5224 ὑμῶν.
3186 5149 3338 5216 Εἶδες
3367 5153 3596 5205 ἕκαστον
3622 5150 3738 5204 τῶν

2160 5244 2406 5305 δικαίων,
2438 5245 2610 5314 πόσην
2636 5243 2824 5296 τούτου
2857 5241 2951 5294 τοῦ
2987 5241 3409 5312 κατορθώματος
3444 5240 3741 5309 ἐποιήσατο

2161 5333 2258 5401 τὴν
2279 5331 2619 5401 ἐπιμέλειαν,
2644 5329 2722 5400 τῷ
2751 5329 2996 5402 Δεσπότῃ
3026 5327 3475 5388 κατακολουθῶν;
3504 5327 3738 5396 Ἴδωμεν

2161 5420 2340 5472 τοίνυν
2369 5418 2573 5472 ἄνωθεν
2605 5417 2673 5470 τά
2700 5416 2981 5486 εἰρημένα.
3021 5417 3077 5468 Ὀ
3107 5416 3382 5486 Δεσπότης
3406 5414 3554 5482 λέγει
3573 5429 3586 5440 ·
3619 5412 3739 5466 Πά-

2161 5523 2281 5573 τερ,
2316 5505 2466 5574 ἄφες
2494 5503 2700 5570 αὐτοῖς
2723 5503 2838 5572 τὴν
2866 5503 3180 5571 ἁμαρτίαν·
3213 5505 3285 5556 οὐ
3309 5504 3420 5571 γὰρ
3449 5501 3648 5555 οἴδασι
3678 5500 3744 5554 τι

2162 5593 2463 5647 ποιοῦσιν.
2495 5593 2552 5644 '0
2579 5592 2845 5660 Στέφανος
2871 5587 2990 5644 εἷπε
3011 5607 3022 5620 ·
3043 5591 3237 5658 Κύριε,
3260 5587 3346 5658 μὴ
3363 5587 3604 5656 στήσῃς
3629 5589 3741 5643 αὑ-

2161 5679 2286 5746 τοῖς
2317 5678 2433 5746 τὴν
2467 5679 2759 5748 ἁμαρτίαν
2791 5678 3036 5744 ταύτην.
3075 5677 3133 5728 Ὁ
3179 5674 3392 5738 Παῦλος
3419 5675 3587 5743 λέγει·
3615 5676 3740 5729 Ηύ-

2159 5770 2360 5837 χόμην
2387 5765 2653 5834 ἀνάθεμα
2680 5762 2830 5818 εἶναι
2857 5763 3038 5828 αὐτὸς
3065 5761 3179 5832 ἐγὼ
3205 5762 3323 5817 ἀπὸ
3349 5761 3456 5816 τοῦ
3476 5761 3737 5829 Χριστοῦ

2160 5855 2314 5922 ὑπὲρ
2346 5852 2466 5907 τῶν
2488 5851 2768 5922 ἀδελφῶν
2792 5870 2933 5921 μου,
2955 5849 3072 5904 τῶν
3105 5847 3420 5919 συγγενῶν
3439 5866 3558 5920 μου
3587 5848 3740 5904 κατὰ
