4066 6392
251 458 356 512 H5

251 584 389 631 rant.
421 573 560 629 Audi
604 571 714 642 ipsa
747 568 911 623 verba
938 584 951 621 :
981 562 1446 620 circumstantibus
1470 558 1611 613 enim
1649 555 1777 625 ipsis
1805 570 1836 607 a

250 666 439 735 quibus
465 664 750 720 cruciﬁxus
772 662 963 724 fuerat,
992 658 1173 726 iraque
1194 662 1245 709 et
1267 654 1447 707 furore
1468 648 1833 709 aestuantibus,

254 756 428 821 Pater,
462 755 664 823 inquit,
700 754 906 823 ignosce
940 749 1046 803 illis
1085 754 1345 816 peccatum
1384 742 1478 795 hoc
1508 756 1526 794 :
1565 756 1666 793 non
1704 737 1838 791 enim

253 850 447 913 sciunt,
479 845 599 916 quid
637 853 791 915 agant
825 840 982 911 (Luc.
1004 840 1094 893 25.
1124 834 1236 909 54).
1267 834 1427 889 Vides
1459 831 1838 900 benignitatem

257 939 508 993 Domini?
550 935 833 991 cruciﬁxus
867 948 963 1002 pro
1004 926 1435 997 cruciﬁgentibus
1487 924 1709 985 orabat,
1739 920 1840 975 etsi

256 1029 330 1083 illi
358 1026 755 1083 subsannabant
777 1034 827 1079 et
850 1022 1140 1078 illudehant
1160 1034 1279 1073 eum
1302 1018 1537 1072 dicentes
1557 1032 1570 1066 :
1590 1015 1651 1069 Si
1674 1012 1840 1066 Filias

256 1120 352 1175 Dei
376 1138 449 1186 es,
477 1117 719 1173 descende
740 1115 801 1168 de
825 1130 973 1167 cruce
998 1111 1205 1182 (Matth.
1231 1109 1321 1164 27.
1353 1107 1464 1176 40).
1501 1106 1657 1175 Atqui
1714 1119 1838 1172 pro-

258 1223 382 1281 pter
409 1211 510 1265 hoc
536 1210 704 1280 ipsum
730 1222 837 1261 non
867 1203 1142 1259 descendit
1181 1201 1245 1255 de
1274 1216 1428 1255 cruce
1448 1241 1462 1265 ,
1491 1197 1633 1268 quod
1673 1196 1859 1275 Filius,

258 1303 360 1358 Dei
390 1302 459 1357 sit
491 1319 505 1354 :
530 1300 650 1354 ideo
671 1298 814 1354 enim
835 1296 1002 1359 venit,
1031 1304 1091 1348 ut
1114 1292 1512 1362 cruciﬁgeretur
1540 1304 1634 1358 pro
1664 1287 1837 1341 nobis.

257 1392 571 1457 Descendat,
604 1392 787 1453 aiunt,
817 1388 879 1442 de
903 1402 1048 1441 cruce
1068 1429 1080 1449 ,
1109 1394 1165 1439 ut
1194 1383 1449 1437 videamus
1489 1390 1533 1435 et
1576 1380 1840 1433 credamus

259 1489 311 1541 in
348 1504 458 1540 eum
492 1484 667 1556 (Ibid.
701 1493 746 1537 et
774 1478 899 1555 42).
927 1481 1143 1535 Intuere
1188 1475 1528 1545 impudentim
1562 1474 1756 1533 verba,
1788 1481 1843 1526 et

261 1577 631 1630 excusationes
661 1570 1069 1627 incredulitatis.
1096 1568 1393 1624 Grandiora
1418 1566 1559 1632 fecit,
1588 1580 1745 1633 quam
1775 1565 1844 1616 sit

260 1669 550 1723 descensus
580 1665 647 1721 de
669 1679 846 1728 cruce,
874 1672 927 1717 et
956 1677 1061 1715 non
1090 1658 1435 1714 crediderunt
1462 1675 1474 1710 :
1513 1667 1567 1711 et
1597 1671 1737 1709 nunc
1764 1655 1844 1707 di-

258 1768 419 1823 cunt,
452 1755 725 1811 Descende
759 1754 827 1810 de
867 1768 1060 1816 cruce,
1097 1760 1151 1805 et
1182 1751 1463 1805 credemus
1492 1750 1543 1801 in
1579 1756 1647 1801 te.
1682 1747 1843 1800 Multo

254 1850 428 1918 majus
455 1857 569 1903 erat
596 1855 861 1901 mortuum
898 1858 1120 1913 surgere
1142 1858 1206 1895 ex
1235 1841 1501 1910 sepulcro,
1537 1838 1710 1907 lapide
1740 1838 1841 1890 im-

252 1942 451 2011 posito,
482 1956 640 2011 quam
663 1937 991 1994 descendere
1015 1936 1082 1991 de
1116 1950 1274 1989 cruce
1304 1952 1316 1987 :
1345 1934 1513 1987 multo
1536 1933 1706 2000 majus
1730 1941 1846 1985 erat

255 2032 667 2101 quatriduanum
715 2028 974 2085 Lazarum
1014 2026 1195 2082 fasciis
1230 2026 1524 2080 involutum
1551 2066 1565 2090 ,
1598 2040 1699 2078 una
1722 2040 1842 2078 cmn

261 2127 363 2178 illis
388 2125 619 2179 educere
648 2140 713 2178 ex
744 2131 1109 2177 monumento.
1153 2119 1340 2173 Vidisti
1368 2119 1610 2172 stultitiae
1640 2118 1843 2171 verba?

252 2218 436 2272 vidisti
467 2218 687 2271 insaniae
718 2214 1171 2284 magnitudinem?
1200 2213 1291 2267 sed
1313 2212 1589 2274 attendite,
1629 2225 1843 2278 moneo,

258 2310 565 2378 diligenter,
590 2315 650 2361 ut
667 2307 760 2361 Dei
792 2308 1102 2360 immensam
1144 2304 1523 2373 benignitatem
1549 2317 1843 2371 cognosca-

255 2399 326 2453 tis
358 2417 371 2454 :
419 2407 474 2453 et
515 2396 782 2467 quomodo
809 2396 895 2450 illa
926 2396 1038 2465 ipsa
1070 2411 1257 2449 eorum
1284 2394 1499 2448 vesania
1520 2434 1534 2457 ,
1562 2393 1806 2447 Christus
1827 2435 1843 2459 ,

253 2494 404 2547 velut
432 2494 712 2547 occasione
738 2491 807 2545 sit
845 2506 972 2544 usus
1021 2490 1087 2544 ad
1128 2490 1358 2544 veniam.
1411 2486 1602 2551 Pater,
1643 2489 1845 2557 inquit,

255 2586 460 2654 ignosce
482 2584 586 2637 illis
607 2584 701 2636 hoc
724 2592 980 2653 peccatum
1006 2598 1023 2635 :
1045 2598 1145 2635 non
1165 2581 1297 2634 enim
1318 2582 1484 2633 sciunt
1508 2580 1631 2651 quid
1653 2580 1847 2650 faciunt

261 2672 410 2741 (Luc.
439 2672 531 2726 25.
556 2674 667 2743 54).
701 2673 927 2726 Tantum
958 2686 1061 2725 non
1086 2672 1184 2725 hoc
1215 2671 1430 2733 indicat,
1452 2671 1566 2724 'Per
1592 2685 1731 2739 quae,
1762 2669 1847 2722 in-

260 2765 392 2834 quit,
426 2763 741 2833 insipientes
761 2772 916 2825 sunt,
947 2778 1042 2830 per
1063 2761 1249 2816 eadem
1283 2762 1528 2829 ignorant
1552 2802 1565 2821 ,
1596 2760 1736 2829 quod
1766 2760 1846 2812 fa-

264 2856 427 2909 ciunt.
459 2856 523 2909 Et
548 2856 621 2909 illi
652 2854 865 2923 quidem
898 2854 1163 2917 dicebant,
1193 2852 1253 2906 Si
1282 2852 1448 2905 Filius
1474 2851 1572 2905 Dei
1602 2869 1673 2917 es,
1705 2853 1847 2905 salvo.

262 2948 471 3016 teipsum
500 2944 712 3016 (Matth.
742 2944 831 2997 27.
856 2944 971 3011 40).
1004 2943 1119 3011 Ipse
1146 2958 1276 2997 vero
1303 2944 1557 3007 elaborat,
1580 2942 1847 3011 quomodo

267 3038 385 3092 ilios
406 3039 633 3092 salvaret
653 3078 667 3099 ,
704 3037 821 3090 illos
850 3037 1062 3105 inquam
1084 3077 1098 3101 ,
1130 3051 1157 3087 a
1187 3036 1377 3103 quibus
1405 3036 1688 3105 opprobria
1720 3052 1846 3105 per-

258 3131 591 3201 petiebatur,
635 3127 973 3190 illudebatur,
1007 3137 1059 3181 et
1093 3127 1347 3181 conviciis
1384 3127 1844 3197 proscindebatur.

258 3222 471 3275 Dimitte
501 3221 625 3285 illis,
654 3219 856 3287 inquit,
891 3220 984 3271 hoc
1016 3228 1273 3287 peccatum
1300 3233 1317 3270 :
1348 3234 1448 3270 non
1488 3218 1619 3271 enim
1682 3219 1845 3271 sciunt

257 3312 381 3383 quid
411 3312 626 3381 faciunt.
657 3310 793 3377 Quid
820 3310 982 3379 ergo?
1010 3326 1132 3362 num
1169 3309 1363 3361 dimisit
1398 3309 1501 3362 illis
1530 3310 1849 3377 peccatum?

262 3404 477 3457 Dimisit
502 3402 600 3465 eis,
627 3402 714 3471 qui
742 3400 1108 3470 pmnitentiam
1140 3400 1317 3454 subire
1346 3399 1606 3454 voluerint
1630 3417 1642 3452 :
1672 3401 1715 3453 si
1744 3416 1849 3453 non

262 3496 556 3550 remisisset
584 3493 689 3547 illis
724 3500 1031 3561 peceatum,
1078 3491 1273 3544 Paulus
1304 3507 1408 3543 non
1450 3490 1638 3545 fuisset
1679 3490 1851 3544 factus

261 3588 533 3657 apostolus
587 3602 601 3640 :
650 3584 693 3639 si
743 3599 849 3637 non
898 3583 1192 3636 remisisset
1242 3582 1345 3636 illis
1392 3592 1698 3651 peccatum,
1743 3598 1851 3636 non

262 3680 441 3733 statim
472 3677 571 3731 tria
600 3676 763 3729 millia
794 3686 844 3729 et
886 3675 1119 3744 quinque
1151 3674 1310 3726 millia
1342 3689 1514 3742 neque
1545 3675 1723 3726 multa:
1753 3673 1851 3727 Ju-

261 3772 499 3823 diuorum
517 3767 783 3839 myriades
800 3775 982 3837 postea
1001 3765 1368 3819 credidissent.
1401 3764 1537 3818 Audi
1561 3766 1701 3818 enim
1728 3764 1853 3833 quid

262 3862 496 3917 Jacobus
530 3859 879 3930 Jerosolymis
922 3857 1065 3911 dicat
1113 3858 1177 3910 ad
1218 3856 1435 3909 Paulum
1467 3875 1479 3908 :
1527 3854 1711 3920 Vides,
1743 3860 1852 3925 fra-

263 3964 374 4015 ter,
448 3959 567 4021 quot
630 3951 791 4003 millia
851 3947 1153 4002 Judarorum
1195 3957 1346 4014 sunt,
1413 3949 1497 4018 qui
1535 3947 1854 4001 crediderunt

263 4044 402 4113 (Act.
433 4040 670 4113 21.9.0).

337 4134 599 4204 Frequens
624 4134 756 4187 circa
777 4133 1052 4186 orationem
1082 4149 1174 4203 pro
1206 4132 1421 4186 inimicis
1469 4132 1767 4186 admonitio.
1787 4162 1858 4173 —

272 4226 546 4279 Imitemur
570 4225 729 4294 igitur
751 4233 805 4278 et
831 4239 928 4277 nos
955 4223 1258 4286 Dominum,
1286 4232 1340 4278 et
1358 4239 1452 4291 pro
1475 4224 1702 4277 inimicis
1734 4239 1856 4293 pre-

270 4331 474 4369 cemur.
506 4314 635 4383 Qua:
663 4314 778 4369 heri
805 4314 1008 4379 monui,
1032 4314 1341 4367 eorumdem
1370 4322 1424 4368 et.
1450 4330 1593 4369 nunc
1621 4331 1857 4369 commo-

261 4405 502 4472 nefacio,
531 4406 709 4460 sciens
734 4405 988 4474 prazclare
1019 4403 1142 4458 facti
1173 4404 1589 4474 magnitudinem
1611 4445 1626 4471 ,
1651 4406 1859 4458 imitare

270 4508 420 4551 tuum
453 4496 756 4551 Dominum.
785 4497 877 4550 Ille
898 4495 1323 4565 crueiﬁgebatur,
1348 4505 1402 4551 et
1426 4512 1520 4566 pro
1540 4496 1860 4566 cruciﬁgen-

272 4591 411 4645 tibus
440 4591 642 4644 orabat.
673 4590 740 4644 Et
768 4588 1037 4659 quomodo
1068 4604 1305 4657 possum,
1340 4590 1543 4658 inquis,
1580 4590 1857 4643 Dmninum

271 4683 503 4736 imitari?
544 4680 599 4737 Si
644 4682 815 4747 velis,
846 4691 998 4751 potes
1048 4700 1060 4734 :
1099 4682 1142 4734 si
1189 4680 1301 4735 ﬁeri
1350 4697 1453 4733 non
1484 4691 1699 4748 posset,
1750 4698 1859 4735 non

270 4773 517 4835 dixisset,
550 4772 742 4825 Discite
762 4789 793 4825 a
832 4789 910 4825 me
938 4772 1059 4842 quia
1089 4773 1222 4824 mitis
1245 4789 1355 4824 sum
1394 4782 1437 4824 et
1477 4772 1676 4824 humilis
1711 4774 1862 4827 corde

271 4865 492 4936 (Hatth.
519 4867 603 4919 11.
634 4865 728 4936 29)
758 4883 770 4919 :
805 4866 850 4919 si
882 4866 1041 4917 homo
1069 4864 1264 4917 imitari
1295 4878 1401 4916 non
1432 4865 1719 4931 potuisset,
1752 4880 1857 4917 non

270 4959 495 5012 dixisset
532 4958 767 5013 Paulus:
810 4956 1102 5010 Imitatores
1144 4957 1240 5008 mei
1290 4964 1474 5020 estote,
1518 4957 1645 5007 sicut
1689 4966 1733 5009 et
1772 4974 1859 5026 ego

272 5048 464 5105 Christi
492 5048 567 5121 (1.
590 5048 710 5103 Cor.
739 5051 825 5103 11.
857 5050 932 5116 1).
952 5050 1213 5103 (ῖωιρνιιῐη
1233 5048 1276 5103 si
1309 5048 1445 5101 nolis
1466 5048 1655 5101 imitari
1680 5049 1861 5102 Domi-

274 5158 421 5204 num,
447 5142 655 5196 imitare
671 5158 1011 5206 conservum,
1036 5140 1362 5210 Stephanum
1385 5140 1525 5205 dico,
1552 5143 1637 5210 qui
1660 5140 1861 5210 primus

276 5234 519 5305 martyrii
562 5232 704 5288 fores
742 5234 949 5302 aperuit
978 5251 989 5284 :
1018 5233 1121 5302 (ille
1155 5233 1436 5286 Dominum
1478 5233 1714 5285 imitatus
1757 5241 1857 5287 est.

273 5324 737 5392 Quemadmodum
786 5325 928 5379 enim
970 5325 1227 5379 Dominus
1268 5325 1405 5377 inter
1432 5338 1556 5387 eos,
1601 5339 1629 5377 a
1671 5324 1861 5393 quibus

270 5416 561 5471 cruciﬁxus
590 5414 791 5481 fuerat,
835 5430 1125 5484 suspensus
1157 5430 1252 5484 pro
1277 5414 1707 5483 cruciﬁgentibus
1736 5429 1859 5467 ora-

276 5508 399 5572 bat;
430 5506 511 5560 sic
550 5516 603 5561 et
644 5522 832 5562 servus
872 5507 1013 5560 inter
1036 5521 1166 5570 eos,
1212 5520 1242 5558 a
1272 5505 1463 5574 quibus
1507 5505 1858 5571 lapidabatur,

272 5597 612 5665 constitutus,
636 5608 687 5653 et
721 5598 788 5651 ab
808 5598 953 5651 omni
986 5597 1139 5652 turba
1169 5596 1430 5666 lapidibus
1452 5598 1714 5665 appetitus
1735 5638 1749 5662 ,
1783 5597 1863 5650 la-

273 5689 541 5760 pidesque
603 5689 737 5742 nivis
780 5689 947 5742 instar
976 5689 1241 5743 irruentes
1268 5688 1569 5756 excipiens,
1610 5689 1863 5757 neglectis

276 5782 364 5850 qui
406 5779 532 5835 inde
557 5782 865 5836 oriebantur
891 5781 1194 5843 doloribus,
1228 5780 1437 5834 dicebat
1466 5798 1478 5833 :
1524 5780 1741 5834 Domine
1763 5822 1777 5840 .
1802 5797 1863 5834 ne

275 5881 468 5927 statuas
495 5872 594 5928 illis
624 5873 715 5926 hoc
746 5883 1002 5940 peccatum
1032 5875 1167 5941 (Act.
1196 5875 1247 5926 7.
1279 5874 1394 5945 59).
1427 5874 1633 5942 Vidisti,
1669 5874 1859 5945 quibus

556 6008 559 6011 γ
617 5967 877 6025 ΡᾹἸἪΟΙ..
926 5967 1040 6026 (in.
1091 5968 1311 6027 XLIX.

1288 463 1373 517 DE
1410 458 1640 515 CRUCE
1680 456 1765 511 ΕΤ
1808 449 2125 508 LATRONE
2164 444 2393 505 llOlllL.
2436 444 2497 497 ll.

3431 431 3535 486 416

1951 552 2132 607 verbis
2160 551 2326 605 Filius
2372 559 2568 615 utatur,
2619 560 2671 604 ct
2719 549 2985 619 quomodo
3026 564 3214 605 servus
3256 556 3415 603 oret:
3450 548 3537 603 ille

1945 644 2092 707 dicit,
2114 642 2289 707 Pater,
2308 642 2501 695 dimitte
2524 643 2627 695 illis
2654 642 2748 694 hoc
2774 652 3067 712 peccatum;
3090 657 3189 694 non
3213 641 3347 694 enim
3374 640 3539 693 sciant

1942 737 2067 803 quid
2093 737 2287 809 faciunt
2315 736 2467 808 (Luc.
2508 736 2599 790 25.
2632 735 2721 805 54)
2756 753 2768 787 :
2799 734 2885 788 hic
2912 734 3059 796 dicit,
3091 732 3175 786 Ne
3204 742 3397 785 statuas
3437 731 3540 784 illis

1948 837 2042 890 hoc
2070 846 2353 905 peccatum.
2387 834 2456 889 Et
2482 842 2541 888 nt
2570 832 2833 900 intelligas
2863 831 2976 885 bmc
3004 830 3152 884 illum
3179 828 3459 898 diligenter
3489 835 3542 879 et

1947 938 2193 984 accurate
2218 944 2393 999 agere,
2424 944 2529 981 non
2576 926 2888 994 simpliciter
2916 925 3121 987 orabat,
3170 937 3343 991 neque
3372 920 3542 974 obiter

1950 1031 2003 1076 et
2024 1023 2239 1086 leviter,
2284 1036 2455 1090 neque
2484 1027 2654 1081 stans,
2686 1017 2776 1071 sed
2810 1018 2993 1084 positis
3018 1014 3261 1084 genibus,
3292 1028 3412 1068 cum
3442 1012 3542 1067 do-

1952 1115 2069 1169 lore
2099 1124 2153 1169 et
2180 1113 2590 1182 compunctione
2618 1122 2671 1165 et
2711 1125 2831 1164 cum
2861 1109 3022 1162 multa
3051 1107 3539 1161 commiseratione.

1950 1206 2045 1261 Vis
2077 1206 2167 1259 tibi
2198 1205 2476 1259 ostendam
2503 1213 2556 1258 et
2583 1204 2741 1257 alium
2770 1202 3021 1267 majorem
3050 1214 3363 1253 conservum
3396 1197 3544 1251 simi—

1947 1300 2074 1354 liter
2117 1313 2305 1368 preces
2357 1313 2453 1367 pro
2501 1296 2728 1350 inimicis
2773 1293 3119 1347 fundentem?
3163 1292 3283 1345 audi
3330 1292 3543 1344 beatum

1948 1392 2166 1447 Paulum
2202 1409 2216 1446 :
2247 1401 2526 1462 postquam
2573 1396 2961 1452 enumerasset,
3012 1395 3209 1455 quanta
3259 1397 3543 1455 perpessus

1947 1494 2125 1549 esset;
2158 1500 2281 1539 nam
2322 1486 2416 1548 ait,
2451 1483 2724 1549 Quinquies
2767 1480 3098 1551 quadraginta
3126 1495 3229 1531 una
3254 1480 3420 1531 minus
3452 1492 3543 1529 ac-

1948 1578 2079 1644 cepi,
2112 1584 2186 1629 ter
2221 1576 2372 1645 virgis
2416 1591 2573 1627 etesiis
2620 1591 2750 1639 sum,
2805 1573 2956 1626 semel
2987 1572 3242 1641 lapidatus
3283 1586 3415 1633 sum,
3472 1577 3545 1621 ter

1957 1669 2285 1740 naufragium
2313 1668 2409 1736 feci
2438 1668 2513 1735 (2.
2546 1666 2662 1720 Cor.
2697 1667 2783 1720 11.
2815 1664 2902 1718 24.
2930 1663 3025 1732 25)
3056 1680 3069 1716 :
3100 1672 3153 1716 et
3180 1677 3298 1717 cum
3328 1675 3546 1729 percen-

1950 1761 2147 1814 suisset
2192 1768 2356 1812 totam
2404 1758 2547 1811 illam
2590 1758 2801 1821 seriem,
2844 1765 2897 1809 et
2926 1755 3138 1809 insidias
3166 1768 3297 1824 quas
3326 1753 3393 1806 ab
3417 1752 3545 1821 ipsis

1950 1849 2187 1920 quotidie
2216 1849 2532 1911 sustinebat,
2566 1846 2712 1900 addit
2736 1858 2789 1900 et
2818 1846 2931 1913 ipse
2965 1864 2977 1898 :
3010 1845 3259 1913 Optabam
3279 1846 3547 1896 anathema

1948 1957 2054 1995 esse
2081 1957 2113 1993 a
2138 1940 2335 1993 Christo
2361 1957 2452 2009 pro
2494 1937 2731 2009 fratribus
2760 1938 2902 2000 meis,
2949 1937 3171 2005 cognatis
3209 1937 3330 1987 meis
3370 1951 3550 1987 secun-

1948 2031 2070 2085 dum
2112 2048 2345 2098 carnem,
2386 2032 2472 2100 qui
2502 2039 2615 2083 sunt
2664 2028 2916 2082 Israelita:
2951 2028 3124 2097 (Rom.
3169 2026 3222 2081 9.
3254 2025 3329 2098 5).
3359 2026 3451 2079 Vis
3494 2034 3549 2079 et

1955 2124 2091 2178 alios
2121 2124 2300 2177 videre
2328 2137 2434 2177 non
2476 2138 2539 2175 ex
2568 2136 2729 2185 novo,
2759 2120 2850 2174 sed
2889 2135 2954 2173 ex
2998 2120 3161 2173 veteri
3209 2133 3420 2187 quoque
3445 2117 3549 2170 Te-

1954 2225 2256 2281 stamento,
2300 2215 2389 2284 qui
2437 2214 2577 2268 idem
2620 2212 2902 2267 factitant?
2943 2212 3089 2266 Tunc
3130 2213 3271 2265 enim
3317 2213 3549 2265 maxime

1958 2308 2329 2362 admirandum
2357 2315 2459 2363 est.
2492 2304 2703 2373 quando
2730 2305 2827 2369 illi,
2860 2304 3050 2373 quibus
3077 2320 3179 2358 non
3210 2313 3289 2357 est
3316 2304 3549 2372 impera-

1952 2407 2065 2451 tum
2096 2397 2341 2450 inimicos
2367 2396 2605 2463 diligere,
2638 2396 2730 2449 sed
2770 2396 2982 2449 oculum
3012 2411 3107 2463 pro
3133 2396 3307 2461 oculo,
3340 2404 3394 2449 et
3418 2394 3549 2449 den-

1951 2498 2057 2541 tem
2086 2502 2181 2556 pro
2208 2487 2366 2540 dente
2401 2487 2593 2555 ejicere
2620 2486 2813 2555 (Exod.
2845 2486 2936 2540 21.
2968 2488 3057 2541 24.
3090 2485 3206 2557 25),
3235 2498 3288 2541 et
3318 2503 3413 2557 par
3435 2484 3554 2557 pari

1952 2578 2171 2643 referre,
2223 2577 2289 2631 ad
2328 2578 2633 2647 apostolica}
2668 2578 3008 2646 perfectionis
3036 2580 3246 2633 culmen
3294 2579 3549 2636 evadunt.

1960 2670 2099 2723 Audi
2130 2686 2279 2739 ergo,
2309 2670 2430 2738 quid
2463 2671 2605 2723 dicat
2638 2671 2865 2741 Moyses,
2894 2672 3051 2725 toties
3079 2687 3108 2724 a
3135 2672 3329 2725 Jttdmis
3360 2671 3549 2741 lapidi-

1954 2760 2055 2814 bus
2086 2761 2354 2829 appetilus
2380 2778 2391 2813 :
2424 2759 2483 2814 Si
2521 2760 2730 2813 dimittis
2774 2760 2877 2814 illis
2908 2772 3163 2830 peccatum
3184 2804 3198 2826 ,
3240 2762 3432 2815 dimitte
3463 2778 3482 2816 :
3508 2763 3552 2815 si

1952 2869 2065 2906 vero
2094 2870 2214 2918 non,
2245 2852 2355 2906 dele
2380 2861 2426 2905 et
2465 2869 2545 2906 me
2587 2852 2649 2905 de
2692 2851 2838 2916 libro,
2886 2870 3031 2922 quem
3072 2853 3315 2923 scripsisti
3357 2852 3550 2921 (Exod.

1951 2946 2045 3000 52.
2079 2947 2166 2999 51.
2194 2945 2306 3015 52).
2334 2944 2499 2999 Vides
2523 2945 2813 3014 quemlibet
2833 2960 2895 2997 ex
2918 2944 3073 3012 justis
3102 2945 3327 2996 alienam
3353 2943 3554 2996 securi-

1952 3047 2116 3093 tatem
2149 3038 2501 3107 prmposuisse
2548 3038 2700 3091 suae?
2740 3036 2878 3090 Nihil
2908 3036 3134 3104 peccasti
3164 3052 3177 3100 ;
3210 3052 3303 3090 cur
3328 3037 3408 3089 vis
3433 3052 3554 3091 esse

1954 3130 2222 3200 particeps
2245 3129 2536 3199 supplicii?
2564 3129 2678 3182 Non
2707 3129 2903 3192 sentio,
2933 3129 3120 3197 inquit,
3150 3127 3478 3197 felicitatem,
3507 3130 3551 3184 si

1953 3222 2042 3276 alii
2085 3222 2241 3275 rebus
2270 3220 2508 3274 adversis
2549 3221 2937 3274 conﬂictentur.
2971 3220 3258 3273 Possumus
3286 3233 3464 3275 autem
3492 3231 3548 3274 et

1955 3314 2118 3367 alium
2160 3312 2436 3380 reperire,
2484 3312 2573 3380 qui
2616 3311 2844 3365 similem
2890 3311 3248 3380 precationem
3293 3311 3550 3364 instituat.

1955 3406 2085 3459 Data
2112 3404 2253 3458 enim
2296 3418 2459 3470 opera
2489 3402 2652 3456 all'ero
2682 3403 2843 3455 multa
2871 3403 3134 3471 exempla,
3163 3410 3222 3455 ut
3249 3402 3331 3455 vel
3360 3403 3435 3456 sic
3458 3418 3553 3455 nos

1958 3498 2102 3566 ipsos
2141 3497 2492 3565 corrigamus,
2524 3495 2779 3563 gravique
2810 3494 2911 3547 hoc
2941 3494 3127 3547 morbo
3158 3494 3386 3547 animam
3419 3494 3551 3547 libe-

1960 3604 2163 3655 remus,
2194 3603 2385 3657 nempe
2413 3603 2478 3640 ne
2506 3587 2645 3639 mala
2672 3587 3023 3656 imprecemur
3058 3586 3304 3639 inimicis.
3337 3586 3469 3638 Audi
3500 3592 3555 3639 et

1958 3682 2173 3736 beatum
2203 3680 2477 3743 Davidem,
2506 3679 2631 3748 quid
2666 3678 2759 3741 ait,
2786 3680 2892 3731 Deo
2918 3679 3141 3741 irritato,
3173 3686 3226 3729 et
3249 3676 3356 3745 jam
3390 3678 3553 3729 misso

1958 3774 2145 3842 angelo
2174 3771 2263 3841 qui
2284 3770 2671 3823 multitudinem
2697 3770 2905 3837 puniret
2930 3787 2942 3822 :
2964 3768 3147 3822 videns
3168 3769 3408 3837 angelum
3433 3769 3554 3819 stri-

1960 3874 2045 3918 cto
2073 3864 2247 3933 gladio
2269 3864 2607 3927 instructum,
2636 3862 3136 3931 ictumqucjamjam
3162 3864 3504 3916 intentantem
3536 3880 3550 3917 :

1960 3955 2095 4025 Ego,
2128 3955 2317 4024 inquit,
2346 3955 2433 4024 qui
2463 3965 2635 4023 pastor
2658 3970 2790 4017 sum,
2812 3954 3007 4023 peccavi
3040 3970 3058 4006 :
3087 3953 3158 4019 hi,
3186 3954 3270 4022 qui
3289 3969 3399 4005 oves
3414 3962 3550 4018 sunt,

1960 4045 2083 4113 quid
2113 4044 2380 4113 fecerunt?
2420 4044 2541 4097 Fiat
2566 4061 2743 4097 manus
2775 4054 2860 4096 tua
2902 4061 3052 4114 super
3086 4060 3180 4107 me,
3211 4052 3256 4096 et
3283 4060 3434 4113 super
3462 4044 3555 4094 do-

1961 4154 2097 4189 mum
2120 4137 2278 4206 patris
2299 4137 2396 4189 mei
2427 4136 2501 4203 (2.
2536 4136 2663 4205 Reg.
2695 4134 2783 4188 24.
2816 4136 2925 4200 17).
2962 4134 3117 4187 Vides
3147 4134 3337 4187 iterum
3361 4133 3553 4188 similia

1963 4230 2224 4299 praeclare
2269 4226 2448 4280 facta?
2477 4227 2556 4279 vis
2584 4237 2637 4281 et
2664 4227 2825 4279 alium
2874 4226 2965 4278 tibi
2994 4226 3267 4278 ostendam
3314 4225 3450 4278 idem
3481 4225 3553 4278 fa-

1963 4320 2240 4374 cientem?
2270 4319 2481 4372 Samuel
2515 4317 2768 4386 propheta
2802 4333 2830 4369 a
2858 4317 3055 4370 Judmis
3084 4316 3273 4385 injuria
3305 4318 3549 4382 aﬁ'ectus,

1964 4419 2323 4479 contemptus,
2355 4410 2608 4478 reiectus,
2642 4418 2695 4462 et
2725 4417 2865 4461 tanta
2896 4409 3178 4477 ignominia
3210 4420 3419 4462 notatus
3447 4418 3548 4472 est,

1963 4511 2021 4554 ut
2049 4502 2187 4555 Deus
2218 4502 2329 4569 ipse
2361 4501 2407 4553 ei
2456 4499 2655 4568 aliquid
2684 4499 3059 4552 consolationis
3088 4499 3278 4553 afferre
3304 4500 3549 4551 voluerit.

1965 4594 2278 4659 Attendite,
2330 4610 2464 4657 oro,
2519 4594 2817 4661 diligenter.
2877 4593 3017 4646 Dixit
3080 4592 3220 4647 enim
3287 4592 3354 4646 ad
3404 4592 3550 4645 illum

1968 4686 2105 4738 Deus
2151 4702 2163 4736 :
2216 4683 2336 4736 Non
2385 4694 2430 4735 te
2477 4684 2783 4753 abjeceruut,
2825 4683 2912 4735 sed
2958 4699 3037 4735 me
3084 4683 3157 4745 (1.
3205 4682 3332 4752 Reg.
3365 4682 3418 4737 8.
3471 4683 3550 4750 7).

1966 4775 2101 4841 Quid
2158 4774 2317 4843 igitur
2365 4774 2489 4839 ille,
2544 4774 2667 4843 quid
2720 4774 2947 4839 rejectus
2994 4772 3197 4838 fuerat,
3249 4772 3550 4839 dedecore,

1966 4880 2314 4939 eontemptu,
2362 4879 2415 4922 ct
2462 4869 2651 4935 injuria
2703 4868 2960 4922 allectus?
3009 4867 3144 4921 Audi
3193 4867 3317 4935 quid
3369 4866 3549 4920 dicat:

1967 4961 2106 5013 Absit
2134 4970 2300 5012 autem
2330 4975 2361 5009 a
2380 4975 2458 5010 me
2491 4960 2584 5010 hoc
2616 4968 2873 5027 peccatum
2895 4959 2947 5011 in
2974 4956 3265 5020 Dominum,
3300 4969 3351 5009 ut
3372 4974 3556 5010 cessem

1967 5068 2113 5105 orare
2140 5067 2229 5121 pro
2254 5051 2388 5103 vobis
2416 5052 2493 5119 (1.
2532 5050 2656 5117 Reg.
2681 5050 2766 5102 12.
2798 5050 2888 5119 25)
2919 5068 2930 5102 :
2964 5060 3239 5119 peceatum
3267 5051 3557 5104 arbitratus

1966 5153 2049 5199 est
2075 5160 2177 5199 non
2210 5158 2364 5199 orare
2393 5158 2488 5211 pro
2516 5143 2759 5196 inimicis.
2810 5143 2958 5195 Absit
2984 5159 3013 5196 a
3043 5159 3153 5205 me,
3188 5144 3373 5212 inquit,
3403 5152 3460 5196 ut
3485 5144 3553 5195 ita

1968 5252 2181 5306 peccem
2206 5278 2219 5300 ,
2254 5245 2311 5288 ut
2338 5234 2574 5288 desinam
2605 5249 2701 5303 pro
2725 5233 2875 5287 vobis
2899 5250 3075 5287 orare.
3105 5233 3264 5287 Vides
3288 5234 3555 5303 quomodo

1968 5328 2193 5397 quilibet
2215 5344 2278 5381 ex
2303 5327 2462 5395 justis
2489 5326 2645 5393 hujus
2676 5327 2930 5395 przeclare
2964 5324 3086 5379 facti
3118 5326 3437 5393 singularem
3464 5341 3554 5379 cu—

1969 5435 2082 5471 ram
2106 5418 2371 5483 habuerit,
2402 5417 2609 5470 Domini
2634 5418 2863 5485 vestigiis
2885 5416 3174 5469 insistens?
3204 5416 3557 5485 Resuma‘mus

1970 5512 2127 5580 igitur
2152 5510 2217 5563 de
2245 5511 2449 5579 integro
2475 5525 2593 5578 qure
2622 5509 2763 5563 dicta
2791 5518 2932 5562 sunt.
2968 5508 3222 5563 Dominus
3247 5508 3351 5562 ait:
3376 5488 3549 5568 Pitter,

1972 5602 2161 5655 dimitte
2184 5602 2285 5654 illis
2307 5601 2401 5653 hoc
2427 5613 2719 5668 peccatum:
2739 5616 2838 5653 non
2860 5599 2990 5652 enim
3010 5598 3191 5662 sciunt,
3214 5598 3337 5661 quid
3362 5600 3555 5671 faciunt

1971 5692 2123 5763 (Luc.
2148 5692 2237 5746 25.
2269 5692 2383 5761 54).
2400 5690 2699 5760 Stephanus
2726 5691 2888 5745 dixit:
2915 5690 3145 5755 Domine,
3166 5708 3227 5744 ne
3242 5702 3431 5744 statuas
3450 5691 3553 5745 illis

1969 5785 2061 5837 hoc
2097 5793 2350 5853 peccatum
2382 5782 2517 5853 (Act.
2549 5784 2601 5836 7.
2631 5783 2747 5855 59).
2800 5785 2992 5838 Paulus
3017 5785 3225 5839 dicebat
3254 5784 3553 5855 :-0ptabam

1971 5875 2239 5929 anathema
2285 5890 2389 5928 esse
2432 5890 2463 5926 a
2508 5872 2706 5928 Christo
2748 5890 2840 5945 pro
2876 5876 3114 5946 fratribus
3156 5875 3298 5943 meis,
3327 5875 3553 5945 cognatis

3134 5968 3213 6027 26
