4066 6392
635 503 760 542 mets
781 492 1054 541 secundum
1081 499 1282 539 carnem
1303 482 1476 554 (Rom.
1507 482 1560 538 9.
1590 483 1667 551 5).
1696 480 1906 551 Moyses
1929 479 2172 534 similiter
2201 495 2216 532 :

634 579 698 634 Si
722 578 929 633 dimittis
956 578 1060 632 illis
1091 587 1377 647 peccatum,
1408 577 1601 628 dimitte
1626 590 1646 628 :
1667 575 1712 628 si
1739 589 1852 627 vero
1875 589 1974 626 non
1993 614 2007 637 ,
2039 571 2151 626 dele
2174 581 2220 624 et

632 686 714 725 sne
734 671 797 724 de
823 669 970 737 libro,
996 686 1141 740 quem
1166 669 1414 738 scripsisti
1441 667 1632 739 (Exod.
1663 665 1750 720 52.
1775 665 1889 736 52).
1923 663 2085 718 David
2106 663 2215 718 ait:

632 758 757 813 Fiat
786 775 964 813 manus
990 769 1103 812 tuas
1127 775 1279 828 super
1306 774 1399 822 me,
1425 767 1472 810 et
1505 773 1656 826 super
1691 756 1895 808 domum
1930 754 2086 824 patris
2124 753 2220 806 mei

634 849 712 919 (9..
742 850 870 920 Reg.
895 849 986 904 24.
1010 849 1122 920 17).
1161 849 1241 902 Ad
1281 848 1525 902 eumdem
1557 846 1771 900 modum
1797 845 2011 900 Samuel
2043 843 2220 896 :Absit

632 958 663 992 a
690 957 767 994 me
805 941 900 994 hoc
937 949 1194 1010 peccatum
1228 939 1282 992 in
1319 936 1590 990 Dominum
1611 977 1624 998 ,
1667 946 1719 988 ut
1747 952 1930 988 cessem
1954 951 2098 988 orare
2126 950 2218 1004 pro

635 1032 772 1086 vobis
798 1031 874 1100 (1.
908 1031 1038 1102 Reg.
1070 1030 1158 1085 12.
1186 1029 1298 1101 2'5).
1345 1029 1512 1095 Quam
1545 1029 1704 1097 igitur
1733 1029 1938 1082 veniam
1970 1041 2066 1081 nos
2091 1041 2219 1081 con-

631 1139 923 1193 sequemur
951 1124 1002 1176 in
1030 1134 1299 1192 posterum
1323 1164 1336 1186 ,
1369 1136 1489 1175 cum
1515 1122 1603 1190 qui
1629 1120 1695 1174 de
1720 1135 1856 1174 novo
1882 1127 2026 1185 sunt,
2051 1126 2105 1172 et
2130 1117 2219 1187 qui

634 1214 704 1270 de
728 1215 895 1269 veteri
927 1214 1289 1280 Testamento,
1319 1227 1505 1267 omnes
1558 1226 1656 1266 nos
1703 1212 1978 1282 impellant
2001 1211 2066 1265 ad
2092 1210 2216 1276 hoc,

634 1315 693 1361 ut
721 1322 907 1376 preces
933 1322 1032 1376 pro
1061 1307 1289 1361 inimicis
1322 1305 1626 1371 fundamus,
1659 1307 1703 1360 si
1734 1321 1840 1359 non
1873 1306 2016 1359 omni
2045 1304 2220 1359 studio

633 1407 688 1452 et
713 1398 982 1468 diligentia
1006 1397 1108 1453 hoc
1133 1407 1383 1467 prtestare
1404 1395 1698 1451 conemur?
1724 1395 1801 1450 Ne
1829 1397 1982 1464 igitur
2003 1405 2220 1449 cuncte-

633 1502 776 1553 mur,
805 1502 964 1557 rogo;
994 1502 1098 1558 quo
1125 1487 1265 1542 enim
1293 1487 1442 1556 plura
1472 1495 1758 1554 suppetunt
1776 1486 2038 1556 exempla,
2069 1495 2216 1540 tanto

633 1579 806 1648 major
853 1577 1008 1632 nobis
1053 1577 1376 1647 impendebit
1423 1591 1599 1646 poena,
1637 1577 1679 1630 si
1726 1577 1919 1630 imitari
1968 1577 2214 1630 nolimus.

631 1668 796 1726 Multo
837 1671 978 1724 enim
1022 1669 1192 1738 majus
1230 1678 1312 1723 est
1348 1683 1446 1737 pro
1476 1668 1701 1722 inimicis
1726 1682 1901 1733 orare,
1933 1683 2091 1737 quam
2120 1682 2218 1736 pro

633 1760 851 1826 amicis;
895 1775 995 1815 nec
1033 1769 1232 1814 tantam
1272 1759 1426 1814 nobis
1468 1759 1570 1813 fert
1609 1759 1888 1812 utilitatem
1919 1759 2090 1813 oratio
2121 1773 2218 1827 pro

633 1850 844 1915 amicis,
878 1857 1125 1920 quantam
1152 1849 1322 1904 oratio
1349 1866 1444 1918 pro
1472 1848 1718 1902 inimicis.
1769 1849 1903 1902 Audi
1945 1848 2216 1902 Christum

603 1985 608 1998 .
632 1939 899 1996 dicentem
928 1957 948 1990 ε
984 1939 1040 1993 Si
1071 1939 1280 2010 diligitis
1324 1957 1438 2005 eos,
1479 1939 1561 2008 qui
1587 1955 1670 1992 vos
1699 1939 1916 2006 diligunt
1941 1955 2056 2007 qua:
2083 1938 2216 1994 vobis

634 2036 820 2074 merces
845 2021 978 2074 erit?
1003 2037 1166 2075 nonne
1191 2031 1236 2074 et
1264 2022 1519 2090 publicani
1555 2024 1649 2077 hoc
1685 2027 1879 2096 faciunt
1914 2029 2126 2097 (Matth.
2156 2031 2212 2088 5.

633 2111 756 2184 46)?
781 2112 836 2167 Si
859 2112 1020 2182 igitur
1046 2129 1141 2182 pro
1170 2113 1352 2168 amicis
1377 2129 1592 2169 oremus
1614 2157 1630 2181 ,
1659 2118 1892 2171 nondum
1925 2120 2216 2188 publicanis

636 2203 888 2258 meliores
913 2217 1096 2257 sumus
1121 2202 1292 2258 eﬂ‘ecti
1321 2222 1332 2256 :
1355 2212 1410 2257 at
1436 2219 1554 2258 cum
1584 2206 1824 2262 inimicos
1851 2209 2135 2278 diligimus,
2163 2221 2216 2266 et

635 2313 735 2368 pro
760 2299 988 2354 inimicis
1016 2314 1252 2364 oramus,
1283 2299 1392 2354 Deo
1418 2300 1619 2354 similes
1640 2301 1901 2356 efﬁcimur
1919 2343 1932 2366 ,
1959 2314 2214 2372 quantum

634 2392 847 2462 quidem
873 2391 1344 2447 humanm‘naturaa
1381 2390 1462 2446 fas
1498 2403 1600 2447 est.
1644 2391 1804 2446 Eritis
1827 2395 1990 2456 enim,
2020 2395 2210 2464 inquit,

635 2481 823 2535 similes
850 2481 1026 2535 Patris
1048 2483 1194 2535 vestri
1214 2523 1230 2546 ,
1259 2482 1345 2551 qui
1372 2481 1424 2534 in
1445 2481 1579 2535 ctelis
1607 2492 1712 2546 est,
1743 2484 1860 2552 quia
1886 2484 2040 2538 solem
2068 2501 2214 2537 suum

635 2573 758 2627 oriri
784 2573 904 2642 facit
931 2588 1085 2641 super
1108 2572 1261 2626 bonos
1287 2583 1332 2626 et
1362 2573 1538 2637 malos,
1563 2584 1608 2626 et
1635 2573 1764 2642 pluit
1791 2591 1940 2644 super
1964 2576 2134 2644 justas
2170 2585 2217 2630 et

633 2665 848 2734 injustas
877 2662 1102 2736 (Matth.
1131 2664 1184 2719 5.
1217 2661 1345 2736 45).
1378 2663 1509 2720 Cum
1539 2664 1698 2734 igitur
1724 2673 1779 2720 et
1799 2680 1827 2718 a
1857 2666 2082 2720 Domino
2107 2677 2161 2722 et
2185 2683 2216 2721 a

635 2754 810 2810 servis
837 2755 1079 2824 exempla
1118 2754 1272 2810 nobis
1307 2755 1801 2824 subministrentur,
1829 2759 2141 2813 aemulemur
2164 2767 2218 2814 et

635 2844 814 2913 reipsa
833 2845 1082 2899 virtutem
1110 2844 1249 2901 hanc
1289 2856 1602 2914 prtestemus
1630 2865 1644 2902 :
1672 2858 1728 2902 ut
1754 2849 1912 2904 etiam
1942 2851 2085 2920 digni
2117 2850 2215 2904 ba-

635 2935 857 2991 beamur
891 2937 1142 3005 consequi
1181 2953 1404 3005 regnum
1433 2939 1666 3005 caeleste,
1697 2949 1751 2994 et
1784 2940 1853 2994 ad
1879 2941 2216 2996 metuendam

635 3026 773 3081 hanc
815 3041 1050 3081 mensam
1094 3028 1298 3097 majore
1327 3043 1448 3083 cum
1476 3031 1720 3085 libertate
1753 3033 2089 3101 accedamus,
2117 3050 2215 3089 ex-

634 3129 853 3190 purgata
884 3119 1096 3189 propria
1121 3119 1442 3173 conscientia
1462 3161 1476 3184 ,
1506 3122 1874 3192 promissaque
1919 3125 2057 3179 bona
2105 3126 2218 3179 adi-

635 3213 925 3282 piscamur,
967 3212 1134 3281 gratia
1183 3221 1237 3266 et
1277 3212 1599 3282 benignitate
1645 3215 1852 3269 Domini
1893 3217 2059 3271 nostri
2087 3217 2213 3273 Jesu

634 3299 857 3366 Christi,
885 3315 1004 3354 cum
1036 3315 1141 3370 quo
1164 3300 1307 3354 Patri
1337 3301 1495 3356 simul
1519 3343 1534 3368 ,
1568 3311 1621 3356 et
1644 3312 1829 3358 sancto
1852 3304 2073 3375 Spiritui
2101 3308 2214 3377 glo-

635 3401 736 3460 rla,
764 3393 1018 3459 potentia,
1049 3393 1242 3458 honor,
1271 3408 1411 3448 nunc
1453 3402 1507 3449 et
1546 3409 1792 3466 semper,
1828 3406 1881 3452 et
1923 3399 1977 3452 in
2021 3400 2214 3454 saecula

637 3484 974 3539 saeculorum.
1001 3485 1192 3540 Amen.

1178 385 1236 442 S.
1276 381 1555 444 JOANNIS
1592 387 2061 446 CIIRYSOSTOMI
2100 389 2188 442 DE
2227 389 2460 447 CRUCE
2496 389 2585 443 ET
2628 391 2949 446 LATRONE
2989 393 3269 452 HOMILIA
3311 395 3372 453 11.

3818 394 3918 449 ευ

2311 478 2532 548 σάρκα.
2577 477 2637 530 Ὁ
2669 478 2911 548 Μωῢσῆς
2953 479 3187 548 ὁμοίως·
3231 483 3304 535 Et
3333 480 3451 551 μὲν
3485 481 3657 551 ἀφῇς
3711 485 3914 536 αὐτοι

2312 563 2425 632 τὴν
2447 563 2763 632 ἁμαρτίαν,
2795 563 2972 632 aper,“
2997 566 3050 617 εὶ
3072 563 3141 616 δὲ
3161 565 3273 634 μὴ,
3299 567 3453 636 κάμὲ
3475 569 3844 638 ἐξψιψον
3875 571 3917 622 ἐ.

2311 645 2423 716 τῆς
2450 647 2672 711 ,βίϐλου
2696 643 2773 717 ἧς
2792 646 3080 717 ἔγραψας.
3116 648 3173 701 '0
3208 650 3374 704 Δαυῒδ
3410 651 3589 722 λέγει·
3622 653 3918 708 Γενέσθι

2311 734 2351 802 ἡ
2377 733 2506 802 χείρ
2531 747 2649 786 σου
2677 732 2769 784 ἐπ’
2795 732 2921 801 ἐμὲ,
2946 733 3046 786 καὶ
3069 733 3165 787 ἐπὶ
3205 734 3314 788 τὸν
3337 733 3510 790 οἷκον
3540 739 3655 793 τοῦ
3687 737 3913 805 πατρό

2307 834 2448 887 μου.
2505 816 2562 868 '0
2607 815 2859 887 Σαμουὴλ
2888 816 3180 881 ὡσαύτως’
3232 819 3396 888 Ἐμοὶ
3441 822 3511 874 δὲ
3543 822 3632 892 μὴ
3679 822 3918 892 γένοιτ.

2313 899 2596 970 ἁμαρτεῖν
2659 899 2768 953 τοῦ
2837 899 3139 953 διαλιπεῖν
3204 907 3711 974 προσευχόμενον
3769 906 3918 973 ὑπὲ]

2312 983 2498 1054 ὑμῶν.
2525 983 2692 1046 Ποίας
2719 977 2813 1036 οὖν
2843 983 3106 1054 τύχοιμεν
3134 986 3293 1055 ἡμεῖς
3329 988 3670 1059 συγγνώμης
3703 988 3918 1041 λοιπὸν

2312 1067 2422 1121 τῶν
2453 1067 2562 1121 ἀπὸ
2589 1068 2689 1137 τῆς
2718 1069 2949 1137 Καινῆς,
2981 1067 3092 1122 τῶν
3124 1070 3232 1123 ἀπὸ
3259 1071 3356 1141 τῆς
3396 1071 3673 1137 Παλαιᾶς,
3725 1072 3918 1142 ὥσπε]

2313 1149 2533 1204 πάντων
2573 1152 2723 1222 ἡμᾶς
2775 1150 3064 1206 ὠθούντων
3107 1153 3186 1216 εἰς
3217 1153 3314 1224 τὴν
3364 1153 3504 1226 ὑπὲρ
3541 1154 3660 1208 τῶν
3700 1155 3918 1226 ἐχθρῶ·

2313 1233 2496 1305 εὐχὴν,
2531 1235 2579 1286 εἰ
2616 1235 2690 1305 μὴ
2738 1235 2876 1306 μετὰ
2906 1235 3093 1306 πάσης
3133 1237 3370 1306 σπουδῆς
3402 1238 3558 1291 τοῦτο
3595 1237 3918 1308 κατορθοῖ)⁴

2315 1318 2723 1390 σπουδάσομεν;
2786 1317 2872 1389 Μὴ
2917 1317 3099 1372 τοίνυν
3141 1319 3511 1391 ρᾳθυμῶμεν,
3571 1323 3913 1393 παρακαλῶ

2316 1403 2468 1474 Ὄσῳ
2497 1403 2606 1475 γὰρ
2636 1403 2855 1457 πλείονα
2876 1403 2946 1457 τὰ
2971 1405 3412 1476 παραδείγματα,
3435 1405 3702 1476 τοσούτῳ,
3732 1406 3809 1459 ἂν
3853 1406 3918 1476 psi

2317 1486 2708 1558 μιμησώμεθα,
2767 1487 2969 1558 μείζων
3008 1491 3040 1557 ἠ
3085 1489 3330 1553 κόλασις.
3384 1490 3527 1542 Πολὺ
3565 1490 3677 1560 γὰρ
3729 1491 3918 1560 μεῖζόε

2313 1572 2429 1622 ἐστι
2465 1570 2526 1622 τὸ
2564 1571 2703 1641 ὑπὲρ
2731 1570 2842 1623 τῶν
2872 1571 3085 1643 ἐχθρῶν
3112 1571 3390 1642 εὔχεσθαι,
3423 1572 3455 1641 ἢ
3492 1573 3634 1640 ὑπὲρ
3679 1572 3798 1625 τῶν
3837 1573 3902 1640 φῖ

2311 1652 2447 1706 λων·
2492 1654 2591 1724 οὐχ
2635 1653 2808 1718 οὕτως
2862 1656 3010 1725 ἡμᾶς
3041 1655 3245 1723 ὠφελεῖ
3296 1655 3356 1708 τὸ
3387 1656 3528 1725 ὑπὲρ
3571 1654 3687 1707 τῶν
3750 1655 3833 1724 φεῖ

2313 1735 2588 1808 εὔχεσθαι,
2615 1737 2690 1801 ὡς
2723 1737 2784 1790 τὸ
2811 1738 2954 1810 ὑπὲρ
2985 1737 3095 1791 τῶν
3136 1737 3370 1810 ἐχθρῶν.
3400 1741 3604 1792 ’Λκουε
3639 1737 3744 1791 τοῦ
3787 1737 3811 1791 ἒ

2316 1822 2443 1874 στοῦ
2469 1822 2750 1890 λέγοντος·
2791 1822 2932 1875 Ἐὰν
2971 1821 3324 1890 ἀγαπήσητε
3363 1821 3505 1888 τοὺς
3543 1821 3794 1890 ἀγαπῶ»

2316 1903 2490 1973 ὑμᾶς,
2518 1906 2660 1958 ποία
2681 1906 2824 1975 ὑμῖν
2843 1904 3015 1975 χάρις
3043 1905 3246 1970 ἐστίν;
3271 1907 3408 1976 οὐχὶ
3439 1907 3536 1985 {cal
3561 1911 3616 1960 οἱ
3649 1907 3795 1960 τελί

2318 1988 2382 2042 τὸ
2410 1988 2558 2042 αὐτό
2605 1990 2924 2055 ποιοῦσιν;
2959 1990 3129 2046 Ὅταν
3169 1990 3347 2046 τοίνυν
3389 1991 3529 2062 ὑπὲρ
3583 1991 3699 2044 τῶν
3736 2009 3752 2040 ‹

2309 2073 2619 2144 εὐξώμεθα,
2650 2073 2866 2127 οὐδέπω
2891 2073 3001 2128 τῶν
3027 2076 3275 2130 τελωνῶν
3329 2079 3582 2148 γινόμεθα
3618 2080 3750 2149 βελτ

2323 2158 2420 2211 ἐὰν
2445 2159 2501 2211 δὲ
2522 2159 2648 2223 τοὺς
2675 2159 2904 2230 ἐχθροὺς
2924 2158 3256 2230 φιλήσωμεν,
3272 2163 3363 2214 καὶ
3389 2163 3529 2235 ὑπὲρ
3553 2163 3664 2217 τῶν
3691 2164 3791 2235 exe

2309 2240 2616 2313 εὐξώμεθα,
2651 2244 2828 2313 ὅμοιοι
2874 2243 3132 2313 γινόμεθα
3180 2243 3257 2314 τῷ
3306 2245 3426 2316 Θεῷ
3474 2247 3615 2301 κατὰ
3668 2248 3829 2319 δῦναι

2306 2326 2680 2398 ἀνθρωπίνην.
2708 2329 2961 2380 Ἔσεσθε
3007 2326 3137 2398 γὰρ,
3179 2328 3362 2397 φησὶν,
3393 2329 3586 2398 ὅμοιοι
3631 2333 3745 2387 τοῦ
3785 2337 3858 2387 Πι

2307 2409 2448 2477 τρὸς
2475 2409 2642 2478 ὑμῶν
2660 2411 2765 2464 τοῦ
2790 2411 2861 2463 ἐν
2895 2410 3194 2477 οὐρανοῖς,
3223 2409 3310 2464 ὅτι
3343 2413 3451 2466 τὸν
3482 2414 3668 2481 ἥλιον
3707 2419 3898 2471 αὐτοι

2307 2492 2627 2548 ἀνατέλλει
2655 2493 2752 2547 ἐπὶ
2785 2493 3090 2561 πονηροὺς
3118 2495 3214 2547 καὶ
3243 2496 3521 2565 ἀγαθοὺς,
3550 2499 3652 2552 καὶ
3683 2500 3912 2569 βρέχει

2306 2575 2407 2628 ἐπὶ
2451 2575 2724 2643 δικαίους
2749 2577 2849 2629 καὶ
2875 2576 3142 2642 ἀδίκους.
3182 2578 3349 2632 Ὅταν
3379 2575 3470 2633 οὖν
3519 2582 3613 2635 καὶ
3655 2582 3769 2634 ἀπὸ
3799 2583 3907 2635 τοῦ

2307 2665 2602 2730 Δεσπότου,
2629 2665 2722 2717 καὶ
2751 2663 2859 2716 ἀπὸ
2889 2663 2997 2717 τῶν
3043 2664 3241 2720 δούλων
3267 2665 3479 2738 ἔχωμεν
3513 2667 3585 2721 τὰ
3621 2669 3905 2740 παραδεί-

2305 2770 2514 2824 γματα,
2553 2752 2907 2823 ζηλώσωμεν.
2946 2754 3382 2826 κατορθώσωμεν
3411 2756 3510 2828 τὴν
3538 2759 3743 2828 ἀρετήν
3766 2775 3778 2788 ⁸
3808 2759 3907 2814 ἵνα

2304 2837 2398 2890 καὶ
2443 2837 2542 2907 τῆς
2579 2835 2994 2905 βασιλείαςιτῶν
3025 2837 3268 2907 οὐρανῶν
3299 2839 3571 2910 ἐπιτυχεῖν
3619 2841 3902 2906 καταξιω-

2303 2921 2509 2992 θῶμεν,
2542 2921 2636 2974 καὶ
2662 2923 2728 2992 τῇ
2761 2925 2961 2992 φρικτῇ
2996 2921 3167 2993 ταύτῃ
3199 2924 3447 2997 τραπέζῃ
3480 2925 3621 2996 μετὰ
3647 2926 3899 2992 πλείονος

2301 3006 2402 3075 τῆς
2425 3005 2739 3077 παρρησίας
2765 3019 2816 3067 ιι,
2847 3006 2906 3058 τὸ
2948 3006 3189 3068 συνειδὸς
3219 3007 3429 3061 ἑαυτῶν
3457 3009 3892 3082 ἐκκαθάραντες,

2302 3088 2395 3140 καὶ
2419 3088 2527 3141 τῶν
2572 3089 2998 3168 ἐπηγγελμένων
3037 3089 3259 3157 ἀγαθῶν
3290 3091 3639 3163 ὲπιτύχωμεν
3661 3137 3675 3158 ,
3704 3095 3894 3166 χάριτι.

2303 3171 2395 3222 καὶ
2423 3170 2805 3252 φιλανθρωπίᾳ
2829 3171 2924 3224 τοῦ
2967 3171 3169 3244 Κυρίου
3201 3174 3359 3244 ἡμῶν
3411 3177 3586 3246 Ἰησοῦ
3624 3180 3887 3252 Χριστοῦ,

2303 3254 2423 3323 μεθ’
2455 3249 2515 3308 οὗ
2559 3254 2636 3324 τῷ
2683 3255 2880 3325 Πατρὶ,
2915 3255 3031 3326 ἅμα
3087 3257 3165 3328 τῷ
3194 3258 3334 3329 ἁγίῳ
3382 3249 3690 3330 Πνεῦματις
3735 3262 3884 3327 δόξα,

2299 3337 2523 3406 κράτος,
2557 3337 2712 3408 τιμὴ,
2746 3337 2842 3394 νῦν
2877 3340 2970 3394 καὶ
3001 3341 3108 3412 ἀεὶ,
3141 3342 3232 3396 καὶ
3263 3344 3342 3407 εἰς
3370 3343 3499 3408 τοὺς
3544 3344 3749 3411 αἰῶνας
3769 3346 3889 3401 τῶν

2298 3419 2534 3475 αἰώνων.
2591 3421 2647 3474 ’Δ
2656 3422 2783 3493 μήν.

3871 2067 3918 2094 ad

703 3588 729 3616 ³
757 3587 874 3636 Post
915 3585 1179 3650 παρρησίας
1209 3585 1487 3636 addendum
1513 3587 1709 3639 videtur
1743 3591 2105 3655 προσέλθωμεν,
2141 3591 2216 3641 vel

2306 3587 2373 3634 nd
2388 3584 2573 3633 simile.

1666 3927 1843 3985 FlNlS
1882 3930 2045 3986 ΤΟΜΙ
2091 3926 2610 3994 QUADRAGESIMI
2649 3934 2830 3994 NONL

2241 5770 3768 5814 ..ῃ-Ἦ*-

2443 5788 2525 5880 Et
2551 5820 2691 5893 typis
2720 5821 2955 5900 MlGNE,
2983 5841 3053 5884 au
3079 5827 3574 5908 Petit-Montrouge
