4074 6218
1376 638 2576 854 ἶῖῖωίαῒίο

1101 1049 1224 1121 ΙΝ
1299 1049 1805 1120 VIGINTI
1882 1051 2038 1120 ET
2116 1051 2473 1121 UNAM
2550 1052 3186 1126 HOMILIAS

1266 1264 1355 1317 AD
1395 1262 1708 1317 POPULUM
1752 1264 2232 1322 ANTIOCHENUM
2274 1269 2357 1322 DE
2396 1268 2695 1324 STATUIS.

1791 1474 2151 1526 ﬂW-‘blev

426 1686 600 1745 Inter
630 1699 706 1744 ea
735 1699 879 1759 quae
907 1681 1173 1743 Joannis
1209 1681 1644 1760 Chrysostomi
1695 1687 1976 1760 tempore
2025 1683 2428 1755 acciderunt,
2480 1685 2633 1744 nihil
2677 1689 3155 1750 memorabilius
3203 1691 3313 1754 illa
3359 1694 3598 1753 Antio-

334 1763 681 1845 chenorum
717 1761 1061 1845 seditione,
1095 1776 1256 1836 qua,
1312 1759 1568 1845 dejeotis
1616 1760 1956 1845 Theodosii
1990 1762 2401 1845 Imperatoris
2434 1768 2494 1823 et
2545 1765 2820 1845 Flacillre
2868 1767 3006 1845 ejus
3058 1771 3280 1831 uxoris
3331 1775 3592 1840 statuis,

337 1843 688 1928 iisdemque
719 1858 845 1928 per:
863 1841 1085 1928 urbem
1131 1839 1422 1928 raptatis,
1452 1839 1882 1928 Theodosium
1909 1840 1999 1928 ita
2042 1842 2549 1928 exacerbarunt,
2582 1849 2654 1903 ut
2680 1843 2757 1905 de
2786 1839 2945 1906 urbe
2987 1845 3256 1928 delenda
3300 1852 3382 1923 sit
3412 1839 3593 1928 cogi;

335 1917 750 2004 tatum.’Hz_ec
771 1997 784 2004 _
817 1917 935 2004 fuit
976 1917 1431 2004 Chrysostomo
1461 1922 1680 1977 nostro
1711 1918 1787 2004 ad
1817 1919 2234 2004 concionandi
2276 1919 2652 2004 facultatem
2691 1925 3114 1986 exercendam
3144 1917 3360 2004 ampla
3395 1917 3600 1990 malim

335 2001 485 2080 ries.
539 1997 952 2058 Antiochenis
988 1996 1436 2080 quippeinter
1483 2013 1659 2072 spem
1708 2002 2050 2080 et__metu_m
2091 1996 2574 2080 fluctuantibus,
2606 2001 2761 2080 dum
2788 2004 3105 2080 repentini
3137 1996 3324 2066 casus
3362 2025 3597 2068 novam

335 2079 969 2161 inexspectatamque
1017 2074 1298 2152 quotidie
1353 2080 1456 2161 vel
1518 2075 1817 2161 sperandi
1839 2119 1862 2161 ._
1907 2076 2008 2161 vel
2059 2076 2318 2161 timendi
2372 2095 2634 2139 causam
2675 2074 3016 2154 offerrent,
3063 2083 3418 2161 imparatus
3465 2086 3594 2145 fere.

340 2154 1124 2241 semperJChrysostomus
1149 2197 1164 2225 ,
1212 2157 1547 2241 proutnres
1580 2171 1721 2213 sese
1763 2154 2040 2241 dabant,
2091 2155 2618 2241 stylumvertere
2663 2164 2958 2241 coactus,
2997 2180 3079 2222 ex
3127 2154 3414 2241 tempore
3456 2166 3596 2225 illas

337 2231 1203 2318 admiratione'certedignas
1233 2231 1527 2318 homilias
1551 2233 2008 2318 pronuntiabat
2031 2231 2265 2318 πρὸόο
2292 2240 2361 2318 ut
2390 2234 2456 2294 in
2501 2235 2859 2318 calamitate
2890 2231 3600 2318 versantem'populum

337 2313 811 2397 consolaretur;
841 2311 1126 2397 modo‘ut
1168 2309 1400 2397 fractos
1433 2309 1699 2397 periculi
1734 2312 2189 2397 magnitudine
2232 2313 2478 2397 animos
2517 2313 2959 2397 conﬁrmaret;
2991 2323 3126 2397 tum
3184 2309 3501 2397 précipue
3532 2329 3602 2381 ut

335 2392 675 2453 occasione
721 2390 1191 2474 imminentium
1252 2389 1570 2474 malorum
1623 2389 2052 2474 Antiochenos
2085 2390 2164 2474 ad
2204 2392 2355 2452 vitia
2397 2393 2810 2474 corrigenda,
2845 2389 3245 2474 eluendaque
3293 2389 3559 2461 crimina
3584 2447 3598 2469 ,

335 2488 483 2552 quae
514 2475 753 2531 tantam
798 2469 913 2530 Dei
946 2469 1108 2552 iram
1152 2468 1617 2552 accenderant,
1646 2469 2065 2552 _mon_itprum
2121 2468 2481 2546 frequentia
2529 2468 2915 2534 deduceret:
2958 2475 3068 2552 qui
3110 2468 3278 2537 certe
3329 2468 3598 2538 conatus

332 2546 787 2630 Chrysostomo
823 2548 1014 2609 cessit
1041 2565 1122 2608 ex
1153 2550 1324 2620 voto,
1347 2551 1420 2608 ut
1467 2547 1574 2606 ille
1605 2547 1841 2608 alicubi
1872 2546 2126 2608 fatetur.

414 2652 632 2713 Tantm
682 2667 839 2711 vero
892 2649 1220 2731 seditionis
1274 2666 1473 2731 causa
1501 2650 1659 2731 fuit,
1697 2653 1855 2731 teste
1891 2648 2181 2731 Zosimo,
2209 2650 2434 2731 ‘nimia
2465 2651 2848 2712 tributorum
2876 2697 2890 2724 ,
2937 2671 3080 2731 quae
3111 2655 3393 2731 quotidie
3431 2675 3601 2717 nova

337 2731 894 2815 excogitabantur,
927 2729 1219 2815 exactio,
1251 2730 1532 2815 sivepro
1557 2729 1945 2815 cgebritate
1967 2729 2173 2815 quinti
2205 2728 2447 2815 initiab
2475 2731 2746 2815 Arcadio
2777 2728 3236 2815 appi,'e_xgqiuo
3268 2736 3596 2815 Augustus

334 2807 1035 2893 promulgatus_fuerat,
1068 2811 1136 2893 et_
1153 2807 1385 2893 decimi
1420 2811 1573 2893 anni
1610 2807 1947 2868 Theodosii
1970 2808 2400 2893 Imperatoris
2433 2808 2544 2893 qui
2571 2824 2744 2893 anno
2771 2809 2887 2868 388
2911 2807 3276 2893 incipiebat,
3316 2807 3451 2876 sive
3483 2834 3599 2893 pro

334 2886 653 2967 apparatu
679 2887 1083 2968 bellicontra
1113 2886 1468 2947 Maximum
1499 2891 1880 2968 tyrannum,
1930 2887 2083 2968 sive
2114 2888 2573 2968 pro_ambabus
2623 2888 2896 2968 aliisque
2941 2886 3131 2950 etiam
3169 2893 3440 2968 publicis
3473 2886 3600 2956 ne-

334 2964 767 3048 céssitatibus.
800 2965 1051 3026 Tributi
1081 2983 1278 3048 onere
1310 2964 1587 3043 perculsi
1613 2965 2201 3048 Antiochenieives
2229 2964 2598 3048 Praafcctum
2630 2966 2888 3040 adeunt,
2921 2967 2962 3026 ii
2993 2964 3234 3030 scilicet
3259 2972 3371 3048 qui
3405 2975 3600 3035 urba-

336 3047 739 3128 nioris_notaf.
784 3050 1003 3128 erant,
1037 3049 1100 3104 et
1146 3045 1574 3128 lacrymantes
1603 3045 1872 3123 vectigal
1913 3044 2221 3128 indictum
2257 3044 2526 3128 pimium
2552 3050 2957 3128 queruntur:
2990 3048 3103 3108 Dei
3136 3044 3321 3128 opem
3360 3051 3602 3128 implo-

333 3131 502 3186 rant.
535 3124 905 3201 Deindeque
935 3122 1592 3184 circumforaneorum
1615 3128 1677 3182 et
1706 3122 2077 3183 exterorum
2101 3122 2434 3202 hominum
2465 3139 2546 3182 ex
2575 3123 2793 3186 infima
2822 3125 3007 3202 plebe
3037 3122 3247 3200 turba,
3267 3122 3600 3190 commotis

332 3205 598 3274 animis,
631 3204 698 3262 in
752 3203 1040 3282 facinora
1086 3208 1496 3282 erumpunt:
1537 3202 1744 3282 primo
1787 3203 1851 3260 in
1904 3202 2161 3282 publico
2192 3201 2423 3282 balneo
2454 3202 2672 3282 omnia
2702 3201 3056 3281 sus’deque
3107 3211 3354 3282 ponunt
3387 3227 3402 3279 ;
3448 3208 3600 3270 hinc

333 3282 613 3344 Praefecti
656 3282 915 3341 domum
944 3281 1182 3342 adeunt
1209 3323 1224 3352 ,
1257 3281 1575 3341 cancellos
1611 3281 1977 3358 januasque
2027 3280 2380 3351 invadunt;
2411 3280 2648 3357 vixque
2675 3283 2931 3343 coerciti
2959 3280 3090 3344 alio
3109 3280 3399 3346 furorem
3429 3304 3599 3348 con-

333 3365 626 3432 vertunt,
651 3361 1555 3442 depictasque‘lmperatorum
1587 3359 1852 3442 tabellas
1880 3359 2195 3442 lapidibus
2228 3359 2561 3442 imp_etunt,
2596 3359 2912 3442 fmd_antet
2940 3361 3358 3442 labefactant;
3391 3365 3598 3442 ipsos-

331 3457 461 3521 que
492 3437 818 3521 Augustos
856 3438 1208 3521 maledictis
1242 3443 1304 3498 et
1354 3438 1662 3521 conviciis
1695 3445 2012 3521 onerant:
2047 3438 2301 3521 demum
2346 3437 2759 3521 Imperatoris
2802 3439 3142 3521 Theodosii
3191 3437 3600 3521 Flacillieque

329 3518 470 3596 ejus
502 3516 726 3580 uxoris
750 3518 884 3596 jam
909 3516 1219 3578 defunctae
1251 3521 1498 3578 statuas
1529 3517 1866 3596 dejieiunt,
1899 3521 1962 3578 et
1991 3535 2105 3594 per
2135 3517 2308 3576 vicos
2341 3517 2514 3576 urbis
2547 3521 2836 3594 raptant;
2860 3518 3123 3596 jamque
3143 3521 3330 3596 plura
3361 3516 3599 3582 inferre

332 3594 570 3659 damna
613 3594 975 3673 coeperant,
1008 3614 1152 3657 cum
1187 3596 1473 3656 immissa
1515 3611 1552 3655 a
1582 3594 1882 3656 Prmfecto
1909 3595 2390 3673 sagittariorum
2421 3612 2618 3656 manu
2651 3594 2912 3657 coerciti
2945 3594 3117 3659 sunt.
3145 3594 3248 3660 Sic
3282 3602 3598 3664 exstincta

334 3675 646 3736 seditione
668 3719 684 3744 ,
717 3674 918 3754 furori
949 3675 1136 3754 timor
1165 3675 1502 3754 successit,
1527 3679 1721 3754 atque
1749 3674 2138 3754 imminentis
2193 3690 2397 3754 ptenaa
2436 3676 2832 3754 exspectatio
2865 3678 3122 3737 onerosi
3155 3678 3433 3754 impositi
3475 3698 3598 3740 ve—

335 3754 584 3832 ctigalis
611 3753 999 3832 oblivionem
1035 3753 1317 3832 induxit.
1344 3753 1506 3825 Quid
1553 3751 1697 3812 inde
1733 3752 1816 3832 sit
1850 3751 2520 3832 consequutuminfra
2552 3753 2922 3832 narrabitur
2947 3753 3014 3814 in
3041 3751 3418 3818 recensione
3447 3758 3594 3817 Ho—

329 3829 677 3894 miliarum.
722 3832 866 3892 Jam
906 3831 981 3892 de
1011 3849 1183 3893 anno
1218 3831 1545 3892 seditionis
1571 3875 1585 3904 ,
1612 3847 1744 3908 quo
1775 3831 1871 3892 INB
1897 3835 2049 3892 sunt
2073 3829 2305 3890 habita:
2329 3829 2608 3891 homilim
2628 3875 2645 3904 ,
2676 3831 2920 3909 aliquid
2949 3831 3313 3894 dicendum.

407 3934 604 3994 Missa
634 3933 968 3994 Sozomeni
998 3938 1061 3994 et
1089 3932 1469 3993 Theodoreti
1517 3932 1920 4003 narratione,
1953 3948 2034 3991 ex
2064 3931 2300 4008 quibus
2338 3933 2480 4007 post
2513 3930 2752 3992 bellum
2799 3937 3024 3995 contra
3053 3934 3409 3996 Maximum
3455 3937 3589 3998 hrcc

334 4012 557 4093 seditio
583 4017 646 4072 et
677 4013 1018 4093 conciones
1069 4011 1624 4093 secundum‘illam
1659 4010 1893 4093 habita;
1921 4009 2279 4093 statuendar
2294 4013 2508 4070 essent
2535 4029 2551 4093 ς
2584 4028 2670 4071 ex
2700 4011 2871 4093 notis
2895 4015 3199 4093 temporis
3231 4015 3417 4093 longe
3450 4035 3588 4078 cer~

331 4091 603 4170 tioribus
631 4134 648 4160 ,
679 4096 827 4170 ante
859 4091 1096 4151 bellum
1123 4097 1348 4152 contra
1376 4089 1730 4170 Maximum
1757 4089 1894 4170 haec
1927 4088 2234 4170 accidisse
2255 4087 2388 4166 jam
2415 4090 2783 4170 probarunt
2813 4091 2939 4170 viri
2979 4087 3142 4153 docti
3189 4098 3252 4153 et
3295 4087 3587 4170 pluribus

327 4169 608 4230 asseruit
636 4169 1077 4229 Tillemontius
1102 4170 1166 4228 in
1190 4174 1338 4230 nota
1365 4169 1444 4227 27
1464 4168 1540 4230 ad
1568 4168 1777 4228 Vitam
1798 4167 2137 4228 Theodosii
2167 4167 2602 4248 Imperatoris.
2648 4168 3125 4231 Validissimum
3160 4167 3354 4248 porro
3372 4174 3596 4233 adver-

331 4266 461 4328 sus
483 4248 763 4326 priorem
793 4249 971 4308 illam
1001 4250 1397 4328 sententiam
1412 4247 1660 4328 eruitur
1686 4252 2136 4325 argumentum
2162 4264 2242 4306 ex
2275 4246 2426 4328 ipsis
2456 4246 2891 4325 Chrysostomi
2921 4246 3291 4328 verbis,_qui
3326 4251 3592 4314 homilia

333 4325 573 4406 decima
605 4330 810 4397 sexta,
839 4343 1106 4386 numero
1132 4326 1192 4398 2,
1223 4326 1593 4387 testificatur
1618 4326 1788 4406 hunc
1808 4343 2050 4406 annum
2081 4325 2427 4385 secundum
2450 4343 2694 4406 esseea
2717 4343 2847 4403 quo
2867 4325 3239 4406 concionari
3272 4338 3587 4406 cmperat:

329 4405 518 4484 caspit
541 4411 755 4467 autem
777 4405 1209 4484 cumprimum
1231 4406 1566 4484 presbyter
1587 4403 1918 4484 ordinatus
1941 4403 2058 4484 fuit
2074 4420 2247 4463 anno
2270 4408 2551 4464 vertente
2575 4403 2714 4475 385,
2741 4406 2838 4466 vel
2861 4404 3122 4484 ineunte
3137 4403 3594 4479 386.0uam0h-

337 4481 481 4563 rem,
549 4484 645 4545 vel
674 4483 737 4542 in
770 4481 1011 4544 annum
1042 4482 1160 4543 388
1189 4481 1287 4545 hie
1320 4481 1661 4544 conciones
1703 4481 2103 4563 conferenda)
2138 4486 2341 4563 _sunt_,
2365 4484 2716 4563 autpotius
2750 4485 2812 4543 in
2848 4483 2987 4544 387.
3029 4486 3150 4546 Pro
3185 4489 3398 4563 priore
3433 4507 3593 4548 seu—-

331 4562 527 4623 tentia
558 4566 684 4623 stat
710 4563 1025 4622 Baronius
1046 4607 1062 4634 ,
1091 4567 1154 4623 et
1183 4568 1322 4639 post
1349 4580 1494 4622 eum
1523 4561 1822 4640 Petavius
1854 4566 1917 4620 et
1953 4561 2268 4620 Henricus
2288 4561 2586 4640 Valesius
2606 4606 2620 4634 ,
2650 4563 2759 4640 qui
2793 4563 2931 4622 ideo
2962 4563 3033 4623 in
3063 4561 3304 4624 annum
3334 4564 3452 4625 388
3481 4585 3593 4627 eas

326 4641 702 4719 conjiciunt,
731 4642 885 4718 quia
917 4641 1027 4700 illo
1057 4657 1229 4702 anno
1261 4641 1605 4718 incipiebat
1632 4639 1915 4700 decimus
1948 4639 2193 4719 imperii
2225 4639 2561 4700 Theodosii
2590 4685 2605 4711 ,
2638 4641 2714 4701 ad
2765 4643 2946 4719 cujus
2996 4643 3427 4706 celebritatem
3477 4644 3590 4704 in-

329 4718 587 4780 ductum
644 4720 761 4780 fuit
800 4721 1115 4781 tributum
1173 4736 1371 4797 supra
1434 4724 1858 4779 memoratum
1893 4737 1906 4776 :
1942 4718 2113 4794 quod
2158 4723 2371 4779 autem
2401 4737 2477 4779 ex
2511 4720 2776 4780 Libanio
2803 4718 3068 4781 affertur
3096 4721 3172 4782 ad
3205 4722 3378 4783 illam
3404 4727 3589 4781 tuen-

329 4797 477 4857 dam
520 4799 927 4870 sententiam,
955 4799 1324 4859 intricatum
1355 4798 1618 4857 omnino
1649 4804 1746 4858 est
1769 4842 1784 4869 ,
1818 4801 1881 4857 et
1909 4797 1989 4856 ad
2015 4797 2338 4877 utramvis!
2357 4799 2735 4877 sententiam
2784 4805 2985 4877 potest
3015 4799 3401 4877 detorqueri.
3433 4801 3593 4861 Cer-

329 4880 557 4956 tiorem
599 4895 797 4954 porro
833 4878 930 4937 his
972 4878 1275 4937 omnibus
1309 4882 1529 4937 notam
1563 4877 1849 4956 eruimus
1883 4894 1966 4937 ex
2009 4893 2086 4956 eo
2114 4920 2128 4948 ,
2173 4875 2344 4952 quod
2392 4875 2797 4956 Theodosius
2838 4879 3194 4956 Imperator
3218 4875 3590 4938 certissimo

327 4953 884 5034 Constantinopoli
917 4961 1084 5015 esset
1116 4973 1232 5032 per
1261 4955 1534 5017 hiemem
1569 4961 1629 5014 et
1657 4954 2224 5034 Quadragesimam
2251 4955 2400 5015 anni
2433 4953 2572 5027 387,
2613 4974 2744 5034 quo
2777 4953 2967 5017 etiam
3012 4974 3183 5017 anno
3213 4957 3587 5017 seditionem

327 5033 672 5113 contigisse
696 5040 949 5112 Oportet
975 5054 989 5093 :
1019 5052 1170 5095 nam
1197 5040 1478 5112 tempore
1504 5033 1832 5095 seditionis
1855 5033 2044 5113 etiam
2069 5032 2997 5111 Constantinopolicertissime
3022 5035 3322 5113 degebat;
3359 5041 3586 5098 contra

325 5112 543 5172 autem
574 5130 749 5191 anno
775 5114 1069 5191 sequenti
1118 5114 1236 5174 hac
1264 5114 1405 5190 ipsa
1450 5117 1824 5190 tempestate
1875 5112 2350 5174 Thessalonica
2400 5113 2754 5190 Imperator
2782 5112 3180 5174 versabatur.
3215 5112 3394 5184 Quod
3435 5133 3588 5176 vero

328 5196 554 5253 contra
583 5190 850 5253 affertur
871 5190 963 5253 ex
1002 5192 1430 5254 celebratione
1459 5192 1612 5252 anni
1652 5191 1876 5252 decimi
1909 5191 2275 5260 Theodosii,
2309 5192 2418 5268 qui
2451 5209 2624 5251 anno
2671 5192 2788 5252 388
2823 5191 3203 5268 incipiebat,
3237 5191 3391 5251 illud
3413 5237 3428 5262 ,
3477 5194 3590 5252 in—

326 5286 549 5349 quam,
586 5271 770 5330 nihili
801 5275 928 5345 est,
960 5289 1104 5332 cum
1136 5277 1378 5332 certum
1420 5271 1501 5332 sit
1535 5289 1615 5330 ex
1645 5271 1850 5331 Fastis
1882 5269 2062 5331 Idatii
2099 5275 2162 5330 et
2214 5271 2592 5338 Marcellini,
2615 5271 2824 5348 ipsum
2855 5269 3007 5331 anni
3052 5268 3278 5330 decimi
3327 5271 3584 5349 Imperii

325 5348 427 5428 sui
486 5349 918 5428 celebritatem
971 5367 1101 5410 uno
1153 5367 1325 5411 anno
1376 5349 1794 5428 praevenisse,
1846 5353 1918 5409 ut
1951 5367 2095 5409 cum
2131 5349 2260 5408 ﬁlio
2312 5366 2431 5428 suo
2462 5349 2783 5428 Arcadio,
2828 5349 2937 5428 qui
2978 5365 3232 5428 pannum
3293 5348 3587 5426 quintum

328 5426 583 5503 Imperii
640 5428 705 5488 in
750 5429 864 5489 387
902 5429 1141 5499 inibat,
1171 5447 1304 5491 una
1332 5426 1646 5490 decimum
1672 5427 2585 5503 celebraret,quemadmodum
2629 5433 2690 5488 et
2727 5427 3158 5489 Maximianus
3210 5427 3586 5499 Herculius,

327 5521 475 5565 cum
523 5523 769 5567 annum
817 5509 1133 5569 decimum
1180 5515 1476 5570 octavum
1524 5513 1770 5568 tantum
1811 5506 2066 5584 Imperii
2107 5510 2356 5584 ageret,
2391 5522 2518 5566 una
2558 5523 2700 5566 cum
2746 5507 3168 5577 Diocletiano,
3201 5507 3310 5584 qui
3347 5507 3591 5584 vigesi-

330 5600 505 5644 mum
541 5587 804 5668 agebat,
836 5587 1218 5668 vigesimum
1247 5588 1610 5649 celebravit.
1645 5587 1733 5648 De
1764 5587 1882 5648 hac
1909 5605 1977 5646 re
2013 5593 2224 5646 autem
2258 5585 2548 5662 pluribus
2592 5585 2654 5644 in
2687 5587 2825 5647 Vita
2855 5586 3056 5648 sancti
3086 5586 3350 5647 Joannis
3375 5585 3588 5662 Chry-

331 5666 620 5724 sostomi.

411 5766 551 5829 Alia
592 5786 740 5829 vero
773 5787 900 5831 non
936 5770 1146 5830 minor
1179 5768 1472 5830 oboritur
1498 5767 1869 5839 difficultas,
1901 5765 1976 5826 de
2003 5782 2132 5846 qua
2154 5765 2282 5844 jam
2324 5766 2384 5826 in
2415 5764 2654 5826 Monito
2709 5764 2781 5826 ad
2837 5764 3132 5828 homilias
3179 5764 3394 5820 contra
3457 5756 3566 5817 Ju-

657 5867 887 5912 Prrnnr
972 5872 1058 5912 (In
1137 5873 1223 5912 YI
1250 5874 1327 5912 ιγ
3244 5857 3270 5912 1

653 5867 920 5930 ΡΑτῐιοι.
972 5872 1086 5932 Gn.
1137 5873 1358 5935 XLIX.

401 5912 514 6066 fg.
