4074 6218
394 324 460 378 Π
812 354 819 355 ί
1380 316 1469 372 AD
1506 312 1829 371 POPULUM
1867 314 2005 373 ΑΝΤ

2114 314 2361 374 iilENUM
2426 315 2654 374 HOMIL.
2700 320 2737 374 1.
3604 321 3670 375 18

390 440 471 492 eia
497 448 617 496 eos,
639 431 731 502 qui
763 438 996 487 mentem
1021 429 1294 496 adhibent,
1316 427 1528 485 diabolo
1551 419 1983 493 inexpugnabiles

390 526 613 591 reddit;
639 531 696 580 et
719 530 989 593 tamquam
1016 523 1132 594 lyra
1160 536 1370 578 rursum
1397 519 1562 575 multa
1588 530 1710 572 eum
1737 511 1986 583 jucundi-

394 628 509 675 tate
536 616 826 677 delectans,
854 613 1205 669 absurdarum
1232 612 1449 668 morbos
1491 606 1869 679 cogitationum
1893 617 1984 657 so-

400 716 507 784 pit,
539 726 600 766 ac
626 708 843 764 multam
873 722 994 762 cum
1036 707 1309 778 voluptate
1333 704 1488 760 nobis
1510 702 1665 757 affert
1687 699 1987 754 utilitatem.

406 803 641 863 Audistis
684 802 844 872 igitur
888 800 1049 855 hodie
1077 799 1144 856 de
1172 799 1354 855 multis
1392 806 1446 853 et
1489 792 1806 850 necessariis
1832 789 1993 844 rebus

410 893 689 952 Timotheo
727 890 1129 947 disserentem?
1156 890 1366 945 Etenim
1393 888 1459 942 de
1486 881 1905 942 ordinationibus
1926 878 1994 933 ad

406 988 576 1057 ipsum
603 983 839 1053 scripsit,
866 981 1054 1038 dicens
1083 999 1099 1038 :
1126 980 1312 1034 Hann:
1338 980 1436 1035 cito
1464 976 1650 1032 nemini
1673 970 1992 1043 imposueris,

401 1095 559 1148 neque
581 1076 1026 1133 communicaveris
1054 1074 1267 1145 peccatis
1287 1073 1464 1127 alienis
1496 1072 1568 1142 (i.
1613 1067 1747 1125 Tim.
1777 1066 1830 1121 5.
1863 1063 1992 1132 22):

401 1181 458 1227 et
482 1168 822 1226 intolerabile
849 1167 970 1223 talis
1014 1163 1466 1237 praevaricationis
1505 1159 1798 1230 perieulum
1827 1169 1995 1223 expo-

405 1262 536 1326 suit.
571 1261 948 1317 demonstrans
967 1256 1107 1326 quod
1135 1256 1395 1311 malorum
1426 1251 1494 1308 ab
1517 1250 1635 1305 aliis
1663 1255 1995 1318 perpetrato-

405 1368 531 1408 rum
563 1349 877 1422 supplicium
919 1348 1007 1403 alii
1036 1363 1155 1403 cum
1183 1346 1289 1401 illis
1331 1345 1462 1414 ipsis
1490 1340 1847 1403 suStinebunt,
1878 1336 1999 1405 quia

405 1461 508 1516 per
554 1422 938 1499 ordinationem
987 1437 1310 1508 improbitati
1346 1434 1626 1492 conterunt
1660 1437 1997 1502 potestatem.

406 1534 534 1589 Mox
562 1548 751 1588 rursus
794 1530 967 1600 inquit
993 1549 1008 1584 :
1038 1528 1170 1584 Vino
1193 1528 1390 1582 modico
1414 1539 1553 1580 utere
1582 1530 1784 1592 propter
1813 1530 1999 1574 stoma-

404 1626 560 1679 chum
587 1632 748 1683 tuum,
770 1630 819 1675 et
838 1621 1119 1690 frequentes
1140 1628 1252 1673 tuas
1276 1618 1593 1685 inﬁrmitates
1623 1612 1781 1683 (Ibid.
1807 1627 1862 1664 v.
1882 1608 1999 1678 23).

406 1716 477 1771 Et
501 1714 569 1769 de
596 1728 876 1769 servorum
904 1711 1256 1781 subjectione,
1285 1717 1340 1764 et
1367 1706 1435 1761 de
1461 1720 1739 1760 avarorum
1769 1700 1992 1764 insania,

405 1816 465 1862 et
488 1805 558 1861 de
581 1803 804 1861 divitum
832 1803 1131 1873 arrogantia
1150 1842 1166 1867 ,
1192 1811 1248 1857 et
1274 1799 1343 1856 de
1368 1798 1548 1854 multis
1575 1796 1695 1851 aliis
1720 1793 1873 1848 nobis
1900 1791 2002 1847 ho-

406 1897 497 1953 die
521 1894 794 1952 disseruit.
822 1894 956 1951 Cum
989 1893 1158 1964 igitur
1192 1890 1372 1946 omnia
1401 1901 1711 1958 percurrere
1753 1896 2006 1951 nonpos-

409 1988 602 2054 simus,
630 1982 756 2054 quid
784 1984 949 2039 vultis
973 1977 2023 2052 ecommemoratisproponenteschari-

409 2079 510 2135 tati
537 2086 729 2134 vestrae
770 2076 1052 2132 dicamus?
1082 2074 1240 2131 Velut
1278 2072 1422 2129 enim
1460 2071 1514 2126 in
1540 2083 1693 2140 prato
1732 2066 1929 2122 multos
1951 2074 2008 2120 et

418 2170 591 2223 varios
632 2168 792 2224 video
839 2166 1081 2222 lectionis
1123 2166 1283 2221 flores
1329 2171 1385 2219 et
1427 2161 1659 2232 amplum
1706 2159 2003 2223 rosarium,

420 2260 613 2314 mttitas
637 2273 771 2313 vero
798 2258 987 2327 violas,
1016 2272 1117 2312 nec
1143 2255 1388 2325 pauciora
1434 2253 1581 2319 lilia;
1612 2250 1707 2307 sed
1732 2262 1788 2305 et
1804 2250 2006 2304 varium

416 2351 617 2422 ubique
658 2360 713 2407 et
737 2352 1011 2421 copiosum
1040 2350 1260 2420 spiritus
1297 2346 1524 2403 fructum
1565 2344 1964 2400 disseminatum
1987 2382 2004 2407 ,

414 2451 474 2497 et
498 2442 717 2496 multam
744 2440 926 2496 odoris
950 2438 1264 2493 suavitatem
1298 2453 1312 2491 :
1345 2437 1451 2492 imo
1478 2450 1606 2490 vero
1642 2449 1746 2487 non
1778 2441 2009 2487 tantum-

414 2530 581 2587 modo
607 2539 836 2600 pratum,
867 2545 1053 2585 verum
1100 2527 1378 2597 paradisus
1416 2534 1499 2581 est
1520 2524 1816 2579 divinarum
1852 2521 2010 2577 lectio

415 2622 815 2692 Scripturarum
852 2639 866 2677 :
895 2636 1001 2675 non
1046 2620 1187 2674 enim
1218 2617 1560 2688 fragrantiam
1591 2616 1765 2671 solum
1815 2613 2008 2668 nudam

418 2712 619 2767 habent
648 2713 764 2781 ejus
809 2710 988 2774 liores,
1018 2709 1111 2765 sed
1140 2719 1195 2765 et
1233 2708 1460 2782 fructum
1482 2749 1498 2773 ,
1526 2707 1615 2776 qui
1645 2706 1877 2761 animam
1906 2721 2008 2759 nu-

419 2805 553 2859 trire
596 2804 783 2873 possit.
828 2802 965 2871 Quid
1007 2802 1166 2871 igitur
1195 2799 1262 2856 de
1305 2799 1462 2854 dictis
1504 2798 1559 2852 in
1590 2796 1821 2852 medium
1854 2794 2011 2848 vultis

416 2908 642 2963 agamus
667 2893 866 2948 hodie?
908 2893 1067 2947 vultis
1105 2890 1243 2961 quod
1272 2890 1508 2944 omnium
1554 2888 1867 2942 vilissimum
1892 2899 2012 2940 esse

421 2984 657 3047 videtur,
705 2994 759 3038 et
791 2982 1089 3053 quibusque
1133 2981 1403 3035 intellectu
1447 2979 1777 3043 facillimum,
1827 2977 2010 3032 hocin

419 3075 677 3143 prmsenti
701 3072 1031 3129 tractemus?
1061 3071 1185 3126 Mihi
1213 3086 1404 3140 nempe
1425 3071 1616 3140 placet,
1642 3068 1737 3124 sed
1763 3077 1818 3124 et
1837 3067 2008 3132 vobis,

422 3164 529 3219 hoc
565 3165 703 3219 bene
751 3164 893 3228 novi,
946 3165 1143 3232 pariter
1172 3162 1416 3231 placebit.
1465 3159 1601 3228 Quid
1638 3175 1766 3215 vero
1796 3158 2009 3213 tandem

420 3263 511 3309 est
548 3253 669 3309 aliis
719 3252 966 3307 facilius?
995 3252 1118 3322 quid
1167 3260 1343 3305 autem
1386 3250 1527 3305 aliud
1567 3264 1726 3320 quam
1775 3247 1914 3317 quod
1958 3256 2013 3302 et

422 3344 647 3399 cuilibet
690 3343 840 3396 facile
890 3352 943 3396 et
972 3342 1113 3395 dicto
1143 3340 1582 3408 compendiosum
1611 3353 1730 3394 esse
1758 3336 2012 3392 videtur?

422 3433 596 3501 Quale
620 3434 835 3503 quidem
864 3432 1000 3488 istud
1021 3433 1046 3485 ?
1077 3431 1131 3484 Μ
1137 3431 1280 3484 edico
1304 3432 1418 3484 vino
1442 3439 1581 3483 utere
1599 3438 1803 3499 propter
1822 3437 2010 3480 stoma-

418 3526 577 3580 rltum
625 3534 764 3578 tuum
787 3565 804 3591 ,
842 3534 888 3577 et
934 3522 1131 3576 crebras
1181 3520 1501 3590 aegritudines
1541 3529 1672 3572 tuas.
1731 3517 1822 3572 Eia
1856 3518 2012 3586 igitur

420 3632 643 3671 omnem
694 3615 987 3669 orationem
1059 3613 1113 3669 in
1190 3613 1328 3667 hanc
1393 3610 1758 3685 impendamus
1821 3608 2012 3664 dictio-

424 3723 574 3763 nem.

501 3818 786 3888 Scriptum
807 3832 965 3871 sacra
988 3817 1065 3872 vel
1087 3815 1309 3871 minima:
1331 3813 1583 3868 sententia:
1608 3815 1838 3883 pretiosis
1877 3819 2014 3865 sunt.

423 3909 629 3964 —iloc
642 3917 819 3963 autem
853 3906 1075 3963 facimus
1103 3923 1208 3962 non
1231 3906 1535 3961 ambitionis
1553 3905 1741 3974 gratia,
1773 3920 1945 3973 neque
1962 3904 2015 3958 in

425 3997 659 4055 dicendo
684 3997 949 4054 facultatis
986 3998 1397 4053 ostentationem
1425 3996 1681 4051 exhibere
1707 3996 2017 4051 studentes:

431 4105 543 4144 non
570 4090 713 4144 enim
736 4105 854 4158 quae
889 4089 1135 4144 dicuntur
1155 4097 1333 4142 nostra
1359 4095 1500 4149 sunt,
1530 4086 1623 4141 sed
1650 4102 1768 4155 quae
1794 4086 2020 4155 Spiritus

428 4181 601 4253 gratia
626 4180 888 4236 afﬂaverit
912 4198 927 4234 :
955 4180 1051 4235 sed
1083 4188 1141 4234 ut
1175 4179 1446 4234 auditores
1471 4179 1554 4233 vel
1581 4177 1855 4248 segniores
1877 4176 2021 4232 exci-

434 4284 634 4341 temus,
679 4282 733 4329 et
777 4280 1007 4343 quantus
1052 4272 1122 4327 sit
1165 4271 1556 4340 Scripturarum
1610 4269 1922 4331 thesaurus,
1967 4278 2023 4323 et

429 4363 579 4435 quod
602 4379 776 4434 neque
802 4364 1029 4420 liberum
1058 4363 1126 4419 sit
1152 4378 1325 4432 neque
1369 4371 1539 4417 tntum
1581 4376 1674 4417 eas
1703 4370 2020 4431 prastercur-

434 4470 579 4520 rere,
610 4454 1047 4525 persuadeamus.
1077 4453 1134 4510 Si
1160 4454 1302 4509 enim
1334 4453 1508 4508 tenuis
1535 4452 1650 4507 hzcc
1676 4461 1728 4506 et
1770 4466 2024 4520 compen-

432 4548 587 4604 diosa
618 4548 801 4612 dictio,
826 4557 880 4602 et
904 4563 1023 4617 quae
1064 4546 1199 4602 nihil
1227 4545 1584 4600 necessarium
1611 4544 1793 4598 multis
1829 4542 2024 4596 habere

430 4637 669 4705 videtur,
717 4638 1004 4694 multarum
1044 4652 1259 4693 causam
1306 4635 1611 4691 divitiarum
1655 4642 1709 4687 et
1751 4632 2024 4687 altissima:

432 4728 786 4800 philosophia:
831 4726 1140 4783 occasiones
1188 4726 1343 4782 nobis
1375 4724 1614 4794 praebere
1662 4724 1772 4777 visa
1819 4723 2021 4787 fuerit;

436 4821 605 4878 multo
628 4819 798 4890 magis
827 4820 938 4884 illa,
966 4834 1083 4889 quae
1128 4826 1184 4873 et
1210 4833 1277 4873 ex
1304 4832 1365 4873 se
1392 4815 1734 4872 domesticam
1760 4821 2029 4869 ostentant

438 4915 687 4983 copiam,
728 4913 952 4968 inﬁnitis
997 4912 1261 4968 thesauris
1315 4908 1797 4965 animadvertentes
1839 4906 2029 4973 imple-

436 5004 592 5059 bunt.
639 5003 806 5074 Igitur
846 5018 949 5059 nec
976 5003 1093 5057 illas
1120 5002 1335 5071 quidem
1356 5042 1371 5066 ,
1418 5016 1536 5071 qua:
1578 5010 1764 5054 tenues
1790 5013 1910 5054 esse
1933 5014 2031 5067 pu-

436 5105 638 5162 tantur,
662 5095 1058 5164 Scripturarum
1080 5094 1372 5149 sententias
1386 5102 1873 5164 prn'tercurramus.
1896 5088 2027 5143 Nam

434 5197 494 5244 et
517 5188 645 5259 ipsa
667 5186 738 5244 de
759 5186 993 5259 Spiritus
1030 5187 1199 5257 gratia
1224 5194 1351 5241 sunt
1378 5203 1393 5239 :
1420 5184 1648 5254 Spiritus
1669 5192 1843 5238 autem
1864 5181 2030 5252 gratia

436 5387 577 5429 Hunc
605 5385 846 5442 praeterea
869 5377 1063 5429 titulum
1102 5378 1249 5442 habet
1281 5375 1483 5442 Savilius
1513 5375 1939 5442 sine_dis_crir_nine.
1965 5381 2031 5442 lix

439 5435 684 5503 hisporro
709 5442 872 5490 verbis
901 5441 1015 5503 haec
1036 5439 1176 5491 titulo
1214 5447 1381 5503 nostro
1404 5439 1662 5488 inserenda
1693 5438 1935 5503 duximus,
1979 5435 2032 5485 in

437 5500 606 5553 [mitra
627 5515 721 5551 seu
740 5503 897 5552 veteri
915 5502 1137 5552 ecclesia.
1155 5501 1307 5551 Palma
1329 5513 1417 5549 seu
1458 5507 1617 5557 vetus,
1644 5502 1899 5548 vocabatur
1923 5510 2033 5559 pars

442 5565 700 5633 Antiochia:
710 5564 859 5633 urbis
879 5565 939 5633 ad
960 5572 1191 5633 Orontem
1212 5564 1409 5612 ﬂuvium
1427 5562 1548 5633 sita:
1570 5562 1619 5609 in
1641 5573 1734 5633 qua
1752 5565 1862 5633 erat
1875 5558 2035 5633 eccles-

436 5628 513 5687 δὴ
536 5625 685 5687 mima
709 5626 828 5675 item
865 5626 1007 5681 dicta,
1038 5619 1783 5687 etiantqueapostolicamuiaah
1806 5619 2035 5687 apostolis

689 5687 806 5737 \ide
828 5700 939 5751 quae
963 5688 1051 5737 hac
1082 5687 1147 5736 de
1182 5681 1239 5736 r'e
1272 5681 1483 5735 diximus
1519 5685 1567 5733 iu
1600 5681 1718 5733 ﬁdit.
1764 5681 2027 5741 Athanasii,

440 5761 492 5811 ιλ.
532 5761 643 5798 ΠΙ.

2093 438 2380 496 numquam
2428 444 2589 500 parva
2633 439 2687 486 et
2712 430 2850 495 vilis,
2880 431 2974 486 sed
3003 447 3187 503 magna
3217 442 3272 489 et
3312 433 3590 495 mirabilis.
3622 447 3675 491 et

2092 519 2268 576 dantis
2292 522 2858 594 muniﬁcentiadigna.
2887 523 2964 579 Ne
2994 524 3153 594 igitur
3172 527 3344 583 otiose
3367 526 3673 594 audiamus,

2093 613 2340 680 quoniam
2359 615 2445 685 qui
2467 616 2800 671 metallorum
2824 625 3017 672 terram
3046 631 3365 689 exeoquunt.
3396 632 3674 693 postquam

2097 703 2151 758 in
2173 706 2438 761 caminum
2467 708 2633 777 ipsam
2661 709 2955 777 injecerint,
2974 725 3079 764 non
3112 718 3312 764 tantum
3339 713 3451 766 auri
3473 729 3675 769 massas

2096 796 2308 859 tollunt,
2337 797 2430 852 sed
2469 812 2521 852 et
2565 814 2752 867 parvas
2784 800 3079 854 bracteolas
3106 801 3270 855 multa
3316 816 3434 855 cum
3479 803 3675 857 seduli-

2100 896 2206 942 tate
2234 889 2507 958 colligunt.
2550 891 2807 957 Quoniam
2842 893 2998 962 igitur
3039 900 3094 947 et
3122 908 3222 948 nos
3249 909 3435 947 aurum
3464 910 3528 947 ex
3554 909 3677 961 apo-

2098 982 2300 1036 stolicis
2326 983 2567 1037 haustum
2598 984 2825 1039 metallis
2863 984 3225 1056 excoquimus,
3258 1001 3361 1038 non
3410 986 3460 1038 in
3506 984 3679 1039 forna-

2099 1086 2216 1126 cem
2264 1072 2557 1142 jacieutes,
2615 1075 2707 1129 sed
2759 1076 2810 1129 in
2865 1076 3055 1129 anima:
3100 1087 3292 1130 vestrae
3341 1076 3686 1145 cogitationes

2102 1163 2466 1223 immittentes.
2509 1180 2612 1219 non
2659 1166 2923 1220 flammam
2970 1167 3339 1226 accendontes.
3372 1166 3465 1221 St'd
3513 1170 3685 1235 ignem

2102 1257 2320 1325 spiritus
2360 1259 2691 1323 excitantes;
2725 1275 2912 1328 parvas
2938 1260 3097 1313 etiam
3145 1260 3309 1314 micas
3352 1274 3539 1325 magna
3570 1258 3688 1313 dili-

2101 1350 2277 1417 gentia
2328 1349 2658 1418 colligamus.
2709 1350 2856 1405 Licet
2908 1351 3048 1404 cnint
3099 1351 3261 1404 breve
3309 1351 3379 1403 sit
3424 1349 3687 1414 verbum,

2104 1439 2267 1492 multa
2300 1447 2474 1494 tamen
2506 1450 2588 1495 est
2632 1441 2838 1506 virtus;
2869 1442 3114 1510 quoniam
3163 1449 3217 1495 et
3250 1456 3471 1508 gemmae
3501 1455 3603 1493 nou
3636 1440 3689 1493 in

2104 1532 2345 1602 corporis
2391 1534 2551 1598 mole,
2597 1534 2691 1589 sed
2744 1535 2797 1587 in
2845 1543 3046 1588 natura:
3095 1533 3485 1603 pulchritudine
3534 1548 3687 1587 suum

2106 1625 2334 1693 pretium
2386 1626 2404 1658 ί
2448 1624 2664 1686 habent,
2722 1625 2799 1679 sic
2846 1635 2900 1680 et
2951 1625 3246 1679 divinarum
3298 1624 3688 1693 Scripturarum

2106 1714 2284 1769 lectio.
2318 1715 2550 1769 Externa
2573 1716 2767 1784 quippe
2792 1715 3029 1769 doctrina
3054 1715 3246 1768 multas
3270 1715 3477 1783 jactans
3501 1727 3689 1782 nugas,

2106 1816 2159 1863 et
2174 1806 2393 1863 multam
2413 1806 2695 1862 infundens
2710 1806 3035 1861 auditoribus
3062 1805 3381 1869 futilitatem,
3399 1818 3493 1859 eos
3513 1802 3694 1857 vacuis

2107 1899 2330 1954 remittit
2359 1898 2622 1963 manibus,
2668 1897 2869 1952 nullum
2902 1911 3073 1966 neque
3099 1910 3345 1966 magnum
3377 1908 3549 1962 neque
3575 1908 3698 1962 par-

2105 2003 2231 2044 vum
2259 1989 2490 2043 lucratus
2523 1991 2959 2043 emolumentum.
2987 1986 3215 2056 Spiritus
3239 2000 3367 2039 vero
3392 1984 3560 2054 gratia
3587 1978 3692 2036 n’on

2109 2079 2414 2149 hujusmodi
2438 2121 2454 2145 ,
2497 2079 2593 2135 sed
2634 2080 2684 2133 in
2725 2077 3049 2133 contrarium
3093 2076 3314 2131 omnino
3356 2091 3451 2144 per
3488 2072 3693 2127 modica

2110 2170 2272 2226 verba
2300 2170 2547 2224 omnibus
2566 2168 2967 2222 adverteutibus
2992 2164 3383 2236 pltilos0phiam
3412 2164 3565 2218 atl'ert
3597 2180 3611 2215 :
3639 2171 3696 2216 et

2111 2261 2292 2316 multis
2328 2275 2471 2330 stupe
2496 2261 2715 2315 verbum
2742 2275 2904 2313 unum
2934 2258 3130 2313 suflicit
3154 2258 3279 2311 hinc
3320 2256 3654 2326 excerpsisse
3677 2296 3693 2319 .

2113 2365 2170 2410 ut
2198 2356 2360 2409 totius
2398 2355 2520 2409 vitae
2547 2355 2793 2408 viaticum
2819 2352 3068 2407 habeant.

2181 2447 2236 2500 2.
2281 2447 2542 2515 Quoniam
2591 2445 2749 2515 igitur
2792 2453 2935 2498 tanta
2984 2442 3136 2497 adest
3179 2440 3352 2510 copia,
3404 2453 3502 2492 nos
3553 2437 3698 2507 ipsos

2113 2538 2425 2598 excitemus,
2459 2546 2513 2589 et
2542 2535 2684 2604 vigili
2709 2544 2890 2589 mente
2914 2546 3034 2602 qua:
3056 2532 3304 2586 dicuntur
3325 2529 3694 2598 suscipiamus:

2113 2627 2181 2681 ad
2207 2640 2451 2695 magnam
2481 2625 2623 2679 enim
2650 2623 3059 2693 profunditatem
3088 2634 3390 2675 sermonem
3417 2617 3698 2673 demittere

2116 2733 2265 2790 paro.
2310 2717 2488 2773 Multis
2513 2717 2654 2771 enim
2682 2717 2840 2771 etiam
2886 2714 3147 2783 superﬂua
3179 2722 3233 2767 et
3257 2710 3697 2781 superabundans

2115 2825 2235 2865 esse
2273 2809 2388 2864 hzec
2418 2808 2711 2863 admonitio
2734 2806 3126 2877 quodammodo
3150 2805 3376 2866 videtur,
3406 2803 3545 2872 iique
3574 2800 3696 2854 talia

2113 2901 2299 2957 dicunt
2325 2902 2487 2955 verba
2519 2899 2671 2954 :Nou
2720 2913 2815 2968 per
2860 2899 3093 2966 seipsum
3140 2903 3349 2965 poterat
3386 2891 3699 2946 Timotheus

2115 2994 2407 3064 conjicere,
2438 3008 2540 3061 qua
2570 3008 2630 3047 re
2651 2993 2725 3045 uti
2744 2998 3013 3061 Oporteret
3033 2991 3078 3054 ',
3105 3002 3291 3042 verum
3319 3000 3349 3039 a
3372 2991 3698 3055 praeceptore

2114 3087 2320 3142 discere
2359 3084 2742 3155 exspectabat?
2768 3083 2902 3149 Quid
2931 3083 3071 3151 quod
3119 3091 3416 3148 prmceptor
3443 3092 3547 3132 non
3580 3086 3701 3129 tan-

2119 3187 2229 3233 tum
2248 3179 2544 3247 imperavit,
2561 3175 2655 3231 sed
2683 3184 2740 3231 et
2766 3175 2953 3229 litteris
2980 3173 3222 3236 inseruit,
3250 3182 3516 3239 tamquam
3545 3183 3701 3223 τιτι-επ

2116 3271 2397 3334 columnae,
2431 3269 2569 3323 datae
2610 3267 2677 3322 ad
2724 3268 2899 3332 ipsum
2947 3265 3184 3335 epistolae
3225 3264 3568 3331 insculpens;
3600 3273 3700 3315 nec

2117 3362 2327 3417 erubuit
2356 3359 2654 3429 hnjusmodi
2680 3372 2768 3413 res
2793 3358 3069 3426 scripturae
3095 3354 3349 3409 mandare
3374 3363 3429 3408 et
3455 3352 3521 3407 ad
3552 3352 3704 3406 disci-

2117 3453 2300 3522 pulum
2325 3450 2533 3521 publice
2560 3448 2808 3520 legendas
2828 3447 3073 3503 mittere?
3097 3446 3162 3502 Ut
3188 3446 3346 3516 igitur
3365 3444 3540 3499 discas
3559 3440 3701 3513 quod

2119 3560 2226 3599 non
2268 3554 2471 3598 tantum
2504 3557 2608 3597 non
2635 3542 2893 3597 redundet
2921 3540 3229 3603 admonitio,
3276 3537 3368 3593 sed
3402 3535 3699 3591 necessaria

2117 3645 2172 3691 et
2198 3636 2476 3690 utilissima
2499 3635 2604 3699 sit;
2629 3644 2681 3687 et
2707 3648 2812 3687 non
2839 3647 2868 3686 a
2896 3631 3079 3695 Paulo,
3109 3630 3204 3684 sed
3231 3644 3261 3682 a
3288 3627 3516 3697 Spiritus
3534 3626 3702 3695 gratia

2121 3726 2315 3782 factum
2357 3727 2447 3789 sit,
2467 3734 2525 3780 ut
2551 3726 2650 3779 hoc
2675 3738 2780 3778 non
2802 3722 2962 3777 modo
2981 3722 3265 3784 diceretur,
3283 3718 3375 3772 sed
3386 3716 3689 3773 etiamlitte-
3748 3771 3761 3778 ,

2120 3821 2196 3877 ris
2224 3819 2524 3874 traderetur
2550 3826 2603 3873 et
2625 3816 2692 3871 ad
2725 3831 2911 3871 omnes
2941 3825 3185 3886 posteros
3217 3827 3312 3882 per
3340 3809 3475 3863 hanc
3500 3816 3705 3878 episto-

2122 3912 2224 3967 lam
2250 3911 2528 3966 devcniret
2545 3928 2557 3963 :
2577 3908 2642 3964 ad
2671 3909 2839 3979 ipsam
2869 3922 2989 3961 mox
3017 3905 3379 3976 probationem
3406 3901 3700 3956 veniemus.

2120 4005 2202 4061 Ad
2234 4005 2349 4059 haec
2383 4004 2525 4057 enim
2556 4001 2624 4057 de
2646 4001 2747 4056 alia
2787 4014 2999 4071 quoque
3027 4013 3087 4053 re
3130 4012 3234 4052 non
3266 3996 3441 4050 minus
3467 3993 3709 4047 dubitant

2122 4096 2335 4167 quidam
2383 4096 2527 4150 intra
2568 4109 2628 4149 se
2676 4103 2996 4163 quaerentes,
3027 4106 3129 4161 qua
3173 4090 3239 4142 de
3264 4103 3421 4144 causa
3466 4085 3709 4155 permisit

2123 4187 2266 4242 Dens
2294 4187 2463 4241 virum
2507 4194 2706 4239 tantam
2733 4183 3014 4237 habentem
3047 4188 3381 4250 potestatem,
3408 4178 3561 4246 cujus
3587 4190 3710 4230 ossa

2122 4287 2177 4333 et
2218 4279 2456 4347 reliquiae
2480 4277 2752 4330 daemones
2796 4274 3151 4342 expellerent,
3186 4274 3238 4326 in
3266 4280 3463 4324 tantam
3495 4268 3711 4339 a-gritu-

2124 4373 2303 4427 dinem
2345 4371 2598 4425 incidere.
2648 4368 2767 4424 Non
2819 4368 2960 4423 enim
3013 4367 3203 4421 leviter
3246 4362 3568 4434 tegrotabat,
3614 4360 3709 4415 sed

2124 4465 2406 4527 continue,
2434 4462 2528 4518 sed
2558 4462 2779 4517 alternis
2808 4469 2863 4516 et
2904 4458 3118 4529 jugibus
3166 4454 3578 4513 infirmitatibus,
3611 4467 3712 4507 uec

2092 4617 2096 4621 ,
2126 4557 2402 4615 minimum
2420 4553 2631 4621 quidem
2650 4554 2821 4621 ipsum
2845 4551 3109 4619 reSpirare
3127 4546 3537 4616 indulgeutihus.
3562 4543 3715 4599 Unde

2128 4648 2229 4703 hoc
2274 4644 2652 4702 manifestum?
2679 4642 2756 4698 Ex
2799 4643 2929 4712 ipsis
2969 4640 3115 4695 Pauli
3165 4637 3362 4692 verbis.
3406 4635 3523 4690 Non
3571 4634 3712 4688 enim

2126 4738 2262 4796 dixit
2289 4758 2302 4792 :
2334 4740 2558 4809 Propter
2582 4736 2972 4808 aegritudinem,
2994 4733 3086 4789 sed
3116 4732 3334 4799 Propter
3357 4728 3708 4801 (egritudines:

2129 4847 2302 4900 neque
2329 4830 2661 4901 simpliciter,
2707 4828 2932 4896 Propter
2960 4826 3323 4887 intirmitates,
3355 4820 3447 4875 sed
3477 4819 3711 4887 ipsarum

2129 4925 2581 4979 continuationem
2628 4920 2933 4991 signiﬁcans
2978 4917 3205 4978 dicebat,
3254 4911 3561 4979 Frequentes
3599 4916 3712 4961 tuas

2129 5016 2468 5083 inﬁrmitates.
2519 5013 2749 5067 Audiaut
2794 5010 2884 5082 qui
2929 5010 3178 5063 diuturno
3217 5002 3394 5059 traditi
3423 5000 3666 5072 languori
3696 5041 3711 5067 ,

2132 5122 2273 5180 trgrc
2315 5110 2492 5163 ferunt
2528 5114 2582 5161 et
2608 5106 2785 5159 animo
2813 5103 3117 5160 concidunt.
3160 5098 3273 5153 Non
3314 5098 3484 5150 solum
3533 5104 3713 5149 autem

2132 5200 2236 5256 hoc
2282 5209 2367 5256 est
2408 5198 2549 5270 quod
2599 5197 2877 5267 qttwritur,
2926 5193 3067 5264 quod
3109 5206 3228 5245 cum
3273 5199 3416 5244 esset
3462 5195 3713 5253 sanctus,

2133 5291 2442 5361 a‘grotabat,
2493 5298 2546 5344 et
2597 5289 2676 5343 sic
2724 5287 3028 5356 frequenter
3075 5281 3383 5353 aegrotabat,
3416 5279 3507 5333 sed
3555 5278 3716 5332 etiam

2134 5383 2275 5453 quod
2298 5383 2503 5452 publica
2528 5380 2707 5434 mundi
2731 5377 2939 5448 negotia
2969 5375 3066 5445 ipsi
3083 5382 3239 5429 erant
3257 5372 3477 5426 credita.
3496 5369 3549 5424 Si
3573 5368 3714 5423 enim

2139 5489 2274 5528 unus
2303 5479 2447 5528 esset
2473 5473 2703 5535 illorum,
2735 5470 2822 5539 qui
2855 5468 2906 5523 in
2939 5468 3200 5522 montium
3226 5464 3453 5518 vertices
3479 5474 3717 5513 secesse-

2138 5574 2280 5631 runt,
2325 5563 2462 5618 etin
2511 5561 2796 5616 solitudine
2842 5559 3061 5615 cellulas
3102 5560 3502 5626 compegerunt,
3557 5558 3609 5603 et
3651 5552 3720 5604 ab

2202 5677 2217 5709 ι
2256 5674 2337 5723 Alii
2365 5689 2378 5726 :
2410 5674 2616 5725 Pretium
2635 5682 2678 5725 ct
2702 5674 2866 5723 decus.

2204 5741 2223 5773 ⁸
2257 5737 2342 5787 Alii
2368 5751 2380 5787 :
2408 5736 2669 5790 Timotheus
2691 5738 2930 5795 conﬁcere
2951 5734 3077 5794 thd
3102 5743 3210 5782 nmo
3232 5727 3300 5779 uti
3318 5729 3517 5786 optum.
