4074 6218
372 336 439 389 49
1078 336 1134 392 S.
1175 336 1451 391 JO.\NNIS
1486 331 1965 392 CIIRYSOSTOMI
2006 330 2324 387 ARCIIIEP.
2365 328 2897 387 CONSTANTINOP.
3574 330 3645 385 ‘20

368 445 675 515 hujnsmodi
694 444 921 516 negotiis
939 446 1166 501 alienam
1193 448 1351 501 vitam
1370 450 1663 517 elegerunt,
1690 461 1794 501 non
1816 454 1961 501 esset

368 546 475 590 tam
502 535 721 591 dubium
748 536 890 607 quod
934 537 1191 605 quzeritur
1218 555 1231 591 :
1266 537 1317 590 in
1349 536 1581 592 medium
1613 552 1744 592 vero
1766 550 1958 607 prove-

367 638 534 692 ctum,
565 636 621 682 et
652 637 729 681 tot
758 626 1116 682 Ecclesiarum
1137 642 1292 682 curas
1314 627 1596 701 habentem
1626 627 1876 691 creditas,
1905 634 1961 682 et

370 719 530 773 urbes
560 728 698 773 totas
726 727 782 773 et
808 730 998 789 gentes
1026 728 1081 773 et
1120 730 1287 773 totqu
1318 731 1580 774 terrarum
1607 721 1789 773 orbem
1815 729 1959 772 tanta

368 824 492 863 cum
536 810 821 865 sedulitate
847 818 900 864 et
926 811 1100 865 studio
1126 811 1604 868 administrantem.
1638 810 1962 864 inﬁrmitatis

371 904 676 957 necessitati
710 902 959 957 traditum
1004 919 1144 970 esse,
1178 903 1278 959 hoe
1302 915 1381 959 est
1411 905 1552 973 quod
1581 906 1811 959 maxime
1855 918 1961 958 non

370 993 881 1049 animadvertentem
921 996 1139 1049 omnino
1169 995 1220 1048 iu
1248 1005 1519 1065 stuporem
1566 1010 1723 1063 agere
1764 1004 1960 1063 p0test.

375 1086 487 1139 litsi
517 1088 658 1139 enim
689 1102 793 1139 non
825 1097 1041 1156 propter
1060 1102 1138 1151 se,
1166 1087 1356 1141 saltem
1387 1096 1600 1155 propter
1628 1086 1762 1139 alios
1790 1086 1962 1156 ipsum

375 1178 553 1232 valere
579 1180 878 1247 Oportebat.
910 1178 1202 1247 Imperator
1227 1187 1343 1233 erat
1361 1180 1593 1246 Optimus
1626 1198 1639 1229 :
1673 1178 1867 1233 bellum
1895 1179 1963 1232 ab

373 1285 438 1323 eo
490 1273 780 1339 gerebatur
827 1286 930 1324 non
979 1281 1162 1325 contra
1210 1270 1451 1324 inﬁdeles
1499 1280 1723 1335 tantum,
1772 1270 1865 1324 sed
1910 1278 1965 1323 et

373 1370 557 1412 contra
603 1360 875 1414 daemones
915 1369 969 1414 et
1006 1373 1188 1414 contra
1234 1361 1405 1429 ipsum
1455 1360 1765 1415 diabolum:
1800 1361 1964 1414 unilta

373 1468 493 1505 cum
525 1452 859 1507 vehementia
892 1452 1074 1509 hostes
1091 1468 1279 1508 omnes
1303 1454 1668 1521 imminebant,
1696 1454 1963 1521 dissipan-

376 1554 455 1599 tes
481 1546 775 1600 exercitum
806 1556 860 1601 et
903 1549 953 1599 in
981 1548 1339 1616 captivitatem
1385 1548 1695 1613 trahentes;
1727 1547 1813 1600 hic
1839 1561 1966 1601 vero

376 1639 609 1695 infinitos
634 1639 701 1693 ad
730 1640 1009 1693 veritatem
1041 1639 1297 1694 reducere
1320 1649 1547 1708 poterat,
1574 1648 1627 1692 et
1654 1638 1962 1708 mgrotahat.

380 1730 489 1784 Etsi
522 1733 688 1796 enim,
735 1732 921 1800 inquit,
968 1733 1166 1785 nullum
1212 1740 1466 1799 prmterea
1495 1732 1745 1784 damnum
1771 1746 1831 1784 es
1866 1729 1967 1785 hac

376 1821 687 1876 inﬁrmitate
720 1822 877 1876 rebus
908 1823 1223 1888 inferretur,
1253 1840 1313 1877 ea
1365 1824 1476 1891 ipsa
1515 1823 1625 1875 sola
1671 1821 1856 1874 ﬁdi-les
1884 1820 1964 1889 pi-

373 1915 582 1980 griores
607 1923 660 1968 et
690 1914 1008 1981 turpidiores
1042 1914 1266 1969 reddere
1294 1924 1519 1984 poterat.
1550 1912 1679 1966 Nam
1706 1912 1747 1964 si
1771 1911 1967 1966 milites

378 2006 569 2059 ducem
627 2021 780 2059 suum
833 2007 969 2060 leeto
1023 2006 1294 2061 detentum
1344 2016 1646 2065 cernentes.
1694 2004 1965 2073 segniores

378 2096 511 2149 liunt
541 2106 594 2151 et
640 2097 705 2150 ad
749 2112 976 2166 pugnam
1010 2097 1307 2161 tardiores;
1339 2096 1508 2150 multo
1537 2095 1703 2164 magis
1729 2112 1824 2166 par
1851 2104 1968 2150 erat

377 2196 432 2240 et
462 2188 669 2249 fideles.
696 2200 1075 2257 prmceptorem
1099 2196 1218 2257 post
1246 2198 1322 2242 tot
1344 2189 1491 2256 signa
1508 2202 1731 2256 operum
1756 2187 1967 2240 intuen-

377 2289 458 2333 tes
483 2280 734 2335 continue
760 2290 1104 2350 a‘grotantem
1132 2289 1186 2334 et
1210 2281 1451 2350 corporis
1490 2279 1678 2334 morbo
1716 2279 1965 2333 laboran-

377 2383 507 2438 tem,
542 2372 829 2426 lunnanum
876 2374 1127 2441 quiddam
1170 2388 1292 2428 esse
1336 2386 1637 2443 perpessos.
1687 2371 1795 2426 Nec
1838 2386 1967 2427 vero

377 2462 491 2517 hinc
535 2473 759 2527 tantum,
802 2463 896 2518 sed
928 2473 983 2519 et
1009 2464 1151 2519 aliud
1181 2463 1431 2535 quiddam
1484 2463 1787 2519 dubitantes
1816 2478 1963 2532 qua:-

376 2566 518 2619 runt,
544 2573 645 2626 qua
671 2557 738 2610 de
755 2573 914 2611 causa
934 2573 1143 2611 rursum
1168 2572 1342 2626 neque
1364 2558 1575 2625 seipse,
1605 2572 1777 2626 neque
1801 2556 1966 2624 ipsius

379 2659 674 2716 prmceptor
700 2649 769 2701 ita
796 2648 1099 2703 confectum
1125 2650 1359 2702 curavit:
1382 2648 1475 2702 sed
1499 2659 1737 2701 mortuos
1753 2648 1964 2716 quidem

378 2738 730 2801 suscitabaut,
764 2749 817 2793 et
844 2738 1115 2793 daunones
1158 2739 1523 2807 espellcbaut,
1553 2746 1609 2791 et
1637 2748 1861 2793 mortem
1890 2737 1967 2791 fa-

379 2830 479 2883 cile
510 2831 813 2893 vincebaut,
857 2846 1021 2884 unum
1069 2845 1198 2883 vero
1225 2844 1418 2897 corpus
1464 2838 1721 2898 argrotum
1751 2844 1857 2883 non
1887 2830 1968 2883 in-

381 2920 694 2972 staurabant
724 2938 736 2973 :
769 2929 823 2974 et
847 2921 936 2989 qui
983 2921 1035 2975 in
1083 2921 1271 2975 alienis
1296 2921 1609 2989 corporibus
1650 2930 1705 2975 et
1730 2922 1967 2977 viventes

378 3018 435 3063 et
478 3010 669 3063 mortui
722 3020 920 3064 tantam
966 3012 1256 3067 exhibuere
1296 3014 1581 3076 virtutem,
1634 3013 1965 3067 stomachum

381 3100 586 3170 lapsum
617 3117 721 3154 non
754 3102 1065 3157 relevabant
1089 3119 1102 3156 :
1128 3113 1183 3156 et
1208 3103 1348 3172 quod
1377 3102 1549 3172 majus
1590 3112 1691 3167 est,
1735 3117 1839 3156 non
1869 3118 1967 3158 ve-

381 3203 529 3244 retur
557 3206 652 3245 nec
680 3193 949 3246 erubescit
976 3192 1171 3246 Paulus
1198 3204 1317 3260 post
1345 3199 1423 3247 tot
1450 3204 1501 3246 et
1529 3194 1651 3246 talia
1678 3193 1827 3262 signa
1848 3208 1967 3263 quae

380 3283 461 3336 vel
496 3283 637 3337 nudo
664 3284 907 3351 praestitit
949 3284 1134 3350 verbo,
1164 3284 1444 3339 Timotheo
1472 3284 1727 3348 scribere,
1754 3294 1812 3339 ut
1838 3300 1968 3339 con-

382 3374 546 3443 fugiat
572 3374 636 3427 ad
659 3374 768 3428 vini
792 3373 1074 3430 medelam.
1102 3375 1218 3430 Non
1243 3375 1384 3444 quod
1408 3375 1586 3429 vinum
1609 3376 1793 3430 bibere
1814 3385 1968 3445 turpe

380 3469 450 3520 sit
484 3484 496 3520 :
530 3467 687 3528 absit,
733 3466 845 3521 lucc
891 3476 1016 3521 sunt
1062 3467 1206 3521 enim
1253 3466 1626 3522 haereticorum
1666 3478 1964 3536 praecepta;

381 3556 472 3609 st-d
500 3557 641 3625 quod
670 3556 905 3612 dedecus
932 3573 1053 3613 esse
1077 3573 1180 3611 non
1203 3565 1435 3629 putaret,
1459 3574 1563 3613 non
1593 3573 1748 3627 posse
1767 3558 1968 3628 absque

381 3647 523 3701 illius
569 3648 766 3701 auxilio
796 3664 960 3702 unum
992 3650 1240 3704 laborans
1270 3651 1568 3703 membrum
1599 3651 1824 3720 erigere.
1862 3650 1967 3705 Ve-

382 3740 779 3795 rmuenimvero
801 3750 1005 3796 tantum
1027 3741 1196 3796 abfuit
1222 3753 1273 3797 ut
1298 3742 1365 3796 de
1390 3743 1490 3798 hoc
1515 3744 1878 3808 erubesceret,
1908 3752 1970 3797 ut

380 3841 434 3886 et
463 3834 709 3887 omnibus
740 3836 971 3902 posteris
997 3834 1099 3889 huc
1137 3834 1323 3889 fecerit
1362 3836 1720 3891 manifestum.
1765 3836 1968 3890 Videtis

381 3927 432 3977 in
461 3934 713 3993 quantam
753 3940 1056 3979 sermonem
1088 3928 1291 3995 egimus
1335 3928 1793 3995 profunditatem?
1837 3944 1969 3997 quo-

383 4014 541 4067 modo
573 4013 713 4083 quod
746 4030 966 4083 parvum
998 4031 1116 4071 esse
1148 4016 1374 4079 videtur,
1400 4018 1691 4073 innumeris
1718 4020 1969 4087 qutestio-

382 4106 538 4158 nibus
587 4106 847 4159 scaturit?
876 4106 970 4159 Eia
1018 4107 1175 4176 igitur
1202 4116 1256 4161 et
1298 4107 1615 4162 solutionem
1660 4108 1965 4163 atieramus.

383 4197 586 4250 Idcirco
620 4197 762 4250 enim
789 4196 856 4252 ad
890 4197 1053 4251 imum
1093 4198 1485 4259 descendimus.
1518 4208 1577 4253 ut
1618 4208 1850 4255 mentem
1877 4215 1969 4254 ve-

382 4299 547 4342 stram
593 4290 905 4354 excitantes,
938 4290 988 4341 in
1022 4298 1135 4343 tuto
1161 4305 1352 4345 sensus
1375 4292 1717 4345 collocemus.

453 4381 504 4433 5.
534 4380 851 4433 Conccdatis
878 4389 1055 4435 autem
1101 4382 1259 4446 mihi,
1287 4398 1492 4451 qumso,
1528 4383 1836 4451 priusquam
1882 4381 1967 4436 bis

380 4470 763 4539 qutestionibus
783 4471 1100 4525 solutionem
1128 4471 1365 4536 afferam,
1388 4472 1583 4541 aliquid
1608 4472 1675 4526 de
1703 4472 1967 4528 Timothei

382 4562 576 4614 virtute
600 4569 654 4613 et
678 4576 804 4613 cura
832 4562 981 4615 Pauli
1002 4562 1198 4633 dicere.
1223 4563 1357 4630 Quid
1380 4564 1520 4617 enim
1545 4564 1635 4617 illo
1660 4562 1758 4617 fuit
1784 4580 1969 4618 aman-

384 4652 509 4713 tine,
538 4650 627 4719 qui
659 4659 804 4704 tanto
828 4651 1022 4705 absens
1057 4653 1335 4706 intervallo
1374 4664 1427 4707 et
1470 4663 1546 4708 tot
1576 4654 1967 4708 circumventus

385 4743 633 4811 negotiis,
665 4756 761 4810 pro
789 4742 1050 4796 stomachi
1078 4744 1305 4797 sanitate
1336 4744 1579 4813 discipuli
1609 4754 1805 4797 tantam
1837 4760 1964 4813 pro-

387 4836 675 4890 videntiam
705 4835 957 4906 gerebat,
986 4846 1041 4890 et
1069 4852 1188 4890 cum
1217 4837 1497 4892 sedulitate
1534 4836 1603 4891 de
1631 4838 1800 4892 morbi
1848 4852 1967 4892 cor-

382 4928 625 4981 rectione
655 4925 962 4980 scribebat?

459 5015 702 5069 Timothei
754 5016 934 5070 virtus.
989 5045 1061 5056 —
1109 5014 1372 5069 Timothei
1429 5032 1556 5072 vero
1607 5018 1785 5072 virtuti
1840 5017 1966 5086 quid

385 5109 623 5175 a‘qnale?
649 5108 736 5164 Sic
757 5109 977 5164 delicias
1000 5109 1400 5178 aspernabatur,
1425 5119 1479 5164 et
1504 5111 1699 5164 lautam
1726 5126 1966 5166 mensam

385 5198 678 5261 deridebat,
704 5210 763 5253 ut
789 5201 841 5254 in
867 5201 1110 5255 morbum
1132 5216 1198 5256 ex
1225 5202 1396 5255 victus
1415 5204 1700 5269 aSperitate
1725 5212 1779 5255 et
1804 5202 1968 5256 nimio

384 5288 599 5340 caderet
621 5288 843 5356 jejunio.
866 5292 1017 5358 Quod
1044 5295 1186 5347 enim
1209 5303 1394 5346 natura
1418 5293 1535 5346 talis
1556 5308 1660 5345 non
1682 5305 1844 5359 esset,
1873 5294 1966 5348 sed

383 5379 585 5447 jejunio
608 5389 664 5435 et
688 5396 835 5450 aane
862 5395 986 5451 potu
1014 5386 1271 5440 stomachi
1299 5386 1403 5439 vim
1429 5396 1769 5455 prostrasset,
1795 5387 1965 5455 ipsmn

393 5470 613 5524 Paulum
662 5470 943 5537 diligenter
990 5476 1089 5529 hoc
1139 5478 1561 5532 manifestantem
1604 5478 1801 5531 audite.
1849 5478 1965 5532 Non

386 5563 528 5618 enim
558 5564 871 5632 simpliciter
900 5566 1031 5619 dixit
1062 5568 1234 5623 :Vino
1259 5570 1468 5625 modico
1507 5580 1692 5626 utere:
1722 5571 1813 5625 Sed
1845 5587 1967 5626 cum

389 5656 530 5720 prius
556 5654 797 5717 dixisset,
845 5654 973 5709 Noli
1000 5658 1167 5710 adhuc
1205 5677 1388 5729 aquam
1423 5662 1587 5717 bibere
1622 5664 1698 5733 (I.
1743 5662 1880 5718 Tim.
1909 5664 1964 5719 5.

385 5743 481 5809 23)
504 5786 517 5811 ,
552 5756 676 5801 tunc
701 5745 916 5804 bibendi
947 5750 1053 5804 viui
1080 5750 1359 5807 consilium
1390 5754 1586 5809 attulit.
1622 5754 1752 5811 Illud
1782 5765 1961 5812 autem

2069 445 2258 508 adhuc,
2291 443 2510 497 verbum
2537 450 2620 497 est
2648 441 3015 511 signiﬁcantis,
3041 442 3183 512 quod
3205 457 3438 515 eousque
3457 460 3646 517 aquam

2067 534 2301 600 bibebat,
2324 544 2379 589 et
2403 543 2684 604 propterea
2710 534 2991 589 imbecillis
3016 534 3104 587 sit.
3131 534 3261 600 Quis
3290 552 3393 588 non
3421 536 3649 593 admim

2067 633 2155 679 tur
2203 626 2367 692 Ipsius
2411 625 2797 695 philoSOphiam
2840 636 2894 678 et
2944 625 3313 695 diligentiam?
3341 626 3487 696 Ipsos
3527 630 3649 682 atti-

2067 728 2217 788 getat
2254 720 2445 781 emtas,
2475 718 2539 772 ad
2567 720 2777 772 virtutis
2824 718 3032 773 culmen
3065 730 3376 787 pervenerat
3414 738 3427 772 :
3460 728 3514 774 et
3540 720 3651 777 lich

2070 810 2171 879 ipsi
2202 820 2497 878 prmeeptor
2535 819 2821 864 attestatur
2857 810 2936 864 sic
2968 809 3156 864 dicens
3187 828 3199 863 :
3236 810 3354 864 Misi
3385 811 3520 864 vobis
3559 809 3651 864 Ti—

2070 901 2358 966 motheum,
2389 901 2475 968 qui
2505 910 2579 954 est
2606 900 2743 969 filius
2783 917 2923 953 meus
2943 900 3155 954 dilectus
3184 911 3230 954 et
3256 901 3422 969 ﬁdelis
3450 902 3503 955 in
3542 900 3656 955 Do-

2069 992 2207 1045 mino
2237 992 2309 1062 (1.
2363 989 2480 1045 Cor.
2514 992 2568 1045 ι.
2614 993 2723 1061 17).
2767 992 2988 1057 Quando
3026 1001 3202 1045 autem
3243 991 3436 1046 Paulus
3484 992 3653 1058 ipsum

2069 1094 2221 1141 vocat
2254 1085 2442 1151 lilium,
2474 1094 2528 1139 et
2554 1085 2718 1138 ﬁlium
2749 1084 3001 1139 dilectum
3030 1093 3085 1139 et
3105 1084 3335 1150 ﬁdelem,
3361 1084 3474 1139 haec
3494 1086 3653 1139 verba

2070 1194 2285 1234 omnem
2314 1179 2477 1247 ipsius
2507 1179 2757 1232 virtutem
2788 1178 3155 1231 demonstrare
3190 1176 3479 1231 sufﬁciunt.
3519 1176 3652 1231 San-

2069 1281 2276 1325 ctorum
2301 1270 2443 1322 enim
2465 1269 2661 1339 judicia
2681 1282 2780 1323 nec
2798 1268 2864 1321 ad
2885 1268 3105 1336 gratiam
3128 1281 3226 1320 nec
3242 1266 3305 1320 ad
3328 1266 3650 1320 inimicitiam

2072 1363 2223 1424 ﬁunt,
2257 1360 2351 1417 sed
2389 1362 2457 1416 ab
2486 1361 2631 1415 omni
2667 1370 2793 1415 sunt
2819 1368 3141 1429 praasumpta
3168 1358 3423 1428 opinione
3462 1359 3647 1413 libera.

2070 1454 2186 1509 Non
2218 1454 2405 1508 fuisset
2450 1462 2558 1506 tam
2589 1452 2777 1507 beatus
2815 1450 3151 1515 Timotheus,
3200 1450 3243 1502 si
3273 1449 3420 1503 Pauli
3459 1450 3597 1503 lilius
3624 1464 3655 1504 a

2073 1556 2259 1601 natura
2287 1546 2494 1610 fuisset,
2526 1559 2683 1612 quam
2722 1559 2865 1598 nunc
2892 1554 2974 1597 est
2998 1542 3331 1597 admirabilis
3359 1560 3371 1593 :
3404 1543 3654 1612 quoniam

2071 1638 2363 1693 secundum
2392 1652 2606 1693 carnem
2649 1636 2782 1690 nihil
2811 1636 2874 1689 ad
2923 1636 3094 1703 ipsum
3143 1636 3407 1701 attinens,
3444 1650 3537 1703 per
3562 1649 3659 1688 co-

2072 1732 2376 1800 gnationem
2404 1746 2524 1798 qua:
2560 1738 2643 1783 est
2682 1728 2978 1783 secundum
3017 1726 3362 1795 religionem,
3395 1727 3446 1780 in
3492 1726 3658 1795 ipsius

2073 1842 2132 1879 se
2178 1824 2518 1895 adoptionem
2572 1822 2809 1881 induxit.
2864 1836 2984 1874 eum
3039 1819 3320 1873 sedulitate
3368 1818 3659 1888 disciplina:

2076 1917 2218 1971 illius
2244 1916 2581 1970 characteres
2610 1916 2662 1969 in
2690 1914 2940 1968 omnibus
2966 1927 3205 1966 servans.
3232 1912 3381 1967 Sicut
3408 1912 3547 1965 enim
3580 1912 3656 1964 vi-

2075 2011 2217 2063 tulus
2243 2018 2392 2061 tauro
2430 2008 2775 2077 conjugatus,
2803 2006 2880 2059 sic
2912 2006 3094 2073 jugum
3136 2019 3256 2057 cum
3296 2003 3387 2056 illo
3417 2002 3653 2056 trahebat

2075 2102 2267 2170 ubique
2297 2110 2580 2163 terrarum,
2604 2108 2659 2153 ct
2684 2098 2851 2153 nihilo
2881 2106 3099 2167 preptcr
3122 2106 3331 2149 mtatem
3355 2095 3655 2160 deﬁciebat,

2074 2194 2167 2248 sed
2200 2193 2465 2257 studium,
2498 2202 2553 2246 ut
2594 2208 2714 2246 cum
2748 2189 3092 2259 praeceptoris
3131 2188 3401 2241 laboribus
3436 2195 3659 2241 conten-

2071 2283 2241 2346 deret.
2276 2284 2581 2352 praestabat.
2615 2282 2683 2336 Et
2708 2282 2900 2335 horum
2930 2280 3082 2334 testis
3111 2294 3297 2333 rursus
3326 2280 3437 2348 ipse
3466 2278 3659 2332 Paulus

2071 2378 2149 2430 sic
2169 2377 2355 2431 dicens
2379 2394 2391 2428 :
2424 2376 2587 2429 Nemo
2618 2378 2781 2445 ipsum
2804 2383 3127 2438 contemnat;
3150 2390 3275 2443 opus
3300 2373 3429 2424 enim
3459 2371 3658 2424 Domini

2072 2482 2328 2536 operatur,
2363 2470 2490 2523 sicut
2519 2478 2565 2521 et
2600 2484 2689 2538 ego
2729 2467 2805 2534 (L
2832 2467 2948 2520 Cor.
2995 2466 3081 2519 16.
3118 2464 3203 2518 10.
3239 2464 3349 2533 Η).
3388 2463 3574 2517 Vidisti
3602 2472 3659 2517 ut

2072 2564 2290 2616 omnino
2315 2561 2519 2630 a'quale
2556 2561 2789 2614 studium
2818 2560 2918 2629 ipsi
2956 2560 3274 2614 attestetur?
3311 2558 3429 2612 Mox
3455 2574 3519 2613 ne
3544 2558 3656 2612 haec

2071 2653 2136 2705 ad
2164 2653 2387 2721 gratiam
2432 2651 2611 2704 dicere
2637 2650 2905 2715 videatur,
2942 2650 3086 2719 ipsos
3118 2649 3387 2702 auditores
3431 2647 3522 2701 ﬁlii
3550 2650 3656 2701 vir-

2073 2746 2199 2797 tutis
2250 2754 2411 2797 testes
2454 2742 2600 2801 facit.
2642 2744 2720 2795 sic
2767 2743 3011 2810 inquiens
3052 2759 3067 2793 :
3104 2739 3457 2793 Probationem
3492 2750 3659 2792 autem

2070 2836 2230 2903 ipsius
2260 2835 2438 2897 nostis,
2458 2834 2594 2902 quod
2631 2842 2888 2901 tamquam
2912 2833 3043 2899 patri
3068 2832 3303 2898 ﬁlius,sic
3328 2846 3518 2883 mecum
3547 2845 3654 2882 sero

2071 2930 2187 2982 vivit
2230 2930 2282 2981 in
2334 2928 2593 2999 evangelio
2631 2944 2649 2981 :
2693 2927 3051 2994 experientiam
3090 2942 3176 2978 ros
3216 2925 3421 2994 cepistis
3467 2924 3655 2977 virtutis

2071 3020 2235 3089 ipsius
2264 3030 2309 3071 et
2334 3022 2556 3087 probata:
2576 3018 2760 3071 animm
2789 3015 3041 3085 (Philipp.
3068 3015 3121 3069 2.
3142 3016 3256 3082 2:2).
3286 3015 3654 3069 Verumtamen

2070 3128 2191 3167 cum
2230 3112 2296 3166 ad
2338 3120 2535 3165 tantam
2581 3111 2879 3164 ofﬁciorum
2924 3109 3252 3162 altitudinem
3298 3108 3617 3162 ascendisset
3634 3146 3657 3170 ,ν

2072 3220 2245 3275 neque
2261 3205 2339 3259 sic
2364 3204 2667 3258 confidebat
2684 3244 2697 3266 ,
2729 3202 2821 3257 sed
2841 3204 2891 3255 in
2916 3203 3185 3255 anxietate
3202 3200 3363 3253 animi
3385 3208 3497 3253 erat
3520 3210 3572 3253 et
3598 3198 3648 3252 in

2073 3298 2263 3351 timore
2290 3316 2303 3349 ε
2338 3296 2564 3363 ideoque
2582 3310 2703 3348 cum
2731 3295 2982 3347 instantia
3003 3292 3301 3361 jejunabat.
3334 3304 3497 3359 neque
3523 3288 3653 3343 illud

2072 3403 2259 3458 passus
2286 3396 2370 3441 est
2398 3385 2540 3455 quod
2572 3385 2755 3447 multi,
2786 3385 2875 3453 qui
2904 3384 3087 3437 decem
3129 3392 3337 3435 tantum
3370 3381 3445 3435 vel
3468 3377 3645 3449 viginti

2072 3492 2285 3532 menses
2320 3477 2523 3546 jejunio
2565 3490 2623 3528 se
2670 3474 2940 3529 tradentes
2979 3481 3203 3542 repente
3241 3473 3419 3527 omnia
3459 3468 3645 3524 dissol-

2072 3579 2220 3623 vunt.
2250 3568 2354 3624 Sed
2388 3568 2477 3622 ille
2516 3567 2646 3621 nihil
2679 3566 2781 3620 tale
2817 3580 3005 3634 passus
3028 3574 3130 3625 est.
3166 3580 3337 3633 neque
3368 3564 3469 3617 tale
3494 3558 3643 3630 quid-

2074 3662 2214 3731 piam
2246 3661 2384 3713 intra
2426 3659 2661 3726 seipsum
2692 3657 2861 3711 dixit:
2908 3656 3046 3721 Quid
3088 3655 3216 3708 mihi
3245 3654 3495 3723 deinceps
3519 3665 3651 3721 opus

2072 3763 2153 3807 est
2178 3752 2385 3823 jejunio
2405 3752 2428 3804 ?
2450 3753 2620 3803 victor
2635 3749 2799 3812 evasi,
2825 3748 3141 3816 cupiditates
3165 3744 3427 3812 superavi,
3456 3754 3653 3808 corpus

2071 3859 2248 3896 meum
2280 3840 2617 3904 mortiﬁcavi,
2646 3839 2919 3891 dmmones
2942 3836 3128 3898 terrui,
3152 3832 3417 3888 diabolum
3444 3828 3645 3898 depuli,

2071 3943 2312 3987 mortuos
2333 3931 2663 3995 resnscitavi,
2691 3930 2932 3998 leprosos
2961 3926 3229 3992 mundavi,
3254 3921 3535 3978 contrariis
3556 3935 3648 3991 po-

2071 4023 2350 4077 testatibus
2387 4022 2642 4075 terribilis
2679 4036 2798 4075 sum
2836 4037 2850 4073 :
2898 4018 3023 4088 quid
3045 4034 3146 4089 ego
3189 4015 3416 4085 amplius
3446 4012 3653 4083 jejunio

2071 4114 2284 4184 indigeo
2309 4125 2363 4168 et
2391 4112 2693 4183 hujusmodi
2716 4112 2925 4167 cautela
2945 4112 2971 4164 ἲ

2144 4206 2321 4261 Sancti
2346 4215 2533 4271 quanto
2553 4204 2829 4274 majoribus
2856 4203 3074 4272 afﬂuunt
3098 4199 3307 4265 meritis,
3335 4206 3472 4250 tanta
3490 4194 3652 4264 mgis

2071 4299 2265 4350 timent.
2294 4325 2368 4335 —
2391 4295 2531 4349 Nihil
2563 4296 2665 4348 tale
2700 4293 2835 4348 dixit
2859 4302 2951 4346 aut
2984 4291 3267 4361 cogitavit:
3316 4288 3411 4344 sed
3455 4294 3652 4356 quanto

2071 4387 2240 4457 magis
2267 4386 2560 4440 innumeris
2579 4384 2829 4438 aﬂluehat
2858 4384 3064 4437 meritis
3082 4423 3097 4444 .
3128 4390 3275 4435 tanto
3298 4379 3464 4449 magis
3491 4376 3656 4430 time-

2072 4476 2161 4530 bat
2190 4486 2246 4531 et
2274 4476 2533 4531 tremebat
2566 4492 2579 4527 :
2608 4483 2664 4529 et
2690 4475 2829 4528 hanc
2854 4489 2885 4527 a
2908 4480 3235 4542 praeceptore
3266 4466 3647 4540 philosophiam

2070 4568 2328 4623 discebat.
2360 4566 2571 4620 Etenim
2604 4564 2692 4619 ille
2726 4565 2777 4618 in
2820 4565 3032 4619 tertium
3063 4572 3246 4630 raptus
3276 4560 3484 4621 cretum,
3517 4566 3570 4610 et
3598 4555 3649 4608 in

2073 4659 2377 4728 paradisum
2400 4657 2606 4711 delatus
2624 4696 2639 4720 ,
2671 4666 2727 4711 et
2754 4656 2951 4709 auditis
2982 4653 3335 4709 ineﬂ'abilibus
3364 4649 3538 4705 verbis
3556 4689 3571 4711 ,
3598 4656 3648 4701 et

2072 4765 2123 4803 m
2132 4750 2445 4819 ysteriornm
2462 4747 2630 4801 factus
2643 4748 2827 4801 talium
2840 4746 3125 4817 particeps,
3143 4759 3265 4799 cum
3280 4742 3460 4797 orbem
3484 4750 3652 4794 totum

2072 4840 2425 4907 percurrisset
2452 4848 2719 4908 tamquam
2748 4838 2847 4891 alis
2874 4837 3190 4908 quibusdam
3221 4834 3416 4899 fultus,
3447 4830 3514 4885 ad
3545 4831 3651 4883 Co-

2072 4932 2298 4985 rinthios
2338 4932 2579 4987 scribens
2619 4931 2859 4986 dicebat:
2897 4928 3083 4983 Vereor
3107 4945 3170 4981 ne
3211 4932 3339 4997 forte
3383 4940 3496 4978 cum
3538 4922 3654 4975 aliis

2072 5026 2437 5093 pradicavero,
2465 5026 2575 5094 ipse
2599 5026 2842 5094 reprobus
2873 5025 3063 5095 τιμάστ’
3105 5024 3180 5093 (i.
3217 5021 3337 5078 Cor.
3365 5020 3419 5077 9.
3444 5018 3511 5072 27
3522 5020 3563 5087 ).
3595 5016 3651 5071 Si

2070 5130 2201 5169 vero
2232 5115 2426 5169 Paulus
2453 5126 2572 5185 post
2602 5116 2726 5169 talia
2753 5124 2807 5170 et
2835 5126 2911 5169 tot
2954 5115 3129 5170 ofﬁcia
3157 5114 3329 5178 timet,
3360 5111 3448 5180 qui
3473 5108 3654 5162 dicere

2073 5207 2279 5275 potuit:
2332 5206 2464 5259 Mihi
2504 5209 2724 5260 mundus
2765 5207 3040 5275 cruciﬁxus
3086 5215 3192 5269 est,
3242 5213 3290 5257 et
3336 5218 3426 5272 ego
3462 5199 3656 5253 mundo

2072 5296 2217 5367 (Gal.
2260 5296 2315 5354 6.
2352 5298 2475 5363 lt);
2529 5299 2696 5351 multo
2732 5300 2900 5368 magis
2939 5312 3036 5351 nos
3074 5296 3264 5350 timere
3306 5300 3549 5363 oportet,
3598 5298 3653 5343 et

2075 5397 2223 5441 tanto
2249 5390 2418 5456 magis
2455 5398 2655 5457 quanto
2697 5390 2898 5458 majora
2938 5390 3195 5443 fuerimus
3236 5386 3463 5457 Operati.
3505 5382 3653 5437 Tunc

2072 5482 2214 5533 enim
2250 5480 2496 5535 diabolus
2522 5484 2716 5538 δειξνὶοτ
2744 5485 3005 5547 efficitur,
3037 5493 3162 5538 tunc
3188 5483 3355 5552 magis
3379 5479 3649 5540 efferatur,

2072 5587 2192 5626 cum
2212 5573 2404 5627 viderit
2425 5590 2523 5629 nos
2542 5576 2814 5646 diligentia
2837 5579 2999 5631 vitam
3018 5586 3253 5631 nostram
3270 5576 3613 5642 disponentes
3630 5584 3647 5633 ;

2071 5682 2191 5721 eum
2212 5666 2407 5722 Viderit
2426 5670 2636 5724 virtutis
2658 5685 2820 5725 onera
2846 5669 3161 5739 composita.
3185 5680 3240 5725 et
3263 5680 3482 5737 magnos
3502 5677 3649 5719 acer-

2074 5772 2192 5825 vos,
2236 5767 2359 5814 tunc
2400 5763 2613 5830 gravius
2658 5762 2856 5818 inferre
2901 5762 3229 5833 naufragioso
3274 5759 3466 5815 studet
3516 5754 3649 5812 Vilis
