4074 6218
207 376 266 431 ιο
1232 363 1322 418 AD
1361 364 1696 424 POPULUM
1730 367 2228 427 ANTIOCHENUM
2289 368 2522 427 HOMIL.
2565 371 2602 428 l.
3589 389 3660 444 20

201 483 414 532 πάντων
462 474 650 528 ἰκανὸν
696 473 998 547 θορυϐῆσαι
1029 476 1122 530 τὸν
1157 480 1231 550 μὴ
1269 481 1621 552 προσέχοντα.
1657 485 1722 538 Εἰ
1770 485 1880 558 γὰρ

199 568 288 622 καί
310 567 386 638 μὴ
409 565 480 621 δι’
514 564 726 628 ἐαυτὸν,
763 564 851 618 διὰ
887 564 1018 634 γοῦν
1046 571 1172 632 τοὺς
1195 569 1388 635 ἄλλους
1409 573 1674 641 ὑγιαίνειν
1717 575 1879 630 αὐτὸν

199 656 360 728 ἐχρῆν
416 655 727 727 Στρατηγδς
747 650 816 725 ἦν
839 653 1061 725 ἄριστος
1080 673 1094 687 ο
1128 656 1361 729 πόλεμος
1393 660 1540 732 αὐτῷ
1579 665 1878 734 συγκεκρό-

199 763 331 817 τητο
351 787 365 806 .
399 745 588 813 φησὶν.
629 743 749 813 οὐχὶ
779 743 917 814 πρὸς
944 745 1071 807 τοῦς
1104 747 1365 812 ἀπίστους
1405 748 1583 819 μόνον,
1611 751 1745 804 ἀλλὰ
1786 753 1876 806 καί⁵

201 832 340 903 πρὸς
362 834 490 894 τοὺς
512 831 768 900 δαίμονας
791 871 806 893 ,
847 831 941 884 καὶ
970 831 1104 902 πρὸς
1133 835 1296 886 αὐτὸν
1323 835 1415 888 τὸν
1441 837 1684 890 διάϐολον
1703 855 1716 869 ·
1740 840 1876 908 μετά

209 921 408 990 πολλῆς
423 921 519 986 τῆς
530 921 889 991 σφοδρότητος
905 922 954 974 oi
973 921 1220 993 πολέμιοι
1238 924 1438 988 πάντες
1453 926 1752 986 ἐπέκειντο,
1770 928 1875 981 δια-

214 1009 450 1072 σπῶντες
471 1006 625 1079 [ιί]τὸ
653 1008 1040 1076 στρατόπεδον,
1070 1010 1164 1061 καὶ
1186 1010 1696 1080 αἰχμαλωτίζοντες·
1725 1010 1878 1076 οὗτος

204 1097 244 1148 δ’
276 1095 500 1164 ἠδύνατο
533 1096 762 1165 μυρίους
788 1097 880 1148 ἐπὶ
907 1093 1006 1165 τὴν
1045 1095 1302 1166 ἀλήθειαν
1351 1100 1745 1167 ἐπαναγαγεῖν,
1783 1100 1878 1153 καὶ

197 1185 427 1254 ἠσθένει.
462 1186 524 1238 El
559 1186 669 1255 γάρ
719 1185 815 1238 καὶ
845 1185 1103 1255 μηδεμία,
1132 1187 1314 1257 φησὶν,
1348 1187 1508 1259 ἑτέρα
1558 1188 1728 1259 βλάϐη
1765 1193 1877 1254 τοῖς

195 1275 518 1345 πράγμασιν
573 1275 684 1328 ἀπὺ
725 1272 825 1344 τῆς
859 1274 1173 1343 ἀρρωστίας
1215 1275 1424 1343 ἐγίνετο
1450 1289 1498 1338 ει,
1529 1277 1685 1330 τοῦτο
1718 1277 1875 1346 μόνον

195 1362 378 1416 ἰκανὸν
401 1357 472 1434 ἦν
505 1364 633 1426 τοῦς
661 1364 879 1424 πιστοὺς
904 1363 1298 1434 όκνηροτέρους
1343 1365 1437 1416 καὶ
1471 1364 1876 1436 ρᾳθυμοτέρους

191 1450 548 1520 ποιῆσαι.,Εί
575 1451 685 1521 γάρ
716 1449 1039 1522 στρατιῶται
1077 1451 1169 1502 τὸν
1203 1451 1506 1522 στρατηγὸν
1536 1452 1628 1506 τὸν
1668 1453 1874 1506 ἑαυτῶν

189 1539 432 1609 ὁρῶντες
462 1540 528 1609 τῇ
568 1539 723 1610 κλίνῃ
757 1537 1200 1608 προσδεδεμένοι),
1251 1539 1601 1610 ὀκνηρότεροι
1635 1539 1874 1608 γίνονται

190 1627 284 1679 καί⁵
311 1625 452 1696 πρὸς
483 1626 584 1695 τὴν
613 1626 794 1696 μάχην
827 1621 1189 1696 ῥᾳθυμότεροι
1209 1642 1222 1654 ο
1256 1625 1434 1696 πολλῷ
1483 1626 1681 1696 μᾶλλον
1729 1627 1874 1691 εἰκὸς

188 1709 255 1783 ἢν
278 1754 294 1776 ,
325 1712 423 1765 καὶ
457 1713 582 1774 τοὺς
617 1712 840 1774 πιστοὺς
870 1711 992 1764 τότε
1026 1711 1119 1764 τὸν
1159 1711 1480 1767 διδάσκαλον
1509 1715 1751 1784 ὁρῶντας
1781 1714 1873 1766 τὸν

188 1797 429 1852 τοσαῦτα
454 1801 654 1868 σημεῖα
677 1798 1054 1869 ἐργασάμενον
1080 1800 1315 1870 συνεχῶς
1342 1802 1747 1872 ἀρρωστοῦντα.
1779 1803 1873 1855 καὶ

189 1886 248 1938 τὸ
300 1886 463 1956 σῶμα
501 1886 815 1955 κάμνοντα,
853 1884 1193 1956 ἀνθρώπινόν
1233 1905 1285 1939 τι
1317 1888 1528 1945 παθεῖν.
1574 1891 1649 1942 Οὐ
1700 1888 1872 1943 ταῦτα

189 1973 242 2026 δέ
275 1973 456 2044 μόνον,
487 1971 622 2026 ἀλλά
649 1973 740 2025 καὶ
762 1971 947 2042 ἕτερόν
980 1991 1031 2025 τι
1059 1975 1106 2025 οί
1131 1973 1514 2044 διαποροῦντες
1537 1976 1563 2015 δ
1603 1975 1826 2046 ζητοῦσι
1853 1993 1868 2007 ο

191 2061 335 2124 τίνος
367 2062 474 2132 γὰρ
496 2061 682 2113 ἐνεκεν
713 2061 874 2113 πάλιν
906 2059 1026 2113 οῦτε
1055 2061 1214 2125 αὐτὸς
1264 2063 1486 2124 ἐαυτὸν,
1517 2063 1640 2117 οὐτε
1671 2069 1699 2118 6
1729 2065 1873 2119 διδά-

201 2147 402 2214 σκαλος
429 2145 584 2200 αὐτοῦ
614 2146 758 2200 οῦτω
800 2147 1142 2218 διακείμενον
1182 2148 1576 2220 ἐθεράπευσεν;
1613 2151 1748 2205 ἀλλά
1787 2171 1872 2205 νε-

206 2235 367 2303 κροὺς
403 2235 497 2304 μὲν
525 2235 769 2305 ήγειρον,
791 2234 885 2286 καὶ
920 2233 1180 2305 δαίμονας
1208 2235 1550 2304 ἀπήλαυνον,
1586 2240 1678 2292 καὶ
1708 2239 1872 2293 θανά-

199 2339 290 2375 του
315 2321 452 2392 μετά
481 2323 801 2394 περιουσίας
823 2323 1109 2394 ἐκράτουν,
1145 2324 1305 2395 σῶμα
1325 2325 1382 2377 δὲ
1407 2325 1464 2379 ἒν
1489 2326 1788 2398 ήσθενηκδς
1807 2329 1868 2382 οὐ

193 2408 523 2481 διώρθωσαν,
555 2410 670 2463 ἀλλ’
703 2413 761 2464 ἐν
796 2409 1099 2482 ἀλλοτρίοις
1133 2411 1346 2483 σώμασι
1385 2415 1478 2468 καὶ
1519 2415 1719 2480 ζῶντες
1776 2417 1868 2470 καὶ

191 2499 634 2568 τετελευτηκότες
663 2498 929 2572 τοσαύτην
973 2501 1394 2572 ἐπιδεδειγμένοι
1437 2503 1703 2575 δύναμιν,
1750 2506 1868 2558 στό-

192 2603 358 2656 μαχον
381 2585 761 2640 καταπεσόντα
784 2587 883 2640 οὐκ
912 2587 1216 2658 ἀνέστησαν
1232 2605 1245 2618 ο
1273 2590 1366 2642 καὶ
1391 2589 1452 2642 τὸ
1472 2589 1533 2661 δὴ
1559 2589 1759 2659 μεῖζον,
1787 2591 1867 2644 ὅτι

187 2674 280 2725 οὐκ
315 2673 636 2743 αἰσχύνεται
667 2673 880 2738 Παῦλος
931 2673 1052 2728 οὐδέ
1085 2674 1313 2746 ἐρυθριᾷ
1348 2675 1485 2746 μετά
1516 2677 1753 2730 τοσαῦτα
1777 2681 1869 2731 καὶ

186 2760 491 2830 τηλικαῦτα
518 2765 739 2832 σημεῖα,
761 2761 797 2816 ἀ
821 2763 915 2814 καὶ
938 2761 1027 2814 διά
1054 2761 1210 2830 ψιλοῦ
1241 2764 1484 2833 ῥήματος
1503 2765 1864 2831 ἐπεδείκνυτο,

188 2851 440 2920 Τιμοθέῳ
473 2852 700 2922 γράφων
727 2851 821 2904 ἐπὶ
846 2850 945 2921 τὴν
979 2851 1087 2904 ἀπὸ
1122 2851 1222 2922 τῆς
1259 2853 1568 2917 οἰνοποσίας
1619 2871 1868 2923 καταφυ-

185 2937 646 3008 γείνθεραπείαν.
675 2939 785 3009 Οὐχ
813 2939 895 2992 ὅτι
930 2939 990 2992 τὸ
1015 2938 1191 2991 πίνειν
1217 2934 1358 2992 οἷνον
1386 2941 1610 3011 αίσχρὸν
1628 2981 1642 3004 ,
1674 2942 1748 3013 μὴ
1777 2942 1868 3010 γέ-

185 3042 329 3078 νοιτο
354 3041 365 3052 ·
427 3025 716 3096 αἱρετικῶν
754 3026 865 3096 γὰρ
894 3026 1068 3078 ταῦτα
1097 3027 1532 3098 παραγγέλματα
1555 3036 1579 3064 °
1600 3043 1612 3056 '
1648 3029 1763 3082 ἀλλ’
1786 3030 1867 3084 ὅτι

184 3115 274 3168 οὐκ
317 3114 578 3184 ἐνόμιζεν
618 3115 880 3186 αἰσχύνην
921 3109 1064 3168 εῖναι
1100 3115 1162 3168 τὸ
1193 3115 1267 3187 μὴ
1296 3116 1554 3171 δύνασθαι
1581 3120 1746 3190 χωρὶς
1767 3119 1867 3190 τῆς

184 3203 397 3256 ἐκείνου
424 3201 675 3271 βοηθείας
694 3201 1087 3272 διορθώσασθαι
1108 3204 1395 3273 νενοσηκὸς
1421 3203 1480 3257 ἓν
1507 3205 1688 3275 μέλος.
1726 3206 1865 3259 Ἀλλ’

182 3289 333 3358 ὅμως
365 3289 618 3343 τοσοῦτον
659 3290 904 3359 ἀπέσχεν
930 3289 1290 3360 αἰσχυνθῆναι
1321 3291 1414 3344 ἐπὶ
1447 3291 1640 3361 τούτῳ,
1661 3292 1742 3344 ὅτι
1774 3293 1867 3345 καὶ

181 3379 286 3438 τοῖς
322 3375 472 3446 μετά
499 3376 672 3430 ταῦτα
701 3377 834 3430 πᾶσι
881 3376 1040 3448 δῆλον
1065 3376 1199 3428 αὐτὸ
1227 3378 1500 3448 ἐποίησεν.
1537 3377 1700 3431 Ἴδετε
1732 3379 1872 3450 πρὸς

181 3466 349 3518 πόσον
383 3463 548 3534 βάθος
597 3465 984 3536 κατηγάγομεν
1017 3465 1106 3518 τὸν
1145 3465 1332 3532 λόγον;
1374 3467 1491 3528 πῶς
1515 3465 1540 3504 τι
1590 3469 1652 3520 τὸ
1679 3467 1868 3521 δοκοῦν

192 3553 382 3622 μικρὸν
408 3549 570 3612 εἶναι.
597 3552 804 3626 μυρίων
823 3553 982 3623 γέμει
1008 3551 1360 3622 ζητημάτων;
1378 3553 1517 3622 Φέρε
1538 3549 1630 3607 οῦν
1654 3555 1744 3607 καὶ
1771 3555 1868 3626 τὴν

191 3638 340 3693 λύσιν
365 3641 754 3710 ἐπαγάγωμεν.
787 3641 888 3694 Διά
907 3641 1015 3713 γὰρ
1045 3640 1205 3694 τοῦτο
1229 3641 1364 3712 πρὸς
1397 3641 1532 3695 πολὺ
1557 3641 1717 3712 βάθος
1746 3659 1870 3696 κατ-

183 3728 425 3800 έϐημεν,
466 3731 556 3783 ἵνα
587 3729 953 3800 διεγείραντες
982 3729 1137 3800 ὑμῶν
1164 3730 1264 3800 τὴν
1294 3729 1553 3795 διάνοιαν,
1585 3731 1642 3782 ἐν
1700 3732 1870 3802 ἀσφα-

175 3817 254 3870 λεῖ
275 3819 346 3858 δ’
380 3819 449 3872 τὰ
470 3821 720 3889 νοήματα
743 3818 1098 3891 ἀποθώμεθα.

237 3913 306 3973 Υ.
349 3905 812 3978 Συγχωρήσατεδέ
832 3923 942 3977 μοι,
965 3905 1253 3977 πρὶνῆτὴν
1277 3905 1432 3960 λύσιν
1455 3909 1566 3972 τοῖς
1593 3905 1869 3978 ζητήμασι

171 3992 400 4053 τούτο-ις
433 3993 752 4060 ἐπαγαγεῖν,
785 3994 963 4046 εἰπεῖν
1000 4010 1052 4046 τι
1080 3993 1331 4064 περὶτῆς
1354 3995 1554 4064 ἀρετῆς
1586 3993 1680 4047 τοῦ
1701 3995 1870 4065 Τιμο-

172 4079 313 4143 θέον,
371 4080 462 4133 καὶ
499 4081 599 4151 τῆς
641 4080 736 4134 τοῦ
773 4081 988 4136 Παύλου
1035 4081 1381 4152 κηδεμονίας.
1412 4082 1476 4134 Τί
1519 4083 1627 4154 γάρ
1663 4083 1868 4136 ἐκείνου

176 4167 668 4238 φιλοστοργότερον
697 4179 720 4208 ο
743 4169 992 4237 γέγονεν,
1017 4168 1074 4232 ὃς
1123 4171 1188 4222 ἐκ
1218 4169 1472 4222 τοσούτου
1501 4169 1870 4242 διαστήματος

180 4252 249 4305 ὢν
287 4256 390 4308 καὶ
444 4255 719 4319 τοσούτοις
765 4255 1135 4327 κυκλούμενος
1183 4255 1534 4326 πράγμασιν,
1583 4257 1723 4328 ὑπὲρ
1770 4257 1870 4320 τῆς

182 4341 366 4408 ὑγείας
423 4341 518 4394 τοῦ
576 4343 848 4414 στομάχου
901 4343 994 4396 τοῦ
1037 4341 1279 4414 μαθητοῦ
1320 4342 1588 4415 τοσαύτην
1636 4345 1870 4396 ἐποιεῖτο

184 4429 465 4496 πρόνοιαν,
494 4430 587 4482 καὶ
636 4430 774 4500 μετά
799 4429 1084 4502 ἀκριϐείας
1121 4429 1446 4482 ἐπέστελλεν
1487 4430 1625 4501 ὐπέρ
1654 4429 1752 4499 τῆς
1774 4428 1867 4482 τοῦ

182 4518 493 4587 νοσήματος
553 4517 928 4588 διορθώσεως;
989 4518 1147 4571 Τίδέ
1201 4519 1297 4589 τῆς
1346 4518 1548 4589 ἀρετῆς
1612 4518 1726 4570 ἴσον
1769 4515 1871 4587 τῆς

185 4601 492 4673 Τιμοθέου;
557 4606 743 4670 Οῦτως
781 4605 1120 4678 ὑπερεώραῐ
1182 4607 1418 4678 τρυφῆς,
1469 4606 1564 4660 καὶ
1594 4604 1867 4674 κατεγέλα

185 4691 514 4757 πολυτελοῦς
539 4695 838 4765 τραπέζης,
874 4695 949 4758 ώς
973 4695 1066 4747 καὶ
1094 4695 1174 4757 εἰς
1204 4693 1490 4746 ἀσθένειαν
1514 4694 1772 4763 ἐμπεσεῖν
1805 4693 1870 4744 ἐκ

183 4780 280 4851 τῆς
329 4782 474 4850 ἄγαν
521 4783 942 4856 σκληραγωγίας
994 4783 1090 4836 καὶ
1142 4781 1538 4852 ἐπιτεταμένης
1597 4779 1866 4850 νηστείας.

190 4867 306 4921 Ὅτι
352 4871 464 4941 γὰρ
492 4873 554 4924 ού
605 4871 766 4940 φύσει
804 4872 1044 4935 τοιοῦτος
1073 4867 1163 4944 ἦν,
1208 4871 1322 4924 ἀλλ’
1352 4869 1456 4923 ὐπὸ
1484 4869 1738 4940 νηστείας
1777 4869 1872 4922 καὶ

191 4955 521 5024 ὐδροποσίας
559 4961 656 5014 τοῦ
702 4963 976 5032 στομάχου
1033 4960 1296 5015 κατέϐαλε
1341 4959 1439 5029 τὴν
1481 4959 1662 5028 ἰσχὺν,
1705 4955 1871 5010 αὐτοῦ

187 5042 278 5096 τοῦ
305 5045 521 5101 Παύλου
547 5049 664 5117 μετ’
684 5049 972 5117 ἀκριϐείας
1000 5047 1157 5101 τοῦτο
1182 5046 1466 5118 δηλοῦντος
1487 5043 1773 5098 ἀκούσατε.
1795 5045 1871 5098 Οὐ

188 5133 294 5200 γάρ
329 5133 519 5196 ἁπλῶς
553 5130 730 5195 εἶπεν,
777 5136 920 5206 Οῑνῳ
943 5135 1109 5205 ὀλίγῳ
1145 5135 1294 5206 χρῶ·
1329 5133 1466 5188 ἀλλά
1499 5131 1763 5204 πρότερον
1792 5133 1871 5184 εί-

191 5215 327 5280 πὼν,
351 5221 576 5287 Μηκέτι
611 5221 944 5289 ὑδροπότει,
967 5222 1089 5276 τότε
1121 5221 1220 5293 τὴν
1248 5223 1348 5293 τῆς
1363 5220 1673 5282 οίνοποσίας
1701 5235 1873 5291 προσ·

252 5320 270 5388 ξ
298 5322 559 5388 Si¢_Savil.
585 5331 638 5374 et
663 5338 836 5375 omnes
869 5327 974 5375 fere
998 5341 1097 5375 mss
1138 5325 1266 5375 Edili
1291 5327 1490 5388 ἐγένετο.

249 5381 281 5420 δ
299 5386 403 5452 λιιι
421 5396 470 5434 el
492 5389 645 5452 Sajil,
659 5389 816 5452 ἕτερόν
836 5406 882 5438 τι
907 5389 1023 5452 πρὸς
1048 5388 1146 5443 τοῖς
1174 5381 1431 5452 εἰρημένοις
1453 5391 1496 5436 οἱ
1519 5384 1868 5452 διαποροῦντες.

194 5440 348 5491 Paulo
391 5447 686 5510 poslVSavil.
732 5440 783 5498 ἐι
827 5440 1022 5510 είὶψῖοί
1055 5440 1166 5497 [ηδε.
1210 5440 1495 5510 διδάσκαλος
1538 5440 1679 5496 αὐτὸν
1723 5440 1869 5508 οὕτω,

193 5515 287 5552 non
315 5509 459 5553 male.
488 5509 659 5558 Morel.
686 5517 738 5558 el
761 5513 843 5560 a‘ii
866 5512 1150 5566 διδάσκαλος
1174 5509 1322 5558 αὐτοῦ
1346 5512 1491 5558 οὕτω.

257 5568 281 5597 ⁸
299 5567 463 5633 _$_a\'il.
491 5578 542 5618 el
565 5573 749 5633 aliquoi
777 5587 893 5620 mss.
919 5570 1069 5633 ταῦτα
1091 5573 1150 5619 τὰ
1170 5589 1224 5633 π.
1249 5573 1348 5621 Sed
1371 5569 1873 5633 arliculus_nmitli:ur

195 5622 242 5675 in
265 5629 472 5698 _a|i_ig;._el
493 5622 693 5698 ηυίᾳεὲη
719 5634 999 5698 elegantius
1023 5632 1140 5696 (imo
1161 5632 1317 5683 minus
1339 5634 1547 5692 Graace),
1570 5631 1620 5682 ni
1647 5633 1807 5684 fallor.

253 5689 281 5728 δ
309 5690 414 5738 ΑΙιὶ
437 5689 523 5740 καὶ.
537 5697 656 5750 πῶς.

257 5750 306 5821 ξ·
324 5753 481 5821 _S_a__Vi|:
507 5757 644 5821 addit
663 5757 862 5821 ταμείῳ.

263 5813 285 5884 ς
310 5814 502 5884 ξιὶἱσίς
523 5819 676 5884 γὰρ...
697 5813 1126 5884 φὶλοστοργότερος.

212 5932 223 5940 ι
311 5873 466 5943 δεμ-11.
503 5873 558 5926 εὶ
578 5873 906 5943 ηἐιήἱγὶιυὶιίεηὶ
931 5873 1046 5930 iussi
1071 5873 1119 5936 ὃς
1145 5881 1296 5934 οὕτως
1327 5880 1467 5942 ἑώρα.
1513 5877 1636 5930 Infra
1664 5878 1872 5943 aliiali’

209 5937 414 6008 ξ’ὸςτῆς
435 5940 658 6010 νηστείας.
684 5937 1162 6010 Ρέιιιρῗροει-Μοτρί.
1192 5949 1244 5991 cl
1266 5937 1452 6010 aliqq'nl
1481 5954 1592 5990 mss.
1622 5941 1873 6000 δη)οῧντο;

212 6002 458 6058 δ’δ”νδσπτεν
479 6003 626 6052 Savil.
655 6012 703 6056 et
733 6005 814 6058 alii
840 6002 1092 6066 δηλοῦντος
1120 6007 1244 6054 ἐστιν
1287 6002 1508 6051 ἀκοῦσαι.

1987 486 2152 557 έθηκε
2215 487 2546 558 συμϐουλήν.
2597 487 2671 540 Τὸ
2719 487 2810 549 δὲ,
2831 489 3065 557 μηκέτι,
3124 491 3410 562 δηλοῦντος
3448 488 3541 568 ἦν,
3577 495 3661 551 ὅτι

1989 573 2148 644 μέχρι
2179 574 2300 628 τότε
2346 575 2650 646 ὑδροπότει,
2685 575 2777 628 καὶ
2810 575 2897 629 διὰ
2936 577 3093 631 τοῦτο
3132 579 3354 648 γέγονεν
3403 582 3656 651 ἀσθενής.

1985 661 2082 724 Τίς
2105 657 2197 714 οῦν
2225 662 2325 714 οὐκ
2350 660 2416 713 ἂν
2443 662 2742 732 ἐκπλαγείη
2771 663 2866 733 τὴν
2896 665 3210 733 φιλοσοφίαν
3237 669 3400 721 αὐτοῦ
3431 670 3526 722 καὶ
3558 669 3658 740 τὴν

1983 749 2297 820 ἀκρίϐειανς
2321 749 2510 802 Αὐτῶν
2531 751 2827 806 ἐπελάϐετο
2849 763 2874 800 8
2897 753 3006 806 τῶν
3025 754 3288 827 οὐρανῶν,
3309 759 3403 810 καὶ
3427 758 3562 830 πρὸς
3594 758 3659 811 τὸ

1981 839 2078 904 τῆς
2124 837 2328 907 ἀρετῆς
2369 840 2537 908 ἄκρον
2570 840 2772 909 ἤλασε·
2813 842 2908 895 καὶ
2953 843 3126 896 ταῦτα
3163 845 3192 896 6
3221 844 3537 908 διδάσκαλος
3573 846 3654 918 15]

1979 923 2127 992 αὐτῷ
2163 927 2430 995 μαρτυρεῖ
2453 925 2595 978 οὕτω
2630 927 2822 995 λέγων’
2868 931 3140 998 Ἔπεμψεα
3187 932 3329 1000 ὑμῖν
3357 936 3653 1001 Τιμόθεον,

1979 1008 2045 1073 ὅς
2084 1012 2214 1064 ἐστι
2240 1012 2457 1066 τέκνον
2469 1032 2590 1082 μου
2629 1015 2941 1083 ἀγαπητὸν
2959 1019 3056 1070 καὶ
3091 1018 3310 1071 πιστὸν
3334 1020 3404 1072 ἐν
3440 1023 3652 1088 Κυρίῳ.

1979 1095 2146 1150 Ὅταν
2181 1098 2237 1150 δὲ
2273 1099 2482 1164 Παῦλος
2529 1101 2688 1153 αὐτὸν
2717 1103 2872 1155 καλεῖ
2902 1104 3090 1156 τέκνον
3125 1105 3220 1158 καὶ
3247 1105 3436 1159 τέκνον
3467 1109 3654 1160 πιστὸν

1977 1185 2070 1236 καὶ
2113 1187 2414 1256 ἀγαπητὸν,
2450 1189 2608 1258 ἀρκεῖ
2656 1188 2722 1240 τά
2763 1192 2982 1259 ῥήματα
3025 1189 3196 1244 ταῦτα
3237 1192 3452 1244 ἅπασαν
3488 1194 3654 1246 αὐτοῦ

1975 1269 2144 1337 δεῖξαι
2177 1273 2272 1344 τὴν
2307 1275 2527 1346 ἀρετήν.
2565 1277 2629 1326 Αἱ
2664 1277 2774 1346 γὰρ
2807 1277 2912 1328 τῶν
2953 1278 3121 1344 ἁγίων
3155 1279 3364 1349 κρίσεις
3409 1279 3470 1330 οὐ
3522 1280 3655 1348 πρὸς

1977 1358 2156 1428 χάριν,
2185 1361 2305 1412 οὐδὲ
2330 1361 2463 1431 πρὸς
2492 1363 2786 1432 ἀπέχθειαν
2828 1363 3088 1431 γίνονται,
3118 1365 3255 1418 ἀλλά
3304 1365 3484 1436 πάσης
3519 1367 3654 1417 εἰσὶν

1975 1446 2390 1517 ἀπηλλαγμέναι
2444 1449 2784 1520 προλήψεως.
2837 1449 2949 1502 Οὐκ
2991 1445 3058 1519 ἦν
3091 1449 3232 1502 οῦτω
3278 1451 3304 1489 h
3345 1449 3584 1520 ζηλωτὸς
3625 1450 3654 1500 6

1975 1534 2258 1603 Τιμόθεος,
2309 1538 2358 1588 εἰ
2393 1538 2606 1590 Παύλου
2640 1536 2830 1588 τέκνον
2862 1533 2929 1607 ἦν
2961 1537 3142 1606 φύσει,
3172 1536 3248 1600 ῶς
3287 1538 3402 1590 ἐστι
3438 1537 3653 1608 θαυμα-

1977 1623 2099 1684 στὲ-ς
2130 1621 2242 1685 νῦν,
2267 1625 2348 1676 ὃτι
2374 1624 2512 1676 κατὰ
2534 1625 2713 1695 σάρκα
2738 1625 2902 1693 μηδὲν
2928 1625 3074 1695 αὐτῷ
3100 1626 3412 1696 προσήκων,
3441 1625 3529 1677 διά
3555 1625 3652 1695 τῆς

1974 1710 2114 1761 κατά
2143 1710 2243 1778 τὴν
2281 1710 2566 1764 εὐλάϐειαν
2599 1711 2919 1778 συγγενείας
2961 1713 3041 1774 είς
3084 1711 3182 1782 τὴν
3224 1711 3496 1764 υἱοθεσίαν
3539 1713 3653 1762 εἰσ⁸

1974 1797 2179 1866 ήγαγεν
2203 1798 2392 1850 ἑαυτὸν
2413 1799 2512 1869 τὴν
2530 1797 2757 1860 ἐκείνου,
2780 1798 2918 1867 μετά
2941 1797 3222 1869 ἀκριϐείας
3241 1800 3366 1859 τοὺς
3382 1795 3652 1867 χαρακτῆ-

1974 1902 2072 1955 ρας
2115 1885 2214 1954 τῆς
2253 1886 2458 1938 ἐκείνου
2504 1885 2819 1955 φιλοσοφίας
2847 1885 3124 1950 διασώζων
3163 1888 3220 1939 ἐν
3272 1885 3464 1938 ἅπασι.
3505 1882 3652 1936 K510-

1971 1974 2114 2043 άπερ
2153 1973 2260 2041 γὰρ
2299 1974 2496 2046 μόσχος
2528 1974 2715 2045 ταύρῳ
2769 1974 3236 2046 συμϐεϐλημένος,
3269 1972 3410 2028 οῦτω
3435 1972 3525 2026 τὸν
3553 1971 3648 2036 ζυ-

1971 2061 2064 2128 γὸν
2086 2057 2233 2114 εἷλκε
2268 2063 2384 2132 μετ’
2413 2063 2576 2116 αὐτοῦ
2607 2062 2882 2134 πανταχοῦ
2915 2066 3012 2133 τῆς
3051 2062 3396 2133 οἰκουμένης,
3433 2061 3526 2114 καὶ
3553 2061 3649 2113 οὐ-

1970 2149 2059 2202 δὲν
2088 2151 2383 2220 ἠλαττοῦτο
2416 2151 2506 2204 διὰ
2541 2151 2638 2219 τὴν
2684 2151 2920 2221 ήλικίαν,
2965 2151 3080 2204 ἀλλ’
3113 2153 3146 2220 ὴ
3184 2149 3462 2220 προθυμία
3490 2147 3652 2218 ἀμιλσο

1971 2238 2166 2293 λᾶσθαι
2194 2243 2306 2304 τοῖς
2338 2240 2432 2294 τοῦ
2463 2241 2786 2294 διδασκάλου
2820 2241 3005 2304 πόνοις
3043 2240 3206 2293 αὐτὸν
3247 2237 3647 2308 παρεσκεύαζε.

1971 2326 2081 2377 Καὶ
2107 2325 2310 2379 τούτων
2333 2327 2495 2381 πάλιν
2525 2327 2734 2398 μάρτυς
2758 2328 2919 2390 αὐτὸς
2943 2329 2970 2379 6
3005 2325 3236 2389 Παῦλος,
3265 2325 3407 2378 οὕτω
3435 2324 3608 2392 λέγων
3628 2340 3644 2355 ·

1969 2411 2190 2478 Μηδεὶς
2215 2408 2329 2468 οὗν
2351 2415 2540 2467 αὐτὸν
2570 2412 2947 2481 ἐξουθενήσῃ
2962 2429 2978 2445 ⁸
3002 2413 3070 2466 τὸ
3094 2413 3204 2482 γὰρ
3228 2412 3406 2482 ἔργον
3426 2413 3646 2479 Κυρίου

1968 2498 2283 2568 ἐργάζεται,
2328 2505 2409 2568 ὠς
2455 2501 2634 2570 κάγώ.
2682 2497 2835 2564 Εἶδες
2875 2501 2993 2564 πῶς
3043 2501 3460 2571 ἀπαράλλακτον
3499 2498 3648 2570 αὐτῷ

1973 2591 2240 2659 μαρτυρεῖ
2264 2590 2527 2659 σπουδήν;
2547 2585 2680 2642 Εἶτα
2706 2589 2792 2641 ἵνα
2815 2588 2890 2659 μὴ
2915 2588 3142 2659 νομισθῇ
3168 2589 3349 2659 χάριτι
3369 2587 3542 2641 ταῦτα
3558 2587 3648 2638 λέο

1967 2692 2105 2744 γειν,
2134 2679 2332 2742 αὐτοὺς
2358 2680 2485 2742 τοὺς
2513 2677 2788 2749 ἀκροατὰς
2818 2680 3056 2731 ποιεῖται
3102 2677 3386 2748 μάρτυρας
3415 2677 3513 2747 τῆς
3550 2674 3646 2728 τοῦ

1968 2765 2156 2828 παιδὸς
2190 2767 2414 2837 ἀρετῆς,
2450 2767 2594 2821 οὕτω
2637 2767 2842 2836 λέγων·
2883 2765 3000 2834 Τὴν
3041 2765 3109 2818 δὲ
3151 2765 3407 2835 δοκιμὴν
3459 2763 3646 2819 αὑτοῦ

1968 2854 2306 2920 γινώσκετε,
2341 2855 2431 2910 ὅτι
2476 2858 2556 2922 ὡς
2594 2857 2820 2924 πατέρα
2847 2855 3064 2910 τέκνον
3101 2857 3146 2918 ί,
3178 2856 3332 2910 οὕτω
3371 2854 3494 2909 σὺν
3515 2851 3648 2924 ἐμοὶ

1965 2940 2336 2997 ἐδούλευσεν
2367 2944 2438 2996 ἐν
2465 2943 2546 3010 τῷ
2589 2944 2952 3013 Εὐαγγελίφ·
3005 2943 3218 3011 πεῖραν
3261 2942 3431 3012 ὑμεῖς
3481 2940 3644 3008 allii-

1966 3047 2116 3098 φατε
2159 3030 2269 3101 τῆς
2303 3032 2521 3101 ἀρετῆς
2563 3032 2786 3095 αὑτοῦ,
2832 3033 2931 3086 καί
2989 3031 3098 3101 τῆς
3130 3031 3378 3101 δοκίμου
3414 3031 3642 3100 ψυχῆς.

1979 3117 2117 3170 Ἀλλ’
2140 3119 2289 3188 ὅμως
2318 3121 2452 3192 πρὸς
2479 3120 2734 3174 τοσοῦτον
2759 3119 2892 3189 ὕψος
2920 3118 3362 3190 κατορθωμάτων
3385 3117 3644 3179 ἀνελθὼν,

1966 3203 2086 3256 οὐδέ
2115 3203 2288 3270 οὕτως
2326 3207 2566 3278 ἐθάρρει,
2601 3208 2714 3260 ἀλλ’
2733 3204 3025 3274 ἐναγώνιος
3053 3201 3121 3276 ἦν
3142 3207 3236 3259 καὶ
3258 3206 3512 3277 περιδεής
3528 3223 3540 3236 ·
3564 3205 3647 3258 διὸ

1981 3294 2076 3346 καὶ
2123 3297 2240 3363 μετ’
2272 3296 2556 3367 ἀκριϐείας
2606 3299 2885 3369 ἐνήστευε,
2927 3296 3021 3349 καὶ
3053 3297 3152 3348 οὐκ
3191 3295 3360 3349 ἔπαθε
3395 3295 3554 3348 τοῦτο
3584 3293 3647 3346 τδ

1965 3381 2076 3434 τῶν
2118 3382 2349 3449 πολλῶν,
2387 3385 2437 3438 οἳ
2487 3385 2617 3439 δέκα
2655 3386 2836 3457 μόνον,
2890 3383 2923 3455 ἢ
2964 3385 3059 3437 καὶ
3099 3383 3272 3436 εἴκοσι
3326 3384 3499 3454 μῆνας
3549 3398 3650 3452 νη·-

1970 3468 2122 3540 στείᾳ
2155 3473 2564 3542 παρεσχηκότες
2599 3473 2844 3536 ἑαυτοὺς,
2881 3471 3085 3534 εὐθέως
3112 3471 3327 3524 ἅπαντα
3355 3468 3651 3523 καταλύου-

1970 3571 2072 3608 σιν.
2119 3556 2258 3608 Ἀλλ’
2292 3558 2496 3622 ἐκεῖνος
2525 3559 2677 3612 οὐδὲν
2725 3556 2965 3610 τοιοῦτον
3015 3554 3238 3617 ἔπαθεν,
3271 3555 3390 3608 οὐδὲ
3425 3550 3550 3607 εἶπέ
3591 3571 3647 3607 τι

1969 3641 2206 3694 τοιοῦτον
2245 3643 2380 3714 πρὸς
2411 3645 2620 3698 ἑαυτόν·
2648 3645 2712 3697 Τί
2743 3661 2831 3714 μοι
2853 3641 3105 3712 νηστείας
3127 3642 3285 3711 χρεία
3309 3641 3526 3702 λοιπόν;
3552 3656 3649 3692 πε-

1970 3729 2316 3798 ριεγενόμην,
2348 3731 2632 3801 ἐκράτησα
2665 3730 2774 3782 τῶν
2803 3726 3128 3796 ἐπιθυμιῶν,
3156 3726 3436 3797 ἐνέκρωσά
3462 3743 3563 3796 μου
3587 3725 3647 3779 τὸ

1971 3813 2148 3884 σῶμα,
2165 3815 2426 3886 δαίμονας
2445 3816 2708 3887 ἐφόϐησα,
2727 3816 2816 3868 τὸν
2833 3813 3077 3868 διάϐολον
3100 3814 3378 3885 ἀπήλασα,
3418 3813 3647 3884 νεκροὺς

1969 3900 2263 3972 ἀνέστησα,
2291 3902 2528 3974 λεπροὺς
2555 3903 2820 3975 ἐκάθηρα,
2846 3904 2966 3964 ταῖς
2995 3900 3400 3971 ἀντικειμέναις
3421 3899 3648 3968 δυνάμε-

1972 3987 2054 4040 σίν
2082 3991 2195 4059 εἰμι
2219 3989 2449 4060 φοϐερός
2469 4007 2482 4020 ο
2514 3991 2566 4043 τί
2591 4007 2682 4061 μοι
2707 3991 2960 4062 νηστείας
2980 3989 3060 4042 δεῖ
3083 3988 3287 4055 λειπδν,
3317 3987 3410 4042 καὶ
3429 3987 3528 4056 τῆς
3560 3988 3648 4038 ἐν-

1968 4075 2159 4128 τεῦθεν
2191 4077 2490 4145 ἀσφαλείας
2511 4096 2525 4141 ;

2040 4163 2206 4217 υύδὲν
2231 4165 2468 4218 τοιοῦτον
2491 4167 2591 4219 οὐκ
2620 4160 2790 4229 εἶπεν,
2818 4166 2918 4218 οὐκ
2938 4166 3236 4236 ἐνενόησεν,
3269 4161 3386 4215 ἀλλ’
3409 4161 3517 4232 ὅσῳ
3547 4177 3649 4231 μυ-

1972 4249 2103 4319 ρίων
2137 4251 2302 4323 ἔγεμε
2333 4253 2791 4324 κατορθωμάτων,
2826 4251 3066 4322 τοσούτῳ
3103 4250 3302 4321 μᾶλλον
3327 4248 3514 4301 ἐδεδίει
3551 4248 3648 4300 καὶ

1971 4339 2167 4409 ἔτρεμε
2193 4356 2207 4371 ⁸
2244 4339 2338 4394 καὶ
2378 4339 2582 4410 ταύτην
2622 4339 2774 4410 παρά
2815 4339 2909 4392 τοῦ
2951 4337 3273 4392 διδασκάλου
3305 4336 3402 4406 τὴν
3435 4336 3649 4405 φιλοσο-

1973 4426 2100 4496 φίαν
2121 4426 2413 4496 ἐμάνθανε.
2437 4427 2546 4479 Καὶ
2575 4426 2684 4498 γὰρ
2713 4429 2920 4488 ἐκεῖνος
2946 4428 3025 4488 εἰς
3047 4425 3229 4496 τρίτον
3253 4424 3525 4492 ἀρπαγεὶς
3552 4422 3648 4474 οὐ-

1976 4512 2154 4584 ρανὸν,
2190 4515 2284 4567 καὶ
2315 4515 2396 4576 εἰς
2433 4514 2762 4583 παράδεισον
2789 4512 3130 4582 ἀπενεχθεὶς,
3162 4511 3257 4564 καὶ
3284 4510 3525 4573 ἀκούσας
3556 4509 3648 4579 ρή-

1976 4618 2120 4672 ματα
2154 4600 2389 4672 ἄρρητα,
2422 4602 2515 4654 καὶ
2548 4599 2862 4672 μυστηρίων
2896 4603 3229 4669 κοινωνήσας
3251 4597 3524 4660 τοιούτων,
3553 4595 3647 4648 καὶ

1971 4688 2070 4758 τὴν
2097 4688 2423 4758 οἰκουμένην
2447 4687 2665 4741 ἅπασαν
2697 4687 3012 4759 ἐπιδραμὼν
3041 4686 3294 4757 καθάπερ
3314 4702 3396 4748 τις
3417 4684 3648 4736 ὑπόπτε-

1977 4791 2088 4844 ρος,
2139 4775 2447 4846 Κορινθίοις
2486 4775 2815 4828 ἐπιστέλλων
2848 4774 3031 4842 ἐλεγεο
3065 4773 3362 4842 Φοϐοῦμαι
3402 4771 3486 4839 μή
3522 4784 3649 4834 πως

1973 4861 2186 4928 ἄλλοις
2210 4863 2478 4930 κηρύξας
2502 4863 2687 4929 αὐτὸς
2710 4862 2999 4930 ἀδόκιμος
3029 4861 3304 4930 γένωμαι.
3334 4859 3397 4911 El
3425 4857 3482 4909 δὲ
3510 4855 3651 4910 Παῦ-

1973 4947 2063 5011 λος
2084 4949 2327 5019 φοϐεἶται
2361 4948 2373 4999 i
2410 4951 2547 5020 μετὰ
2574 4948 2798 5004 τοιαῦτα
2828 4950 2922 5003 καὶ
2956 4946 3193 5002 τοσαῦτα
3225 4944 3645 5014 κατορθώματα,

1972 5037 2001 5089 6
2021 5035 2268 5108 δυνηθεὶς
2288 5039 2484 5101 εἰπεῖν,
2504 5039 2586 5091 ὅτι
2632 5036 2787 5106 Ἐμοὶ
2821 5038 3047 5104 κόσμος
3075 5033 3458 5099 ἐσταύρωται,
3487 5028 3650 5100 κάγὼ

1972 5123 2053 5190 τῷ
2090 5126 2315 5194 κόσμῳ,
2343 5126 2523 5197 πολλῷ
2558 5126 2756 5198 μᾶλλον
2785 5127 2932 5196 ἡμᾶς
2969 5120 3263 5175 δεδοικέναι
3289 5119 3416 5189 χρὴ,
3451 5119 3545 5173 καὶ
3568 5135 3650 5172 το-

1975 5211 2151 5282 σούτῳ
2184 5213 2404 5284 μᾶλλον,
2422 5214 2641 5286 ὅσῳπερ
2658 5215 2723 5267 ἂν
2747 5205 2896 5282 ὦμεν
2928 5207 3098 5263 πολλά
3115 5205 3488 5277 συνειληχότες
3518 5223 3651 5260 κατε

1973 5299 2288 5370 ορθώματα.
2329 5299 2432 5353 Καὶ
2460 5302 2568 5372 γάρ
2588 5303 2616 5354 6
2649 5297 2892 5361 διάϐολος
2910 5293 3147 5368 ἀγριώτε
3157 5311 3247 5366 ρος
3267 5294 3394 5348 τότε
3415 5293 3645 5362 γίνεται,

1972 5385 2093 5439 τότε
2123 5386 2470 5456 ἐκθηριοῦται
2511 5387 2692 5450 πλέον,
2734 5386 2859 5438 ὅταν
2893 5384 2977 5455 ῐδῃ
3011 5384 3127 5454 μετ’
3164 5380 3479 5452 ἐπιμελείας
3501 5383 3651 5452 ἡμᾶς

1972 5470 2063 5523 τὸν
2093 5471 2301 5524 ἐαυτῶν
2331 5471 2745 5541 οἰκονομοῦντας
2777 5470 2888 5539 βίον
2906 5487 2918 5498 ·
2951 5472 3079 5524 ὅταν
3118 5468 3203 5542 ἴδῃ
3235 5468 3303 5521 τά
3328 5467 3523 5538 φορτία
3552 5468 3650 5538 τῆς

1973 5558 2172 5628 ἀρετῆς
2202 5559 2557 5628 συγκείμνα,
2575 5559 2668 5610 καὶ
2689 5557 2853 5610 πολὺν
2879 5557 3006 5610 ὄντα
3029 5556 3119 5609 τὸν
3139 5555 3322 5624 δγκον,
3341 5555 3460 5607 τότε
3488 5570 3652 5608 σπου·

1973 5645 2123 5708 δάζει
2147 5645 2526 5717 χαλεπώτερον
2553 5644 2890 5716 ἐργάσασθαι
2915 5645 2976 5698 τὸ
2996 5645 3272 5713 ναυάγιον.
3307 5643 3366 5696 '0
3409 5642 3506 5712 μέν
3536 5643 3646 5716 γὰρ

2040 5819 2065 5880 β
2091 5817 2242 5867 SaVil.
2273 5823 2326 5868 et
2349 5817 2498 5880 aliqui
2529 5819 2803 5879 ἐπελάϐετο,
2833 5815 3006 5868 Morel.
3031 5813 3309 5864 ῦπελάϐετο.

2036 5878 2064 5946 ξι
2093 5880 2230 5946 illius
2253 5881 2342 5929 οὐκ
2359 5881 2416 5939 ἧν
2435 5878 2527 5946 γάρ
2555 5882 2698 5930 οὓτω.

2040 5943 2054 5978 ί
2088 5942 2184 5990 Alii
2206 5944 2271 5998 ὡς
2290 5946 2429 6003 πατρὶ
2453 5942 2630 5992 τέκνον.

2044 6004 2056 6054 i
2089 6004 2186 6053 Alii
2219 6005 2448 6067 ἐτοϐεἰτο.
