4074 6218
329 334 392 389 2f
1290 341 1383 398 AD
1421 342 1743 401 POPULUM
1774 345 2261 409 ANTIOCliENUM
2326 354 2550 413 llOSllL.
2595 359 2634 414 Ι.
3550 366 3623 421 93

331 450 478 504 enim
500 459 556 503 et
583 447 831 518 abiectus
860 450 1074 506 etiamsi
1115 454 1486 522 supplautatus
1524 455 1687 513 fuerit
1711 466 1762 512 et
1791 459 1933 513 ceci-

335 544 502 607 derit,
532 557 644 596 non
673 551 876 595 tantam
925 545 1199 598 communi
1233 545 1357 600 vitae
1397 546 1603 603 cladem
1650 547 1846 604 infert:
1883 549 1934 603 in

336 635 453 690 alta
511 649 645 688 vero
695 633 921 703 quadam
975 640 1244 705 tamquam
1273 638 1486 693 virtutis
1539 641 1756 708 specula
1811 656 1934 695 cum

335 728 508 781 multa
529 725 766 781 claritate
781 727 1129 794 constitutus,
1157 738 1210 782 et
1234 730 1324 798 qui
1341 731 1591 785 omnibus
1618 731 1933 787 manifestus

337 825 399 872 et
427 817 672 885 cognitus
697 816 784 881 sit,
816 825 875 872 et
913 817 982 871 ab
1004 819 1251 896 omnibus
1279 821 1328 874 in
1356 822 1710 877 admiratione
1737 823 1933 878 habea-

347 921 455 974 tur,
496 909 702 976 quando
751 917 991 963 tentatus
1027 912 1303 977 ceciderit,
1339 929 1582 983 magnam
1636 916 1839 969 ruinam
1880 923 1934 970 et

336 1001 593 1070 jacturam
623 999 787 1056 facit:
821 1017 925 1055 non
956 1013 1159 1056 tantum
1192 1005 1441 1072 quoniam
1475 1023 1538 1060 ex
1569 1008 1676 1060 alto
1703 1007 1929 1075 cecidit,

340 1092 434 1146 sed
456 1093 710 1162 quoniam
739 1102 795 1148 et
817 1094 953 1148 alios
978 1095 1177 1150 multos
1195 1097 1246 1149 in
1277 1097 1448 1166 ipsum
1472 1100 1820 1168 respicientes
1846 1114 1932 1154 se.

337 1185 554 1253 gniores
585 1185 844 1240 reddidit.
890 1185 959 1240 Et
995 1187 1135 1241 sicut
1171 1188 1222 1241 in
1263 1203 1520 1258 corpore,
1564 1191 1668 1244 alio
1716 1190 1930 1260 quidem

322 1277 581 1329 membro
633 1285 921 1344 corrupto,
975 1292 1083 1331 non
1127 1293 1375 1349 maguum
1425 1280 1714 1338 damnum:
1763 1281 1931 1336 oculis

322 1375 516 1418 autem
568 1368 867 1430 exmeeatis,
913 1367 999 1420 vel
1051 1368 1225 1437 capite
1265 1371 1499 1438 graviter
1549 1371 1708 1437 laeso,
1760 1380 1929 1425 totum

328 1469 537 1523 corpus
583 1456 771 1510 inutile
814 1456 1094 1512 redditur:
1123 1459 1202 1512 sic
1228 1468 1282 1512 et
1321 1460 1374 1513 in
1417 1461 1617 1515 sanctis
1656 1472 1708 1514 et
1741 1477 1956 1527 magna.

332 1546 578 1601 emeritis
609 1546 894 1601 dicendum
923 1558 1006 1603 est
1031 1566 1044 1601 :
1071 1550 1284 1618 quando
1311 1551 1386 1604 illi
1426 1553 1680 1606 exstincti
1709 1552 1926 1617 fuerint,

331 1651 456 1689 cum
497 1636 761 1690 maculam
794 1639 1098 1707 quampiam
1140 1639 1489 1703 admiserint,
1527 1651 1695 1695 totum
1724 1653 1777 1696 et
1808 1644 1932 1698 reli-

330 1743 498 1796 quum
521 1742 718 1796 corpus
742 1728 1078 1785 intolerabile
1098 1728 1475 1784 detrimentum
1501 1733 1712 1799 patitur.

404 1821 460 1873 4.
493 1819 618 1873 llzec
652 1820 812 1889 igitur
841 1822 1021 1876 omnia
1060 1833 1182 1876 nota
1216 1820 1420 1878 habens
1452 1824 1795 1890 Timotheus,
1826 1842 1926 1880 nn-

329 1911 494 1979 dique
520 1927 580 1966 se
608 1912 880 1966 muniebat
909 1931 920 1966 :
953 1915 1154 1969 sciebat
1181 1916 1324 1985 quod
1354 1915 1588 1971 difficilis
1623 1933 1708 1972 res
1737 1920 1926 1988 estju-

330 2012 544 2064 ventus,
578 2003 719 2070 quod
749 2004 1038 2070 jactabilis,
1071 2005 1297 2076 deceptu
1328 2005 1516 2068 facilis,
1551 2008 1722 2063 labilis
1743 2019 1845 2073 est,
1874 2020 1928 2065 et

333 2094 729 2148 vehementiori
763 2094 963 2163 indiget
993 2096 1163 2150 frzeno
1189 2115 1202 2151 :
1232 2112 1364 2168 pyra
1404 2099 1544 2151 enim
1575 2100 1813 2168 quaedam
1846 2109 1928 2154 cst

341 2187 596 2240 exteriora
626 2188 1038 2257 apprehendens
1058 2191 1262 2254 omnia,
1297 2190 1560 2261 facileque
1586 2207 1649 2247 ac
1677 2193 1927 2248 celeriter

337 2278 666 2333 succendens
693 2281 734 2334 ³.
771 2281 972 2335 Idcirco
1012 2281 1181 2351 ipsam
1210 2283 1444 2352 undique
1483 2283 1828 2346 obstruebat,
1868 2291 1928 2337 ut

331 2385 719 2441 compesceret,
752 2387 805 2430 et
844 2376 982 2431 hanc
1023 2375 1292 2432 ﬂammam
1334 2377 1478 2431 omni
1525 2377 1687 2432 modo
1725 2378 1924 2432 exstin-

329 2481 497 2534 guere
525 2466 773 2520 studebat
797 2485 812 2522 :
835 2476 996 2537 atque
1012 2482 1207 2537 equum
1232 2468 1502 2523 etl’ramem
1519 2478 1574 2523 et
1595 2471 1680 2524 vix
1705 2470 1926 2524 habenis

330 2566 611 2625 parentem
660 2558 830 2612 multa
880 2573 1002 2613 cum
1052 2558 1388 2614 vehementia
1441 2561 1705 2630 angebat,
1754 2561 1925 2616 donec

327 2647 502 2715 ipsius
529 2647 777 2703 lascivias
796 2648 1228 2715 circumcideret,
1251 2648 1423 2704 donec
1442 2650 1778 2705 obedientem
1803 2650 1926 2706 red-

327 2739 522 2800 deret,
551 2747 607 2793 et
632 2739 871 2795 traderet
901 2755 1090 2810 magna
1121 2755 1243 2794 cum
1287 2750 1556 2810 potestate
1595 2743 1818 2798 rationis
1847 2744 1926 2812 ip-

323 2844 452 2888 sum
483 2828 730 2885 ducentis
759 2831 1006 2902 imperio.
1039 2831 1364 2896 lnfirmetur,
1400 2833 1594 2902 inquit,
1621 2848 1836 2904 corpus,
1869 2843 1926 2888 et

323 2937 438 2976 non
483 2921 784 2977 infirmetur
808 2923 1061 2978 animus:
1092 2925 1409 2979 refraenetur
1445 2939 1608 2992 caro,
1647 2936 1700 2980 et
1728 2926 1923 2982 anima:

323 3015 396 3068 ad
424 3016 614 3070 celum
653 3030 842 3070 cursus
870 3032 976 3070 non
1005 3017 1346 3086 impediatur.
1387 3017 1469 3073 Ad
1506 3018 1622 3075 hzec
1648 3028 1825 3075 autem
1867 3030 1922 3076 et

324 3107 459 3161 illud
482 3108 714 3163 maxime
740 3110 966 3179 quisque
991 3109 1042 3164 in
1076 3109 1193 3178 ipso
1223 3111 1407 3165 mirari
1435 3121 1634 3181 posset,
1659 3113 1804 3182 quod
1831 3114 1920 3167 tali

329 3198 585 3252 laborans
631 3199 972 3266 infirmitate,
1007 3211 1060 3256 et
1101 3211 1247 3257 tanta
1290 3218 1410 3257 cum
1454 3205 1792 3273 a-gritudine,
1828 3207 1921 3262 Dei

326 3290 542 3358 negotia
587 3305 691 3344 non
723 3292 1044 3361 negligebat,
1093 3293 1188 3348 sed
1235 3295 1462 3364 amplius
1489 3311 1649 3366 quam
1681 3299 1922 3356 valentes

324 3389 385 3432 et
433 3395 668 3451 corpore
718 3384 962 3453 vigentes
1006 3384 1422 3457 circumquaque
1475 3389 1763 3458 volitabat,
1810 3392 1918 3462 jam

324 3471 622 3539 Ephesum,
665 3473 776 3542 jam
813 3474 1159 3543 Corinthum,
1209 3479 1261 3532 in
1309 3479 1618 3536 Macedonia
1655 3498 1818 3552 Sta-pe,
1866 3485 1919 3540 in

330 3559 504 3623 Italia,
536 3562 733 3631 ubique
765 3571 1048 3631 terrarum,
1080 3567 1278 3638 ubique
1310 3571 1536 3625 marium
1566 3588 1686 3626 eum
1720 3591 1916 3643 przece-

325 3660 484 3720 ptore
510 3666 810 3720 apparens;
833 3656 1078 3711 omnibus
1104 3659 1154 3711 in
1179 3661 1558 3715 certaminibus
1581 3672 1637 3717 et
1650 3666 1918 3720 continuis

324 3744 583 3810 periculis
610 3759 729 3798 cum
763 3746 878 3814 ipso
906 3751 1373 3818 communicabat;
1403 3767 1504 3807 nec
1541 3754 1706 3808 animi
1739 3755 1916 3824 philo-

319 3834 570 3903 sOphiam
616 3838 906 3905 prostravit
954 3841 1198 3909 corporis
1248 3842 1586 3900 imbecillitas
1641 3862 1656 3899 :
1708 3855 1914 3900 tantum

318 3926 472 3981 valet
500 3927 552 3980 in
575 3927 739 3982 Deum
765 3929 934 3995 zelus,
958 3939 1064 3985 tam
1087 3932 1234 3988 leves
1255 3933 1420 3990 efficit
1445 3936 1575 3992 alas.
1605 3936 1754 3994 Sicut
1772 3940 1915 3995 enim

319 4031 549 4085 corpora
578 4017 902 4076 habentibus
946 4022 1159 4093 pinguia
1185 4033 1242 4080 et
1268 4025 1442 4082 valida
1473 4029 1676 4084 nullum
1698 4031 1802 4086 erit
1826 4047 1918 4085 va-

320 4107 578 4163 letudinis
616 4111 1072 4180 emolumentum,
1105 4114 1150 4168 si
1198 4117 1410 4172 animus
1453 4117 1692 4189 dejectus
1734 4122 1912 4187 fuerit,

319 4200 509 4270 segnis
535 4209 590 4256 et
614 4201 795 4258 tardus
824 4221 837 4256 :
870 4206 950 4259 sic
976 4214 1032 4260 et
1057 4205 1322 4264 confectis
1353 4211 1560 4266 nullum
1589 4214 1692 4268 erit
1717 4230 1781 4269 ex
1812 4216 1914 4269 im-

327 4291 622 4348 becillitate
651 4305 1056 4360 nocumentum,
1088 4299 1131 4353 si
1176 4299 1388 4356 animus
1412 4318 1701 4374 generosus
1734 4314 1789 4360 et
1823 4321 1917 4361 ex-

319 4382 662 4452 pergefaetus
710 4385 886 4443 fuerit.
943 4387 1168 4444 Videtur
1210 4400 1391 4447 autem
1431 4394 1747 4463 quibusdam
1801 4397 1916 4453 haec

317 4473 627 4529 admonitio
681 4485 735 4530 et
775 4478 1058 4534 consilium
1105 4480 1369 4537 liberioris
1419 4485 1526 4538 vini
1572 4497 1729 4555 potus
1768 4499 1916 4556 pote-

314 4576 523 4623 statem
569 4568 845 4641 indulgere
878 4591 890 4626 :
931 4582 988 4626 at
1033 4588 1139 4628 non
1178 4575 1250 4629 ita
1293 4585 1396 4632 est.
1437 4576 1544 4632 Sed
1582 4579 1629 4633 si
1676 4581 1794 4649 quis
1833 4581 1915 4636 di-

317 4663 561 4716 ctionem
584 4661 721 4716 hanc
747 4663 1032 4734 diligenter
1058 4667 1406 4736 exquirat,de
1430 4669 1719 4726 sobrietate
1745 4675 1915 4743 magis

319 4761 408 4806 est
432 4751 746 4808 admonitio.
777 4753 961 4825 Cogita
988 4757 1130 4812 enim
1157 4759 1425 4827 quomodo
1455 4775 1561 4833 non
1593 4777 1624 4816 a
1656 4764 1914 4834 principio

325 4858 508 4913 neque
531 4844 599 4899 ab
619 4846 859 4901 exordiis
886 4846 989 4904 hoc
1014 4849 1297 4904 consilium
1331 4850 1526 4906 Paulus
1544 4852 1786 4922 dederit,
1814 4856 1910 4911 sed

319 4944 608 5004 postquam
638 4937 770 4992 vidit
805 4953 1019 4993 omnem
1043 4940 1294 4996 virtutem
1319 4941 1605 5009 dejectam,
1636 4952 1764 5000 tunc
1783 4961 1912 5001 eon-

315 5026 528 5080 suluit:
572 5042 746 5096 neque
777 5027 878 5081 hoc
922 5029 1258 5100 simpliciter,
1285 5032 1380 5086 sed
1407 5047 1528 5088 cum
1558 5036 1911 5103 prmlinitione

315 5117 593 5173 quadam:
622 5134 729 5173 non
750 5121 894 5175 enim
922 5121 1236 5192 simpliciter
1254 5123 1410 5188 dixit,
1440 5125 1577 5180 Vino
1601 5137 1768 5193 utere,
1793 5129 1910 5192 sed,

329 5206 464 5261 Vino
486 5211 686 5265 modico
709 5225 729 5264 :
753 5226 861 5266 non
883 5213 1024 5282 quod
1065 5213 1165 5268 hac
1205 5214 1570 5271 admonitione
1607 5227 1662 5273 et
1687 5219 1910 5275 consilio

320 5301 647 5358 Timotheus
673 5315 878 5376 egeret,
909 5305 1004 5361 sed
1031 5306 1171 5376 quod
1203 5321 1300 5361 nos
1325 5307 1677 5379 indigeamus.
1710 5310 1911 5368 Idcirco

316 5395 388 5448 ad
438 5395 586 5449 illum
607 5397 876 5464 scribens,
925 5397 1081 5453 nobis
1117 5398 1337 5455 bibendi
1374 5401 1485 5456 vini
1515 5417 1820 5459 mensuram
1853 5415 1908 5460 et

323 5487 590 5544 terminos
616 5491 830 5555 statuit;
855 5501 1061 5546 tantum
1090 5491 1274 5547 bibere
1295 5492 1510 5562 jubens,
1533 5505 1787 5564 quantum
1818 5512 1909 5551 va-

322 5577 623 5636 letudinem
655 5582 893 5652 adjuvet,
924 5593 1184 5653 quantum
1219 5583 1429 5653 corpori
1464 5586 1744 5642 sanitatem
1775 5603 1911 5657 prae-

308 5717 460 5827 ML“
444 5718 640 5775 Quidam
664 5733 676 5770 :
703 5719 1073 5784 Appreliendens
1084 5719 1247 5774 munia
1269 5718 1477 5786 faciliter
1494 5725 1540 5773 et
1563 5721 1782 5773 celeriter
1804 5737 1911 5775 suc-

463 5792 535 5826 us.

463 5792 535 5826 ηδ.

2043 463 2186 528 beat,
2217 475 2270 520 et
2303 483 2408 521 non
2451 469 2678 526 alterum
2711 473 2957 528 morbum
2991 492 3002 527 :
3038 490 3142 530 non
3175 479 3450 544 pauciores
3479 481 3622 534 enim

2043 571 2199 625 quam
2232 559 2614 619 immoderatus
2641 580 2792 634 aqua:
2824 576 3000 636 potus,
3033 568 3128 622 sed
3169 571 3337 624 multo
3365 571 3542 641 plures
3571 587 3627 628 et

2043 647 2376 707 difficiliores
2402 656 2564 710 animi
2593 667 2647 710 et
2677 661 2920 729 corporis
2952 662 3168 716 morbos
3208 663 3487 720 immodica
3517 667 3625 721 \‘iui

2041 742 2180 808 parit
2226 745 2449 813 potatio,
2494 749 2799 815 passionum
2842 750 3074 817 bellum,
3099 753 3448 810 absurdarum
3477 759 3623 828 cogi-

2041 836 2302 891 tationum
2333 842 2617 908 procellam
2648 845 2700 897 in
2723 856 2957 900 mentem
2989 847 3270 915 inducens,
3305 860 3358 904 et
3384 853 3626 920 corporis

2041 928 2145 980 vim
2197 931 2494 987 molliorem
2531 945 2584 989 et
2620 937 2988 994 solubiliorem
3030 941 3290 997 efficiens.
3331 943 3447 998 Non
3484 947 3624 999 enim

2039 1017 2113 1072 ita
2157 1030 2320 1077 terra:
2363 1035 2550 1080 natura
2597 1039 2784 1084 vexata
2826 1047 3084 1100 aquarum
3141 1036 3626 1103 superabundantia

2039 1113 2292 1168 continue
2331 1116 2673 1187 dissolvitur,
2728 1131 2788 1176 ut
2835 1126 3078 1192 corporis
3134 1125 3215 1178 vis
3256 1126 3523 1182 mollescit
3572 1137 3626 1181 et

2039 1203 2232 1258 difﬂuit
2255 1216 2309 1260 et
2337 1208 2652 1277 dissipatur,
2691 1210 2799 1265 viui
2831 1223 2956 1282 potu
2986 1215 3241 1270 continuo
3285 1217 3623 1286 ingurgitata.

2037 1297 2323 1368 Fugiamus
2369 1301 2526 1368 ig;tur
2554 1304 2799 1373 utrinque
2828 1309 3290 1375 intemperantiam
3317 1310 3332 1339 ί
3363 1320 3472 1363 tum
3501 1325 3626 1364 cor-

2038 1392 2181 1459 poris
2209 1392 2573 1465 valetudinem
2608 1397 2878 1461 curando,
2923 1408 3030 1451 tum
3059 1398 3223 1467 ipsius
3265 1400 3512 1456 lascivias
3539 1416 3625 1456 re.

2035 1481 2280 1535 cideudo.
2318 1483 2510 1537 Vinum
2548 1486 2691 1538 enim
2731 1504 2758 1538 a
2793 1488 2900 1542 Deo
2931 1487 3112 1542 datum
3141 1498 3244 1550 est,
3292 1507 3397 1544 nou
3426 1499 3486 1544 ut
3513 1493 3620 1544 ine.-

2039 1570 2296 1637 bricmur,
2327 1574 2420 1626 sed
2450 1584 2506 1627 ut
2530 1575 2693 1629 sobrii
2718 1576 2921 1630 simus:
2956 1587 3014 1632 ut
3045 1578 3397 1646 delectemur,
3428 1595 3533 1634 neu
3569 1591 3625 1635 ut

2035 1661 2330 1717 doleamus.
2393 1664 2576 1718 Vinum
2617 1667 2759 1721 enim
2808 1669 3052 1735 lwtiﬁcat,
3091 1669 3258 1739 inquit
3301 1671 3500 1736 David,
3536 1687 3624 1724 cor

2035 1757 2251 1810 hominis
2273 1757 2445 1826 (Psal.
2479 1759 2601 1813 105.
2636 1761 2725 1829 15)
2753 1777 2766 1812 :
2803 1770 2854 1813 tu
2890 1777 3016 1815 vero
3047 1762 3218 1830 ipsum
3249 1763 3480 1817 tristitia:
3510 1779 3622 1816 ma-

2035 1848 2219 1902 teriam
2236 1848 2384 1903 facis.
2413 1851 2619 1905 Etenim
2645 1854 2822 1906 animo
2840 1871 2928 1922 gra
2941 1865 3063 1908 vato
3085 1863 3210 1908 sunt
3225 1869 3384 1922 supra
3402 1855 3621 1910 modum

2031 1942 2195 2005 ebrii,
2225 1944 2460 1997 tenebris
2491 1946 2672 2000 multis
2704 1946 2869 2001 menti
2895 1946 3100 2000 offusis.
3135 1947 3392 2003 Medicina
3423 1949 3621 2017 Optima

2033 2041 2136 2093 est,
2166 2033 2376 2100 quando
2414 2037 2988 2091 commensurationem
3021 2037 3179 2092 habet
3222 2037 3500 2108 optimam.
3529 2039 3625 2092 llic

2032 2122 2182 2177 locus
2221 2134 2275 2178 et
2312 2137 2496 2180 contra
2543 2127 2824 2183 hmreticos
2871 2130 3012 2184 utilis
3047 2140 3148 2194 est,
3191 2131 3283 2186 Dei
3324 2140 3619 2186 creaturam

2031 2225 2342 2268 accusantes
2371 2233 2385 2269 :
2417 2215 2460 2269 si
2489 2217 2630 2270 enim
2656 2217 2724 2272 de
2749 2219 2926 2273 vetitis
2951 2230 3128 2284 esset,
3161 2236 3266 2274 non
3294 2221 3622 2290 pcrrrrisi~Set

2031 2304 2246 2371 Paulus,
2279 2320 2384 2359 non
2412 2306 2536 2360 vino
2557 2307 2810 2362 utendum
2837 2309 3078 2363 dixisset.
3106 2309 3219 2364 Non
3245 2312 3416 2364 solum
3443 2323 3618 2365 autem

2029 2407 2214 2449 contra
2259 2397 2571 2463 haereticos,
2599 2398 2694 2454 sed
2737 2408 2790 2453 et
2829 2410 3014 2454 contra
3055 2401 3277 2456 fratrum
3307 2410 3616 2456 nostrorum

2030 2490 2400 2562 simpliciores,
2431 2494 2520 2563 qui
2549 2504 2829 2563 postquam
2870 2495 3076 2564 aliquos
3107 2511 3218 2564 pra:
3261 2496 3522 2550 ebrietate
3562 2509 3616 2549 sp

2029 2583 2378 2652 deturpantcs
2419 2585 2679 2649 viderint,
2722 2585 2842 2640 illos
2887 2587 3190 2653 vituperare
3245 2587 3551 2640 omittentes
3575 2587 3616 2650 ³,

2030 2672 2260 2728 fructum
2291 2689 2320 2727 a
2354 2675 2462 2730 Deo
2486 2675 2664 2730 datum
2687 2675 3101 2738 calumniantur.
3127 2675 3387 2741 dicentes,
3410 2675 3523 2730 Non
3551 2677 3626 2731 sit

2031 2767 2235 2822 vinum.
2263 2767 2398 2836 lpsis
2420 2769 2595 2837 itaque
2622 2768 2886 2835 dicamus,
2916 2768 3028 2821 Non
3056 2769 3125 2822 sit
3149 2769 3396 2822 ebrietas.
3427 2767 3616 2820 Vinum

2029 2860 2170 2913 enim
2197 2860 2310 2926 Dei,
2342 2861 2573 2914 ebrietas
2597 2859 2792 2914 diaboli
2820 2875 2953 2929 opus
2974 2868 3086 2924 est;
3109 2875 3215 2913 non
3238 2859 3415 2913 vinum
3438 2859 3621 2913 ebrie-

2031 2960 2192 3005 tatem
2234 2951 2394 3016 facit,
2423 2952 2517 3006 sed
2561 2953 2968 3021 intemperantia
2999 2951 3311 3004 ebrietatem
3351 2947 3476 3004 facit
3509 2966 3522 3002 :
3550 2963 3619 3002 ne

2027 3043 2122 3099 Dei
2152 3055 2452 3098 creaturam
2479 3059 2720 3110 accuses,
2740 3045 2833 3099 sed
2860 3043 3106 3097 conservi
3137 3042 3397 3096 insaniam
3424 3054 3608 3110 argue.

2027 3135 2106 3190 Tu
2129 3151 2259 3190 vero
2285 3143 2590 3205 peccantem
2625 3136 2813 3205 punire
2833 3142 2888 3188 et
2912 3135 3183 3204 corrigere
3207 3132 3484 3196 omitteus,
3512 3131 3612 3186 be-

2026 3227 2350 3283 nefactorem
2377 3228 2550 3282 afficis'
2575 3228 2939 3283 contumelia?

2097 3322 2150 3376 5.
2186 3321 2302 3374 Vini
2339 3321 2626 3375 moderatus
2664 3337 2786 3374 usus
2831 3321 3152 3389 permittitur.
3178 3348 3250 3360 —
3275 3317 3409 3372 Cum
3457 3315 3615 3385 igitur

2027 3412 2284 3480 quosdam
2328 3411 2446 3466 haec
2481 3412 2721 3466 dicentes
2749 3411 3105 3475 audierimus,
3138 3411 3510 3464 obmutescere
3537 3405 3616 3461 fa-

2024 3505 2228 3558 ciamus
2252 3520 2264 3555 :
2299 3517 2404 3556 non
2432 3509 2571 3557 enim
2605 3517 2754 3569 usus,
2777 3503 2872 3556 sed
2904 3501 3273 3556 immoderatio
3302 3501 3610 3554 ebrietatem

2025 3594 2146 3646 facit
2167 3610 2180 3645 :
2200 3593 2535 3658 ebrietatem,
2556 3594 2792 3662 inquam,
2816 3594 3076 3647 malorum
3098 3593 3332 3646 omnium
3353 3591 3604 3645 radicem.

2025 3681 2216 3736 Vinum
2244 3682 2429 3736 datum
2457 3692 2560 3747 est,
2601 3694 2659 3736 ut
2704 3682 3008 3753 languidum
3050 3697 3246 3750 corpus
3287 3682 3474 3748 erigat,
3503 3693 3611 3732 non

2023 3780 2082 3825 ut
2107 3773 2300 3826 anima:
2342 3773 2506 3827 robur
2542 3775 2843 3842 Opprimat:
2877 3781 2934 3826 ut
2971 3771 3148 3826 carnis
3189 3769 3606 3824 imbecillitatem

2024 3865 2192 3928 tollat,
2221 3879 2327 3919 non
2355 3873 2413 3919 ut
2439 3866 2603 3920 animi
2619 3865 2900 3920 sanitatem
2923 3863 3258 3919 exterminet.
3281 3860 3398 3915 Noli
3430 3860 3607 3930 igitur.

2021 3957 2372 4013 immoderate
2395 3958 2486 4013 Dei
2509 3972 2728 4012 munere
2748 3965 2924 4021 utens,
2957 3956 3130 4010 stultis
3156 3963 3210 4010 et
3228 3952 3610 4024 imprudentiu-

2021 4047 2172 4103 ribus
2193 4047 2498 4103 hominibus
2515 4048 2822 4103 occasiones
2836 4047 3097 4118 prmhere.
3117 4045 3252 4114 Quid
3273 4046 3414 4101 enim
3435 4044 3610 4100 ebrie-

2026 4147 2135 4193 tate
2177 4139 2576 4195 miserabilius?
2614 4147 2860 4194 mortuus
2902 4147 2987 4194 est
3027 4139 3322 4204 animatus,
3369 4137 3551 4192 ebrius
3591 4155 3605 4192 :

2019 4231 2232 4286 daamon
2257 4241 2342 4288 est
2367 4232 2701 4286 voluntarius
2731 4249 2746 4285 :
2774 4231 2994 4286 morbus
3013 4230 3224 4286 veniam
3251 4246 3357 4284 non
3385 4229 3607 4293 habens,

2023 4325 2177 4377 ruina
2224 4323 2566 4378 excusatione
2605 4337 2816 4385 carens,
2859 4337 3142 4378 commune
3184 4322 3400 4391 generis
3439 4321 3606 4376 nostri

2027 4413 2390 4482 opprobrium.
2422 4412 2540 4467 Non
2570 4413 2712 4468 enim
2740 4412 2795 4467 in
2824 4412 3170 4468 conventibus
3191 4420 3392 4467 tantum
3409 4411 3609 4466 inutilis

2021 4505 2220 4568 ebrius,
2248 4513 2338 4558 aut
2363 4504 2418 4558 in
2447 4505 2674 4574 privatis
2699 4513 2756 4560 et
2782 4505 3004 4574 publicis
3042 4503 3301 4574 negotiis,
3328 4501 3423 4557 sed
3448 4503 3606 4557 etiam

2019 4595 2135 4650 solo
2177 4605 2260 4650 est
2299 4605 2520 4666 aspectu
2558 4597 2796 4651 omnium
2835 4595 3202 4665 gravissimus,
3250 4593 3472 4650 fartores
3512 4609 3604 4649 ex-

2020 4687 2205 4742 halans
2248 4689 2594 4744 teterrimos:
2640 4689 2998 4744 eructationes
3042 4696 3099 4744 et
3139 4688 3504 4753 oscitationes,
3554 4697 3607 4740 ct

2021 4796 2184 4836 voces
2211 4781 2482 4836 ebriorum
2504 4782 2752 4837 insuaves
2777 4791 2936 4851 atque
2963 4781 3202 4836 molesta:
3227 4794 3340 4845 eos,
3368 4779 3457 4849 qui
3481 4792 3604 4848 spe-

2019 4879 2164 4925 ctant
2191 4879 2246 4925 et
2277 4871 2436 4927 simul
2463 4881 2609 4938 sunt,
2645 4881 2884 4927 extrema
2913 4870 3312 4926 abominatione
3341 4868 3600 4938 implent:

2016 4971 2073 5015 et
2095 4961 2238 5032 quod
2271 4962 2532 5016 malorum
2561 4970 2839 5034 caputest,
2871 4962 3059 5016 coelum
3087 4961 3252 5017 ebriis
3272 4961 3603 5015 inaccessum

2018 5052 2105 5107 hic
2151 5053 2371 5108 morbus
2413 5053 2611 5120 efficit,
2663 5069 2762 5110 nec
2806 5062 3007 5109 aeterna
3049 5053 3186 5106 bona
3227 5051 3436 5120 assequi
3479 5064 3604 5120 per-

2019 5145 2200 5207 mittit,
2229 5144 2321 5200 sed
2347 5155 2547 5216 przeter
2571 5147 2691 5202 vita:
2715 5145 2872 5214 hujus
2899 5144 3266 5213 opprobrium,
3289 5151 3345 5198 et
3369 5142 3481 5196 illic
3511 5143 3604 5196 tali

2018 5235 2210 5291 morbo
2261 5236 2566 5291 laborantes
2620 5251 2774 5306 poena
2824 5243 3004 5289 manet
3053 5233 3406 5289 intoleranda.
3459 5233 3606 5288 Hanc

2018 5328 2178 5398 igitur
2195 5329 2491 5398 improbam
2515 5328 2949 5384 consuetudinem
2968 5326 3291 5396 recidamus,
3308 5337 3362 5383 et
3383 5327 3601 5382 Paulum

2017 5419 2295 5476 audiamus
2321 5421 2609 5486 dicentem,
2649 5418 2776 5473 Vino
2820 5421 3019 5472 modico
3063 5428 3241 5474 utere:
3282 5421 3453 5488 ipsum
3483 5429 3598 5474 ete-

2019 5514 2128 5567 nim
2171 5512 2437 5566 modicum
2485 5520 2698 5582 propter
2743 5511 3110 5566 infirmitatem
3148 5511 3422 5582 permisit:
3453 5513 3594 5579 quod

2083 5603 2100 5634 ι
2133 5601 2329 5672 quidam
2354 5616 2367 5651 :
2395 5601 2648 5667 mgiamus
2679 5599 2844 5662 igitur,
2869 5600 3082 5662 obsecro,
3114 5606 3311 5666 peccata
3354 5597 3600 5662 utrinque,

2019 5662 2680 5788 Chg’gjid’aihilgaituperm‘e
2703 5730 2758 5788 et
2799 5723 3180 5788 animadvertere
3210 5737 3287 5774 ros
3321 5720 3600 5776 undarum.

2020 5785 2306 5848 minimeque
2327 5801 2469 5851 super
2492 5785 2614 5846 ipsos
2630 5785 2826 5838 doh'udt
2847 5799 3094 5838 memores.
