4074 6218
419 358 492 412 23
1144 343 1203 399 S.
1242 342 1517 399 JOANNIS
1554 339 2022 398 CIIRYSOSTUMI
2062 337 2375 394 ARCIIIEP.
2416 338 2940 397 CONSTANTINOP.
3609 346 3680 400 2.;

420 463 518 517 nisi
554 458 891 514 imbecillitas
920 466 1181 522 vcxasset,
1221 472 1393 526 neque
1420 455 1685 510 modicum
1714 454 1995 507 admittere

420 554 734 624 discipulutn
781 553 1061 621 coegisset.
1120 551 1341 620 Oportet
1387 550 1527 603 enim
1574 548 1725 602 nobis
1775 546 1995 599 traditos

418 648 567 701 cibos
604 657 660 700 et
693 656 848 715 potus
891 644 1217 715 temporibus
1255 653 1308 696 et
1345 642 1748 696 necessitatibus
1787 655 1998 709 semper

420 738 617 801 metiri,
659 747 712 792 et
756 737 1053 791 nullatenus
1098 734 1464 788 necessitatem
1500 731 1779 793 excedere,
1826 745 1996 797 neque

421 829 786 899 imprudenter
812 838 865 883 et
885 836 1084 882 temere
1105 826 1229 891 quid
1258 824 1429 895 facere
1456 832 1684 892 Oportet.
1716 820 1820 875 Sed
1849 832 1996 890 post-

420 936 579 992 quam
610 920 755 974 Pauli
787 935 967 975 curam
1012 928 1068 973 et
1104 917 1368 972 Timothei
1396 917 1643 969 virtutem
1682 914 1997 981 didicimus,

423 1013 504 1066 eia
533 1011 784 1080 deinceps
814 1010 879 1065 ad
911 1011 1076 1079 ipsam
1114 1010 1462 1078 quaastionum
1493 1011 1811 1060 sotutionem
1839 1005 2003 1059 duca-

424 1111 511 1155 tur
538 1103 728 1156 oratio.
758 1103 1010 1168 Quaanam
1057 1102 1215 1170 igitur
1250 1097 1601 1168 quaeruntur?
1630 1097 1822 1151 Iterum
1859 1096 2000 1151 enim

424 1192 604 1247 dicere
632 1192 987 1246 necessarium
1019 1200 1119 1254 est,
1146 1201 1202 1244 ut
1229 1190 1424 1243 solutio
1446 1187 1773 1242 manifestior
1796 1185 2003 1240 efﬁcia-

426 1290 528 1337 tur.
562 1281 675 1348 Qua
702 1282 769 1335 de
807 1296 965 1335 causa
1002 1290 1243 1334 sanctum
1284 1281 1462 1343 talem,
1511 1288 1654 1331 tanta
1689 1286 1999 1331 tractantem

425 1374 656 1443 negotia,
682 1373 734 1425 in
762 1371 1001 1424 morbum
1033 1371 1171 1424 Deus
1201 1369 1435 1423 incidere
1466 1369 1727 1437 permisit,
1754 1376 1809 1423 et
1834 1383 2004 1436 neque

426 1462 558 1531 ipse,
585 1476 756 1530 neque
779 1469 1072 1531 praeceptor
1091 1460 1454 1529 aegritudinem
1482 1474 1671 1513 curare
1701 1467 2003 1528 potuerunt,

425 1553 518 1607 sed
549 1552 762 1607 bibendi
791 1553 898 1607 vini
939 1553 1135 1606 auxilio
1159 1567 1292 1621 opus
1331 1550 1665 1606 habuerunt?
1691 1550 1758 1604 Et
1784 1551 2003 1621 quaesita

426 1644 640 1711 quidem
668 1643 784 1699 hmc
808 1651 962 1698 erant
984 1660 997 1695 :
1024 1652 1236 1713 oportet
1255 1652 1431 1697 autem
1460 1643 1625 1711 ipsam
1653 1642 1846 1697 inferre
1865 1642 2005 1695 solu-

426 1734 656 1797 tionem,
686 1744 745 1788 ut
771 1750 877 1788 non
919 1743 1122 1787 tantum
1162 1735 1206 1788 si
1236 1734 1325 1803 qui
1359 1733 1409 1786 in
1439 1733 1681 1787 morbum
1714 1743 1764 1787 et
1794 1733 2007 1802 a‘gritu-

426 1827 608 1880 dinem
636 1827 817 1893 talem,
851 1826 943 1881 sed
972 1836 1027 1881 et
1050 1828 1367 1896 quicumque
1396 1827 1447 1880 in
1478 1827 1777 1895 pauperiem
1809 1826 2008 1880 incide-

428 1918 537 1971 rint
561 1926 617 1971 et
638 1918 852 1981 famem,
876 1925 930 1972 et
956 1917 1182 1980 vincula,
1207 1928 1262 1971 et
1283 1927 1566 1981 tormenta,
1588 1926 1641 1971 et
1665 1917 2003 1977 teutationes,

425 2017 482 2063 ct
506 2009 821 2073 calumnias,
863 2019 1161 2076 casteraque
1190 2010 1464 2078 praasentis
1492 2009 1611 2062 vita:
1651 2009 2005 2075 incounnoda,

428 2100 597 2152 sancti
644 2100 800 2153 etiam
846 2098 1020 2169 magni
1060 2110 1115 2154 et
1163 2100 1502 2155 admirabiles
1548 2099 1684 2164 viri,
1734 2114 1801 2155 ex
1849 2101 2008 2154 rebus

429 2191 588 2246 hodie
630 2192 869 2246 dicendis
912 2192 1153 2247 idoneam
1184 2202 1239 2247 et
1277 2192 1760 2247 manifestissimam
1812 2192 1864 2246 in
1904 2193 2009 2247 illis

428 2298 639 2353 quoque
680 2282 1043 2339 defensionem
1087 2293 1270 2339 contra
1325 2299 1576 2339 accusare
1633 2284 1870 2339 volentes
1925 2284 2008 2338 in-

428 2374 610 2428 veuire
638 2376 862 2445 possint.
894 2375 1086 2430 Multos
1128 2376 1268 2431 enim
1309 2376 1586 2431 audivistis
1621 2378 1742 2431 talia
1769 2392 2011 2446 qureren-

430 2475 510 2519 tes
543 2464 720 2532 :Quid
750 2466 961 2520 tandem
994 2467 1083 2520 ille
1113 2466 1386 2522 modestus
1427 2477 1479 2522 et
1505 2478 1812 2524 mansuetus
1849 2468 2011 2523 homo

428 2554 497 2608 ab
519 2555 623 2608 alio
650 2557 879 2625 quodam
903 2557 1065 2626 impio
1091 2566 1146 2611 et
1172 2558 1411 2627 improbo
1431 2573 1529 2628 per
1556 2559 1790 2628 singulos
1818 2559 1932 2614 dies
1957 2560 2009 2613 in

425 2644 683 2714 judicium
709 2647 965 2711 trahitur,
994 2656 1050 2701 et
1075 2647 1381 2702 innumeras
1412 2651 1610 2717 patitur
1636 2650 1925 2715 molestias,
1959 2659 2013 2705 et

435 2734 574 2787 Deus
606 2736 898 2804 permittit?
926 2752 1088 2806 quare
1125 2738 1259 2791 alter
1297 2746 1595 2804 accusatus,
1638 2739 1831 2807 injuste
1864 2755 2011 2794 mor-

434 2836 555 2881 tuus
585 2828 699 2881 est?
737 2828 831 2882 Ille
868 2829 1178 2884 submersus
1224 2840 1327 2896 est,
1365 2832 1563 2901 inquit,
1594 2832 1730 2887 alius
1775 2835 2013 2904 praecipi-

434 2926 576 2972 tatus
604 2937 618 2973 :
646 2929 701 2973 et
729 2922 922 2976 multos
952 2937 1227 2990 possemus
1250 2922 1457 2977 referre
1484 2933 1698 2978 sanctos
1726 2936 1781 2979 et
1814 2929 2012 2981 nostris

436 3019 492 3066 et
521 3012 779 3082 majorum
826 3026 1130 3071 nostrorum
1170 3016 1518 3086 temporibus,
1549 3020 1638 3089 qui
1667 3020 1860 3075 multas
1895 3035 2013 3074 sus-

434 3105 707 3159 tinuerunt
768 3107 1173 3176 tribulationes,
1226 3108 1534 3165 differentes
1590 3121 1646 3166 et
1700 3112 1892 3166 varias.
1943 3111 2015 3168 Ut

434 3192 592 3261 igitur
621 3193 808 3249 horum
846 3198 1081 3251 omnium
1118 3199 1379 3254 rationem
1417 3200 1724 3265 videamus,
1756 3209 1810 3257 et
1841 3216 2013 3270 neque

435 3283 534 3352 ipsi
565 3286 936 3353 perturbemur
955 3329 970 3352 ,
1000 3304 1171 3358 neque
1199 3289 1333 3345 alios
1358 3291 1745 3347 scandalizatos
1780 3292 2013 3363 negliga-

436 3391 575 3440 mus,
605 3392 746 3432 nunc
764 3378 1004 3434 dicendis
1031 3380 1435 3450 diligentissime
1464 3384 1819 3439 attendamus.

504 3467 556 3522 6.
581 3467 761 3524 Causa:
796 3475 949 3525 varia
976 3489 1067 3526 cur
1092 3471 1231 3527 Deus
1253 3484 1452 3529 sanctos
1481 3474 1617 3528 mala
1644 3478 1835 3547 perpeti
1856 3479 2009 3533 sinat.

434 3558 679 3613 —-Varite
722 3561 863 3615 enim
908 3572 962 3617 et
1001 3564 1321 3619 omnimodas
1364 3576 1669 3620 sanctorum
1714 3567 2013 3624 afllictionis

431 3663 620 3704 causas
655 3666 876 3707 numero
892 3658 1019 3707 octo
1038 3650 1282 3711 charitati
1319 3667 1510 3712 vestrae
1548 3658 1728 3714 dicere
1772 3675 2007 3729 possum.

435 3740 636 3797 Idcirco
662 3758 848 3801 omnes
871 3760 990 3800 cum
1015 3747 1284 3819 diligentia
1304 3749 1539 3805 animum
1559 3750 1826 3817 adhibete,
1841 3754 2014 3807 scien-

432 3844 515 3891 tes
534 3837 674 3905 quod
702 3838 844 3892 nulla
869 3839 1119 3910 deinceps
1149 3842 1300 3896 nobis
1324 3844 1477 3897 venia
1500 3854 1554 3899 et
1576 3846 1848 3899 excusatio
1872 3846 2015 3901 dabi-

432 3936 539 3993 tur,
554 3927 597 3980 si
613 3927 679 3981 de
691 3930 1114 3998 contingentibus
1129 3931 1568 3997 scandalizemur,
1582 3936 1774 4003 quippe
1790 3936 2011 4005 quicum

431 4016 540 4070 sint
567 4024 673 4070 tam
694 4018 873 4073 multa:
893 4020 1143 4087 rationes,
1168 4030 1433 4091 tamquam
1456 4024 1599 4077 nulla
1617 4026 1705 4091 sit,
1730 4026 1798 4079 ita
1819 4028 2013 4081 tumul-

435 4116 644 4162 tuemur
661 4116 717 4163 et
730 4110 1119 4179 perturbemur.
1140 4111 1317 4181 Itaque
1341 4114 1511 4182 prima
1530 4115 1741 4184 quidem
1766 4128 1846 4171 est
1867 4118 2010 4188 quod

435 4215 501 4253 ne
513 4198 664 4256 facile
676 4202 727 4256 in
743 4204 1096 4272 arrogantiam
1116 4213 1332 4274 propter
1345 4206 1653 4261 meritorum
1670 4217 1725 4262 et
1739 4208 2014 4264 miraculo:

434 4309 552 4347 rum
585 4296 996 4365 magnitudinem
1028 4298 1299 4364 tollantur,
1328 4300 1471 4369 ipsos
1502 4300 1639 4355 Deus
1665 4301 1805 4355 sinat
1827 4300 2007 4371 afﬂigi.

433 4385 697 4452 Secunda,
725 4402 793 4441 ne
820 4389 998 4442 czeteri
1027 4390 1283 4459 majorem
1314 4390 1543 4445 habeant
1567 4392 1635 4447 de
1655 4392 1782 4462 ipsis
1807 4393 2013 4463 opinio-

436 4492 576 4542 nem,
605 4493 763 4548 quam
794 4480 1021 4535 humana
1048 4483 1245 4551 patitur
1269 4492 1477 4549 natura,
1496 4485 1707 4554 etipsos
1726 4485 1877 4551 deos,
1904 4502 2011 4541 non

432 4576 612 4622 autem
652 4568 893 4626 homines
927 4587 1046 4627 esse
1086 4574 1427 4629 arbitrentur.
1478 4576 1675 4642 Tertia,
1722 4586 1780 4632 ut
1819 4588 1873 4633 et
1917 4578 2012 4633 Dei

437 4658 606 4712 virtus
640 4669 894 4728 appareat
924 4676 1017 4730 per
1042 4672 1361 4732 aegrotantes
1390 4672 1447 4719 et
1469 4666 1817 4736 compeditos,
1849 4683 2013 4723 exsu-

438 4764 630 4820 perans
650 4752 951 4817 etvincens,
964 4768 1027 4807 ac
1041 4755 1699 4828 prredicationemaugens.
1718 4760 1937 4827 Quarta,
1954 4771 2013 4816 ut

437 4843 670 4911 ipsorum
698 4843 947 4912 patientia
976 4844 1303 4900 manifestior
1332 4846 1441 4911 ﬁat,
1461 4863 1564 4902 non
1586 4861 1800 4920 propter
1818 4868 2014 4908 merce-

433 4936 556 4988 dem
569 4933 842 4989 hominum
864 4934 971 4989 Deo
986 4936 1451 5004 servientium,sed
1469 4948 1522 4993 et
1538 4947 1734 4995 tantam
1759 4942 2014 4998 exhiben-

436 5023 565 5077 tium
593 5024 989 5093 gratitudinem,
1009 5034 1065 5079 ut
1085 5033 1138 5080 et
1162 5034 1281 5094 post
1303 5035 1379 5081 tot
1402 5029 1541 5082 mala
1557 5030 1761 5085 sincera
1777 5034 1825 5085 in
1842 5034 2011 5102 ipsum

438 5112 802 5171 benevolentia
842 5116 1168 5172 ostendatur.
1201 5116 1415 5185 Quinta,
1450 5128 1506 5174 ut
1525 5120 1593 5175 de
1625 5126 2013 5181 resurrectione

435 5204 765 5272 cogitemus:
786 5222 907 5261 cum
937 5208 1079 5263 enim
1104 5209 1274 5264 virum
1301 5210 1500 5279 justum
1526 5224 1579 5266 et
1604 5213 1766 5267 multa
1800 5216 2010 5284 plenum

442 5295 654 5361 virtute,
682 5296 956 5354 innumera
981 5317 1191 5372 passum
1211 5303 1368 5367 mala,
1392 5312 1448 5358 et
1473 5304 1551 5359 sic
1576 5304 1698 5359 hinc
1716 5305 2010 5375 digressum

440 5385 656 5452 videris,
684 5388 769 5441 vel
799 5388 992 5447 invitus
1019 5394 1086 5449 de
1110 5394 1287 5451 futuro
1314 5395 1384 5450 ibi
1406 5395 1606 5466 judicio
1631 5396 1831 5467 cogites
1856 5413 2012 5468 Opor-

441 5484 536 5531 tet.
580 5475 636 5532 Si
673 5477 815 5533 enim
843 5495 941 5549 pro
970 5496 1030 5537 se
1050 5484 1205 5543 homo
1236 5487 1534 5543 laborantes
1554 5486 1669 5542 sine
1696 5490 1931 5557 prazmiis
1960 5499 2014 5545 et

441 5568 787 5625 retributione
812 5571 959 5627 abire
1000 5589 1105 5629 non
1146 5579 1401 5645 permittit
1435 5577 1644 5633 :multo
1686 5580 1853 5647 magis
1895 5594 2008 5646 eos,

444 5664 531 5731 qui
551 5671 752 5717 tantum
779 5664 1171 5735 laboraverunt,
1190 5685 1474 5739 numquam
1500 5673 1837 5727 incoronatos
1851 5684 2022 5725 rema—

442 5767 569 5807 nere
588 5754 727 5810 Deus
755 5755 1024 5815 decernet.
1045 5757 1099 5815 Si
1122 5768 1297 5816 autem
1334 5764 1476 5835 ipsos
1508 5763 1747 5823 laborum
1788 5777 2004 5820 suorum

2104 449 2451 506 retributione
2467 450 2676 519 privare
2710 450 2864 516 nolit,
2888 450 3107 505 omnino
3140 464 3361 506 necesse
3392 459 3474 507 est
3504 456 3679 523 quod-

2102 542 2223 596 dam
2266 542 2407 596 aliud
2453 553 2661 611 tempus
2695 559 2815 597 esse
2849 552 2969 611 post
2997 546 3339 613 prementium
3372 546 3550 611 ﬁnem,
3577 563 3684 617 quo

2104 634 2379 703 praesentis
2398 634 2519 687 vita:
2540 634 2777 688 laborum
2799 634 3173 690 retributiones
3194 636 3470 701 recipiant.
3496 637 3679 701 Sexta,

2105 732 2164 777 ut
2188 739 2375 778 omnes
2394 724 2443 777 in
2466 739 2553 779 res
2576 724 2830 780 adversas
2851 724 3162 787 incidentes.
3188 726 3538 781 sufﬁcientem
3557 742 3687 781 con-

2106 815 2420 869 solationem
2443 826 2496 869 et
2517 817 2898 885 mitigationem
2988 816 3239 881 habeant,
3270 817 3323 871 in
3353 832 3447 872 eos
3470 820 3688 888 respici-

2106 914 2274 970 entes,
2307 906 2647 961 etmalorum
2676 923 2794 977 quae
2830 908 2958 976 ipSts
2996 908 3237 962 accidere
3275 926 3560 964 memores.
3592 912 3688 966 Se-

2107 997 2289 1064 ptima,
2310 1011 2375 1051 ne
2400 997 2609 1066 quando
2630 1000 2973 1052 exhortamur
2994 1012 3087 1051 vos
3104 998 3168 1051 ad
3186 998 3396 1052 illorum
3414 1001 3685 1067 virtutem,

2106 1095 2160 1140 et
2182 1087 2373 1156 cuique
2398 1088 2644 1153 dicimus,
2676 1087 2888 1143 Imitare
2914 1088 3133 1142 Paulum
3154 1131 3169 1155 ,
3203 1089 3411 1144 imitare
3445 1090 3682 1158 Petrum,

2108 1190 2323 1248 propter
2363 1189 2631 1249 gestorum
2670 1180 3048 1234 sublimitatem
3076 1181 3299 1235 alterius
3324 1183 3465 1251 ipsos
3483 1195 3687 1240 natum

2109 1270 2397 1340 participes
2420 1270 2582 1326 fuisse
2606 1273 3003 1342 cogitantes,ad
3032 1274 3377 1329 imitationem
3409 1277 3678 1344 torpeatis.

2107 1360 2324 1426 Octava,
2342 1362 2620 1432 utquando
2639 1362 2820 1417 beatos
2844 1364 2926 1418 vel
2950 1365 3174 1418 miseros
3195 1379 3414 1419 censere
3438 1376 3646 1435 Oportet
3662 1407 3677 1431 ,

2107 1451 2373 1507 discamus
2394 1468 2527 1523 quos
2540 1454 2743 1519 beatos,
2766 1470 2899 1525 quos
2918 1458 3144 1512 miseros
3167 1468 3220 1512 et
3236 1473 3566 1514 aerumnosos
3586 1475 3683 1529 pu-

2110 1553 2223 1599 tare
2240 1545 2548 1601 debeamus.
2571 1547 2728 1617 Igitur
2740 1548 2821 1601 ha!
2834 1549 3045 1618 quidem
3058 1558 3365 1605 suntcausa:
3385 1568 3397 1604 :
3416 1552 3508 1606 sed
3528 1568 3689 1622 opor-

2112 1646 2186 1691 tet
2208 1653 2298 1692 eas
2328 1654 2515 1693 omnes
2542 1654 2607 1693 ex
2629 1639 2916 1711 Scripturis
2942 1642 3263 1697 conﬁrmare
3286 1683 3301 1707 ,
3326 1652 3380 1698 et
3402 1643 3685 1714 diligenter

2110 1727 2477 1783 demonstrare
2495 1732 2672 1784 omnia
2695 1744 2852 1801 supra
2874 1732 3015 1787 dicta
3038 1748 3145 1787 non
3168 1733 3515 1788 humanarum
3537 1736 3685 1805 cogi-

2113 1820 2368 1873 tationum
2411 1820 2644 1886 inventa,
2674 1823 2767 1878 sed
2817 1823 3114 1879 divinarum
3152 1824 3540 1894 Scripturarum
3562 1842 3686 1881 sen-

2114 1912 2303 1964 tentias
2326 1926 2463 1965 esse.
2495 1913 2583 1967 Sic
2606 1913 2746 1967 enim
2770 1925 2825 1969 et
2844 1916 3014 1969 oratio
3037 1917 3137 1969 erit
3157 1916 3311 1970 nobis
3337 1916 3438 1971 ﬁde
3456 1917 3678 1986 dignior,

2112 2010 2166 2054 et
2205 2002 2393 2056 melius
2434 2004 2625 2058 animis
2673 2006 2866 2061 vestris
2908 2007 3175 2061 insidebit.
3222 2007 3374 2076 Quod
3419 2009 3679 2063 tribulatio

2111 2093 2323 2162 quidem
2367 2094 2605 2149 conferat
2646 2096 2749 2151 hoc
2784 2099 3004 2164 sanctis,
3032 2108 3088 2153 ut
3128 2100 3351 2154 modesti
3378 2100 3483 2154 siut
3509 2111 3562 2155 et
3583 2099 3681 2153 ltu-

2113 2184 2288 2251 miles,
2328 2201 2423 2240 nec
2465 2186 2715 2242 inﬂentur
2757 2204 2823 2244 ex
2860 2190 3024 2259 gestis
3068 2199 3122 2245 et
3162 2191 3347 2260 signis,
3393 2203 3447 2245 et
3472 2200 3688 2262 propter

2115 2278 2217 2333 hoc
2243 2280 2411 2347 ipsam
2433 2282 2649 2336 evenire
2678 2282 2818 2337 Deus
2847 2283 3136 2351 permittat,
3181 2285 3494 2353 prephetam
3527 2285 3691 2339 David

2112 2381 2168 2423 et
2209 2370 2429 2425 Paulum
2479 2372 2663 2427 eadem
2711 2373 2949 2428 dicentes
2998 2374 3290 2429 audiamus.
3340 2376 3432 2430 Ille
3476 2377 3689 2446 quidem

2113 2461 2243 2517 dicit
2272 2463 2505 2518 :Bonum
2552 2467 2695 2531 mihi,
2744 2466 2977 2533 Domine,
3022 2469 3140 2537 quia
3181 2469 3459 2521 Immiliasti
3502 2485 3600 2533 me,
3638 2480 3693 2522 ut

2116 2553 2309 2605 discam
2321 2556 2711 2625 justi/icatioues
2749 2566 2861 2610 tuas
2886 2555 3052 2627 (Psal.
3091 2558 3210 2611 118.
3237 2559 3330 2623 71)
3361 2576 3373 2611 :
3408 2557 3492 2612 hic
3513 2566 3689 2612 autem

2118 2644 2385 2712 praefatus,
2438 2646 2635 2717 Raptus
2677 2663 2788 2700 sum
2828 2649 2880 2701 in
2925 2649 3124 2701 tertium
3168 2650 3365 2713 cretum,
3392 2650 3517 2701 etin
3543 2666 3695 2719 para-

2116 2733 2281 2787 disum
2315 2736 2475 2790 elatus
2491 2753 2511 2802 ;
2526 2737 2824 2803 subintulit,
2845 2737 2910 2791 Et
2930 2755 2993 2791 ne
3008 2739 3364 2791 revelatiouum
3399 2740 3694 2811 magnitudo

2117 2825 2422 2880 extollatme
2446 2866 2463 2892 ,
2503 2826 2652 2880 datus
2696 2837 2767 2881 est
2798 2828 2920 2880 mihi
2968 2828 3201 2881 stimulus
3235 2830 3400 2882 carnis
3423 2870 3438 2892 ,
3484 2829 3694 2899 angelus

2120 2924 2329 2980 satam,
2354 2926 2407 2970 ut
2446 2933 2524 2969 me
2570 2919 2850 2987 colaphizet
2896 2919 2970 2990 (2.
2994 2918 3110 2974 Cor.
3168 2921 3254 2974 12.
3287 2920 3340 2973 2.
3369 2921 3423 2973 4.
3458 2921 3535 2986 7).
3560 2920 3692 2988 Quid

2119 3008 2220 3063 hoc
2253 3010 2518 3079 apertius?
2543 3010 2618 3064 Ne
2648 3012 2894 3078 extollar,
2942 3012 3128 3081 inquit.
3164 3022 3380 3081 propter
3424 3012 3525 3067 hoc
3570 3027 3691 3081 per-

2118 3100 2261 3153 misit
2292 3100 2428 3155 Deus
2456 3101 2674 3170 angelos
2714 3112 2915 3157 satana:
2959 3102 3297 3172 colaphizare
3329 3118 3432 3157 me.
3460 3103 3695 3173 Angelos

2118 3199 2293 3245 autem
2321 3200 2538 3255 satanas,
2566 3207 2671 3246 non
2691 3191 2962 3247 daemones
2990 3194 3194 3263 aliquos
3214 3194 3365 3258 dicit,
3396 3194 3489 3249 sed
3518 3194 3693 3248 horni-

2117 3296 2213 3335 nes
2236 3281 2450 3336 diabolo
2476 3283 2856 3348 ministrantes,
2882 3284 3121 3338 inﬁdeles
3150 3292 3423 3355 tyrannos,
3441 3285 3686 3354 gentiles,

2117 3377 2205 3441 qui
2245 3372 2455 3427 assidue
2484 3374 2582 3443 ipsi
2624 3374 2831 3429 molesti
2867 3385 3038 3440 erant,
3083 3375 3361 3445 ipsumque
3404 3376 3679 3431 vexabant.

2118 3465 2269 3532 Quod
2316 3475 2491 3520 autem
2532 3466 2661 3520 dicit
2704 3465 3005 3536 hujusmodi
3054 3477 3184 3522 est:
3218 3467 3451 3531 Poterat,
3502 3465 3686 3536 inquit,

2121 3557 2259 3611 Deus
2282 3558 2558 3613 continere
2580 3559 3017 3627 persequutiones
3044 3570 3100 3613 et
3125 3574 3389 3613 aerumnas
3416 3558 3689 3622 assiduas;

2118 3647 2211 3701 sed
2240 3648 2489 3717 quoniam
2521 3648 2572 3701 in
2600 3649 2814 3703 tertium
2842 3657 3024 3718 raptus
3053 3648 3125 3702 fui
3150 3650 3358 3711 caelum,
3388 3659 3443 3704 et
3470 3650 3520 3703 in
3552 3663 3697 3718 para-

2117 3737 2290 3792 disum
2316 3737 2543 3801 delatus,
2568 3754 2635 3793 ue
2678 3738 2867 3793 harum
2908 3740 3271 3808 magnitudine
3313 3743 3690 3796 revelationum

2116 3830 2339 3883 extollar
2367 3839 2421 3884 et
2444 3830 2605 3884 altum
2630 3831 2851 3899 sapiam,
2872 3834 3560 3903 permisitpersequutioues
3576 3834 3686 3897 has,

2115 3928 2168 3974 et
2192 3920 2380 3989 angelo
2405 3930 2604 3975 satante
2642 3937 2740 3993 per
2782 3926 3221 3993 pt-rsequutiones
3250 3935 3303 3979 et
3330 3927 3694 3982 tribulationes

2117 4024 2203 4064 me
2232 4010 2588 4079 colaphizare,
2622 4027 2689 4067 ne
2713 4013 2957 4067 extollar.
2990 4014 3103 4068 Etsi
3133 4015 3275 4069 enim
3317 4018 3489 4071 sancti
3518 4028 3573 4072 et
3600 4018 3698 4071 ad-

2116 4102 2389 4159 mirabiles
2414 4105 2520 4159 sint
2546 4106 2739 4161 Paulus
2762 4117 2815 4161 et
2844 4106 3051 4173 Petrus,
3076 4116 3133 4161 et
3158 4122 3346 4162 omnes
3372 4110 3695 4180 quicumque

2116 4198 2268 4263 tales,
2318 4206 2494 4254 tamen
2544 4200 2787 4255 homines
2808 4209 2952 4266 sunt,
2994 4210 3050 4256 et
3096 4201 3275 4255 multae
3318 4202 3596 4267 cautionis,
3627 4219 3696 4255 ne

2118 4287 2272 4344 facile
2300 4291 2650 4356 extollantur,
2684 4291 2941 4361 indigent,
2962 4300 3013 4346 et
3040 4292 3277 4346 maxime
3306 4292 3542 4345 omnium
3569 4308 3695 4346 san-

2115 4381 2186 4433 cti
2216 4399 2229 4433 :
2260 4380 2387 4435 nihil
2428 4380 2575 4435 enim
2616 4382 2693 4436 sic
2721 4382 2774 4436 in
2805 4384 3159 4453 arrogantiam
3188 4382 3445 4438 extollere
3470 4397 3695 4438 consue-

2114 4470 2210 4536 vit,
2260 4479 2317 4525 ut
2353 4473 2662 4527 meritorum
2710 4474 2863 4543 plena
2906 4474 3253 4541 conscientia,
3276 4484 3331 4529 et
3352 4476 3527 4529 anima
3572 4491 3691 4530 cum

2116 4562 2307 4617 ﬁducia
2337 4564 2538 4618 vivens.
2564 4564 2640 4619 Ne
2659 4565 2785 4635 quid
2826 4566 2985 4635 igitur
3023 4566 3126 4620 tale
3151 4566 3223 4619 illi
3257 4566 3543 4634 patiantur,
3575 4576 3690 4619 ten-

2117 4657 2344 4712 taliones
2371 4665 2426 4711 et
2452 4657 2820 4713 tribulationes
2847 4673 2967 4713 esse
3005 4658 3290 4724 concessit,
3331 4674 3450 4727 qua:
3477 4665 3694 4727 possent

2117 4748 2260 4818 ipsos
2301 4750 2570 4819 corripere
2613 4750 2845 4821 ipsisque
2888 4751 3240 4821 persuaderet,
3265 4757 3321 4805 ut
3360 4750 3413 4804 in
3447 4750 3698 4805 omnibus

2117 4842 2389 4898 moderate
2411 4853 2650 4914 agerent.

2189 4938 2240 4989 7.
2270 4936 2422 5003 Quod
2451 4946 2630 4993 autem
2679 4938 2747 4992 ad
2798 4938 3264 4994 demonstrandam
3301 4937 3391 4993 Dei
3433 4938 3687 4991 virtutem

2118 5027 2220 5081 hoc
2262 5043 2583 5096 magnopere
2624 5028 2891 5095 conferat,
2924 5039 2977 5083 et
3009 5031 3108 5083 hoc
3146 5030 3213 5083 ab
3238 5028 3427 5083 eodem
3457 5027 3699 5097 apostolo

2117 5117 2290 5183 disce,
2316 5120 2406 5188 qui
2434 5118 2576 5187 prius
2603 5118 2703 5173 hoc
2728 5118 2952 5173 dixerat.
2980 5120 3057 5175 Ne
3081 5122 3223 5175 enim
3250 5119 3423 5183 dicas,
3456 5118 3596 5188 quod
3619 5119 3700 5171 in-

2118 5209 2300 5265 ﬁdeles
2321 5217 2523 5279 putant,
2550 5210 2712 5263 Deum
2745 5211 2864 5265 talia
2889 5212 3277 5280 permittentem
3300 5210 3526 5265 debilem
3554 5224 3696 5271 esse.

2120 5318 2218 5357 nec
2245 5318 2370 5359 suos
2400 5303 2647 5373 periculis
2687 5304 2894 5373 eripere
2937 5318 3128 5372 posse,
3160 5304 3304 5373 quod
3355 5304 3499 5373 ipsos
3536 5300 3699 5371 aﬂligi

2117 5396 2366 5449 continue
2389 5396 2562 5449 sinat:
2592 5395 2695 5451 hoc
2718 5396 2991 5451 considera
3010 5439 3024 5463 ,
3058 5397 3324 5466 quomodo
3352 5412 3445 5466 per
3469 5394 3581 5449 tunc
3604 5393 3699 5448 de-

2119 5490 2424 5543 monstrarit
2450 5489 2642 5546 Paulus
2662 5533 2676 5554 ,
2700 5507 2803 5546 non
2826 5502 3025 5545 tantum
3052 5509 3168 5561 quae
3192 5493 3379 5548 ﬁerent
3408 5492 3571 5560 ipsius
3600 5491 3701 5543 imo

2118 5581 2459 5637 becillitatem
2483 5598 2586 5636 non
2612 5598 2864 5654 arguere,
2890 5586 2982 5639 sed
3011 5586 3235 5656 amplius
3259 5585 3546 5654 potentiam
3575 5599 3695 5637 om-

2118 5674 2274 5730 nibus
2306 5684 2591 5731 ostentare.
2623 5675 2755 5732 Cum
2799 5678 2938 5731 enim
2984 5677 3203 5733 dixisset
3236 5696 3249 5733 :
3280 5677 3444 5732 Datus
3474 5686 3546 5731 est
3570 5676 3694 5728 mihi

2128 5765 2359 5821 stimulus
2380 5770 2565 5837 carnis,
2584 5769 2789 5840 angelus
2808 5778 3017 5833 satana,
3045 5778 3097 5822 ut
3116 5785 3194 5823 me
3211 5767 3514 5839 colapiiim;
3534 5776 3587 5823 et
3609 5765 3693 5819 his
