4074 6218
347 303 420 360 23
1387 296 1481 351 AD
1516 293 1850 353 POPULUM
1887 293 1988 350 AN‘

2092 290 2390 348 lCllENUM
2422 288 2659 346 HOMIL.
2704 289 2746 345 1.
3741 295 3816 351 ςιλ

342 418 630 492 ἠνάγκασε
662 414 756 469 τὸν
779 397 1034 486 μαθητὴν
1066 412 1189 489 οὑδὲ
1217 411 1310 467 τὸν
1334 412 1518 481 ὖλίγον
1540 411 1883 485 προσίεσθαι.
1921 411 2032 465 Kal
2140 406 2347 479 μισθῶν
2376 408 2468 462 καὶ
2493 406 2727 477 ἀμοιϐῆς
2756 405 3032 475 ἀπελθεῖν,
3056 406 3234 481 πολλῷ
3260 407 3459 481 μᾶλλον
3480 409 3509 464 6
3528 409 3662 475 Θεὸς
3685 415 3813 476 τοὺς

341 484 583 580 γὰρ-καῖ
608 503 678 560 τά
697 484 1159 572 ἀναγκαίωςὴμῖν
1180 484 1559 573 παραδοθέντα
1579 484 1608 542 ἀι
1634 501 1756 555 σῖτα
1771 500 1866 554 καὶ
1893 500 2031 554 ποτὰ
2134 495 2372 549 τοσαῦτα
2413 496 2792 565 πεπονηκότας
2818 494 2918 548 οὑκ
2947 494 3013 549 ἂν
3043 495 3217 549 ἓλοιτό
3242 514 3370 551 ποτε
3398 497 3816 569 ἀστεφανώτους

337 597 459 659 τοῖς
482 594 697 664 καιροῖς
716 590 810 644 καὶ
831 590 950 652 ταῖς
970 589 1184 659 χρείαις
1203 587 1291 642 ἀεὶ⁵
1316 589 1532 660 μετρεῖν
1548 586 1646 649 δεῖ,
1665 586 1758 640 καὶ
1782 584 2029 657 μηδαμοῦ
2136 582 2354 650 ἀφεῖναι
2372 600 2385 615 ο
2419 584 2470 637 εί
2491 582 2548 637 δὲ
2571 582 2672 636 οὑκ
2698 581 2765 635 ἂν
2795 580 2969 636 ἒλοιτο
2992 582 3089 651 τῆς
3119 582 3228 636 τῶν
3263 584 3440 639 πόνων
3458 585 3638 639 αὐτῶν
3653 587 3814 657 ἀμοι-

338 682 450 753 τὴν
495 679 682 750 χρείαν
708 675 1081 747 ὑπερϐαίνειν,
1108 673 1243 746 μηδὲ
1260 673 1449 738 ἁπλῶς
1474 673 1568 728 καὶ
1592 672 1718 742 εἰκῆ
1744 690 1797 725 τι
1837 673 2029 726 ποιεῖν.
2138 670 2239 741 ϐῆς
2260 672 2457 737 αὐτοὺς
2484 670 2858 743 ἀποστερῆσαί
2882 687 3033 732 ποτε,
3054 669 3268 742 ἀνάγκη
3300 672 3489 743 καιρὸν
3518 669 3658 727 εἷναί
3686 691 3821 727 τινα

359 767 511 821 Ἀλλ’
541 764 724 836 ἐπειδὴ
750 762 850 836 τὴν
869 762 965 817 τοῦ
999 762 1216 817 Παύλου
1237 761 1568 834 κηδεμονίαν
1596 759 1691 814 καὶ
1713 760 1811 829 τὴν
1832 759 2032 831 ἀρετὴν
2137 758 2276 827 μετά
2295 758 2315 796 ε
2352 760 2452 830 τὴν
2476 758 2728 812 ἐντεῦθεν
2759 757 3037 830 τελευτὴν,
3063 759 3182 813 καθ’
3214 758 3272 812 ὃν
3306 759 3673 832 ἀπολήψονται
3710 760 3810 826 τάς

350 852 628 927 ὶμάθομεν
642 851 740 923 τὴν
773 850 1066 923 Τιμοθέου,
1104 850 1238 923 φέρε
1266 849 1455 903 λοιπὸν
1484 850 1571 903 ἐπ’
1594 848 1765 918 αὐτὴν
1805 846 1902 919 τὴν
1938 846 2031 900 λύ-
2132 844 2366 915 ἀμοιϐάς
2386 845 2494 898 τῶν
2514 844 2766 899 ἐντεῦθεν
2799 845 2998 901 πόνων.
3042 845 3239 917 Ἕκτη,
3268 845 3358 900 ἵνα
3385 848 3585 912 πάντες
3615 851 3666 901 οί
3707 865 3808 900 πε-

354 960 440 997 σιν
470 943 576 996 τῶν
602 941 937 1013 ζητημάτων
961 939 1054 993 τὸν
1083 938 1241 1007 λόγον
1273 938 1589 1009 ἀγάγωμεν.
1618 937 1751 990 Τίνα
1785 932 1878 990 οὖν
1923 938 2027 989 είσι
2133 933 2484 1003 ριπίπτοντες
2520 935 2636 997 τοῖς
2664 933 2860 997 δεινοῖς
2895 934 3086 1005 ἱκανὴν
3126 933 3290 1005 ἔχωσι
3333 934 3680 1008 παράκλησιν
3712 937 3809 992 καὶ

343 1031 413 1084 τά
440 1029 789 1101 ζητούμενας
823 1031 1122 1097 ἀναγκαῖον
1151 1027 1260 1099 7&9
1305 1027 1468 1081 πάλιν
1510 1028 1685 1079 εἰπεῖν
1730 1026 1817 1079 ἵνα
1862 1041 2029 1094 σαφε-
2130 1021 2515 1092 παραμυθίαν,
2540 1023 2621 1085 εἰς
2658 1021 2905 1085 ἐκείνους
2939 1022 3279 1094 ἀφορῶντες,
3320 1025 3416 1077 καὶ
3458 1025 3568 1077 τῶν
3603 1025 3808 1096 συμϐε-

340 1117 508 1189 οτέρα
542 1118 576 1189 ή
614 1117 771 1181 λύσις
800 1117 1057 1188 γένηται’
1079 1116 1225 1181 τίνος
1258 1112 1353 1171 οὖν
1386 1115 1572 1169 ἕνεκεν
1606 1115 1761 1183 ἆγιον
1786 1112 2025 1167 τοιοῦτον
2129 1107 2373 1180 δηκότων
2407 1110 2588 1173 αὐτοῖς
2621 1110 2961 1180 μεμνημένοι
2994 1110 3201 1166 κακῶν.
3258 1110 3514 1183 Ἑϐδόμη,
3565 1111 3652 1167 ἵνα
3677 1113 3805 1166 ὅταν

325 1206 431 1259 ,καὶ
454 1205 701 1260 τοσαῦτα
719 1205 1107 1276 οίκονομοῦντα
1126 1206 1451 1278 πράγματα,
1469 1206 1549 1267 είς
1574 1203 1885 1276 ἀρρωστίαν
1903 1218 2026 1254 συν-
2126 1195 2531 1267 παρακαλῶμεν
2564 1198 2709 1268 ὑμᾶς
2736 1197 2872 1270 πρὸς
2898 1198 2996 1268 τὴν
3025 1196 3249 1252 ἐκείνων
3282 1197 3503 1270 ἀρετὴν.
3544 1201 3640 1254 καὶ
3669 1199 3806 1270 πρὸς

334 1291 630 1365 εχώρησεν
664 1296 694 1348 6
731 1293 860 1357 Θεὸς
894 1295 1178 1364 ἐμπεσεῖν,
1250 1294 1344 1347 καὶ
1379 1292 1503 1346 οὑτε
1536 1292 1717 1355 αὑτὸς,
1751 1288 2026 1343 οὑτεόδι-
2126 1281 2355 1336 ἕκαστον
2394 1284 2547 1354 ὑμῶν
2580 1284 2850 1355 λέγωμεν,
2896 1286 2980 1338 ὅτι
3022 1285 3256 1356 μίμησαι
3298 1287 3529 1352 Παῦλον,
3579 1287 3675 1340 καὶ
3706 1286 3805 1359 ζή-

332 1378 613 1444 δάσκαλος
636 1380 823 1452 ἰσχυσε
846 1380 905 1433 τὸ
924 1381 1139 1452 νόσημα
1159 1379 1576 1452 διορθώσασθαι,
1596 1378 1736 1432 ἀλλά
1758 1377 1857 1447 τῆς
1883 1377 2022 1431 κατά
2125 1368 2296 1423 λωσον
2326 1371 2354 1411 ⁸
2382 1371 2605 1442 Πέτρον.
2660 1373 2734 1442 μὴ
2779 1372 3092 1443 νομίζοντες
3122 1373 3210 1429 διὰ
3250 1373 3349 1447 τὴν
3383 1374 3492 1428 τῶν
3520 1375 3802 1447 κατορθω-

332 1467 439 1539 τὴν
462 1468 778 1521 οίνοποσίαν
791 1468 1097 1540 ἐδεήθησαν
1129 1468 1410 1539 βοηθείας;
1442 1469 1550 1521 Kal
1586 1466 1655 1520 1&
1688 1466 1784 1536 μὲν
1823 1463 2019 1535 ζητού-

2128 1456 2311 1527 μάτων
2338 1458 2641 1530 ὑπερϐολὴν
2668 1459 2861 1531 ἑτέρας
2898 1461 3099 1525 αὐτοὺς
3141 1463 3534 1533 μετεσχηκέναι
3563 1462 3799 1532 φύσεως,

334 1570 479 1625 μενα
511 1552 687 1607 ταῦτα
716 1550 808 1626 ἦν.
834 1556 926 1608 Δεῖ
955 1555 1013 1609 δὲ
1046 1556 1218 1628 αὐτὴν
1260 1557 1560 1625 ἐπαγαγεῖν
1593 1553 1692 1625 τὴν
1732 1552 1908 1614 λύσιν,
1943 1551 2018 1616 ὡς
2122 1544 2467 1616 ἀποκνήσητε
2501 1546 2637 1616 πρὸς
2662 1547 2761 1617 τὴν
2788 1547 3040 1618 μίμησιν.
3084 1549 3296 1619 Ὀγδόη,
3326 1548 3413 1602 ἵνα
3437 1550 3567 1603 ὅταν
3585 1550 3679 1623 δέῃ
3706 1567 3803 1620 μα-

334 1639 413 1712 μὴ
440 1640 602 1712 μόνον
634 1641 690 1694 εί
708 1658 854 1707 τινες
880 1643 1020 1712 νόσῳ
1072 1643 1166 1696 καὶ
1197 1642 1481 1716 ἀρρωστία
1518 1639 1744 1713 τοιαύτῃ
1790 1639 2010 1710 περιπέ⁴

331 1744 505 1792 σοιεν,
540 1728 680 1782 ἀλλά
708 1729 805 1783 καὶ
834 1731 888 1784 ετ
904 1747 1049 1794 τινες
1078 1730 1259 1802 πενίᾳ,
1293 1731 1389 1784 xal
1418 1728 1562 1801 λιμῷ
1580 1729 1630 1792 δ,
1659 1728 1755 1782 καὶ
1773 1728 2015 1797 δεσμοῖς,

328 1817 430 1870 καὶ
460 1816 737 1886 βασάνοις,
765 1819 859 1873 καὶ
888 1820 1194 1892 ὲπηρείαις,
1214 1821 1307 1874 καὶ
1334 1819 1739 1889 συκοφαντίαις,
1759 1819 1854 1871 καὶ
1881 1818 2014 1871 πᾶσι

327 1907 447 1967 τοῖς
476 1904 615 1958 κατά
669 1906 761 1960 τὸν
803 1909 1048 1978 παρόντα
1096 1908 1210 1980 βίον
1245 1909 1460 1975 δεινοῖς,
1486 1907 1633 1976 ἅγιοι
1666 1907 1761 1961 καὶ
1786 1905 2012 1977 μεγάλοι

330 1991 433 2044 καὶ
473 1990 797 2063 θαυμαστοὶ,
829 1996 925 2049 καὶ
951 1997 1037 2050 ἐπ’
1064 1997 1289 2051 ἐκείνων
1312 1997 1420 2050 ἀπὸ
1441 1996 1550 2049 τῶν
1578 1996 1821 2066 σήμερον
1842 1994 2013 2066 ῥηθη-

336 2078 584 2149 σομένων
605 2081 804 2154 ἀκριϐῆ
831 2084 925 2137 καὶ
956 2085 1300 2156 σαφεστάτην
1326 2083 1619 2155 δυνηθῆναι
1641 2082 1894 2154 εὑρέσθαι
1913 2081 2011 2152 τὴν

341 2165 636 2235 ἀπολογίαν
681 2169 821 2241 πρὸς
857 2172 985 2236 τοὺς
1024 2173 1275 2241 ἐγκαλεῖν
1313 2171 1701 2243 βουλομένους.
1753 2172 1861 2224 Kal
1903 2171 2011 2242 7&9

334 2251 603 2323 ἠκούσατε
625 2256 836 2309 πολλῶν
862 2257 1089 2313 τοιαῦτα
1107 2258 1413 2330 ζητούντων
1434 2276 1447 2290 ·
1480 2257 1544 2311 Τί
1563 2258 1767 2328 δήποτε
1800 2259 1829 2310 6
1862 2256 2010 2310 δεῖνα

330 2340 557 2413 μέτριος
583 2340 660 2396 ὣν
694 2344 787 2398 καὶ
826 2345 1077 2418 ἐπιεικὴς
1113 2345 1511 2418 ἄνθρωπος-ὑφ’
1545 2346 1733 2417 ἑτέρου
1774 2344 2011 2416 παρανό-

325 2444 438 2500 μου
472 2429 619 2495 τινὸς
667 2431 763 2486 καὶ
799 2433 1041 2505 πονηροῦ
1080 2433 1203 2487 καθ’
1221 2434 1466 2505 εκάστην
1504 2433 1719 2505 ἡμέραν
1742 2434 1823 2495 είς
1856 2431 2009 2485 δικα-

322 2517 555 2588 στήριον
603 2519 843 2585 ἕλκεται,
888 2504 985 2575 καὶ
1026 2523 1194 2593 μυρία
1238 2504 1436 2593 πάσχει
1476 2504 1642 2587 δᾷδά,
1689 2521 1784 2575 καὶ⁷
1813 2523 1841 2575 6
1873 2520 2007 2585 Θεὸς

322 2610 633 2678 συγχωρεῖ;
666 2608 810 2673 τίνος
845 2605 939 2664 οὖν
986 2609 1170 2664 ἕνεκεν
1201 2610 1386 2681 ἕτερος
1432 2610 1866 2681 συκοφαντηθεὶς
1899 2611 2006 2664 ἀπ-

318 2690 517 2747 έθανεν
545 2695 748 2759 ἀδίκως
764 2713 780 2764 ;
796 2697 854 2751 ’0
874 2697 1019 2751 δεῖνα
1043 2698 1459 2770 κατεποντίσθη.
1483 2701 1667 2770 φησὶν,
1693 2698 1852 2763 ἀλλος
1873 2715 2005 2752 κατ-

316 2782 669 2854 εκρημνίσθη
691 2800 706 2814 ⁸
736 2783 830 2837 καὶ⁵
851 2784 1080 2849 πολλοὺς
1108 2784 1175 2838 ἂν
1207 2784 1426 2857 ἔχοιμεν
1459 2788 1647 2856 ἁγίους
1675 2788 1869 2851 είπεῖν,
1908 2786 2003 2840 καὶ

318 2868 411 2936 ἐφ’
439 2870 599 2941 ήμῶν
630 2872 725 2925 καὶ
767 2872 861 2926 επὶ
891 2872 1002 2927 τῶν
1027 2874 1309 2946 προγόνων
1337 2875 1446 2928 τῶν
1477 2874 1762 2946 ἡμετέρων
1802 2872 2003 2937 πολλὰς

318 2958 760 3029 ὑπομείνανταςα
784 2960 996 3030 θλίψεις
1019 2963 1311 3034 διαφόρους
1332 2965 1428 3016 καὶ
1455 2963 1722 3027 ποικίλας.
1767 2962 1888 3016 Ἵνα
1907 2958 2001 3017 οὖν

316 3045 582 3102 ἁπάντων
602 3050 806 3104 τούτων
822 3050 916 3104 τὸν
939 3050 1096 3121 λόγον
1121 3051 1343 3122 ῐδωμεν,
1369 3051 1465 3104 καὶ
1501 3054 1635 3123 μήτε
1658 3051 1811 3105 αὑτοὶ
1842 3050 2001 3122 θορυ-

316 3132 569 3205 ϐώμεθα,
625 3139 761 3209 μήτε
806 3138 1029 3209 ἑτέρους
1074 3138 1594 3211 σκανδαλιζομένους
1633 3139 1995 3211 περιορῶμεν,

318 3222 445 3293 μετ’
486 3224 773 3296 ἀκριϐείας
802 3226 1024 3298 ἀπάσης
1052 3229 1168 3291 τοῖς
1200 3226 1559 3299 λεχθήσεσθαι
1603 3228 1854 3299 μέλλωσι
1899 3227 1995 3282 νῦν

312 3310 701 3381 προσέχωμεν.
1806 3376 1813 3379 .

390 3394 468 3462 ς’.
500 3398 612 3467 Τῆς
661 3398 770 3471 γάρ
801 3399 908 3453 τῶν
934 3402 1112 3470 ἀγίων
1162 3400 1462 3467 κακώσεως
1483 3403 1584 3475 τῆς
1614 3401 1866 3473 ποικίλης
1899 3400 1994 3455 καὶ

310 3487 667 3558 παντοδαπῆς
696 3489 941 3546 ὀκτώτὸν
951 3492 1184 3564 ἀριθμὸν
1206 3492 1512 3563 αίτίαςέχω
1540 3492 1675 3564 πρὸς
1690 3492 1789 3564 τὴν
1799 3490 1995 3562 ὑμετέ-

312 3593 418 3647 ραν
441 3577 665 3647 ἀγάπην
686 3580 876 3631 εἰπεῖν.
897 3581 986 3633 Διὸ
1003 3581 1312 3635 συντείνατέ
1337 3598 1425 3651 μοι
1446 3582 1670 3643 ἑαυτοὺς
1692 3580 1829 3651 μετά
1845 3580 1975 3650 ἀκρι

309 3665 467 3729 ϐείας
489 3664 766 3729 ἀπαντες,
796 3666 996 3732 είδότες
1037 3668 1112 3733 ώς
1158 3668 1383 3738 οὐδεμία
1428 3667 1613 3721 λοιπὸν
1654 3667 1806 3720 ἔσται
1858 3668 1991 3738 ἡμῖν

306 3752 612 3824 συγγνώμη
644 3754 738 3807 καὶ
761 3755 1025 3824 ἀπολογία
1053 3756 1564 3827 σκανδαλιξομένοις
1592 3758 1684 3810 ἐπὶ
1704 3760 1817 3820 τοῖς
1849 3773 1988 3826 συμ-

305 3838 612 3902 ϐαίνουσιν,
645 3841 700 3893 εί
721 3858 784 3909 γε
812 3844 1082 3897 τοσούτων
1113 3845 1438 3915 προφάσεων
1475 3844 1670 3908 οὐσῶν,
1700 3844 1776 3907 ώς
1809 3844 1988 3916 μηδε-

306 3928 445 3996 μιᾶς
484 3926 650 3997 οὔσης
696 3929 836 3983 οῦτω
883 3931 1169 4002 μέλλοιμεν
1219 3931 1560 4005 θορυϐεῖσθαι
1598 3932 1694 3985 καὶ
1719 3930 1984 4003 ταράττε-

304 4010 459 4065 σθαι.
490 4014 687 4086 Πρώτη
722 4017 824 4087 μὲν
854 4012 948 4071 οὖν
966 4018 1018 4083 (ί,
1068 4019 1157 4073 διά
1187 4019 1247 4073 τὸ
1280 4019 1355 4091 μὴ
1392 4020 1601 4091 ταχέως
1625 4020 1875 4091 αἴρεσθαι
1904 4020 1984 4083 είς

299 4099 569 4154 ἀπόνοιαν
589 4101 669 4172 τῷ
712 4103 929 4173 μεγέθει
960 4106 1069 4160 τῶν
1096 4106 1537 4180 κατορθωμάτων
1584 4108 1681 4161 καὶ
1718 4106 1826 4160 τῶν
1853 4107 1983 4160 θαυ-

302 4185 519 4258 μάτων,
553 4188 775 4259 ἀφίησιν
812 4192 1011 4257 αὑτοὺς
1042 4196 1071 4248 6
1095 4193 1228 4258 Θεὸς
1257 4195 1577 4249 κακοῦσθαι.
1606 4194 1865 4266 Δευτέρα,
1895 4195 1981 4248 ῖνα

301 4274 387 4346 μὴ
416 4275 635 4345 μείζονα
654 4280 752 4349 τῆς
772 4280 1119 4353 ἀνθρωπίνης
1137 4281 1352 4352 φύσεως
1367 4283 1495 4354 περί
1517 4282 1697 4335 αὑτῶν
1723 4283 1978 4339 ὑπόνοιαν

294 4362 504 4432 ἔχωσιν
525 4363 724 4434 ἕτεροι,
754 4367 848 4419 καὶ
874 4365 1050 4432 θεοὺς,
1074 4368 1188 4422 ἀλλ’
1213 4370 1313 4422 οὑκ
1336 4368 1658 4441 ἀνθρώπους
1683 4370 1979 4441 νομίσωσιν

294 4448 504 4511 αὐτοὺς
535 4445 694 4504 εἶναι.
719 4451 908 4524 Τρίτη,
933 4453 1020 4507 ῖνα
1043 4456 1076 4526 η
1095 4453 1191 4508 τοῦ
1211 4454 1346 4508 Θεοῦ
1363 4455 1624 4528 φαίνηται
1647 4455 1877 4527 δύναμις
1887 4458 1976 4512 διά

293 4533 413 4589 τῶν
438 4534 864 4603 ἐξασθενούντων
888 4540 983 4594 καὶ
1002 4540 1091 4595 διά
1121 4541 1231 4597 τῶν
1272 4542 1655 4614 δεσμουμένων
1698 4545 1976 4616 κρατοῦσα

294 4622 399 4676 καὶ
413 4626 823 4699 περιγινομένη,
841 4628 934 4681 καὶ
950 4627 1012 4682 τὸ
1024 4629 1287 4701 κήρυγμα
1306 4630 1564 4698 αὔξουσα.
1594 4635 1865 4707 Τετάρτη,
1887 4636 1973 4689 ἵνα

295 4708 483 4763 αὐτῶν
512 4712 736 4766 ἐκείνων
755 4716 789 4784 η
819 4714 1064 4788 ὑπομονὴ
1098 4723 1454 4792 φανερωτέρα
1484 4721 1733 4793 γένηται,
1754 4723 1855 4777 οὑκ
1879 4724 1971 4778 ἐπὶ

296 4797 481 4870 μισθῷ
510 4799 591 4871 τῷ
637 4801 755 4872 Θεῷ
791 4802 1184 4870 δουλευόντων,
1236 4807 1375 4863 ἀλλά
1414 4811 1509 4863 καὶ
1539 4811 1809 4882 τοσαύτην
1847 4815 1969 4869 ἑπι-

288 4886 662 4958 δεικνυμένων
672 4891 1113 4965 εὐγνωμοσύνην,
1129 4894 1206 4959 ώς
1222 4896 1315 4949 καί
1329 4895 1467 4967 μετὰ
1478 4896 1561 4971 [9]
1573 4899 1811 4955 τοσαῦτα
1824 4904 1969 4958 κακά

285 4973 393 5063 τὴν
411 4975 679 5049 ἀκεραίαν
700 4979 827 5051 περὶ
844 4981 1007 5034 αὑτὸν
1030 4982 1435 5039 ἐπιδείκνυσθαι
1456 4985 1689 5043 εὑνοιαν.
1710 4990 1966 5063 Πέμπτη,

286 5060 380 5152 Era
406 5064 534 5136 περὶ
555 5065 905 5131 ἀναστάσεως
925 5068 1302 5142 φιλοσοφῶμεν
1324 5089 1338 5104 ·
1370 5074 1499 5127 ὅταν
1521 5075 1630 5149 7&9
1659 5076 1774 5151 ίδῃς
1794 5060 1966 5152 ἀνδρα

282 5147 496 5202 δίκαιον
510 5152 606 5204 καὶ
625 5152 830 5224 πολλῆς
850 5156 1092 5227 γέμοντα
1118 5160 1321 5232 ἀρετῆς
1344 5163 1514 5234 μυρία
1535 5147 1775 5219 παθόντα
1790 5147 1962 5232 δεινὰ,

282 5237 383 5329 καὶ
410 5236 588 5329 οὕτως
625 5242 931 5296 ἀπελθόντα
958 5245 1232 5311 ὲντεῦθεν,
1266 5250 1362 5303 καὶ
1389 5250 1539 5305 άκων
1565 5253 1964 5329 ἀναγκασθήσῃ

281 5323 509 5414 [πάντως
538 5327 792 5399 ἐννοῆσαί
815 5347 870 5384 τι
903 5333 1033 5404 περὶ
1062 5334 1165 5404 τῆς
1190 5336 1308 5390 ἐκεῖ
1338 5339 1591 5410 κρίσεως.
1630 5341 1693 5395 Et
1723 5342 1832 5414 7&9
1866 5323 1963 5398 ἀνί

278 5409 495 5481 θρωποι
524 5414 651 5478 τοὺς
680 5415 821 5489 ὑπὲρ
852 5418 1033 5472 αὑτῶν
1065 5409 1496 5490 κάμνοπαςνοὺκ
1524 5409 1758 5496 ἀφιᾶσιέ
1792 5409 1960 5504 χωρὶς

344 5514 371 5589 ξ
584 5523 638 5589 ει
660 5519 849 5589 aliquot
871 5535 988 5571 mm.
1014 5526 1144 5589 παρά
1163 5523 1251 5575 τοῦ
1273 5525 1399 5575 Θεοῦ
1422 5529 1630 5579 δοθέντα.

341 5573 486 5656 :53:
507 5578 658 5628 Savil.
683 5573 930 5656 gl'omlles
957 5573 1097 5656 [ιε-ου’
1130 5573 1787 5656 ῃιεξιηΜοτέῖί-καῖῂλοιμῷ.
1830 5594 1957 5648 Infra

348 5637 478 5715 σφω
502 5642 805 5715 σαφεστάτην
846 5637 1080 5705 δυνηθεῖεν
1110 5651 1342 5714 εὑρέσθαι.

273 5699 537 5765 ιιίςιυμὶᾓκαῖ
558 5699 648 5765 γὰρ
668 5699 847 5756 ἀκούω.

336 5762 365 5828 ξ
389 5762 733 5828 ᾼῃῳιοιλιηεε.
763 5769 942 5826 πολλὰς
967 5772 1279 5828 ὑποστάντας.

337 5821 365 5913 ξ
394 5821 842 5913 Ἢὲὶρξιτοέιμέν,
867 5821 1088 5913 θιὲιιιίῖε
1110 5821 1346 5913 δεύτερον,
1362 5842 1440 5913 ἐξ
1466 5851 1837 5909 consequenter
1857 5847 1958 5913 τρί·

276 5901 382 5943 τον,
410 5885 654 5992 τάταφτως,
679 5885 908 5954 πέμπτον,
933 5895 1087 5957 ἕκτον,
1111 5885 1543 5962 ἕϐδομονίόγδοονί

335 5948 361 5977 ⁸
388 5942 527 5994 ﬂore
554 5980 568 5993 .
593 5960 680 5995 ουκ
706 5949 899 6017 ἀφιεῖσι,
922 5956 1073 6011 Savil.
1098 5960 1185 6009 οὑκ
1206 5962 1391 6024 ἀφιᾶσι.

2121 1631 2370 1703 καρίζειν
2401 1635 2494 1687 καὶ
2524 1634 2853 1699 ταλανίζειν,
2889 1635 3149 1707 μάθωμεν
3176 1635 3333 1700 τίνας
3358 1637 3458 1706 μὲν
3490 1638 3596 1708 χρὴ
3630 1655 3802 1708 μακα-

2123 1719 2270 1790 ρίους
2301 1721 2552 1791 ήγεῖσθαι
2571 1762 2585 1786 ,
2616 1721 2768 1785 τίνας
2802 1723 2858 1776 δὲ
2882 1723 3100 1787 ἀθλίους
3133 1725 3226 1777 καὶ
3256 1724 3654 1797 ταλαιπώρους.
3688 1726 3799 1779 Kal

2117 1807 2173 1858 αί
2205 1806 2305 1876 μὲν
2336 1807 2507 1861 αίτίαι
2555 1801 2717 1863 αὗται
2739 1826 2753 1838 ·
2782 1810 2863 1864 δεῖ
2891 1810 2948 1863 δὲ
2980 1810 3150 1875 αὑτάς
3183 1811 3292 1865 ἀπὸ
3314 1811 3424 1864 τῶν
3447 1811 3681 1882 Γραφῶν
3707 1830 3799 1866 πι-

2118 1892 2429 1948 στώσασθαι
2471 1897 2672 1960 πάσας,
2707 1897 2804 1950 καὶ
2847 1898 3017 1965 δεῖξαι
3069 1899 3206 1970 μετὰ
3241 1898 3547 1972 ἀκριϐείας,
3584 1900 3657 1965 ὡς
3693 1903 3797 1955 οὑκ

2116 1980 2474 2053 ἀνθρωπίνων
2506 1983 2781 2054 λογισμῶν
2814 1984 3049 2047 ἐπίνοια.
3083 1985 3219 2040 ἀλλά
3252 1986 3357 2040 τῶν
3386 1976 3619 2059 Γραφῶν
3647 1991 3795 2043 ἐστιν

2113 2067 2388 2139 ἀπόφασις
2419 2069 2487 2124 τά
2514 2071 2781 2143 εἰρημένα
2814 2073 3051 2128 ἅπαντα.
3089 2072 3247 2127 Οὕτω
3277 2073 3387 2145 γάρ
3418 2074 3514 2129 καὶ
3561 2077 3589 2129 ὀ
3636 2075 3795 2144 λόγος

2110 2157 2245 2227 ἡμῖν
2300 2155 2740 2230 ἀξιοπιστότερος
2784 2158 2968 2226 ἔσται,
3011 2161 3106 2214 καὶ
3164 2160 3365 2231 μᾶλλον
3418 2162 3791 2232 ἐγκαθεδεῖται

2110 2246 2231 2307 ταῖς
2268 2244 2566 2316 ὑμετέραις
2589 2245 2810 2316 ψυχαῖς.
2840 2248 2963 2301 Ὀτι
3002 2248 3102 2319 μὲν
3129 2244 3222 2301 οὖν
3256 2250 3336 2311 είς
3377 2248 3438 2302 τὸ
3475 2251 3791 2322 μετριάζειν

2110 2332 2207 2384 καὶ
2261 2335 2742 2403 ταπεινοφρονεῖν,
2778 2333 2875 2387 καὶ
2912 2333 2974 2387 τὸ
3007 2335 3082 2405 μὴ
3121 2335 3395 2404 φυσᾶσθαι
3440 2337 3507 2390 ἐκ
3550 2337 3658 2391 τῶν
3693 2356 3791 2411 ση-

2113 2418 2281 2488 μείων
2304 2421 2400 2474 καὶ
2433 2419 2546 2474 τῶν
2575 2420 3036 2491 κατορθωμάτων.
3064 2421 3430 2494 συμϐάλλεται
3464 2427 3577 2489 τοῖς
3611 2426 3785 2495 ἁγίοις

2108 2506 2142 2576 ὴ
2174 2506 2439 2572 κάκωσις,
2462 2508 2558 2562 καῖ
2586 2507 2675 2561 διὰ
2703 2507 2859 2562 τοῦτο
2886 2507 3262 2580 συνεχώρησεν
3282 2511 3453 2582 αὐτὴν
3477 2514 3508 2566 6
3532 2513 3665 2578 Θεὸς
3690 2530 3785 2583 γε-

2106 2593 2315 2658 νέσθαι,
2340 2596 2435 2649 καὶ
2460 2595 2555 2650 τοῦ
2573 2596 2853 2667 προφήτου
2880 2595 3062 2663 Δαυῖδ,
3083 2597 3289 2652 καὶτοῦ
3313 2601 3526 2655 Παύλου
3554 2603 3623 2656 τά
3643 2604 3785 2659 αὐτὰ

2104 2681 2371 2753 λεγόντων
2392 2684 2738 2756 ἀκούσωμεν.
2768 2686 3008 2749 Ἐκεῖνος
3040 2688 3138 2759 μὲν
3161 2690 3268 2762 γάρ
3300 2707 3465 2761 φησιν
3484 2708 3498 2722 ·
3535 2693 3787 2763 Ἀγαθὸν

2097 2788 2202 2839 μοι
2222 2810 2238 2832 ,
2263 2769 2475 2839 Κύριε,
2509 2771 2598 2825 ὅτι
2634 2772 3044 2841 ἐταπείνωσάς
3072 2792 3183 2845 με,
3217 2776 3379 2843 ὅπως
3414 2778 3492 2833 ἂν
3513 2780 3682 2850 μάθω
3708 2784 3783 2838 τὰ

2101 2858 2462 2929 δικαιώματά
2491 2874 2636 2914 σου·
2673 2854 2826 2924 οὗτος
2866 2860 2924 2915 δὲ
2968 2861 3157 2927 εἰπὼν,
3207 2864 3289 2918 ὅτι
3342 2866 3649 2937 Ἠρπάγην
3693 2871 3782 2937 είς

2100 2948 2302 3016 τρίτον
2331 2946 2613 3014 οὐρανὸν,
2640 2946 2737 3000 καί
2758 2950 2846 3012 εἰς
2879 2947 2987 3002 τὸν
3013 2949 3379 3020 παράδεισον
3404 2954 3779 3024 ἀπηνέχθην,

2070 3064 2073 3067 -
2101 3035 2350 3106 ἐπήγαγε
2383 3032 2578 3102 λέγων,
2606 3034 2715 3087 Καὶ
2743 3032 2819 3103 τῇ
2856 3034 3159 3104 ὑπερϐολῇ
3186 3036 3304 3090 τῶν
3333 3038 3779 3110 ἀποκαλύψεων

2100 3119 2201 3172 ἵνα
2246 3117 2334 3189 μὴ
2385 3120 2808 3189 ὑπεραίρωμαι,
2842 3121 3018 3191 ἐδόθη
3045 3140 3145 3191 μοι
3192 3124 3441 3194 σκόλοψ
3468 3124 3545 3196 τῇ
3572 3128 3767 3200 σαρκὶ,

2098 3204 2356 3277 ἄγγελος
2399 3205 2597 3261 σατᾶν
2623 3207 2722 3260 ἵνα
2745 3224 2823 3277 με
2852 3207 3160 3278 κολαφίζῃ.
3186 3210 3252 3264 Τί
3278 3210 3469 3265 τούτου
3508 3215 3775 3284 σαφέστε-

2099 3310 2226 3364 ρον;
2251 3294 2370 3348 Ἵνα
2398 3293 2473 3366 μὴ
2509 3295 2912 3367 ὑπεραίρωμαι,
2949 3298 3103 3368 φησὶ,
3128 3297 3216 3353 διά
3256 3299 3415 3353 τοῦτο
3465 3302 3774 3375 συνεχώρη-

2097 3398 2189 3434 σεν
2218 3384 2251 3436 6
2278 3381 2411 3447 Θεὸς
2436 3383 2560 3445 τοὺς
2584 3383 2848 3451 ἀγγέλους
2871 3383 2965 3438 τοῦ
2990 3388 3196 3440 σατανᾶ
3216 3388 3530 3458 κολαφίζειν
3553 3408 3620 3461 με
3641 3408 3654 3422 ·
3676 3394 3775 3460 ἁγ-

2092 3469 2283 3538 γέλους
2324 3471 2381 3524 δὲ
2417 3470 2509 3524 τοῦ
2553 3474 2762 3526 σατανά
2796 3474 2919 3543 οὐχὶ
2951 3472 3211 3545 δαίμονας
3243 3477 3392 3545 λέγει
3423 3477 3595 3544 τινὰς,
3636 3480 3773 3535 ἀλλά

2092 3558 2413 3630 ἀνθρώπους
2444 3563 2572 3624 τοὺς
2609 3561 3087 3633 ὑπηρετουμένους
3113 3563 3191 3634 τῷ
3213 3564 3463 3637 διαϐόλῳ,
3491 3569 3617 3632 τοὺς
3638 3568 3769 3622 ἀπί-

2093 3663 2249 3711 στους
2267 3689 2283 3713 ,
2311 3650 2436 3711 τοὺς
2466 3648 2766 3719 τυράννους
2787 3689 2801 3713 ,
2832 3652 2961 3714 τοὺς
2990 3651 3292 3724 Ἕλληνας,
3318 3654 3368 3707 οἵ
3406 3657 3645 3728 συνεχῶς
3668 3659 3761 3712 αὑ.

2089 3733 2180 3787 τὸν
2210 3734 2443 3793 έθλιϐον,
2477 3736 2573 3788 καὶ
2603 3737 2845 3807 συνεχῶς
2871 3739 3102 3809 ἤλαυνον
3121 3757 3135 3771 ·
3164 3741 3193 3795 6
3224 3740 3280 3795 δὲ
3316 3742 3486 3812 λέγει,
3525 3745 3767 3801 τοιοῦτόν

2090 3824 2236 3877 ἐστιν
2260 3842 2273 3855 ο
2296 3823 2548 3893 ἠδύνατο,
2564 3827 2750 3895 φησὶν,
2765 3825 2795 3877 6
2815 3825 2946 3889 Θεὸς
2968 3830 3316 3884 καταστεῖλαι
3330 3834 3455 3895 τοὺς
3470 3831 3761 3903 διωγμοὺς,

2090 3912 2183 3964 καὶ
2213 3911 2315 3975 τάς
2343 3911 2551 3981 θλίψεις
2593 3913 2693 3976 τάς
2739 3913 3104 3995 ἐπαλλήλους
3141 3916 3257 3970 ἀλλ’
3287 3919 3473 3991 ἐπειδὴ
3506 3921 3765 3993 ήρπάγην

2089 3999 2167 4061 είς
2187 3998 2367 4070 τρίτον
2391 3999 2618 4072 οὐρανὸν
2643 4000 2737 4053 καὶ
2753 4000 3067 4073 ἀπηνέχθην
3091 4004 3169 4068 είς
3193 4004 3284 4058 τὸν
3309 4006 3652 4077 παράδεισον.
3676 4010 3761 4063 ἵνα

2089 4087 2163 4157 μὴ
2191 4089 2256 4157 τῇ
2300 4086 2576 4158 ὑπερϐολῇ
2617 4086 2729 4140 τῶν
2748 4088 3143 4159 ἀποκαλύψεων
3173 4092 3376 4148 τούτων
3411 4095 3637 4167 ὲπαρθῶ
3667 4100 3761 4152 καὶ

2087 4174 2230 4244 μέγα
2263 4178 2537 4246 φρονήσω,
2567 4174 2912 4248 συνεχώρησε
2936 4178 3061 4241 τοὺς
3088 4178 3359 4251 διωγμοὺς
3380 4183 3632 4249 τούτους,
3664 4186 3759 4241 καὶ

2080 4264 2206 4326 τοὺς
2233 4262 2498 4330 ἀγγέλους
2518 4262 2613 4316 τοῦ
2650 4267 2858 4318 σατανᾶ
2885 4266 3064 4337 ἀφῆκε
3095 4268 3410 4339 κολαφίζειν
3442 4290 3510 4344 με
3539 4273 3627 4328 διά
3647 4275 3758 4331 τῶν

2079 4350 2334 4422 διωγμῶν
2361 4352 2457 4406 καὶ
2480 4353 2587 4407 τῶν
2620 4353 2873 4424 θλίψεων,
2900 4357 2987 4411 ῖνα
3010 4358 3087 4429 μὴ
3123 4359 3528 4434 ὑπεραίρωμαι.
3558 4366 3619 4419 El
3647 4366 3756 4439 7&9

2078 4440 2174 4492 καὶ
2194 4439 2339 4508 ἀγιοι
2368 4441 2461 4493 καὶ
2485 4439 2788 4512 θαυμαστοὶ
2811 4445 2859 4497 οἱ
2893 4446 3020 4516 περὶ
3044 4446 3256 4502 Παῦλον
3286 4451 3382 4505 καὶ
3407 4452 3632 4524 Πέτρον.
3660 4457 3756 4510 καὶ

2077 4527 2278 4590 πάντες
2313 4527 2427 4581 ὅσοι
2454 4527 2706 4592 τοιοῦτοι,
2737 4529 2926 4603 ὥσπερ
2954 4529 3046 4587 οὖν
3079 4536 3173 4589 καὶ
3200 4538 3368 4601 είσὶν,
3393 4539 3508 4593 ἀλλ’
3535 4540 3750 4613 ἀνθρω-

2076 4615 2167 4668 ποί
2193 4616 2300 4668 είσι
2323 4655 2338 4681 ,
2367 4616 2462 4702 καὶ
2481 4615 2691 4670 δέονται
2715 4617 2915 4690 πολλῆς
2934 4637 2999 4689 γε
3018 4622 3117 4692 τῆς
3140 4624 3459 4694 ἀσφαλείας,
3490 4629 3571 4692 είς
3588 4628 3650 4681 τὸ
3675 4629 3751 4702 μὴ

2078 4699 2278 4785 ῥᾳδίως
2305 4700 2627 4773 ἐπαίρεσθαι
2647 4719 2660 4732 ο
2704 4705 2798 4757 καὶ
2835 4706 3069 4776 μάλιστα
3103 4707 3220 4782 [10]
3253 4713 3470 4766 πάντων
3502 4716 3551 4768 οί
3580 4699 3745 4785 ἅγιοι.

2072 4784 2242 4841 Οὐδὲν
2270 4788 2380 4861 γάρ
2408 4787 2580 4853 οὕτως
2609 4791 2688 4855 είς
2722 4791 2982 4848 ἀπόνοιαν
3022 4796 3197 4868 αίρειν
3223 4799 3432 4867 είωθεν,
3462 4802 3537 4865 ώς
3572 4784 3747 4858 συνει-

2191 4875 2362 4945 γέμον
2415 4876 2890 4962 κατορθωμάτων,
2924 4882 3020 4936 καὶ
3059 4883 3204 4956 ψυχὴ
3245 4885 3385 4957 μετά
3434 4891 3746 4962 παρρησίας

2070 4959 2366 5024 ζῶσα.”1να
2395 4959 2487 5017 οὑν
2502 4965 2663 5035 μηδὲν
2682 4968 2923 5023 τοιοῦτον
2942 4974 3221 5042 πάσχωσιν
3238 4975 3455 5037 ἐκεῖνοι,
3478 4980 3603 5039 τοὺς
3621 4995 3745 5033 πει-

2071 5051 2314 5120 ρασμοὺς
2352 5053 2443 5105 καὶ
2470 5052 2569 5117 τάς
2593 5053 2800 5126 θλίψεις
2828 5058 3205 5132 συνεχώρησεν
3245 5056 3402 5127 εἶναι,
3439 5064 3744 5136 δυναμένας

2068 5137 2263 5202 αὑτοὺς
2290 5141 2670 5196 καταστέλλειν
2700 5145 2794 5198 καὶ
2822 5145 3029 5199 πείθειν
3061 5148 3374 5219 μετριάζειν
3417 5155 3475 5207 ὲν
3519 5155 3741 5210 ἅπασιν.

2135 5223 2221 5314 ζ’.
2242 5228 2362 5281 Ὅτι
2378 5228 2435 5282 δὲ
2458 5230 2552 5283 καὶ
2570 5231 2652 5293 είς
2671 5231 2733 5285 τὸ
2752 5232 3025 5304 δειχθῆναι
3040 5234 3133 5288 τοῦ
3171 5236 3307 5291 Θεοῦ
3346 5239 3448 5314 τὴν
3488 5242 3638 5314 ίσχὺν
3671 5243 3741 5297 τά

2067 5312 2280 5382 μεγάλα
2316 5315 2474 5369 τοῦτο
2517 5316 2650 5369 αὑτὸ
2694 5319 2955 5385 συντελεῖ,
2995 5322 3087 5376 καὶ
3130 5323 3289 5379 τοῦτο
3319 5312 3739 5403 ἀκουσονήπαρά

2061 5396 2156 5451 τοῦ
2180 5398 2345 5452 αὑτοῦ
2367 5400 2688 5463 ἀποστόλου,
2706 5403 2864 5459 τοῦτο
2886 5409 3149 5483 πρότερον
3175 5413 3479 5487 εἰρηκότος.
3497 5416 3613 5472 Ἵνα
3629 5396 3738 5491 γάρ

2065 5485 2141 5558 μὴ
2176 5486 2360 5560 λέγῃς,
2391 5489 2418 5541 ὃ
2441 5506 2494 5541 τι
2519 5490 2567 5542 οἱ
2596 5491 2813 5547 ἄπιστοι
2838 5498 3138 5566 νομίζουσι,
3167 5502 3258 5555 τὸν
3282 5485 3414 5557 Θεὸν
3444 5504 3534 5559 τὸν
3563 5485 3735 5564 ταῦτα

2063 5575 2448 5645 συγχωροῦντα
2473 5577 2673 5649 ἀσθενῆ
2708 5597 2829 5634 τινα
2854 5578 3012 5649 εἶναι,
3035 5590 3130 5642 καὶ
3149 5590 3224 5659 μὴ
3255 5590 3554 5663 δυνάμενον
3576 5597 3733 5670 ἐξαρο

2060 5666 2228 5719 πάσαι
2250 5666 2362 5720 τῶν
2394 5667 2652 5721 κινδύνων
2676 5672 2802 5735 τοὺς
2827 5673 3040 5739 ἑαυτοῦ,
3073 5681 3379 5749 συγχωρεῖν
3403 5682 3604 5750 αὑτοὺς
3638 5666 3737 5742 κα-

2058 5755 2287 5810 κοῦσθαι
2323 5757 2578 5830 συνεχῶς.
2629 5762 2738 5815 Καὶ
2785 5763 2943 5816 τοῦτο
2986 5767 3201 5832 σκόπει,
3253 5766 3371 5829 πῶς
3418 5768 3510 5823 διὰ
3534 5775 3738 5832 τούτων

2124 5910 2149 5981 ς
2172 5912 2301 5981 Sqin
2349 5920 2401 5981 et
2421 5916 2503 5965 alii
2525 5918 2720 5981 ἀποστ,
2742 5918 2932 5981 πάντως
2949 5918 3068 5968 ἄν...
3095 5924 3215 5974 εἶναι
3239 5918 3394 5979 ἓτερον
3416 5936 3472 5981 μ.

2125 5977 2149 6015 Β
2172 5974 2271 6024 Alii
2296 5980 2510 6037 ζήλωσον
2536 5976 2744 6039 ΙΙοιῦλον,
2764 5980 2843 6027 καὶ
2868 5979 3103 6036 ζήλωσον.
