4074 6218
298 353 376 408 (ὶὸ
1089 345 1146 400 S.
1183 339 1467 398 JOANNIS
1507 335 2002 395 CHRISOSTOMI
2041 334 2366 392 ARCHIEP.
2413 329 2964 390 CONS'I'ANTINOP.
3687 329 3764 386 26

301 467 583 532 ἀπέδειξεν
633 465 661 516 ό
708 461 936 526 Παῦλος,
985 461 1216 525 δεικνὺς,
1267 460 1349 512 ὅτι
1395 459 1454 512 οὐ
1495 457 1654 528 μόνον
1689 453 1972 508 ἀσθένειαν

301 553 468 607 αὑτοῦ
490 552 549 605 οὐ
565 553 856 622 κατηγορεῖ
870 550 938 603 τὰ
958 548 1235 618 γινόμενα,
1259 545 1393 599 ἀλλά
1413 546 1508 598 καὶ
1527 542 1786 615 μειζόνως
1807 539 1973 594 αὑτοῦ

299 641 403 710 τήν
439 639 667 709 δύναμιν
701 637 1062 690 ἐπιδείκνυται
1090 636 1281 687 πᾶσιν·
1309 631 1476 686 εἰπὼν
1495 631 1623 702 γὰρ,
1644 631 1724 683 ὅτι
1765 625 1970 693 Ἐδόθη

296 743 402 795 μοι
433 726 676 792 σκόλοψ
703 722 776 792 τῇ
802 723 1002 790 σαρκὶ,
1034 720 1289 790 ἄγγελος
1321 717 1535 781 σατᾱν,
1563 717 1664 769 ἵνα
1687 731 1764 784 με
1797 717 1976 767 κολα-

301 811 462 882 φίζῃ·
487 813 577 866 καὶ
599 813 723 875 τούς
747 811 1077 881 ἐπαλλήλους
1121 809 1456 877 πειρασμούς
1476 804 1562 857 διὰ
1591 803 1781 856 τούτου
1807 801 1978 872 δηλώ-

305 917 428 963 σας,
457 901 764 971 ἐπήγαγεν·
809 898 867 949 Ὺ
865 896 976 964 πὲρ
1023 897 1234 948 τούτου
1269 895 1396 960 τρὶς
1435 890 1544 944 τὸν
1577 891 1796 958 Κύριον
1827 901 1974 956 παρ-

300 987 587 1051 εκάλεσα,
619 987 720 1040 ἵνα
742 983 982 1052 ἀποστῇ
1001 983 1101 1037 ἀπ’
1129 980 1302 1051 ἐμοῦ’
1341 980 1436 1033 καὶ
1463 976 1596 1033 εἶ’πέ
1616 994 1744 1048 μοι·
1789 976 1980 1046 Ἀρκεῖ

303 1091 402 1128 σοι
424 1075 460 1141 ἡ
488 1075 658 1142 χάρις
668 1089 806 1144 μου·
829 1073 866 1139 ἡ
892 1073 999 1142 γὰρ
1015 1070 1266 1139 δύναμίς
1279 1086 1398 1138 μου
1419 1069 1488 1122 ὲν
1499 1067 1782 1132 ἀσθενείᾳ
1795 1069 1976 1120 τελει-

301 1160 493 1215 οῦται.
523 1161 655 1212 Τότε
686 1178 784 1230 μου
809 1159 1080 1212 δείκνυται
1103 1159 1136 1227 ή
1164 1158 1412 1226 δύναμις,
1445 1154 1628 1225 φησὶν,
1669 1155 1795 1206 ὅταν
1819 1152 1976 1221 ὑμεῖς

301 1249 362 1296 ὲν
384 1245 636 1316 ἀσθενείᾳ
667 1243 761 1318 ἦτε
785 1263 798 1276 ·
835 1247 928 1298 καὶ
951 1246 1016 1297 δι’
1047 1243 1197 1314 ὑμῶν
1217 1244 1326 1296 τῶν
1353 1241 1654 1295 δοκούντων
1679 1239 1922 1294 ἀσθενεῖν
1947 1242 1976 1292 6

303 1334 395 1385 τοῦ
432 1333 777 1406 κηρύγματος
813 1333 1032 1398 αὒξεται
1055 1333 1227 1399 λόγος,
1263 1332 1356 1383 καὶ
1383 1329 1656 1400 πανταχοῦ
1687 1327 1979 1381 κατασπεί-

305 1437 477 1489 ρεται.
502 1424 623 1473 Ὀτε
647 1421 772 1489 γοῦν
789 1423 865 1484 εἰς
883 1421 941 1472 τὸ
956 1421 1325 1490 δεσμωτήριον
1347 1419 1544 1488 μυρίας
1563 1416 1740 1470 λαϐὼν
1759 1415 1975 1485 πληγάς

305 1505 620 1574 εἰσηνέχθη,
661 1506 750 1560 τὸν
787 1505 1170 1576 δεσμοφύλακα
1199 1505 1384 1576 ἔδησεν
1405 1521 1417 1533 ·
1454 1507 1511 1556 ἐν
1557 1503 1634 1574 τῷ
1668 1501 1808 1572 ξύλῳ
1835 1498 1975 1570 ἦσαν

301 1592 352 1643 οἱ
387 1593 563 1655 πόδες,
612 1594 669 1646 ἐν
711 1595 776 1663 τῇ
809 1592 994 1645 ἁλύσει
1039 1594 1093 1644 αἱ
1129 1595 1328 1662 χεῖρες,
1373 1591 1464 1643 καὶ
1499 1590 1558 1642 τὸ
1600 1589 1975 1660 δεσμωτήριον

303 1679 508 1732 ἐσείετο
552 1680 694 1733 κατά
725 1681 894 1751 μέσην
932 1679 1029 1751 τὴν
1058 1679 1250 1742 νύκτα,
1287 1678 1596 1750 ὑμνούντων
1627 1677 1825 1731 αὐτῶν.

385 1764 544 1838 Ὁρᾷς
579 1766 697 1830 πῶς
727 1771 759 1837 ή
795 1767 1024 1837 δύναμις
1056 1766 1219 1820 αὐτοῦ
1266 1767 1322 1818 ἐν
1358 1765 1606 1836 ἀσθενείᾳ
1643 1762 1970 1829 ἐτελειοῦτος

301 1852 366 1905 Εἰ
385 1849 450 1923 ἦν
479 1855 765 1926 λελυμένος
787 1859 812 1908 6
831 1854 1060 1917 Παῦλος,
1081 1856 1170 1907 καὶ
1191 1853 1398 1906 ἔσεισεν
1415 1865 1439 1893 ι
1466 1856 1641 1906 ἐκεῖνο
1661 1852 1720 1906 τὸ
1745 1851 1978 1922 οἴκημα,⁴

291 1929 401 1992 οὐκ
428 1937 493 2011 ἦν
525 1942 664 1994 οὕτω
705 1942 1013 2012 θαυμαστὸν
1040 1942 1100 1994 τὸ
1141 1941 1442 2011 γινόμενον.
1475 1941 1574 1993 Διὰ
1602 1939 1776 2000 τοῦτο,
1817 1940 1970 2011 φησὶ,

306 2027 432 2095 μένε
470 2029 772 2097 δεδεμένος,
819 2030 912 2081 καὶ
969 2029 1378 2082 σαλευέσθωσαν
1413 2029 1461 2081 οί
1489 2031 1657 2097 τοῖχοι
1685 2026 1968 2090 πάντοθεν,

302 2115 394 2166 καὶ
423 2114 731 2169 λυέσθωσαν
757 2119 804 2171 οί
831 2118 1125 2188 δεσμῶται,
1158 2118 1242 2170 ἴνα
1271 2115 1532 2188 μειζόνως
1554 2119 1586 2186 ή
1605 2108 1838 2184 δύναμίς
1868 2131 1970 2184 μου

301 2203 555 2274 φαίνηται
578 2205 664 2258 διὰ
689 2209 781 2259 σοῦ
803 2207 895 2260 τοῦ
920 2209 1284 2278 κατεχομένου
1309 2207 1403 2260 καὶ
1441 2224 1503 2258 συ
1513 2205 1968 2276 μπεποδισμένου,

299 2290 408 2343 τῶν
435 2291 731 2362 δεδεμένων
757 2294 1031 2365 λυομένων
1071 2295 1347 2349 ἁπάντων.
1387 2295 1558 2346 Τοῦτο
1592 2289 1686 2348 οῦν
1723 2293 1854 2346 αὐτὸ
1876 2295 1972 2348 καὶ

297 2379 388 2431 τὸν
416 2379 798 2449 δεσμοφύλακα
822 2381 1080 2453 ἐξέπληξε
1105 2383 1248 2444 τότε,
1277 2384 1358 2435 ὅτι
1383 2382 1518 2452 μετὰ
1543 2381 1810 2452 τοσαύτης
1839 2397 1974 2434 κατέ

298 2466 556 2536 ἐχόμενος
591 2470 855 2540 ἀνάγκης,
911 2469 976 2522 δι’
1004 2471 1166 2541 εὐχῆς
1201 2471 1368 2541 μόνης
1396 2471 1578 2539 ἴσχυσε
1622 2471 1719 2540 μὲν
1758 2469 1970 2534 τινάξαι

296 2553 364 2605 τὰ
393 2553 634 2623 θεμέλια.
663 2556 997 2610 ἀναπετάσαι
1025 2557 1078 2609 δὲ
1114 2559 1211 2620 τὰς
1245 2556 1413 2626 θύρας
1443 2557 1534 2609 τοῦ
1569 2557 1966 2627 δεσμωτηρίου,

296 2641 388 2693 καὶ
405 2641 561 2695 λῦσαι
579 2643 826 2706 τοὺςδεδε
836 2643 1026 2715 μένους
1045 2645 1308 2706 ἅπαντας.
1327 2645 1439 2696 Οὐκ
1460 2643 1691 2696 ἐνταῦθα
1709 2643 1764 2696 δέ
1785 2645 1965 2713 μόνον,

295 2729 430 2782 ἀλλὰ
457 2733 548 2784 καὶ
573 2733 666 2785 ἐπὶ
695 2733 922 2800 Πέτρου,
949 2733 1044 2785 καὶ
1069 2733 1156 2785 ἐπ’
1186 2732 1349 2785 αὐτοῦ
1375 2732 1468 2784 τοῦ
1495 2731 1728 2794 Παύλου,
1760 2733 1851 2784 καὶ
1878 2733 1969 2785 ἐπὶ

294 2817 402 2870 τῶν
444 2818 617 2872 ἄλλων
652 2820 708 2872 δὲ
742 2821 1052 2874 ἀποστόλων
1089 2821 1186 2874 ίδοι
1233 2837 1316 2883 τις
1362 2819 1426 2874 ἂν
1469 2819 1763 2889 συμϐαῖνον
1811 2818 1968 2873 τοῦτο

297 2905 553 2975 συνεχῶς,
585 2909 676 2961 καὶ
703 2911 817 2972 τοῖς
841 2909 1098 2980 διωγμοῖς
1121 2910 1218 2978 τὴν
1236 2907 1394 2980 χάριν
1419 2907 1512 2960 τοῦ
1539 2906 1673 2960 Θεοῦ
1701 2909 1788 2960 ἀεὶ
1810 2909 1968 2962 ἐπαν-

297 2990 516 3058 θοῦσαν,
540 2996 632 3048 καὶ
655 2999 774 3060 ταῖς
799 2995 1010 3066 θλίψεσι
1039 2997 1547 3068 παραφαινομένην,
1576 2998 1669 3048 καὶ
1697 2995 1839 3049 οὑτω
1868 2997 1965 3068 τὴν

294 3079 520 3152 δύναμιν
554 3083 717 3136 αὑτοῦ
745 3085 1139 3156 κηρύττουσαν.
1175 3086 1374 3156 Διόπερ
1410 3085 1616 3154 ἐλεγεν,
1654 3085 1842 3154 Ἀρκεῖ
1865 3101 1966 3141 σοι

293 3167 334 3235 ἡ
360 3167 530 3238 χάρις
544 3188 684 3240 μου·
709 3173 746 3238 ὴ
765 3173 871 3240 γὰρ
898 3171 1148 3242 δύναμίς
1169 3189 1288 3241 μου
1313 3173 1382 3226 ἐν
1404 3174 1684 3240 ἀσθενείᾳ
1709 3173 1967 3228 τελειοῦ-

293 3272 408 3311 ται.
445 3257 564 3310 Ὀτι
597 3258 652 3312 δέ
678 3259 770 3311 καὶ¹
793 3259 1016 3331 μείζονα
1048 3261 1146 3330 τῆς
1173 3260 1518 3333 ἀνθρωπίνης
1548 3261 1762 3330 φύσεως
1783 3263 1966 3316 πολλοὶ

293 3344 552 3411 πολλάκις
582 3347 802 3418 ἔμελλον
833 3349 1156 3403 ὑποπτεύειν
1181 3353 1308 3421 περὶ
1328 3351 1526 3414 αὐτῶν,
1560 3353 1607 3404 εί
1631 3351 1704 3424 μὴ
1730 3353 1966 3406 τοσαῦτα

296 3433 601 3504 πάσχοντας
624 3437 829 3509 ἐώρων,
861 3438 1089 3491 ἄκουσον
1127 3437 1243 3502 πῶς
1263 3439 1396 3492 αὐτὸ
1421 3438 1653 3492 δέδοικεν
1680 3443 1708 3494 6
1735 3441 1963 3506 Παῦλος.

307 3523 442 3576 Ἐὰν
457 3524 565 3596 γὰρ
581 3526 676 3578 καί
694 3529 950 3597 θελήσω,
979 3530 1131 3600 φησὶ,
1157 3529 1602 3600 καυχήσασθαι,
1627 3533 1737 3585 οὐκ
1754 3532 1967 3602 ἔσομαι

292 3609 514 3679 ἄφρων·
547 3614 816 3685 φείδομαι
844 3615 931 3680 δὲ,
953 3617 1145 3686 μήτις
1172 3621 1260 3685 είς
1276 3618 1382 3687 ἐμὲ
1413 3621 1730 3689 λογίσηται
1755 3620 1905 3691 ὑπὲρ
1933 3621 1964 3676 ὃ

287 3697 506 3761 βλέπει
535 3718 632 3769 με,
673 3703 712 3771 ἢ
745 3704 949 3758 ἀκούει
990 3723 1044 3757 τι
1075 3706 1144 3769 ἐξ
1168 3705 1336 3776 ἐμοῦ.
1374 3705 1437 3758 Τί
1466 3707 1521 3760 δέ
1551 3709 1698 3762 ἐστιν
1725 3709 1752 3761 6
1781 3709 1960 3778 λέγεις

307 3785 631 3858 Ἢδυνάμην,
681 3793 834 3862 φησὶ,
876 3794 1054 3864 πολλῷ
1081 3795 1302 3860 μείζονα
1339 3794 1594 3868 θαύματα
1626 3800 1817 3861 εἰπεῖν,
1850 3799 1964 3853 ἀλλ’

291 3873 350 3924 οὐ
374 3873 654 3946 βούλομαι,
680 3880 887 3950 μήποτε
912 3880 958 3952 [l
975 3881 1027 3952 l]
1047 3881 1104 3934 τὸ
1125 3883 1350 3952 μέγεθος
1366 3883 1474 3936 τῶν
1493 3886 1731 3955 σημείων
1745 3887 1965 3956 μείζονα

292 3963 422 4032 περὶ
438 3962 569 4032 ἐμοῦ
587 3966 698 4026 τοῖς
719 3966 1024 4036 ἀνθρώποις
1052 3969 1304 4023 ὑπόνοιαν
1321 3974 1669 4043 παραστήσῃ.
1695 3975 1790 4026 Διὰ
1809 3975 1965 4028 τοῦτο

291 4048 384 4100 καὶ
415 4050 465 4101 οἱ
495 4051 624 4120 περὶ
651 4052 741 4105 τὸν
768 4053 992 4124 Πέτρον,
1034 4057 1222 4127 ἐπειδὴ
1249 4057 1340 4110 τὸν
1363 4058 1534 4128 χωλὸν
1555 4057 1841 4129 ὤρθωσαν,
1871 4063 1965 4116 καὶ

291 4138 490 4201 πάντες
513 4133 654 4209 ἦσαν
682 4143 968 4211 κεχηνότες
991 4144 1127 4215 πρὸς
1149 4145 1364 4208 αὐτοὺς,
1391 4146 1843 4212 καταστέλλοντες
1863 4152 1963 4203 αὑ-

290 4225 436 4288 τοὺς,
468 4226 562 4278 καὶ
590 4227 867 4293 πείθοντες
894 4230 968 4293 ὡς
997 4231 1149 4284 οὐδὲν
1181 4232 1311 4304 παρ’
1341 4233 1568 4297 ἑαυτῶν,
1613 4235 1733 4286 οὐδὲ
1755 4235 1964 4294 οἴκοθεν

290 4312 650 4380 ἐπεδείξαντο,
679 4317 917 4387 λέγουσι·
957 4321 1018 4374 Τί
1045 4318 1188 4390 ἡμῖν
1212 4319 1518 4383 ἀτενίζετε,
1544 4322 1623 4387 ὡς
1653 4323 1769 4390 ίδίᾳ
1793 4323 1964 4378 δυνά-

289 4416 383 4466 ιιει
417 4400 456 4470 ἢ
491 4404 764 4472 εὐσεϐείᾳ
807 4407 1168 4475 πεποιηκόσι
1213 4408 1320 4462 τοῦ
1357 4409 1705 4477 περιπατεῖν
1743 4413 1963 4478 αὐτόν;

289 4485 395 4539 Καὶ
436 4488 593 4542 πάλιν
628 4493 684 4544 ἐν
724 4493 988 4565 Λύστροις
1033 4495 1092 4548 οὐ
1141 4495 1300 4566 μόνον
1335 4490 1474 4568 ἦσαν
1501 4496 1960 4570 ἐκπεπληγμένοι,

289 4579 427 4634 ἀλλά
468 4582 562 4633 καὶ
607 4581 842 4652 ταύρους
879 4583 1322 4652 στεφανώσαντες
1363 4585 1620 4654 ἤνεγκαν,
1661 4589 1755 4641 καὶ
1801 4589 1961 4646 θῦσαι

288 4669 608 4743 ἐπεχείρουν
651 4671 728 4742 τῷ
765 4669 961 4742 Παύλῳ
995 4672 1089 4725 καὶ
1119 4672 1197 4742 τῷ
1229 4674 1503 4746 Βαρνάϐᾳ.
1543 4675 1685 4745 Ὅρα
1716 4677 1960 4733 διαϐόλου

289 4759 654 4832 κακουργίανο
693 4759 760 4813 δι’
805 4755 880 4814 ὧν
927 4763 955 4814 6
996 4761 1198 4832 Κύριος
1235 4761 1532 4827 ἐσπούδαζε
1569 4763 1668 4835 τήν
1707 4766 1961 4822 ἀσέϐειαν

286 4849 590 4923 ἐκκαθᾶραι
632 4853 731 4922 τῆς
768 4851 1124 4923 οἰκουμένης,
1167 4851 1256 4905 διὰ
1295 4851 1496 4906 τούτων
1533 4853 1702 4926 αὐτὴν
1757 4855 1960 4922 ἐκεῖνος

286 4940 598 5010 εἰσαγαγεῖν
633 4942 952 5009 ἐσπούδαζε,
1000 4943 1162 4998 πάλιν
1201 4943 1400 4999 πείθων
1442 4945 1762 5018 ἀνθρώπους
1804 4951 1960 5016 θεοὺς

285 5025 541 5097 νομίζειν,
569 5029 598 5081 ὃ
636 5031 730 5084 καὶ
763 5033 820 5086 ἐν
853 5033 968 5097 τοῖς
995 5031 1302 5104 ἔμπροσθεν
1341 5031 1554 5103 χρόνοις
1577 5035 1816 5108 ἐποίησε.
1849 5041 1958 5094 Καὶ

284 5112 442 5166 τοῦτο
481 5117 715 5184 μάλιστά
757 5122 924 5187 ἐστιν,
961 5121 989 5174 ὃ
1029 5121 1126 5192 τῆς
1163 5121 1604 5196 εἰδωλολατρείας
1642 5126 1739 5198 τὴν
1785 5127 1957 5199 ἀρχὴν

286 5201 380 5253 καὶ
408 5199 507 5271 τὴν
531 5203 684 5274 ῥίζαν
711 5205 995 5278 εἰσήγαγε.
1015 5209 1206 5263 Πολλοὶ
1228 5211 1336 5284 γὰρ
1361 5213 1456 5266 καὶ
1477 5212 1744 5283 πολέμους
1768 5231 1961 5285 κατορ-

286 5286 578 5354 θώσαντες,
609 5292 703 5344 καὶ
735 5295 966 5365 τρόπαια
1000 5299 1314 5370 στήσαντες,
1341 5301 1436 5355 καὶ
1464 5301 1648 5366 πόλεις
1671 5303 1958 5375 οἰκοδομή-

285 5393 496 5446 σαντες,
527 5378 622 5433 καὶ
653 5379 815 5451 ἐτερά
841 5400 961 5436 τινα
975 5387 1198 5443 τοιαῦτα
1219 5391 1330 5454 τοῖς
1365 5390 1485 5444 τότε
1513 5390 1540 5430 b
1573 5391 1958 5463 εὐεργετήσαν-

281 5481 392 5527 τες,
425 5466 536 5520 θεοὶ
569 5467 718 5538 παρά
741 5471 852 5532 τοῖς
884 5471 1096 5536 πολλοῖς
1125 5477 1505 5548 ἐνομίσθησαν,
1552 5480 1646 5534 καὶ
1673 5483 1816 5544 ναοῖς
1849 5482 1956 5533 ἐτι-

285 5554 536 5624 μήθησαν
570 5556 664 5609 καὶ
696 5555 920 5626 βωμοῖς,
953 5561 1046 5612 καὶ
1098 5566 1204 5626 πᾶς
1237 5568 1266 5618 6
1303 5567 1411 5622 τῶν
1451 5567 1779 5639 Ἑλληνικῶν
1819 5568 1955 5623 θεῶν

281 5643 581 5713 κατάλογος
603 5646 708 5700 ἀπὸ
740 5645 944 5700 τούτων
977 5648 1258 5717 σύγκειται
1286 5654 1393 5706 τῶν
1417 5656 1737 5728 ἀνθρώπων.

353 5732 470 5788 Ἵνα
483 5729 576 5788 οὖν
607 5735 681 5807 μή
711 5738 802 5788 καὶ
828 5736 921 5788 ἐπὶ
947 5736 1054 5790 τῶν
1073 5738 1241 5806 ἁγίων
1266 5739 1422 5795 τοῦτο
1447 5743 1690 5815 γένηται,
1715 5747 1952 5818 συνεχώ-

283 5837 448 5890 ρησεν
491 5823 687 5886 αὐτοὺς
725 5822 1039 5880 ἐλαύνεσθαι
1073 5825 1333 5897 συνεχῶς,
1367 5830 1744 5902 μαστίζεσθαι,
1769 5837 1951 5907 ἀρρω-

351 5943 374 5970 ⁸
399 5943 495 5991 ΑΙῙὶ
519 5947 598 5993 καὶ
623 5947 819 5998 ἐσείετο.

346 6002 374 6040 δ
396 6005 492 6054 Alli
517 6009 623 6064 τούς
643 6010 768 6059 τότε.

2083 450 2256 512 στίαις
2303 451 2684 521 περιπίπτειν,
2728 448 2815 500 ἵνα
2855 448 2890 516 ἡ
2928 443 3029 513 τῆς
3079 441 3398 514 σωματικῆς
3445 443 3765 514 ἀρρωστίας

2081 537 2351 608 ὑπερϐολὴ
2387 547 2408 576 θ
2455 538 2550 590 καὶ
2577 536 2684 590 τῶν
2729 532 3052 604 πειρασμῶν
3099 531 3160 584 τὸ
3202 529 3405 600 πλῆθος
3436 531 3600 602 πείσει
3630 533 3763 596 τοὺς

2083 625 2350 698 παρόντας
2395 625 2533 686 τότε,
2573 626 2654 677 ὅτι
2693 623 2786 676 καὶ
2833 621 3110 690 ἄνθρωποι
3153 615 3291 690 ἦσαν
3322 621 3372 671 οἱ
3418 620 3487 673 τὰ
3533 620 3766 676 τοιαῦτα

2081 711 2650 784 θαυματουργοῦντες,
2690 713 2783 764 καὶ
2841 709 2992 762 οὐδὲν
3043 708 3172 779 παρ’
3210 705 3421 761 ἐαυτῶν
3453 707 3762 779 εἰσέφερον,

2080 797 2214 851 ἀλλά
2241 800 2422 870 γυμνὴ
2445 803 2480 871 ἡ
2507 800 2666 872 χάρις
2691 799 2755 851 δι’
2784 796 3006 851 ἐκείνων
3029 796 3206 850 πάντα
3231 793 3538 866 εἰργάζετο.
3565 796 3630 848 Εἰ
3653 798 3768 871 γὰρ

2076 890 2203 950 τοὺς
2249 889 2421 960 μικρά
2467 891 2563 942 καὶ
2610 887 2802 954 εὐτελῆ
2857 886 3229 954 πεποιηκότας
3284 883 3442 946 θεοὺς
3479 884 3764 955 ἐνόμισαν,

2079 975 2260 1045 πολλῷ
2304 976 2525 1047 μᾶλλον,
2574 978 2622 1029 εἰ
2659 975 2822 1046 μηδὲν
2861 974 3098 1042 ἐπασχον
3131 973 3496 1044 ἀνθρώπινον,
3538 973 3766 1040 τούτους

2077 1063 2437 1116 ὑπώπτευσαν
2469 1063 2554 1129 ἂν,
2579 1063 2801 1118 τοιαῦτα
2833 1062 3264 1132 ἐργασαμένους,
3299 1055 3388 1114 οἷα
3406 1061 3582 1126 οὐδεὶς
3609 1064 3764 1117 οὐδέ-

2047 1168 2210 1203 -ποτε
2237 1153 2338 1205 οὐκ
2367 1149 2536 1218 εἶδεν,
2579 1151 2699 1204 οὐδέ
2729 1153 2980 1221 ἤκουσεν.
3011 1151 3182 1202 Ὅπου
3207 1148 3318 1220 γάρ
3348 1151 3762 1222 μαστιζομένων

2076 1239 2276 1300 αὐτῶν,
2320 1239 2792 1310 κρημνιζομένων,
2841 1236 3226 1308 δεσμουμένων
3260 1235 3309 1302 ἀ,
3361 1238 3754 1310 ἐλαυνομένων,

2076 1330 2197 1383 καθ’
2243 1330 2478 1401 ἑκάστην
2522 1329 2937 1382 κινδυνευόντων
2981 1326 3218 1398 ἡμέραν,
3262 1326 3412 1396 ὅμως
3457 1327 3756 1382 κατέπεσόν

2075 1434 2220 1482 τινες
2264 1419 2343 1481 είς
2375 1418 2472 1489 τὴν
2511 1417 2680 1485 ἀσεϐῆ
2724 1417 2927 1486 ταύτην
2980 1415 3260 1478 ὑπόνοιαν,
3320 1414 3503 1486 πολλῷ
3537 1415 3758 1486 μᾶλλον,

2075 1507 2124 1557 εί
2161 1505 2326 1576 μηδὲν
2354 1504 2585 1575 ἔπασχον
2614 1503 2972 1575 ἀνθρώπινον,
3009 1501 3165 1556 τοῦτο
3189 1500 3257 1554 ἂν
3298 1503 3764 1575 ὑπωπτεύθησαν.

2143 1593 2214 1662 η’.
2248 1591 2414 1662 Τρίτη
2432 1592 2528 1661 μὲν
2555 1586 2646 1644 οῦν
2663 1595 2809 1644 ἐστιν
2839 1588 3442 1661 αὑτηήτῆςκακώσεως
3469 1592 3646 1645 αἰτία·
3679 1611 3764 1646 τε-

2073 1677 2246 1748 τάρτη
2277 1679 2355 1742 δὲ,
2398 1679 2459 1730 τὸ
2487 1679 2560 1748 μὴ
2597 1677 2910 1750 νομίζεσθαι
2949 1678 3076 1741 τοὺς
3114 1676 3304 1746 ἁγίους
3329 1679 3415 1731 ἐπ’
3451 1678 3629 1733 ἐλπίδι
3661 1682 3765 1752 τῆς

2074 1764 2358 1836 παρούσης
2373 1765 2677 1835 εὐπραγίας
2699 1765 2791 1818 τὸν
2815 1765 2944 1818 Θεὸν
2969 1765 3309 1837 θεραπεύειν.
3329 1767 3438 1820 Καὶ
3449 1766 3558 1840 γάρ
3577 1768 3766 1823 πολλοὶ

2073 1849 2182 1903 τῶν
2242 1853 2300 1904 ἐν
2349 1851 2604 1923 ἀσελγείᾳ
2642 1849 2858 1914 ζώντων
2905 1852 3057 1922 παρὰ
3105 1851 3318 1905 πολλῶν
3371 1853 3762 1924 ἐγκαλούμενοι

2075 1937 2356 2004 πολλάκις,
2388 1937 2484 1991 καὶ
2511 1938 2647 2010 πρὸς
2677 1939 2802 2002 τοὺς
2832 1939 2930 2009 τῆς
2957 1939 3156 2012 ἀρετῆς
3189 1938 3504 2010 καλούμενοι
3530 1942 3754 2007 πόνους,

2075 2025 2169 2077 καὶ
2207 2024 2319 2077 τῶν
2361 2025 2530 2092 ἁγίων
2565 2025 3062 2095 ἐγκωμιαζομένων
3098 2025 3386 2088 ἀκούοντες
3421 2027 3512 2078 ἐπὶ
3542 2030 3610 2096 τῇ
3641 2029 3753 2082 τῶν

2073 2112 2260 2164 δεινῶν
2291 2112 2545 2183 εὐψυχίᾳ,
2579 2111 2687 2166 ἀπὸ
2715 2113 2922 2166 τούτων
2958 2111 3267 2166 διαϐάλλειν
3308 2114 3505 2178 αὐτοὺς
3548 2117 3753 2185 ἐπιχει-

2075 2199 2260 2270 ροῦσι·
2302 2201 2395 2253 καὶ
2431 2201 2532 2253 οὐκ
2574 2199 2848 2273 ἄνθρωποι
2884 2201 3065 2272 μόνον,
3099 2201 3235 2256 ἀλλά
3266 2203 3362 2256 καὶ
3399 2202 3562 2266 αὐτὸς
3589 2205 3617 2257 6
3641 2204 3760 2257 διὰ-

2073 2286 2224 2350 ϐολος
2252 2288 2382 2340 αὐτὸ
2401 2287 2558 2341 τοῦτο
2587 2287 2961 2342 ὑπώπτευσεν.
2991 2289 3209 2361 Ἐπειδὴ
3233 2291 3342 2362 γὰρ
3373 2291 3402 2343 6
3437 2289 3561 2344 Ἰὼϐ
3593 2291 3761 2346 πολὺν

2073 2375 2460 2447 περιεϐέϐλητο
2493 2375 2742 2440 πλοῦτον,
2788 2379 2881 2430 καὶ
2923 2377 3126 2448 πολλῆς
3161 2378 3438 2450 ἀπήλαυεν
3471 2381 3759 2451 εὐπορίας,

2069 2463 2459 2534 ὀνειδιζόμενος
2500 2464 2606 2517 ὑπὸ
2639 2465 2733 2516 τοῦ
2759 2463 2892 2518 Θεοῦ
2919 2465 2986 2518 δι’
3015 2465 3176 2518 αὐτὸν
3219 2469 3248 2520 6
3291 2468 3530 2539 πονηρὸς
3550 2468 3760 2540 δαίμων

2070 2551 2298 2613 ἐκεῖνος,
2331 2551 2482 2604 οὐδὲν
2513 2547 2657 2620 ἔχων
2695 2552 2892 2614 εἰπεῖν,
2939 2553 3059 2606 οὐδὲ
3093 2553 3235 2624 ὑπὲρ
3267 2554 3374 2607 τῶν
3407 2556 3526 2609 καθ’
3567 2557 3758 2612 ἐαυτὸν

2068 2636 2517 2707 ἀπολογήσασθαι
2547 2637 2932 2708 ἐγκλημάτων,
2979 2640 3102 2693 οὐδὲ
3131 2644 3251 2706 ταῖς
3274 2642 3500 2714 ἀρεταῖς
3522 2645 3760 2716 ἐπισκῆ-

2067 2725 2166 2795 ψαι
2181 2727 2274 2780 τοῦ
2297 2727 2528 2790 δικαίου,
2545 2728 2682 2801 πρὸς
2704 2729 2906 2801 ταύτην
2929 2730 3130 2793 εὐθέως
3151 2733 3488 2802 καταφεύγει
3507 2734 3605 2804 τὴν
3621 2736 3761 2790 ἀπο-

1999 2831 2016 2845 ·
2067 2812 2273 2883 λογίαν,
2297 2815 2438 2870 οὕτω
2469 2815 2640 2883 λέγων
2659 2834 2671 2846 ·
2705 2819 2764 2870 Μ
2771 2816 2804 2885 ἡ
2837 2817 3066 2886 δωρεὰν
3095 2820 3216 2872 Ἰὼϐ
3240 2819 3482 2874 σέϐεταί
3504 2837 3581 2876 σε
3597 2839 3618 2886 ;
3653 2839 3758 2878 πε-

2059 2903 2389 2973 ριέφραξας
2403 2905 2473 2960 τὰ
2487 2907 2614 2960 ἔσω
2631 2907 2818 2962 αὑτοῦ
2841 2909 2939 2961 καὶ
2962 2908 3180 2972 τὰέξω,
3207 2911 3330 2963 Ἐπὶ
3349 2912 3548 2982 μισθῷ,
3565 2915 3752 2985 φησὶν,

2067 2991 2216 3044 ἐστὶν
2255 2994 2458 3056 ἐκεῖνος
2507 2993 2792 3064 ἐνάρετος,
2839 2995 3107 3066 τοσαύτης
3146 2996 3408 3069 εὐπορίας
3439 3001 3754 3060 ἀπολαύων.

2068 3079 2132 3131 Τί
2156 3075 2248 3133 οὖν
2268 3083 2296 3134 6
2315 3081 2476 3148 Θεός;
2505 3082 2836 3151 Βουλόμενος
2865 3083 3055 3150 δεῖξαι,
3083 3086 3162 3138 ὅτι
3193 3087 3292 3139 οὑκ
3313 3087 3406 3141 ἐπὶ
3427 3087 3541 3161 [12]
3575 3089 3758 3162 μισθῷ

2068 3167 2463 3238 θεραπεύουσιν
2504 3171 2666 3224 αὐτὸν
2708 3183 2730 3210 ε
2767 3174 2816 3224 οί
2853 3173 3016 3241 ἅγιοι,
3045 3174 3316 3245 περιεῖλεν
3343 3176 3505 3229 αὑτοῦ
3539 3177 3640 3249 τήν
3669 3179 3758 3232 εὐ-

2066 3258 2262 3328 πορίαν
2311 3255 2548 3324 ἃπασαν,
2603 3259 2698 3312 καὶ
2749 3259 2912 3330 πενίᾳ.
2963 3261 3284 3333 παρέδωκε,
3339 3265 3434 3318 καὶ
3480 3269 3752 3337 νοσήματι

2067 3343 2288 3413 χαλεπῷ
2313 3347 2629 3414 περιπεσεῖν
2655 3345 3054 3418 συνεχώρησεν.
3071 3347 3204 3402 Εἶτα
3229 3350 3466 3420 ἐλέγχων
3487 3353 3647 3406 αὐτὸν
3673 3354 3750 3418 ὡς

2066 3429 2188 3500 εἰκῆ
2223 3429 2396 3484 ταῦτα
2425 3431 2860 3494 ὑποπτεύσαντα,
2888 3435 3073 3505 φησὶν,
3113 3437 3194 3490 ὃτι
3228 3439 3357 3490 Ἔτι
3379 3438 3578 3507 ἔχεται
3605 3441 3748 3495 ἀκα-

2067 3517 2202 3582 κίας
2222 3533 2234 3546 ’
2279 3519 2361 3572 σὺ
2413 3519 2482 3572 δὲ
2531 3517 2707 3588 εἶπας
2750 3520 3030 3590 διακενῆς
3077 3522 3149 3578 τὰ
3179 3523 3528 3595 ὑπάρχοντα
3559 3529 3747 3584 αὐτοῦ

2065 3605 2382 3660 ἀπολέσαι.
2421 3607 2545 3672 Τοῖς
2573 3611 2682 3682 γὰρ
2713 3611 2888 3679 ἁγίοις
2920 3612 3080 3682 ἀρκεῖ
3103 3611 3262 3666 τοῦτο
3287 3616 3366 3678 είς
3396 3615 3630 3686 ἀμοιϐὴν
3655 3619 3752 3672 καὶ

2065 3693 2351 3758 ἀντίδοσιν,
2371 3695 2435 3749 τὸ
2462 3695 2784 3768 θεραπεύειν
2818 3699 2908 3752 τὸν
2937 3699 3068 3753 Θεόν
3085 3717 3098 3730 ·
3133 3701 3256 3754 ἐπεὶ
3278 3702 3372 3754 καὶ
3401 3702 3480 3773 τῷ
3506 3704 3751 3772 φιλοῦντι

2063 3781 2220 3834 τοῦτο
2266 3783 2427 3853 ἀρκεῖ
2471 3785 2551 3847 είς
2596 3785 2830 3856 ἀμοιϐὴν
2876 3785 2936 3839 τὸ
2976 3787 3149 3856 φιλεῖν
3193 3787 3284 3842 τὸν
3337 3789 3612 3860 ἐρώμενον
3653 3791 3747 3848 τὸν

2064 3868 2278 3932 ἑαυτοῦ,
2315 3870 2409 3923 καὶ
2435 3870 2594 3924 πλέον
2619 3871 2768 3924 οὐδὲν
2801 3873 3069 3945 ἐπιζητεῖ,
3095 3875 3214 3928 οὐδέ
3249 3878 3462 3947 ἡγεῖταί
3483 3895 3538 3930 τι
3564 3879 3746 3948 μεῖζον

2065 3951 2202 4008 εἶναι
2239 3956 2453 4010 τούτου.
2480 3959 2544 4010 Εἰ
2569 3957 2625 4010 δὲ
2651 3959 2736 4012 ἐπ’
2765 3960 3054 4031 ἀνθρώπου
3084 3960 3103 4000 ί
3136 3962 3313 4028 τοῦτο,
3337 3964 3517 4036 πολλῷ
3547 3966 3748 4037 μᾶλλον

2066 4043 2160 4095 ἐπὶ
2198 4043 2290 4098 τοῦ
2327 4044 2490 4097 Θεοῦ·
2534 4047 2671 4118 ὅπερ
2701 4043 2794 4100 οὖν
2829 4049 2924 4102 καὶ
2964 4052 2992 4102 6
3023 4049 3154 4114 Θεὸς
3191 4051 3359 4116 δεῖξαι
3399 4053 3748 4124 βουλόμενος,

2066 4130 2228 4184 πλέον
2257 4125 2331 4185 ὧν
2369 4133 2570 4203 ᾔτησεν
2607 4137 2634 4187 ό
2681 4135 2925 4200 διάϐολος
2952 4136 3172 4192 ἔδωκεν.
3228 4139 3463 4204 Ἐκεῖνος
3509 4141 3610 4212 μὲν
3639 4142 3750 4214 γάρ

2067 4236 2230 4290 φησιν
2254 4236 2268 4250 ο
2317 4221 2786 4285 Ἐξαπόστειλον
2819 4224 2932 4291 τὴν
2956 4224 3124 4294 χεῖρά
3157 4241 3296 4292 σου,
3331 4228 3426 4280 καὶ
3456 4227 3609 4296 ἅψαι
3642 4233 3750 4286 αὐ·-

2064 4305 2192 4361 τοῦ·
2223 4309 2252 4361 ό
2283 4308 2338 4361 δέ
2364 4309 2496 4373 Θεὸς
2529 4311 2627 4380 οὐχ
2654 4309 2847 4376 οὕτως,
2877 4311 3034 4379 ἀλλὰ,
3067 4314 3158 4367 Σοὶ
3187 4315 3347 4368 αὐτὸν
3379 4317 3746 4389 παραδίδωμι,

2065 4394 2247 4464 φησίν.
2267 4396 2536 4468 Καθάπερ
2558 4398 2668 4469 γὰρ
2685 4399 2776 4452 ἐπὶ
2805 4399 2912 4452 τῶν
2931 4399 3128 4465 ἔξωθεν
3154 4401 3380 4470 ἀγώνων
3401 4405 3451 4457 οἱ
3469 4409 3748 4476 σφριγῶν-

2061 4500 2154 4547 τες
2185 4483 2255 4538 τὰ
2283 4483 2513 4556 σώματα
2534 4487 2628 4539 καὶ
2653 4487 3001 4551 εὐεκτοῦντες
3033 4488 3140 4542 τῶν
3171 4489 3418 4562 ἀθλητῶν
3445 4493 3544 4563 οὐχ
3569 4492 3714 4546 οὕτω

2063 4574 2362 4656 φαίνονται,
2395 4577 2614 4630 ἐπειδὰν
2641 4579 2702 4632 τὸ
2729 4577 3012 4650 διάϐροχον
3042 4580 3206 4653 ἐλαίῳ
3234 4583 3500 4638 πάντοθεν
3529 4586 3740 4656 ἱμάτιον

2061 4655 2162 4714 ὦσι
2193 4663 2676 4736 περιϐεϐλημένοι,
2738 4666 2852 4719 ἀλλ’
2899 4668 3028 4720 ὅταν
3071 4670 3204 4723 αὐτὸ
3251 4672 3509 4742 ῥίψαντες
3541 4655 3743 4745 γυμνοὶ

2062 4749 2199 4821 πρὸς
2229 4751 2299 4804 τά
2335 4755 2636 4824 σκάμματα
2659 4754 2943 4820 ἐλκωνται,
2973 4758 3093 4811 τότε
3126 4760 3360 4827 μάλιστα
3385 4763 3512 4826 τοὺς
3541 4764 3741 4830 θεατάς

2060 4841 2125 4910 τῇ
2157 4839 2267 4892 τῶν
2303 4841 2478 4910 μελῶν
2513 4843 2774 4916 ἀναλογίᾳ
2799 4846 3062 4900 πάντοθεν
3084 4849 3494 4920 ἐκπλήττουσιν,
3526 4852 3740 4917 οὐδενὸς

2061 4926 2232 4997 αὐτὴν
2259 4930 2576 4984 ἐπισκιάσαι
2625 4931 2924 5002 δυναμένου
2966 4931 3182 4986 λοιπόν·
3210 4935 3352 4988 οῦτω
3387 4939 3481 4992 καὶ
3519 4941 3549 4992 ὁ
3594 4941 3738 5006 Ἰὼϐ,

2043 5011 2222 5083 ’ήνίκα
2253 5016 2352 5086 μὲν
2379 5011 2446 5087 ἦν
2475 5017 2566 5070 τὸν
2599 5017 2828 5072 πλοῦτον
2852 5019 3067 5073 ἅπαντα
3102 5023 3566 5095 περιϐεϐλημένος
3593 5027 3742 5081 ἐκεῖ·

2061 5118 2169 5166 νον,
2199 5103 2300 5156 οὐκ
2331 5100 2400 5174 ἦν
2429 5104 2729 5177 κατάδηλος
2767 5109 2879 5170 τοῖς
2911 5107 3125 5172 πολλοῖς
3154 5111 3302 5174 ὅστις
3329 5108 3426 5183 ἦν·
3459 5115 3649 5185 ἐπειδὴ
3679 5115 3739 5170 δέ

2060 5190 2241 5255 αὐτὸν,
2271 5191 2522 5264 καθάπερ
2555 5194 2765 5264 ἱμάτιον
2797 5195 3206 5268 ἀποδυσάμενος
3238 5202 3266 5253 6
3301 5200 3556 5272 ἀθλητὴς,
3581 5202 3739 5274 ἐρρι-

2057 5275 2148 5345 ψε,
2181 5279 2276 5330 καὶ
2307 5279 2440 5350 πρὸς
2469 5279 2596 5343 τοὺς
2623 5280 2721 5350 τῆς
2751 5281 3035 5347 εὐσεϐείας
3063 5285 3282 5354 ἀγῶνας
3313 5288 3519 5358 γυμνὸς
3547 5287 3740 5356 εἰσῆλ-

2060 5363 2150 5418 θεν
2172 5405 2187 5430 ,
2227 5365 2370 5419 οὑτω
2403 5367 2710 5438 γυμνωθεὶς
2746 5371 2872 5434 τοὺς
2903 5370 3102 5435 θεατάς
3133 5373 3428 5444 ἐξέπληξεν
3462 5376 3734 5442 ἅπαντας,

2058 5452 2134 5515 ὡς
2165 5455 2256 5506 καὶ
2285 5454 2417 5507 αὐτὸ
2448 5456 2510 5508 τὸ
2541 5456 2648 5510 τῶν
2679 5457 2930 5526 ἀγγέλων
2967 5459 3193 5531 θέατρον
3227 5463 3320 5515 ἐπὶ
3347 5463 3412 5534 τῇ
3436 5463 3534 5532 τῆς
3555 5463 3738 5536 ψυχῆς

2057 5539 2222 5593 αὐτοῦ
2245 5541 2512 5613 καρτερίᾳ
2535 5544 2677 5612 μέγα
2701 5545 3136 5618 ἀνακεκραγέναι
3160 5551 3206 5613 8,
3229 5552 3324 5603 καὶ
3345 5550 3609 5621 κροτῆσαι
3641 5553 3735 5606 τὸν

2047 5699 2078 5720 ,³
2121 5649 2144 5720 ξ
2173 5649 2266 5698 Alii
2291 5655 2568 5712 σωματικῆς
2587 5651 2826 5710 ἀσθενείας
2847 5655 3102 5716 ὑπερϐολή.
3118 5654 3226 5704 Mox
3240 5654 3436 5718 quidam
3459 5656 3601 5720 πείσῃ
3622 5657 3735 5714 τοὺς

2055 5711 2278 5774 δρῶντας.

2117 5771 2144 5839 οξ
2167 5775 2262 5839 Alii
2285 5777 2658 5839 δεσμευομένων.

2127 5838 2145 5906 ξ
2170 5838 2250 5906 L'jic
2273 5837 2429 5906 ξυνῇ.
2461 5837 2507 5906 οι
2537 5841 2733 5906 pqupot
2759 5855 2874 5906 mss.
2895 5847 3055 5902 recte,
3081 5855 3169 5904 pro
3191 5844 3284 5906 θερ.
3318 5843 3466 5906 αὐτῷ.
3495 5843 3634 5894 Enn.

2125 5898 2144 5966 ξ
2173 5899 2320 5966 S:_l_\_'il.
2349 5906 2402 5948 El.
2425 5903 2506 5950 alii
2533 5901 2604 5948 ἐπ’
2631 5898 2909 5966 ἀνθρώπων.

2119 5961 2278 6032 εᾼιὶἰΔ
2302 5969 2388 6032 τῇς
2417 5966 2569 6032 ψυχῆς
2612 5961 2758 6032 αὐτοῦ
2795 5967 3079 6032 καθαρότητι
3121 5968 3240 6028 μέγα
3285 5967 3577 6032 ἀνακραγεῖν.
3613 5965 3725 6019 Mox

2057 6023 2208 6073 Suvil.
2237 6029 2289 6072 el
2309 6015 2392 6073 alii
2419 6015 2609 6073 έκέῗνον.
2636 6027 2792 6092 ’Ὁπερ
2813 6029 2902 6092 γὰρ
2923 6015 3064 6093 ἔφθην
3087 6015 3245 6080 είπώι.
