4074 6218
218 331 287 387 25
1220 327 1311 381 AD
1338 326 1655 384 I’OPULUM
1703 324 1788 379 AN

1897 320 2191 389 lCHENUM
2258 335 2486 395 1103111..
2531 336 2570 393 1.
3440 343 3510 399 26

216 450 524 520 frequentes
553 444 877 503 tentationes
891 444 1329 510 demonstrasset,
1352 444 1525 499 intulit
1553 461 1567 496 :
1591 440 1807 512 Propter

215 544 351 615 quod
378 553 455 596 ter
481 541 757 597 Dominum
781 540 978 612 rogaui,
1009 549 1063 592 ut
1099 555 1131 592 a
1174 556 1252 593 me
1286 538 1651 603 discederet;et
1681 537 1809 591 dixit

219 636 348 688 Initri
378 649 398 690 :
423 633 615 704 Sujﬁcit
640 631 729 686 tibi
757 631 923 701 gratia
949 645 1091 696 mea;
1126 648 1243 684 nam
1271 632 1428 685 virtus
1457 646 1568 683 mea
1595 629 1647 682 in
1671 629 1810 697 inﬁr-

223 729 402 781 mitate
428 726 684 798 perﬁcitur
711 724 786 795 (2.
807 724 925 780 Cor.
957 723 1046 779 12.
1076 728 1130 779 8.
1159 716 1237 788 9)-
1260 724 1408 778 Tunc
1436 738 1551 777 mea
1571 764 1586 789 ,
1616 722 1806 792 inquit,

231 819 463 887 potentia
478 815 894 881 demonstratur,
909 815 1121 885 quando
1141 829 1238 867 vos
1262 815 1312 867 in
1339 815 1643 869 inﬁrmitate
1656 814 1806 878 estis,

229 919 282 964 et
310 924 402 978 per
440 922 533 963 vos
572 907 660 977 qui
687 906 940 961 videmini
978 920 1099 961 esse
1137 904 1375 971 debiles,
1423 904 1811 975 praedicationis

234 1000 441 1055 verbum
465 1008 713 1068 augetur,
740 1006 797 1053 et
816 997 1010 1067 ubique
1038 996 1377 1067 diSpergitur.
1402 995 1624 1064 Quando
1650 995 1811 1065 igitur

222 1107 274 1147 ιη
301 1106 605 1156 carcerem,
638 1089 933 1145 innumeris
970 1091 1231 1160 susceptis
1271 1089 1609 1153 verberibus,
1639 1088 1811 1142 dedu-

216 1193 333 1237 ctus
355 1180 478 1248 fuit,
495 1181 729 1236 carceris
768 1179 1046 1236 custodem
1073 1181 1241 1235 vinxit
1262 1182 1398 1251 (Act.
1424 1180 1511 1251 16)
1539 1197 1553 1233 :
1588 1181 1638 1241 in
1669 1181 1810 1251 ligno

216 1282 373 1328 erant
400 1273 568 1343 pedes
587 1315 603 1339 ,
635 1273 686 1327 in
710 1273 911 1328 attenis
940 1288 1156 1339 manus,
1179 1282 1234 1328 et
1257 1288 1442 1328 career
1461 1273 1559 1330 sub
1583 1273 1807 1329 mediam

217 1377 435 1423 noctem
465 1367 824 1437 quatiebatur,
857 1368 985 1438 ipsis
1012 1369 1177 1423 Deum
1208 1369 1565 1424 laudantibus.

290 1459 392 1515 Dei
411 1461 638 1531 potentia
667 1462 829 1532 magis
852 1461 1230 1515 demonstratur
1253 1461 1306 1515 in
1345 1461 1585 1515 aerumnis
1610 1470 1811 1515 sancto-

215 1568 349 1606 rum.
389 1581 464 1593 —
509 1551 699 1608 Cernis
726 1552 994 1623 quomodo
1023 1553 1190 1623 ipsius
1226 1553 1393 1608 virtus
1416 1552 1467 1607 in
1499 1553 1809 1609 inﬁrmitate

217 1644 636 1713 perﬁciebatur?
659 1644 715 1701 Si
743 1645 927 1700 fuisset
954 1644 1157 1701 solutus
1176 1644 1369 1700 Paulus
1384 1687 1400 1712 ,
1423 1652 1477 1700 et
1496 1644 1625 1699 illud
1652 1644 1808 1700 habi-

216 1736 447 1790 taculum
475 1737 837 1792 concussisset
854 1752 990 1801 ,non
1008 1736 1195 1793 fuisset
1211 1746 1316 1791 tam
1346 1732 1642 1792 mirandum
1665 1737 1807 1808 quod

215 1831 394 1887 ﬁebat.
427 1830 630 1886 Idcirco
649 1873 664 1895 ,
693 1832 899 1901 inquit,
948 1847 1167 1888 remane
1194 1832 1402 1887 vinctus
1425 1871 1442 1898 ,
1489 1840 1545 1886 et
1570 1847 1808 1887 commo-

215 1932 437 1977 veantur
464 1922 696 1991 parietes
717 1923 953 1992 undique
970 1964 985 1990 ,
1015 1933 1069 1978 et
1089 1923 1364 1978 solvantur
1390 1923 1585 1978 vincti:
1611 1932 1671 1977 ut
1693 1937 1807 1977 ma-

215 2016 296 2085 gis
320 2016 493 2069 virtus
514 2031 626 2070 mea
652 2017 875 2071 evidens
899 2016 997 2082 sit,
1022 2016 1149 2071 dum
1176 2032 1272 2087 per
1297 2025 1350 2071 te
1376 2016 1724 2072 constrictum
1751 2024 1805 2072 et

220 2105 517 2175 colligatum
545 2120 737 2161 omnes
765 2106 922 2161 vincti
951 2108 1246 2162 solvuntur.
1277 2106 1389 2162 Hoc
1435 2108 1605 2175 ipsum
1647 2107 1804 2176 igitur

220 2208 273 2252 et
299 2199 522 2254 carceris
550 2199 829 2255 custodem
861 2209 985 2255 tunc
1014 2200 1239 2270 perculit
1260 2242 1275 2267 ,
1317 2200 1458 2270 quod
1493 2215 1614 2253 cum
1658 2207 1801 2253 tanta

213 2300 487 2347 teneretur
509 2294 847 2360 necessitate,
867 2308 961 2363 per
986 2294 1280 2348 orationem
1306 2293 1473 2347 solam
1498 2293 1665 2362 potuit
1684 2291 1803 2346 fnu-

211 2382 456 2438 damenta
470 2383 682 2454 quidem
699 2399 953 2455 quassare
967 2428 983 2452 ,
1007 2384 1147 2440 fores
1168 2401 1296 2441 vero
1314 2387 1544 2441 carceris
1566 2387 1796 2455 aperire,

211 2483 262 2527 et
285 2489 476 2529 omnes
505 2485 710 2530 vinctos
735 2476 964 2531 solvere.
995 2475 1109 2532 Non
1138 2477 1225 2532 hic
1262 2486 1438 2532 autem
1467 2477 1671 2544 solum,
1703 2478 1797 2533 sed

207 2565 366 2620 etiam
396 2566 447 2619 in
474 2566 661 2632 Petro,
699 2577 754 2623 et
779 2569 831 2623 in
861 2570 975 2639 ipso
1001 2569 1193 2635 Paulo,
1219 2577 1275 2623 et
1299 2570 1414 2623 aliis
1436 2585 1646 2640 quoque
1667 2587 1796 2641 apo~

206 2658 358 2713 stolis
381 2658 563 2713 videre
593 2660 856 2730 quispiam
879 2671 1060 2731 posset
1080 2661 1181 2716 hoc
1203 2662 1401 2732 jugiter
1417 2665 1652 2730 evenire,
1668 2673 1720 2718 et
1742 2664 1794 2718 in

206 2753 708 2820 perseqttntionibus
735 2753 828 2809 Dei
858 2755 1081 2823 gratiam
1112 2755 1484 2822 efﬂorescere,
1534 2771 1794 2827 apparere

205 2840 257 2894 in
283 2842 732 2910 tribulationibus,
762 2854 814 2899 et
833 2847 910 2900 sic
925 2845 1175 2901 virtutem
1202 2862 1349 2902 suam
1379 2849 1687 2917 przedicare.
1711 2849 1796 2904 ld-

204 2931 347 2986 circo
373 2932 588 2987 dicebat
619 2952 632 2988 :
657 2933 854 3006 Suﬂicit
877 2938 967 2989 tibi
993 2939 1159 3008 gratia
1180 2955 1290 2991 mea
1313 2954 1332 2992 :
1351 2940 1507 2993 virtus
1527 2940 1659 2993 enim
1681 2957 1793 2995 mea

203 3023 255 3076 in
279 3024 578 3092 inﬁmitate
602 3028 857 3095 perﬁcitur
890 3027 965 3100 ('2.
990 3029 1106 3083 Cor.
1134 3030 1221 3086 l2.
1248 3030 1329 3100 9).
1355 3030 1506 3099 Quod
1529 3042 1707 3087 autem
1737 3042 1791 3088 et

204 3117 432 3170 humana
459 3125 646 3171 natura
675 3120 874 3190 majora
902 3120 1052 3175 multi
1081 3122 1275 3190 smpius
1304 3122 1371 3177 de
1397 3124 1526 3192 ipsis
1553 3123 1796 3194 suspica-

176 3206 304 3261 ἰιιτὶ
331 3218 500 3271 erant,
518 3209 617 3264 nisi
642 3211 761 3265 talia
794 3213 1053 3281 patientes
1080 3213 1353 3278 vidissent,
1369 3214 1491 3268 audi
1520 3215 1788 3284 quomodo

202 3297 374 3351 timuit
395 3297 610 3354 Paulus.
636 3299 777 3355 Nam
804 3312 852 3356 et
877 3303 922 3356 si
946 3302 1148 3356 voluero
1167 3346 1181 3367 ,
1209 3303 1406 3369 inquit,
1425 3303 1656 3375 gloriari,
1688 3322 1790 3360 non

197 3402 282 3440 era
300 3388 543 3458 insipiens
566 3406 587 3443 :
616 3408 770 3459 parco
800 3403 966 3446 autem
983 3434 998 3459 ,
1031 3410 1094 3446 ne
1117 3394 1231 3463 quis
1261 3411 1341 3447 me
1364 3396 1611 3449 existimet
1630 3412 1789 3467 supra

196 3478 251 3530 id
274 3480 408 3548 quod
436 3481 570 3534 videt
596 3481 648 3535 in
670 3500 766 3548 me,
787 3493 874 3535 aut
896 3483 1035 3537 audit
1060 3484 1253 3553 aliquid
1268 3500 1331 3537 ea:
1353 3501 1434 3539 me
1451 3485 1527 3556 (2.
1552 3485 1670 3540 Cor.
1696 3486 1782 3541 12.

197 3568 276 3639 6).
322 3568 458 3637 Quid
510 3580 692 3627 autem
740 3584 824 3629 est
862 3576 1003 3644 quod
1043 3575 1214 3631 dicit?
1254 3576 1535 3644 Poteram,
1577 3578 1784 3649 inquit,

196 3662 363 3718 multo
391 3664 597 3735 majora
622 3666 801 3721 dicere
829 3668 1081 3723 miracula
1099 3710 1114 3735 ,
1145 3668 1239 3724 sed
1265 3669 1391 3724 nolo
1409 3711 1425 3736 ,
1453 3685 1522 3725 ne
1545 3670 1682 3727 forte
1707 3672 1783 3728 si-

192 3768 417 3823 gnorum
447 3757 756 3827 magnitudo
784 3760 1040 3830 majorem
1067 3760 1135 3817 de
1164 3776 1251 3818 me
1276 3761 1583 3820 hominibus
1608 3753 1785 3834 suspi-

191 3845 398 3899 cionem
428 3846 662 3903 inducat.
697 3851 982 3921 Propterea
1011 3859 1065 3908 et
1107 3854 1296 3910 Petrus
1327 3864 1605 3926 postquam
1635 3858 1784 3912 clau-

189 3934 320 3989 dum
350 3941 520 3994 erexit
540 3982 554 4003 ,
583 3952 638 3995 et
673 3957 861 3997 omnes
885 3942 1059 4014 ipsum
1095 3945 1516 4012 admirabantur,
1545 3959 1602 4003 ut
1628 3949 1777 4005 cohi-

192 4027 345 4084 beret
366 4044 461 4084 eos
482 4031 714 4102 ipsisque
742 4036 1092 4104 persuaderet
1114 4052 1174 4094 se
1194 4039 1326 4093 nihil
1354 4056 1420 4094 ex
1438 4041 1634 4097 virtute
1659 4059 1782 4112 pro-

192 4119 307 4187 pria
354 4119 686 4187 exhibuisse,
728 4126 859 4181 dicit
893 4145 906 4181 :
943 4127 1081 4194 Quid
1111 4147 1201 4185 nos
1231 4133 1497 4188 intuemini
1523 4144 1779 4204 tamquam

185 4210 398 4279 propria
443 4213 624 4268 virtute
662 4216 741 4271 vel
787 4218 972 4290 pietate
1011 4223 1279 4293 fecerimus
1329 4226 1465 4280 hunc
1517 4228 1781 4284 ambulare

184 4298 324 4367 (Act.
355 4301 408 4355 5.
439 4301 527 4374 12)
557 4303 580 4357 ?
612 4305 678 4360 Et
707 4324 890 4364 rursus
919 4309 1123 4383 Lystris
1153 4329 1258 4369 non
1290 4317 1461 4371 solum
1501 4331 1654 4374 erant
1678 4320 1776 4374 oh-

182 4389 495 4459 stupefacti,
523 4395 616 4449 sed
646 4406 699 4451 ct
724 4407 905 4456 tauros
924 4415 1206 4459 coronatos
1227 4405 1526 4475 duxerunt,
1544 4420 1598 4465 et
1615 4410 1778 4467 Paulo

180 4492 243 4575 et
267 4483 537 4575 (Barnabas
589 4489 863 4549 immolare
904 4498 1351 4565 aggrediehantur
1379 4500 1516 4573 (Act.
1547 4504 1633 4558 M.
1660 4505 1773 4575 12).

183 4570 317 4628 Vide
345 4574 542 4631 diaboli
570 4579 823 4635 malitiam
850 4601 864 4638 :
905 4600 1001 4654 per
1023 4603 1157 4657 quos
1185 4570 1439 4648 Dominus
1481 4609 1548 4649 ex
1576 4570 1776 4651 mundo

182 4661 515 4733 impietatem
554 4684 851 4743 expurgare
900 4676 1181 4746 studebat,
1214 4695 1311 4748 per
1357 4681 1455 4737 hos
1487 4684 1655 4753 ipsam
1686 4686 1775 4743 ille

179 4753 435 4815 inducere
459 4760 706 4818 studebat
729 4807 741 4829 ,
764 4781 975 4822 rursum
999 4771 1346 4839 persuadens,
1363 4785 1421 4829 ut
1444 4773 1576 4830 deos
1594 4775 1772 4832 homi-

177 4866 278 4908 nes
294 4866 415 4909 esse
440 4864 688 4925 putarent
710 4860 880 4929 :quod
897 4872 951 4917 et
974 4865 1236 4933 prioribus
1256 4866 1379 4923 fecit
1399 4869 1729 4938 temporibus
1753 4888 1767 4925 :

170 4953 231 4998 et
262 4943 367 4999 hoc
396 4947 630 5004 maxime
649 4958 732 5004 est
752 4951 893 5020 quod
924 4951 1237 5010 idololatriae
1261 4959 1576 5030 principium
1603 4971 1658 5017 et
1686 4978 1767 5017 ra-

168 5034 352 5091 dicem
372 5039 683 5097 introduxit.
704 5041 853 5098 Multi
874 5046 1016 5100 enim
1039 5048 1127 5116 qui
1152 5048 1287 5102 bella
1304 5050 1438 5105 bene
1457 5064 1764 5122 gesserant,

166 5139 461 5184 erexerant
490 5140 687 5202 trepma
714 5175 729 5199 ,
762 5136 922 5192 urbes
951 5139 1383 5207 azdilicaverant,
1413 5154 1467 5198 et
1498 5146 1616 5201 aliis
1660 5146 1765 5201 hu-

162 5218 407 5286 jusmodi
450 5221 831 5281 demerucrant
879 5228 961 5282 sui
1010 5232 1265 5303 temporis
1306 5233 1578 5302 homines,
1626 5237 1700 5293 dii
1733 5254 1764 5293 a

164 5311 359 5365 multis
381 5314 666 5370 existimati
692 5326 854 5384 sunt,
883 5328 939 5374 et
960 5322 1175 5391 templis
1199 5334 1253 5378 et
1273 5327 1381 5380 aris
1403 5325 1682 5397 honorati,
1710 5339 1765 5385 et

158 5400 352 5453 Oﬁlllis
374 5404 649 5471 gentilium
677 5406 897 5465 deorum
922 5426 1181 5467 numerus
1211 5430 1277 5469 ex
1306 5415 1612 5475 hominibus
1647 5420 1764 5476 istis

156 5493 432 5548 conﬂatus
456 5506 559 5551 est.

227 5582 348 5639 Cur
368 5582 509 5641 Deus
550 5599 756 5643 sanctos
782 5593 902 5660 pelli
920 5603 969 5648 et
996 5598 1217 5652 cruciari
1242 5602 1540 5670 permiserit.
1566 5634 1639 5645 —
1678 5604 1755 5662 Ne

152 5671 334 5739 igitur
361 5676 464 5731 hoc
499 5687 553 5733 et
596 5678 649 5733 in
698 5683 897 5738 sanctis
927 5685 1094 5754 ﬁeret,
1136 5691 1381 5760 permisit
1424 5694 1569 5764 ipsos
1617 5695 1758 5754 Deus

148 5765 422 5830 continue
448 5768 597 5841 pelli,
640 5771 916 5846 ﬂagellari,
939 5777 991 5834 in
1017 5783 1195 5838 varios
1232 5783 1468 5843 incidere
1494 5788 1711 5846 morbos
1735 5807 1749 5845 :

491 5867 761 5932 ΡΑτιιοι.
808 5877 925 5937 Gn.
977 5874 1029 5934 Χ
1045 5876 1198 5938 LIX.

1921 448 1977 493 ut
2006 441 2166 497 nimia
2193 446 2434 513 corporis
2458 445 2814 514 imbecillitas,
2865 458 2919 504 et
2950 452 3295 508 tentationum
3346 456 3499 509 turba

1918 534 2269 602 praesentibus
2292 538 2660 605 persuaderet,
2695 539 2941 595 homines
2972 556 3090 596 esse
3121 558 3235 610 eos,
3271 546 3360 614 qui
3384 546 3505 600 taiia

1916 623 2141 681 ederent
2167 627 2444 696 miracula,
2472 631 2710 702 nihilque
2735 632 2803 687 de
2826 648 2925 688 suo
2951 634 3162 703 aﬁerre,
3189 637 3282 692 sed
3307 638 3500 693 nudam

1914 717 2137 784 gratiam
2161 735 2257 789 per
2290 722 2411 776 ill0s
2439 724 2617 779 omnia
2670 728 2901 796 operari.
2951 727 3006 783 Si
3055 730 3197 783 enim
3248 746 3405 800 parva
3449 745 3499 787 et

1918 806 2042 862 vilia
2071 822 2345 880 operatus,
2375 814 2509 871 deos
2536 826 2879 887 putaverunt,
2904 819 3073 874 multo
3102 822 3271 892 magis
3301 824 3343 877 si
3372 824 3505 882 nihil

1920 900 2062 968 passi
2086 899 2311 957 fuissent
2339 904 2652 976 humanum,
2687 908 2785 964 hos
2831 912 3081 982 suspicati
3112 912 3356 981 fuissent,
3414 916 3505 985 qui

1919 992 2039 1045 talia
2066 992 2308 1062 fecerint,
2335 998 2511 1068 qualia
2536 1016 2693 1057 nemo
2715 1019 2966 1074 umquam
2989 1021 3160 1077 neque
3183 1008 3314 1062 vidit
3332 1025 3506 1079 neque

1916 1085 2138 1138 audivit.
2170 1087 2224 1140 Si
2251 1090 2395 1143 enim
2450 1106 2570 1146 cum
2603 1094 2703 1163 ipsi
2743 1094 3163 1167 ﬁagellareutur,
3218 1102 3510 1171 pr:ucipita-

1916 1187 2123 1243 rentur,
2147 1177 2458 1249 ligarentur,
2491 1184 2838 1253 pellerentur,
2901 1189 3330 1257 periclitareutur
3375 1209 3509 1263 quo-

1918 1264 2067 1333 tidie,
2098 1275 2273 1322 tamen
2298 1271 2349 1324 in
2379 1273 2514 1328 hanc
2536 1274 2753 1344 impiam
2783 1277 3087 1346 opinionem
3117 1281 3331 1350 quidam
3360 1285 3502 1338 ceci-

1916 1355 2111 1411 derunt
2133 1375 2147 1410 :
2172 1360 2338 1414 multo
2368 1365 2535 1434 magis
2557 1365 2601 1418 si
2625 1365 2758 1420 nihil
2783 1366 3070 1425 humanum
3096 1374 3234 1441 passi
3259 1372 3505 1443 fuissent,

1918 1446 2226 1516 hujusmodi
2252 1450 2479 1509 fuissent
2502 1456 2815 1513 existimati.

1985 1539 2039 1594 8.
2080 1539 2245 1611 Igitur
2286 1543 2402 1599 haec
2441 1546 2655 1616 quidem
2711 1550 2864 1604 tertia
2910 1550 3213 1608 afﬁictionis
3269 1571 3431 1612 causa
3486 1577 3498 1612 :

1913 1641 2102 1700 quarta
2129 1648 2278 1701 vero,
2308 1650 2378 1690 ne
2406 1638 2577 1691 sancti
2631 1649 2850 1708 propter
2901 1644 3183 1712 praesentis
3228 1644 3500 1703 felicitatis

1912 1737 2063 1791 spem
2090 1724 2253 1779 Deum
2281 1727 2461 1782 colere
2488 1739 2759 1798 putentur.
2790 1733 3000 1787 Etenim
3027 1734 3177 1789 multi
3209 1753 3260 1790 Ill
3290 1738 3501 1793 lascivia

1912 1815 2204 1870 viventium
2236 1834 2265 1870 a
2298 1819 2479 1874 multis
2522 1822 2717 1891 saepius
2760 1825 3018 1893 accusati,
3073 1836 3126 1880 et
3178 1826 3245 1881 ad
3292 1829 3503 1886 virtutis

1913 1907 2084 1960 vocati
2106 1907 2340 1977 labores,
2372 1920 2427 1965 et
2446 1923 2663 1969 sanctos
2686 1915 2754 1971 de
2773 1914 2930 1971 hilari
2962 1918 3326 1975 molestiarum
3366 1924 3500 1977 tole-

1915 1998 2088 2054 rantia
2108 1999 2312 2057 laudari
2342 2004 2642 2074 audientes,
2672 2022 2740 2063 ex
2760 2008 2845 2064 his
2866 2010 3012 2081 ipsos
3035 2028 3288 2070 accusare
3317 2029 3502 2086 aggre-

1909 2087 2129 2145 diuntur
2154 2110 2168 2145 :
2199 2100 2256 2147 et
2283 2109 2388 2149 non
2414 2095 2660 2153 homines
2684 2102 3018 2166 tantum,sed
3040 2113 3094 2159 et
3120 2105 3234 2174 ipse
3260 2104 3500 2161 diabolus

1910 2178 2015 2236 hoc
2035 2182 2210 2253 ipsum
2235 2187 2535 2256 suspicatus
2565 2198 2666 2244 est.
2711 2190 2977 2259 Quoniam
3007 2196 3149 2248 enim
3177 2197 3359 2251 multis
3384 2210 3500 2252 erat

1907 2274 2269 2332 circumdatus
2295 2278 2494 2335 divitiis
2517 2280 2638 2350 Job,
2670 2292 2727 2339 et
2755 2286 2917 2339 multa
2949 2286 3255 2357 potiebatur
3276 2290 3498 2359 opulen-

1905 2366 2000 2429 tia,
2028 2368 2380 2437 exprobratus
2406 2386 2436 2425 a
2467 2372 2577 2427 Deo
2598 2383 2817 2445 propter
2844 2375 3019 2446 ipsum
3042 2378 3214 2433 malus
3255 2380 3345 2435 ille
3389 2381 3498 2436 dte-

1905 2473 2053 2523 mon,
2076 2474 2197 2515 eum
2219 2462 2349 2517 nihil
2376 2463 2601 2521 haberet
2620 2467 2764 2537 quod
2789 2467 3014 2539 diceret,
3049 2487 3223 2543 neque
3273 2490 3381 2545 quo
3427 2476 3495 2530 de

1906 2553 2020 2606 suis
2040 2566 2397 2611 excusaretur
2421 2559 2754 2627 criminibus,
2784 2577 2960 2632 neque
2987 2565 3126 2633 quod
3166 2565 3297 2635 justi
3322 2567 3495 2622 virtu-

1910 2646 2049 2700 tibus
2069 2647 2406 2719 impingeret,
2462 2651 2529 2706 ad
2555 2652 2694 2708 hanc
2717 2656 2897 2710 statim
2945 2657 3185 2729 confugit
3222 2659 3492 2725 defensio-

1906 2751 2051 2804 nem,
2075 2738 2259 2795 dicens
2288 2758 2302 2795 :
2339 2741 2604 2815 Numquid
2631 2747 2791 2816 gratis
2816 2746 2916 2801 Job
2959 2750 3081 2803 colit
3136 2753 3223 2805 te?
3272 2753 3492 2807 circum-

1905 2830 2107 2886 uallasti
2140 2834 2383 2888 interiora
2416 2846 2463 2890 et
2487 2840 2743 2894 exteriora
2762 2842 2871 2912 ejus
2896 2839 3029 2910 (Job
3084 2845 3133 2897 1.
3159 2842 3216 2899 9.
3241 2843 3496 2914 “mpro-

1903 2931 2025 2994 pter
2050 2925 2374 2993 mercedem,
2403 2928 2594 2998 inquit,
2625 2930 2714 2986 ille
2758 2931 3010 2988 virtutem
3057 2936 3317 3004 sequitur,
3346 2945 3491 2992 tanta

1904 3012 2088 3069 fruens
2116 3016 2411 3086 Opulentia.
2441 3019 2578 3087 Quid
2627 3020 2787 3091 igitur
2808 3021 2938 3078 fecit
2959 3023 3140 3079 Deus?
3171 3025 3239 3081 Ut
3263 3025 3492 3082 demon-

1902 3116 2098 3164 straret
2136 3120 2352 3167 sanctos
2401 3127 2508 3168 non
2549 3113 2813 3170 mercedis
2857 3130 3015 3171 causa
3051 3118 3222 3187 ipsum
3266 3120 3443 3176 colere
3474 3163 3489 3187 ,

1900 3213 2114 3254 omnem
2142 3201 2308 3270 ipsius
2333 3205 2685 3260 substantiam
2710 3207 2951 3271 abstulit,
2982 3212 3278 3279 paupertati
3326 3214 3487 3267 tradi-

1900 3290 1996 3355 dit,
2038 3301 2093 3347 et
2133 3293 2188 3348 in
2238 3310 2454 3365 gravem
2485 3297 2732 3353 morbum
2772 3298 3011 3355 incidere
3055 3303 3313 3370 permisit.
3368 3303 3485 3359 Mox

1899 3380 2050 3436 illum
2074 3383 2404 3456 redarguens
2434 3397 2703 3459 tamquam
2734 3399 2937 3446 temere
2967 3392 3091 3446 talia
3114 3393 3439 3465 suspicatum
3468 3437 3484 3461 ,

1895 3473 2101 3544 inquit:
2138 3478 2316 3533 Adhuc
2354 3481 2692 3536 innocentiam
2721 3485 2901 3537 retinet
2931 3500 2950 3538 :
2989 3496 3042 3538 tu
3088 3503 3206 3541 vero
3259 3504 3486 3542 commo-

1896 3567 2007 3619 visti
2029 3583 2110 3621 me
2135 3577 2190 3620 ut
2216 3564 2410 3639 {rustra
2429 3572 2592 3642 ipsius
2617 3572 2951 3627 substantiam
2971 3576 3231 3646 perderem
3275 3577 3397 3648 (Job
3416 3578 3474 3632 2.

1895 3656 1929 3711 5
1953 3655 1995 3728 ).
2020 3656 2232 3713 Sanctis
2251 3661 2395 3715 enim
2416 3661 2593 3717 hocin
2616 3664 3103 3720 remunerationem
3147 3676 3202 3721 et
3245 3668 3478 3724 retribu-

1896 3747 2091 3804 tionem
2122 3749 2336 3817 suflicit,
2386 3752 2555 3807 Deum
2580 3754 2827 3809 venerari
2855 3770 2869 3808 :
2898 3757 3150 3826 quoniam
3182 3768 3235 3813 et
3278 3762 3478 3814 amanti

1894 3841 1999 3899 hoc
2044 3844 2098 3899 in
2151 3845 2559 3902 retributionem
2604 3847 2822 3917 sufﬁcit,
2854 3864 2914 3905 se
2945 3860 3215 3907 amantem
3270 3867 3475 3920 amare,

1890 3944 1944 3989 et
1973 3935 2102 3990 nihil
2135 3937 2368 4007 amplius
2419 3939 2662 4009 requirit,
2692 3955 2793 3996 nec
2820 3941 3093 4011 quidpiam
3150 3942 3255 3998 hoc
3303 3949 3476 4015 majus

1888 4040 2009 4081 esse
2035 4037 2203 4097 putat.
2237 4028 2295 4084 Si
2315 4043 2443 4085 vero
2473 4046 2598 4100 erga
2628 4030 2901 4087 hominem
2933 4032 3055 4099 hoc,
3101 4035 3268 4088 multo
3312 4038 3479 4107 magis

1889 4133 2016 4187 erga
2044 4119 2210 4174 Deum
2239 4137 2252 4173 :
2281 4120 2423 4191 quod
2448 4129 2505 4175 ut
2528 4121 2921 4179 demonstraret
2949 4124 3108 4189 Deus,
3140 4125 3290 4195 plura
3317 4143 3475 4196 quam

1886 4209 2128 4264 diabolus
2145 4211 2389 4281 petierat,
2419 4215 2708 4269 concessit.
2736 4212 2829 4269 Ille
2857 4216 3027 4286 inquit
3055 4234 3069 4271 :
3103 4216 3249 4270 Mitte
3269 4235 3474 4272 manum

1885 4312 2043 4367 tuam,
2087 4313 2133 4356 et
2174 4314 2321 4373 tange
2364 4305 2530 4373 ipsum
2561 4303 2680 4376 (Job
2700 4304 2754 4360 Ξ.
2790 4307 2894 4379 5):
2952 4308 3090 4364 lleus
3142 4318 3320 4364 autem
3372 4327 3474 4364 non

1884 4392 1975 4451 ita,
1994 4393 2109 4458 sed,
2138 4394 2253 4448 Tibi
2278 4394 2473 4465 ipsum,
2499 4397 2689 4466 inquit,
2714 4398 2866 4453 trado
2895 4396 3000 4469 (Ib.
3035 4400 3184 4471 v.6).
3208 4402 3476 4467 Quemad-

1881 4484 2097 4540 modum
2131 4486 2272 4541 enim
2303 4488 2357 4542 in
2401 4489 2757 4544 exterioribus
2811 4491 3194 4547 certaminibus
3247 4510 3475 4565 corpore

1882 4578 2148 4648 vigentes,
2174 4590 2229 4636 et
2254 4581 2409 4635 bona:
2440 4581 2769 4638 habitudinis
2788 4583 3031 4649 athletae,
3067 4602 3172 4641 non
3198 4589 3275 4642 sic
3303 4605 3471 4658 appa-

1880 4677 2020 4733 rent,
2049 4684 2169 4723 cum
2202 4672 2583 4727 vestimentum
2608 4674 2839 4746 undique
2880 4676 3002 4731 oleo
3031 4679 3302 4733 madidum
3353 4680 3470 4734 fne-

1878 4759 1985 4814 rint
2008 4760 2197 4828 induti,
2231 4763 2327 4818 sed
2371 4764 2586 4834 quando
2627 4766 2717 4821 illo
2742 4767 2951 4838 abjecto
2981 4770 3107 4826 nudi
3140 4772 3191 4825 in
3235 4770 3465 4826 stadium

1878 4850 2145 4919 feruntur,
2172 4864 2298 4910 tunc
2327 4857 2565 4918 maxime
2590 4868 2921 4929 spectatores
2944 4863 3304 4923 membrorum
3332 4877 3460 4932 prn-

1879 4946 2126 5013 portionc
2155 4947 2371 5016 penitus
2425 4949 2879 5021 obstupefaciunt,
2935 4968 3055 5008 eum
3110 4952 3243 5008 nihil
3294 4953 3464 5023 ipsam

1877 5037 2107 5105 amplius
2136 5039 2459 5097 obumbrare
2482 5044 2653 5112 possit
2677 5061 2689 5096 :
2710 5043 2792 5098 sie
2818 5051 2873 5097 et
2888 5041 3009 5110 Job,
3044 5043 3256 5113 quando
3286 5046 3464 5099 omni-

1878 5129 1981 5184 bus
2032 5131 2247 5201 quidem
2295 5134 2401 5189 illis
2425 5135 2625 5191 divitiis
2657 5136 3013 5193 circumfusus
3042 5145 3177 5201 erat.
3230 5139 3348 5210 quis
3376 5154 3465 5194 cs-

1875 5230 1979 5286 set,
2040 5237 2146 5278 non
2197 5225 2380 5282 multis
2427 5228 2772 5283 manifestum
2810 5239 2958 5295 erat;
3010 5238 3287 5301 postquam
3335 5245 3464 5288 vero

1874 5314 2018 5381 ipsas
2043 5316 2188 5371 velut
2209 5317 2585 5373 vestimentum
2616 5319 2813 5376 athleta
2839 5320 3056 5391 ahjeeit,
3085 5333 3139 5378 et
3162 5325 3226 5380 ad
3246 5325 3462 5395 pietatis

1871 5405 2167 5460 certamina
2186 5406 2360 5462 nudus
2412 5408 2647 5475 intravit,
2697 5410 2777 5465 sic
2825 5411 3081 5481 spoliatus
3128 5424 3459 5484 spectatores

1870 5511 2060 5553 omnes
2101 5499 2349 5568 perculit,
2402 5511 2461 5555 ut
2511 5512 2566 5558 et
2621 5503 2793 5573 ipsum
2832 5506 3145 5578 angelorum
3192 5509 3457 5565 theatrum

1867 5603 2030 5663 super
2057 5592 2222 5646 animi
2245 5593 2362 5662 ejus
2387 5595 2665 5650 tolerantia
2688 5598 2705 5629 ⁸
2739 5596 3089 5655 vehementer
3109 5601 3454 5667 acclamaret,

1867 5693 1925 5741 et
1952 5686 2139 5741 victori
2169 5685 2245 5741 illi
2272 5687 2640 5759 applanderet.
2674 5689 2827 5758 Quod
2869 5691 3011 5746 enim
3054 5694 3301 5764 superius
3339 5687 3449 5755 iam

1932 5811 1951 5835 ι
1986 5802 2069 5854 Alﬁ
2093 5816 2106 5854 :
2126 5810 2278 5865 super
2301 5804 2451 5857 (utiuti
2466 5806 2573 5870 ejus
2594 5805 2821 5871 puritate,
2848 5815 2944 5859 etc.
