4074 6218
525 397 590 448 27
1260 401 1315 456 S.
1357 401 1632 458 JOANNIS
1669 402 2145 461 CIIRYSOSTOMI
2184 403 2500 462 ARCHIEP.
2541 405 3068 464 CONSTANTINOP-
3725 411 3794 470 23

525 515 766 582 tlixl,non
794 515 866 571 ita
893 517 1190 572 hominibus
1208 519 1495 589 apparebat
1525 519 1626 572 illis
1639 519 1885 574 omnibus
1905 518 2100 573 divitiis

525 605 973 670 eireumamictus,
1000 619 1058 662 ut
1083 609 1294 678 quando
1317 610 1418 664 illis
1447 620 1712 680 tamquam
1742 611 1958 680 pallium
1989 626 2102 678 pro-

523 695 678 766 iectis
719 698 890 752 nudus
915 699 1132 766 exsiliit,
1185 701 1234 754 in
1283 701 1460 756 medio
1486 702 1635 765 orbe,
1667 711 1938 770 tamquam
1963 703 2104 755 thea-

535 801 617 842 tro
641 807 655 844 :
684 798 736 844 ct
761 805 948 846 omnes
976 791 1165 846 bonam
1196 794 1359 862 ipsius
1387 794 1552 847 animi
1584 793 1950 848 habitudinem
2009 794 2104 846 ad-

527 879 700 932 mirati
731 890 848 934 sunt
878 899 889 934 :
921 897 1022 934 non
1049 882 1220 936 solum
1245 893 1420 938 autem
1459 899 1524 936 ex
1555 899 1732 936 rerum
1766 884 1970 952 jactura
2011 899 2104 935 su-

531 969 876 1038 spiciebatur,
911 971 1004 1026 sed
1029 975 1186 1026 etiam
1219 988 1280 1027 ex
1317 973 1582 1040 patientiae
1607 974 1746 1028 lucta
1775 975 1914 1027 circa
1945 975 2102 1044 aegri-

525 1059 786 1114 tudinem.

601 1152 703 1206 Cur
733 1153 868 1206 Deus
893 1153 1012 1208 Jobi
1035 1171 1219 1222 corpus
1243 1156 1293 1208 in
1322 1165 1614 1224 potestatem
1641 1155 1828 1208 diaboli
1875 1155 2102 1208 tradide-

531 1245 618 1297 rit.
646 1273 717 1284 --
737 1245 886 1298 Sient
909 1245 1048 1298 enim
1073 1259 1196 1300 ante
1225 1247 1357 1310 dixi,
1393 1263 1496 1300 non
1529 1248 1674 1300 illutn
1703 1249 1812 1315 ipse
1847 1248 2106 1312 percussit

531 1334 690 1400 Deus,
723 1349 788 1387 ne
815 1351 1022 1388 rursum
1045 1337 1284 1390 diabolus
1305 1338 1509 1392 diceret
1538 1356 1550 1388 :
1585 1338 1896 1406 Pepercisti,
1923 1345 1976 1390 et
1999 1354 2102 1390 non

529 1435 748 1492 tantam,
793 1439 1044 1497 quantam
1091 1430 1392 1498 Oportebat,
1443 1431 1662 1484 intulisd
1715 1433 2101 1483 tentationetn:

530 1517 622 1571 sed
648 1518 745 1586 ipsi
779 1519 994 1572 tradidit
1021 1521 1232 1574 diabolo
1277 1531 1332 1575 ct
1384 1537 1601 1590 gregum
1653 1522 2004 1590 perditiomm
2051 1530 2106 1574 et

531 1609 707 1660 carnis
733 1617 1072 1676 potestatem.
1104 1609 1331 1665 Conﬁdo
1357 1611 1422 1664 de
1447 1621 1733 1676 certatore,
1793 1611 1978 1679 inquit,
2036 1609 2107 1663 id-

523 1698 673 1754 circo
699 1715 803 1752 non
862 1700 1120 1768 prohibeo
1171 1702 1268 1770 ipsi
1325 1719 1672 1772 quaecumque
1721 1703 1853 1757 telis
1912 1700 2108 1756 inferre

527 1792 841 1846 certamina.
875 1792 978 1847 Sed
1019 1793 1466 1862 quemadmodum
1511 1795 1733 1863 spectati
1782 1795 2103 1863 palaestritae,

529 1891 582 1936 et
615 1891 731 1938 arte
759 1892 813 1938 et
831 1885 1074 1954 corporis
1103 1885 1294 1940 robore
1323 1885 1569 1950 fidentes,
1599 1903 1700 1938 non
1737 1887 1864 1940 recti
1911 1886 2106 1939 adver-

533 1973 686 2027 sariis
727 1983 784 2028 ut
807 1975 1121 2043 plurimum,
1155 1975 1596 2045 congrediuntur,
1641 1991 1812 2044 neque
1850 1977 1916 2030 de
1961 1977 2104 2045 pari,

529 2064 621 2117 sed
647 2065 855 2142 seipsos
881 2065 985 2120 illis
1015 2065 1218 2120 medios
1247 2065 1736 2135 apprehendendus
1759 2067 2016 2136 praebent,
2050 2075 2110 2122 ut

532 2157 880 2213 illustriorem
907 2159 1186 2213 victoriam
1211 2160 1444 2214 referant
1469 2177 1482 2212 :
1533 2163 1610 2214 sic
1635 2173 1688 2216 ct
1713 2163 1850 2214 Deus
1871 2163 2104 2215 medium

532 2247 751 2304 tradidit
775 2260 1018 2304 sanctum
1051 2250 1266 2304 diabolo
1289 2251 1822 2320 apprehendendum,
1877 2262 1936 2306 ut
1987 2269 2106 2307 cum

531 2347 651 2408 post
677 2349 874 2394 tantam
891 2341 1168 2395 conflictus
1190 2343 1594 2412 praerogativam
1625 2344 1910 2412 superarit,
1958 2344 2107 2398 solo-

533 2447 635 2500 qtte
682 2435 1046 2502 prostravcrit,
1100 2435 1295 2488 clarior
1323 2449 1522 2490 corona
1572 2437 1848 2492 reddatur.
1903 2439 2108 2492 Aurum

531 2531 615 2576 est
643 2523 918 2590 probatum
952 2542 965 2573 :
993 2539 1090 2594 pro
1115 2524 1283 2580 lubito
1315 2525 1496 2595 proba,
1522 2537 1576 2579 ut
1609 2528 1780 2594 placet
1823 2527 2066 2582 examina
2092 2567 2108 2592 ,

533 2612 721 2668 sordes
751 2615 802 2666 in
831 2615 946 2681 ipso
975 2630 1080 2668 non
1107 2615 1368 2670 invenies.
1396 2615 1510 2670 Non
1537 2617 1760 2670 aliorum
1785 2633 1911 2673 vero
1958 2618 2110 2673 nobis

537 2711 738 2754 tantum
765 2701 1126 2758 fortitudinem
1152 2705 1484 2760 demonstrat
1513 2723 1528 2760 :
1583 2705 1678 2760 sed
1719 2718 1772 2760 et
1812 2708 1968 2762 aliam
2001 2724 2114 2763 ma-

535 2807 694 2874 gnam
721 2793 872 2848 offert
889 2797 1472 2864 consolationem.Quid
1496 2797 1638 2852 enim
1655 2798 1826 2865 inquit
1841 2797 2113 2854 Christus?

539 2883 682 2938 Beati
709 2885 862 2948 eritis,
889 2903 1002 2939 cum
1027 2887 1378 2940 maledixerlnt
1405 2889 1540 2941 vobis
1589 2888 1814 2941 homines
1861 2899 1908 2941 et
1941 2904 2110 2957 perse-

535 2977 678 3045 quuti
709 2993 794 3032 vos
817 2980 1025 3049 fuerint,
1065 2989 1111 3034 et
1139 2981 1356 3034 dixerint
1387 2998 1533 3035 omne
1555 2983 1742 3034 malum
1772 2981 1972 3036 uerbum
2013 2983 2112 3036 ad-

539 3083 733 3122 uersum
757 3084 844 3124 vos
883 3071 1174 3126 mentientes
1215 3081 1416 3142 propter
1447 3089 1570 3127 me:
1598 3074 1810 3143 gaudete
1855 3085 1904 3128 et
1948 3075 2118 3130 exsul-

539 3167 659 3224 tate,
679 3161 914 3228 quoniam
935 3177 1121 3216 nterces
1142 3172 1304 3216 vestra
1326 3180 1508 3233 magna
1535 3175 1604 3216 est
1627 3165 1680 3217 in
1705 3165 1840 3220 (aliis
1861 3181 1879 3219 :
1899 3167 1970 3219 sic
1982 3169 2116 3222 enim

535 3255 759 3320 fecerunt
781 3253 1040 3322 prophetis
1057 3265 1220 3322 patres
1246 3271 1416 3310 eorum
1444 3255 1658 3325 (Matth.
1693 3257 1744 3312 5.
1775 3257 1858 3312 11.
1888 3257 1998 3327 12).
2051 3259 2118 3312 Ει

537 3357 744 3396 rursum
769 3343 963 3398 Paulus
989 3345 1578 3402 Maecdonasconsolari
1597 3349 1780 3402 volens
1806 3367 1818 3402 :
1847 3347 1945 3402 Vos
1961 3351 2112 3416 enim,

537 3433 726 3504 inquit,
753 3435 1028 3490 imitatores
1059 3438 1180 3506 facti
1201 3439 1318 3491 estis
1366 3438 1549 3507 fratres
1594 3437 1944 3492 Ecclesiarum
1995 3439 2113 3506 Dei,

534 3541 646 3594 quia
669 3535 784 3580 sunt
811 3528 860 3579 in
887 3525 1106 3582 ludam:
1137 3529 1372 3599 quoniam
1394 3529 1568 3583 eadem
1598 3531 1735 3600 passi
1766 3531 1882 3584 estis
1919 3548 1950 3583 a
1992 3548 2118 3584 con-

537 3615 800 3670 tribulibus
828 3618 1022 3678 vestris,
1049 3619 1470 3688 quemadmodum
1499 3629 1545 3674 et
1591 3621 1668 3674 illi
1712 3638 1743 3674 a
1783 3619 1984 3676 Judwis
2018 3621 2038 3694 (
2063 3623 2111 3677 1.

539 3705 713 3761 Thess.
747 3709 800 3760 2.
848 3709 955 3778 M).
991 3708 1060 3764 Et
1110 3710 1361 3764 llebrmos
1399 3726 1610 3766 rursum
1659 3713 1728 3766 ita
1783 3715 2114 3780 consolatur,

538 3800 1014 3868 reccnsensjustos
1043 3817 1228 3856 omnes
1253 3803 1306 3858 in
1335 3803 1656 3865 fornacibus,
1703 3807 1752 3857 in
1795 3806 2030 3872 lacubus,
2061 3807 2114 3860 in

537 3891 926 3956 solitudinibus,
961 3893 1012 3944 in
1037 3893 1328 3960 montibus,
1355 3895 1406 3946 in
1437 3895 1726 3963 speluncis,
1779 3897 1830 3950 in
1865 3897 2022 3962 fante,
2063 3898 2114 3951 in

535 3985 772 4051 angustia
797 3984 1051 4050 degentes
1077 3984 1258 4056 (Hebr.
1289 3987 1374 4038 11.
1399 3985 1468 4038 56
1493 4017 1562 4025 -
1601 3988 1690 4056 5⁸1)
1713 4006 1726 4041 :
1755 3989 2116 4044 molestiarum

535 4075 676 4128 enim
699 4073 1108 4128 conm'tunicatio
1125 4075 1404 4144 quamdam
1434 4077 1594 4146 lapsis
1614 4077 1768 4132 affert
1791 4079 2116 4133 Consolatio-

536 4181 677 4220 nem.
729 4165 880 4233 Quod
924 4178 1098 4220 autem
1136 4166 1285 4222 etde
1313 4169 1704 4222 resurrectione
1754 4185 1963 4240 quoque
2016 4172 2118 4226 hoc

535 4259 705 4328 ipsum
728 4274 1003 4314 sermones
1021 4259 1251 4325 inducat,
1286 4260 1406 4316 audi
1424 4261 1669 4315 eumdem
1689 4261 1908 4316 Paulum
1937 4262 2118 4318 dicen-

537 4359 639 4404 tem
669 4367 680 4402 :
715 4351 775 4404 Si
799 4352 1074 4404 secundum
1103 4351 1352 4404 hominem
1381 4369 1496 4406 cum
1515 4353 1634 4422 feris
1665 4354 1881 4424 pugnavi
1901 4352 2111 4424 Ephesi,

535 4443 653 4513 quid
683 4444 804 4494 mihi
835 4443 1056 4512 prodest,
1089 4443 1133 4496 si
1157 4445 1338 4496 mortui
1365 4460 1463 4497 non
1489 4454 1753 4514 resurgunt
1842 4445 1862 4517 (
1889 4445 1937 4498 1.
1996 4445 2111 4500 Cor.

537 4534 624 4588 15.
651 4533 779 4594 5‘2)?
807 4535 872 4588 Et
901 4535 1093 4589 iterum
1119 4551 1132 4588 :
1168 4533 1230 4588 Si
1257 4535 1310 4587 in
1339 4535 1432 4587 hac
1469 4537 1570 4587 vita
1595 4545 1786 4588 tantum
1811 4539 1865 4589 in
1916 4535 2114 4589 Christo

537 4635 791 4696 sperantes
813 4644 1004 4690 sumus,
1030 4627 1411 4680 miserabiliores
1431 4644 1602 4680 sumus
1623 4627 1850 4682 omnibus
1895 4629 2113 4682 homini-

537 4723 627 4774 bus
654 4720 760 4792 (Ib.
783 4742 837 4774 ν.
876 4721 982 4793 19).
1017 4721 1296 4776 innumera
1332 4723 1561 4790 patimur
1589 4721 1726 4774 mala
1759 4721 1810 4774 in
1866 4723 2113 4790 pnesenti

538 4815 661 4878 vita,
697 4814 900 4882 inquit:
933 4814 974 4868 si
1009 4813 1166 4884 igitur
1193 4827 1299 4866 non
1327 4821 1573 4882 speratur
1599 4813 1764 4866 altera
1795 4811 1899 4864 vita
1919 4851 1932 4876 ,
1989 4812 2114 4881 quid

535 4907 686 4962 nobis
711 4923 831 4962 esse
854 4908 1020 4977 possit
1067 4905 1464 4960 miserabilius?

603 5001 656 5055 9.
735 5001 834 5054 lies
863 5013 1048 5055 nostra:
1070 5011 1186 5055 sunt
1214 5001 1366 5070 hujus
1400 5001 1512 5053 vitae
1535 5001 1770 5054 limitibus
1797 5001 2116 5054 circumscri-

535 5103 650 5160 ptae.
672 5121 743 5134 --
771 5091 920 5148 Unde
945 5091 1280 5146 manifestum
1307 5101 1513 5146 estnon
1535 5106 1654 5146 esse
1681 5105 1767 5146 res
1789 5101 1997 5146 nostras
2025 5091 2120 5144 lm-

533 5183 615 5250 jus
658 5185 754 5236 ωνί
799 5183 1052 5238 limitibus
1102 5181 1551 5252 circumscriptus.
1603 5181 1672 5234 Et
1713 5181 1814 5235 hoc
1856 5181 2018 5250 liquet
2051 5197 2118 5235 ex

536 5275 913 5330 tentationibus
944 5295 956 5330 :
986 5291 1270 5346 numquam
1299 5276 1442 5330 enim
1476 5275 1612 5328 Deus
1655 5282 1924 5343 pateretur
1959 5281 2036 5326 tot
2066 5281 2120 5327 et

535 5367 657 5419 talia
683 5380 866 5435 passos
897 5371 1056 5434 mala,
1079 5377 1132 5424 et
1157 5378 1472 5440 prteseutem
1503 5370 1662 5422 vitam
1687 5382 1898 5422 omnem
1925 5365 1976 5420 in
2002 5375 2119 5420 ten-

537 5457 822 5510 tationibus
851 5468 903 5511 et
931 5459 1148 5514 infinitis
1175 5462 1427 5532 degentes
1457 5459 1727 5530 periculis,
1761 5461 1926 5516 multo
1953 5460 2121 5530 majo-

537 5549 685 5604 ribus
715 5566 818 5604 non
847 5554 1176 5608 remunerari
1208 5555 1535 5610 muneribus.
1565 5555 1620 5611 Si
1646 5569 1774 5610 vero
1801 5555 1852 5610 id
1882 5555 1986 5624 pati
2013 5570 2117 5610 non

535 5652 727 5712 potest,
761 5652 966 5698 certum
993 5645 1132 5714 quod
1165 5647 1437 5702 meliorem
1467 5657 1522 5702 et
1547 5647 1884 5704 illustriorem
1915 5649 2120 5717 paravit

539 5737 756 5788 alteram
803 5737 998 5800 vitam,
1041 5737 1092 5790 in
1131 5752 1230 5805 qua
1267 5737 1476 5806 pietatis
1521 5740 1724 5810 pugiles
1766 5754 2023 5794 coronare
2064 5747 2120 5793 et

535 5825 751 5880 laudare
784 5834 896 5881 toto
917 5827 1072 5882 debet
1099 5827 1228 5884 orbe
1249 5837 1542 5898 spectante.
1577 5831 1754 5900 Itaque
1779 5847 1899 5887 cum
1925 5831 2119 5886 videris

2208 519 2406 588 justum
2433 521 2752 590 angustiari,
2781 521 2976 591 affligi,
3003 521 3056 574 in
3083 519 3475 588 imbecillitate,
3505 528 3792 592 pauperie,

2209 618 2264 664 et
2285 611 2577 666 innumeris
2597 613 2714 666 aliis
2732 615 2982 668 wrutnnis
3007 623 3316 682 prtescntem
3339 613 3497 668 vitam
3519 615 3788 682 claudere,

2207 699 2294 754 die
2323 701 2456 754 intra
2487 711 2538 755 te
2557 703 2735 778 {ipsum
2763 720 2775 754 :
2803 702 2909 756 Nisi
2937 704 3256 758 resurrectio
3279 713 3420 758 esset
3441 713 3494 759 et
3511 706 3790 774 judicium,

2209 807 2496 862 numquam
2526 794 2666 849 Deus
2698 803 2836 848 tanta
2877 803 3088 862 propter
3117 809 3176 848 se
3205 795 3344 848 mala
3375 811 3586 864 paSsum
3607 839 3620 861 ,
3649 799 3795 852 t'iullo

2213 886 2432 950 potitum
2467 885 2606 940 bono
2632 885 2755 940 hinc
2783 889 3012 954 migrare
3043 887 3369 954 permisisset
3397 904 3410 938 :
3441 889 3582 942 unde
3609 899 3752 958 patet
3775 931 3788 952 ,

2211 974 2382 1043 ipsum
2413 976 2633 1028 alteram
2675 977 2755 1030 eis
2797 977 2956 1029 vitam
3003 977 3254 1044 praesenti
3287 977 3658 1045 iucundiorem
3683 1021 3696 1044 ,
3741 991 3794 1036 et

2207 1069 2376 1122 nmlto
2427 1069 2702 1123 meliorem
2759 1083 2964 1137 parare.
3019 1067 3130 1122 Nisi
3157 1070 3296 1123 enim
3325 1070 3426 1124 hoc
3451 1081 3611 1134 esset,
3639 1089 3791 1125 ιιιιιιισ-

2207 1173 2364 1227 quatn
2395 1159 2604 1213 sivisset
2640 1159 2908 1228 improbos
2934 1159 3145 1228 quidem
3185 1159 3378 1212 tnultos
3423 1175 3518 1228 per
3551 1161 3684 1216 hanc
3713 1164 3791 1217 vi-

2211 1256 2316 1302 tam
2339 1250 2590 1318 gaudere,
2609 1250 2870 1318 justorum
2893 1263 3021 1302 vero
3044 1249 3236 1302 multos
3263 1249 3312 1301 in
3337 1250 3574 1318 plurimis
3597 1269 3788 1305 uirum-

2211 1339 2295 1392 nis
2338 1341 2575 1401 versari;
2617 1341 2710 1393 sed
2747 1339 2997 1408 quoniam
3041 1347 3388 1407 prwparatum
3427 1351 3510 1393 est
3543 1344 3784 1395 Stl‘Cltitlm

2210 1422 2371 1486 aliud,
2399 1423 2447 1476 in
2475 1437 2580 1492 quo
2607 1424 2894 1477 secundum
2921 1422 3190 1488 meritum,
3217 1422 3338 1476 huic
3363 1424 3572 1491 quidem
3597 1425 3788 1494 impro-

2211 1515 2388 1570 bitatis
2411 1557 2424 1574 .
2452 1517 2528 1570 illi
2563 1531 2688 1570 vero
2717 1517 2928 1570 virtutis
2953 1517 3168 1584 praemia
3195 1515 3418 1570 reddere
3443 1517 3601 1572 debet
3629 1537 3642 1572 :
3675 1520 3791 1573 ideo

2212 1611 2340 1664 sinit
2367 1610 2505 1664 hunc
2525 1609 2740 1680 quidem
2769 1610 2950 1679 affligi,
2979 1609 3124 1662 illum
3153 1625 3277 1662 vero
3299 1609 3504 1664 deliciis
3527 1611 3789 1668 diffluere.

2211 1703 2406 1758 Verum
2434 1713 2486 1758 et
2505 1705 2662 1757 aliam
2685 1719 2748 1758 ex
2775 1702 3058 1771 Scripturis
3085 1717 3298 1756 causam
3323 1701 3514 1756 afferre
3539 1704 3789 1758 conabor.

2211 1793 2392 1860 Qualis
2415 1809 2540 1848 vero
2565 1795 2678 1848 hare
2703 1793 2822 1848 est?
2849 1793 2926 1848 Ne
2952 1792 3187 1846 dicamus
3213 1807 3310 1844 nos
3338 1793 3402 1844 ad
3426 1794 3664 1848 eamdem
3687 1797 3794 1848 vir-

2215 1897 2379 1942 tutem
2417 1887 2640 1950 invitati,
2671 1886 2891 1939 alterius
2921 1895 3122 1938 natura:
3151 1885 3428 1952 participes
3459 1886 3571 1938 illos
3604 1885 3790 1951 fuisse,

2213 1988 2303 2032 aut
2329 1979 2572 2032 homines
2599 1991 2702 2031 non
2729 1977 2910 2030 fuisse.
2963 1974 3164 2028 idcirco
3211 1975 3419 2044 quidam
3469 1975 3534 2028 de
3587 1991 3786 2043 magno

2213 2069 2434 2138 loquens
2466 2067 2634 2132 Helia,
2661 2067 2738 2122 sic
2765 2067 2932 2136 inquit
2959 2083 2974 2118 :
3007 2065 3182 2118 Helias
3211 2067 3358 2118 homo
3387 2074 3494 2118 erat
3519 2067 3570 2118 in
3595 2067 3790 2133 passio-

2213 2159 2358 2214 nibus
2382 2159 2558 2214 similis
2585 2158 2724 2212 nobis
2752 2157 2952 2226 (Iacob.
2977 2158 3028 2211 5.
3051 2159 3160 2224 17).
3187 2155 3346 2208 Vides
3371 2155 3506 2224 quod
3535 2172 3562 2206 a
3595 2155 3792 2223 passio-

2215 2265 2340 2302 num
2387 2248 2761 2302 communione
2799 2247 3128 2301 dcmonslrat
3172 2247 3342 2314 ipsum
3383 2246 3646 2298 hominem
3677 2261 3796 2300 esse

2215 2349 2272 2394 ut
2303 2341 2436 2394 nos?
2467 2340 2531 2392 Et
2556 2339 2746 2394 iterum
2777 2357 2790 2392 :
2821 2338 3019 2392 Etenim
3051 2355 3139 2409 ego
3169 2340 3315 2391 homo
3345 2355 3456 2390 sum
3486 2339 3536 2390 in
3563 2339 3796 2408 patienda

2214 2431 2348 2484 vobis
2375 2431 2551 2484 similis
2580 2431 2596 2500 (
2623 2430 2851 2500 Sapicnt.
2885 2430 2936 2484 7.
2968 2431 2990 2484 1
3019 2429 3058 2499 ).
3093 2431 3156 2483 Et
3189 2431 3287 2482 hoc
3314 2439 3516 2496 natura:
3555 2445 3795 2484 commu-

2216 2527 2428 2582 nionem
2450 2525 2694 2595 spondet.
2724 2525 2788 2580 Ut
2807 2535 2982 2580 autem
3005 2525 3180 2580 discas
3205 2539 3323 2578 cum
3349 2524 3436 2578 hic
3455 2523 3646 2578 docere
3665 2539 3796 2592 quos

2215 2627 2458 2686 oporteat
2483 2627 2668 2686 putare
2696 2617 2898 2680 beatos,
2927 2615 2975 2670 id
3003 2615 3126 2669 inde
3149 2615 3349 2668 clarum
3375 2625 3456 2668 est
3480 2632 3493 2668 :
3517 2629 3635 2669 cum
3655 2615 3796 2668 enim

2216 2707 2448 2762 audieris
2487 2707 2704 2761 Paulum
2749 2707 3046 2770 dicentem,
3082 2705 3249 2776 Usque
3275 2707 3328 2758 in
3368 2705 3499 2758 hanc
3539 2705 3712 2758 horam
3749 2715 3796 2758 et

2217 2803 2481 2868 esurimus,
2511 2811 2556 2854 et
2583 2800 2798 2862 sitimus,
2819 2809 2862 2852 et
2893 2799 3017 2852 nudi
3045 2814 3238 2860 sumus,
3263 2807 3308 2850 et
3333 2798 3730 2866 colaphizamur,
3749 2805 3796 2850 et

2217 2893 2473 2948 instabiles
2497 2910 2690 2956 sumus,
2709 2901 2756 2945 et
2781 2891 3068 2945 laboramus
3090 2889 3149 2958 (l.
3172 2887 3289 2942 Cor.
3305 2891 3358 2944 4.
3376 2889 3464 2959 11)
3489 2905 3506 2956 ;
3531 2897 3602 2954 ct,
3637 2888 3796 2954 Quem

2219 2986 2380 3058 diligit
2401 2983 2670 3047 Dominus,
2699 2985 2908 3052 castigat
2933 2999 2950 3036 :
2973 2982 3200 3054 ﬂagellat
3225 2990 3392 3035 autem
3418 2997 3613 3034 omnem
3635 2980 3796 3047 ﬁlium

2217 3093 2362 3148 quem
2390 3076 2595 3144 suscipit
2629 3073 2808 3144 (Hebr.
2841 3073 2924 3126 19.
2955 3075 3048 3140 (i);
3080 3083 3282 3126 eertum
3315 3079 3397 3124 est
3423 3086 3539 3132 nos,
3573 3083 3676 3122 non
3701 3081 3800 3122 eos

2219 3169 2307 3238 qui
2339 3171 2390 3222 in
2419 3173 2595 3237 quiete
2623 3168 2842 3236 deguat,
2871 3165 2962 3220 sed
2994 3181 3085 3220 eos
3113 3167 3200 3234 qui
3235 3171 3450 3232 propter
3479 3162 3640 3214 Deum
3665 3159 3796 3213 affli-

2219 3272 2415 3332 guntur
2457 3269 2512 3314 et
2553 3269 2816 3314 vexantur
2842 3299 2856 3324 ,
2901 3258 3100 3326 quique
3141 3258 3389 3310 virtutem
3441 3253 3798 3322 pietatemque

2219 3351 2402 3406 colunt
2425 3349 2730 3404 laudaturos
2752 3361 2802 3402 et
2825 3348 3168 3401 autmlaturos
3189 3361 3330 3400 esse.
3363 3342 3452 3396 Sic
3465 3349 3518 3394 et
3533 3342 3796 3411 Propheta

2219 3443 2348 3498 dicit
2378 3461 2390 3496 :
2424 3441 2643 3496 Dextera
2672 3441 2895 3509 ipsorum
2922 3439 3128 3492 dextera
3155 3436 3454 3506 iniquitatis,
3481 3434 3602 3502 ﬁlia:
3627 3447 3798 3484 eorum

2197 3536 2528 3604 compositae,
2563 3535 2976 3597 circumornatw,
3005 3539 3057 3583 ut
3083 3529 3358 3582 similitudo
3389 3525 3579 3594 templi.
3617 3521 3800 3574 Prom-

2222 3630 2422 3702 ptuaria
2460 3645 2633 3682 eorum
2662 3627 2808 3697 plena
2833 3667 2846 3690 ,
2875 3625 3158 3678 eructantia
3187 3638 3248 3676 ea:
3273 3624 3367 3675 hoc
3405 3622 3456 3674 in
3485 3619 3610 3673 illud
3640 3634 3658 3672 :
3686 3633 3800 3670 oues

2222 3739 2394 3778 eorum
2425 3726 2598 3793 fetosae
2617 3762 2632 3782 ,
2662 3717 2972 3772 abundantes
2999 3717 3050 3770 in
3079 3715 3355 3784 egressibus
3379 3714 3484 3768 suis
3507 3754 3521 3776 ,
3549 3712 3690 3765 boves
3715 3727 3802 3764 eo-

2221 3829 2332 3866 rum
2369 3826 2570 3864 crnssaz.
2605 3807 2726 3862 Non
2756 3817 2824 3862 est
2853 3809 3002 3860 ruina
3031 3807 3257 3860 maceriw
3283 3846 3299 3869 ,
3329 3820 3484 3873 neque
3520 3803 3754 3855 transitus
3775 3841 3798 3867 ,

2222 3917 2378 3972 neque
2414 3900 2603 3952 clamor
2633 3899 2684 3950 in
2711 3897 2888 3968 plateis
2913 3911 3102 3949 eorum.
3147 3894 3354 3947 Beatum
3379 3894 3612 3946 dixerunt
3639 3907 3802 3962 popu-

2223 3995 2330 4047 lum
2352 3992 2434 4048 cui
2463 3991 2571 4044 haec
2605 3999 2717 4044 sunt
2771 3989 2788 4060 (
2817 3987 2957 4041 Psal.
2993 3987 3114 4042 145.
3145 3987 3313 4040 11-15
3339 3986 3376 4054 ).
3411 3989 3490 4042 Tu
3515 4001 3642 4042 vero
3665 3984 3802 4038 Pro-

2223 4085 2382 4154 pheta
2411 4081 2536 4154 quid
2562 4081 2730 4134 dicis?
2759 4079 2980 4144 Beatus,
3013 4077 3214 4146 inquit,
3247 4077 3492 4146 populus,
3521 4077 3667 4144 cujus
3701 4074 3806 4128 Do-

2221 4179 2386 4230 minus
2415 4175 2548 4228 Deus
2577 4175 2684 4243 ejus
2712 4171 2860 4244 (Ib—v
2882 4211 2894 4222 .
2922 4171 3035 4238 15).
3067 4167 3180 4222 Νοη
3211 4167 3446 4236 pecuniis
3471 4166 3804 4232 afﬂuentem,

2221 4267 2316 4323 sed
2349 4269 2544 4336 pietate
2569 4275 2814 4320 ornatum
2836 4303 2850 4326 ,
2883 4262 3020 4316 hunc
3047 4275 3144 4330 ego
3175 4259 3384 4314 beatum
3411 4268 3560 4327 puto,
3597 4257 3764 4325 inquit
3783 4297 3802 4318 ,

2221 4358 2319 4414 etsi
2351 4359 2628 4412 innumera
2651 4355 2877 4424 patiatur
2899 4353 3056 4406 mala.
3083 4353 3138 4407 Si
3160 4365 3287 4405 vero
3307 4358 3516 4418 oportet
3535 4359 3586 4404 et
3607 4363 3804 4402 nonam

2221 4453 2396 4506 dicere
2426 4465 2638 4504 causam
2661 4490 2675 4514 ,
2708 4446 2837 4500 illud
2865 4445 3060 4500 addere
3087 4458 3364 4513 possemus
3389 4483 3403 4506 ,
3433 4441 3572 4511 quod
3611 4440 3808 4511 proba-

2223 4547 2384 4598 tiores
2411 4541 2679 4597 tribulatio
2719 4539 2871 4592 faciat
2899 4537 3195 4590 tribulatos.
3243 4533 3519 4588 Tribulatio
3547 4533 3678 4586 enim
3709 4547 3804 4599 pa-

2221 4636 2444 4690 tientiam
2474 4643 2711 4702 operatur
2732 4671 2746 4695 ,
2775 4629 3015 4702 patientia
3040 4643 3153 4680 vero
3179 4625 3517 4696 probationem
3537 4665 3551 4686 ,
3579 4621 3808 4693 probatio

2222 4739 2390 4780 autent
2417 4742 2554 4794 spcm
2575 4766 2590 4786 ,
2623 4739 2734 4792 spes
2761 4738 2873 4774 vero
2899 4737 2998 4773 non
3025 4718 3289 4788 confundit
3316 4716 3488 4787 (Rom.
3515 4717 3566 4772 5.
3597 4713 3806 4782 5—5).

2223 4819 2385 4872 Vides
2411 4815 2550 4886 (ptod
2581 4829 2648 4868 ex
2686 4811 3024 4866 tribulatione
3052 4809 3292 4878 probatio
3323 4808 3616 4862 futurorum
3653 4819 3806 4872 Spem

2229 4910 2380 4964 nobis
2405 4906 2592 4962 aderat
2617 4948 2630 4970 ,
2664 4914 2716 4958 et
2744 4907 2793 4958 in
2828 4901 3202 4958 tentationibus
3232 4915 3446 4954 manere
3471 4940 3484 4962 ,
3517 4897 3584 4952 de
3618 4893 3810 4950 futuris

2225 5004 2360 5070 bene
2388 5015 2604 5070 sperare
2634 4997 2825 5052 faciat?
2855 4997 3032 5064 Itaque
3057 5009 3163 5049 non
3195 5002 3394 5048 temere
3417 4990 3678 5056 dicebam,
3707 4987 3808 5044 has

2225 5093 2594 5148 tribulationes
2623 5089 3026 5144 resurrectionis
3059 5103 3207 5156 spem
3240 5087 3392 5140 nobis
3421 5085 3718 5154 designare,
3749 5095 3812 5135 et

2225 5194 2442 5240 vexatos
2480 5184 2727 5236 meliores
2754 5180 2987 5236 efficere.
3021 5177 3479 5246 Quemadmodum
3508 5175 3649 5229 enim
3669 5212 3686 5239 ,
3719 5173 3808 5228 in-

2225 5277 2370 5346 quit,
2400 5275 2450 5329 in
2481 5273 2695 5329 fornace
2719 5287 2904 5326 aurum
2935 5271 3266 5326 examinator
3287 5309 3302 5330 ,
3333 5267 3410 5322 sic
3441 5275 3496 5322 et
3523 5267 3684 5320 homo
3709 5277 3802 5318 ac-

2225 5377 2410 5438 ceptus
2433 5367 2483 5420 in
2506 5364 2882 5418 humiliationis
2903 5363 3112 5416 camino
3135 5359 3317 5430 (Eccli.
3337 5358 3393 5412 2.
3419 5357 3492 5429 5).
3520 5359 3814 5412 Possumus

2225 5471 2280 5516 et
2306 5459 2572 5517 decimam
2594 5457 2770 5514 dicere
2789 5469 3024 5510 causam.
3053 5454 3272 5522 Qualem
3295 5467 3421 5506 vero
3443 5451 3611 5505 hanc?
3637 5449 3810 5516 Quam

2225 5561 2279 5607 et
2296 5553 2406 5620 jam
2429 5549 2622 5619 smpius
2641 5547 2750 5602 dixi
2771 5547 3012 5616 superius
3031 5586 3044 5610 ,
3066 5543 3209 5616 quod
3231 5543 3273 5598 si
3296 5543 3501 5612 aliquas
3517 5542 3814 5596 habeamus

2227 5642 2480 5709 maculas,
2506 5648 2560 5696 et
2581 5639 2666 5694 hic
2685 5652 2776 5694 eas
2801 5637 3148 5705 deponemus.
3177 5635 3242 5689 Et
3263 5633 3362 5688 hoc
3390 5633 3686 5700 patriarcha
3709 5629 3813 5684 de-

2226 5736 2431 5790 clarans
2471 5731 2536 5788 ad
2569 5731 2784 5786 divitem
2812 5728 3020 5782 diccbat
3051 5745 3063 5780 :
3095 5726 3342 5796 quoniam
3375 5723 3598 5776 Lazarus
3625 5721 3817 5784 recepit

2226 5844 2322 5882 sua
2349 5825 2484 5880 mala
2511 5866 2524 5890 ,
2557 5825 2690 5877 unde
2717 5821 3105 5876 consolationem
3136 5818 3318 5889 accipit
3347 5817 3366 5886 (
3395 5815 3520 5870 Luc.
3557 5817 3640 5871 i5.
3671 5813 3742 5870 εὖ
3761 5817 3812 5883 ρ.
