4074 6218
351 333 422 391 ρει
1315 324 1405 380 AD
1442 317 1765 379 POPULUM
1806 314 2296 372 ANTIOCHENUM
2363 317 2589 371 llOMlL.
2625 319 2674 372 1.
3561 316 3640 370 Si)

356 454 422 506 Et
451 457 644 520 prmter
672 447 812 502 hanc
839 445 997 498 aliam
1020 455 1204 496 rursus
1238 438 1554 494 invenimus.
1592 431 1847 502 Qualem?
1875 428 1946 484 Ut

354 557 567 597 coronae
603 549 660 596 et
700 537 913 609 praunia
953 535 1106 589 nobis
1145 541 1437 602 augeantur
1469 547 1482 582 :
1517 535 1770 596 quantum
1802 523 1942 577 enim

358 633 728 688 tribulationes
773 627 1160 690 intenduntur,
1203 633 1406 677 tantum
1463 629 1516 674 et
1567 617 1944 672 retributiones

355 725 698 793 ampliantur,
731 721 839 774 imo
869 734 996 773 vero
1025 725 1082 771 et
1110 716 1276 768 multo
1315 712 1430 782 plus
1465 727 1476 766 :
1512 709 1636 763 Non
1665 708 1797 761 enim
1821 723 1942 759 con-

357 817 528 885 digna:
546 825 664 868 sunt
683 813 938 880 passiones
955 809 1109 878 hujus
1132 805 1368 874 temporis
1384 803 1450 856 ad
1470 806 1692 873 futuram
1707 799 1941 868 gloriam,

357 921 472 971 quae
494 904 793 958 revelabitur
819 902 876 955 in
911 899 1053 953 nobis
1081 897 1254 967 (Rom.
1283 895 1334 949 8.
1366 892 1476 964 18).
1507 891 1606 945 Tot
1632 890 1788 958 igitur
1816 904 1944 942 cau-

359 1013 449 1052 sas
483 998 741 1051 habentes
765 994 834 1048 de
859 1001 1166 1048 sanctorum
1193 988 1479 1042 afﬂictione
1503 983 1774 1046 dicendas,
1799 997 1866 1035 ne
1894 981 1945 1034 in

360 1087 743 1144 tentationibus
767 1085 1124 1154 indignemur,
1149 1097 1217 1135 ne
1236 1077 1617 1148 angustiemur,
1641 1089 1709 1127 ne
1736 1079 1942 1142 pertur-

361 1182 571 1245 bemur,
593 1178 686 1232 sed
713 1186 766 1232 et
791 1176 888 1246 ipsi
917 1183 1128 1228 nostros
1151 1173 1471 1226 instruamus
1494 1167 1719 1230 animos,
1741 1173 1794 1218 et
1814 1163 1949 1217 alios

361 1273 478 1326 inec
501 1272 808 1324 doceamus.
854 1267 923 1320 Et
961 1265 1005 1319 si
1029 1263 1232 1318 videris
1260 1260 1529 1315 hominem
1563 1259 1615 1310 in
1643 1257 1835 1310 virtute
1865 1254 1949 1308 vi-

360 1371 608 1426 ventem,
649 1356 1040 1428 philosOphiam
1084 1359 1375 1407 sectantem
1401 1391 1415 1414 ,
1456 1348 1752 1417 placentem
1793 1345 1904 1398 Deo
1932 1384 1947 1409 ,

363 1461 546 1519 postea
589 1451 865 1503 innumera
896 1449 1180 1514 patientem
1210 1442 1346 1496 mala
1371 1481 1387 1505 ,
1424 1454 1492 1493 ne
1529 1434 1908 1492 scandalizeris
1932 1476 1947 1500 ,

359 1543 557 1597 dilecte
585 1559 598 1594 :
626 1551 680 1594 et
703 1541 746 1594 si
776 1539 974 1593 videris
1013 1537 1246 1606 aliquem
1281 1531 1642 1602 spiritualibus
1673 1537 1948 1582 vacantem

360 1635 613 1705 operibus
637 1675 652 1700 ,
685 1642 739 1688 et
773 1630 968 1700 aliquid
999 1629 1126 1683 utile
1161 1626 1530 1695 expediturum
1558 1664 1572 1686 ,
1604 1629 1788 1690 postea
1820 1633 1948 1688 sup-

365 1729 680 1797 plantatum,
711 1740 777 1779 ne
807 1720 1151 1793 perturberis.
1172 1717 1381 1771 Etenim
1410 1712 1736 1768 novimultos
1756 1711 1950 1779 saepius

362 1819 484 1872 tilia
511 1825 813 1888 quaerentes
845 1832 859 1867 :
888 1813 1002 1877 llle,
1033 1810 1296 1881 inquiunt,
1323 1807 1388 1862 ad
1417 1804 1727 1876 martyrium
1756 1802 1831 1872 (a)
1859 1816 1951 1871 pe-

362 1911 660 1978 regrinatus
685 1950 698 1972 ,
743 1905 1062 1976 pauperibus
1099 1901 1346 1971 pecunias
1393 1898 1697 1968 perferens,
1731 1896 1782 1949 in
1815 1910 1948 1948 nau-

360 2001 588 2069 fragium
619 1997 820 2060 incidit,
855 2005 907 2050 et
934 1995 1111 2048 amisit
1136 1991 1312 2045 omnia
1347 2007 1361 2045 :
1395 1991 1529 2042 alter
1569 2003 1776 2041 rursum
1810 1987 1948 2040 idem

361 2089 562 2143 faciens
581 2129 595 2151 ,
625 2088 674 2140 in
702 2088 934 2140 latrones
958 2084 1141 2138 incidit
1161 2125 1174 2147 ,
1203 2091 1256 2137 et
1284 2082 1370 2134 vix
1397 2080 1626 2134 animam
1655 2093 1805 2131 suam
1833 2093 1947 2131 ser-

364 2179 546 2244 vavit,
577 2177 753 2232 nudus
799 2175 921 2230 inde
956 2173 1254 2229 discedens.
1297 2171 1434 2239 Quid
1473 2170 1630 2238 igitur
1668 2168 1952 2223 dicemus?

371 2268 524 2335 Quod
565 2269 754 2321 horum
783 2267 927 2321 nullo
968 2265 1161 2320 tristari
1192 2272 1452 2332 oporteat.
1498 2259 1609 2315 Etsi
1639 2261 1778 2316 euim
1815 2275 1949 2314 nau-

363 2361 588 2431 fragium
609 2359 753 2423 fecit,
772 2359 932 2413 habet
950 2368 1123 2412 tamen
1141 2356 1358 2428 justitice
1376 2355 1603 2408 fructum
1621 2352 1912 2425 perfectum
1934 2369 1947 2406 :

363 2469 458 2506 sua
486 2453 627 2507 enim
653 2465 828 2506 omnia
856 2449 1118 2520 implevit,
1145 2447 1358 2516 collegit
1387 2446 1658 2516 pecunias,
1684 2445 1948 2512 deposuit,

359 2557 486 2595 cum
528 2541 852 2610 recepisset,
889 2539 1104 2604 abibat,
1140 2536 1615 2607 peregrinationem
1655 2534 1900 2602 attigerat
1934 2550 1947 2586 :

363 2630 694 2702 naufragium
712 2645 838 2684 vero
851 2630 916 2684 de
933 2630 1136 2699 reliquo
1153 2643 1256 2681 nou
1277 2628 1342 2681 de
1362 2627 1529 2695 ipsius
1547 2625 1645 2678 fuit
1661 2625 1946 2679 sententia.

361 2721 472 2775 Sed
515 2735 681 2790 quare
721 2719 822 2774 hoc
871 2719 1012 2774 Deus
1053 2716 1334 2788 permisit?
1377 2716 1441 2782 Ut
1482 2715 1622 2769 hunc
1657 2723 1950 2784 spectatum

360 2811 663 2866 exhiberet.
696 2812 765 2865 At
793 2825 1070 2880 pauperes,
1108 2807 1297 2878 inquit,
1329 2806 1514 2876 privati
1541 2816 1662 2860 sunt
1691 2805 1946 2874 pecuniis.

369 2903 489 2958 Non
529 2911 673 2957 tanta
714 2902 1034 2971 pauperibus
1064 2914 1190 2954 cura
1231 2909 1284 2952 tu
1322 2897 1594 2968 provides,
1631 2906 1825 2967 quanta
1862 2895 1952 2964 qui

364 2994 493 3050 fecit
529 3010 623 3048 eos
665 2994 803 3049 Deus
843 3009 858 3046 :
903 2993 1000 3046 etsi
1045 2992 1186 3046 enim
1230 2991 1311 3044 his
1353 2989 1541 3059 privati
1576 2997 1732 3052 sunt,
1774 2996 1952 3041 tamen

362 3086 583 3140 aliunde
613 3094 788 3156 potest
817 3085 1073 3154 majorem
1099 3097 1259 3152 opum
1285 3081 1621 3136 occasionem
1652 3078 1783 3150 ipsis
1811 3093 1950 3148 prae-

363 3178 494 3231 bere
505 3218 518 3230 .

438 3267 529 3322 10.
571 3265 648 3320 Nc
680 3265 836 3334 igitur
861 3273 1129 3334 gestorum
1159 3262 1394 3317 rationes
1418 3261 1487 3314 ab
1516 3275 1582 3317 eo
1608 3269 1911 3330 repetamus
1935 3302 1949 3326 ,

360 3358 468 3416 sed
494 3359 544 3412 in
573 3357 821 3412 omnibus
849 3372 970 3411 eum
1001 3355 1362 3426 glorificemus
1388 3373 1402 3408 :
1432 3370 1536 3409 non
1572 3355 1713 3409 enim
1749 3355 1952 3425 impru-

363 3452 558 3506 denter
587 3457 640 3504 et
668 3457 871 3503 temere
903 3448 1024 3502 talia
1051 3462 1194 3517 stepe
1221 3446 1335 3501 fieri
1363 3446 1620 3516 permittit
1644 3487 1660 3513 ,
1702 3446 1796 3501 sed
1831 3462 1951 3500 cum

363 3557 430 3596 ex
459 3541 544 3594 bis
573 3539 813 3609 pecuniis
853 3537 1272 3592 consolationem
1312 3535 1586 3590 habituros
1631 3551 1740 3590 non
1778 3536 1954 3605 despi-

362 3634 472 3686 ciat
495 3673 509 3698 ,
536 3646 722 3685 verum
752 3630 881 3699 ipsis
909 3629 1067 3683 aliam
1095 3644 1193 3697 pro
1225 3628 1309 3681 his
1340 3626 1578 3680 alimenti
1617 3627 1950 3680 occasionem

364 3721 603 3791 pmbeat
621 3762 636 3787 ,
665 3720 823 3774 etiam
852 3716 1182 3788 naufragium
1205 3732 1418 3787 passum
1447 3716 1805 3785 probatiorem
1835 3715 1953 3770 efﬁ-

362 3815 439 3868 cit
463 3855 480 3880 ,
510 3812 877 3882 majoremque
903 3811 1002 3880 ipsi
1033 3818 1184 3880 parat
1211 3808 1513 3864 mercedem
1558 3826 1571 3862 :
1607 3807 1774 3862 multo
1811 3808 1953 3861 enim

363 3904 540 3973 majus
567 3918 651 3958 εει
674 3942 688 3965 ,
721 3917 878 3972 quam
924 3901 1322 3970 eleemosynam
1367 3899 1494 3954 dare
1517 3939 1532 3965 ,
1575 3899 1716 3970 quod
1761 3898 1954 3953 talibus

360 3995 590 4050 obrutus
616 3994 843 4064 negotiis
867 3993 976 4047 Deo
1005 3992 1202 4062 gratias
1229 3999 1369 4060 agat.

433 4083 683 4138 Fructum
704 4099 767 4137 ea:
797 4084 1036 4152 patientia
1056 4083 1264 4153 perinde
1277 4092 1426 4151 atque
1439 4097 1502 4135 ea:
1521 4081 1833 4151 eleemosyna
1851 4098 1957 4135 me-

359 4177 613 4228 timur.—
628 4175 745 4229 Non
767 4174 905 4228 enim
940 4182 1142 4228 tantum
1172 4188 1290 4243 quae
1312 4186 1406 4242 per
1431 4172 1825 4243 elcemosynam
1857 4172 1954 4227 da-

357 4283 506 4334 Inus,
519 4268 616 4324 sed
638 4275 694 4322 et
712 4283 796 4332 ea,
815 4267 1004 4337 quibus
1020 4267 1087 4322 ab
1101 4267 1219 4322 aliis
1236 4266 1452 4337 spoliari
1481 4266 1689 4320 fortiter
1713 4265 1953 4332 ferimus,

357 4363 590 4415 multum
609 4359 1002 4414 nobisfructum
1019 4358 1266 4413 afferunt.
1283 4359 1348 4412 Et
1364 4366 1420 4412 ut
1435 4357 1610 4412 discas
1632 4357 1732 4412 hoc
1750 4357 1839 4412 illo
1853 4374 1959 4412 ma-

359 4453 447 4520 jus
465 4467 610 4516 esse,
631 4467 694 4505 ex
723 4451 786 4504 iis
807 4466 924 4520 qua).
939 4450 1040 4505 J‘ob
1056 4450 1420 4520 contigerunt,
1446 4448 1548 4503 hoc
1569 4447 1758 4502 faciam
1784 4449 1958 4502 mani-

357 4543 582 4596 festum.
609 4541 702 4595 Ille
723 4540 934 4611 quando
960 4541 1211 4610 pecunias
1236 4539 1492 4610 possedit,
1518 4539 1722 4608 aperuit
1742 4538 1958 4592 domum

359 4634 694 4703 pauperibus
716 4673 732 4697 ,
763 4642 816 4687 et
850 4633 1026 4686 omnia
1048 4648 1165 4701 quae
1188 4631 1417 4685 habebat
1443 4631 1800 4700 elargiebatur
1825 4648 1839 4684 :
1866 4629 1960 4684 sed

361 4743 470 4780 non
491 4735 610 4781 erat
627 4735 732 4778 tam
756 4726 995 4789 illustris,
1015 4723 1226 4796 quando
1243 4723 1566 4794 pauperibus
1586 4721 1802 4776 domum
1829 4737 1961 4792 ape-

361 4819 510 4882 ruit,
542 4832 703 4886 quam
731 4832 851 4871 cum
881 4817 1046 4884 ipsam
1078 4815 1335 4870 cecidisse
1360 4815 1582 4870 audiens
1623 4829 1734 4869 non
1783 4813 1963 4884 inique

360 4910 508 4962 tulit.
537 4909 654 4964 Non
679 4919 794 4962 erat
813 4919 918 4962 tam
947 4908 1200 4975 illustris,
1223 4907 1434 4976 quando
1456 4923 1524 4962 ex
1546 4907 1721 4962 ovium
1746 4916 1962 4962 tonsura

355 5003 541 5056 nudos
572 5003 826 5068 vestivit,
871 5017 1030 5071 quam
1077 5000 1172 5055 fuit
1205 5001 1380 5055 clarus
1418 5009 1473 5055 et
1505 5010 1774 5070 spectatus
1797 5041 1818 5066 ,
1842 5015 1963 5055 cum

352 5095 596 5148 audiens
625 5095 798 5163 ignem
831 5092 1091 5149 cecidisse
1114 5135 1128 5157 ,
1171 5102 1226 5147 et
1265 5107 1454 5162 greges
1489 5107 1676 5148 onmes
1717 5107 1966 5146 consum-

349 5185 540 5256 psisse
559 5226 573 5248 ,
606 5185 804 5254 gratias
829 5185 953 5253 egit.
979 5183 1129 5238 Tunc
1154 5182 1417 5237 humanus
1447 5182 1619 5238 fuerat
1645 5225 1660 5248 ,
1693 5197 1835 5238 nunc
1864 5182 1966 5236 fuit

355 5276 726 5348 philosophus
756 5293 770 5328 :
801 5285 928 5330 tunc
950 5289 1244 5345 pauperum
1280 5275 1660 5340 miserebatur,
1691 5288 1832 5327 nunc
1861 5273 1966 5326 Do-

355 5369 518 5421 mino
549 5366 750 5436 gratias
773 5367 980 5435 agebat.
1013 5365 1121 5420 Nec
1146 5366 1282 5419 intra
1310 5379 1368 5419 se
1394 5363 1564 5429 dixit,
1588 5363 1725 5431 Quid
1751 5362 1966 5418 tandem

359 5463 472 5509 an
514 5457 645 5512 est?
684 5472 872 5526 greges
916 5457 1217 5526 consumpti
1257 5465 1419 5520 sunt,
1469 5455 1661 5526 quibus
1705 5455 1969 5509 innumeri

358 5564 639 5618 pauperes
691 5549 970 5604 alebantur
999 5567 1012 5604 :
1044 5550 1145 5605 etsi
1173 5563 1273 5620 ego
1302 5547 1549 5618 indignus
1577 5561 1724 5602 eram
1754 5545 1854 5600 bac
1880 5561 1959 5600 re-

455 5676 523 5737 (α)
550 5676 627 5727 ΑΔ
649 5675 960 5740 martyrium,
987 5690 1078 5727 seu
1121 5677 1181 5726 ad
1225 5678 1485 5740 ecclesiam
1531 5683 1814 5740 martyrum.
1866 5676 1971 5740 Hoc

371 5736 510 5788 item
533 5743 731 5788 nomine
749 5736 1089 5800 appellabatur
1101 5741 1339 5801 templum
1353 5736 1968 5800 SalvatorisJerosolymis.

2049 444 2166 483 rum
2195 428 2294 483 frui
2319 429 2472 499 copia
2497 472 2510 494 ,
2543 429 2732 484 saltem
2759 438 2975 501 propter
2998 445 3186 488 earum.
3205 445 3482 490 consortes
3516 451 3635 505 pars.

2048 529 2275 582 cendum
2303 539 2436 584 erat.
2467 530 2574 584 Sed
2599 530 2733 584 nihil
2758 530 2946 584 horum
2976 531 3057 585 vel
3080 531 3213 584 dixit
3239 533 3321 588 vel
3343 532 3594 602 cogitavit
3619 551 3632 588 :

2052 632 2205 675 norat
2229 625 2371 678 enim
2405 626 2570 679 Deum
2595 626 2774 679 omnia
2800 625 3000 678 utiliter
3029 623 3447 694 dispensantem.
3484 625 3549 678 Et
3581 637 3636 679 ut

2051 717 2190 770 scias
2234 731 2353 770 eum
2393 717 2603 783 gravius
2646 724 2828 784 postea
2867 714 3057 768 vulnus
3097 715 3338 769 intulisse
3379 717 3636 781 diabolo,

2049 823 2170 861 cum
2200 809 2455 877 spoliatus
2483 808 2678 878 gratias
2703 809 2809 877 egit
2837 849 2851 871 ,
2892 822 3048 876 quam
3077 822 3198 861 cum
3231 807 3510 877 possidens
3535 809 3634 863 mi-

2059 915 2352 969 seraretur,
2367 904 2584 959 adverte
2599 907 2739 974 quod
2757 905 2976 975 quando
3006 905 3338 973 possidebat,
3355 904 3633 973 suspicio-

2057 1009 2177 1048 nem
2196 995 2483 1064 quamdam
2502 996 2686 1051 habuit
2701 997 2952 1051 diabolus
2969 1012 2983 1047 :
2999 996 3098 1051 etsi
3113 995 3328 1061 falsam,
3349 996 3536 1050 habuit
3557 1005 3642 1051 ta-

2059 1104 2180 1140 men
2207 1089 2347 1142 unde
2383 1089 2614 1142 diceret:
2645 1089 2789 1143 Nunt
2829 1092 2996 1160 gratis
3037 1099 3085 1142 te
3123 1090 3249 1142 colit
3271 1088 3372 1142 Job
3403 1087 3547 1160 (Job.
3578 1091 3630 1142 i:

2053 1175 2134 1240 9)?
2156 1180 2443 1241 Postquam
2465 1198 2588 1234 vero
2615 1183 2797 1235 omnia
2819 1183 3061 1244 abstulit,
3087 1183 3342 1246 et-ipsum
3369 1181 3632 1236 omnibus

2053 1263 2297 1331 Spoliavit
2323 1304 2337 1327 ,
2361 1269 2416 1316 et
2439 1273 2614 1315 tamen
2639 1261 2881 1315 eamdem
2913 1262 2955 1314 is
2981 1276 3103 1331 erga
3132 1262 3297 1316 Deum
3323 1261 3643 1318 benevolent-

2055 1364 2178 1408 ttam
2208 1355 2478 1421 servavit,
2513 1365 2637 1408 tunc
2667 1355 2881 1408 demum
2911 1356 3239 1408 obstructum
3269 1363 3353 1410 est
3377 1370 3439 1410 os
3473 1356 3644 1424 impu—

2053 1449 2184 1502 dens
2209 1490 2223 1512 ,
2252 1458 2305 1502 et
2343 1447 2473 1502 nihil
2509 1447 2736 1517 amplius
2780 1446 2919 1516 quod
2971 1447 3172 1502 diceret
3217 1447 3446 1503 habebat
3475 1466 3489 1502 :
3519 1464 3642 1504 nam

2053 1540 2382 1609 splendidior
2407 1556 2568 1610 quam
2599 1541 2747 1610 prius
2777 1550 2892 1595 erat
2913 1540 3088 1609 justus
3126 1542 3212 1596 ille
3248 1543 3349 1596 vir.
3386 1542 3644 1598 Omnibus

2054 1633 2197 1686 enim
2227 1633 2487 1700 privatum
2517 1674 2530 1698 ,
2561 1647 2819 1702 generose
2846 1641 2901 1687 et
2938 1648 3059 1687 cum
3103 1633 3390 1699 gratiarum
3433 1635 3648 1688 actione

2055 1720 2195 1776 ferre
2221 1722 2387 1775 multo
2419 1722 2590 1792 majus
2617 1732 2698 1778 est
2718 1764 2733 1791 ,
2762 1738 2922 1793 quam
2951 1723 3004 1776 in
3032 1723 3233 1778 divitiis
3258 1723 3539 1794 degentem
3568 1724 3646 1778 fa-

2055 1830 2179 1869 cere
2209 1815 2602 1886 eleemosynam
2634 1856 2649 1879 ,
2687 1816 2826 1870 sicut
2853 1825 2907 1870 et
2934 1817 2988 1870 in
3014 1815 3116 1872 hoc
3137 1819 3283 1886 justo
3307 1817 3647 1872 demonstra-

2059 1917 2167 1960 tum
2211 1915 2314 1961 est.
2352 1908 2501 1961 Tunc
2546 1908 2710 1962 multa
2752 1908 2806 1962 in
2840 1922 3128 1962 conservos
3167 1907 3267 1962 fuit
3309 1909 3606 1980 benignitas
3630 1950 3644 1972 ,

2057 2014 2200 2052 nunc
2241 2014 2462 2068 magnus
2500 1999 2551 2052 in
2594 1999 2875 2053 Dominum
2905 2015 3058 2054 amor
3089 1999 3458 2054 exhibebatur.
3499 2000 3650 2054 llunc

2059 2103 2183 2142 vero
2216 2104 2321 2141 non
2363 2099 2564 2143 temere
2602 2093 2903 2144 Sermonem
2945 2093 3220 2154 extendo;
3260 2090 3353 2145 sed
3397 2090 3647 2159 quoniam

2057 2182 2208 2236 multi
2237 2181 2432 2250 smpius
2455 2181 2544 2251 qui
2570 2182 2936 2252 eleemosynas
2961 2189 3246 2251 erogarent
3270 2224 3285 2246 ,
3318 2181 3504 2237 viduas
3533 2182 3649 2236 ale-

2057 2284 2212 2339 rent,
2241 2276 2385 2330 omni
2411 2275 2704 2329 substantia
2746 2274 3012 2343 diSpoliati
3053 2283 3220 2328 sunt:
3262 2274 3349 2327 alii
3394 2274 3647 2328 incendio-

2055 2366 2236 2420 omnia
2263 2366 2596 2431 amiserunt,
2641 2365 2731 2418 alii
2777 2366 2829 2419 in
2875 2363 3148 2434 naufragia
3189 2363 3529 2430 inciderunt,
3558 2364 3655 2417 alii

2055 2457 2336 2512 Calumniis
2358 2497 2373 2521 ,
2413 2465 2469 2512 et
2514 2456 2706 2511 talibus
2739 2455 3016 2525 quibusvis
3055 2455 3264 2524 injuriis
3301 2463 3420 2524 post
3453 2455 3648 2508 multas

2056 2550 2428 2619 eleemosynas
2457 2549 2508 2602 in
2537 2557 2828 2603 extremam
2853 2546 3056 2602 redacti
3087 2555 3211 2600 sunt
3247 2546 3554 2616 pauperiem
3591 2555 3648 2601 et

2063 2639 2427 2694 infirmitatem
2478 2647 2533 2694 et
2579 2638 2988 2708 aegritudinem,
3038 2646 3091 2692 et
3140 2653 3170 2690 a
3219 2636 3432 2692 nemine
3483 2635 3648 2690 ullum

2056 2732 2232 2801 adepti
2259 2739 2383 2786 sunt
2406 2730 2683 2785 auxilium.
2712 2730 2790 2785 Ne
2813 2731 2975 2800 igitur
2999 2730 3238 2784 dicamus
3261 2771 3276 2796 ,
3321 2728 3462 2800 quod
3506 2744 3651 2799 saepe

2057 2822 2210 2875 multi
2242 2821 2460 2889 dicunt,
2489 2820 2658 2875 Nemo
2680 2822 2953 2892 quidquam
2973 2822 3065 2877 scit
3091 2821 3192 2892 (a),
3236 2820 3508 2876 sufficiunt
3526 2836 3649 2876 om-

2059 2915 2146 2969 nia
2171 2929 2334 2983 supra
2360 2913 2499 2968 dieta
2526 2914 2590 2966 ad
2620 2914 2776 2968 talem
2805 2913 3177 2982 espcllendam
3215 2914 3642 2985 trepidationem.

2058 3005 2151 3061 llle
2177 3045 2192 3071 ,
2222 3007 2397 3076 inquit
2427 3047 2441 3070 ,
2475 3014 2553 3060 tot
2575 3005 2776 3061 faciens
2801 3007 3171 3077 eleemosynas
3195 3007 3374 3061 omnia
3399 3006 3648 3077 perdidit.

2059 3098 2262 3169 Ecquid
2292 3097 2416 3152 illud
2443 3107 2525 3153 est
2551 3139 2567 3164 ,
2599 3098 2776 3153 omnia
2805 3098 3075 3167 perdidit?
3105 3097 3161 3152 Si
3193 3113 3287 3166 pro
3315 3097 3414 3153 hac
3440 3099 3642 3168 gratias

2059 3193 2229 3262 egerit
2249 3191 2454 3261 jactura
2485 3233 2500 3258 ,
2529 3191 2696 3246 multo
2725 3191 2982 3261 majorem
3007 3207 3036 3245 a
3066 3191 3175 3246 Deo
3215 3191 3644 3247 benevolentiam

2062 3283 2311 3338 hauriet:
2355 3297 2454 3338 nec
2492 3282 2707 3352 duplum
2753 3283 2892 3339 sicut
2924 3283 3064 3348 Job,
3105 3281 3201 3338 sed
3241 3283 3546 3351 centuplum
3594 3283 3647 3338 in

2060 3376 2166 3431 vita
2190 3384 2390 3430 aeterna
2419 3375 2660 3445 recipiet.
2706 3377 2760 3432 Si
2791 3391 2919 3431 vero
2946 3374 3035 3431 hic
3060 3375 3257 3429 malum
3285 3375 3481 3444 patitur
3505 3416 3519 3440 ,
3549 3374 3654 3429 hoc

2059 3468 2232 3537 ipsum
2261 3467 2515 3537 majorem
2554 3467 2661 3522 illic
2686 3468 2996 3522 thesaurum
3038 3465 3137 3536 ipsi
3184 3466 3481 3535 praebebit,
3507 3465 3648 3535 quod

2058 3576 2316 3630 generose
2342 3558 2521 3613 omnia
2549 3559 2685 3613 ferat
2715 3578 2727 3613 :
2760 3558 2826 3613 ad
2863 3559 3092 3626 majores
3129 3557 3270 3611 enim
3314 3559 3485 3626 ipsum
3525 3555 3649 3610 inde

2063 3669 2260 3708 vocans
2289 3651 2698 3708 exercitationes
2740 3659 2793 3704 et
2831 3649 2998 3702 luctas
3022 3689 3039 3714 ,
3075 3647 3144 3702 de
3182 3647 3333 3715 copia
3379 3648 3435 3700 in
3477 3662 3650 3716 penu-

2060 3746 2193 3799 riam
2226 3743 2459 3798 incidere
2486 3742 2628 3795 Deus
2673 3740 2932 3809 permisit.
2982 3739 3121 3810 ignis
3161 3739 3410 3807 ingruens
3453 3753 3652 3809 saeptus

2059 3837 2277 3892 domum
2309 3844 2448 3888 tuam
2476 3833 2808 3902 absumpsit,
2830 3839 2883 3886 et
2911 3839 3076 3886 totam
3103 3831 3652 3900 substantiampopu-

2061 3929 2196 3984 latus
2221 3925 2344 3980 est?
2370 3923 2734 3978 Reminiseere
2772 3937 2957 3976 eorum
2993 3937 3114 3991 qua:
3152 3921 3253 3976 Job
3294 3920 3605 3977 acciderunt
3634 3942 3647 3978 :

2061 4033 2157 4090 age
2187 4018 2384 4088 gratias
2413 4015 2640 4070 Domino
2663 4014 2800 4083 ,_qui
2832 4013 3117 4082 prohibere
3154 4021 3404 4081 poterat,
3447 4021 3501 4066 et
3545 4029 3657 4066 non.

2063 4108 2375 4179 prohibuit:
2417 4115 2472 4161 et
2518 4114 2720 4160 tantam
2760 4103 2988 4173 recipies
3030 4101 3329 4156 mercedem
3353 4141 3370 4168 ,
3396 4111 3649 4172 quantam

2061 4202 2107 4256 si
2133 4199 2310 4254 omnia
2343 4197 2429 4251 illa
2461 4197 2512 4250 in
2548 4210 2836 4264 pauperum
2863 4206 3050 4246 manus
3076 4191 3428 4261 reposuisses.
3461 4191 3564 4246 Sed
3598 4192 3651 4246 in

2063 4289 2319 4361 pauperie
2344 4287 2524 4358 degis,
2556 4295 2610 4341 et
2638 4285 2774 4339 fame
2802 4295 2856 4339 et
2881 4282 3101 4337 infinitis
3132 4282 3421 4352 periculis?
3450 4281 3651 4336 Reeor~

2062 4383 2190 4437 dare
2211 4379 2396 4434 Lazari
2423 4419 2437 4444 ,
2460 4392 2580 4431 cum
2607 4375 2782 4445 in0pia
2808 4383 2863 4430 et
2884 4374 3109 4429 orbitate
3134 4383 3188 4428 et
3216 4374 3510 4427 innumeris
3533 4373 3653 4428 aliis

2064 4472 2348 4544 pugnantis
2373 4469 2633 4526 molestiis
2659 4510 2673 4534 ,
2703 4477 2757 4522 et
2796 4467 2910 4522 luec
2946 4475 3067 4536 post
3109 4466 3358 4520 virtutem
3404 4475 3650 4522 tantam:

2067 4562 2351 4619 recordare
2380 4561 2746 4631 apostolorum
2775 4599 2792 4625 ,
2821 4557 2912 4630 qui
2941 4565 2997 4614 et
3023 4557 3079 4613 in
3103 4556 3241 4613 fame
3283 4567 3338 4613 et
3379 4557 3432 4612 in
3471 4558 3559 4613 siti
3600 4566 3655 4613 et

2130 4782 2200 4845 (η)
2225 4785 2356 4842 Haec,
2381 4788 2436 4832 ut
2459 4796 2520 4832 ex
2546 4779 2875 4845 Chrysmtomi
2901 4778 3333 4845 verbis‘arguitur,
3351 4785 3466 4827 tunc
3482 4777 3644 4845 adagii

2067 4841 2204 4898 more
2250 4841 2571 4908 ferebantur;
2601 4858 2658 4894 ac
2681 4846 2798 4892 licet
2839 4843 3007 4892 Graeca
3051 4841 3303 4908 duplicem
3328 4841 3642 4908 negationem

2069 4907 2365 4972 exprimant.
2388 4903 2619 4972 negative
2644 4913 2822 4972 tamen
2852 4909 2969 4972 sunt
3011 4901 3282 4972 elicienda.
3325 4913 3461 4972 nemo
3499 4901 3646 4964 quid-

2068 4961 2212 5036 quam
2232 4967 2368 5036 scit;_
2389 4961 2756 5036 _dicebaturque
2782 4966 2842 5036 ab
2872 4963 3117 5036 imperitis
3157 4961 3646 5036 rerumdivinarum,

2068 5024 2292 5096 quicum
2325 5024 2556 5096 viderent.
2597 5024 2705 5096 eos,
2749 5028 2832 5096 qui
2875 5024 3015 5096 bonis
3059 5024 3294 5096 operibus
3327 5025 3646 5096 incumbunt.

2071 5086 2320 5152 aerumnis,
2345 5091 2720 5150 calamitatibus,
2745 5086 3047 5152 calumniis,_
3063 5086 3436 5152 afgritudinibus
3454 5089 3648 5149 impeti,

2072 5171 2126 5206 se
2151 5155 2270 5204 nihil
2295 5147 2344 5204 in
2366 5168 2530 5203 rerum
2556 5147 2876 5202 humanarum
2921 5147 3342 5210 adrninistratione
3366 5147 3546 5210 capere
3572 5147 3648 5198 vel

2073 5231 2374 5280 cognoscere
2398 5215 2778 5280 proﬁtebantur;
2822 5211 2997 5280 Simile
3038 5209 3222 5261 dictum
3267 5208 3484 5261 occurrit
3522 5212 3650 5274 apud

2073 5272 2322 5342 Euvripidis
2343 5272 2648 5340 lpbigeniam
2672 5275 2723 5324 in
2742 5272 2915 5323 Tauris
2941 5288 2951 5320 :

2437 5383 2602 5432 Πάντα
2621 5381 2710 5443 γὰρ
2734 5382 2793 5428 τὰ
2814 5381 2907 5443 *ζῶν
2935 5379 3069 5443 θεῶν

2140 5447 2218 5503 Εἷς
2240 5446 2410 5508 ἀφανὲς
2435 5447 2586 5508 ἕρπει,
2602 5440 2786 5508 uoueb-
2806 5442 2893 5508 ait?
2916 5441 3051 5508 ρύἒὲν
3076 5440 3240 5508 nauem

2145 5509 2205 5556 ‘ll
2227 5503 2315 5570 γάρ
2338 5503 2470 5570 nam
2490 5505 2722 5566 παρήγαγ’
2750 5503 2815 5559 εἷς
2835 5503 2891 5551 τὸ
2913 5503 3162 5565 δυσμαῡάς.

2449 5608 2622 5660 Omnia
2645 5621 2753 5673 qua:
2772 5606 2888 5659 deos
2909 5612 3124 5673 spectant

2150 5677 2204 5725 tu
2238 5673 2421 5724 orculto
2441 5665 2720 5739 reptantjet
2744 5665 3177 5739 amerinum-£5493
3199 5666 3325 5739 προίξ
3342 5665 3477 5716 "mh?
3508 5723 3562 5739 ,μ

2143 5723 2359 5788 Fortuna
2367 5723 2548 5802 quippe
2559 5733 2606 5785 in
2618 5723 2740 5785 liam:
2753 5723 3056 5794 iutetlidcndt'
3066 5731 3099 5779 d
3106 5727 3402 5789 ifﬁcuttatem
3412 5723 3657 5789 perduxit
