4074 6218
439 319 500 373 5t
1167 315 1226 368 S.
1269 307 1548 367 JOANNIS
1583 301 2074 362 CIIRYSOSTOMI
2113 297 2431 355 ARCIIIEP.
2473 290 3002 352 CONSTANTINOP.
3649 294 3719 348 δεῖ,

439 432 496 486 in
525 431 764 487 nuditate
789 429 1052 500 degebant
1080 469 1092 491 ,
1121 425 1496 496 prophetarum
1524 464 1538 487 ,
1568 419 1985 490 patriarcharum
2014 457 2030 482 ,

444 526 704 592 juslorum
737 541 752 578 :
781 534 834 576 et
865 536 1050 574 omnes
1077 521 1222 587 ipsos
1249 517 1486 570 invenies
1513 531 1618 567 non
1646 513 1714 566 de
1743 511 1992 564 divitibus
2011 549 2027 573 ,

445 633 550 669 non
577 617 644 670 de
665 613 1018 685 gaudentibus
1039 652 1054 675 ,
1083 609 1176 664 sed
1207 610 1273 663 de
1301 607 1579 677 egentibus
1603 646 1618 671 ,
1651 601 1914 656 tribulatis
1935 641 1950 662 ,
1983 606 2036 652 et

448 707 758 776 angustiatis
787 719 926 758 esse.

517 801 604 852 tl.
646 797 770 850 Hzrc
809 794 944 863 apud
989 793 1212 859 teipsum
1255 787 1548 856 colligens,
1585 784 1806 836 llontino
1835 780 2033 852 gratias

445 905 542 958 age
571 929 590 954 ,
619 887 758 956 quod
793 897 843 940 te
872 885 1026 952 hujus
1059 884 1178 936 fecit
1208 880 1366 934 Sortis
1391 921 1404 942 ,
1439 893 1542 930 non
1572 891 1766 928 exosus
1790 915 1802 936 ,
1846 873 1937 926 sed
1981 880 2034 925 et

446 980 599 1034 valde
625 979 850 1047 diligens
882 994 894 1030 :
925 991 1044 1030 nam
1087 984 1140 1028 et
1179 974 1296 1026 illos
1327 981 1403 1024 tot
1431 968 1609 1038 gravia
1641 967 1744 1035 pati
1775 981 1877 1018 non
1909 980 2032 1032 per-

407 1119 416 1126 .
443 1073 712 1140 misisset,
749 1071 848 1124 nisi
881 1072 1226 1124 vehementer
1249 1072 1519 1126 amasset,
1553 1059 1800 1130 quoniam
1839 1057 2032 1110 clario—

443 1181 528 1219 res
558 1166 699 1234 ipsos
728 1180 820 1232 per
849 1163 962 1216 hinc
1001 1161 1138 1213 mala
1176 1156 1452 1212 reddebat.
1495 1153 1703 1206 Nullum
1743 1149 2030 1218 gratiarum

443 1260 638 1313 actioni
672 1275 763 1326 par
791 1257 984 1310 bonum
1013 1270 1029 1320 ;
1057 1249 1504 1322 quemadmodum
1533 1244 1860 1312 blasphemia
1886 1241 2033 1310 pejus

445 1351 599 1403 nihil.
650 1348 728 1403 Ne
773 1347 1137 1408 admiremur,
1186 1340 1326 1410 quod
1369 1335 1732 1407 Spiritnalibus
1777 1333 2032 1386 instantes

443 1441 606 1494 nudet
639 1441 899 1508 patiamur
925 1438 1170 1490 adversa.
1203 1432 1272 1488 Ut
1315 1433 1454 1486 enim
1502 1430 1734 1482 latrones
1759 1467 1774 1490 ,
1809 1441 1912 1479 non
1943 1424 2032 1477 ubi

443 1535 642 1588 tinuum
671 1545 724 1586 et
753 1532 918 1599 palea:
945 1539 998 1582 et
1027 1529 1262 1581 calamus
1287 1565 1302 1588 ,
1327 1522 1416 1576 sed
1441 1521 1530 1575 ubi
1554 1535 1740 1572 aurum
1767 1529 1819 1571 et
1839 1531 2030 1585 argen-

441 1637 551 1678 tum
581 1665 598 1690 ,
631 1625 700 1676 ibi
731 1623 934 1675 fodiunt
961 1630 1014 1674 et
1039 1617 1252 1672 assidue
1283 1614 1500 1683 vigilant
1529 1629 1541 1663 :
1581 1611 1657 1664 sic
1697 1617 1750 1662 et
1789 1608 2030 1661 diabolus

439 1716 504 1767 iis
535 1714 762 1768 maxime
790 1713 968 1776 instat,
995 1709 1084 1778 qui
1129 1705 1422 1774 spirituaha
1473 1701 1738 1768 attingunt
1781 1701 1985 1767 negotia
2013 1713 2029 1761 ;

441 1805 512 1859 ibi
539 1805 718 1858 mutue
745 1802 951 1856 insidiae
971 1844 983 1864 ,
1009 1800 1096 1852 tibi
1119 1799 1284 1850 virtus
1318 1815 1332 1850 :
1366 1795 1472 1848 illic
1507 1793 1696 1846 invidia
1724 1833 1739 1857 ,
1769 1791 1856 1842 ubi
1885 1791 2032 1842 elec-

441 1913 684 1968 tnosyua.
717 1897 820 1950 Sed
851 1905 934 1950 est
963 1893 1116 1946 nobis
1140 1891 1300 1944 telum
1325 1889 1611 1941 maximum
1639 1927 1651 1948 ,
1679 1885 1821 1954 quod
1843 1897 2031 1936 omnes

445 1987 580 2042 tales
605 1986 880 2040 machinas
912 1983 1170 2052 repellere
1203 1983 1413 2040 valeat,
1457 1987 1512 2030 ιιι
1557 1993 1651 2046 per
1691 1975 1805 2028 hzne
1853 1975 2030 2026 oumia

445 2083 554 2137 Deo
581 2083 780 2150 gratias
807 2095 1046 2149 agamus.
1083 2076 1216 2130 Abel
1245 2117 1258 2139 ,
1289 2075 1375 2127 die
1402 2072 1528 2125 mihi
1555 2113 1568 2134 ,
1600 2085 1775 2123 nonne
1815 2067 1880 2120 de
1923 2068 2032 2134 pri-

444 2174 605 2226 mitiis
635 2173 746 2226 Deo
774 2171 1082 2224 sacriﬁcans
1103 2211 1116 2232 ,
1157 2168 1388 2220 fraterna
1429 2163 1622 2217 cecidit
1663 2177 1821 2215 manu
1855 2159 1872 2228 (
1903 2159 2028 2212 Gen.

443 2267 474 2319 ιι
503 2266 550 2336 )?
575 2265 668 2319 sed
701 2274 876 2317 tamen
913 2263 1050 2316 Deus
1077 2260 1320 2330 permisit
1348 2300 1362 2322 ,
1397 2273 1504 2310 non
1533 2272 1656 2310 eum
1691 2269 1911 2321 perosus
1941 2253 2029 2320 qui

441 2373 500 2412 se
529 2355 806 2410 honoravit
829 2395 846 2420 ,
880 2355 974 2408 sed
1003 2353 1158 2406 valde
1187 2351 1413 2421 diligens
1445 2367 1457 2402 :
1499 2358 1552 2402 et
1595 2355 1788 2416 prater
1829 2347 2035 2414 specio-

445 2449 642 2503 sissimi
675 2449 814 2502 illius
857 2445 1102 2500 sacriﬁcii
1139 2459 1391 2498 coronam
1419 2483 1432 2507 ,
1468 2441 1688 2494 alteram
1731 2439 1890 2492 etiam
1933 2437 2032 2504 ipsi

447 2556 541 2608 per
571 2540 882 2609 martyrium
915 2537 1176 2606 praebens.
1207 2535 1380 2588 Moses
1401 2532 1608 2586 cuidam
1635 2530 1822 2598 injuria
1846 2527 2034 2582 all'ecto

443 2634 686 2702 opitulari
719 2633 922 2696 voluit,
966 2644 1018 2684 et
1063 2629 1194 2683 mori
1241 2629 1566 2696 periclitatus
1605 2635 1686 2678 est
1713 2668 1725 2688 ,
1772 2637 1825 2678 et
1867 2625 2032 2691 patria

442 2723 640 2778 excidit
669 2725 686 2792 (
717 2722 885 2776 Exod.
913 2721 950 2774 2
977 2723 1017 2791 ),
1055 2722 1298 2788 Deusqu
1333 2719 1566 2787 permisit
1597 2759 1611 2781 ,
1645 2727 1698 2770 ut
1729 2725 2033 2769 sanctorum

447 2815 751 2883 patientiam
783 2814 976 2868 discas.
1011 2813 1067 2867 Si
1096 2813 1239 2865 enim
1271 2811 1476 2878 [II'aPSCil
1511 2809 1638 2862 nihil
1667 2823 1762 2862 nos
1785 2821 2034 2876 passuros

445 2907 562 2959 mali
589 2947 604 2968 ,
637 2907 714 2960 sic
739 2907 1030 2974 spiritualia
1062 2905 1420 2972 attigiSsemus
1447 2902 1656 2972 negotia
1682 2941 1696 2966 ,
1743 2901 1870 2954 nihil
1913 2915 2030 2952 ma-

444 3017 604 3068 gnum
647 2998 822 3054 facere
867 2999 962 3052 visi
1013 3013 1253 3052 essemus
1279 3037 1293 3060 ,
1345 2995 1450 3049 tale
1495 2994 1798 3049 securitatis
1843 2993 2034 3062 pignus

449 3092 705 3146 habentes
736 3109 747 3143 :
783 3107 925 3146 nunc
951 3105 1082 3144 vero
1111 3091 1232 3144 hinc
1271 3090 1506 3142 maxime
1543 3087 1883 3140 admirabiles
1913 3093 2037 3138 sunt

445 3183 534 3251 qui
563 3185 686 3236 talia
719 3183 916 3238 faciunt
941 3225 953 3244 ,
983 3182 1123 3250 quod
1150 3193 1202 3234 et
1223 3181 1454 3251 pericula
1477 3190 1530 3233 et
1552 3179 1742 3232 damna
1770 3220 1783 3242 ,
1813 3187 1866 3230 et
1895 3191 2038 3230 mor—

447 3283 544 3336 tes,
565 3285 616 3328 et
639 3275 838 3328 inﬁnita
869 3273 1218 3342 prtevidentcs
1237 3272 1394 3334 mala,
1417 3282 1588 3323 tamen
1611 3268 2040 3338 hujusmodiofli-

449 3365 544 3419 eiis
573 3381 678 3419 non
711 3365 1002 3428 absistam,
1035 3379 1206 3430 neque
1246 3351 1494 3416 timorum
1515 3363 1530 3393 ¹
1559 3359 2039 3427 exspectationibus

449 3457 720 3524 segniores
738 3455 858 3508 facti
880 3455 1002 3508 sint.
1025 3454 1174 3508 Sicut
1191 3454 1348 3524 igitur
1363 3462 1472 3507 tres
1491 3453 1633 3520 pueri
1659 3451 1900 3504 dii-ebant
1919 3469 1930 3502 :
1949 3449 2039 3503 Est

455 3545 589 3599 Deus
619 3547 670 3598 in
701 3546 820 3600 caelo
847 3556 1019 3616 potens
1050 3546 1239 3612 eripere
1268 3533 1356 3598 nos
1384 3559 1403 3597 :
1432 3555 1477 3596 et
1505 3545 1546 3596 si
1573 3561 1672 3596 non
1701 3585 1714 3608 ,
1763 3553 1934 3596 notum
1975 3543 2038 3594 sit

449 3637 534 3689 tibi
565 3679 580 3702 ,
609 3653 701 3690 rea:
725 3679 738 3702 ,
767 3637 901 3706 quod
931 3636 1027 3690 diis
1053 3637 1150 3689 tuis
1179 3653 1276 3688 non
1304 3637 1545 3689 servimus
1569 3678 1582 3698 ,
1613 3647 1656 3688 et
1685 3651 1888 3688 aureum
1909 3636 2034 3687 ima.

449 3731 614 3800 ginem
639 3771 652 3794 ,
677 3747 828 3799 quam
847 3730 1048 3782 erexisti
1066 3771 1079 3792 ,
1107 3747 1206 3782 non
1231 3729 1501 3782 adoramus
1527 3729 1544 3798 (
1569 3729 1700 3780 Dan.
1725 3729 1776 3782 5.
1805 3731 1888 3783 l7.
1913 3728 2001 3796 18)
2023 3747 2036 3781 :

453 3831 506 3874 et
536 3831 587 3875 tu
621 3821 777 3890 igitur
805 3823 1018 3890 quando
1049 3822 1174 3888 quid
1207 3822 1328 3874 boui
1361 3821 1652 3874 secundum
1701 3821 1867 3874 Deum
1913 3835 2040 3888 ope-

452 3913 556 3966 rari
603 3911 768 3964 debes
793 3953 806 3976 ,
841 3913 1002 3964 multa
1031 3913 1274 3980 prospice
1305 3913 1559 3979 pericula,
1597 3911 1762 3963 multa
1805 3911 1994 3963 damna
2021 3951 2036 3972 ,

455 4002 648 4055 multas
675 4011 916 4064 mortes;
957 4012 1010 4054 et
1057 4018 1124 4056 ue
1167 4003 1414 4066 mireris,
1457 4017 1630 4068 neque
1675 4001 1998 4068 perturberis
2023 4042 2036 4064 ,

455 4094 500 4146 si
533 4093 646 4146 htec
673 4093 934 4146 accidant.
965 4091 1108 4156 Fili,
1144 4093 1348 4162 inquit,
1377 4092 1616 4145 accedens
1655 4093 1721 4144 ad
1759 4093 2040 4144 seruitutem

455 4184 552 4238 Dei
576 4225 588 4248 ,
623 4200 856 4253 prtepuru
887 4187 1108 4236 animant
1141 4196 1280 4236 tuam
1305 4183 1372 4234 ad
1403 4184 1724 4236 Imitationem
1754 4183 1772 4252 (
1797 4181 1955 4236 Ereti.
1983 4183 2038 4234 ‘2.

456 4277 479 4330 1
511 4281 554 4344 ).
589 4275 757 4329 Nemo
785 4291 976 4344 nempe
1007 4291 1236 4344 pugnare
1263 4275 1556 4328 decernens
1581 4315 1595 4338 ,
1627 4275 1826 4343 absque.
1854 4275 2042 4328 vulne-

457 4370 604 4424 ribus
633 4385 882 4423 coronam
915 4381 1186 4438 reportare
1215 4377 1504 4435 eXSpeclat.
1537 4367 1602 4420 Et
1627 4375 1682 4416 tu
1705 4365 1895 4434 igitur,
1915 4365 2046 4418 cha-

460 4461 670 4514 rissime
689 4501 702 4523 ,
727 4475 847 4514 cum
871 4461 1082 4514 diabolo
1109 4465 1232 4512 totis
1255 4459 1452 4513 viribus
1481 4473 1712 4528 pugnare
1741 4471 2040 4525 aggressus,

459 4567 526 4606 ne
551 4551 708 4604 vitam
751 4567 990 4604 securam
1033 4561 1084 4605 et
1127 4551 1333 4605 deliciis
1373 4553 1584 4619 plenam
1632 4551 1894 4618 sequaris.
1925 4548 2039 4602 Non

457 4645 598 4696 enim
629 4643 714 4696 hic
745 4643 837 4694 tibi
885 4643 1258 4696 retributiones
1301 4651 1354 4695 et
1397 4642 1811 4709 promissiones,
1855 4639 1950 4694 sed
1993 4641 2042 4692 iu

459 4735 639 4788 futuro
666 4734 862 4788 sazculo
909 4732 1084 4784 omnia
1137 4733 1388 4799 praeclara
1434 4732 1571 4784 Deus
1613 4731 1872 4798 promisit.
1912 4730 2041 4784 Cum

459 4826 619 4896 igitur
647 4827 728 4880 vel
759 4826 870 4894 ipse
898 4825 1091 4877 Iunium
1127 4824 1314 4878 feceris
1339 4865 1353 4886 ,
1383 4831 1436 4876 et
1459 4823 1724 4876 contraria
1755 4825 2041 4891 receperis,

463 4919 548 4972 vel
577 4919 736 4972 alium
771 4917 871 4970 hoc
901 4915 1098 4970 videris
1141 4915 1425 4981 patientem
1455 4955 1470 4978 ,
1508 4915 1678 4983 gaude
1719 4923 1773 4967 et
1819 4914 1998 4967 lunare
2030 4931 2043 4966 :

463 5009 676 5076 majoris
705 5010 846 5063 enim
877 5008 966 5062 tibi
999 5007 1362 5061 retributionis
1389 5007 1606 5058 materia
1635 5019 1734 5058 ea.
1763 5005 1840 5059 Ne
1865 5005 2046 5058 conci-

453 5099 599 5172 Idas,
653 5115 822 5169 neque
867 5099 1040 5153 solvas
1085 5097 1248 5150 animi
1297 5096 1528 5150 studium
1558 5137 1573 5162 ,
1623 5109 1792 5164 neque
1837 5095 2048 5165 segnior

469 5187 564 5238 tias
589 5229 603 5252 ,
635 5189 726 5242 sed
759 5191 930 5258 potius
959 5194 1092 5242 insta
1114 5205 1234 5242 cum
1261 5187 1446 5258 majori
1471 5187 1762 5240 alacritate.
1789 5189 2046 5253 Quoniam

467 5287 522 5330 et
575 5281 794 5347 apostoli
843 5297 962 5334 cum
1021 5281 1416 5350 praedicabant,
1471 5280 1568 5333 etsi
1615 5277 2044 5348 ﬂagellareutur,

469 5367 846 5435 Iapidarentur.
877 5387 1119 5425 carceres
1165 5373 1414 5426 continue
1455 5369 1777 5434 habitarent,
1821 5385 1924 5422 non
1964 5384 2050 5423 so-

470 5457 579 5512 lum
625 5467 741 5527 post
785 5459 1138 5526 periculorqu
1187 5462 1596 5528 liberationem,
1637 5460 1730 5516 sed
1762 5459 1892 5515 etin
1923 5461 2049 5530 ipsis

470 5635 713 5746 “nimbum
737 5635 884 5686 habet
909 5647 922 5683 :
947 5641 1104 5696 Neque
1133 5635 1471 5688 timendorum.
1507 5637 1638 5688 Alter
1679 5651 1693 5686 :
1731 5645 1889 5701 Nque
1927 5649 2056 5688 mor-

489 5711 536 5744 ηε

2149 415 2396 484 periculis
2424 429 2542 468 cum
2573 410 2772 482 majore
2814 410 3088 464 alacritate
3131 407 3367 461 veritatis
3407 405 3726 474 pra-ennium

2144 507 2508 560 enuntiabant.
2547 506 2612 558 Et
2639 505 2820 558 videre
2851 513 2932 556 est
2959 503 3176 556 Paulum
3221 503 3272 552 iu
3313 499 3429 568 ipso
3467 511 3682 550 carcere
3709 537 3724 560 ,

2145 600 2196 652 in
2229 600 2356 666 ipsis
2381 599 2584 652 catenis
2616 597 2962 650 instruentem
2987 635 3002 658 ,
3033 595 3328 647 initiantem
3357 633 3372 652 ,
3417 599 3472 644 et
3519 590 3572 642 in
3613 589 3730 642 foro

2140 690 2374 756 judiciali
2405 705 2618 742 rursum
2650 688 2786 742 idem
2821 687 3098 740 facientem
3127 727 3142 748 ,
3174 693 3226 737 et
3267 683 3316 736 in
3362 680 3638 750 naufragio
3675 689 3730 734 et

2143 781 2194 834 iu
2225 789 2538 849 letttpcstnte
2563 822 2578 845 ,
2611 789 2662 832 et
2695 779 2744 832 in
2779 778 3027 847 periculis
3055 776 3364 829 innumeris.
3409 773 3488 827 Tu
3519 787 3730 842 quoque

2142 883 2354 926 sanctos
2395 873 2526 925 istos
2575 872 2826 924 :rmulare
2850 911 2864 934 ,
2907 877 2960 922 et
3001 885 3030 922 a
3079 866 3229 921 bouis
3267 865 3554 934 operibus,
3601 861 3728 917 dum

2143 975 2313 1035 potes,
2365 979 2431 1018 ne
2474 963 2688 1018 excidas
2721 963 2736 994 ί
2769 981 2782 1017 :
2815 975 2866 1018 et
2897 963 3018 1016 licet
3063 963 3254 1015 millies
3301 960 3727 1028 interpellantem

2143 1067 2194 1111 te
2229 1057 2498 1111 diabolum
2541 1057 2768 1120 videris,
2815 1069 3069 1122 nusquam
3119 1053 3365 1107 absistas.
3414 1051 3492 1104 Tu
3513 1051 3727 1120 quidem

2141 1153 2394 1220 pecunias
2483 1152 2757 1219 perferens
2805 1189 2820 1214 ,
2897 1149 3030 1204 forte
3095 1147 3442 1216 naufragium-
3489 1145 3658 1200 fecisti
3707 1161 3722 1210 ;

2141 1242 2336 1294 Paulus
2381 1253 2558 1294 autem
2602 1242 2850 1295 mutiibus
2901 1239 3138 1310 pecuniis
3185 1239 3464 1307 pretiosius
3505 1237 3722 1290 verbum

2143 1333 2316 1386 ferens
2339 1375 2350 1396 ,
2383 1315 2608 1386 Romam
2637 1333 2812 1386 abibat
2839 1375 2852 1394 ,
2895 1341 2948 1384 et
2977 1334 3025 1385 in
3055 1331 3382 1400 naufragium
3415 1331 3594 1384 incidit
3622 1373 3636 1394 ,
3669 1340 3724 1384 et

2143 1423 2342 1475 intinita
2373 1424 2535 1478 subiit
2565 1425 2920 1478 iucoumioila.
2955 1425 3018 1476 Et
3049 1425 3146 1476 hoc
3173 1425 3286 1492 ipse
3319 1423 3606 1476 declaravit
3647 1423 3728 1476 di-

2139 1533 2265 1572 cens
2293 1535 2305 1570 :
2339 1518 2542 1588 Saepius
2567 1518 2814 1571 voluimus
2841 1517 3008 1570 renire
3060 1516 3129 1568 ad
3169 1532 3254 1569 vos
3275 1557 3288 1580 ,
3343 1517 3430 1570 sed
3467 1515 3727 1575 impedivit

2139 1627 2231 1664 nos
2255 1619 2454 1664 sntmms
2488 1610 2506 1680 (
2535 1613 2584 1664 t.
2613 1610 2790 1664 Thess.
2817 1610 2871 1662 2.
2907 1611 2970 1663 18
2995 1609 3011 1677 )
3044 1627 3056 1662 :
3085 1617 3138 1663 et
3181 1611 3317 1663 Deus
3339 1609 3578 1678 permisit
3605 1651 3620 1673 ,
3659 1624 3728 1662 ex

2139 1705 2590 1771 superalmmlauti
2620 1719 2769 1756 suam
2793 1703 3167 1758 demonstrans
3191 1703 3437 1756 virtutem
3463 1713 3518 1756 et
3541 1712 3726 1756 osten-

2141 1795 2273 1848 dens
2301 1837 2316 1861 ,
2345 1797 2484 1866 quod
2517 1796 2721 1849 infinita
2749 1795 2975 1850 faciente
3015 1795 3228 1850 diabolo
3271 1805 3324 1850 et
3363 1795 3680 1866 prohibente
3705 1835 3726 1861 ,

2142 1887 2272 1940 nihil
2297 1905 2358 1940 ex
2391 1889 2488 1940 hoc
2517 1887 2824 1956 prtedicatio
2845 1887 3186 1942 minuebatur
3207 1930 3220 1954 ,
3251 1897 3340 1940 aut
3370 1889 3726 1957 interrumpe-

2143 1980 2310 2032 batur.
2343 1977 2544 2032 ldrireo
2576 1981 2626 2031 in
2655 1979 2904 2032 otnnibus
2927 1979 3118 2033 Paulus
3148 1980 3253 2032 Deo
3277 1980 3472 2048 gratias
3497 1978 3724 2048 agebat,

2141 2075 2317 2126 Sciens
2343 2073 2482 2142 quod
2515 2073 2874 2140 probatiorem
2909 2089 3004 2141 per
3031 2073 3144 2126 hcce
3173 2089 3230 2126 se
3257 2073 3394 2127 Deus
3425 2072 3680 2126 reddebat
3708 2090 3722 2126 :

2141 2173 2194 2216 et
2223 2163 2380 2215 studii
2433 2163 2514 2216 sui
2573 2163 2959 2216 vehementiam
3007 2163 3056 2215 iu
3111 2163 3357 2217 omnibus
3403 2163 3722 2228 exhibebat,

2143 2255 2284 2308 nullo
2307 2257 2498 2308 borum
2543 2255 3040 2322 impedimentontm
3067 2255 3348 2308 cohibitus.
3379 2255 3595 2322 Quoties
3625 2255 3725 2322 igi-

2142 2357 2224 2401 tur
2255 2347 2486 2401 frustrati
2522 2349 2773 2401 interimus
2802 2391 2816 2412 ,
2847 2351 3006 2401 toties
3036 2349 3322 2416 spiritualia
3350 2363 3509 2416 opera
3536 2363 3724 2417 aggre-

2144 2443 2353 2495 diamur
2383 2459 2396 2495 :
2441 2459 2612 2510 neque
2648 2443 2886 2495 dicamus
2912 2483 2924 2506 ,
2971 2457 3133 2510 quare
3173 2441 3314 2494 Deus
3351 2441 3725 2510 impedimenta

2143 2537 2422 2604 permisit?
2467 2547 2680 2604 propter
2721 2537 2823 2590 hoc
2869 2537 3007 2590 enim
3059 2537 3341 2604 permisit,
3393 2547 3448 2588 ut
3491 2533 3724 2590 studium

2144 2636 2286 2679 tuum
2321 2627 2484 2680 multo
2511 2628 2674 2696 magis
2701 2627 3038 2681 demonstres
3064 2670 3079 2692 ,
3107 2637 3160 2680 ct
3199 2628 3414 2680 multum
3463 2643 3720 2681 amorem.

2141 2717 2379 2768 Amantis
2410 2718 2549 2770 enim
2597 2719 2824 2771 maxime
2863 2727 2942 2770 est
2971 2761 2985 2782 ,
3033 2735 3320 2786 numquam
3363 2719 3428 2772 ab
3459 2719 3520 2771 iis
3550 2760 3564 2782 ,
3605 2735 3728 2788 qua:

2141 2817 2318 2860 amato
2347 2807 2680 2874 eouqilacent
2701 2849 2715 2872 ,
2747 2809 3025 2862 absistere.
3059 2809 3225 2862 Mollis
3253 2813 3392 2862 curm
3424 2821 3476 2863 et
3507 2811 3726 2880 ignavus

2141 2915 2202 2950 ex
2236 2899 2406 2966 primo
2437 2901 2613 2952 statim
2647 2901 2846 2970 itnpctu
2887 2902 3166 2962 Concidet;
3216 2901 3505 2956 vehemens
3547 2913 3724 2956 autem

2141 3001 2192 3044 et
2219 2993 2514 3054 excitatus,
2550 2993 2648 3046 etsi
2679 2995 2869 3046 millies
2910 2995 3273 3063 interpelletnr
3301 3037 3314 3058 ,
3365 3005 3510 3048 tanto
3559 2998 3726 3066 magis

2141 3085 2333 3137 divinis
2361 3086 2520 3137 rebus
2551 3085 2767 3138 instabit
2794 3127 2807 3148 ,
2838 3097 3091 3154 quantum
3123 3089 3170 3138 in
3213 3104 3270 3140 se
3299 3099 3380 3140 est
3415 3089 3588 3140 otnnia
3619 3087 3724 3141 itu-

2145 3179 2292 3244 plens
2315 3216 2331 3240 ,
2353 3187 2406 3230 et
2435 3180 2483 3228 in
2513 3179 2756 3230 ommbus
2781 3180 2978 3246 gratias
3005 3193 3165 3246 agens
3193 3197 3206 3232 :
3239 3179 3336 3232 hoc
3363 3189 3415 3233 et
3447 3195 3542 3233 nos
3569 3179 3726 3234 facia-

2145 3287 2282 3324 mus.
2319 3271 2534 3339 Magum
2563 3271 2841 3322 thesaurus
2867 3271 3150 3338 gratiarum
3183 3272 3321 3324 actio
3344 3311 3361 3336 ,
3405 3287 3608 3341 magna:
3645 3273 3728 3326 di-

2145 3361 2286 3414 viti;e
2309 3401 2323 3424 ,
2357 3363 2781 3428 incousmnptum
2813 3362 3006 3413 bonum
3027 3404 3040 3424 ,
3077 3371 3338 3412 armatura
3373 3361 3519 3414 fortis
3548 3380 3560 3415 :
3588 3363 3724 3417 sicut

2146 3465 2193 3507 et
2229 3455 2553 3522 blasphemia
2584 3465 2894 3520 [Il‘tt'St‘lllt'tll
2920 3453 3178 3522 jarluram
3209 3453 3430 3506 intendit
3455 3495 3469 3516 ,
3497 3463 3548 3507 et
3577 3454 3722 3522 plura

2144 3545 2300 3613 quani
2329 3561 2446 3612 qua:
2493 3543 2851 3610 perdidimus,
2897 3546 3109 3611 insuper
3149 3544 3324 3616 perire
3371 3545 3510 3600 facit.
3545 3546 3723 3600 Perdi-

2145 3639 2265 3690 disti
2299 3639 2592 3706 pecunias?
2622 3641 2662 3690 ιπὶ
2694 3641 2890 3708 gratias
2915 3641 3128 3708 quidem
3157 3643 3326 3708 egeris
3347 3683 3360 3706 ,
3389 3642 3616 3694 animam
3647 3641 3728 3694 lu-

2148 3737 2328 3782 cratus
2353 3743 2410 3782 cs
2433 3771 2448 3794 ,
2482 3741 2534 3783 et
2565 3731 2797 3796 majores
2841 3743 3024 3784 nactus
3065 3749 3122 3786 es
3169 3733 3376 3786 divitias
3405 3777 3419 3798 ,
3465 3736 3584 3803 quia
3629 3734 3722 3787 Dei

2148 3821 2568 3873 benevolentiam
2613 3823 2704 3874 tibi
2745 3823 3060 3891 ampliorem
3113 3825 3450 3888 conciliasti;
3507 3827 3550 3878 si
3595 3841 3724 3878 vero

2148 3911 2595 3980 blasphemaveris
2619 3955 2632 3976 ,
2667 3913 2881 3980 insuper
2922 3924 2976 3968 et
3014 3917 3234 3968 salutem
3282 3927 3422 3970 tuam
3459 3917 3674 3969 amisisti
3705 3956 3724 3982 ,

2147 4018 2317 4068 neque
2363 4003 2476 4056 illas
2521 4005 2866 4071 recnperasti,
2909 4013 2962 4058 et
2999 4021 3155 4074 quam
3198 4007 3425 4060 habuisti
3472 4008 3726 4072 animam,

2148 4095 2282 4146 lianc
2310 4111 2518 4162 quoque
2542 4096 2802 4148 occidisti.

2219 4186 2305 4238 12.
2329 4183 2566 4252 I’rwripit
2597 4198 2648 4238 ut
2685 4187 2967 4256 blasphemi
3009 4189 3350 4258 corripiuntur
3386 4199 3431 4242 et
3466 4190 3726 4256 vapulem.

2145 4278 2336 4330 —Sed
2387 4289 2660 4348 postquam
2701 4281 2766 4332 de
2813 4281 3139 4350 blasphemia
3191 4285 3341 4338 nobis
3389 4285 3544 4338 verba
3590 4299 3734 4338 nunc

2147 4365 2280 4420 facta
2325 4379 2466 4430 sunt,
2498 4385 2652 4421 unam
2691 4387 2718 4420 a
2759 4371 2909 4424 vobis
2939 4373 3185 4424 onmibus
3213 4383 3388 4440 petere
3417 4373 3537 4426 volo
3570 4374 3736 4426 retri-

2149 4456 2416 4509 butionem
2451 4475 2544 4527 pro
2565 4459 2820 4514 concione
2845 4460 2942 4515 hac
2984 4473 3141 4530 atque
3185 4479 3464 4516 sermone:
3499 4472 3554 4515 ut
3583 4463 3633 4516 in
3659 4463 3732 4516 ci-

2149 4549 2308 4600 vitate
2355 4549 2776 4615 blasphemautes
2817 4551 2944 4604 mihi
2981 4551 3271 4622 castigetis.
3324 4553 3376 4606 Si
3426 4553 3734 4623 quempiam

2149 4637 2200 4689 in
2231 4637 2369 4690 bivio
2399 4649 2455 4691 et
2484 4641 2596 4692 t‘oro
2621 4639 2730 4693 Deo
2753 4641 3204 4710 blasphemantem
3233 4643 3484 4710 attdieris,
3515 4641 3738 4706 accede,
3789 4635 3802 4644 ’

2151 4727 2396 4796 increpa:
2422 4739 2476 4783 et
2503 4730 2546 4782 si
2577 4731 2794 4783 verbera
2829 4731 3066 4798 inﬂigere
3097 4741 3356 4800 oporteat,
3387 4749 3453 4786 ne
3482 4747 3698 4787 recuses
3725 4753 3740 4786 :

2153 4820 2314 4886 ipsius
2337 4820 2522 4874 faciem
2550 4822 2699 4890 alapa
2737 4833 2952 4892 percute
2975 4866 2991 4888 ,
3029 4838 3247 4880 contere
3277 4841 3337 4878 os
3369 4827 3534 4894 ipsius
3563 4867 3578 4891 ,
3613 4841 3736 4893 per-

2151 4912 2396 4964 cus~ione
2413 4927 2621 4965 manum
2641 4923 2780 4966 tuam
2799 4915 3089 4968 sanetitica.
3107 4915 3169 4967 Et
3185 4915 3226 4968 si
3248 4917 3334 4968 ulli
3349 4917 3739 4982 accusaverim,

2152 5009 2204 5053 et
2231 5001 2274 5053 si
2304 5002 2353 5052 in
2375 5002 2629 5070 judicium
2657 5005 2945 5068 traxerint,
2986 5021 3243 5074 sequere:
3286 5019 3338 5060 et
3367 5007 3410 5060 si
3441 5021 3626 5076 poenas
3647 5007 3742 5075 ju-

2153 5093 2250 5144 dex
2281 5107 2373 5158 pro
2402 5093 2648 5145 tribunali
2679 5099 3062 5164 repuposcerit,
3085 5099 3297 5150 diccum
3324 5099 3764 5168 libertate,quod'

2153 5185 2460 5250 angelorum
2503 5183 2698 5252 Regem
2747 5185 3210 5256 blaspheumverit.
3263 5189 3316 5242 Si
3361 5189 3502 5241 enim
3555 5205 3742 5258 regem

2157 5283 2311 5326 terrae
2355 5275 2785 5342 blasphctnantes
2817 5281 2986 5346 puniri
3019 5291 3228 5348 oporlet
3251 5322 3264 5342 .
3291 5282 3642 5351 multomagis
3675 5281 3745 5334 il-

2155 5363 2261 5417 lum
2317 5368 2634 5421 contumelia
2667 5369 2980 5426 allicientes.
3028 5371 3322 5426 Commune
3365 5373 3566 5427 crimen
3615 5381 3744 5438 est,

2158 5457 2364 5527 publica
2397 5459 2609 5528 injuria,
2631 5464 2820 5532 cuique
2845 5479 3098 5518 accusare
3123 5465 3320 5520 volenti
3353 5467 3494 5522 licet.
3525 5467 3746 5520 Discant

2203 5637 2240 5708 f
2277 5645 2376 5706 Duo
2399 5646 2504 5708 mss,
2531 5646 2585 5690 et
2622 5641 2782 5702 Savil.,
2811 5650 2864 5690 In
2889 5640 3020 5692 bonis
3042 5641 3268 5705 operibus
3301 5655 3555 5705 peruret-ti
3576 5653 3744 5702 mumi-

2161 5699 2248 5750 diu
2266 5699 2540 5760 mirareris.
