4074 6218
198 262 266 319 3|
1254 252 1345 308 AD
1383 248 1713 308 POPULUM
1757 243 2256 300 ANTIOCHENIJM
2295 244 2528 300 HOMIL.
2568 248 2610 301 1.
3576 247 3649 301 :3

204 377 415 450 μένων,
464 373 573 428 τῶν
620 370 952 443 θλιϐομένων
985 369 1082 425 καὶ
1126 365 1651 450 στενοχωρουμένων
1692 363 1873 450 ὄντας.

274 470 364 519 ια’.
382 461 568 515 Ταῦτα
581 459 734 530 παρά
750 455 959 527 σεαυτῷ
973 455 1165 524 λέγων,
1180 452 1572 525 εὐχαρίστησον
1586 448 1665 519 τῷ
1674 447 1880 502 Δεσπό-

198 565 295 621 τῃ,
328 550 411 603 ὅτι
437 564 496 600 σε
515 547 617 617 τῆς
634 546 829 617 μοίρας
855 543 1061 612 ταύτης
1078 539 1353 612 ἐποίησεν,
1368 538 1491 608 οὐχὶ
1523 535 1717 607 μισῶν,
1739 531 1878 621 ἀλλά

203 618 302 691 καὶ
351 634 560 706 σφόδρα
591 632 783 703 φιλῶν,
826 630 948 685 ἐπεὶ
994 628 1281 691 κάκείνους
1311 628 1413 680 οὐκ
1450 624 1602 694 ἠφίει
1647 618 1882 674 τοσαῦτα

207 724 444 794 πάσχειν
471 721 640 783 δεινά,
663 723 713 774 εἰ
750 718 825 791 μὴ
859 718 926 772 ἂν
968 718 1063 770 καὶ
1088 715 1293 786 σφόδρα
1321 712 1513 782 ἐφίλει,
1531 711 1614 764 ὅτι
1632 708 1883 794 λαμπρο-

204 790 405 882 τέρους
423 822 449 851 ι
470 809 667 871 αὐτοὺς
699 806 789 861 διὰ
814 806 922 860 τῶν
945 803 1131 859 κακῶν
1151 802 1362 856 τούτων
1388 797 1691 872 είργάζετο.
1719 790 1886 882 υύδέν

204 878 559 972 εὐχαριστίας
581 897 695 950 ίσον
715 895 939 964 ἀγαθὸν,
980 893 1169 964 ὥσπερ
1204 887 1551 972 βλασφημίας
1581 885 1761 972 χεῖρον
1790 878 1883 932 οὐ-

344 967 460 1054 ίιη
479 981 556 1050 μὴ
578 977 973 1046 θαυμάσωμεν,
1001 976 1082 1025 ὅτι
1104 974 1493 1040 πνευματικοῖς
1511 967 1882 1037 ἐπιτιθέμενοι

210 1071 506 1144 πράγμασι
541 1065 713 1120 πολλά
736 1064 1018 1133 πάσχομεν
1042 1058 1209 1114 δεινά.
1243 1058 1456 1130 Ὥσπερ
1482 1055 1593 1127 γὰρ
1623 1057 1674 1144 οί
1694 1054 1890 1127 λῃσταὶ

210 1143 314 1213 οὐκ
346 1157 476 1211 ἔνθα
499 1155 692 1226 χόρτος
717 1152 811 1207 καὶ
848 1152 1029 1222 ἄχυρα
1055 1150 1148 1203 καὶ
1179 1148 1424 1219 καλάμη,
1454 1146 1568 1199 ἀλλ’
1598 1143 1728 1199 ἔνθα
1759 1160 1891 1214 χρυ-

71 1258 83 1282 ·
160 1231 181 1287 ξ
214 1243 331 1300 ἁίον
349 1244 446 1298 καὶ
473 1244 756 1316 ἀργύριον,
784 1242 900 1293 ἐκεῖ
936 1237 1294 1309 διορύττουσι,
1327 1236 1423 1289 καὶ
1456 1232 1695 1304 συνεχῶς
1719 1232 1891 1302 ἀγρυ-

212 1332 474 1387 πνοῦσιν
527 1329 670 1383 οὕτω
716 1328 811 1381 καὶ
850 1329 880 1380 ό
921 1324 1165 1388 διάϐολος
1194 1322 1401 1385 τούτοις
1448 1320 1679 1393 μάλιστα
1714 1318 1889 1371 ἐπιτί-

212 1422 368 1475 θεται
399 1421 515 1482 τοῖς
549 1413 932 1487 πνευματικῶν
969 1411 1295 1481 ἁπτομένοις
1328 1407 1697 1480 πραγμάτων.
1744 1405 1891 1459 Ἐκεῖ

211 1509 409 1564 πολλαὶ
458 1507 514 1562 αἱ
565 1503 869 1564 ἐπιϐουλαὶ,
918 1499 1047 1553 ἔνθα
1096 1499 1267 1570 ἀρετή
1292 1513 1307 1527 ·
1354 1498 1473 1549 ἐκεῖ
1518 1495 1709 1564 φθόνος
1759 1491 1889 1546 ἔνθα

214 1589 578 1661 ἐλεημοσύνη.
611 1588 751 1643 Ἀλλ’
782 1588 930 1643 ἐστιν
959 1589 1090 1660 ἡμῖν
1110 1586 1170 1641 ἒν
1186 1586 1350 1640 ὅπλον
1376 1584 1632 1655 μέγιστον
1656 1581 1684 1634 δ
1713 1580 1892 1642 πάσας

215 1677 404 1731 ἱκανὸν
434 1676 534 1741 τὰς
572 1676 830 1740 τοιαύτας
879 1674 1128 1746 μηχανάς
1177 1670 1644 1744 ἀποκρούσασθαι,
1696 1667 1758 1721 τὸ
1804 1666 1891 1719 διά

214 1765 438 1818 πάντων
465 1762 672 1818 τούτων
699 1763 1042 1835 εὐχαριστεῖν
1060 1762 1139 1833 τῷ
1159 1759 1299 1833 Θεῷ.
1335 1760 1395 1813 '0
1422 1757 1612 1840 ᾎϐελ,
1633 1754 1752 1809 είπέ
1776 1769 1887 1840 μοι,

214 1854 336 1923 οὐχ)⁵
356 1851 466 1906 τῶν
491 1850 783 1924 πρωτείων
807 1849 888 1921 τῷ
906 1850 1026 1921 Θεῷ
1044 1848 1455 1920 ἀπαρξάμενος,
1474 1845 1580 1899 ὐπὸ
1602 1839 1893 1910 ἀδελφικῆς

213 1942 379 1995 ἔπεσε
400 1940 613 2012 χειρόςς
643 1939 759 1993 ἀλλ’
782 1939 931 2010 ὅμως
946 1940 975 1992 6
999 1936 1134 2000 Θεὸς
1156 1934 1556 2007 συνεχώρησεν,
1574 1931 1697 2001 οὐχὶ
1719 1928 1894 2000 μισῶν

212 2030 306 2082 τὸν
338 2029 669 2100 τιμήσαντα,
704 2027 840 2081 ἀλλά
871 2026 966 2081 καὶ
1001 2025 1205 2095 σφόδρα
1245 2022 1450 2094 φιλῶν,
1497 2021 1594 2073 καὶ
1640 2018 1776 2088 πρὸς
1815 2016 1895 2086 τῷ

213 2118 316 2188 τῆς
341 2115 638 2188 καλλίστης
661 2116 877 2187 ἐκείνης
907 2114 1100 2178 θυσίας
1133 2112 1383 2183 στεφάνῳ
1411 2110 1505 2164 καὶ
1531 2110 1720 2179 ἓτερον
1749 2103 1895 2175 αὐτῴ

214 2206 307 2259 τὸν
337 2205 448 2258 ἀπὸ
482 2204 578 2258 τοῦ
614 2203 915 2276 μαρτυρίου
945 2201 1199 2273 παρέχων
1229 2199 1513 2268 στέφανον.
1554 2197 1614 2251 Ὀ
1657 2195 1896 2265 Μωῦσῆς

213 2297 482 2368 ἡθέλησεν
510 2293 847 2365 ἀδικουμένῳ
871 2289 1134 2365 βοηθῆσαί
1163 2304 1271 2343 τινι
1312 2286 1408 2341 καὶ
1435 2286 1564 2357 περὶ
1589 2284 1698 2338 τῶν
1730 2283 1895 2354 ἐσχά-

215 2403 329 2439 των
356 2383 703 2439 ἐκινδύνευσε
730 2381 826 2434 καὶ
853 2380 953 2452 τῆς
988 2378 1247 2450 πατρίδος
1287 2374 1513 2441 ἐξέπεσε
1533 2391 1546 2405 ·
1580 2372 1675 2425 καὶ
1707 2374 1735 2426 6
1765 2370 1898 2433 Θεὸς

217 2469 625 2543 συνεχώρησεν,
658 2469 748 2523 ίνα
779 2466 957 2539 μάθῃς
993 2466 1104 2520 τῶν
1146 2464 1320 2534 ἀγίων
1362 2462 1462 2533 τὴν
1501 2462 1800 2531 ὑπομονήν.
1834 2459 1898 2512 Εί

214 2562 332 2631 γάρ
345 2558 654 2630 προειδότες
677 2559 754 2621 ὡς
774 2556 925 2611 οὐδὲν
950 2553 1252 2627 πεισόμεθα
1274 2554 1304 2594 δ
1326 2553 1517 2615 δεινὸν,
1546 2549 1717 2613 οὕτως
1737 2547 1902 2618 ἡπτό-

219 2648 367 2720 μεθα
389 2648 500 2701 τῶν
529 2645 915 2717 πνευματικῶν
949 2644 1312 2715 πραγμάτων,
1341 2640 1491 2695 οὐδὲν
1520 2638 1662 2710 μέγα
1687 2636 1752 2691 ἂν
1784 2635 1899 2688 ἐδό-

220 2737 397 2808 ξαμεν
436 2738 630 2799 ποιεῖν,
662 2733 917 2805 ἐνέχυρον
943 2734 1042 2804 τῆς
1074 2731 1374 2800 ἀσφαλείας
1398 2729 1612 2800 ἔχοντες
1637 2725 1897 2778 τοιοῦτον·

218 2826 345 2878 νυνὶ
395 2823 453 2878 δὲ
505 2821 756 2876 ἐντεῦθεν
806 2822 1045 2892 μάλιστα
1090 2820 1158 2874 ἀν
1211 2815 1323 2874 εἷεν
1380 2815 1682 2887 θαυμαστοὶ
1722 2815 1773 2866 οἱ
1831 2812 1901 2866 τά

218 2911 449 2965 τοιαῦτα
481 2896 832 2981 πράττοντες,
854 2910 939 2962 ὅτι
968 2909 1063 2961 καὶ
1094 2906 1374 2969 κινδύνους
1432 2904 1526 2958 καὶ
1576 2900 1782 2972 ζημίας
1808 2900 1902 2954 καὶ

222 3000 494 3060 θανάτους
549 2998 644 3051 καὶ
661 2998 829 3069 μυρία
848 3001 994 3051 κακά
1015 2994 1410 3067 προορώμενοι,
1433 2995 1581 3064 ὅμως
1601 2990 1707 3043 τῶν
1732 2988 1901 3043 τοιού-

221 3104 337 3140 των
384 3085 486 3139 οὐκ
528 3084 823 3154 ἀφίσταντο
876 3083 1337 3156 κατορθωμάτων,
1386 3081 1506 3135 οὐδὲ
1552 3077 1902 3155 ὀκνηρότεροι

184 3164 187 3173 ’
222 3175 469 3243 ἐγίνοντο
495 3176 616 3237 ταῖς
644 3172 753 3226 τῶν
784 3173 964 3242 φόϐων
987 3172 1334 3244 προσδοκίαις
1357 3182 1404 3224 ο.
1434 3169 1701 3241 Καθάπερ
1728 3162 1821 3220 οὖν
1852 3166 1903 3218 οἱ

219 3266 379 3333 τρεῖς
417 3262 605 3322 παῖδες
645 3261 850 3329 ἔλεγον*
889 3262 1054 3315 Ἐστι
1095 3261 1239 3325 Θεὸς
1265 3260 1334 3313 ἐν
1367 3256 1602 3328 οὐρανῷ
1645 3253 1905 3320 δυνατὸς

218 3347 544 3413 ἐξελέσθαι
584 3346 774 3418 ἡμᾶς·
824 3348 923 3401 καί
970 3348 1081 3402 ἐὰν
1124 3347 1235 3418 μὴ,
1271 3345 1544 3416 γνωστὸν
1585 3344 1743 3399 ἔστω
1779 3356 1900 3405 σοι,

215 3437 516 3504 βασιλεῦ.
550 3436 638 3491 ὅτι
666 3435 794 3502 τοῖς
836 3436 993 3502 θεοῖς
1034 3452 1152 3490 σου
1184 3437 1256 3489 οὐ
1281 3433 1671 3502 λατρεύομεν,
1700 3430 1797 3484 καί
1831 3427 1904 3497 τῇ

216 3526 414 3580 εικόνι
443 3522 520 3594 τῇ
562 3523 765 3593 χρυσῇ
802 3516 843 3594 ᾖ
875 3523 1144 3589 ἔστησας
1176 3523 1249 3576 οὐ
1275 3520 1739 3589 προσκυνοῦμεν
1758 3532 1771 3547 ο
1807 3516 1903 3569 καὶ

221 3614 294 3666 σὺ
335 3612 535 3675 τοίνυν,
583 3612 710 3665 ὅταν
748 3610 949 3681 μέλλῃς
990 3609 1043 3662 τί
1085 3625 1214 3662 ποτε
1258 3605 1586 3679 ἐργάζεσθαι
1615 3603 1724 3657 τῶν
1765 3601 1903 3656 κατά

220 3699 384 3756 Θεὸν.
424 3699 652 3763 πολλοὺς
703 3698 913 3770 προόρα
940 3696 1237 3758 κινδύνους,
1285 3693 1486 3753 πολλάς
1511 3691 1736 3764 ζημίας,
1778 3689 1905 3744 πολ-

220 3786 356 3849 λοὺς
375 3785 667 3849 θανάτους·
692 3788 788 3841 καὶ
820 3785 894 3857 μὴ
913 3784 1141 3850 ξενίζου,
1165 3782 1298 3853 μηδὲ
1324 3779 1557 3853 θορυϐοῦ
1581 3776 1907 3849 συμϐαινόν-

218 3893 340 3931 των
359 3876 583 3931 τούτων.
603 3877 822 3931 Τέκνον
838 3875 968 3947 γὰρ,
991 3874 1178 3945 φησὶν,
1191 3875 1244 3927 εὶ
1260 3872 1568 3939 προσέρχῃ
1590 3866 1908 3922 δουλεύειν

220 3964 311 4029 τῷ
336 3966 549 4033 Κυρίῳ,
570 3964 893 4034 ἑτοίμασον
920 3961 1033 4029 τὴν
1060 3959 1273 4029 ψυχήν
1298 3970 1414 4012 σου
1438 3959 1524 4023 είς
1551 3955 1904 4024 πειρασμόν.

221 4052 422 4117 Οὐδεὶς
460 4053 644 4106 τοίνυν
674 4050 963 4106 πυκτεύειν
1001 4047 1324 4120 αἱρούμενος
1368 4045 1537 4116 χωρὶς
1577 4044 1907 4116 τραυμάτων

224 4141 519 4213 προσδοκᾷ
547 4141 810 4210 στέφανον
856 4136 1245 4206 ἀναδήσασθαι.
1290 4135 1402 4188 Καὶ
1432 4135 1495 4188 σὺ
1522 4132 1730 4195 τοίνυν,
1769 4132 1908 4199 ἁγα-

224 4229 400 4297 πητέ,
441 4227 577 4299 πρὸς
598 4228 689 4280 τὸν
719 4225 963 4281 διάϐολον
988 4221 1419 4294 παγκρατιάζειν
1454 4218 1906 4288 καταδεξάμενος,

229 4317 314 4389 μὴ
346 4317 442 4369 τὸν
470 4315 750 4370 ἀκίνδυνον
787 4316 884 4370 καὶ
927 4312 1141 4383 τρυφῆς
1191 4310 1434 4382 γέμοντα
1456 4308 1619 4362 δίωκε
1662 4306 1775 4378 βίον
1796 4322 1810 4335 ⁸
1845 4306 1908 4359 οὐ

224 4406 346 4475 γὰρ
379 4404 614 4457 ἐνταῦθά
645 4421 728 4457 σοι
774 4403 874 4466 τάς
905 4400 1137 4473 ἀμοιϐὰς
1161 4400 1255 4454 καὶ
1282 4398 1381 4461 τὰς
1421 4395 1760 4467 ὑποσχέσεις,
1793 4393 1909 4447 ἀλλ’

229 4496 320 4557 είς
361 4492 456 4546 τὸν
502 4493 763 4563 μέλλοντα
809 4490 983 4545 αίῶνα
1030 4488 1246 4543 ᾶπαντα
1289 4485 1555 4555 ὑπέσχετο
1597 4485 1627 4538 6
1668 4483 1801 4546 Θεὸς
1842 4481 1913 4537 τὰ

228 4580 489 4651 λαμπρά.
515 4581 683 4635 Ὀταν
709 4577 802 4635 οὖν
829 4579 863 4650 ἢ
903 4578 1066 4640 αὐτός
1079 4591 1134 4630 τι
1168 4575 1400 4647 ποιήσας
1418 4572 1642 4642 ἀγαθὸν,
1665 4570 1735 4625 τά
1760 4572 1914 4625 ἐναν·

228 4668 330 4724 τία
349 4668 652 4742 άπολάϐῃς,
676 4669 710 4739 ἢ
740 4669 927 4740 ἕτερον
961 4665 1123 4720 τοῦτο
1145 4658 1425 4734 πάσχοντα
1452 4661 1568 4733 ἴδῃς
1587 4698 1601 4723 ,
1619 4659 1913 4731 εὐφραίνου

231 4759 337 4812 καὶ
372 4760 535 4829 χαῖρε
554 4772 570 4788 ⁸
617 4757 863 4829 μείζονος
890 4756 998 4827 γὰρ
1030 4753 1265 4825 ἀμοιϐῆς
1292 4749 1550 4813 ὑπόθεσις
1580 4749 1643 4803 τὸ
1679 4747 1914 4821 πρᾶγμά

232 4863 325 4901 σοι
350 4845 595 4913 γίνεται·
634 4845 696 4898 οὐ
738 4844 814 4915 μὴ
847 4842 1165 4915 καταπέσῃς
1203 4840 1254 4903 (1,
1305 4838 1439 4909 μηδέ
1472 4835 1784 4907 καταλύσῃς
1814 4835 1914 4906 τὴν

232 4932 573 5004 προθυμίαν,
606 4932 743 5003 μηδὲ
766 4930 1127 5004 ὀκνηρότερος
1156 4928 1310 5003 γένῃ,
1345 4924 1482 4980 ἁλλά
1518 4924 1716 4996 μᾶλλον
1737 4922 1915 4977 ἐπιτί-

229 5021 368 5076 Quo
398 5020 539 5091 μετά
557 5020 801 5084 πλείονος
824 5020 925 5092 τῆς
944 5017 1272 5091 προθυμίας.
1314 5016 1467 5069 Ἐπεὶ
1491 5015 1584 5067 καὶ
1609 5015 1658 5066 οί
1683 5010 1918 5066 ἀπόστο-

232 5111 324 5175 λοι
353 5107 517 5179 ήνίκα
539 5108 856 5179 ἐκήρυττον,
888 5106 1290 5177 μαστιζόμενοι,
1312 5101 1680 5172 λιθαζόμενοι,
1704 5098 1918 5167 δεσμω-

228 5198 405 5268 τήρια
439 5194 677 5265 συνεχῶς
712 5194 1009 5257 οίκοῦντες,
1040 5193 1103 5247 οὐ
1136 5192 1296 5263 μόνον
1345 5190 1481 5261 μετά
1510 5189 1610 5259 τὴν
1639 5187 1750 5241 τῶν
1795 5202 1917 5239 κινα

231 5285 414 5340 δύνων
453 5284 796 5355 ἀπαλλαγὴν,
847 5283 984 5337 ἀλλά
1024 5283 1119 5336 καὶ
1164 5283 1223 5335 ἐν
1263 5278 1446 5342 αὐτοῖς
1488 5279 1602 5339 τοῖς
1650 5274 1919 5336 κινδύνοις

234 5377 386 5450 μετά
419 5374 665 5447 μείζονος
692 5374 796 5447 τῆς
824 5372 1135 5447 προθυμίας
1176 5371 1240 5426 τὸ
1266 5371 1367 5442 τῆς
1409 5367 1669 5440 ἀληθείας
1708 5367 1918 5438 κατήγ-

301 5517 330 5547 ⁸
351 5516 569 5565 Savlllus
595 5521 649 5565 et
682 5516 768 5564 alii
798 5513 995 5575 quidam
1019 5512 1217 5563 codices
1238 5511 1347 5575 οὐχὶ
1377 5512 1530 5575 μισῶν
1550 5509 1736 5575 ἠφίει...
1762 5508 1915 5559 δεινά’

301 5527 330 5547 ¹¹
351 5527 569 5565 suum:
595 5527 649 5565 ει
682 5527 768 5564 am
834 5527 995 5564 undam
1019 5527 1217 5563 coalces
1240 5527 1347 5575 οὐχι
1377 5527 1530 5574 μισων
1550 5527 1580 5569 η
1619 5527 1736 5559 ιει...
1762 5527 1915 5559 οεινα*

232 5578 344 5626 ἀλλ’
384 5578 547 5640 ἐπειδὴ
585 5578 769 5640 σφρδρα
798 5527 969 5640 ῗφίλει,
1002 5574 1369 5640 λαμπροτέρους.
1392 5571 1521 5623 Infra
1542 5527 1732 5633 allquot
1753 5582 1921 5620 manu-

234 5636 1043 5762 11:17:31,611“-

309 5760 492 5835 ευῃυε
537 5754 693 5810 haliet
734 5759 836 5817 ταῖς
875 5761 972 5809 τῶν
1008 5760 1222 5824 φοϐερῶν
1266 5754 1603 5823 προσδοκίαις,
1642 5756 1770 5805 alter
1818 5754 1927 5813 ταῖς

236 5838 342 5926 ’Ἴ
362 5838 728 5946 ἱριῖυωέᾖνηται,
752 5884 814 5945 μή
839 5884 897 5944 δὴ
921 5882 1215 5948 καταπίσῃς,
1239 5881 1368 5934 alius
1387 5880 1598 5942 γίνηται,
1622 5879 1687 5941 μή
1709 5894 1820 5930 κατ.

1983 358 2171 427 γελλον
2205 359 2487 432 κήρυγμα.
2530 361 2640 413 Καὶ
2676 360 2822 414 ἐστιν
2862 360 2989 414 ίδείν
3040 359 3252 414 Παῦλον
3287 360 3345 412 ἐν
3391 358 3538 430 αὐτῷ
3576 361 3656 431 τῷ

1982 446 2362 519 δεσμωτηρίῳ,
2387 450 2447 501 ἐν
2477 449 2669 512 αὐταῖς
2694 450 2815 512 ταῖς
2842 448 3063 502 ἁλύσεσι
3089 448 3428 521 κατηχοῦντα
3447 488 3461 510 ,
3488 464 3654 517 μυστ-

1992 535 2350 602 αγωγοῦντα,
2405 537 2508 591 καὶ
2562 537 2621 590 ἐν
2667 536 3004 607 δικαστηρίῳ
3045 536 3207 590 πάλιν
3242 536 3304 589 τὸ
3339 534 3468 589 αὐτὸ
3497 534 3661 589 τοῦτο

1986 612 2260 677 ποιοῦντα,
2286 613 2378 667 καὶ
2394 614 2452 667 ἐν
2473 614 2735 686 ναυαγίῳ,
2760 617 2854 671 καὶ
2875 619 2932 670 ἐν
2952 619 3201 689 χειμῶνι,
3228 621 3343 695 [18]
3367 628 3462 678 καὶ
3477 627 3534 677 ἐν
3559 643 3658 696 μυ-

1987 698 2121 769 ρίοις
2142 698 2426 763 κινδύνοις.
2454 703 2562 755 Καὶ
2583 704 2648 757 σύ
2668 703 2892 769 τούτους
2920 704 3154 775 ζήλωσιν
3174 712 3299 773 τοὺς
3327 711 3536 780 ἁγίους,
3561 712 3659 765 καὶ

1982 786 2089 842 τῶν
2112 786 2331 856 ἀγαθῶν
2352 786 2659 857 ἐργων,ἐως
2684 790 2750 845 ἀν
2764 790 2970 859 δύναιο,
2992 793 3066 865 μὴ
3088 795 3348 868 ἐκπέσῃς·
3377 809 3401 835 ο
3424 798 3526 852 κᾶν
3552 816 3656 868 μυ-

1988 881 2168 952 ριάκις
2193 881 2310 954 ἴδῃς
2332 880 2697 935 διακόπτοντά
2725 898 2784 934 σε
2805 881 2897 934 τὸν
2920 881 3190 941 διάϐολον,
3217 878 3485 951 μηδέποτε
3529 880 3660 932 ἀπο-

1987 972 2139 1042 στῇς.
2186 972 2258 1023 Σὺ
2298 970 2396 1043 μὲν
2439 970 2549 1043 γὰρ
2564 972 2820 1042 χρήματα
2857 969 3211 1042 διακομίζων,
3253 970 3382 1032 ίσως
3418 967 3660 1038 ναυαγίῳ

1987 1062 2314 1134 περιέπεσες
2337 1079 2350 1093 ’
2384 1065 2413 1116 6
2439 1062 2497 1116 δὲ
2535 1062 2765 1126 Παῦλος,
2803 1062 2833 1115 δ
2885 1062 3102 1115 πάντων
3133 1058 3432 1131 χρημάτων
3468 1058 3662 1129 τιμιώο

1986 1166 2145 1220 τερον
2165 1146 2254 1221 ῆν,
2278 1151 2373 1205 τὸν
2394 1150 2550 1219 λόγον
2580 1149 2862 1221 βαστάζων
2883 1151 2961 1213 είς
2983 1150 3083 1220 τὴν
3111 1148 3332 1219 Ῥώμην
3354 1148 3540 1218 ἀπῄει.
3566 1146 3662 1197 κιὶ

1989 1240 2230 1309 ναυαγίῳ
2253 1239 2571 1311 περιέπεσε,
2608 1238 2702 1291 καὶ
2736 1239 2903 1310 μυρία
2929 1238 3138 1305 ὑπέστη
3166 1236 3334 1290 δεινά.
3364 1235 3476 1287 Καὶ
3505 1232 3671 1285 τοῦτο

1988 1327 2152 1390 αὐτὸς
2180 1326 2445 1397 ἐδήλωσεν
2474 1326 2664 1387 είπὼν,
2694 1328 2774 1380 δτι
2802 1324 3108 1390 Πολλάκις
3146 1323 3536 1392 ἠθελήσαμεν
3564 1320 3665 1375 ἐλ-

1990 1415 2118 1470 θεῖν
2136 1416 2285 1483 πρὸς
2314 1414 2492 1485 ὑμᾶς.
2530 1414 2627 1468 καὶ
2650 1414 2947 1483 ἐνέκοψεν
2966 1411 3125 1482 ἡμᾶς
3157 1415 3191 1467 d
3235 1408 3526 1477 Σατανᾶς.
3552 1408 3679 1464 Καϊ

1990 1505 2018 1557 6
2045 1503 2178 1567 Θεὸς
2205 1504 2606 1576 συνεχώρησεν,
2637 1506 2703 1557 ἐκ
2738 1503 3054 1575 περιουσίας
3084 1502 3184 1572 τὴν
3218 1500 3408 1554 ἐαυτοῦ
3438 1500 3667 1568 δύναμιν

1990 1590 2188 1661 δηλῶν,
2215 1593 2307 1644 καὶ
2332 1591 2548 1655 δεικνὺς
2569 1591 2652 1644 ὅτι
2676 1592 2769 1644 καὶ
2794 1589 2960 1662 μυρία
2984 1590 3265 1652 ποιοῦντος
3294 1588 3386 1642 τοῦ
3416 1586 3685 1641 διαϐόλου.

1993 1679 2087 1731 καὶ
2132 1677 2453 1741 κωλύοντος.
2498 1678 2651 1732 οὐδὲν
2692 1678 2864 1750 ταύτῃ
2902 1677 2970 1730 τά
3005 1676 3095 1730 τοῦ
3129 1675 3482 1747 κηρύγματος
3504 1673 3683 1745 ήλατι

1992 1764 2152 1817 τοῦτο
2197 1765 2210 1803 ¹
2272 1766 2366 1818 καὶ
2394 1766 2728 1820 διεκόπτετο.
2763 1766 2861 1818 Διά
2893 1765 3053 1818 τοῦτο
3085 1766 3142 1817 ἐν
3173 1764 3377 1818 ἁπασιν
3403 1764 3432 1816 6
3458 1761 3670 1825 Παῦλος

1994 1852 2316 1922 ηὐχαρίστει
2344 1853 2425 1924 τῷ
2458 1853 2597 1924 Θεῷ,
2638 1853 2793 1919 είδὼς
2822 1855 2903 1908 ὅτι
2942 1851 3371 1924 εὐδοκιμώτερον
3395 1850 3557 1904 αὐτὸν
3578 1850 3669 1903 διά

1995 1938 2199 1994 τούτων
2226 1940 2532 2012 εἰργάζετο,
2566 1942 2661 1995 καὶ
2685 1942 2784 2013 τῆς
2815 1941 3122 2013 προθυμίας
3154 1939 3320 1993 αὐτοῦ
3353 1938 3416 1991 τὸ
3442 1936 3670 2009 σφοδρὸν

1996 2027 2054 2079 ἐν
2078 2027 2281 2081 ἅπασιν
2304 2029 2600 2096 ἐδείκνυεν,
2620 2030 2796 2084 οὐδενὶ
2833 2029 3036 2083 τούτων
3069 2029 3177 2082 τῶν
3206 2027 3545 2099 κωλυμάτων
3574 2027 3671 2093 ἐγ-

1997 2117 2350 2187 κοπτόμενος.
2398 2118 2621 2182 Ὁσάκις
2667 2113 2762 2173 οὖν
2816 2118 2883 2173 ἂν
2927 2118 3311 2189 ἀποτύχωμεν,
3346 2114 3671 2177 τοσαυτάκις

1999 2202 2299 2275 ἁπτώμεθα
2335 2207 2446 2260 τῶν
2478 2207 2868 2278 πνευματικῶν
2908 2205 3106 2276 ἔργων,
3156 2206 3250 2258 καὶ
3292 2205 3367 2275 μὴ
3394 2204 3668 2274 λέγωμεν.

1997 2290 2142 2354 τίνος
2184 2293 2370 2347 ἕνεκεν
2424 2294 2804 2365 συνεχώρησεν
2851 2295 2881 2347 6
2926 2292 3060 2357 Θεὸς
3090 2293 3159 2346 τά
3207 2291 3540 2362 κωλύματα;
3585 2289 3674 2342 διὰ

1997 2377 2157 2432 τοῦτο
2200 2380 2310 2451 γάρ
2355 2384 2750 2454 συνεχώρησεν.
2797 2382 2885 2435 ῐνα
2926 2399 3020 2435 σου
3051 2381 3152 2452 τὴν
3198 2377 3512 2452 προθυμίαν
3560 2380 3675 2441 τοῖς

2000 2465 2215 2531 πολλοῖς
2244 2468 2393 2541 δείξῃ
2424 2469 2624 2541 μᾶλλον
2684 2471 2779 2524 καῖ
2800 2469 2863 2524 τὸ
2895 2470 3030 2523 πολύ
3058 2469 3279 2541 φίλτρον
3297 2481 3309 2496 '
3343 2465 3626 2537 φιλοῦντος
3648 2467 3674 2506 ⁸

1998 2552 2110 2626 γὰρ
2140 2556 2375 2625 μάλιστα
2412 2558 2569 2612 τοῦτό
2600 2560 2737 2624 ἐστι,
2780 2558 2841 2612 τὸ
2882 2558 3154 2629 μηδέποτε
3194 2554 3522 2625 ἀφίστασθαι
3564 2552 3678 2606 τῶν

2000 2639 2078 2711 τῷ
2108 2642 2416 2716 φιλουμένῳ
2448 2644 2768 2700 δοκούντων.
2811 2646 2871 2697 ὐ
2904 2647 3002 2716 μὲν
3024 2645 3133 2716 γάρ
3158 2643 3355 2715 χαῦνος
3387 2644 3482 2697 καὶ
3513 2640 3679 2713 ῥᾴθυ-

2006 2746 2104 2799 μος
2146 2731 2211 2783 ἐκ
2251 2731 2475 2802 πρώτης
2505 2732 2707 2796 εὐθέως
2738 2733 3091 2787 ἀναπεσεῖται
3130 2733 3228 2804 τῆς
3264 2729 3603 2803 προσϐολῆς·
3647 2730 3677 2782 6

2002 2815 2058 2869 δὲ
2085 2817 2314 2888 σφοδρὸς
2336 2820 2432 2873 καὶ
2451 2820 2895 2891 διεγηγερμένος,
2920 2820 3024 2874 κᾶν
3044 2821 3304 2891 μυριάκις
3319 2817 3677 2889 ἐγκόπτηται.

2002 2904 2241 2976 τοσούτῳ
2265 2906 2529 2976 μειζόνως
2552 2906 2871 2979 ἐπιθήσεται
2898 2910 3015 2971 τοῖς
3041 2906 3183 2960 κατά
3205 2906 3340 2959 Θεὸν
3365 2905 3674 2977 πράγμασι.

2002 2991 2072 3046 τά
2116 2995 2247 3065 παρ’
2281 2996 2477 3049 ἐαυτοῦ
2525 2998 2703 3051 πάντα
2750 2995 2995 3067 πληρῶν,
3035 2996 3130 3051 καὶ
3173 2997 3231 3049 ἐν
3267 2993 3471 3049 άπασιν
3522 2994 3682 3065 εὐχα-

2006 3081 2225 3152 ριστῶν.
2254 3082 2424 3137 Τοῦτο
2451 3083 2517 3156 δὴ
2546 3086 2640 3138 καὶ
2674 3086 2835 3156 ἡμεῖς
2872 3083 3135 3153 ποιῶμεν.
3187 3083 3378 3152 Μέγας
3407 3081 3684 3154 θησαυρὸς

2005 3171 2038 3240 ή
2068 3171 2404 3242 εὐχαριστία,
2438 3172 2609 3243 μέγας
2639 3172 2897 3238 πλοῦτος,
2941 3172 3217 3226 ἀνάλωτον
3252 3169 3480 3239 ἀγαθὸν,
3514 3168 3681 3223 ὃπλον

2008 3259 2253 3331 ίσχυρόν·
2284 3261 2474 3334 ῶσπερ
2517 3257 2611 3316 οὖν
2653 3264 2687 3333 ἡ
2739 3261 3058 3332 βλασφημία
3088 3261 3188 3333 τὴν
3221 3255 3387 3313 οὖσαν
3425 3258 3683 3311 ἐπιτείνει

2005 3342 2229 3416 ζημίαν,
2246 3348 2340 3401 καὶ
2364 3342 2438 3401 ὧν
2462 3348 2821 3419 ἀπωλέσαμεν
2839 3348 3061 3402 πλείονα
3087 3345 3493 3421 προσαπολέσαι
3516 3345 3679 3398 ποιεῖ.

2019 3435 2331 3500 Ἀπώλεσας
2359 3439 2463 3509 χρή
2474 3456 2651 3510 ματα;
2698 3438 2765 3492 ἂν
2799 3439 2900 3510 μὲν
2927 3438 3353 3510 εὐχαριστήσῃς,
3387 3435 3684 3509 ἐκέρδανας

2006 3522 2105 3593 τὴν
2142 3522 2321 3594 ψυχὴν
2356 3525 2450 3577 καὶ
2479 3524 2704 3595 μείζονα
2751 3527 2967 3596 ἐκτήσω
2997 3525 3091 3578 τὸν
3139 3523 3389 3588 πλοῦτον,
3413 3523 3508 3577 τοῦ
3545 3522 3683 3577 Θεοῦ

2007 3610 2177 3663 πλείω
2207 3611 2306 3680 τὴν
2351 3610 2564 3665 εὔνοιαν
2611 3613 3091 3682 ἐπισπασάμενος·
3146 3610 3213 3664 ἂν
3261 3610 3682 3681 βλασφημήσῃς,

2007 3696 2441 3768 προσαπώλεσας
2472 3699 2567 3751 καὶ
2592 3697 2693 3769 τὴν
2742 3698 3018 3768 σωτηρίαν
3049 3696 3150 3767 τὴν
3190 3697 3408 3760 σαυτοῦ,
3442 3696 3537 3750 καὶ
3562 3698 3684 3751 οὐδέ

2007 3787 2190 3838 ἐκεῖνα
2211 3786 2514 3858 ἀνεκτήσω,
2550 3786 2644 3840 καὶ
2669 3785 2737 3856 ἥν
2769 3782 2914 3856 εἶχες
2934 3784 3135 3857 ψυχὴν,
3181 3785 3276 3839 καὶ
3308 3783 3512 3855 ταύτην
3545 3801 3680 3839 κατ-

2008 3872 2224 3937 έθυσας.

2082 3960 2169 4015 ιϐ’.
2202 3960 2342 4015 Ἀλλ’
2360 3960 2548 4033 ἐπειδὴ
2571 3962 2699 4032 περὶ
2720 3961 3072 4033 βλασφημίας
3088 3962 3222 4032 ήμίν
3238 3961 3266 4014 6
3293 3959 3451 4030 λόγος
3469 3959 3688 4031 ἐγένετο

2009 4050 2138 4114 νῦν,
2180 4050 2311 4121 μίαν
2350 4050 2493 4122 ὑμᾶς
2523 4049 2770 4114 ἅπαντας
2805 4048 3027 4120 αἰτῆσαι
3059 4048 3319 4119 βούλομαι
3371 4049 3532 4120 χάριν
3563 4049 3686 4103 ἀντὶ

2008 4138 2108 4208 τῆς
2127 4139 2469 4212 δημηγορίας
2490 4138 2716 4210 ταύτης,
2741 4140 2833 4193 καὶ
2861 4140 2961 4210 τῆς
2988 4137 3298 4202 διαλέξεως,
3326 4138 3415 4191 ἵνα
3437 4156 3529 4210 μοι
3558 4140 3685 4202 τούς

2010 4227 2070 4281 ἐν
2098 4230 2167 4299 τῇ
2209 4229 2362 4283 πόλει
2401 4228 2853 4300 βλασφημοῦντας
2879 4226 3268 4299 σωφρονίσητε.
3296 4228 3417 4282 Κᾶν
3445 4228 3686 4297 ἀκούσῃς

2009 4314 2154 4378 τινὸς
2188 4316 2247 4369 ἐν
2290 4315 2535 4387 ἀμφόδῳ.
2571 4316 2605 4387 ἢ
2634 4318 2692 4369 ἐν
2718 4315 2895 4387 ἀγορᾷ
2938 4315 3079 4386 μέσῃ
3115 4313 3564 4386 βλασφημοῦντος
3595 4315 3686 4368 τὸν

2011 4402 2167 4468 Θεὸν,
2201 4404 2487 4475 πρόσελθε,
2516 4405 2861 4476 ἐπιτίμησον,
2894 4404 3000 4458 κᾶν
3024 4402 3239 4475 πληγὰς
3265 4403 3536 4459 ἐπιθεῖναι
3568 4403 3685 4473 δέῃ,

2015 4491 2091 4562 μὴ
2120 4495 2433 4563 παραιτήσῃ
2453 4508 2469 4523 ·
2503 4491 2733 4563 ῥάπισον
2783 4491 2950 4546 αὐτοῦ
2993 4492 3093 4563 τὴν
3127 4491 3271 4561 ὄψιν,
3312 4491 3599 4563 σύντριψον
3626 4492 3688 4544 τὸ

2015 4578 2208 4650 στόμα,
2238 4579 2466 4647 ἀγίασόν
2499 4595 2593 4632 σου
2627 4578 2725 4651 τὴν
2754 4582 2911 4651 χεῖρα
2947 4579 3036 4633 διὰ
3062 4582 3162 4650 τῆς
3195 4579 3430 4651 πληγῆς,
3459 4580 3564 4634 κᾶν
3596 4580 3688 4646 ἐγ-

2014 4666 2218 4721 καλῶσί
2260 4683 2428 4731 τινες,
2465 4667 2572 4721 κᾶν
2600 4668 2682 4731 είς
2708 4667 3059 4740 δικαστήριον
3099 4667 3354 4731 ἕλκωσιν,
3382 4666 3687 4737 ἀκολούθη-

2016 4771 2126 4808 σον·
2153 4753 2256 4809 κᾶν
2282 4755 2377 4808 ἐπὶ
2402 4754 2497 4808 τοῦ
2531 4754 2774 4826 βήματος
2799 4754 3029 4819 εὐθύνας
3050 4757 3078 4809 6
3105 4755 3364 4826 δικαστὴς
3382 4754 3683 4825 ἀπαιτήσῃ.

2014 4843 2134 4897 είπέ
2157 4842 2298 4914 μετά
2313 4843 2642 4919 παρρησίας,
2656 4843 2738 4897 δτι
2755 4843 2847 4898 τὸν
2866 4843 3091 4915 βασιλέα
3104 4843 3213 4897 τῶν
3227 4841 3472 4912 ἀγγέλων
3492 4839 3686 4894 ἐϐλασ-

2014 4932 2088 5002 φή
2097 4946 2289 5002 μησεν.
2332 4929 2395 4983 El
2416 4930 2524 5003 γὰρ
2555 4931 2647 4985 τὸν
2673 4932 2767 4986 ἐπὶ
2787 4932 2890 5002 γῆς
2914 4930 3138 5001 βασιλέα
3158 4930 3285 4992 τούς
3308 4927 3685 4999 βλασφημοῦν-

2015 5031 2114 5079 τας
2145 5011 2467 5077 κολάζεσθαι
2487 5011 2615 5082 χρὴ.
2631 5011 2810 5083 πολλῷ
2834 5011 3032 5083 μᾶλλον
3054 5015 3181 5076 τοὺς
3204 5013 3411 5067 ἐκεῖνον
3432 5013 3687 5088 ὑϐρίζον-

2013 5118 2132 5165 τας.
2164 5100 2355 5156 Κοινόν
2388 5102 2505 5152 ἐστι
2543 5097 2607 5152 τὸ
2634 5098 2906 5170 ἔγκλημα,
2954 5099 3210 5170 δημόσιον
3234 5100 3293 5154 τὸ
3317 5100 3582 5175 ἀδίκημα,
3602 5104 3688 5171 ιε-

2016 5204 2163 5241 εστιν
2190 5186 2405 5257 ἐκάστῳ
2434 5185 2546 5239 τῶν
2580 5185 2918 5257 βουλομένων
2946 5189 3272 5259 κατηγορεῖν
3291 5205 3307 5220 ο
3336 5190 3684 5260 μανθανέτω-

2018 5273 2223 5330 σανκαὶ
2252 5273 2490 5326 Ἰουδαῖοι
2505 5273 2600 5326 καὶ⁵
2622 5274 2902 5344 Ἕλληνες,
2934 5272 3144 5346 [ί9]ὃτι
3174 5276 3420 5348 σωτῆρές
3445 5280 3553 5333 είσι
3585 5283 3685 5349 τῆς

2014 5362 2220 5423 πόλεως
2246 5361 2298 5412 οί
2325 5360 2662 5429 Χριστιανοὶ,
2685 5361 2777 5414 καὶ
2805 5360 3103 5432 κηδεμόνες
3136 5363 3229 5417 καὶ
3253 5368 3559 5436 προστάται
3589 5370 3683 5422 καὶ

2013 5446 2344 5511 διδάσκαλοι,
2376 5447 2471 5501 κα).
2510 5446 2930 5517 μανθανέτωσαν
2963 5452 3099 5507 αὐτὸ
3121 5452 3281 5507 τοῦτο
3307 5454 3357 5508 οί
3384 5446 3680 5511 ἀκόλαστοι

2091 5629 2113 5651 ·
2134 5627 2246 5697 ουρ
2266 5642 2381 5697 ωδε.
2409 5633 2463 5697 ει
2489 5627 2649 5697 βανὶὶ.
2684 5628 2872 5697 ἀγαθῶν
2889 5628 3037 5693 ιργων
3058 5628 3258 5692 ἀντέχου
3281 5629 3370 5685 ἕως
3387 5627 3444 5676 ἂν
3470 5628 3693 5692 lmine,

2020 5691 2126 5754 κάν.
2154 5690 2283 5754 νῐιιῆτι
2305 5690 2500 5752 plurimi
2523 5703 2637 5754 mss.
2662 5690 2961 5754 περιέπεσας.

2092 5749 2336 5816 {Aliquo}
2363 5765 2477 5801 mss.
2503 5749 2801 5816 κηρύγματος
2837 5752 3030 5802 ἔλαττον
3074 5751 3379 5800 διακείσεται.
3406 5749 3518 5801 nox
3541 5750 3703 5815 aliqu}
3730 5750 3745 5793 ί

2024 5816 2096 5866 ὅτι
2119 5814 2453 5878 δοκιμώτερον.

2095 5877 2121 5919 ῑ
2144 5869 2292 5927 ὅπη.
2322 5869 2375 5926 ei
2397 5875 2523 5928 alius
2544 5877 2732 5941 φίλτρον
2750 5875 2805 5924 τὸ
2827 5875 2931 5940 περὶ
2952 5873 3120 5923 αὐτόν·
3158 5869 3414 5936 φιλοῦντος.
