  <div class='ocr_page' id='page_1' title='image "/cluster/home/n/w/nwhite01/storage/ocr_20150623/49/hvd.32044054086806/033.png"; bbox 0 0 4074 6218; ppageno 0'>
   <div class='ocr_carea' id='block_1_1' title="bbox 403 219 3851 288">
    <p class='ocr_par' dir='ltr' id='par_1_1' title="bbox 403 219 3851 288">
     <span class='ocr_line' id='line_1_1' title="bbox 403 219 3851 288; baseline 0.004 -15"><span class='ocrx_word' id='word_1_1' title='bbox 403 219 475 274; x_wconf 77' lang='lat'>53</span> <span class='ocrx_word' id='word_1_2' title='bbox 1181 222 1237 278; x_wconf 88' lang='lat' dir='ltr'>S.</span> <span class='ocrx_word' id='word_1_3' title='bbox 1269 223 1556 280; x_wconf 68' lang='lat' dir='ltr'>JOANNIS</span> <span class='ocrx_word' id='word_1_4' title='bbox 1589 223 2084 280; x_wconf 74' lang='lat' dir='ltr'>CHRYSOSTOMI</span> <span class='ocrx_word' id='word_1_5' title='bbox 2125 223 2440 279; x_wconf 76' lang='lat' dir='ltr'>ARCHIEP.</span> <span class='ocrx_word' id='word_1_6' title='bbox 2473 223 3020 283; x_wconf 70' lang='lat' dir='ltr'>CONSTANTINOP.</span> <span class='ocrx_word' id='word_1_7' title='bbox 3788 235 3851 288; x_wconf 69' lang='grc' dir='ltr'>τι</span> 
     </span>
    </p>
   </div>
   <div class='ocr_carea' id='block_1_2' title="bbox 405 334 2078 410">
    <p class='ocr_par' dir='ltr' id='par_1_2' title="bbox 405 334 2078 410">
     <span class='ocr_line' id='line_1_2' title="bbox 405 334 2078 410; baseline 0.007 -28"><span class='ocrx_word' id='word_1_8' title='bbox 405 335 500 388; x_wconf 67' lang='grc' dir='ltr'>καὶ</span> <span class='ocrx_word' id='word_1_9' title='bbox 528 334 974 406; x_wconf 83' lang='grc' dir='ltr'>διεστραμμένοι,</span> <span class='ocrx_word' id='word_1_10' title='bbox 1020 337 1102 389; x_wconf 82' lang='grc' dir='ltr'>ὅτι</span> <span class='ocrx_word' id='word_1_11' title='bbox 1147 339 1238 391; x_wconf 79' lang='grc' dir='ltr'>καὶ</span> <span class='ocrx_word' id='word_1_12' title='bbox 1265 340 1391 403; x_wconf 77' lang='grc' dir='ltr'>τοὺς</span> <span class='ocrx_word' id='word_1_13' title='bbox 1423 339 1518 394; x_wconf 82' lang='grc' dir='ltr'>τοῦ</span> <span class='ocrx_word' id='word_1_14' title='bbox 1550 339 1684 393; x_wconf 86' lang='grc' dir='ltr'>Θεοῦ</span> <span class='ocrx_word' id='word_1_15' title='bbox 1717 339 1937 403; x_wconf 81' lang='grc' dir='ltr'>δούλους</span> <span class='ocrx_word' id='word_1_16' title='bbox 1981 358 2078 410; x_wconf 92' lang='grc' dir='ltr'>φο-</span> 
     </span>
    </p>
   </div>
   <div class='ocr_carea' id='block_1_3' title="bbox 403 421 2079 496">
    <p class='ocr_par' dir='ltr' id='par_1_3' title="bbox 403 421 2079 496">
     <span class='ocr_line' id='line_1_3' title="bbox 403 421 2079 496; baseline 0.005 -23"><span class='ocrx_word' id='word_1_17' title='bbox 403 421 614 476; x_wconf 68' lang='grc' dir='ltr'>ϐεῖσθαι</span> <span class='ocrx_word' id='word_1_18' title='bbox 643 423 838 486; x_wconf 82' lang='grc' dir='ltr'>αὐτοὺς</span> <span class='ocrx_word' id='word_1_19' title='bbox 873 426 1000 494; x_wconf 84' lang='grc' dir='ltr'>χρὴ,</span> <span class='ocrx_word' id='word_1_20' title='bbox 1035 425 1122 478; x_wconf 86' lang='grc' dir='ltr'>ἵνα</span> <span class='ocrx_word' id='word_1_21' title='bbox 1163 425 1266 479; x_wconf 79' lang='grc' dir='ltr'><strong>κᾶν</strong></span> <span class='ocrx_word' id='word_1_22' title='bbox 1295 427 1526 481; x_wconf 74' lang='grc' dir='ltr'>έλωνταί</span> <span class='ocrx_word' id='word_1_23' title='bbox 1573 445 1704 482; x_wconf 87' lang='grc' dir='ltr'>ποτε</span> <span class='ocrx_word' id='word_1_24' title='bbox 1744 427 2079 496; x_wconf 78' lang='grc' dir='ltr'>φθέγξασθαί</span> 
     </span>
    </p>
   </div>
   <div class='ocr_carea' id='block_1_4' title="bbox 401 512 2078 587">
    <p class='ocr_par' dir='ltr' id='par_1_4' title="bbox 401 512 2078 587">
     <span class='ocr_line' id='line_1_4' title="bbox 401 512 2078 587; baseline 0.003 -23"><span class='ocrx_word' id='word_1_25' title='bbox 401 528 454 564; x_wconf 88' lang='grc' dir='ltr'>τι</span> <span class='ocrx_word' id='word_1_26' title='bbox 484 512 745 574; x_wconf 85' lang='grc' dir='ltr'>τοιοῦτον,</span> <span class='ocrx_word' id='word_1_27' title='bbox 773 512 1032 583; x_wconf 82' lang='grc' dir='ltr'>ἀλλήλους</span> <span class='ocrx_word' id='word_1_28' title='bbox 1065 514 1340 584; x_wconf 78' lang='grc' dir='ltr'>πανταχοῦ</span> <span class='ocrx_word' id='word_1_29' title='bbox 1373 515 1828 587; x_wconf 87' lang='grc' dir='ltr'>περιϐλέπωνται,</span> <span class='ocrx_word' id='word_1_30' title='bbox 1866 515 2078 580; x_wconf 75' lang='grc' dir='ltr'>καὶτὰς</span> 
     </span>
    </p>
   </div>
   <div class='ocr_carea' id='block_1_5' title="bbox 405 599 2078 676">
    <p class='ocr_par' dir='ltr' id='par_1_5' title="bbox 405 599 2078 676">
     <span class='ocr_line' id='line_1_5' title="bbox 405 599 2078 676; baseline 0.003 -24"><span class='ocrx_word' id='word_1_31' title='bbox 405 599 561 663; x_wconf 75' lang='grc' dir='ltr'>σκιὰς</span> <span class='ocrx_word' id='word_1_32' title='bbox 583 599 880 672; x_wconf 86' lang='grc' dir='ltr'>τρέμωσιν,</span> <span class='ocrx_word' id='word_1_33' title='bbox 907 602 1250 668; x_wconf 81' lang='grc' dir='ltr'>ἀγωνιῶντες</span> <span class='ocrx_word' id='word_1_34' title='bbox 1284 605 1466 674; x_wconf 86' lang='grc' dir='ltr'>μήπου</span> <span class='ocrx_word' id='word_1_35' title='bbox 1497 606 1526 657; x_wconf 86' lang='grc' dir='ltr'>ό</span> <span class='ocrx_word' id='word_1_36' title='bbox 1569 604 1892 676; x_wconf 83' lang='grc' dir='ltr'>Χριστιανὸς</span> <span class='ocrx_word' id='word_1_37' title='bbox 1914 603 2078 657; x_wconf 85' lang='grc' dir='ltr'>ἀκού-</span> 
     </span>
    </p>
   </div>
   <div class='ocr_carea' id='block_1_6' title="bbox 403 689 2077 763">
    <p class='ocr_par' dir='ltr' id='par_1_6' title="bbox 403 689 2077 763">
     <span class='ocr_line' id='line_1_6' title="bbox 403 689 2077 763; baseline 0.003 -24"><span class='ocrx_word' id='word_1_38' title='bbox 403 703 498 751; x_wconf 82' lang='grc' dir='ltr'>σας</span> <span class='ocrx_word' id='word_1_39' title='bbox 525 689 856 760; x_wconf 86' lang='grc' dir='ltr'>ἐπιπηδήσῃ,</span> <span class='ocrx_word' id='word_1_40' title='bbox 901 689 994 741; x_wconf 73' lang='grc' dir='ltr'>καὶ</span> <span class='ocrx_word' id='word_1_41' title='bbox 1038 690 1239 760; x_wconf 78' lang='grc' dir='ltr'>κολάσῃ</span> <span class='ocrx_word' id='word_1_42' title='bbox 1273 691 1650 762; x_wconf 86' lang='grc' dir='ltr'>σφοδρότερον.</span> <span class='ocrx_word' id='word_1_43' title='bbox 1686 693 1800 745; x_wconf 87' lang='grc' dir='ltr'>Οὑκ</span> <span class='ocrx_word' id='word_1_44' title='bbox 1839 693 2077 763; x_wconf 76' lang='grc' dir='ltr'>ἤκουσας</span> 
     </span>
    </p>
   </div>
   <div class='ocr_carea' id='block_1_7' title="bbox 399 773 2076 850">
    <p class='ocr_par' dir='ltr' id='par_1_7' title="bbox 399 773 2076 850">
     <span class='ocr_line' id='line_1_7' title="bbox 399 773 2076 850; baseline 0.004 -24"><span class='ocrx_word' id='word_1_45' title='bbox 399 773 452 826; x_wconf 87' lang='grc' dir='ltr'>τί</span> <span class='ocrx_word' id='word_1_46' title='bbox 499 775 752 845; x_wconf 82' lang='grc' dir='ltr'>Ἰωάννης</span> <span class='ocrx_word' id='word_1_47' title='bbox 787 776 1048 846; x_wconf 83' lang='grc' dir='ltr'>ἐποίησε;</span> <span class='ocrx_word' id='word_1_48' title='bbox 1082 776 1356 846; x_wconf 80' lang='grc' dir='ltr'>Τύραννον</span> <span class='ocrx_word' id='word_1_49' title='bbox 1393 777 1530 830; x_wconf 81' lang='grc' dir='ltr'>εἶδεν</span> <span class='ocrx_word' id='word_1_50' title='bbox 1566 778 1850 849; x_wconf 78' lang='grc' dir='ltr'>ἄνθρωπον</span> <span class='ocrx_word' id='word_1_51' title='bbox 1883 779 2076 850; x_wconf 88' lang='grc' dir='ltr'>γάμων</span> 
     </span>
    </p>
   </div>
   <div class='ocr_carea' id='block_1_8' title="bbox 401 861 2077 937">
    <p class='ocr_par' dir='ltr' id='par_1_8' title="bbox 401 861 2077 937">
     <span class='ocr_line' id='line_1_8' title="bbox 401 861 2077 937; baseline 0.002 -25"><span class='ocrx_word' id='word_1_52' title='bbox 401 861 774 930; x_wconf 88' lang='grc' dir='ltr'>ἀνατρέποντα</span> <span class='ocrx_word' id='word_1_53' title='bbox 808 861 1021 931; x_wconf 86' lang='grc' dir='ltr'>νόμους,</span> <span class='ocrx_word' id='word_1_54' title='bbox 1057 864 1152 915; x_wconf 79' lang='grc' dir='ltr'>καὶ</span> <span class='ocrx_word' id='word_1_55' title='bbox 1185 863 1323 931; x_wconf 84' lang='grc' dir='ltr'>μετά</span> <span class='ocrx_word' id='word_1_56' title='bbox 1360 863 1670 935; x_wconf 74' lang='grc' dir='ltr'>παρρησίας</span> <span class='ocrx_word' id='word_1_57' title='bbox 1706 867 1763 917; x_wconf 85' lang='grc' dir='ltr'>ἐν</span> <span class='ocrx_word' id='word_1_58' title='bbox 1793 865 1942 936; x_wconf 83' lang='grc' dir='ltr'>μέσῳ</span> <span class='ocrx_word' id='word_1_59' title='bbox 1978 868 2077 937; x_wconf 84' lang='grc' dir='ltr'>τῆς</span> 
     </span>
    </p>
   </div>
   <div class='ocr_carea' id='block_1_9' title="bbox 399 950 2078 1024">
    <p class='ocr_par' dir='ltr' id='par_1_9' title="bbox 399 950 2078 1024">
     <span class='ocr_line' id='line_1_9' title="bbox 399 950 2078 1024; baseline 0.003 -22"><span class='ocrx_word' id='word_1_60' title='bbox 399 950 606 1021; x_wconf 84' lang='grc' dir='ltr'>ἀγορᾶς</span> <span class='ocrx_word' id='word_1_61' title='bbox 650 966 840 1020; x_wconf 77' lang='grc' dir='ltr'>φησιν’</span> <span class='ocrx_word' id='word_1_62' title='bbox 881 953 1002 1003; x_wconf 76' lang='grc' dir='ltr'>Οὐκ</span> <span class='ocrx_word' id='word_1_63' title='bbox 1055 951 1260 1014; x_wconf 81' lang='grc' dir='ltr'>ἐξεστί</span> <span class='ocrx_word' id='word_1_64' title='bbox 1309 967 1408 1004; x_wconf 89' lang='grc' dir='ltr'>σοι</span> <span class='ocrx_word' id='word_1_65' title='bbox 1455 953 1618 1020; x_wconf 81' lang='grc' dir='ltr'>ἔχειν</span> <span class='ocrx_word' id='word_1_66' title='bbox 1663 953 1778 1020; x_wconf 72' lang='grc' dir='ltr'>τὴν</span> <span class='ocrx_word' id='word_1_67' title='bbox 1821 955 2078 1024; x_wconf 71' lang='grc' dir='ltr'>γυναῖκα</span> 
     </span>
    </p>
   </div>
   <div class='ocr_carea' id='block_1_10' title="bbox 398 1036 2077 1112">
    <p class='ocr_par' dir='ltr' id='par_1_10' title="bbox 398 1036 2077 1112">
     <span class='ocr_line' id='line_1_10' title="bbox 398 1036 2077 1112; baseline 0.004 -24"><span class='ocrx_word' id='word_1_68' title='bbox 398 1038 700 1090; x_wconf 66' lang='grc' dir='ltr'>Φιλίππου</span> <span class='ocrx_word' id='word_1_69' title='bbox 721 1036 827 1092; x_wconf 86' lang='grc' dir='ltr'>τοῦ</span> <span class='ocrx_word' id='word_1_70' title='bbox 848 1037 1116 1107; x_wconf 67' lang='grc' dir='ltr'>ἀδελφοῦ</span> <span class='ocrx_word' id='word_1_71' title='bbox 1141 1055 1276 1093; x_wconf 89' lang='grc' dir='ltr'>σου.</span> <span class='ocrx_word' id='word_1_72' title='bbox 1318 1039 1458 1107; x_wconf 84' lang='grc' dir='ltr'>Ἐγὼ</span> <span class='ocrx_word' id='word_1_73' title='bbox 1483 1041 1538 1093; x_wconf 90' lang='grc' dir='ltr'>δέ</span> <span class='ocrx_word' id='word_1_74' title='bbox 1561 1057 1618 1093; x_wconf 90' lang='grc' dir='ltr'>σε</span> <span class='ocrx_word' id='word_1_75' title='bbox 1642 1042 1740 1093; x_wconf 88' lang='grc' dir='ltr'>οὑκ</span> <span class='ocrx_word' id='word_1_76' title='bbox 1761 1043 1851 1094; x_wconf 78' lang='grc' dir='ltr'>ἐπὶ</span> <span class='ocrx_word' id='word_1_77' title='bbox 1879 1041 2077 1112; x_wconf 84' lang='grc' dir='ltr'>τύραν-</span> 
     </span>
    </p>
   </div>
   <div class='ocr_carea' id='block_1_11' title="bbox 400 1125 2078 1200">
    <p class='ocr_par' dir='ltr' id='par_1_11' title="bbox 400 1125 2078 1200">
     <span class='ocr_line' id='line_1_11' title="bbox 400 1125 2078 1200; baseline 0.003 -23"><span class='ocrx_word' id='word_1_78' title='bbox 400 1143 490 1178; x_wconf 91' lang='grc' dir='ltr'>νον</span> <span class='ocrx_word' id='word_1_79' title='bbox 522 1127 750 1196; x_wconf 76' lang='grc' dir='ltr'>ἤγαγον,</span> <span class='ocrx_word' id='word_1_80' title='bbox 797 1125 918 1178; x_wconf 86' lang='grc' dir='ltr'>οὑδέ</span> <span class='ocrx_word' id='word_1_81' title='bbox 948 1126 1231 1197; x_wconf 81' lang='grc' dir='ltr'>δικαστὴν,</span> <span class='ocrx_word' id='word_1_82' title='bbox 1284 1128 1402 1180; x_wconf 82' lang='grc' dir='ltr'>οὑδὲ</span> <span class='ocrx_word' id='word_1_83' title='bbox 1434 1129 1574 1200; x_wconf 82' lang='grc' dir='ltr'>ὑπὲρ</span> <span class='ocrx_word' id='word_1_84' title='bbox 1614 1129 1806 1198; x_wconf 87' lang='grc' dir='ltr'>γάμων</span> <span class='ocrx_word' id='word_1_85' title='bbox 1841 1147 2078 1200; x_wconf 86' lang='grc' dir='ltr'>παρανο-</span> 
     </span>
    </p>
   </div>
   <div class='ocr_carea' id='block_1_12' title="bbox 403 1213 2074 1290">
    <p class='ocr_par' dir='ltr' id='par_1_12' title="bbox 403 1213 2074 1290">
     <span class='ocr_line' id='line_1_12' title="bbox 403 1213 2074 1290; baseline 0.004 -25"><span class='ocrx_word' id='word_1_86' title='bbox 403 1230 500 1282; x_wconf 86' lang='grc' dir='ltr'>μου</span> <span class='ocrx_word' id='word_1_87' title='bbox 512 1213 705 1282; x_wconf 90' lang='grc' dir='ltr'>μένων,</span> <span class='ocrx_word' id='word_1_88' title='bbox 740 1213 858 1266; x_wconf 80' lang='grc' dir='ltr'>οὐδὲ</span> <span class='ocrx_word' id='word_1_89' title='bbox 879 1215 1020 1284; x_wconf 79' lang='grc' dir='ltr'>ὑπὲρ</span> <span class='ocrx_word' id='word_1_90' title='bbox 1044 1213 1342 1268; x_wconf 83' lang='grc' dir='ltr'>συνδούλων</span> <span class='ocrx_word' id='word_1_91' title='bbox 1368 1215 1760 1286; x_wconf 76' lang='grc' dir='ltr'>ὑϐριζομένων,</span> <span class='ocrx_word' id='word_1_92' title='bbox 1789 1217 1905 1270; x_wconf 82' lang='grc' dir='ltr'>ἀλλ’</span> <span class='ocrx_word' id='word_1_93' title='bbox 1935 1219 2074 1290; x_wconf 81' lang='grc' dir='ltr'>ὑπὲρ</span> 
     </span>
    </p>
   </div>
   <div class='ocr_carea' id='block_1_13' title="bbox 395 1300 2076 1374">
    <p class='ocr_par' dir='ltr' id='par_1_13' title="bbox 395 1300 2076 1374">
     <span class='ocr_line' id='line_1_13' title="bbox 395 1300 2076 1374; baseline 0.004 -23"><span class='ocrx_word' id='word_1_94' title='bbox 395 1301 494 1369; x_wconf 87' lang='grc' dir='ltr'>τῆς</span> <span class='ocrx_word' id='word_1_95' title='bbox 534 1302 612 1362; x_wconf 86' lang='grc' dir='ltr'>εἰς</span> <span class='ocrx_word' id='word_1_96' title='bbox 643 1300 734 1352; x_wconf 77' lang='grc' dir='ltr'>τὸν</span> <span class='ocrx_word' id='word_1_97' title='bbox 762 1301 1035 1371; x_wconf 87' lang='grc' dir='ltr'>Δεσπότην</span> <span class='ocrx_word' id='word_1_98' title='bbox 1069 1303 1372 1371; x_wconf 81' lang='grc' dir='ltr'>παροινίας,</span> <span class='ocrx_word' id='word_1_99' title='bbox 1401 1303 1490 1356; x_wconf 82' lang='grc' dir='ltr'>τὸν</span> <span class='ocrx_word' id='word_1_100' title='bbox 1513 1305 1772 1374; x_wconf 77' lang='grc' dir='ltr'>ὁμότιμον</span> <span class='ocrx_word' id='word_1_101' title='bbox 1803 1305 1937 1372; x_wconf 85' lang='grc' dir='ltr'>ἀξιῶ</span> <span class='ocrx_word' id='word_1_102' title='bbox 1971 1323 2076 1358; x_wconf 82' lang='grc' dir='ltr'>σω·</span> 
     </span>
    </p>
   </div>
   <div class='ocr_carea' id='block_1_14' title="bbox 397 1383 2069 1465">
    <p class='ocr_par' dir='ltr' id='par_1_14' title="bbox 397 1383 2069 1465">
     <span class='ocr_line' id='line_1_14' title="bbox 397 1383 2069 1465; baseline 0.004 -27"><span class='ocrx_word' id='word_1_103' title='bbox 397 1387 686 1458; x_wconf 78' lang='grc' dir='ltr'>φρονίζειν.</span> <span class='ocrx_word' id='word_1_104' title='bbox 721 1383 868 1458; x_wconf 73' lang='grc' dir='ltr'>Ἀρά</span> <span class='ocrx_word' id='word_1_105' title='bbox 895 1405 958 1456; x_wconf 89' lang='grc' dir='ltr'>γε</span> <span class='ocrx_word' id='word_1_106' title='bbox 1003 1391 1050 1442; x_wconf 88' lang='grc' dir='ltr'>εί</span> <span class='ocrx_word' id='word_1_107' title='bbox 1085 1390 1271 1458; x_wconf 81' lang='grc' dir='ltr'>έλεγόν</span> <span class='ocrx_word' id='word_1_108' title='bbox 1303 1407 1406 1454; x_wconf 91' lang='grc' dir='ltr'>σοι,</span> <span class='ocrx_word' id='word_1_109' title='bbox 1465 1393 1547 1446; x_wconf 86' lang='grc' dir='ltr'>ὅτι</span> <span class='ocrx_word' id='word_1_110' title='bbox 1598 1394 1723 1456; x_wconf 76' lang='grc' dir='ltr'>τοὺς</span> <span class='ocrx_word' id='word_1_111' title='bbox 1765 1393 2002 1462; x_wconf 75' lang='grc' dir='ltr'>βασιλεῖς</span> <span class='ocrx_word' id='word_1_112' title='bbox 2037 1395 2069 1465; x_wconf 85' lang='grc' dir='ltr'>ἢ</span> 
     </span>
    </p>
   </div>
   <div class='ocr_carea' id='block_1_15' title="bbox 395 1475 2070 1551">
    <p class='ocr_par' dir='ltr' id='par_1_15' title="bbox 395 1475 2070 1551">
     <span class='ocr_line' id='line_1_15' title="bbox 395 1475 2070 1551; baseline 0.005 -23"><span class='ocrx_word' id='word_1_113' title='bbox 395 1477 518 1538; x_wconf 74' lang='grc' dir='ltr'>τοὺς</span> <span class='ocrx_word' id='word_1_114' title='bbox 547 1475 806 1539; x_wconf 79' lang='grc' dir='ltr'>δικαστὰς</span> <span class='ocrx_word' id='word_1_115' title='bbox 835 1477 1281 1548; x_wconf 82' lang='grc' dir='ltr'>παρανομοῦντας</span> <span class='ocrx_word' id='word_1_116' title='bbox 1306 1477 1498 1542; x_wconf 75' lang='grc' dir='ltr'>κόλαζε</span> <span class='ocrx_word' id='word_1_117' title='bbox 1517 1481 1610 1532; x_wconf 81' lang='grc' dir='ltr'>καὶ</span> <span class='ocrx_word' id='word_1_118' title='bbox 1630 1480 1862 1551; x_wconf 88' lang='grc' dir='ltr'>διόρθου,</span> <span class='ocrx_word' id='word_1_119' title='bbox 1887 1483 1988 1535; x_wconf 79' lang='grc' dir='ltr'>οὐκ</span> <span class='ocrx_word' id='word_1_120' title='bbox 2005 1483 2070 1536; x_wconf 84' lang='grc' dir='ltr'>ἄν</span> 
     </span>
    </p>
   </div>
   <div class='ocr_carea' id='block_1_16' title="bbox 399 1563 2065 1640">
    <p class='ocr_par' dir='ltr' id='par_1_16' title="bbox 399 1563 2065 1640">
     <span class='ocr_line' id='line_1_16' title="bbox 399 1563 2065 1640; baseline 0.004 -25"><span class='ocrx_word' id='word_1_121' title='bbox 399 1579 466 1632; x_wconf 89' lang='grc' dir='ltr'>με</span> <span class='ocrx_word' id='word_1_122' title='bbox 499 1563 782 1634; x_wconf 88' lang='grc' dir='ltr'>μαίνεσθαι</span> <span class='ocrx_word' id='word_1_123' title='bbox 807 1564 975 1633; x_wconf 82' lang='grc' dir='ltr'>ἐφης;</span> <span class='ocrx_word' id='word_1_124' title='bbox 1007 1566 1198 1618; x_wconf 82' lang='grc' dir='ltr'>Καίτοι</span> <span class='ocrx_word' id='word_1_125' title='bbox 1229 1583 1291 1634; x_wconf 84' lang='grc' dir='ltr'>γε</span> <span class='ocrx_word' id='word_1_126' title='bbox 1329 1568 1582 1637; x_wconf 86' lang='grc' dir='ltr'>Ἰωάννης</span> <span class='ocrx_word' id='word_1_127' title='bbox 1603 1567 1762 1621; x_wconf 85' lang='grc' dir='ltr'>τοῦτο</span> <span class='ocrx_word' id='word_1_128' title='bbox 1781 1571 2032 1640; x_wconf 71' lang='grc' dir='ltr'>ἐποίησεν</span> <span class='ocrx_word' id='word_1_129' title='bbox 2053 1588 2065 1600; x_wconf 91' lang='grc'><strong>·</strong></span> 
     </span>
    </p>
   </div>
   <div class='ocr_carea' id='block_1_17' title="bbox 395 1649 2102 1727">
    <p class='ocr_par' dir='ltr' id='par_1_17' title="bbox 395 1649 2102 1727">
     <span class='ocr_line' id='line_1_17' title="bbox 395 1649 2102 1727; baseline 0.005 -24"><span class='ocrx_word' id='word_1_130' title='bbox 395 1649 567 1714; x_wconf 72' lang='grc' dir='ltr'>οὕτως</span> <span class='ocrx_word' id='word_1_131' title='bbox 584 1651 706 1704; x_wconf 76' lang='grc' dir='ltr'>οὐδὲ</span> <span class='ocrx_word' id='word_1_132' title='bbox 727 1651 884 1704; x_wconf 86' lang='grc' dir='ltr'>τοῦτο</span> <span class='ocrx_word' id='word_1_133' title='bbox 903 1653 1086 1722; x_wconf 75' lang='grc' dir='ltr'>μεῖζον</span> <span class='ocrx_word' id='word_1_134' title='bbox 1113 1654 1408 1724; x_wconf 77' lang='grc' dir='ltr'>ἡμῶν.Νῦν</span> <span class='ocrx_word' id='word_1_135' title='bbox 1423 1655 1478 1708; x_wconf 78' lang='grc' dir='ltr'>δὲ</span> <span class='ocrx_word' id='word_1_136' title='bbox 1508 1656 1611 1708; x_wconf 78' lang='grc' dir='ltr'>κᾶν</span> <span class='ocrx_word' id='word_1_137' title='bbox 1643 1657 1734 1708; x_wconf 87' lang='grc' dir='ltr'>τὸν</span> <span class='ocrx_word' id='word_1_138' title='bbox 1757 1658 2068 1727; x_wconf 78' lang='grc' dir='ltr'>ὁμόδουλον,</span> <span class='ocrx_word' id='word_1_139' title='bbox 2093 1673 2102 1682; x_wconf 93' lang='grc'><strong>·</strong></span> 
     </span>
    </p>
   </div>
   <div class='ocr_carea' id='block_1_18' title="bbox 397 1737 2070 1818">
    <p class='ocr_par' dir='ltr' id='par_1_18' title="bbox 397 1737 2070 1818">
     <span class='ocr_line' id='line_1_18' title="bbox 397 1737 2070 1818; baseline 0.005 -28"><span class='ocrx_word' id='word_1_140' title='bbox 397 1737 498 1791; x_wconf 73' lang='grc' dir='ltr'>κᾶν</span> <span class='ocrx_word' id='word_1_141' title='bbox 513 1739 604 1792; x_wconf 83' lang='grc' dir='ltr'>τὸν</span> <span class='ocrx_word' id='word_1_142' title='bbox 619 1739 880 1810; x_wconf 79' lang='grc' dir='ltr'>ὁμότιμον</span> <span class='ocrx_word' id='word_1_143' title='bbox 896 1741 1206 1813; x_wconf 84' lang='grc' dir='ltr'>διόρθωσον,</span> <span class='ocrx_word' id='word_1_144' title='bbox 1229 1741 1328 1796; x_wconf 80' lang='grc' dir='ltr'>κᾶν</span> <span class='ocrx_word' id='word_1_145' title='bbox 1345 1743 1632 1797; x_wconf 83' lang='grc' dir='ltr'>ἀποθανεῖν</span> <span class='ocrx_word' id='word_1_146' title='bbox 1669 1745 1784 1818; x_wconf 85' lang='grc' dir='ltr'>δέῃ,</span> <span class='ocrx_word' id='word_1_147' title='bbox 1805 1749 2070 1817; x_wconf 77' lang='grc' dir='ltr'>σωφρονί-</span> 
     </span>
    </p>
   </div>
   <div class='ocr_carea' id='block_1_19' title="bbox 396 1827 2062 1904">
    <p class='ocr_par' dir='ltr' id='par_1_19' title="bbox 396 1827 2062 1904">
     <span class='ocr_line' id='line_1_19' title="bbox 396 1827 2062 1904; baseline 0.009 -27"><span class='ocrx_word' id='word_1_148' title='bbox 396 1827 508 1890; x_wconf 78' lang='grc' dir='ltr'>ζειν</span> <span class='ocrx_word' id='word_1_149' title='bbox 521 1827 609 1879; x_wconf 74' lang='grc' dir='ltr'>τὸν</span> <span class='ocrx_word' id='word_1_150' title='bbox 625 1828 850 1896; x_wconf 82' lang='grc' dir='ltr'>ἀδελφὸν</span> <span class='ocrx_word' id='word_1_151' title='bbox 869 1831 942 1900; x_wconf 79' lang='grc' dir='ltr'>μὴ</span> <span class='ocrx_word' id='word_1_152' title='bbox 955 1831 1291 1902; x_wconf 86' lang='grc' dir='ltr'>ἀποκνήσῃς,</span> <span class='ocrx_word' id='word_1_153' title='bbox 1301 1833 1595 1904; x_wconf 87' lang='grc' dir='ltr'>μαρτύριόν</span> <span class='ocrx_word' id='word_1_154' title='bbox 1615 1851 1694 1888; x_wconf 89' lang='grc' dir='ltr'>σοι</span> <span class='ocrx_word' id='word_1_155' title='bbox 1717 1837 1868 1890; x_wconf 85' lang='grc' dir='ltr'>τοῦτό</span> <span class='ocrx_word' id='word_1_156' title='bbox 1886 1841 2032 1892; x_wconf 88' lang='grc' dir='ltr'>ἐστιν</span> <span class='ocrx_word' id='word_1_157' title='bbox 2049 1856 2062 1870; x_wconf 89' lang='grc'>·</span> 
     </span>
    </p>
   </div>
   <div class='ocr_carea' id='block_1_20' title="bbox 395 1915 2068 1989">
    <p class='ocr_par' dir='ltr' id='par_1_20' title="bbox 395 1915 2068 1989">
     <span class='ocr_line' id='line_1_20' title="bbox 395 1915 2068 1989; baseline 0.008 -24"><span class='ocrx_word' id='word_1_158' title='bbox 395 1915 516 1966; x_wconf 75' lang='grc' dir='ltr'>ἐπεὶ</span> <span class='ocrx_word' id='word_1_159' title='bbox 533 1916 626 1967; x_wconf 84' lang='grc' dir='ltr'>καὶ</span> <span class='ocrx_word' id='word_1_160' title='bbox 652 1916 902 1987; x_wconf 79' lang='grc' dir='ltr'>Ἰωάννης</span> <span class='ocrx_word' id='word_1_161' title='bbox 929 1918 1138 1987; x_wconf 82' lang='grc' dir='ltr'>μάρτυς</span> <span class='ocrx_word' id='word_1_162' title='bbox 1158 1916 1246 1989; x_wconf 83' lang='grc' dir='ltr'>ἦν.</span> <span class='ocrx_word' id='word_1_163' title='bbox 1279 1919 1469 1973; x_wconf 83' lang='grc' dir='ltr'><strong>Καίτοι</strong></span> <span class='ocrx_word' id='word_1_164' title='bbox 1496 1937 1560 1989; x_wconf 92' lang='grc' dir='ltr'>γε</span> <span class='ocrx_word' id='word_1_165' title='bbox 1575 1923 1634 1974; x_wconf 90' lang='grc' dir='ltr'>οὑ</span> <span class='ocrx_word' id='word_1_166' title='bbox 1659 1921 1818 1976; x_wconf 85' lang='grc' dir='ltr'>θῦσαι</span> <span class='ocrx_word' id='word_1_167' title='bbox 1849 1925 2068 1978; x_wconf 84' lang='grc' dir='ltr'>ἐκελεύ-</span> 
     </span>
    </p>
   </div>
   <div class='ocr_carea' id='block_1_21' title="bbox 396 2003 2067 2084">
    <p class='ocr_par' dir='ltr' id='par_1_21' title="bbox 396 2003 2067 2084">
     <span class='ocr_line' id='line_1_21' title="bbox 396 2003 2067 2084; baseline 0.009 -29"><span class='ocrx_word' id='word_1_168' title='bbox 396 2003 494 2072; x_wconf 83' lang='grc' dir='ltr'>σθη</span> <span class='ocrx_word' id='word_1_169' title='bbox 507 2042 521 2067; x_wconf 95' lang='grc'>,</span> <span class='ocrx_word' id='word_1_170' title='bbox 537 2004 656 2058; x_wconf 83' lang='grc' dir='ltr'>οὑδέ</span> <span class='ocrx_word' id='word_1_171' title='bbox 670 2009 1038 2078; x_wconf 88' lang='grc' dir='ltr'>προσκυνῆσαι</span> <span class='ocrx_word' id='word_1_172' title='bbox 1052 2009 1286 2074; x_wconf 74' lang='grc' dir='ltr'>εἴδωλον,</span> <span class='ocrx_word' id='word_1_173' title='bbox 1305 2011 1419 2062; x_wconf 79' lang='grc' dir='ltr'>ἀλλ’</span> <span class='ocrx_word' id='word_1_174' title='bbox 1435 2012 1462 2063; x_wconf 93' lang='grc' dir='ltr'>ὑ</span> <span class='ocrx_word' id='word_1_175' title='bbox 1473 2011 1534 2063; x_wconf 83' lang='grc' dir='ltr'>πέ</span> <span class='ocrx_word' id='word_1_176' title='bbox 1543 2029 1572 2082; x_wconf 91' lang='grc' dir='ltr'>ρ</span> <span class='ocrx_word' id='word_1_177' title='bbox 1595 2013 1700 2064; x_wconf 92' lang='grc' dir='ltr'>τῶν</span> <span class='ocrx_word' id='word_1_178' title='bbox 1717 2013 1874 2084; x_wconf 80' lang='grc' dir='ltr'>ἱερῶν</span> <span class='ocrx_word' id='word_1_179' title='bbox 1888 2015 2067 2084; x_wconf 88' lang='grc' dir='ltr'>νόμων</span> 
     </span>
    </p>
   </div>
   <div class='ocr_carea' id='block_1_22' title="bbox 397 2083 2066 2171">
    <p class='ocr_par' dir='ltr' id='par_1_22' title="bbox 397 2083 2066 2171">
     <span class='ocr_line' id='line_1_22' title="bbox 397 2083 2066 2171; baseline 0.007 -27"><span class='ocrx_word' id='word_1_180' title='bbox 397 2083 766 2162; x_wconf 76' lang='grc' dir='ltr'>ὑϐριζομένων</span> <span class='ocrx_word' id='word_1_181' title='bbox 789 2093 886 2165; x_wconf 83' lang='grc' dir='ltr'>τὴν</span> <span class='ocrx_word' id='word_1_182' title='bbox 913 2096 1152 2168; x_wconf 84' lang='grc' dir='ltr'>κεφαλὴν</span> <span class='ocrx_word' id='word_1_183' title='bbox 1183 2097 1416 2150; x_wconf 78' lang='grc' dir='ltr'>ἀπέθετο</span> <span class='ocrx_word' id='word_1_184' title='bbox 1437 2112 1449 2126; x_wconf 79' lang='grc'><strong>⁸</strong></span> <span class='ocrx_word' id='word_1_185' title='bbox 1491 2099 1584 2151; x_wconf 76' lang='grc' dir='ltr'>καὶ</span> <span class='ocrx_word' id='word_1_186' title='bbox 1615 2101 1678 2152; x_wconf 88' lang='grc' dir='ltr'>σὺ</span> <span class='ocrx_word' id='word_1_187' title='bbox 1711 2083 1891 2155; x_wconf 77' lang='grc' dir='ltr'>τοίνυν</span> <span class='ocrx_word' id='word_1_188' title='bbox 1918 2083 2066 2171; x_wconf 83' lang='grc' dir='ltr'>ἀγώ-</span> 
     </span>
    </p>
   </div>
   <div class='ocr_carea' id='block_1_23' title="bbox 393 2181 2069 2262">
    <p class='ocr_par' dir='ltr' id='par_1_23' title="bbox 393 2181 2069 2262">
     <span class='ocr_line' id='line_1_23' title="bbox 393 2181 2069 2262; baseline 0.008 -31"><span class='ocrx_word' id='word_1_189' title='bbox 393 2197 540 2232; x_wconf 90' lang='grc' dir='ltr'>νισαι</span> <span class='ocrx_word' id='word_1_190' title='bbox 597 2181 758 2251; x_wconf 90' lang='grc' dir='ltr'>μέχρι</span> <span class='ocrx_word' id='word_1_191' title='bbox 804 2183 1034 2237; x_wconf 87' lang='grc' dir='ltr'>θανάτου</span> <span class='ocrx_word' id='word_1_192' title='bbox 1083 2185 1221 2258; x_wconf 84' lang='grc' dir='ltr'>ὑπὲρ</span> <span class='ocrx_word' id='word_1_193' title='bbox 1269 2187 1368 2256; x_wconf 88' lang='grc' dir='ltr'>τῆς</span> <span class='ocrx_word' id='word_1_194' title='bbox 1417 2187 1693 2258; x_wconf 79' lang='grc' dir='ltr'>ἀληθείας,</span> <span class='ocrx_word' id='word_1_195' title='bbox 1729 2191 1820 2243; x_wconf 78' lang='grc' dir='ltr'>καὶ</span> <span class='ocrx_word' id='word_1_196' title='bbox 1865 2190 2069 2262; x_wconf 87' lang='grc' dir='ltr'>Κύριος</span> 
     </span>
    </p>
   </div>
   <div class='ocr_carea' id='block_1_24' title="bbox 395 2271 2070 2350">
    <p class='ocr_par' dir='ltr' id='par_1_24' title="bbox 395 2271 2070 2350">
     <span class='ocr_line' id='line_1_24' title="bbox 395 2271 2070 2350; baseline 0.007 -28"><span class='ocrx_word' id='word_1_197' title='bbox 395 2271 694 2341; x_wconf 84' lang='grc' dir='ltr'><strong>πολεμήσει</strong></span> <span class='ocrx_word' id='word_1_198' title='bbox 724 2273 863 2344; x_wconf 78' lang='grc' dir='ltr'>ὑπὲρ</span> <span class='ocrx_word' id='word_1_199' title='bbox 899 2271 1014 2326; x_wconf 89' lang='grc' dir='ltr'>σοῦ.</span> <span class='ocrx_word' id='word_1_200' title='bbox 1057 2275 1168 2328; x_wconf 81' lang='grc' dir='ltr'>Καὶ</span> <span class='ocrx_word' id='word_1_201' title='bbox 1203 2277 1274 2346; x_wconf 90' lang='grc' dir='ltr'>μή</span> <span class='ocrx_word' id='word_1_202' title='bbox 1309 2293 1398 2346; x_wconf 91' lang='grc' dir='ltr'>μοι</span> <span class='ocrx_word' id='word_1_203' title='bbox 1429 2276 1552 2346; x_wconf 90' lang='grc' dir='ltr'>λέγε</span> <span class='ocrx_word' id='word_1_204' title='bbox 1591 2278 1650 2330; x_wconf 77' lang='grc' dir='ltr'>τὸ</span> <span class='ocrx_word' id='word_1_205' title='bbox 1685 2279 1889 2350; x_wconf 79' lang='grc' dir='ltr'>ψυχρὸν</span> <span class='ocrx_word' id='word_1_206' title='bbox 1913 2279 2070 2334; x_wconf 83' lang='grc' dir='ltr'>τοῦτο</span> 
     </span>
    </p>
   </div>
   <div class='ocr_carea' id='block_1_25' title="bbox 398 2357 2065 2437">
    <p class='ocr_par' dir='ltr' id='par_1_25' title="bbox 398 2357 2065 2437">
     <span class='ocr_line' id='line_1_25' title="bbox 398 2357 2065 2437; baseline 0.006 -26"><span class='ocrx_word' id='word_1_207' title='bbox 398 2357 572 2427; x_wconf 77' lang='grc' dir='ltr'>ῥῆμα,</span> <span class='ocrx_word' id='word_1_208' title='bbox 609 2357 679 2410; x_wconf 93' lang='grc' dir='ltr'>Τί</span> <span class='ocrx_word' id='word_1_209' title='bbox 725 2359 782 2412; x_wconf 90' lang='grc' dir='ltr'>δέ</span> <span class='ocrx_word' id='word_1_210' title='bbox 816 2377 907 2431; x_wconf 90' lang='grc' dir='ltr'>μοι</span> <span class='ocrx_word' id='word_1_211' title='bbox 939 2360 1126 2430; x_wconf 87' lang='grc' dir='ltr'>μέλει;</span> <span class='ocrx_word' id='word_1_212' title='bbox 1181 2362 1332 2416; x_wconf 82' lang='grc' dir='ltr'>οὐδὲν</span> <span class='ocrx_word' id='word_1_213' title='bbox 1361 2365 1536 2416; x_wconf 85' lang='grc' dir='ltr'>κοινὸν</span> <span class='ocrx_word' id='word_1_214' title='bbox 1585 2365 1692 2436; x_wconf 78' lang='grc' dir='ltr'>ἔχω</span> <span class='ocrx_word' id='word_1_215' title='bbox 1725 2367 1860 2437; x_wconf 77' lang='grc' dir='ltr'>πρὸς</span> <span class='ocrx_word' id='word_1_216' title='bbox 1885 2368 2065 2422; x_wconf 85' lang='grc' dir='ltr'>αὐτόν.</span> 
     </span>
    </p>
   </div>
   <div class='ocr_carea' id='block_1_26' title="bbox 397 2445 2070 2524">
    <p class='ocr_par' dir='ltr' id='par_1_26' title="bbox 397 2445 2070 2524">
     <span class='ocr_line' id='line_1_26' title="bbox 397 2445 2070 2524; baseline 0.007 -28"><span class='ocrx_word' id='word_1_217' title='bbox 397 2445 540 2516; x_wconf 85' lang='grc' dir='ltr'>Πρός</span> <span class='ocrx_word' id='word_1_218' title='bbox 567 2447 658 2500; x_wconf 82' lang='grc' dir='ltr'>τὸν</span> <span class='ocrx_word' id='word_1_219' title='bbox 699 2447 942 2500; x_wconf 84' lang='grc' dir='ltr'>διάϐολον</span> <span class='ocrx_word' id='word_1_220' title='bbox 970 2449 1122 2502; x_wconf 81' lang='grc' dir='ltr'>οὐδὲν</span> <span class='ocrx_word' id='word_1_221' title='bbox 1153 2449 1347 2520; x_wconf 79' lang='grc' dir='ltr'>ἔχομεν</span> <span class='ocrx_word' id='word_1_222' title='bbox 1392 2452 1569 2504; x_wconf 81' lang='grc' dir='ltr'>κοινὸν</span> <span class='ocrx_word' id='word_1_223' title='bbox 1611 2453 1792 2522; x_wconf 91' lang='grc' dir='ltr'>μόνον,</span> <span class='ocrx_word' id='word_1_224' title='bbox 1834 2455 1970 2524; x_wconf 80' lang='grc' dir='ltr'>πρὸς</span> <span class='ocrx_word' id='word_1_225' title='bbox 2013 2456 2070 2508; x_wconf 89' lang='grc' dir='ltr'>δὲ</span> 
     </span>
    </p>
   </div>
   <div class='ocr_carea' id='block_1_27' title="bbox 394 2534 2070 2614">
    <p class='ocr_par' dir='ltr' id='par_1_27' title="bbox 394 2534 2070 2614">
     <span class='ocr_line' id='line_1_27' title="bbox 394 2534 2070 2614; baseline 0.007 -30"><span class='ocrx_word' id='word_1_226' title='bbox 394 2534 524 2596; x_wconf 81' lang='grc' dir='ltr'>τοὺς</span> <span class='ocrx_word' id='word_1_227' title='bbox 553 2534 873 2605; x_wconf 83' lang='grc' dir='ltr'>ἀνθρώπους</span> <span class='ocrx_word' id='word_1_228' title='bbox 903 2537 1148 2600; x_wconf 76' lang='grc' dir='ltr'>ἅπαντας</span> <span class='ocrx_word' id='word_1_229' title='bbox 1179 2537 1348 2590; x_wconf 83' lang='grc' dir='ltr'>πολλὰ</span> <span class='ocrx_word' id='word_1_230' title='bbox 1384 2537 1578 2609; x_wconf 77' lang='grc' dir='ltr'>ἔχομεν</span> <span class='ocrx_word' id='word_1_231' title='bbox 1617 2541 1790 2594; x_wconf 87' lang='grc' dir='ltr'>κοινά.</span> <span class='ocrx_word' id='word_1_232' title='bbox 1829 2542 1939 2612; x_wconf 87' lang='grc' dir='ltr'>Τῆς</span> <span class='ocrx_word' id='word_1_233' title='bbox 1961 2542 2070 2614; x_wconf 75' lang='grc' dir='ltr'>γάρ</span> 
     </span>
    </p>
   </div>
   <div class='ocr_carea' id='block_1_28' title="bbox 397 2619 2072 2700">
    <p class='ocr_par' dir='ltr' id='par_1_28' title="bbox 397 2619 2072 2700">
     <span class='ocr_line' id='line_1_28' title="bbox 397 2619 2072 2700; baseline 0.007 -28"><span class='ocrx_word' id='word_1_234' title='bbox 397 2619 615 2688; x_wconf 84' lang='grc' dir='ltr'>φύσεως</span> <span class='ocrx_word' id='word_1_235' title='bbox 643 2624 776 2692; x_wconf 79' lang='grc' dir='ltr'>ἡμῖν</span> <span class='ocrx_word' id='word_1_236' title='bbox 806 2623 908 2692; x_wconf 85' lang='grc' dir='ltr'>τῆς</span> <span class='ocrx_word' id='word_1_237' title='bbox 959 2625 1130 2694; x_wconf 74' lang='grc' dir='ltr'>αὐτῆς</span> <span class='ocrx_word' id='word_1_238' title='bbox 1179 2625 1486 2694; x_wconf 82' lang='grc' dir='ltr'>μετέχουσι,</span> <span class='ocrx_word' id='word_1_239' title='bbox 1518 2626 1615 2696; x_wconf 83' lang='grc' dir='ltr'>τὴν</span> <span class='ocrx_word' id='word_1_240' title='bbox 1655 2628 1823 2698; x_wconf 79' lang='grc' dir='ltr'>αὐτὴν</span> <span class='ocrx_word' id='word_1_241' title='bbox 1853 2631 1956 2700; x_wconf 83' lang='grc' dir='ltr'>γῆν</span> <span class='ocrx_word' id='word_1_242' title='bbox 1992 2633 2072 2684; x_wconf 82' lang='grc' dir='ltr'>οἰ-</span> 
     </span>
    </p>
   </div>
   <div class='ocr_carea' id='block_1_29' title="bbox 397 2708 2072 2785">
    <p class='ocr_par' dir='ltr' id='par_1_29' title="bbox 397 2708 2072 2785">
     <span class='ocr_line' id='line_1_29' title="bbox 397 2708 2072 2785; baseline 0.007 -24"><span class='ocrx_word' id='word_1_243' title='bbox 397 2708 578 2774; x_wconf 86' lang='grc' dir='ltr'>κοῦσι,</span> <span class='ocrx_word' id='word_1_244' title='bbox 618 2712 713 2764; x_wconf 79' lang='grc' dir='ltr'>καὶ</span> <span class='ocrx_word' id='word_1_245' title='bbox 748 2715 868 2776; x_wconf 87' lang='grc' dir='ltr'>ταῖς</span> <span class='ocrx_word' id='word_1_246' title='bbox 919 2714 1110 2775; x_wconf 85' lang='grc' dir='ltr'>αὑταῖς</span> <span class='ocrx_word' id='word_1_247' title='bbox 1145 2713 1436 2784; x_wconf 84' lang='grc' dir='ltr'>τρέφονται</span> <span class='ocrx_word' id='word_1_248' title='bbox 1475 2718 1720 2785; x_wconf 78' lang='grc' dir='ltr'>τροφαῖς,</span> <span class='ocrx_word' id='word_1_249' title='bbox 1766 2717 1856 2769; x_wconf 86' lang='grc' dir='ltr'>τὸν</span> <span class='ocrx_word' id='word_1_250' title='bbox 1911 2720 2072 2774; x_wconf 79' lang='grc' dir='ltr'>αὑτὸν</span> 
     </span>
    </p>
   </div>
   <div class='ocr_carea' id='block_1_30' title="bbox 395 2798 2070 2875">
    <p class='ocr_par' dir='ltr' id='par_1_30' title="bbox 395 2798 2070 2875">
     <span class='ocr_line' id='line_1_30' title="bbox 395 2798 2070 2875; baseline 0.007 -24"><span class='ocrx_word' id='word_1_251' title='bbox 395 2798 580 2868; x_wconf 76' lang='grc' dir='ltr'>ἔχουσι</span> <span class='ocrx_word' id='word_1_252' title='bbox 610 2802 910 2873; x_wconf 89' lang='grc' dir='ltr'>Δεσπότην,</span> <span class='ocrx_word' id='word_1_253' title='bbox 947 2803 1074 2865; x_wconf 81' lang='grc' dir='ltr'>τοὺς</span> <span class='ocrx_word' id='word_1_254' title='bbox 1109 2803 1308 2866; x_wconf 79' lang='grc' dir='ltr'>αὐτοὺς</span> <span class='ocrx_word' id='word_1_255' title='bbox 1347 2803 1596 2868; x_wconf 83' lang='grc' dir='ltr'>ἐδέξαντο</span> <span class='ocrx_word' id='word_1_256' title='bbox 1629 2806 1848 2875; x_wconf 90' lang='grc' dir='ltr'>νόμους,</span> <span class='ocrx_word' id='word_1_257' title='bbox 1889 2809 1980 2860; x_wconf 80' lang='grc' dir='ltr'>ἐπὶ</span> <span class='ocrx_word' id='word_1_258' title='bbox 2004 2810 2070 2863; x_wconf 81' lang='grc' dir='ltr'>τὰ</span> 
     </span>
    </p>
   </div>
   <div class='ocr_carea' id='block_1_31' title="bbox 397 2891 2070 2968">
    <p class='ocr_par' dir='ltr' id='par_1_31' title="bbox 397 2891 2070 2968">
     <span class='ocr_line' id='line_1_31' title="bbox 397 2891 2070 2968; baseline 0.004 -22"><span class='ocrx_word' id='word_1_259' title='bbox 397 2891 538 2946; x_wconf 84' lang='grc' dir='ltr'>αὑτά</span> <span class='ocrx_word' id='word_1_260' title='bbox 577 2894 712 2962; x_wconf 84' lang='grc' dir='ltr'>ἡμῖν</span> <span class='ocrx_word' id='word_1_261' title='bbox 747 2892 1192 2964; x_wconf 76' lang='grc' dir='ltr'>παρακαλοῦνται</span> <span class='ocrx_word' id='word_1_262' title='bbox 1241 2893 1442 2960; x_wconf 85' lang='grc' dir='ltr'>ἀγαθά.</span> <span class='ocrx_word' id='word_1_263' title='bbox 1478 2893 1568 2964; x_wconf 79' lang='grc' dir='ltr'>Μὴ</span> <span class='ocrx_word' id='word_1_264' title='bbox 1596 2894 1775 2948; x_wconf 84' lang='grc' dir='ltr'>τοίνυν</span> <span class='ocrx_word' id='word_1_265' title='bbox 1821 2895 2070 2968; x_wconf 83' lang='grc' dir='ltr'>λέγωμεν</span> 
     </span>
    </p>
   </div>
   <div class='ocr_carea' id='block_1_32' title="bbox 397 2979 2068 3058">
    <p class='ocr_par' dir='ltr' id='par_1_32' title="bbox 397 2979 2068 3058">
     <span class='ocr_line' id='line_1_32' title="bbox 397 2979 2068 3058; baseline 0.006 -28"><span class='ocrx_word' id='word_1_266' title='bbox 397 2979 473 3041; x_wconf 86' lang='grc' dir='ltr'>ὼς</span> <span class='ocrx_word' id='word_1_267' title='bbox 499 2980 651 3034; x_wconf 81' lang='grc' dir='ltr'><strong>οὐδὲν</strong></span> <span class='ocrx_word' id='word_1_268' title='bbox 693 2982 822 3051; x_wconf 82' lang='grc' dir='ltr'>ἡμῖν</span> <span class='ocrx_word' id='word_1_269' title='bbox 855 2981 1034 3034; x_wconf 85' lang='grc' dir='ltr'>κοινὸν</span> <span class='ocrx_word' id='word_1_270' title='bbox 1069 2982 1205 3052; x_wconf 76' lang='grc' dir='ltr'>πρὸς</span> <span class='ocrx_word' id='word_1_271' title='bbox 1241 2981 1436 3046; x_wconf 82' lang='grc' dir='ltr'>αὐτούς</span> <span class='ocrx_word' id='word_1_272' title='bbox 1457 2999 1470 3013; x_wconf 81' lang='lat'><strong><em>°</em></strong></span> <span class='ocrx_word' id='word_1_273' title='bbox 1509 2984 1772 3054; x_wconf 84' lang='grc' dir='ltr'>σατανικὴ</span> <span class='ocrx_word' id='word_1_274' title='bbox 1799 2985 1908 3057; x_wconf 80' lang='grc' dir='ltr'>γὰρ</span> <span class='ocrx_word' id='word_1_275' title='bbox 1931 2986 2068 3058; x_wconf 73' lang='grc' dir='ltr'>αὕτη</span> 
     </span>
    </p>
   </div>
   <div class='ocr_carea' id='block_1_33' title="bbox 396 3067 2070 3142">
    <p class='ocr_par' dir='ltr' id='par_1_33' title="bbox 396 3067 2070 3142">
     <span class='ocr_line' id='line_1_33' title="bbox 396 3067 2070 3142; baseline 0.004 -23"><span class='ocrx_word' id='word_1_276' title='bbox 396 3067 431 3136; x_wconf 82' lang='grc' dir='ltr'>ἡ</span> <span class='ocrx_word' id='word_1_277' title='bbox 478 3067 649 3139; x_wconf 76' lang='grc' dir='ltr'>φωνὴ,</span> <span class='ocrx_word' id='word_1_278' title='bbox 688 3068 966 3139; x_wconf 86' lang='grc' dir='ltr'>διαϐολικὴ</span> <span class='ocrx_word' id='word_1_279' title='bbox 1003 3070 1036 3140; x_wconf 85' lang='grc' dir='ltr'>ὴ</span> <span class='ocrx_word' id='word_1_280' title='bbox 1088 3069 1485 3142; x_wconf 87' lang='grc' dir='ltr'>ἀπανθρωπία·</span> <span class='ocrx_word' id='word_1_281' title='bbox 1547 3071 1622 3142; x_wconf 82' lang='grc' dir='ltr'>μὴ</span> <span class='ocrx_word' id='word_1_282' title='bbox 1677 3070 1855 3126; x_wconf 79' lang='grc' dir='ltr'>τοίνυν</span> <span class='ocrx_word' id='word_1_283' title='bbox 1901 3072 2070 3126; x_wconf 85' lang='grc' dir='ltr'>ταῦτα</span> 
     </span>
    </p>
   </div>
   <div class='ocr_carea' id='block_1_34' title="bbox 2180 339 3848 417">
    <p class='ocr_par' dir='ltr' id='par_1_34' title="bbox 2180 339 3848 417">
     <span class='ocr_line' id='line_1_34' title="bbox 2180 339 3848 417; baseline 0.006 -26"><span class='ocrx_word' id='word_1_284' title='bbox 2180 339 2462 410; x_wconf 89' lang='grc' dir='ltr'>λέγωμεν,</span> <span class='ocrx_word' id='word_1_285' title='bbox 2525 339 2660 394; x_wconf 89' lang='grc' dir='ltr'>ἀλλά</span> <span class='ocrx_word' id='word_1_286' title='bbox 2709 340 2809 412; x_wconf 82' lang='grc' dir='ltr'>τήν</span> <span class='ocrx_word' id='word_1_287' title='bbox 2863 342 3180 414; x_wconf 86' lang='grc' dir='ltr'>πρέπουσαν</span> <span class='ocrx_word' id='word_1_288' title='bbox 3233 344 3478 414; x_wconf 74' lang='grc' dir='ltr'>ἀδελφοῖς</span> <span class='ocrx_word' id='word_1_289' title='bbox 3529 345 3848 417; x_wconf 80' lang='grc' dir='ltr'>κηδεμονίαν</span> 
     </span>
    </p>
   </div>
   <div class='ocr_carea' id='block_1_35' title="bbox 2183 426 3850 505">
    <p class='ocr_par' dir='ltr' id='par_1_35' title="bbox 2183 426 3850 505">
     <span class='ocr_line' id='line_1_35' title="bbox 2183 426 3850 505; baseline 0.005 -26"><span class='ocrx_word' id='word_1_290' title='bbox 2183 426 2600 498; x_wconf 83' lang='grc' dir='ltr'>ἐπιδειξώμεθα.</span> <span class='ocrx_word' id='word_1_291' title='bbox 2646 427 2786 497; x_wconf 86' lang='grc' dir='ltr'>Ἐγὼ</span> <span class='ocrx_word' id='word_1_292' title='bbox 2809 429 2865 482; x_wconf 89' lang='grc' dir='ltr'>δέ</span> <span class='ocrx_word' id='word_1_293' title='bbox 2896 429 3056 484; x_wconf 89' lang='grc' dir='ltr'>τοῦτο</span> <span class='ocrx_word' id='word_1_294' title='bbox 3093 429 3231 502; x_wconf 84' lang='grc' dir='ltr'>μετά</span> <span class='ocrx_word' id='word_1_295' title='bbox 3271 433 3454 502; x_wconf 82' lang='grc' dir='ltr'>πάσης</span> <span class='ocrx_word' id='word_1_296' title='bbox 3484 433 3850 505; x_wconf 84' lang='grc' dir='ltr'>ὑπισχνοῦμαι</span> 
     </span>
    </p>
   </div>
   <div class='ocr_carea' id='block_1_36' title="bbox 2179 514 3851 593">
    <p class='ocr_par' dir='ltr' id='par_1_36' title="bbox 2179 514 3851 593">
     <span class='ocr_line' id='line_1_36' title="bbox 2179 514 3851 593; baseline 0.007 -28"><span class='ocrx_word' id='word_1_297' title='bbox 2179 514 2484 585; x_wconf 89' lang='grc' dir='ltr'>ἀκριϐείας,</span> <span class='ocrx_word' id='word_1_298' title='bbox 2529 519 2624 570; x_wconf 76' lang='grc' dir='ltr'>καὶ</span> <span class='ocrx_word' id='word_1_299' title='bbox 2659 517 2945 588; x_wconf 73' lang='grc' dir='ltr'>ἐγγυῶμαι</span> <span class='ocrx_word' id='word_1_300' title='bbox 2975 520 3142 573; x_wconf 77' lang='grc' dir='ltr'>πᾶσιν</span> <span class='ocrx_word' id='word_1_301' title='bbox 3169 521 3316 590; x_wconf 87' lang='grc' dir='ltr'>ὑμῖν,</span> <span class='ocrx_word' id='word_1_302' title='bbox 3349 521 3433 574; x_wconf 82' lang='grc' dir='ltr'>ὅτι</span> <span class='ocrx_word' id='word_1_303' title='bbox 3465 524 3513 574; x_wconf 91' lang='grc' dir='ltr'>εἰ</span> <span class='ocrx_word' id='word_1_304' title='bbox 3539 523 3698 586; x_wconf 82' lang='grc' dir='ltr'>ὑμεῖς</span> <span class='ocrx_word' id='word_1_305' title='bbox 3729 523 3851 593; x_wconf 85' lang='grc' dir='ltr'>βου-</span> 
     </span>
    </p>
   </div>
   <div class='ocr_carea' id='block_1_37' title="bbox 2179 601 3848 682">
    <p class='ocr_par' dir='ltr' id='par_1_37' title="bbox 2179 601 3848 682">
     <span class='ocr_line' id='line_1_37' title="bbox 2179 601 3848 682; baseline 0.006 -29"><span class='ocrx_word' id='word_1_306' title='bbox 2179 601 2430 672; x_wconf 84' lang='grc' dir='ltr'>ληθείητε</span> <span class='ocrx_word' id='word_1_307' title='bbox 2463 603 2663 667; x_wconf 84' lang='grc' dir='ltr'>πάντες</span> <span class='ocrx_word' id='word_1_308' title='bbox 2692 607 2741 656; x_wconf 90' lang='grc' dir='ltr'>οἰ</span> <span class='ocrx_word' id='word_1_309' title='bbox 2781 606 3046 676; x_wconf 84' lang='grc' dir='ltr'>παρόντες</span> <span class='ocrx_word' id='word_1_310' title='bbox 3080 606 3313 660; x_wconf 87' lang='grc' dir='ltr'>ἐνταῦθα</span> <span class='ocrx_word' id='word_1_311' title='bbox 3352 609 3730 678; x_wconf 84' lang='grc' dir='ltr'>διανείμασθαι</span> <span class='ocrx_word' id='word_1_312' title='bbox 3755 611 3848 682; x_wconf 85' lang='grc' dir='ltr'>τὴν</span> 
     </span>
    </p>
   </div>
   <div class='ocr_carea' id='block_1_38' title="bbox 2180 690 3850 766">
    <p class='ocr_par' dir='ltr' id='par_1_38' title="bbox 2180 690 3850 766">
     <span class='ocr_line' id='line_1_38' title="bbox 2180 690 3850 766; baseline 0.008 -26"><span class='ocrx_word' id='word_1_313' title='bbox 2180 690 2456 760; x_wconf 86' lang='grc' dir='ltr'>σωτηρίαν</span> <span class='ocrx_word' id='word_1_314' title='bbox 2483 691 2592 744; x_wconf 89' lang='grc' dir='ltr'>τῶν</span> <span class='ocrx_word' id='word_1_315' title='bbox 2622 691 2720 761; x_wconf 81' lang='grc' dir='ltr'>τὴν</span> <span class='ocrx_word' id='word_1_316' title='bbox 2749 693 2904 745; x_wconf 89' lang='grc' dir='ltr'>πόλιν</span> <span class='ocrx_word' id='word_1_317' title='bbox 2925 693 3238 759; x_wconf 82' lang='grc' dir='ltr'>οἰκούντων,</span> <span class='ocrx_word' id='word_1_318' title='bbox 3271 695 3481 765; x_wconf 84' lang='grc' dir='ltr'>ταχέως</span> <span class='ocrx_word' id='word_1_319' title='bbox 3506 699 3636 766; x_wconf 77' lang='grc' dir='ltr'>ἡμῖν</span> <span class='ocrx_word' id='word_1_320' title='bbox 3663 697 3850 753; x_wconf 75' lang='grc' dir='ltr'>ἅπασα</span> 
     </span>
    </p>
   </div>
   <div class='ocr_carea' id='block_1_39' title="bbox 2177 774 3850 853">
    <p class='ocr_par' dir='ltr' id='par_1_39' title="bbox 2177 774 3850 853">
     <span class='ocr_line' id='line_1_39' title="bbox 2177 774 3850 853; baseline 0.005 -25"><span class='ocrx_word' id='word_1_321' title='bbox 2177 774 2504 847; x_wconf 88' lang='grc' dir='ltr'>διορθοῦται.</span> <span class='ocrx_word' id='word_1_322' title='bbox 2537 778 2730 832; x_wconf 87' lang='grc' dir='ltr'>Καίτοι</span> <span class='ocrx_word' id='word_1_323' title='bbox 2757 795 2822 846; x_wconf 92' lang='grc' dir='ltr'>γε</span> <span class='ocrx_word' id='word_1_324' title='bbox 2859 779 2920 830; x_wconf 77' lang='grc' dir='ltr'>τὸ</span> <span class='ocrx_word' id='word_1_325' title='bbox 2967 780 3248 849; x_wconf 85' lang='grc' dir='ltr'>ἐλάχιστον</span> <span class='ocrx_word' id='word_1_326' title='bbox 3287 781 3450 853; x_wconf 86' lang='grc' dir='ltr'>μέρος</span> <span class='ocrx_word' id='word_1_327' title='bbox 3493 784 3592 852; x_wconf 88' lang='grc' dir='ltr'>τῆς</span> <span class='ocrx_word' id='word_1_328' title='bbox 3645 785 3850 850; x_wconf 87' lang='grc' dir='ltr'>πόλεως</span> 
     </span>
    </p>
   </div>
   <div class='ocr_carea' id='block_1_40' title="bbox 2179 864 3852 942">
    <p class='ocr_par' dir='ltr' id='par_1_40' title="bbox 2179 864 3852 942">
     <span class='ocr_line' id='line_1_40' title="bbox 2179 864 3852 942; baseline 0.007 -27"><span class='ocrx_word' id='word_1_329' title='bbox 2179 864 2416 917; x_wconf 84' lang='grc' dir='ltr'>ἐνταῦθά</span> <span class='ocrx_word' id='word_1_330' title='bbox 2445 867 2615 928; x_wconf 84' lang='grc' dir='ltr'>ἐστιν,</span> <span class='ocrx_word' id='word_1_331' title='bbox 2663 867 2945 937; x_wconf 84' lang='grc' dir='ltr'>ἐλάχιστον</span> <span class='ocrx_word' id='word_1_332' title='bbox 2977 869 3121 921; x_wconf 87' lang='grc' dir='ltr'>κατά</span> <span class='ocrx_word' id='word_1_333' title='bbox 3153 869 3214 921; x_wconf 82' lang='grc' dir='ltr'>τὸ</span> <span class='ocrx_word' id='word_1_334' title='bbox 3237 869 3460 940; x_wconf 81' lang='grc' dir='ltr'>πλῆθος,</span> <span class='ocrx_word' id='word_1_335' title='bbox 3501 870 3560 924; x_wconf 85' lang='grc' dir='ltr'>τὸ</span> <span class='ocrx_word' id='word_1_336' title='bbox 3599 872 3656 924; x_wconf 82' lang='grc' dir='ltr'>δὲ</span> <span class='ocrx_word' id='word_1_337' title='bbox 3683 874 3852 942; x_wconf 78' lang='grc' dir='ltr'>κεφά·</span> 
     </span>
    </p>
   </div>
   <div class='ocr_carea' id='block_1_41' title="bbox 2178 953 3850 1032">
    <p class='ocr_par' dir='ltr' id='par_1_41' title="bbox 2178 953 3850 1032">
     <span class='ocr_line' id='line_1_41' title="bbox 2178 953 3850 1032; baseline 0.007 -28"><span class='ocrx_word' id='word_1_338' title='bbox 2178 953 2327 1006; x_wconf 90' lang='grc' dir='ltr'>λαιον</span> <span class='ocrx_word' id='word_1_339' title='bbox 2367 953 2510 1006; x_wconf 87' lang='grc' dir='ltr'>κατά</span> <span class='ocrx_word' id='word_1_340' title='bbox 2561 955 2659 1025; x_wconf 86' lang='grc' dir='ltr'>τὴν</span> <span class='ocrx_word' id='word_1_341' title='bbox 2711 955 3014 1010; x_wconf 72' lang='grc' dir='ltr'>εὐσέϐειαν.</span> <span class='ocrx_word' id='word_1_342' title='bbox 3068 957 3487 1028; x_wconf 87' lang='grc' dir='ltr'>Διανειμώμεθα</span> <span class='ocrx_word' id='word_1_343' title='bbox 3531 959 3712 1014; x_wconf 84' lang='grc' dir='ltr'>τοίνυν</span> <span class='ocrx_word' id='word_1_344' title='bbox 3753 962 3850 1032; x_wconf 78' lang='grc' dir='ltr'>τήν</span> 
     </span>
    </p>
   </div>
   <div class='ocr_carea' id='block_1_42' title="bbox 2179 1040 3852 1120">
    <p class='ocr_par' dir='ltr' id='par_1_42' title="bbox 2179 1040 3852 1120">
     <span class='ocr_line' id='line_1_42' title="bbox 2179 1040 3852 1120; baseline 0.004 -26"><span class='ocrx_word' id='word_1_345' title='bbox 2179 1041 2287 1096; x_wconf 89' lang='grc' dir='ltr'>τῶν</span> <span class='ocrx_word' id='word_1_346' title='bbox 2313 1042 2562 1112; x_wconf 76' lang='grc' dir='ltr'>ἀδελφῶν</span> <span class='ocrx_word' id='word_1_347' title='bbox 2584 1043 2743 1114; x_wconf 88' lang='grc' dir='ltr'>ήμῶν</span> <span class='ocrx_word' id='word_1_348' title='bbox 2773 1045 3046 1115; x_wconf 85' lang='grc' dir='ltr'>σωτηρίαν</span> <span class='ocrx_word' id='word_1_349' title='bbox 3063 1061 3076 1074; x_wconf 79' lang='grc' dir='ltr'>ο</span> <span class='ocrx_word' id='word_1_350' title='bbox 3105 1045 3268 1114; x_wconf 84' lang='grc' dir='ltr'>ἀρκεῖ</span> <span class='ocrx_word' id='word_1_351' title='bbox 3291 1040 3372 1108; x_wconf 75' lang='grc' dir='ltr'>εἷς</span> <span class='ocrx_word' id='word_1_352' title='bbox 3397 1045 3681 1117; x_wconf 83' lang='grc' dir='ltr'>ἄνθρωπος</span> <span class='ocrx_word' id='word_1_353' title='bbox 3707 1047 3852 1120; x_wconf 79' lang='grc' dir='ltr'>ζήλῳ</span> 
     </span>
    </p>
   </div>
   <div class='ocr_carea' id='block_1_43' title="bbox 2177 1131 3851 1204">
    <p class='ocr_par' dir='ltr' id='par_1_43' title="bbox 2177 1131 3851 1204">
     <span class='ocr_line' id='line_1_43' title="bbox 2177 1131 3851 1204; baseline 0.005 -24"><span class='ocrx_word' id='word_1_354' title='bbox 2177 1131 2574 1200; x_wconf 79' lang='grc' dir='ltr'>πεπυρωμένος</span> <span class='ocrx_word' id='word_1_355' title='bbox 2603 1131 2893 1202; x_wconf 85' lang='grc' dir='ltr'>ὁλόκληρον</span> <span class='ocrx_word' id='word_1_356' title='bbox 2941 1131 3336 1204; x_wconf 82' lang='grc' dir='ltr'>διορθώσασθαι</span> <span class='ocrx_word' id='word_1_357' title='bbox 3367 1133 3558 1203; x_wconf 88' lang='grc' dir='ltr'>δῆμον.</span> <span class='ocrx_word' id='word_1_358' title='bbox 3597 1135 3766 1188; x_wconf 84' lang='grc' dir='ltr'>Ὅταν</span> <span class='ocrx_word' id='word_1_359' title='bbox 3795 1137 3851 1190; x_wconf 67' lang='grc' dir='ltr'>δὲ</span> 
     </span>
    </p>
   </div>
   <div class='ocr_carea' id='block_1_44' title="bbox 2180 1211 3850 1291">
    <p class='ocr_par' dir='ltr' id='par_1_44' title="bbox 2180 1211 3850 1291">
     <span class='ocr_line' id='line_1_44' title="bbox 2180 1211 3850 1291; baseline 0.004 -24"><span class='ocrx_word' id='word_1_360' title='bbox 2180 1216 2253 1287; x_wconf 82' lang='grc' dir='ltr'>μὴ</span> <span class='ocrx_word' id='word_1_361' title='bbox 2291 1211 2389 1280; x_wconf 78' lang='grc' dir='ltr'>εἷς,</span> <span class='ocrx_word' id='word_1_362' title='bbox 2427 1217 2561 1286; x_wconf 81' lang='grc' dir='ltr'>μηδὲ</span> <span class='ocrx_word' id='word_1_363' title='bbox 2591 1217 2684 1270; x_wconf 89' lang='grc' dir='ltr'>δύο</span> <span class='ocrx_word' id='word_1_364' title='bbox 2713 1218 2806 1270; x_wconf 76' lang='grc' dir='ltr'>καὶ</span> <span class='ocrx_word' id='word_1_365' title='bbox 2835 1221 3004 1288; x_wconf 87' lang='grc' dir='ltr'>τρεῖς,</span> <span class='ocrx_word' id='word_1_366' title='bbox 3051 1218 3186 1271; x_wconf 85' lang='grc' dir='ltr'>ἀλλά</span> <span class='ocrx_word' id='word_1_367' title='bbox 3213 1219 3464 1272; x_wconf 87' lang='grc' dir='ltr'>τοσοῦτον</span> <span class='ocrx_word' id='word_1_368' title='bbox 3559 1220 3620 1274; x_wconf 79' lang='grc' dir='ltr'>τὸ</span> <span class='ocrx_word' id='word_1_369' title='bbox 3645 1221 3850 1291; x_wconf 85' lang='grc' dir='ltr'>πλῆθος</span> 
     </span>
    </p>
   </div>
   <div class='ocr_carea' id='block_1_45' title="bbox 2174 1301 3842 1376">
    <p class='ocr_par' dir='ltr' id='par_1_45' title="bbox 2174 1301 3842 1376">
     <span class='ocr_line' id='line_1_45' title="bbox 2174 1301 3842 1376; baseline 0.005 -24"><span class='ocrx_word' id='word_1_370' title='bbox 2174 1301 2235 1354; x_wconf 85' lang='grc' dir='ltr'>τὸ</span> <span class='ocrx_word' id='word_1_371' title='bbox 2279 1302 2570 1372; x_wconf 81' lang='grc' dir='ltr'>δυνάμενον</span> <span class='ocrx_word' id='word_1_372' title='bbox 2587 1304 2685 1373; x_wconf 86' lang='grc' dir='ltr'>τῆς</span> <span class='ocrx_word' id='word_1_373' title='bbox 2715 1303 2822 1356; x_wconf 90' lang='grc' dir='ltr'>τῶν</span> <span class='ocrx_word' id='word_1_374' title='bbox 2853 1304 3211 1375; x_wconf 75' lang='grc' dir='ltr'>ἠμελημένων</span> <span class='ocrx_word' id='word_1_375' title='bbox 3249 1305 3561 1375; x_wconf 77' lang='grc' dir='ltr'>ἐπιμελείας</span> <span class='ocrx_word' id='word_1_376' title='bbox 3589 1306 3842 1376; x_wconf 71' lang='grc' dir='ltr'>ἅψασθαι,</span> 
     </span>
    </p>
   </div>
   <div class='ocr_carea' id='block_1_46' title="bbox 2174 1387 3844 1466">
    <p class='ocr_par' dir='ltr' id='par_1_46' title="bbox 2174 1387 3844 1466">
     <span class='ocr_line' id='line_1_46' title="bbox 2174 1387 3844 1466; baseline 0.005 -26"><span class='ocrx_word' id='word_1_377' title='bbox 2174 1389 2472 1459; x_wconf 82' lang='grc' dir='ltr'>οὐδαμόθεν</span> <span class='ocrx_word' id='word_1_378' title='bbox 2499 1391 2785 1460; x_wconf 75' lang='grc' dir='ltr'>ἑτέρωθεν,</span> <span class='ocrx_word' id='word_1_379' title='bbox 2810 1392 2946 1444; x_wconf 86' lang='grc' dir='ltr'>ἀλλά</span> <span class='ocrx_word' id='word_1_380' title='bbox 2968 1387 3118 1464; x_wconf 77' lang='grc' dir='ltr'>παρά</span> <span class='ocrx_word' id='word_1_381' title='bbox 3139 1393 3236 1464; x_wconf 80' lang='grc' dir='ltr'>τὴν</span> <span class='ocrx_word' id='word_1_382' title='bbox 3257 1393 3532 1465; x_wconf 86' lang='grc' dir='ltr'>ἡμετέραν</span> <span class='ocrx_word' id='word_1_383' title='bbox 3551 1395 3686 1466; x_wconf 73' lang='grc' dir='ltr'>ῥαθυ</span> <span class='ocrx_word' id='word_1_384' title='bbox 3695 1397 3844 1465; x_wconf 89' lang='grc' dir='ltr'>μίαν,</span> 
     </span>
    </p>
   </div>
   <div class='ocr_carea' id='block_1_47' title="bbox 2176 1475 3843 1547">
    <p class='ocr_par' dir='ltr' id='par_1_47' title="bbox 2176 1475 3843 1547">
     <span class='ocr_line' id='line_1_47' title="bbox 2176 1475 3843 1547; baseline 0.004 -20"><span class='ocrx_word' id='word_1_385' title='bbox 2176 1475 2268 1528; x_wconf 73' lang='grc' dir='ltr'>καὶ</span> <span class='ocrx_word' id='word_1_386' title='bbox 2317 1477 2377 1528; x_wconf 86' lang='grc' dir='ltr'>οὑ</span> <span class='ocrx_word' id='word_1_387' title='bbox 2411 1477 2562 1547; x_wconf 84' lang='grc' dir='ltr'>παρά</span> <span class='ocrx_word' id='word_1_388' title='bbox 2599 1477 2698 1547; x_wconf 83' lang='grc' dir='ltr'>τὴν</span> <span class='ocrx_word' id='word_1_389' title='bbox 2727 1478 3012 1532; x_wconf 86' lang='grc' dir='ltr'>ἀσθένειαν</span> <span class='ocrx_word' id='word_1_390' title='bbox 3039 1482 3088 1532; x_wconf 85' lang='grc' dir='ltr'>οί</span> <span class='ocrx_word' id='word_1_391' title='bbox 3135 1480 3354 1544; x_wconf 83' lang='grc' dir='ltr'>πλείους</span> <span class='ocrx_word' id='word_1_392' title='bbox 3387 1481 3715 1536; x_wconf 82' lang='grc' dir='ltr'>ἀπόλλυνται</span> <span class='ocrx_word' id='word_1_393' title='bbox 3745 1483 3843 1538; x_wconf 76' lang='grc' dir='ltr'>καὶ</span> 
     </span>
    </p>
   </div>
   <div class='ocr_carea' id='block_1_48' title="bbox 2174 1561 3851 1640">
    <p class='ocr_par' dir='ltr' id='par_1_48' title="bbox 2174 1561 3851 1640">
     <span class='ocr_line' id='line_1_48' title="bbox 2174 1561 3851 1640; baseline 0.004 -25"><span class='ocrx_word' id='word_1_394' title='bbox 2174 1561 2598 1618; x_wconf 85' lang='grc' dir='ltr'>καταπίπτουσι.</span> <span class='ocrx_word' id='word_1_395' title='bbox 2635 1563 2756 1628; x_wconf 84' lang='grc' dir='ltr'>Πῶς</span> <span class='ocrx_word' id='word_1_396' title='bbox 2787 1565 2896 1637; x_wconf 82' lang='grc' dir='ltr'>γάρ</span> <span class='ocrx_word' id='word_1_397' title='bbox 2918 1567 3018 1618; x_wconf 89' lang='grc' dir='ltr'>οὑκ</span> <span class='ocrx_word' id='word_1_398' title='bbox 3043 1567 3262 1630; x_wconf 82' lang='grc' dir='ltr'>ἄτοπον,</span> <span class='ocrx_word' id='word_1_399' title='bbox 3297 1569 3344 1619; x_wconf 89' lang='grc' dir='ltr'>εί</span> <span class='ocrx_word' id='word_1_400' title='bbox 3385 1569 3480 1637; x_wconf 79' lang='grc' dir='ltr'>μὲν</span> <span class='ocrx_word' id='word_1_401' title='bbox 3514 1567 3693 1640; x_wconf 83' lang='grc' dir='ltr'>μάχην</span> <span class='ocrx_word' id='word_1_402' title='bbox 3724 1570 3851 1622; x_wconf 77' lang='grc' dir='ltr'>ἴδοι-</span> 
     </span>
    </p>
   </div>
   <div class='ocr_carea' id='block_1_49' title="bbox 2181 1650 3850 1725">
    <p class='ocr_par' dir='ltr' id='par_1_49' title="bbox 2181 1650 3850 1725">
     <span class='ocr_line' id='line_1_49' title="bbox 2181 1650 3850 1725; baseline 0.006 -25"><span class='ocrx_word' id='word_1_403' title='bbox 2181 1666 2278 1719; x_wconf 89' lang='grc' dir='ltr'>μεν</span> <span class='ocrx_word' id='word_1_404' title='bbox 2309 1650 2401 1701; x_wconf 79' lang='grc' dir='ltr'>ἐπὶ</span> <span class='ocrx_word' id='word_1_405' title='bbox 2431 1651 2526 1720; x_wconf 89' lang='grc' dir='ltr'>τῆς</span> <span class='ocrx_word' id='word_1_406' title='bbox 2565 1653 2791 1724; x_wconf 78' lang='grc' dir='ltr'>ἀγορᾶς,</span> <span class='ocrx_word' id='word_1_407' title='bbox 2839 1655 3139 1725; x_wconf 81' lang='grc' dir='ltr'>προσιέναι,</span> <span class='ocrx_word' id='word_1_408' title='bbox 3177 1655 3271 1708; x_wconf 83' lang='grc' dir='ltr'>καὶ</span> <span class='ocrx_word' id='word_1_409' title='bbox 3309 1655 3696 1710; x_wconf 85' lang='grc' dir='ltr'>καταλλάττειν</span> <span class='ocrx_word' id='word_1_410' title='bbox 3723 1659 3850 1720; x_wconf 76' lang='grc' dir='ltr'>τοὺς</span> 
     </span>
    </p>
   </div>
   <div class='ocr_carea' id='block_1_50' title="bbox 2181 1735 3849 1814">
    <p class='ocr_par' dir='ltr' id='par_1_50' title="bbox 2181 1735 3849 1814">
     <span class='ocr_line' id='line_1_50' title="bbox 2181 1735 3849 1814; baseline 0.005 -27"><span class='ocrx_word' id='word_1_411' title='bbox 2181 1735 2520 1806; x_wconf 82' lang='grc' dir='ltr'>μαχομένους</span> <span class='ocrx_word' id='word_1_412' title='bbox 2538 1751 2552 1764; x_wconf 92' lang='grc'><strong>·</strong></span> <span class='ocrx_word' id='word_1_413' title='bbox 2589 1738 2642 1790; x_wconf 89' lang='grc' dir='ltr'>τί</span> <span class='ocrx_word' id='word_1_414' title='bbox 2671 1739 2726 1791; x_wconf 83' lang='grc' dir='ltr'>δέ</span> <span class='ocrx_word' id='word_1_415' title='bbox 2750 1739 2892 1807; x_wconf 90' lang='grc' dir='ltr'>λέγω</span> <span class='ocrx_word' id='word_1_416' title='bbox 2925 1739 3136 1810; x_wconf 86' lang='grc' dir='ltr'>μάχην;</span> <span class='ocrx_word' id='word_1_417' title='bbox 3170 1743 3216 1793; x_wconf 88' lang='grc' dir='ltr'>εἰ</span> <span class='ocrx_word' id='word_1_418' title='bbox 3245 1742 3625 1794; x_wconf 85' lang='grc' dir='ltr'>καταπεσόντα</span> <span class='ocrx_word' id='word_1_419' title='bbox 3649 1742 3849 1814; x_wconf 82' lang='grc' dir='ltr'>ἴδωμεν</span> 
     </span>
    </p>
   </div>
   <div class='ocr_carea' id='block_1_51' title="bbox 2181 1823 3844 1898">
    <p class='ocr_par' dir='ltr' id='par_1_51' title="bbox 2181 1823 3844 1898">
     <span class='ocr_line' id='line_1_51' title="bbox 2181 1823 3844 1898; baseline 0.005 -24"><span class='ocrx_word' id='word_1_420' title='bbox 2181 1823 2324 1886; x_wconf 80' lang='grc' dir='ltr'>ὄνον,</span> <span class='ocrx_word' id='word_1_421' title='bbox 2359 1823 2560 1888; x_wconf 89' lang='grc' dir='ltr'>πάντες</span> <span class='ocrx_word' id='word_1_422' title='bbox 2587 1827 2745 1896; x_wconf 83' lang='grc' dir='ltr'>χεῖρα</span> <span class='ocrx_word' id='word_1_423' title='bbox 2771 1826 2982 1896; x_wconf 78' lang='grc' dir='ltr'>ὀρέγειν</span> <span class='ocrx_word' id='word_1_424' title='bbox 3009 1827 3100 1879; x_wconf 74' lang='grc' dir='ltr'>καὶ</span> <span class='ocrx_word' id='word_1_425' title='bbox 3125 1828 3496 1896; x_wconf 84' lang='grc' dir='ltr'>συνδιανιστᾷν</span> <span class='ocrx_word' id='word_1_426' title='bbox 3521 1827 3844 1898; x_wconf 84' lang='grc' dir='ltr'>σπεύδομεν·</span> 
     </span>
    </p>
   </div>
   <div class='ocr_carea' id='block_1_52' title="bbox 2163 1909 3848 1986">
    <p class='ocr_par' dir='ltr' id='par_1_52' title="bbox 2163 1909 3848 1986">
     <span class='ocr_line' id='line_1_52' title="bbox 2163 1909 3848 1986; baseline 0.005 -25"><span class='ocrx_word' id='word_1_427' title='bbox 2163 1909 2272 1962; x_wconf 86' lang='grc' dir='ltr'>τῶν</span> <span class='ocrx_word' id='word_1_428' title='bbox 2285 1910 2340 1963; x_wconf 81' lang='grc' dir='ltr'>δὲ</span> <span class='ocrx_word' id='word_1_429' title='bbox 2361 1911 2601 1980; x_wconf 79' lang='grc' dir='ltr'>ἀδελφῶν</span> <span class='ocrx_word' id='word_1_430' title='bbox 2625 1913 3006 1983; x_wconf 81' lang='grc' dir='ltr'>ἀπολλυμένων</span> <span class='ocrx_word' id='word_1_431' title='bbox 3021 1914 3240 1985; x_wconf 85' lang='grc' dir='ltr'>ἀμελεῖν</span> <span class='ocrx_word' id='word_1_432' title='bbox 3257 1931 3271 1980; x_wconf 88' lang='grc'>;</span> <span class='ocrx_word' id='word_1_433' title='bbox 3293 1915 3450 1976; x_wconf 90' lang='grc' dir='ltr'>Ὅνος</span> <span class='ocrx_word' id='word_1_434' title='bbox 3469 1914 3618 1966; x_wconf 77' lang='grc' dir='ltr'>ἐστὶν</span> <span class='ocrx_word' id='word_1_435' title='bbox 3635 1917 3662 1968; x_wconf 82' lang='grc' dir='ltr'><strong><em>ὁ</em></strong></span> <span class='ocrx_word' id='word_1_436' title='bbox 3683 1915 3848 1986; x_wconf 83' lang='grc' dir='ltr'>βλάσ-</span> 
     </span>
    </p>
   </div>
   <div class='ocr_carea' id='block_1_53' title="bbox 2171 1999 3848 2076">
    <p class='ocr_par' dir='ltr' id='par_1_53' title="bbox 2171 1999 3848 2076">
     <span class='ocr_line' id='line_1_53' title="bbox 2171 1999 3848 2076; baseline -0.004 -23"><span class='ocrx_word' id='word_1_437' title='bbox 2171 2015 2370 2067; x_wconf 84' lang='grc' dir='ltr'>φημος,</span> <span class='ocrx_word' id='word_1_438' title='bbox 2394 2001 2488 2052; x_wconf 79' lang='grc' dir='ltr'>καὶ</span> <span class='ocrx_word' id='word_1_439' title='bbox 2516 1999 2687 2069; x_wconf 88' lang='grc' dir='ltr'>θυμοῦ</span> <span class='ocrx_word' id='word_1_440' title='bbox 2725 2002 2942 2071; x_wconf 88' lang='grc' dir='ltr'>φορτίον</span> <span class='ocrx_word' id='word_1_441' title='bbox 2959 2003 3058 2055; x_wconf 87' lang='grc' dir='ltr'>οὑκ</span> <span class='ocrx_word' id='word_1_442' title='bbox 3087 2001 3341 2072; x_wconf 86' lang='grc' dir='ltr'>ἐνεγκὼν,</span> <span class='ocrx_word' id='word_1_443' title='bbox 3355 2002 3656 2055; x_wconf 74' lang='grc' dir='ltr'>κατέπεσε·</span> <span class='ocrx_word' id='word_1_444' title='bbox 3677 2005 3848 2076; x_wconf 74' lang='grc' dir='ltr'>πρόσ-</span> 
     </span>
    </p>
   </div>
   <div class='ocr_carea' id='block_1_54' title="bbox 2166 2083 3846 2162">
    <p class='ocr_par' dir='ltr' id='par_1_54' title="bbox 2166 2083 3846 2162">
     <span class='ocr_line' id='line_1_54' title="bbox 2166 2083 3846 2162; baseline 0.005 -25"><span class='ocrx_word' id='word_1_445' title='bbox 2166 2083 2307 2151; x_wconf 87' lang='grc' dir='ltr'>ελθε,</span> <span class='ocrx_word' id='word_1_446' title='bbox 2342 2085 2432 2138; x_wconf 77' lang='grc' dir='ltr'>καὶ</span> <span class='ocrx_word' id='word_1_447' title='bbox 2459 2085 2812 2157; x_wconf 86' lang='grc' dir='ltr'>διανάστησον</span> <span class='ocrx_word' id='word_1_448' title='bbox 2827 2087 2922 2140; x_wconf 65' lang='grc' dir='ltr'>καὶ</span> <span class='ocrx_word' id='word_1_449' title='bbox 2937 2087 3023 2140; x_wconf 80' lang='grc' dir='ltr'>διὰ</span> <span class='ocrx_word' id='word_1_450' title='bbox 3044 2091 3326 2162; x_wconf 70' lang='grc' dir='ltr'>ῥημάτων,</span> <span class='ocrx_word' id='word_1_451' title='bbox 3348 2092 3440 2145; x_wconf 70' lang='grc' dir='ltr'>καὶ</span> <span class='ocrx_word' id='word_1_452' title='bbox 3470 2090 3556 2144; x_wconf 85' lang='grc' dir='ltr'>διὰ</span> <span class='ocrx_word' id='word_1_453' title='bbox 3581 2093 3846 2162; x_wconf 78' lang='grc' dir='ltr'>πραγμάο</span> 
     </span>
    </p>
   </div>
   <div class='ocr_carea' id='block_1_55' title="bbox 2177 2161 3847 2239">
    <p class='ocr_par' dir='ltr' id='par_1_55' title="bbox 2177 2161 3847 2239">
     <span class='ocr_line' id='line_1_55' title="bbox 2177 2161 3847 2239; baseline 0.007 -25"><span class='ocrx_word' id='word_1_454' title='bbox 2177 2179 2306 2226; x_wconf 90' lang='grc' dir='ltr'>των,</span> <span class='ocrx_word' id='word_1_455' title='bbox 2329 2164 2811 2226; x_wconf 74' lang='grc' dir='ltr'>καὶδι’ἐπιεικείας</span> <span class='ocrx_word' id='word_1_456' title='bbox 2831 2166 2922 2215; x_wconf 73' lang='grc' dir='ltr'>καὶ</span> <span class='ocrx_word' id='word_1_457' title='bbox 2937 2161 3290 2234; x_wconf 62' lang='grc' dir='ltr'>σφοδροτητος</span> <span class='ocrx_word' id='word_1_458' title='bbox 3309 2173 3397 2236; x_wconf 58' lang='grc' dir='ltr'>ιτυ</span> <span class='ocrx_word' id='word_1_459' title='bbox 3409 2169 3420 2239; x_wconf 86' lang='lat'><strong>]</strong></span> <span class='ocrx_word' id='word_1_460' title='bbox 3443 2161 3683 2224; x_wconf 60' lang='grc' dir='ltr'>ποικίλον</span> <span class='ocrx_word' id='word_1_461' title='bbox 3711 2161 3847 2226; x_wconf 74' lang='grc' dir='ltr'>ἔστω</span> 
     </span>
    </p>
   </div>
   <div class='ocr_carea' id='block_1_56' title="bbox 2176 2248 3848 2327">
    <p class='ocr_par' dir='ltr' id='par_1_56' title="bbox 2176 2248 3848 2327">
     <span class='ocr_line' id='line_1_56' title="bbox 2176 2248 3848 2327; baseline 0.005 -24"><span class='ocrx_word' id='word_1_462' title='bbox 2176 2251 2237 2304; x_wconf 79' lang='grc' dir='ltr'>τὸ</span> <span class='ocrx_word' id='word_1_463' title='bbox 2254 2250 2564 2321; x_wconf 83' lang='grc' dir='ltr'>φάρμακον.</span> <span class='ocrx_word' id='word_1_464' title='bbox 2589 2249 2684 2302; x_wconf 81' lang='grc' dir='ltr'>Ἂν</span> <span class='ocrx_word' id='word_1_465' title='bbox 2707 2248 2852 2303; x_wconf 79' lang='grc' dir='ltr'>οὑτω</span> <span class='ocrx_word' id='word_1_466' title='bbox 2867 2249 2932 2302; x_wconf 81' lang='grc' dir='ltr'>τά</span> <span class='ocrx_word' id='word_1_467' title='bbox 2951 2250 3072 2301; x_wconf 89' lang='grc' dir='ltr'>καθ’</span> <span class='ocrx_word' id='word_1_468' title='bbox 3097 2251 3322 2314; x_wconf 72' lang='grc' dir='ltr'>ἑαυτοὺς</span> <span class='ocrx_word' id='word_1_469' title='bbox 3337 2257 3730 2327; x_wconf 83' lang='grc' dir='ltr'>οἱκονομῶμεν,</span> <span class='ocrx_word' id='word_1_470' title='bbox 3751 2260 3848 2312; x_wconf 77' lang='grc' dir='ltr'>καὶ</span> 
     </span>
    </p>
   </div>
   <div class='ocr_carea' id='block_1_57' title="bbox 2175 2333 3848 2411">
    <p class='ocr_par' dir='ltr' id='par_1_57' title="bbox 2175 2333 3848 2411">
     <span class='ocr_line' id='line_1_57' title="bbox 2175 2333 3848 2411; baseline 0.005 -24"><span class='ocrx_word' id='word_1_471' title='bbox 2175 2335 2274 2405; x_wconf 88' lang='grc' dir='ltr'>τῆς</span> <span class='ocrx_word' id='word_1_472' title='bbox 2293 2335 2398 2388; x_wconf 90' lang='grc' dir='ltr'>τῶν</span> <span class='ocrx_word' id='word_1_473' title='bbox 2419 2333 2641 2402; x_wconf 87' lang='grc' dir='ltr'>πλησίον</span> <span class='ocrx_word' id='word_1_474' title='bbox 2658 2333 3182 2405; x_wconf 85' lang='grc' dir='ltr'>ἀντιλαμϐανώμεθα</span> <span class='ocrx_word' id='word_1_475' title='bbox 3205 2339 3494 2409; x_wconf 81' lang='grc' dir='ltr'>σωτηρίας,</span> <span class='ocrx_word' id='word_1_476' title='bbox 3521 2341 3730 2411; x_wconf 77' lang='grc' dir='ltr'>ταχέως</span> <span class='ocrx_word' id='word_1_477' title='bbox 3747 2345 3848 2396; x_wconf 88' lang='grc' dir='ltr'>κά-</span> 
     </span>
    </p>
   </div>
   <div class='ocr_carea' id='block_1_58' title="bbox 2177 2421 3846 2493">
    <p class='ocr_par' dir='ltr' id='par_1_58' title="bbox 2177 2421 3846 2493">
     <span class='ocr_line' id='line_1_58' title="bbox 2177 2421 3846 2493; baseline 0.004 -19"><span class='ocrx_word' id='word_1_478' title='bbox 2177 2421 2374 2484; x_wconf 87' lang='grc' dir='ltr'>κείνοις</span> <span class='ocrx_word' id='word_1_479' title='bbox 2401 2421 2583 2484; x_wconf 88' lang='grc' dir='ltr'>αὑτοῖς</span> <span class='ocrx_word' id='word_1_480' title='bbox 2611 2424 2722 2484; x_wconf 85' lang='grc' dir='ltr'>τοῖς</span> <span class='ocrx_word' id='word_1_481' title='bbox 2749 2425 2847 2493; x_wconf 89' lang='grc' dir='ltr'>τῆς</span> <span class='ocrx_word' id='word_1_482' title='bbox 2875 2423 3210 2493; x_wconf 82' lang='grc' dir='ltr'>διορθώσεως</span> <span class='ocrx_word' id='word_1_483' title='bbox 3239 2425 3568 2480; x_wconf 84' lang='grc' dir='ltr'>ἀπολαύουσι</span> <span class='ocrx_word' id='word_1_484' title='bbox 3599 2429 3846 2481; x_wconf 78' lang='grc' dir='ltr'>ποθεινοὶ</span> 
     </span>
    </p>
   </div>
   <div class='ocr_carea' id='block_1_59' title="bbox 2173 2509 3843 2586">
    <p class='ocr_par' dir='ltr' id='par_1_59' title="bbox 2173 2509 3843 2586">
     <span class='ocr_line' id='line_1_59' title="bbox 2173 2509 3843 2586; baseline 0.006 -27"><span class='ocrx_word' id='word_1_485' title='bbox 2173 2509 2408 2578; x_wconf 77' lang='grc' dir='ltr'>ἐσόμεθα</span> <span class='ocrx_word' id='word_1_486' title='bbox 2444 2511 2533 2561; x_wconf 85' lang='grc' dir='ltr'>καί</span> <span class='ocrx_word' id='word_1_487' title='bbox 2567 2509 2878 2580; x_wconf 83' lang='grc' dir='ltr'>ἐπέραστοι·</span> <span class='ocrx_word' id='word_1_488' title='bbox 2898 2525 2924 2552; x_wconf 71' lang='grc' dir='ltr'>ι</span> <span class='ocrx_word' id='word_1_489' title='bbox 2949 2511 3312 2569; x_wconf 81' lang='grc' dir='ltr'>καὶόπάντων</span> <span class='ocrx_word' id='word_1_490' title='bbox 3341 2517 3456 2568; x_wconf 75' lang='grc' dir='ltr'>ἐστὶ</span> <span class='ocrx_word' id='word_1_491' title='bbox 3489 2517 3694 2586; x_wconf 79' lang='grc' dir='ltr'>μεῖζον,</span> <span class='ocrx_word' id='word_1_492' title='bbox 3727 2517 3843 2569; x_wconf 81' lang='grc' dir='ltr'>τῶν</span> 
     </span>
    </p>
   </div>
   <div class='ocr_carea' id='block_1_60' title="bbox 2174 2597 3846 2674">
    <p class='ocr_par' dir='ltr' id='par_1_60' title="bbox 2174 2597 3846 2674">
     <span class='ocr_line' id='line_1_60' title="bbox 2174 2597 3846 2674; baseline 0.008 -26"><span class='ocrx_word' id='word_1_493' title='bbox 2174 2598 2549 2668; x_wconf 83' lang='grc' dir='ltr'>ἀποκειμένων</span> <span class='ocrx_word' id='word_1_494' title='bbox 2581 2599 2958 2670; x_wconf 86' lang='grc' dir='ltr'>ἀπολαύσομεν</span> <span class='ocrx_word' id='word_1_495' title='bbox 2989 2602 3230 2670; x_wconf 86' lang='grc' dir='ltr'>ἀγαθῶν,</span> <span class='ocrx_word' id='word_1_496' title='bbox 3272 2597 3347 2658; x_wconf 81' lang='grc' dir='ltr'>ὧν</span> <span class='ocrx_word' id='word_1_497' title='bbox 3377 2607 3585 2674; x_wconf 81' lang='grc' dir='ltr'>γένοιτο</span> <span class='ocrx_word' id='word_1_498' title='bbox 3629 2607 3846 2671; x_wconf 86' lang='grc' dir='ltr'>πάντας</span> 
     </span>
    </p>
   </div>
   <div class='ocr_carea' id='block_1_61' title="bbox 2173 2685 3846 2766">
    <p class='ocr_par' dir='ltr' id='par_1_61' title="bbox 2173 2685 3846 2766">
     <span class='ocr_line' id='line_1_61' title="bbox 2173 2685 3846 2766; baseline 0.007 -31"><span class='ocrx_word' id='word_1_499' title='bbox 2173 2686 2318 2753; x_wconf 78' lang='grc' dir='ltr'>ἡμᾶς</span> <span class='ocrx_word' id='word_1_500' title='bbox 2333 2685 2624 2755; x_wconf 83' lang='grc' dir='ltr'>ἐπιτυχεῖν,</span> <span class='ocrx_word' id='word_1_501' title='bbox 2649 2689 2827 2758; x_wconf 85' lang='grc' dir='ltr'>χάριτι</span> <span class='ocrx_word' id='word_1_502' title='bbox 2843 2690 2934 2741; x_wconf 82' lang='grc' dir='ltr'>καὶ</span> <span class='ocrx_word' id='word_1_503' title='bbox 2953 2691 3143 2760; x_wconf 83' lang='grc' dir='ltr'>φιλανθ</span> <span class='ocrx_word' id='word_1_504' title='bbox 3151 2694 3333 2764; x_wconf 76' lang='grc' dir='ltr'>ρωπίᾳ</span> <span class='ocrx_word' id='word_1_505' title='bbox 3350 2694 3441 2746; x_wconf 86' lang='grc' dir='ltr'>τοῦ</span> <span class='ocrx_word' id='word_1_506' title='bbox 3465 2697 3542 2747; x_wconf 90' lang='grc' dir='ltr'>Κυ</span> <span class='ocrx_word' id='word_1_507' title='bbox 3552 2695 3665 2766; x_wconf 90' lang='grc' dir='ltr'>ρίου</span> <span class='ocrx_word' id='word_1_508' title='bbox 3683 2697 3714 2765; x_wconf 87' lang='grc' dir='ltr'><strong>ἠ</strong></span> <span class='ocrx_word' id='word_1_509' title='bbox 3723 2697 3846 2764; x_wconf 81' lang='grc' dir='ltr'>μῶν</span> 
     </span>
    </p>
   </div>
   <div class='ocr_carea' id='block_1_62' title="bbox 2185 2771 3846 2852">
    <p class='ocr_par' dir='ltr' id='par_1_62' title="bbox 2185 2771 3846 2852">
     <span class='ocr_line' id='line_1_62' title="bbox 2185 2771 3846 2852; baseline 0.008 -31"><span class='ocrx_word' id='word_1_510' title='bbox 2185 2771 2358 2840; x_wconf 80' lang='grc' dir='ltr'>Ἰησοῦ</span> <span class='ocrx_word' id='word_1_511' title='bbox 2404 2773 2664 2843; x_wconf 83' lang='grc' dir='ltr'>Χριστοῦ,</span> <span class='ocrx_word' id='word_1_512' title='bbox 2712 2775 2778 2827; x_wconf 84' lang='grc' dir='ltr'>δι’</span> <span class='ocrx_word' id='word_1_513' title='bbox 2825 2771 2887 2830; x_wconf 79' lang='grc' dir='ltr'>οὑ</span> <span class='ocrx_word' id='word_1_514' title='bbox 2931 2778 3027 2831; x_wconf 82' lang='grc' dir='ltr'>καί</span> <span class='ocrx_word' id='word_1_515' title='bbox 3061 2780 3177 2849; x_wconf 83' lang='grc' dir='ltr'>μεθ’</span> <span class='ocrx_word' id='word_1_516' title='bbox 3209 2773 3270 2832; x_wconf 80' lang='grc' dir='ltr'>οῦ</span> <span class='ocrx_word' id='word_1_517' title='bbox 3299 2780 3377 2850; x_wconf 83' lang='grc' dir='ltr'>τῷ</span> <span class='ocrx_word' id='word_1_518' title='bbox 3417 2783 3587 2852; x_wconf 82' lang='grc' dir='ltr'>Πατρί</span> <span class='ocrx_word' id='word_1_519' title='bbox 3625 2781 3740 2850; x_wconf 73' lang='grc' dir='ltr'>ἅμα</span> <span class='ocrx_word' id='word_1_520' title='bbox 3763 2783 3846 2851; x_wconf 81' lang='grc' dir='ltr'>τῷ</span> 
     </span>
    </p>
   </div>
   <div class='ocr_carea' id='block_1_63' title="bbox 2171 2857 3842 2937">
    <p class='ocr_par' dir='ltr' id='par_1_63' title="bbox 2171 2857 3842 2937">
     <span class='ocr_line' id='line_1_63' title="bbox 2171 2857 3842 2937; baseline 0.007 -29"><span class='ocrx_word' id='word_1_521' title='bbox 2171 2857 2310 2928; x_wconf 83' lang='grc' dir='ltr'>ἁγίῳ</span> <span class='ocrx_word' id='word_1_522' title='bbox 2339 2859 2616 2926; x_wconf 86' lang='grc' dir='ltr'>Πνεύματι</span> <span class='ocrx_word' id='word_1_523' title='bbox 2635 2861 2781 2928; x_wconf 82' lang='grc' dir='ltr'>δόξα,</span> <span class='ocrx_word' id='word_1_524' title='bbox 2825 2864 3045 2936; x_wconf 87' lang='grc' dir='ltr'>κράτος,</span> <span class='ocrx_word' id='word_1_525' title='bbox 3072 2865 3227 2937; x_wconf 81' lang='grc' dir='ltr'>τιμὴ,</span> <span class='ocrx_word' id='word_1_526' title='bbox 3263 2867 3355 2920; x_wconf 87' lang='grc' dir='ltr'>νῦν</span> <span class='ocrx_word' id='word_1_527' title='bbox 3384 2869 3474 2921; x_wconf 81' lang='grc' dir='ltr'>καὶ</span> <span class='ocrx_word' id='word_1_528' title='bbox 3505 2870 3610 2929; x_wconf 79' lang='grc' dir='ltr'>ἀεὶ,</span> <span class='ocrx_word' id='word_1_529' title='bbox 3639 2885 3732 2920; x_wconf 86' lang='grc' dir='ltr'>και</span> <span class='ocrx_word' id='word_1_530' title='bbox 3759 2871 3842 2932; x_wconf 85' lang='grc' dir='ltr'>εἰς</span> 
     </span>
    </p>
   </div>
   <div class='ocr_carea' id='block_1_64' title="bbox 2167 2945 3149 3022">
    <p class='ocr_par' dir='ltr' id='par_1_64' title="bbox 2167 2945 3149 3022">
     <span class='ocr_line' id='line_1_64' title="bbox 2167 2945 3149 3022; baseline 0.011 -27"><span class='ocrx_word' id='word_1_531' title='bbox 2167 2945 2294 3008; x_wconf 79' lang='grc' dir='ltr'>τοὺς</span> <span class='ocrx_word' id='word_1_532' title='bbox 2323 2945 2520 3012; x_wconf 85' lang='grc' dir='ltr'>αἰῶνας</span> <span class='ocrx_word' id='word_1_533' title='bbox 2547 2948 2654 3002; x_wconf 89' lang='grc' dir='ltr'>τῶν</span> <span class='ocrx_word' id='word_1_534' title='bbox 2685 2949 2914 3004; x_wconf 83' lang='grc' dir='ltr'>αἰώνων.</span> <span class='ocrx_word' id='word_1_535' title='bbox 2960 2953 3149 3022; x_wconf 89' lang='grc' dir='ltr'>Ἀμήν.</span> 
     </span>
    </p>
   </div>
   <div class='ocr_carea' id='block_1_65' title="bbox 2235 3033 3850 3100">
    <p class='ocr_par' dir='ltr' id='par_1_65' title="bbox 2235 3033 3850 3100">
     <span class='ocr_line' id='line_1_65' title="bbox 2235 3033 3850 3100; baseline -0.002 -14"><span class='ocrx_word' id='word_1_536' title='bbox 2235 3039 2410 3100; x_wconf 64' lang='lat' dir='ltr'>“_H.:t&#39;c</span> <span class='ocrx_word' id='word_1_537' title='bbox 2449 3039 2530 3084; x_wconf 85' lang='grc' dir='ltr'>καὶ</span> <span class='ocrx_word' id='word_1_538' title='bbox 2555 3037 2811 3100; x_wconf 78' lang='grc' dir='ltr'>ἐπέραστοι</span> <span class='ocrx_word' id='word_1_539' title='bbox 2836 3041 3035 3100; x_wconf 12' lang='grc' dir='ltr'>γιίιιευυι</span> <span class='ocrx_word' id='word_1_540' title='bbox 3079 3037 3130 3086; x_wconf 83' lang='lat' dir='ltr'>in</span> <span class='ocrx_word' id='word_1_541' title='bbox 3173 3037 3368 3098; x_wconf 74' lang='lat' dir='ltr'>Mor-eL,</span> <span class='ocrx_word' id='word_1_542' title='bbox 3407 3037 3494 3086; x_wconf 88' lang='lat' dir='ltr'>sed</span> <span class='ocrx_word' id='word_1_543' title='bbox 3527 3035 3776 3086; x_wconf 76' lang='lat' dir='ltr'>habentur</span> <span class='ocrx_word' id='word_1_544' title='bbox 3797 3033 3850 3083; x_wconf 83' lang='lat' dir='ltr'>in</span> 
     </span>
    </p>
   </div>
   <div class='ocr_carea' id='block_1_66' title="bbox 2173 3097 3002 3160">
    <p class='ocr_par' dir='ltr' id='par_1_66' title="bbox 2173 3097 3002 3160">
     <span class='ocr_line' id='line_1_66' title="bbox 2173 3097 3002 3160; baseline 0.002 -14"><span class='ocrx_word' id='word_1_545' title='bbox 2173 3097 2325 3147; x_wconf 77' lang='lat' dir='ltr'>Savil.</span> <span class='ocrx_word' id='word_1_546' title='bbox 2349 3107 2402 3147; x_wconf 72' lang='lat' dir='ltr'>et</span> <span class='ocrx_word' id='word_1_547' title='bbox 2419 3100 2468 3147; x_wconf 86' lang='lat' dir='ltr'>in</span> <span class='ocrx_word' id='word_1_548' title='bbox 2490 3097 2712 3160; x_wconf 77' lang='lat' dir='ltr'>plurimis</span> <span class='ocrx_word' id='word_1_549' title='bbox 2736 3099 3002 3148; x_wconf 79' lang='lat' dir='ltr'>codicibus.</span> 
     </span>
    </p>
   </div>
   <div class='ocr_carea' id='block_1_67' title="bbox 1815 3303 2443 3370">
    <p class='ocr_par' dir='ltr' id='par_1_67' title="bbox 1815 3303 2443 3370">
     <span class='ocr_line' id='line_1_67' title="bbox 1815 3303 2443 3370; baseline 0.006 -15"><span class='ocrx_word' id='word_1_550' title='bbox 1815 3303 2056 3356; x_wconf 81' lang='lat' dir='ltr'><strong>OMIAIA</strong></span> <span class='ocrx_word' id='word_1_551' title='bbox 2106 3303 2443 3370; x_wconf 84' lang='grc' dir='ltr'>ΔΕΥΤΕΡΔ,</span> 
     </span>
    </p>
   </div>
   <div class='ocr_carea' id='block_1_68' title="bbox 399 3414 3856 3489">
    <p class='ocr_par' dir='ltr' id='par_1_68' title="bbox 399 3414 3856 3489">
     <span class='ocr_line' id='line_1_68' title="bbox 399 3414 3856 3489; baseline 0.001 -19"><span class='ocrx_word' id='word_1_552' title='bbox 399 3415 696 3485; x_wconf 83' lang='grc' dir='ltr'>Λεχθεῒσα</span> <span class='ocrx_word' id='word_1_553' title='bbox 727 3415 798 3468; x_wconf 82' lang='grc' dir='ltr'>ἐν</span> <span class='ocrx_word' id='word_1_554' title='bbox 842 3415 1186 3484; x_wconf 78' lang='grc' dir='ltr'>Ἀντιοχείᾳ</span> <span class='ocrx_word' id='word_1_555' title='bbox 1215 3415 1284 3468; x_wconf 83' lang='grc' dir='ltr'>ἐν</span> <span class='ocrx_word' id='word_1_556' title='bbox 1317 3414 1391 3482; x_wconf 80' lang='grc' dir='ltr'>τῇ</span> <span class='ocrx_word' id='word_1_557' title='bbox 1421 3415 1644 3482; x_wconf 69' lang='grc' dir='ltr'>παλαιᾷ</span> <span class='ocrx_word' id='word_1_558' title='bbox 1677 3415 1974 3484; x_wconf 64' lang='grc' dir='ltr'>λεγομένῃ</span> <span class='ocrx_word' id='word_1_559' title='bbox 2005 3417 2326 3486; x_wconf 73' lang='grc' dir='ltr'>ἐκκλησίᾳ,</span> <span class='ocrx_word' id='word_1_560' title='bbox 2359 3419 2535 3486; x_wconf 81' lang='grc' dir='ltr'>ὄντος</span> <span class='ocrx_word' id='word_1_561' title='bbox 2567 3419 2753 3474; x_wconf 84' lang='grc' dir='ltr'>αὑτοῦ</span> <span class='ocrx_word' id='word_1_562' title='bbox 2783 3419 3212 3489; x_wconf 69' lang='grc' dir='ltr'>πρεσϐυτέρου,</span> <span class='ocrx_word' id='word_1_563' title='bbox 3239 3419 3372 3489; x_wconf 82' lang='grc' dir='ltr'>περί</span> <span class='ocrx_word' id='word_1_564' title='bbox 3399 3418 3509 3488; x_wconf 77' lang='grc' dir='ltr'>τῆς</span> <span class='ocrx_word' id='word_1_565' title='bbox 3531 3417 3856 3489; x_wconf 71' lang='grc' dir='ltr'>συμϐάσης</span> 
     </span>
    </p>
   </div>
   <div class='ocr_carea' id='block_1_69' title="bbox 475 3499 3854 3579">
    <p class='ocr_par' dir='ltr' id='par_1_69' title="bbox 475 3499 3854 3579">
     <span class='ocr_line' id='line_1_69' title="bbox 475 3499 3854 3579; baseline 0.003 -23"><span class='ocrx_word' id='word_1_566' title='bbox 475 3503 791 3572; x_wconf 78' lang='grc' dir='ltr'>συμφορᾶς</span> <span class='ocrx_word' id='word_1_567' title='bbox 823 3503 894 3556; x_wconf 84' lang='grc' dir='ltr'>ἐν</span> <span class='ocrx_word' id='word_1_568' title='bbox 917 3501 993 3570; x_wconf 78' lang='grc' dir='ltr'>τῇ</span> <span class='ocrx_word' id='word_1_569' title='bbox 1030 3503 1201 3555; x_wconf 75' lang='grc' dir='ltr'>πόλει</span> <span class='ocrx_word' id='word_1_570' title='bbox 1233 3514 1282 3564; x_wconf 76' lang='grc' dir='ltr'>ι,</span> <span class='ocrx_word' id='word_1_571' title='bbox 1314 3501 1413 3556; x_wconf 81' lang='grc' dir='ltr'>ἐπί</span> <span class='ocrx_word' id='word_1_572' title='bbox 1435 3499 1508 3569; x_wconf 73' lang='grc' dir='ltr'>τῇ</span> <span class='ocrx_word' id='word_1_573' title='bbox 1541 3499 1758 3569; x_wconf 73' lang='grc' dir='ltr'>ἀταξίᾳ</span> <span class='ocrx_word' id='word_1_574' title='bbox 1789 3500 1898 3570; x_wconf 81' lang='grc' dir='ltr'>τῆς</span> <span class='ocrx_word' id='word_1_575' title='bbox 1929 3503 2354 3572; x_wconf 71' lang='grc' dir='ltr'>καταστροφῆς</span> <span class='ocrx_word' id='word_1_576' title='bbox 2387 3505 2506 3558; x_wconf 84' lang='grc' dir='ltr'>τῶν</span> <span class='ocrx_word' id='word_1_577' title='bbox 2531 3506 2899 3575; x_wconf 74' lang='grc' dir='ltr'>ἀνδριάντων</span> <span class='ocrx_word' id='word_1_578' title='bbox 2917 3507 3026 3562; x_wconf 83' lang='grc' dir='ltr'>τοῦ</span> <span class='ocrx_word' id='word_1_579' title='bbox 3049 3509 3373 3564; x_wconf 75' lang='grc' dir='ltr'>Θεοδοσίου</span> <span class='ocrx_word' id='word_1_580' title='bbox 3419 3513 3522 3566; x_wconf 83' lang='grc' dir='ltr'>τοῦ</span> <span class='ocrx_word' id='word_1_581' title='bbox 3554 3513 3854 3579; x_wconf 78' lang='grc' dir='ltr'>εὐσεϐοῦς</span> 
     </span>
    </p>
   </div>
   <div class='ocr_carea' id='block_1_70' title="bbox 469 3592 3851 3670">
    <p class='ocr_par' dir='ltr' id='par_1_70' title="bbox 469 3592 3851 3670">
     <span class='ocr_line' id='line_1_70' title="bbox 469 3592 3851 3670; baseline 0.003 -22"><span class='ocrx_word' id='word_1_582' title='bbox 469 3595 778 3660; x_wconf 70' lang='grc' dir='ltr'>,ϐασιλέως</span> <span class='ocrx_word' id='word_1_583' title='bbox 801 3595 910 3648; x_wconf 86' lang='grc' dir='ltr'>τοῦ</span> <span class='ocrx_word' id='word_1_584' title='bbox 937 3592 1208 3662; x_wconf 69' lang='grc' dir='ltr'>μεγάλου</span> <span class='ocrx_word' id='word_1_585' title='bbox 1236 3611 1250 3624; x_wconf 92' lang='grc'>·</span> <span class='ocrx_word' id='word_1_586' title='bbox 1291 3593 1391 3647; x_wconf 81' lang='grc' dir='ltr'>καὶ</span> <span class='ocrx_word' id='word_1_587' title='bbox 1418 3595 1503 3658; x_wconf 88' lang='grc' dir='ltr'>εἰς</span> <span class='ocrx_word' id='word_1_588' title='bbox 1545 3593 1612 3644; x_wconf 81' lang='grc' dir='ltr'>τὸ</span> <span class='ocrx_word' id='word_1_589' title='bbox 1635 3594 1826 3660; x_wconf 78' lang='grc' dir='ltr'>ῥητὸν</span> <span class='ocrx_word' id='word_1_590' title='bbox 1851 3593 1958 3648; x_wconf 86' lang='grc' dir='ltr'>τοῦ</span> <span class='ocrx_word' id='word_1_591' title='bbox 1995 3595 2376 3662; x_wconf 82' lang='grc' dir='ltr'>Ἀποστόλου,</span> <span class='ocrx_word' id='word_1_592' title='bbox 2417 3597 2543 3664; x_wconf 83' lang='grc' dir='ltr'>Τοῖς</span> <span class='ocrx_word' id='word_1_593' title='bbox 2563 3601 2884 3665; x_wconf 72' lang='grc' dir='ltr'>πλουσίοις</span> <span class='ocrx_word' id='word_1_594' title='bbox 2905 3599 3282 3669; x_wconf 60' lang='grc' dir='ltr'>παράγγελλε</span> <span class='ocrx_word' id='word_1_595' title='bbox 3316 3603 3386 3655; x_wconf 83' lang='grc' dir='ltr'>ἐν</span> <span class='ocrx_word' id='word_1_596' title='bbox 3405 3603 3484 3670; x_wconf 81' lang='grc' dir='ltr'>τῷ</span> <span class='ocrx_word' id='word_1_597' title='bbox 3521 3605 3638 3660; x_wconf 82' lang='grc' dir='ltr'>νῦν</span> <span class='ocrx_word' id='word_1_598' title='bbox 3673 3605 3851 3660; x_wconf 82' lang='grc' dir='ltr'>αἰῶνι</span> 
     </span>
    </p>
   </div>
   <div class='ocr_carea' id='block_1_71' title="bbox 472 3683 1796 3758">
    <p class='ocr_par' dir='ltr' id='par_1_71' title="bbox 472 3683 1796 3758">
     <span class='ocr_line' id='line_1_71' title="bbox 472 3683 1796 3758; baseline -0.001 -19"><span class='ocrx_word' id='word_1_599' title='bbox 472 3689 556 3754; x_wconf 74' lang='grc' dir='ltr'>μὴ</span> <span class='ocrx_word' id='word_1_600' title='bbox 596 3687 1073 3754; x_wconf 56' lang='lat' dir='ltr'>z&#39;va_.5°zz.lo;.¢,r:oz*87r&#39;</span> <span class='ocrx_word' id='word_1_601' title='bbox 1099 3685 1200 3738; x_wconf 79' lang='grc' dir='ltr'>καί</span> <span class='ocrx_word' id='word_1_602' title='bbox 1236 3687 1384 3740; x_wconf 77' lang='grc' dir='ltr'>κατὰ</span> <span class='ocrx_word' id='word_1_603' title='bbox 1417 3683 1796 3758; x_wconf 67' lang='grc' dir='ltr'>πλεονεξίας.</span> 
     </span>
    </p>
   </div>
   <div class='ocr_carea' id='block_1_72' title="bbox 459 3866 2063 3944">
    <p class='ocr_par' dir='ltr' id='par_1_72' title="bbox 459 3866 2063 3944">
     <span class='ocr_line' id='line_1_72' title="bbox 459 3866 2063 3944; baseline 0.003 -24"><span class='ocrx_word' id='word_1_604' title='bbox 459 3873 525 3920; x_wconf 87' lang='grc' dir='ltr'>α’.</span> <span class='ocrx_word' id='word_1_605' title='bbox 557 3866 622 3918; x_wconf 91' lang='grc' dir='ltr'>Τί</span> <span class='ocrx_word' id='word_1_606' title='bbox 651 3867 788 3918; x_wconf 83' lang='grc' dir='ltr'>εἴπω</span> <span class='ocrx_word' id='word_1_607' title='bbox 821 3867 912 3919; x_wconf 76' lang='grc' dir='ltr'>καὶ</span> <span class='ocrx_word' id='word_1_608' title='bbox 935 3868 988 3920; x_wconf 90' lang='grc' dir='ltr'>τί</span> <span class='ocrx_word' id='word_1_609' title='bbox 1019 3867 1234 3940; x_wconf 85' lang='grc' dir='ltr'>λαλήσω</span> <span class='ocrx_word' id='word_1_610' title='bbox 1257 3886 1270 3934; x_wconf 90' lang='grc'><strong>;</strong></span> <span class='ocrx_word' id='word_1_611' title='bbox 1297 3871 1547 3942; x_wconf 86' lang='grc' dir='ltr'>δακρύων</span> <span class='ocrx_word' id='word_1_612' title='bbox 1568 3872 1596 3922; x_wconf 86' lang='grc' dir='ltr'>ὁ</span> <span class='ocrx_word' id='word_1_613' title='bbox 1631 3873 1818 3943; x_wconf 86' lang='grc' dir='ltr'>παρὼν</span> <span class='ocrx_word' id='word_1_614' title='bbox 1853 3873 2063 3944; x_wconf 77' lang='grc' dir='ltr'>καιρὸς,</span> 
     </span>
    </p>
   </div>
   <div class='ocr_carea' id='block_1_73' title="bbox 391 3953 2062 4030">
    <p class='ocr_par' dir='ltr' id='par_1_73' title="bbox 391 3953 2062 4030">
     <span class='ocr_line' id='line_1_73' title="bbox 391 3953 2062 4030; baseline 0.005 -26"><span class='ocrx_word' id='word_1_615' title='bbox 391 3954 512 4022; x_wconf 77' lang='grc' dir='ltr'>οὐχὶ</span> <span class='ocrx_word' id='word_1_616' title='bbox 543 3953 801 4023; x_wconf 77' lang='grc' dir='ltr'>ῥημάτων</span> <span class='ocrx_word' id='word_1_617' title='bbox 819 3969 832 3985; x_wconf 78' lang='grc' dir='ltr'><strong>ο</strong></span> <span class='ocrx_word' id='word_1_618' title='bbox 862 3953 1097 4024; x_wconf 89' lang='grc' dir='ltr'>θρήνων,</span> <span class='ocrx_word' id='word_1_619' title='bbox 1135 3955 1255 4024; x_wconf 73' lang='grc' dir='ltr'>οὐχὶ</span> <span class='ocrx_word' id='word_1_620' title='bbox 1287 3957 1458 4026; x_wconf 90' lang='grc' dir='ltr'>λόγων</span> <span class='ocrx_word' id='word_1_621' title='bbox 1478 3975 1491 3987; x_wconf 88' lang='grc'><strong>·</strong></span> <span class='ocrx_word' id='word_1_622' title='bbox 1519 3959 1704 4028; x_wconf 87' lang='grc' dir='ltr'>εὑχῆς,</span> <span class='ocrx_word' id='word_1_623' title='bbox 1730 3961 1791 4012; x_wconf 88' lang='grc' dir='ltr'>οὑ</span> <span class='ocrx_word' id='word_1_624' title='bbox 1817 3959 1880 4029; x_wconf 90' lang='grc' dir='ltr'>δη</span> <span class='ocrx_word' id='word_1_625' title='bbox 1891 3977 2062 4030; x_wconf 90' lang='grc' dir='ltr'>μηγο-</span> 
     </span>
    </p>
   </div>
   <div class='ocr_carea' id='block_1_74' title="bbox 397 4040 2064 4117">
    <p class='ocr_par' dir='ltr' id='par_1_74' title="bbox 397 4040 2064 4117">
     <span class='ocr_line' id='line_1_74' title="bbox 397 4040 2064 4117; baseline 0.005 -25"><span class='ocrx_word' id='word_1_626' title='bbox 397 4042 546 4111; x_wconf 86' lang='grc' dir='ltr'>ρίας·</span> <span class='ocrx_word' id='word_1_627' title='bbox 587 4040 826 4094; x_wconf 88' lang='grc' dir='ltr'>τοιοῦτον</span> <span class='ocrx_word' id='word_1_628' title='bbox 869 4040 976 4094; x_wconf 89' lang='grc' dir='ltr'>τῶν</span> <span class='ocrx_word' id='word_1_629' title='bbox 1017 4042 1433 4114; x_wconf 88' lang='grc' dir='ltr'>τετολμημένων</span> <span class='ocrx_word' id='word_1_630' title='bbox 1484 4045 1543 4098; x_wconf 81' lang='grc' dir='ltr'>τδ</span> <span class='ocrx_word' id='word_1_631' title='bbox 1599 4047 1846 4117; x_wconf 86' lang='grc' dir='ltr'>μέγεθος,</span> <span class='ocrx_word' id='word_1_632' title='bbox 1891 4047 2064 4112; x_wconf 75' lang='grc' dir='ltr'>οὕτως</span> 
     </span>
    </p>
   </div>
   <div class='ocr_carea' id='block_1_75' title="bbox 392 4126 2062 4205">
    <p class='ocr_par' dir='ltr' id='par_1_75' title="bbox 392 4126 2062 4205">
     <span class='ocr_line' id='line_1_75' title="bbox 392 4126 2062 4205; baseline 0.005 -25"><span class='ocrx_word' id='word_1_633' title='bbox 392 4127 603 4180; x_wconf 89' lang='grc' dir='ltr'>ἀνίατον</span> <span class='ocrx_word' id='word_1_634' title='bbox 623 4126 682 4178; x_wconf 83' lang='grc' dir='ltr'>τὸ</span> <span class='ocrx_word' id='word_1_635' title='bbox 711 4126 888 4189; x_wconf 83' lang='grc' dir='ltr'>ἐλκος,</span> <span class='ocrx_word' id='word_1_636' title='bbox 919 4127 1060 4180; x_wconf 77' lang='grc' dir='ltr'>οὕτω</span> <span class='ocrx_word' id='word_1_637' title='bbox 1095 4129 1238 4198; x_wconf 88' lang='grc' dir='ltr'>μέγα</span> <span class='ocrx_word' id='word_1_638' title='bbox 1269 4130 1330 4182; x_wconf 84' lang='grc' dir='ltr'>τὸ</span> <span class='ocrx_word' id='word_1_639' title='bbox 1367 4131 1606 4202; x_wconf 86' lang='grc' dir='ltr'>τραῦμα,</span> <span class='ocrx_word' id='word_1_640' title='bbox 1647 4133 1742 4186; x_wconf 78' lang='grc' dir='ltr'>καὶ</span> <span class='ocrx_word' id='word_1_641' title='bbox 1773 4133 1952 4205; x_wconf 87' lang='grc' dir='ltr'>πάσης</span> <span class='ocrx_word' id='word_1_642' title='bbox 1983 4137 2062 4188; x_wconf 90' lang='grc' dir='ltr'>ἰα-</span> 
     </span>
    </p>
   </div>
   <div class='ocr_carea' id='block_1_76' title="bbox 391 4213 2060 4292">
    <p class='ocr_par' dir='ltr' id='par_1_76' title="bbox 391 4213 2060 4292">
     <span class='ocr_line' id='line_1_76' title="bbox 391 4213 2060 4292; baseline 0.007 -27"><span class='ocrx_word' id='word_1_643' title='bbox 391 4214 577 4285; x_wconf 89' lang='grc' dir='ltr'>τρείας</span> <span class='ocrx_word' id='word_1_644' title='bbox 603 4213 806 4284; x_wconf 73' lang='grc' dir='ltr'>μεῖζον,</span> <span class='ocrx_word' id='word_1_645' title='bbox 845 4215 938 4268; x_wconf 78' lang='grc' dir='ltr'>καὶ</span> <span class='ocrx_word' id='word_1_646' title='bbox 973 4217 1070 4286; x_wconf 88' lang='grc' dir='ltr'>τῆς</span> <span class='ocrx_word' id='word_1_647' title='bbox 1094 4216 1298 4270; x_wconf 83' lang='grc' dir='ltr'>ἀνωθεν</span> <span class='ocrx_word' id='word_1_648' title='bbox 1319 4217 1572 4290; x_wconf 89' lang='grc' dir='ltr'>δεόμενον</span> <span class='ocrx_word' id='word_1_649' title='bbox 1600 4219 1872 4292; x_wconf 86' lang='grc' dir='ltr'>βοηθείας.</span> <span class='ocrx_word' id='word_1_650' title='bbox 1903 4221 2060 4277; x_wconf 78' lang='grc' dir='ltr'>Οὕτω</span> 
     </span>
    </p>
   </div>
   <div class='ocr_carea' id='block_1_77' title="bbox 395 4301 2057 4382">
    <p class='ocr_par' dir='ltr' id='par_1_77' title="bbox 395 4301 2057 4382">
     <span class='ocr_line' id='line_1_77' title="bbox 395 4301 2057 4382; baseline 0.007 -28"><span class='ocrx_word' id='word_1_651' title='bbox 395 4301 493 4372; x_wconf 79' lang='grc' dir='ltr'>μὲν</span> <span class='ocrx_word' id='word_1_652' title='bbox 517 4303 545 4355; x_wconf 89' lang='grc' dir='ltr'>ό</span> <span class='ocrx_word' id='word_1_653' title='bbox 583 4301 702 4354; x_wconf 89' lang='grc' dir='ltr'>Ἰὼϐ</span> <span class='ocrx_word' id='word_1_654' title='bbox 729 4302 946 4356; x_wconf 75' lang='grc' dir='ltr'>ἅπαντα</span> <span class='ocrx_word' id='word_1_655' title='bbox 967 4303 1278 4366; x_wconf 84' lang='grc' dir='ltr'>ἀποϐαλὼν,</span> <span class='ocrx_word' id='word_1_656' title='bbox 1309 4305 1400 4357; x_wconf 77' lang='grc' dir='ltr'>ἐπὶ</span> <span class='ocrx_word' id='word_1_657' title='bbox 1423 4306 1524 4375; x_wconf 89' lang='grc' dir='ltr'>τῆς</span> <span class='ocrx_word' id='word_1_658' title='bbox 1549 4309 1780 4378; x_wconf 89' lang='grc' dir='ltr'>κοπρίας</span> <span class='ocrx_word' id='word_1_659' title='bbox 1801 4309 2057 4382; x_wconf 78' lang='grc' dir='ltr'>ἐκάθητο,</span> 
     </span>
    </p>
   </div>
   <div class='ocr_carea' id='block_1_78' title="bbox 392 4388 2062 4460">
    <p class='ocr_par' dir='ltr' id='par_1_78' title="bbox 392 4388 2062 4460">
     <span class='ocr_line' id='line_1_78' title="bbox 392 4388 2062 4460; baseline 0.006 -19"><span class='ocrx_word' id='word_1_660' title='bbox 392 4389 488 4442; x_wconf 74' lang='grc' dir='ltr'>καὶ</span> <span class='ocrx_word' id='word_1_661' title='bbox 532 4388 860 4452; x_wconf 83' lang='grc' dir='ltr'>ἀκούσαντες</span> <span class='ocrx_word' id='word_1_662' title='bbox 891 4390 920 4429; x_wconf 69' lang='grc' dir='ltr'>ι’</span> <span class='ocrx_word' id='word_1_663' title='bbox 947 4391 996 4442; x_wconf 91' lang='grc' dir='ltr'><strong>οἱ</strong></span> <span class='ocrx_word' id='word_1_664' title='bbox 1031 4389 1172 4458; x_wconf 84' lang='grc' dir='ltr'>φίλοι</span> <span class='ocrx_word' id='word_1_665' title='bbox 1207 4393 1588 4460; x_wconf 87' lang='grc' dir='ltr'>παρεγένοντο,</span> <span class='ocrx_word' id='word_1_666' title='bbox 1621 4395 1713 4448; x_wconf 76' lang='grc' dir='ltr'>καὶ</span> <span class='ocrx_word' id='word_1_667' title='bbox 1747 4396 1945 4460; x_wconf 80' lang='grc' dir='ltr'>ἰδόντες</span> <span class='ocrx_word' id='word_1_668' title='bbox 1965 4399 2062 4450; x_wconf 87' lang='grc' dir='ltr'>αὑ-</span> 
     </span>
    </p>
   </div>
   <div class='ocr_carea' id='block_1_79' title="bbox 389 4475 2062 4551">
    <p class='ocr_par' dir='ltr' id='par_1_79' title="bbox 389 4475 2062 4551">
     <span class='ocr_line' id='line_1_79' title="bbox 389 4475 2062 4551; baseline 0.007 -22"><span class='ocrx_word' id='word_1_669' title='bbox 389 4477 482 4530; x_wconf 82' lang='grc' dir='ltr'>τὸν</span> <span class='ocrx_word' id='word_1_670' title='bbox 509 4475 810 4549; x_wconf 75' lang='grc' dir='ltr'>πόρρωθεν,</span> <span class='ocrx_word' id='word_1_671' title='bbox 837 4479 904 4530; x_wconf 70' lang='grc' dir='ltr'>τὲ</span> <span class='ocrx_word' id='word_1_672' title='bbox 926 4478 1115 4548; x_wconf 85' lang='grc' dir='ltr'>ἱμάτια</span> <span class='ocrx_word' id='word_1_673' title='bbox 1143 4479 1451 4551; x_wconf 76' lang='grc' dir='ltr'>διέρρηξαν,</span> <span class='ocrx_word' id='word_1_674' title='bbox 1487 4483 1580 4535; x_wconf 81' lang='grc' dir='ltr'>καί</span> <span class='ocrx_word' id='word_1_675' title='bbox 1603 4483 1793 4536; x_wconf 85' lang='grc' dir='ltr'>σποδὸν</span> <span class='ocrx_word' id='word_1_676' title='bbox 1821 4487 2062 4540; x_wconf 84' lang='grc' dir='ltr'>κατεπά-</span> 
     </span>
    </p>
   </div>
   <div class='ocr_carea' id='block_1_80' title="bbox 393 4564 2062 4636">
    <p class='ocr_par' dir='ltr' id='par_1_80' title="bbox 393 4564 2062 4636">
     <span class='ocr_line' id='line_1_80' title="bbox 393 4564 2062 4636; baseline 0.006 -21"><span class='ocrx_word' id='word_1_677' title='bbox 393 4579 584 4629; x_wconf 87' lang='grc' dir='ltr'>σαντο,</span> <span class='ocrx_word' id='word_1_678' title='bbox 633 4564 726 4616; x_wconf 74' lang='grc' dir='ltr'>καὶ</span> <span class='ocrx_word' id='word_1_679' title='bbox 786 4564 926 4634; x_wconf 87' lang='grc' dir='ltr'>μέγα</span> <span class='ocrx_word' id='word_1_680' title='bbox 981 4565 1300 4635; x_wconf 78' lang='grc' dir='ltr'>ἀνῴμωξαν.</span> <span class='ocrx_word' id='word_1_681' title='bbox 1359 4567 1474 4620; x_wconf 85' lang='grc' dir='ltr'>Νῦν</span> <span class='ocrx_word' id='word_1_682' title='bbox 1522 4568 1681 4622; x_wconf 85' lang='grc' dir='ltr'>τοῦτο</span> <span class='ocrx_word' id='word_1_683' title='bbox 1727 4571 1827 4634; x_wconf 82' lang='grc' dir='ltr'>τὰς</span> <span class='ocrx_word' id='word_1_684' title='bbox 1879 4573 2062 4636; x_wconf 87' lang='grc' dir='ltr'>πόλεις</span> 
     </span>
    </p>
   </div>
   <div class='ocr_carea' id='block_1_81' title="bbox 393 4650 2060 4729">
    <p class='ocr_par' dir='ltr' id='par_1_81' title="bbox 393 4650 2060 4729">
     <span class='ocr_line' id='line_1_81' title="bbox 393 4650 2060 4729; baseline 0.005 -24"><span class='ocrx_word' id='word_1_685' title='bbox 393 4652 610 4715; x_wconf 82' lang='grc' dir='ltr'>ἁπάσας</span> <span class='ocrx_word' id='word_1_686' title='bbox 635 4650 738 4712; x_wconf 78' lang='grc' dir='ltr'>τὰς</span> <span class='ocrx_word' id='word_1_687' title='bbox 787 4651 966 4722; x_wconf 85' lang='grc' dir='ltr'>κύκλῳ</span> <span class='ocrx_word' id='word_1_688' title='bbox 991 4653 1214 4723; x_wconf 90' lang='grc' dir='ltr'>ποιῆσαι</span> <span class='ocrx_word' id='word_1_689' title='bbox 1243 4655 1428 4726; x_wconf 88' lang='grc' dir='ltr'>ἐχρῆν,</span> <span class='ocrx_word' id='word_1_690' title='bbox 1470 4655 1566 4710; x_wconf 69' lang='grc' dir='ltr'>καὶ</span> <span class='ocrx_word' id='word_1_691' title='bbox 1597 4659 1732 4728; x_wconf 85' lang='grc' dir='ltr'>πρὸς</span> <span class='ocrx_word' id='word_1_692' title='bbox 1775 4661 1874 4729; x_wconf 79' lang='grc' dir='ltr'>τὴν</span> <span class='ocrx_word' id='word_1_693' title='bbox 1909 4661 2060 4714; x_wconf 85' lang='grc' dir='ltr'>πόλιν</span> 
     </span>
    </p>
   </div>
   <div class='ocr_carea' id='block_1_82' title="bbox 393 4737 2063 4816">
    <p class='ocr_par' dir='ltr' id='par_1_82' title="bbox 393 4737 2063 4816">
     <span class='ocr_line' id='line_1_82' title="bbox 393 4737 2063 4816; baseline 0.004 -22"><span class='ocrx_word' id='word_1_694' title='bbox 393 4740 490 4810; x_wconf 82' lang='grc' dir='ltr'>τὴν</span> <span class='ocrx_word' id='word_1_695' title='bbox 532 4737 807 4808; x_wconf 82' lang='grc' dir='ltr'>ἡμετέραν</span> <span class='ocrx_word' id='word_1_696' title='bbox 831 4738 1026 4802; x_wconf 86' lang='grc' dir='ltr'>ἐλθεῖν,</span> <span class='ocrx_word' id='word_1_697' title='bbox 1052 4741 1144 4794; x_wconf 78' lang='grc' dir='ltr'>καὶ</span> <span class='ocrx_word' id='word_1_698' title='bbox 1173 4739 1439 4812; x_wconf 84' lang='grc' dir='ltr'>θρηνῆσαι</span> <span class='ocrx_word' id='word_1_699' title='bbox 1465 4744 1532 4797; x_wconf 82' lang='grc' dir='ltr'>τὰ</span> <span class='ocrx_word' id='word_1_700' title='bbox 1559 4746 1898 4816; x_wconf 87' lang='grc' dir='ltr'>γεγενημένα</span> <span class='ocrx_word' id='word_1_701' title='bbox 1925 4748 2063 4816; x_wconf 88' lang='grc' dir='ltr'>μετά</span> 
     </span>
    </p>
   </div>
   <div class='ocr_carea' id='block_1_83' title="bbox 397 4825 2063 4904">
    <p class='ocr_par' dir='ltr' id='par_1_83' title="bbox 397 4825 2063 4904">
     <span class='ocr_line' id='line_1_83' title="bbox 397 4825 2063 4904; baseline 0.005 -26"><span class='ocrx_word' id='word_1_702' title='bbox 397 4825 742 4896; x_wconf 84' lang='grc' dir='ltr'>συμπαθείας</span> <span class='ocrx_word' id='word_1_703' title='bbox 771 4827 1012 4896; x_wconf 86' lang='grc' dir='ltr'>ἀπάσης.</span> <span class='ocrx_word' id='word_1_704' title='bbox 1063 4826 1297 4891; x_wconf 83' lang='grc' dir='ltr'>Ἐκεῖνος</span> <span class='ocrx_word' id='word_1_705' title='bbox 1328 4829 1422 4882; x_wconf 75' lang='grc' dir='ltr'>ἐπὶ</span> <span class='ocrx_word' id='word_1_706' title='bbox 1447 4829 1546 4901; x_wconf 84' lang='grc' dir='ltr'>τῆς</span> <span class='ocrx_word' id='word_1_707' title='bbox 1569 4832 1799 4902; x_wconf 86' lang='grc' dir='ltr'>κοπρίας</span> <span class='ocrx_word' id='word_1_708' title='bbox 1830 4825 2063 4904; x_wconf 80' lang='grc' dir='ltr'>ἐκάθητο</span> 
     </span>
    </p>
   </div>
   <div class='ocr_carea' id='block_1_84' title="bbox 392 4911 2062 4992">
    <p class='ocr_par' dir='ltr' id='par_1_84' title="bbox 392 4911 2062 4992">
     <span class='ocr_line' id='line_1_84' title="bbox 392 4911 2062 4992; baseline 0.005 -29"><span class='ocrx_word' id='word_1_709' title='bbox 392 4912 534 4976; x_wconf 87' lang='grc' dir='ltr'>τότε,</span> <span class='ocrx_word' id='word_1_710' title='bbox 568 4911 702 4982; x_wconf 81' lang='grc' dir='ltr'>αὕτη</span> <span class='ocrx_word' id='word_1_711' title='bbox 735 4913 792 4964; x_wconf 87' lang='grc' dir='ltr'>ἐν</span> <span class='ocrx_word' id='word_1_712' title='bbox 815 4911 1022 4982; x_wconf 85' lang='grc' dir='ltr'>μεγάλῃ</span> <span class='ocrx_word' id='word_1_713' title='bbox 1055 4913 1240 4980; x_wconf 89' lang='grc' dir='ltr'>παγίδι</span> <span class='ocrx_word' id='word_1_714' title='bbox 1265 4913 1496 4983; x_wconf 89' lang='grc' dir='ltr'>κάθηται</span> <span class='ocrx_word' id='word_1_715' title='bbox 1521 4916 1634 4970; x_wconf 84' lang='grc' dir='ltr'>νῦν.</span> <span class='ocrx_word' id='word_1_716' title='bbox 1669 4917 1931 4989; x_wconf 87' lang='grc' dir='ltr'>Καθάπερ</span> <span class='ocrx_word' id='word_1_717' title='bbox 1953 4919 2062 4992; x_wconf 87' lang='grc' dir='ltr'>γὰρ</span> 
     </span>
    </p>
   </div>
   <div class='ocr_carea' id='block_1_85' title="bbox 391 4998 2064 5074">
    <p class='ocr_par' dir='ltr' id='par_1_85' title="bbox 391 4998 2064 5074">
     <span class='ocr_line' id='line_1_85' title="bbox 391 4998 2064 5074; baseline 0.006 -24"><span class='ocrx_word' id='word_1_718' title='bbox 391 4998 510 5052; x_wconf 82' lang='grc' dir='ltr'>τότε</span> <span class='ocrx_word' id='word_1_719' title='bbox 533 5001 561 5052; x_wconf 90' lang='grc' dir='ltr'>ό</span> <span class='ocrx_word' id='word_1_720' title='bbox 597 4999 842 5063; x_wconf 87' lang='grc' dir='ltr'>διάϐολος</span> <span class='ocrx_word' id='word_1_721' title='bbox 867 5001 946 5063; x_wconf 91' lang='grc' dir='ltr'>εἰς</span> <span class='ocrx_word' id='word_1_722' title='bbox 977 4999 1046 5052; x_wconf 84' lang='grc' dir='ltr'>τὰ</span> <span class='ocrx_word' id='word_1_723' title='bbox 1077 4999 1304 5069; x_wconf 89' lang='grc' dir='ltr'>ποίμνια</span> <span class='ocrx_word' id='word_1_724' title='bbox 1326 5001 1419 5053; x_wconf 77' lang='grc' dir='ltr'>καὶ</span> <span class='ocrx_word' id='word_1_725' title='bbox 1442 5003 1510 5055; x_wconf 89' lang='grc' dir='ltr'>τὰ</span> <span class='ocrx_word' id='word_1_726' title='bbox 1537 5003 1809 5074; x_wconf 84' lang='grc' dir='ltr'>βουκόλια,</span> <span class='ocrx_word' id='word_1_727' title='bbox 1835 5007 1927 5059; x_wconf 77' lang='grc' dir='ltr'>καὶ</span> <span class='ocrx_word' id='word_1_728' title='bbox 1959 5009 2064 5060; x_wconf 80' lang='grc' dir='ltr'>πᾶ-</span> 
     </span>
    </p>
   </div>
   <div class='ocr_carea' id='block_1_86' title="bbox 394 5087 2061 5159">
    <p class='ocr_par' dir='ltr' id='par_1_86' title="bbox 394 5087 2061 5159">
     <span class='ocr_line' id='line_1_86' title="bbox 394 5087 2061 5159; baseline 0.006 -23"><span class='ocrx_word' id='word_1_729' title='bbox 394 5101 491 5138; x_wconf 90' lang='grc' dir='ltr'>σαν</span> <span class='ocrx_word' id='word_1_730' title='bbox 543 5087 829 5158; x_wconf 84' lang='grc' dir='ltr'>ὠρχήσατο</span> <span class='ocrx_word' id='word_1_731' title='bbox 875 5089 968 5141; x_wconf 86' lang='grc' dir='ltr'>τοῦ</span> <span class='ocrx_word' id='word_1_732' title='bbox 1002 5088 1212 5141; x_wconf 88' lang='grc' dir='ltr'>δικαίου</span> <span class='ocrx_word' id='word_1_733' title='bbox 1245 5088 1342 5159; x_wconf 85' lang='grc' dir='ltr'>τὴν</span> <span class='ocrx_word' id='word_1_734' title='bbox 1376 5091 1562 5142; x_wconf 81' lang='grc' dir='ltr'>οὐσίαν</span> <span class='ocrx_word' id='word_1_735' title='bbox 1593 5101 1614 5130; x_wconf 72' lang='grc' dir='ltr'><strong>ο</strong></span> <span class='ocrx_word' id='word_1_736' title='bbox 1636 5110 1648 5122; x_wconf 92' lang='grc'><strong>·</strong></span> <span class='ocrx_word' id='word_1_737' title='bbox 1685 5093 1825 5145; x_wconf 79' lang='grc' dir='ltr'>οὑτω</span> <span class='ocrx_word' id='word_1_738' title='bbox 1852 5093 1946 5146; x_wconf 86' lang='grc' dir='ltr'>νῦν</span> <span class='ocrx_word' id='word_1_739' title='bbox 1980 5097 2061 5156; x_wconf 87' lang='grc' dir='ltr'>εἰς</span> 
     </span>
    </p>
   </div>
   <div class='ocr_carea' id='block_1_87' title="bbox 392 5171 2062 5245">
    <p class='ocr_par' dir='ltr' id='par_1_87' title="bbox 392 5171 2062 5245">
     <span class='ocr_line' id='line_1_87' title="bbox 392 5171 2062 5245; baseline 0.008 -25"><span class='ocrx_word' id='word_1_740' title='bbox 392 5171 490 5238; x_wconf 76' lang='grc' dir='ltr'>τὴν</span> <span class='ocrx_word' id='word_1_741' title='bbox 513 5173 664 5226; x_wconf 85' lang='grc' dir='ltr'>πόλιν</span> <span class='ocrx_word' id='word_1_742' title='bbox 691 5177 908 5229; x_wconf 72' lang='grc' dir='ltr'>ἃπασαν</span> <span class='ocrx_word' id='word_1_743' title='bbox 939 5175 1292 5245; x_wconf 86' lang='grc' dir='ltr'>ἐϐάκχευσεν.</span> <span class='ocrx_word' id='word_1_744' title='bbox 1335 5177 1474 5230; x_wconf 85' lang='grc' dir='ltr'>Ἀλλ’</span> <span class='ocrx_word' id='word_1_745' title='bbox 1495 5180 1522 5230; x_wconf 85' lang='grc' dir='ltr'>ὁ</span> <span class='ocrx_word' id='word_1_746' title='bbox 1541 5177 1674 5242; x_wconf 78' lang='grc' dir='ltr'>Θεὸς</span> <span class='ocrx_word' id='word_1_747' title='bbox 1703 5181 1795 5232; x_wconf 78' lang='grc' dir='ltr'>καὶ</span> <span class='ocrx_word' id='word_1_748' title='bbox 1823 5180 1944 5232; x_wconf 91' lang='grc' dir='ltr'>τότε</span> <span class='ocrx_word' id='word_1_749' title='bbox 1967 5183 2062 5233; x_wconf 77' lang='grc' dir='ltr'>καὶ</span> 
     </span>
    </p>
   </div>
   <div class='ocr_carea' id='block_1_88' title="bbox 393 5255 2062 5337">
    <p class='ocr_par' dir='ltr' id='par_1_88' title="bbox 393 5255 2062 5337">
     <span class='ocr_line' id='line_1_88' title="bbox 393 5255 2062 5337; baseline 0.007 -30"><span class='ocrx_word' id='word_1_750' title='bbox 393 5255 487 5308; x_wconf 86' lang='grc' dir='ltr'>νῦν</span> <span class='ocrx_word' id='word_1_751' title='bbox 526 5259 868 5330; x_wconf 83' lang='grc' dir='ltr'>συνεχώρησε</span> <span class='ocrx_word' id='word_1_752' title='bbox 890 5277 902 5289; x_wconf 89' lang='grc'><strong>·</strong></span> <span class='ocrx_word' id='word_1_753' title='bbox 925 5263 1046 5316; x_wconf 89' lang='grc' dir='ltr'>τότε</span> <span class='ocrx_word' id='word_1_754' title='bbox 1074 5265 1192 5334; x_wconf 86' lang='grc' dir='ltr'>μὲν,</span> <span class='ocrx_word' id='word_1_755' title='bbox 1223 5264 1308 5317; x_wconf 79' lang='grc' dir='ltr'>ἵνα</span> <span class='ocrx_word' id='word_1_756' title='bbox 1332 5263 1422 5316; x_wconf 85' lang='grc' dir='ltr'>τὸν</span> <span class='ocrx_word' id='word_1_757' title='bbox 1449 5265 1655 5318; x_wconf 89' lang='grc' dir='ltr'>δίκαιον</span> <span class='ocrx_word' id='word_1_758' title='bbox 1684 5264 2062 5337; x_wconf 88' lang='grc' dir='ltr'>λαμπρότερον</span> 
     </span>
    </p>
   </div>
   <div class='ocr_carea' id='block_1_89' title="bbox 393 5343 2062 5424">
    <p class='ocr_par' dir='ltr' id='par_1_89' title="bbox 393 5343 2062 5424">
     <span class='ocr_line' id='line_1_89' title="bbox 393 5343 2062 5424; baseline 0.008 -29"><span class='ocrx_word' id='word_1_759' title='bbox 393 5344 592 5416; x_wconf 83' lang='grc' dir='ltr'>ποιήσῃ</span> <span class='ocrx_word' id='word_1_760' title='bbox 639 5343 716 5413; x_wconf 84' lang='grc' dir='ltr'>τῷ</span> <span class='ocrx_word' id='word_1_761' title='bbox 753 5348 969 5414; x_wconf 83' lang='grc' dir='ltr'>μεγέθει</span> <span class='ocrx_word' id='word_1_762' title='bbox 1003 5351 1114 5402; x_wconf 88' lang='grc' dir='ltr'>τῶν</span> <span class='ocrx_word' id='word_1_763' title='bbox 1145 5351 1492 5422; x_wconf 83' lang='grc' dir='ltr'>πειρασμῶν,</span> <span class='ocrx_word' id='word_1_764' title='bbox 1525 5351 1620 5404; x_wconf 83' lang='grc' dir='ltr'>νῦν</span> <span class='ocrx_word' id='word_1_765' title='bbox 1651 5352 1728 5416; x_wconf 84' lang='grc' dir='ltr'>δὲ,</span> <span class='ocrx_word' id='word_1_766' title='bbox 1779 5353 1866 5407; x_wconf 84' lang='grc' dir='ltr'>ἵνα</span> <span class='ocrx_word' id='word_1_767' title='bbox 1913 5355 2062 5424; x_wconf 85' lang='grc' dir='ltr'>ήμᾶς</span> 
     </span>
    </p>
   </div>
   <div class='ocr_carea' id='block_1_90' title="bbox 393 5429 2060 5511">
    <p class='ocr_par' dir='ltr' id='par_1_90' title="bbox 393 5429 2060 5511">
     <span class='ocr_line' id='line_1_90' title="bbox 393 5429 2060 5511; baseline 0.01 -32"><span class='ocrx_word' id='word_1_768' title='bbox 393 5429 867 5500; x_wconf 83' lang='grc' dir='ltr'>σωφρονεστέρους</span> <span class='ocrx_word' id='word_1_769' title='bbox 925 5434 1227 5505; x_wconf 84' lang='grc' dir='ltr'>ἐργάσηται</span> <span class='ocrx_word' id='word_1_770' title='bbox 1284 5439 1350 5508; x_wconf 84' lang='grc' dir='ltr'>τῇ</span> <span class='ocrx_word' id='word_1_771' title='bbox 1407 5439 1507 5509; x_wconf 84' lang='grc' dir='ltr'>τῆς</span> <span class='ocrx_word' id='word_1_772' title='bbox 1573 5438 1803 5510; x_wconf 68' lang='grc' dir='ltr'>θλίψεως</span> <span class='ocrx_word' id='word_1_773' title='bbox 1856 5441 2060 5511; x_wconf 82' lang='grc' dir='ltr'>ταύτης</span> 
     </span>
    </p>
   </div>
   <div class='ocr_carea' id='block_1_91' title="bbox 453 5567 2060 5645">
    <p class='ocr_par' dir='ltr' id='par_1_91' title="bbox 453 5567 2060 5645">
     <span class='ocr_line' id='line_1_91' title="bbox 453 5567 2060 5645; baseline 0.01 -29"><span class='ocrx_word' id='word_1_774' title='bbox 453 5567 588 5645; x_wconf 47' lang='lat' dir='ltr'>“Si;</span> <span class='ocrx_word' id='word_1_775' title='bbox 611 5569 772 5645; x_wconf 40' lang='lat' dir='ltr'>Savi‘ln.’</span> <span class='ocrx_word' id='word_1_776' title='bbox 786 5575 839 5618; x_wconf 76' lang='lat' dir='ltr'><strong>et</strong></span> <span class='ocrx_word' id='word_1_777' title='bbox 859 5573 1054 5632; x_wconf 85' lang='lat' dir='ltr'><strong>quidam</strong></span> <span class='ocrx_word' id='word_1_778' title='bbox 1083 5589 1223 5645; x_wconf 40' lang='lat' dir='ltr'>{ne},</span> <span class='ocrx_word' id='word_1_779' title='bbox 1244 5581 1400 5645; x_wconf 60' lang='grc' dir='ltr'>ιξοριε.</span> <span class='ocrx_word' id='word_1_780' title='bbox 1445 5579 1500 5628; x_wconf 89' lang='lat' dir='ltr'><strong>In</strong></span> <span class='ocrx_word' id='word_1_781' title='bbox 1531 5579 1702 5630; x_wconf 79' lang='lat' dir='ltr'>Morel.</span> <span class='ocrx_word' id='word_1_782' title='bbox 1733 5582 1837 5631; x_wconf 71' lang='lat' dir='ltr'>haec</span> <span class='ocrx_word' id='word_1_783' title='bbox 1861 5585 2060 5645; x_wconf 76' lang='lat' dir='ltr'>desunt,</span> 
     </span>
    </p>
   </div>
   <div class='ocr_carea' id='block_1_92' title="bbox 391 5632 1469 5731">
    <p class='ocr_par' dir='ltr' id='par_1_92' title="bbox 391 5632 1469 5731">
     <span class='ocr_line' id='line_1_92' title="bbox 391 5632 1469 5731; baseline 0.007 -54"><span class='ocrx_word' id='word_1_784' title='bbox 391 5632 494 5731; x_wconf 66' lang='grc' dir='ltr'>περὶ</span> <span class='ocrx_word' id='word_1_785' title='bbox 513 5632 868 5702; x_wconf 29' lang='grc' dir='ltr'>τῆςισυμϐάσης</span> <span class='ocrx_word' id='word_1_786' title='bbox 889 5641 1130 5710; x_wconf 72' lang='grc' dir='ltr'>συμφορᾶς</span> <span class='ocrx_word' id='word_1_787' title='bbox 1150 5637 1198 5683; x_wconf 89' lang='grc' dir='ltr'>ἐν</span> <span class='ocrx_word' id='word_1_788' title='bbox 1211 5632 1284 5698; x_wconf 67' lang='grc' dir='ltr'>⁷τῇ</span> <span class='ocrx_word' id='word_1_789' title='bbox 1319 5639 1469 5687; x_wconf 87' lang='grc' dir='ltr'>πόλει.</span> 
     </span>
     <span class='ocr_line' id='line_1_93' title="bbox 503 5692 1412 5731; baseline 0 0"><span class='ocrx_word' id='word_1_790' title='bbox 503 5692 630 5731; x_wconf 66' lang='lat' dir='ltr'>Snvll</span> <span class='ocrx_word' id='word_1_791' title='bbox 675 5703 720 5731; x_wconf 76' lang='grc' dir='ltr'>ρι</span> <span class='ocrx_word' id='word_1_792' title='bbox 760 5707 886 5731; x_wconf 73' lang='lat' dir='ltr'>Imm:</span> <span class='ocrx_word' id='word_1_793' title='bbox 907 5697 984 5731; x_wconf 61' lang='grc' dir='ltr'>ὅγε</span> <span class='ocrx_word' id='word_1_794' title='bbox 1019 5713 1100 5731; x_wconf 73' lang='lat' dir='ltr'>neu</span> <span class='ocrx_word' id='word_1_795' title='bbox 1133 5696 1213 5731; x_wconf 59' lang='grc' dir='ltr'>δῆν</span> <span class='ocrx_word' id='word_1_796' title='bbox 1245 5699 1272 5731; x_wconf 63' lang='grc' dir='ltr'>Α</span> <span class='ocrx_word' id='word_1_797' title='bbox 1303 5695 1412 5731; x_wconf 64' lang='grc' dir='ltr'>’ῐοὶιι</span> 
     </span>
    </p>
   </div>
   <div class='ocr_carea' id='block_1_93' title="bbox 503 5692 2057 5767">
    <p class='ocr_par' dir='ltr' id='par_1_93' title="bbox 503 5692 2057 5767">
     <span class='ocr_line' id='line_1_94' title="bbox 503 5692 2057 5767; baseline 0.01 -27"><span class='ocrx_word' id='word_1_798' title='bbox 503 5692 649 5767; x_wconf 44' lang='lat' dir='ltr'>savii].</span> <span class='ocrx_word' id='word_1_799' title='bbox 675 5692 886 5767; x_wconf 52' lang='lat' dir='ltr'>ét_un_Igs</span> <span class='ocrx_word' id='word_1_800' title='bbox 907 5692 1100 5766; x_wconf 56' lang='grc' dir='ltr'>ὅτίεμέν</span> <span class='ocrx_word' id='word_1_801' title='bbox 1133 5696 1213 5744; x_wconf 79' lang='grc' dir='ltr'>οὖν</span> <span class='ocrx_word' id='word_1_802' title='bbox 1245 5692 1282 5745; x_wconf 17' lang='grc' dir='ltr'>όν</span> <span class='ocrx_word' id='word_1_803' title='bbox 1303 5695 1468 5747; x_wconf 32' lang='grc' dir='ltr'>Ἰὼϐ...</span> <span class='ocrx_word' id='word_1_804' title='bbox 1503 5701 1723 5767; x_wconf 70' lang='grc' dir='ltr'>ἐκάθητο,</span> <span class='ocrx_word' id='word_1_805' title='bbox 1757 5705 2057 5764; x_wconf 76' lang='grc' dir='ltr'>ἀκούσαντες.</span> 
     </span>
    </p>
   </div>
   <div class='ocr_carea' id='block_1_94' title="bbox 351 5751 1044 5808">
    <p class='ocr_par' dir='ltr' id='par_1_94' title="bbox 351 5751 1044 5808">
     <span class='ocr_line' id='line_1_95' title="bbox 351 5751 1044 5808; baseline 0.009 -8"><span class='ocrx_word' id='word_1_806' title='bbox 351 5777 354 5779; x_wconf 53' lang='grc'>&gt;</span> <span class='ocrx_word' id='word_1_807' title='bbox 392 5751 514 5808; x_wconf 78' lang='lat' dir='ltr'><strong>Infra</strong></span> <span class='ocrx_word' id='word_1_808' title='bbox 538 5753 685 5802; x_wconf 60' lang='lat' dir='ltr'>iidvm</span> <span class='ocrx_word' id='word_1_809' title='bbox 709 5753 789 5802; x_wconf 81' lang='grc' dir='ltr'>νῦν</span> <span class='ocrx_word' id='word_1_810' title='bbox 816 5757 867 5804; x_wconf 76' lang='grc' dir='ltr'>δὲ</span> <span class='ocrx_word' id='word_1_811' title='bbox 888 5751 1044 5806; x_wconf 77' lang='grc' dir='ltr'>τοῦτο.</span> 
     </span>
    </p>
   </div>
   <div class='ocr_carea' id='block_1_95' title="bbox 453 5815 898 5873">
    <p class='ocr_par' dir='ltr' id='par_1_95' title="bbox 453 5815 898 5873">
     <span class='ocr_line' id='line_1_96' title="bbox 453 5815 898 5873; baseline 0.002 -8"><span class='ocrx_word' id='word_1_812' title='bbox 453 5817 477 5847; x_wconf 71' lang='grc'><strong>⁸</strong></span> <span class='ocrx_word' id='word_1_813' title='bbox 503 5815 602 5866; x_wconf 66' lang='lat' dir='ltr'><strong>Alii</strong></span> <span class='ocrx_word' id='word_1_814' title='bbox 625 5817 709 5873; x_wconf 72' lang='grc' dir='ltr'>τήν</span> <span class='ocrx_word' id='word_1_815' title='bbox 731 5817 898 5866; x_wconf 75' lang='grc' dir='ltr'>οἰκίαν.</span> 
     </span>
    </p>
   </div>
   <div class='ocr_carea' id='block_1_96' title="bbox 2178 3867 3850 3942">
    <p class='ocr_par' dir='ltr' id='par_1_96' title="bbox 2178 3867 3850 3942">
     <span class='ocr_line' id='line_1_97' title="bbox 2178 3867 3850 3942; baseline 0 -18"><span class='ocrx_word' id='word_1_816' title='bbox 2178 3867 2472 3939; x_wconf 83' lang='grc' dir='ltr'>ὑπερϐολῇ.</span> <span class='ocrx_word' id='word_1_817' title='bbox 2507 3869 2634 3922; x_wconf 88' lang='grc' dir='ltr'>Δότε</span> <span class='ocrx_word' id='word_1_818' title='bbox 2667 3887 2755 3940; x_wconf 90' lang='grc' dir='ltr'>μοι</span> <span class='ocrx_word' id='word_1_819' title='bbox 2785 3869 3054 3942; x_wconf 85' lang='grc' dir='ltr'>θρηνῆσαι</span> <span class='ocrx_word' id='word_1_820' title='bbox 3079 3869 3146 3924; x_wconf 84' lang='grc' dir='ltr'>τὰ</span> <span class='ocrx_word' id='word_1_821' title='bbox 3171 3869 3434 3940; x_wconf 86' lang='grc' dir='ltr'>παρόντα.</span> <span class='ocrx_word' id='word_1_822' title='bbox 3473 3869 3850 3940; x_wconf 82' lang='grc' dir='ltr'>Ἐσιγήσαμεν</span> 
     </span>
    </p>
   </div>
   <div class='ocr_carea' id='block_1_97' title="bbox 2171 3957 3851 4028">
    <p class='ocr_par' dir='ltr' id='par_1_97' title="bbox 2171 3957 3851 4028">
     <span class='ocr_line' id='line_1_98' title="bbox 2171 3957 3851 4028; baseline 0.001 -19"><span class='ocrx_word' id='word_1_823' title='bbox 2171 3957 2384 4027; x_wconf 81' lang='grc' dir='ltr'>ἡμέρας</span> <span class='ocrx_word' id='word_1_824' title='bbox 2427 3957 2584 4020; x_wconf 85' lang='grc' dir='ltr'>ἐπτά,</span> <span class='ocrx_word' id='word_1_825' title='bbox 2643 3957 2893 4028; x_wconf 83' lang='grc' dir='ltr'>καθάπερ</span> <span class='ocrx_word' id='word_1_826' title='bbox 2943 3959 2992 4010; x_wconf 81' lang='grc' dir='ltr'><strong>οἱ</strong></span> <span class='ocrx_word' id='word_1_827' title='bbox 3041 3957 3185 4026; x_wconf 90' lang='grc' dir='ltr'>φίλοι</span> <span class='ocrx_word' id='word_1_828' title='bbox 3232 3957 3326 4010; x_wconf 82' lang='grc' dir='ltr'>τοῦ</span> <span class='ocrx_word' id='word_1_829' title='bbox 3383 3957 3536 4010; x_wconf 84' lang='grc' dir='ltr'>Ἰώϐ·</span> <span class='ocrx_word' id='word_1_830' title='bbox 3581 3957 3700 4010; x_wconf 89' lang='grc' dir='ltr'>δότε</span> <span class='ocrx_word' id='word_1_831' title='bbox 3753 3973 3851 4027; x_wconf 78' lang='grc' dir='ltr'>μοι</span> 
     </span>
    </p>
   </div>
   <div class='ocr_carea' id='block_1_98' title="bbox 2170 4041 3849 4114">
    <p class='ocr_par' dir='ltr' id='par_1_98' title="bbox 2170 4041 3849 4114">
     <span class='ocr_line' id='line_1_99' title="bbox 2170 4041 3849 4114; baseline 0.001 -19"><span class='ocrx_word' id='word_1_832' title='bbox 2170 4043 2345 4110; x_wconf 89' lang='grc' dir='ltr'>στόμα</span> <span class='ocrx_word' id='word_1_833' title='bbox 2371 4041 2553 4112; x_wconf 81' lang='grc' dir='ltr'>διᾶραι</span> <span class='ocrx_word' id='word_1_834' title='bbox 2587 4043 2650 4112; x_wconf 88' lang='grc' dir='ltr'>σή</span> <span class='ocrx_word' id='word_1_835' title='bbox 2661 4061 2724 4112; x_wconf 92' lang='grc' dir='ltr'>με</span> <span class='ocrx_word' id='word_1_836' title='bbox 2735 4061 2845 4114; x_wconf 90' lang='grc' dir='ltr'>ρον,</span> <span class='ocrx_word' id='word_1_837' title='bbox 2865 4045 2958 4096; x_wconf 78' lang='grc' dir='ltr'>καὶ</span> <span class='ocrx_word' id='word_1_838' title='bbox 2983 4043 3080 4114; x_wconf 87' lang='grc' dir='ltr'>τὴν</span> <span class='ocrx_word' id='word_1_839' title='bbox 3109 4043 3294 4114; x_wconf 84' lang='grc' dir='ltr'>κοινὴν</span> <span class='ocrx_word' id='word_1_840' title='bbox 3321 4043 3524 4114; x_wconf 86' lang='grc' dir='ltr'>ταύτην</span> <span class='ocrx_word' id='word_1_841' title='bbox 3543 4043 3849 4114; x_wconf 81' lang='grc' dir='ltr'>ὀδύρασθαι</span> 
     </span>
    </p>
   </div>
   <div class='ocr_carea' id='block_1_99' title="bbox 2169 4130 3850 4206">
    <p class='ocr_par' dir='ltr' id='par_1_99' title="bbox 2169 4130 3850 4206">
     <span class='ocr_line' id='line_1_100' title="bbox 2169 4130 3850 4206; baseline 0 -24"><span class='ocrx_word' id='word_1_842' title='bbox 2169 4130 2473 4200; x_wconf 84' lang='grc' dir='ltr'>συμφοράν.</span> <span class='ocrx_word' id='word_1_843' title='bbox 2519 4131 2614 4192; x_wconf 90' lang='grc' dir='ltr'>Τίς</span> <span class='ocrx_word' id='word_1_844' title='bbox 2650 4133 2780 4202; x_wconf 83' lang='grc' dir='ltr'>ἡμῖν</span> <span class='ocrx_word' id='word_1_845' title='bbox 2823 4131 3124 4206; x_wconf 81' lang='grc' dir='ltr'>ἐϐάσκηνεν</span> <span class='ocrx_word' id='word_1_846' title='bbox 3159 4131 3210 4196; x_wconf 71' lang='grc' dir='ltr'>ἀ,</span> <span class='ocrx_word' id='word_1_847' title='bbox 3251 4132 3553 4202; x_wconf 88' lang='grc' dir='ltr'>ἀγαπητοί;</span> <span class='ocrx_word' id='word_1_848' title='bbox 3587 4133 3670 4192; x_wconf 88' lang='grc' dir='ltr'>τίς</span> <span class='ocrx_word' id='word_1_849' title='bbox 3703 4133 3850 4200; x_wconf 81' lang='grc' dir='ltr'>ἡμῖν</span> 
     </span>
    </p>
   </div>
   <div class='ocr_carea' id='block_1_100' title="bbox 2165 4215 3852 4289">
    <p class='ocr_par' dir='ltr' id='par_1_100' title="bbox 2165 4215 3852 4289">
     <span class='ocr_line' id='line_1_101' title="bbox 2165 4215 3852 4289; baseline 0 -19"><span class='ocrx_word' id='word_1_850' title='bbox 2165 4217 2462 4287; x_wconf 88' lang='grc' dir='ltr'>ἐφθόνησε;</span> <span class='ocrx_word' id='word_1_851' title='bbox 2493 4215 2654 4269; x_wconf 89' lang='grc' dir='ltr'>πόθεν</span> <span class='ocrx_word' id='word_1_852' title='bbox 2681 4217 2964 4289; x_wconf 88' lang='grc' dir='ltr'>ήτοσαύτη</span> <span class='ocrx_word' id='word_1_853' title='bbox 2995 4219 3180 4286; x_wconf 89' lang='grc' dir='ltr'>γέγονε</span> <span class='ocrx_word' id='word_1_854' title='bbox 3207 4218 3472 4288; x_wconf 86' lang='grc' dir='ltr'>μεταϐολή</span> <span class='ocrx_word' id='word_1_855' title='bbox 3495 4235 3510 4284; x_wconf 89' lang='grc'>;</span> <span class='ocrx_word' id='word_1_856' title='bbox 3547 4219 3718 4271; x_wconf 80' lang='grc' dir='ltr'>Οὐδὲν</span> <span class='ocrx_word' id='word_1_857' title='bbox 3739 4221 3852 4288; x_wconf 86' lang='grc' dir='ltr'>τῆς</span> 
     </span>
    </p>
   </div>
   <div class='ocr_carea' id='block_1_101' title="bbox 2167 4299 3850 4374">
    <p class='ocr_par' dir='ltr' id='par_1_101' title="bbox 2167 4299 3850 4374">
     <span class='ocr_line' id='line_1_102' title="bbox 2167 4299 3850 4374; baseline 0 -18"><span class='ocrx_word' id='word_1_858' title='bbox 2167 4303 2374 4366; x_wconf 86' lang='grc' dir='ltr'>πόλεως</span> <span class='ocrx_word' id='word_1_859' title='bbox 2425 4303 2524 4371; x_wconf 86' lang='grc' dir='ltr'>τῆς</span> <span class='ocrx_word' id='word_1_860' title='bbox 2579 4303 2854 4374; x_wconf 80' lang='grc' dir='ltr'>ἡμετέρας</span> <span class='ocrx_word' id='word_1_861' title='bbox 2909 4304 3230 4374; x_wconf 88' lang='grc' dir='ltr'>σεμνότερον</span> <span class='ocrx_word' id='word_1_862' title='bbox 3277 4299 3346 4374; x_wconf 76' lang='grc' dir='ltr'>ἦν</span> <span class='ocrx_word' id='word_1_863' title='bbox 3369 4319 3385 4334; x_wconf 89' lang='grc'><strong>·</strong></span> <span class='ocrx_word' id='word_1_864' title='bbox 3437 4303 3588 4356; x_wconf 79' lang='grc' dir='ltr'><strong>οὐδὲν</strong></span> <span class='ocrx_word' id='word_1_865' title='bbox 3641 4305 3850 4372; x_wconf 72' lang='grc' dir='ltr'>γέγονε</span> 
     </span>
    </p>
   </div>
   <div class='ocr_carea' id='block_1_102' title="bbox 2163 4391 3852 4465">
    <p class='ocr_par' dir='ltr' id='par_1_102' title="bbox 2163 4391 3852 4465">
     <span class='ocr_line' id='line_1_103' title="bbox 2163 4391 3852 4465; baseline 0.004 -24"><span class='ocrx_word' id='word_1_866' title='bbox 2163 4391 2516 4462; x_wconf 81' lang='grc' dir='ltr'>ἐλεεινότερον</span> <span class='ocrx_word' id='word_1_867' title='bbox 2547 4391 2662 4444; x_wconf 87' lang='grc' dir='ltr'>νῦν.</span> <span class='ocrx_word' id='word_1_868' title='bbox 2703 4393 2882 4462; x_wconf 82' lang='grc' dir='ltr'>Δῆμος</span> <span class='ocrx_word' id='word_1_869' title='bbox 2911 4391 3171 4456; x_wconf 75' lang='grc' dir='ltr'>εὔτακτος</span> <span class='ocrx_word' id='word_1_870' title='bbox 3203 4392 3344 4446; x_wconf 80' lang='grc' dir='ltr'>οὕτω</span> <span class='ocrx_word' id='word_1_871' title='bbox 3373 4393 3464 4446; x_wconf 75' lang='grc' dir='ltr'>καὶ</span> <span class='ocrx_word' id='word_1_872' title='bbox 3493 4395 3714 4465; x_wconf 81' lang='grc' dir='ltr'>ἥμερος,</span> <span class='ocrx_word' id='word_1_873' title='bbox 3749 4396 3852 4448; x_wconf 79' lang='grc' dir='ltr'>καὶ</span> 
     </span>
    </p>
   </div>
   <div class='ocr_carea' id='block_1_103' title="bbox 2165 4477 3852 4552">
    <p class='ocr_par' dir='ltr' id='par_1_103' title="bbox 2165 4477 3852 4552">
     <span class='ocr_line' id='line_1_104' title="bbox 2165 4477 3852 4552; baseline 0.004 -23"><span class='ocrx_word' id='word_1_874' title='bbox 2165 4477 2414 4549; x_wconf 87' lang='grc' dir='ltr'>καθάπερ</span> <span class='ocrx_word' id='word_1_875' title='bbox 2443 4479 2608 4540; x_wconf 86' lang='grc' dir='ltr'>ἵππος</span> <span class='ocrx_word' id='word_1_876' title='bbox 2631 4479 2919 4550; x_wconf 85' lang='grc' dir='ltr'>χειροήθης</span> <span class='ocrx_word' id='word_1_877' title='bbox 2941 4481 3033 4532; x_wconf 70' lang='grc' dir='ltr'>καὶ</span> <span class='ocrx_word' id='word_1_878' title='bbox 3055 4480 3330 4543; x_wconf 78' lang='grc' dir='ltr'>τιθασοὺς,</span> <span class='ocrx_word' id='word_1_879' title='bbox 3355 4481 3442 4533; x_wconf 79' lang='grc' dir='ltr'>ἀεὶ</span> <span class='ocrx_word' id='word_1_880' title='bbox 3465 4484 3586 4544; x_wconf 89' lang='grc' dir='ltr'>ταῖς</span> <span class='ocrx_word' id='word_1_881' title='bbox 3607 4481 3714 4534; x_wconf 86' lang='grc' dir='ltr'>τῶν</span> <span class='ocrx_word' id='word_1_882' title='bbox 3743 4485 3852 4552; x_wconf 82' lang='grc' dir='ltr'>ἀρ-</span> 
     </span>
    </p>
   </div>
   <div class='ocr_carea' id='block_1_104' title="bbox 2165 4565 3852 4642">
    <p class='ocr_par' dir='ltr' id='par_1_104' title="bbox 2165 4565 3852 4642">
     <span class='ocr_line' id='line_1_105' title="bbox 2165 4565 3852 4642; baseline 0.003 -25"><span class='ocrx_word' id='word_1_883' title='bbox 2165 4565 2369 4634; x_wconf 88' lang='grc' dir='ltr'>χόντων</span> <span class='ocrx_word' id='word_1_884' title='bbox 2400 4567 2563 4619; x_wconf 83' lang='grc' dir='ltr'>εἴκων</span> <span class='ocrx_word' id='word_1_885' title='bbox 2600 4569 2805 4637; x_wconf 74' lang='grc' dir='ltr'>χερσὶν,</span> <span class='ocrx_word' id='word_1_886' title='bbox 2841 4567 3100 4639; x_wconf 78' lang='grc' dir='ltr'>ἐξαίφνης</span> <span class='ocrx_word' id='word_1_887' title='bbox 3117 4569 3368 4623; x_wconf 87' lang='grc' dir='ltr'>τοσοῦτον</span> <span class='ocrx_word' id='word_1_888' title='bbox 3403 4572 3532 4639; x_wconf 83' lang='grc' dir='ltr'>ἡμῖν</span> <span class='ocrx_word' id='word_1_889' title='bbox 3563 4572 3852 4642; x_wconf 76' lang='grc' dir='ltr'>ἀπεσκίρ-</span> 
     </span>
    </p>
   </div>
   <div class='ocr_carea' id='block_1_105' title="bbox 2165 4651 3849 4726">
    <p class='ocr_par' dir='ltr' id='par_1_105' title="bbox 2165 4651 3849 4726">
     <span class='ocr_line' id='line_1_106' title="bbox 2165 4651 3849 4726; baseline 0.006 -24"><span class='ocrx_word' id='word_1_890' title='bbox 2165 4668 2297 4721; x_wconf 89' lang='grc' dir='ltr'>τησε</span> <span class='ocrx_word' id='word_1_891' title='bbox 2333 4651 2448 4716; x_wconf 85' lang='grc' dir='ltr'>νῦν,</span> <span class='ocrx_word' id='word_1_892' title='bbox 2479 4653 2554 4715; x_wconf 82' lang='grc' dir='ltr'>ὡς</span> <span class='ocrx_word' id='word_1_893' title='bbox 2583 4653 2820 4707; x_wconf 86' lang='grc' dir='ltr'>τοσαῦτα</span> <span class='ocrx_word' id='word_1_894' title='bbox 2849 4656 3184 4726; x_wconf 85' lang='grc' dir='ltr'>ἐργάσασθαι</span> <span class='ocrx_word' id='word_1_895' title='bbox 3227 4657 3394 4720; x_wconf 84' lang='grc' dir='ltr'>κακὰ,</span> <span class='ocrx_word' id='word_1_896' title='bbox 3421 4656 3456 4710; x_wconf 73' lang='grc' dir='ltr'>ἀ</span> <span class='ocrx_word' id='word_1_897' title='bbox 3495 4657 3627 4726; x_wconf 82' lang='grc' dir='ltr'>μηδὲ</span> <span class='ocrx_word' id='word_1_898' title='bbox 3655 4659 3849 4712; x_wconf 84' lang='grc' dir='ltr'>εἰπεῖν</span> 
     </span>
    </p>
   </div>
   <div class='ocr_carea' id='block_1_106' title="bbox 2166 4737 3852 4816">
    <p class='ocr_par' dir='ltr' id='par_1_106' title="bbox 2166 4737 3852 4816">
     <span class='ocr_line' id='line_1_107' title="bbox 2166 4737 3852 4816; baseline 0.007 -26"><span class='ocrx_word' id='word_1_899' title='bbox 2166 4737 2342 4808; x_wconf 87' lang='grc' dir='ltr'>θέμις.</span> <span class='ocrx_word' id='word_1_900' title='bbox 2373 4739 2664 4811; x_wconf 86' lang='grc' dir='ltr'>Ὀδύρομαι</span> <span class='ocrx_word' id='word_1_901' title='bbox 2693 4742 2789 4795; x_wconf 72' lang='grc' dir='ltr'>καὶ</span> <span class='ocrx_word' id='word_1_902' title='bbox 2813 4741 2996 4812; x_wconf 86' lang='grc' dir='ltr'>θρηνῶ</span> <span class='ocrx_word' id='word_1_903' title='bbox 3023 4742 3136 4806; x_wconf 85' lang='grc' dir='ltr'>νῦν,</span> <span class='ocrx_word' id='word_1_904' title='bbox 3174 4743 3234 4795; x_wconf 86' lang='grc' dir='ltr'>οὑ</span> <span class='ocrx_word' id='word_1_905' title='bbox 3267 4743 3355 4796; x_wconf 84' lang='grc' dir='ltr'>διὰ</span> <span class='ocrx_word' id='word_1_906' title='bbox 3381 4744 3442 4796; x_wconf 79' lang='grc' dir='ltr'>τὸ</span> <span class='ocrx_word' id='word_1_907' title='bbox 3473 4745 3700 4815; x_wconf 82' lang='grc' dir='ltr'>μέγεθος</span> <span class='ocrx_word' id='word_1_908' title='bbox 3737 4747 3852 4816; x_wconf 83' lang='grc' dir='ltr'>τῆς</span> 
     </span>
    </p>
   </div>
   <div class='ocr_carea' id='block_1_107' title="bbox 2163 4824 3850 4904">
    <p class='ocr_par' dir='ltr' id='par_1_107' title="bbox 2163 4824 3850 4904">
     <span class='ocr_line' id='line_1_108' title="bbox 2163 4824 3850 4904; baseline 0.006 -29"><span class='ocrx_word' id='word_1_909' title='bbox 2163 4824 2619 4897; x_wconf 83' lang='grc' dir='ltr'>προσδοκωμένης</span> <span class='ocrx_word' id='word_1_910' title='bbox 2663 4827 2911 4898; x_wconf 88' lang='grc' dir='ltr'>ἀπειλῆς,</span> <span class='ocrx_word' id='word_1_911' title='bbox 2951 4827 3086 4881; x_wconf 88' lang='grc' dir='ltr'>ἀλλά</span> <span class='ocrx_word' id='word_1_912' title='bbox 3127 4829 3214 4882; x_wconf 82' lang='grc' dir='ltr'>διὰ</span> <span class='ocrx_word' id='word_1_913' title='bbox 3259 4828 3354 4900; x_wconf 81' lang='grc' dir='ltr'>τὴν</span> <span class='ocrx_word' id='word_1_914' title='bbox 3390 4829 3696 4901; x_wconf 85' lang='grc' dir='ltr'>ὑπερϐολὴν</span> <span class='ocrx_word' id='word_1_915' title='bbox 3737 4835 3850 4904; x_wconf 82' lang='grc' dir='ltr'>τῆς</span> 
     </span>
    </p>
   </div>
   <div class='ocr_carea' id='block_1_108' title="bbox 2163 4913 3849 4989">
    <p class='ocr_par' dir='ltr' id='par_1_108' title="bbox 2163 4913 3849 4989">
     <span class='ocr_line' id='line_1_109' title="bbox 2163 4913 3849 4989; baseline 0.008 -29"><span class='ocrx_word' id='word_1_916' title='bbox 2163 4913 2532 4984; x_wconf 87' lang='grc' dir='ltr'>γεγενημένης</span> <span class='ocrx_word' id='word_1_917' title='bbox 2567 4915 2785 4983; x_wconf 87' lang='grc' dir='ltr'>μανίας.</span> <span class='ocrx_word' id='word_1_918' title='bbox 2817 4916 2878 4968; x_wconf 89' lang='grc' dir='ltr'>Εἰ</span> <span class='ocrx_word' id='word_1_919' title='bbox 2913 4916 3023 4985; x_wconf 81' lang='grc' dir='ltr'>γὰρ</span> <span class='ocrx_word' id='word_1_920' title='bbox 3049 4915 3124 4986; x_wconf 82' lang='grc' dir='ltr'>μὴ</span> <span class='ocrx_word' id='word_1_921' title='bbox 3151 4916 3510 4989; x_wconf 81' lang='grc' dir='ltr'>παροξυνθείη</span> <span class='ocrx_word' id='word_1_922' title='bbox 3559 4918 3849 4988; x_wconf 79' lang='grc' dir='ltr'>βασιλεὺς,</span> 
     </span>
    </p>
   </div>
   <div class='ocr_carea' id='block_1_109' title="bbox 2170 4997 3844 5080">
    <p class='ocr_par' dir='ltr' id='par_1_109' title="bbox 2170 4997 3844 5080">
     <span class='ocr_line' id='line_1_110' title="bbox 2170 4997 3844 5080; baseline 0.007 -33"><span class='ocrx_word' id='word_1_923' title='bbox 2170 4997 2304 5068; x_wconf 83' lang='grc' dir='ltr'>μηδὲ</span> <span class='ocrx_word' id='word_1_924' title='bbox 2343 4997 2658 5068; x_wconf 82' lang='grc' dir='ltr'>ὀργισθείη,</span> <span class='ocrx_word' id='word_1_925' title='bbox 2687 5001 2822 5070; x_wconf 84' lang='grc' dir='ltr'>μηδέ</span> <span class='ocrx_word' id='word_1_926' title='bbox 2865 5000 3112 5055; x_wconf 88' lang='grc' dir='ltr'>κολάσειε</span> <span class='ocrx_word' id='word_1_927' title='bbox 3152 5002 3246 5054; x_wconf 83' lang='grc' dir='ltr'>καὶ</span> <span class='ocrx_word' id='word_1_928' title='bbox 3287 5004 3662 5074; x_wconf 82' lang='grc' dir='ltr'>τιμωρήσαιτο</span> <span class='ocrx_word' id='word_1_929' title='bbox 3705 5003 3844 5080; x_wconf 73' lang='grc'>[21]</span> 
     </span>
    </p>
   </div>
   <div class='ocr_carea' id='block_1_110' title="bbox 2161 5085 3850 5166">
    <p class='ocr_par' dir='ltr' id='par_1_110' title="bbox 2161 5085 3850 5166">
     <span class='ocr_line' id='line_1_111' title="bbox 2161 5085 3850 5166; baseline 0.006 -30"><span class='ocrx_word' id='word_1_930' title='bbox 2161 5085 2275 5148; x_wconf 78' lang='grc' dir='ltr'>πῶς</span> <span class='ocrx_word' id='word_1_931' title='bbox 2300 5086 2536 5156; x_wconf 73' lang='grc' dir='ltr'>οἴσομεν,</span> <span class='ocrx_word' id='word_1_932' title='bbox 2555 5087 2676 5140; x_wconf 84' lang='grc' dir='ltr'>εἰπέ</span> <span class='ocrx_word' id='word_1_933' title='bbox 2699 5105 2812 5158; x_wconf 92' lang='grc' dir='ltr'>μοι,</span> <span class='ocrx_word' id='word_1_934' title='bbox 2829 5089 2929 5159; x_wconf 83' lang='grc' dir='ltr'>τὴν</span> <span class='ocrx_word' id='word_1_935' title='bbox 2954 5088 3216 5160; x_wconf 80' lang='grc' dir='ltr'>αἰσχύνην</span> <span class='ocrx_word' id='word_1_936' title='bbox 3229 5089 3327 5158; x_wconf 83' lang='grc' dir='ltr'>τὴν</span> <span class='ocrx_word' id='word_1_937' title='bbox 3343 5089 3451 5142; x_wconf 78' lang='grc' dir='ltr'>ἀπὸ</span> <span class='ocrx_word' id='word_1_938' title='bbox 3477 5091 3582 5143; x_wconf 88' lang='grc' dir='ltr'>τῶν</span> <span class='ocrx_word' id='word_1_939' title='bbox 3601 5107 3850 5166; x_wconf 82' lang='grc' dir='ltr'>γεγενη-</span> 
     </span>
    </p>
   </div>
   <div class='ocr_carea' id='block_1_111' title="bbox 2161 5171 3847 5251">
    <p class='ocr_par' dir='ltr' id='par_1_111' title="bbox 2161 5171 3847 5251">
     <span class='ocr_line' id='line_1_112' title="bbox 2161 5171 3847 5251; baseline 0.006 -29"><span class='ocrx_word' id='word_1_940' title='bbox 2161 5172 2368 5241; x_wconf 82' lang='grc' dir='ltr'>μένων;</span> <span class='ocrx_word' id='word_1_941' title='bbox 2419 5171 2781 5226; x_wconf 86' lang='grc' dir='ltr'>Διακόπτεταί</span> <span class='ocrx_word' id='word_1_942' title='bbox 2829 5191 2919 5244; x_wconf 92' lang='grc' dir='ltr'>μοι</span> <span class='ocrx_word' id='word_1_943' title='bbox 2965 5177 3064 5245; x_wconf 88' lang='grc' dir='ltr'>τῆς</span> <span class='ocrx_word' id='word_1_944' title='bbox 3104 5175 3452 5238; x_wconf 86' lang='grc' dir='ltr'>διδασκαλίας</span> <span class='ocrx_word' id='word_1_945' title='bbox 3494 5178 3522 5229; x_wconf 87' lang='grc' dir='ltr'>ό</span> <span class='ocrx_word' id='word_1_946' title='bbox 3552 5177 3710 5245; x_wconf 84' lang='grc' dir='ltr'>λόγος</span> <span class='ocrx_word' id='word_1_947' title='bbox 3757 5181 3847 5251; x_wconf 77' lang='grc' dir='ltr'>τῷ</span> 
     </span>
    </p>
   </div>
   <div class='ocr_carea' id='block_1_112' title="bbox 2159 5258 3838 5337">
    <p class='ocr_par' dir='ltr' id='par_1_112' title="bbox 2159 5258 3838 5337">
     <span class='ocr_line' id='line_1_113' title="bbox 2159 5258 3838 5337; baseline 0.005 -27"><span class='ocrx_word' id='word_1_948' title='bbox 2159 5259 2358 5329; x_wconf 82' lang='grc' dir='ltr'>θρήνῳ·</span> <span class='ocrx_word' id='word_1_949' title='bbox 2397 5258 2549 5328; x_wconf 89' lang='grc' dir='ltr'>μόλις</span> <span class='ocrx_word' id='word_1_950' title='bbox 2600 5261 2766 5330; x_wconf 88' lang='grc' dir='ltr'>ίσχύω</span> <span class='ocrx_word' id='word_1_951' title='bbox 2803 5263 2982 5332; x_wconf 81' lang='grc' dir='ltr'>διᾶραι</span> <span class='ocrx_word' id='word_1_952' title='bbox 3016 5263 3206 5333; x_wconf 88' lang='grc' dir='ltr'>στόμα,</span> <span class='ocrx_word' id='word_1_953' title='bbox 3257 5264 3351 5316; x_wconf 70' lang='grc' dir='ltr'>καλ⁵</span> <span class='ocrx_word' id='word_1_954' title='bbox 3377 5259 3583 5330; x_wconf 75' lang='grc' dir='ltr'>ἀνοῖξαι</span> <span class='ocrx_word' id='word_1_955' title='bbox 3625 5265 3792 5337; x_wconf 84' lang='grc' dir='ltr'>χείλη</span> <span class='ocrx_word' id='word_1_956' title='bbox 3821 5309 3838 5333; x_wconf 87' lang='grc'>,</span> 
     </span>
    </p>
   </div>
   <div class='ocr_carea' id='block_1_113' title="bbox 2165 5341 3851 5418">
    <p class='ocr_par' dir='ltr' id='par_1_113' title="bbox 2165 5341 3851 5418">
     <span class='ocr_line' id='line_1_114' title="bbox 2165 5341 3851 5418; baseline 0.007 -26"><span class='ocrx_word' id='word_1_957' title='bbox 2165 5341 2259 5394; x_wconf 81' lang='grc' dir='ltr'>καὶ</span> <span class='ocrx_word' id='word_1_958' title='bbox 2293 5341 2515 5412; x_wconf 82' lang='grc' dir='ltr'>κινῆσαι</span> <span class='ocrx_word' id='word_1_959' title='bbox 2543 5342 2810 5410; x_wconf 90' lang='grc' dir='ltr'>γλῶτταν,</span> <span class='ocrx_word' id='word_1_960' title='bbox 2834 5345 2926 5398; x_wconf 79' lang='grc' dir='ltr'>καὶ</span> <span class='ocrx_word' id='word_1_961' title='bbox 2955 5347 3175 5416; x_wconf 82' lang='grc' dir='ltr'>ῥήματα</span> <span class='ocrx_word' id='word_1_962' title='bbox 3213 5349 3498 5418; x_wconf 87' lang='grc' dir='ltr'>προέσθαι·</span> <span class='ocrx_word' id='word_1_963' title='bbox 3533 5348 3678 5403; x_wconf 81' lang='grc' dir='ltr'>οὕτω</span> <span class='ocrx_word' id='word_1_964' title='bbox 3703 5354 3851 5405; x_wconf 79' lang='grc' dir='ltr'>καθ-</span> 
     </span>
    </p>
   </div>
   <div class='ocr_carea' id='block_1_114' title="bbox 2166 5429 3852 5512">
    <p class='ocr_par' dir='ltr' id='par_1_114' title="bbox 2166 5429 3852 5512">
     <span class='ocr_line' id='line_1_115' title="bbox 2166 5429 3852 5512; baseline 0.005 -28"><span class='ocrx_word' id='word_1_965' title='bbox 2166 5429 2308 5500; x_wconf 85' lang='grc' dir='ltr'>άπερ</span> <span class='ocrx_word' id='word_1_966' title='bbox 2345 5429 2562 5499; x_wconf 86' lang='grc' dir='ltr'>χαλινὸς</span> <span class='ocrx_word' id='word_1_967' title='bbox 2589 5433 2618 5484; x_wconf 87' lang='grc' dir='ltr'>ό</span> <span class='ocrx_word' id='word_1_968' title='bbox 2639 5432 2739 5502; x_wconf 89' lang='grc' dir='ltr'>τῆς</span> <span class='ocrx_word' id='word_1_969' title='bbox 2760 5431 2995 5502; x_wconf 89' lang='grc' dir='ltr'>ἀθυμίας</span> <span class='ocrx_word' id='word_1_970' title='bbox 3021 5434 3182 5502; x_wconf 77' lang='grc' dir='ltr'>ὄγκος</span> <span class='ocrx_word' id='word_1_971' title='bbox 3202 5436 3534 5506; x_wconf 87' lang='grc' dir='ltr'>ἀποστρέφει</span> <span class='ocrx_word' id='word_1_972' title='bbox 3556 5455 3654 5508; x_wconf 88' lang='grc' dir='ltr'>μου</span> <span class='ocrx_word' id='word_1_973' title='bbox 3687 5451 3710 5478; x_wconf 80' lang='grc' dir='ltr'><strong><em>ο</em></strong></span> <span class='ocrx_word' id='word_1_974' title='bbox 3735 5442 3852 5512; x_wconf 81' lang='grc' dir='ltr'>τὴν</span> 
     </span>
    </p>
   </div>
   <div class='ocr_carea' id='block_1_115' title="bbox 2161 5515 3856 5598">
    <p class='ocr_par' dir='ltr' id='par_1_115' title="bbox 2161 5515 3856 5598">
     <span class='ocr_line' id='line_1_116' title="bbox 2161 5515 3856 5598; baseline 0.006 -31"><span class='ocrx_word' id='word_1_975' title='bbox 2161 5515 2427 5584; x_wconf 86' lang='grc' dir='ltr'>γλῶτταν,</span> <span class='ocrx_word' id='word_1_976' title='bbox 2459 5517 2554 5570; x_wconf 78' lang='grc' dir='ltr'>καὶ</span> <span class='ocrx_word' id='word_1_977' title='bbox 2597 5517 2702 5571; x_wconf 88' lang='grc' dir='ltr'>τῶν</span> <span class='ocrx_word' id='word_1_978' title='bbox 2745 5520 3002 5590; x_wconf 79' lang='grc' dir='ltr'>ῥημάτων</span> <span class='ocrx_word' id='word_1_979' title='bbox 3041 5521 3493 5592; x_wconf 87' lang='grc' dir='ltr'>ἐπιλαμϐάνεται.</span> <span class='ocrx_word' id='word_1_980' title='bbox 3535 5525 3698 5577; x_wconf 81' lang='grc' dir='ltr'>Οὐδὲν</span> <span class='ocrx_word' id='word_1_981' title='bbox 3741 5529 3856 5598; x_wconf 84' lang='grc' dir='ltr'>τῆς</span> 
     </span>
    </p>
   </div>
   <div class='ocr_carea' id='block_1_116' title="bbox 2166 5603 3858 5681">
    <p class='ocr_par' dir='ltr' id='par_1_116' title="bbox 2166 5603 3858 5681">
     <span class='ocr_line' id='line_1_117' title="bbox 2166 5603 3858 5681; baseline 0.008 -28"><span class='ocrx_word' id='word_1_982' title='bbox 2166 5603 2372 5666; x_wconf 80' lang='grc' dir='ltr'>πόλεως</span> <span class='ocrx_word' id='word_1_983' title='bbox 2399 5605 2496 5674; x_wconf 89' lang='grc' dir='ltr'>τῆς</span> <span class='ocrx_word' id='word_1_984' title='bbox 2519 5605 2792 5676; x_wconf 80' lang='grc' dir='ltr'>ἡμετέρας</span> <span class='ocrx_word' id='word_1_985' title='bbox 2825 5609 3087 5678; x_wconf 86' lang='grc' dir='ltr'>πρότερον</span> <span class='ocrx_word' id='word_1_986' title='bbox 3127 5609 3541 5681; x_wconf 87' lang='grc' dir='ltr'>μακαριώτερον</span> <span class='ocrx_word' id='word_1_987' title='bbox 3567 5606 3652 5680; x_wconf 82' lang='grc' dir='ltr'>ἦν.</span> <span class='ocrx_word' id='word_1_988' title='bbox 3683 5613 3858 5668; x_wconf 84' lang='grc' dir='ltr'>οὐδὲν</span> 
     </span>
    </p>
   </div>
   <div class='ocr_carea' id='block_1_117' title="bbox 2237 5705 3860 5778">
    <p class='ocr_par' dir='ltr' id='par_1_117' title="bbox 2237 5705 3860 5778">
     <span class='ocr_line' id='line_1_118' title="bbox 2237 5705 3860 5778; baseline 0.006 -22"><span class='ocrx_word' id='word_1_989' title='bbox 2237 5709 2274 5778; x_wconf 37' lang='lat' dir='ltr'>f1.</span> <span class='ocrx_word' id='word_1_990' title='bbox 2299 5705 2542 5778; x_wconf 40' lang='lat' dir='ltr'>Savil.‘e_!_</span> <span class='ocrx_word' id='word_1_991' title='bbox 2560 5708 2756 5778; x_wconf 46' lang='lat' dir='ltr'>quidam</span> <span class='ocrx_word' id='word_1_992' title='bbox 2793 5723 2907 5758; x_wconf 78' lang='lat' dir='ltr'>mss.</span> <span class='ocrx_word' id='word_1_993' title='bbox 2933 5711 3002 5766; x_wconf 84' lang='grc' dir='ltr'>τίς</span> <span class='ocrx_word' id='word_1_994' title='bbox 3026 5712 3138 5773; x_wconf 74' lang='grc' dir='ltr'>ἡμῖν</span> <span class='ocrx_word' id='word_1_995' title='bbox 3163 5713 3440 5774; x_wconf 81' lang='grc' dir='ltr'>ἐϐάσκηνεν,</span> <span class='ocrx_word' id='word_1_996' title='bbox 3482 5715 3581 5776; x_wconf 84' lang='grc' dir='ltr'>ἀγ.;</span> <span class='ocrx_word' id='word_1_997' title='bbox 3627 5713 3693 5769; x_wconf 73' lang='grc' dir='ltr'>τίς</span> <span class='ocrx_word' id='word_1_998' title='bbox 3723 5719 3860 5778; x_wconf 79' lang='grc' dir='ltr'>ἡμῖν</span> 
     </span>
    </p>
   </div>
   <div class='ocr_carea' id='block_1_118' title="bbox 2168 5767 2800 5832">
    <p class='ocr_par' dir='ltr' id='par_1_118' title="bbox 2168 5767 2800 5832">
     <span class='ocr_line' id='line_1_119' title="bbox 2168 5767 2800 5832; baseline -0.003 -16"><span class='ocrx_word' id='word_1_999' title='bbox 2168 5767 2420 5832; x_wconf 58' lang='grc' dir='ltr'>ἓφθὸκςησες</span> <span class='ocrx_word' id='word_1_1000' title='bbox 2446 5771 2543 5818; x_wconf 77' lang='lat' dir='ltr'>Alii</span> <span class='ocrx_word' id='word_1_1001' title='bbox 2566 5767 2690 5832; x_wconf 70' lang='grc' dir='ltr'>ἡμᾶς</span> <span class='ocrx_word' id='word_1_1002' title='bbox 2711 5770 2800 5820; x_wconf 85' lang='lat' dir='ltr'>bis.</span> 
     </span>
    </p>
   </div>
   <div class='ocr_carea' id='block_1_119' title="bbox 2239 5829 3770 5901">
    <p class='ocr_par' dir='ltr' id='par_1_119' title="bbox 2239 5829 3770 5901">
     <span class='ocr_line' id='line_1_120' title="bbox 2239 5829 3770 5901; baseline 0.001 -19"><span class='ocrx_word' id='word_1_1003' title='bbox 2239 5843 2261 5870; x_wconf 81' lang='grc'><strong><em>⁸</em></strong></span> <span class='ocrx_word' id='word_1_1004' title='bbox 2287 5829 2434 5882; x_wconf 75' lang='lat' dir='ltr'>Savil.</span> <span class='ocrx_word' id='word_1_1005' title='bbox 2462 5839 2512 5880; x_wconf 83' lang='lat' dir='ltr'>cl</span> <span class='ocrx_word' id='word_1_1006' title='bbox 2533 5829 2911 5896; x_wconf 73' lang='grc' dir='ltr'>αὶὶἱάποστρέφει</span> <span class='ocrx_word' id='word_1_1007' title='bbox 2933 5849 3028 5895; x_wconf 87' lang='grc' dir='ltr'>μοι.</span> <span class='ocrx_word' id='word_1_1008' title='bbox 3053 5833 3159 5884; x_wconf 81' lang='lat' dir='ltr'>Mox</span> <span class='ocrx_word' id='word_1_1009' title='bbox 3182 5835 3328 5897; x_wconf 82' lang='lat' dir='ltr'><strong>aliqui</strong></span> <span class='ocrx_word' id='word_1_1010' title='bbox 3363 5837 3572 5898; x_wconf 79' lang='grc' dir='ltr'>μέλιτται</span> <span class='ocrx_word' id='word_1_1011' title='bbox 3599 5833 3770 5901; x_wconf 81' lang='grc' dir='ltr'>κηρίῳ.</span> 
     </span>
    </p>
   </div>
  </div>
