4074 6218
317 301 386 357 53
1001 288 1006 292 ’
1275 303 1362 360 AD
1401 304 1719 362 POPULUM
1761 305 2269 367 amtocuENun.
2316 309 2542 366 llOMlL.
2576 312 2636 368 ιι.
3533 323 3598 380 si,

313 432 368 474 et
395 416 574 496 Judaei.
592 426 644 472 et
663 418 907 488 gentiles,
925 414 1258 472 Christianos
1277 433 1397 474 esse
1431 419 1657 474 civitatis
1680 434 1903 474 conser-

314 519 545 572 vatores,
579 517 633 562 et
662 519 956 571 curatores,
989 517 1043 563 et
1064 509 1320 576 pratsides
1347 552 1362 575 ,
1403 520 1456 564 et
1496 515 1776 580 magistros
1804 530 1816 565 :
1851 523 1905 566 et

315 602 455 654 idem
483 601 694 655 discant
721 600 962 655 dissoluti
991 609 1044 654 et
1067 602 1334 669 perversi,
1370 604 1630 658 timendos
1655 605 1754 659 sibi
1784 621 1904 660 esse

312 693 403 747 Dei
430 707 633 756 servos,
656 700 713 743 ut
739 700 793 745 et
813 692 856 744 si
883 691 1007 761 quid
1037 692 1140 745 tale
1160 692 1301 762 loqui
1327 709 1573 762 umquam
1592 695 1903 764 aggredian-

309 794 418 847 tur,
454 798 570 836 sese
597 781 829 851 undique
849 784 1280 852 circumSpiciant
1310 793 1364 838 et
1395 786 1606 840 umbras
1645 787 1896 850 timeant,

307 876 452 928 anxii
477 891 540 928 ne
565 875 697 928 forte
717 874 1055 929 Christianus
1071 876 1291 930 audiens
1315 877 1524 941 insiliat,
1551 887 1603 929 et
1625 878 1904 931 vehemen-

307 967 414 1020 tius
438 966 642 1035 puniat.
686 963 801 1019 Non
819 967 1010 1020 audisti
1033 966 1154 1036 quid
1176 966 1408 1021 Joannes
1443 968 1668 1022 fecerit?
1693 968 1899 1038 Tyran-

304 1076 437 1113 num
476 1061 604 1115 vidit
622 1061 888 1114 hominem
912 1061 1213 1129 nuptiarum
1236 1060 1380 1129 leges
1399 1060 1817 1125 subvertentem,
1846 1067 1902 1114 et

305 1165 430 1205 cum
477 1149 664 1204 fiducia
697 1151 747 1203 in
775 1151 950 1204 medio
980 1150 1098 1204 foro
1126 1151 1287 1204 dicit:
1321 1149 1441 1204 Non
1473 1151 1585 1204 licet
1614 1151 1700 1204 tibi
1719 1151 1899 1204 habere

304 1257 516 1294 uxorem
547 1241 775 1312 Philippi
793 1244 962 1314 fratris
989 1243 1062 1295 tm’
1079 1240 1448 1312 (Marc.6.l8).
1468 1243 1578 1312 Ego
1594 1251 1768 1297 autem
1792 1259 1894 1297 non

306 1334 375 1387 ad
401 1343 680 1403 tyrannum
723 1343 774 1390 te
810 1335 974 1399 duxi,
1001 1349 1174 1404 neque
1200 1336 1264 1388 ad
1298 1335 1565 1404 judicem,
1599 1351 1770 1405 neque
1802 1351 1898 1404 pro

303 1424 507 1492 nuptiis
542 1425 829 1494 illegitimis
859 1465 873 1488 ,
925 1440 1096 1494 neque
1141 1440 1238 1493 pro
1281 1431 1552 1478 conservis
1577 1425 1892 1479 contumelia

299 1517 530 1580 affectis,
559 1517 652 1570 sed
692 1531 788 1582 pro
811 1514 989 1569 furore
1013 1515 1064 1568 in
1097 1516 1394 1582 hominum,
1429 1515 1687 1584 :equalem
1720 1525 1775 1568 ut
1809 1531 1894 1570 ca-

297 1606 466 1674 stiges
495 1608 746 1674 deposco.
772 1605 959 1661 Nonne
988 1606 1033 1660 si
1048 1606 1137 1660 tibi
1162 1606 1436 1670 dixissem,
1471 1620 1623 1674 reges
1655 1606 1732 1660 vel
1752 1605 1894 1675 judi-

298 1710 392 1749 ces
417 1697 826 1764 praevaricantcs
850 1697 974 1765 puni
1002 1696 1084 1751 vel
1107 1697 1332 1765 corrige,
1366 1712 1452 1750 me
1475 1695 1707 1749 insanire
1735 1696 1894 1749 dixis-

295 1788 432 1843 ses?
475 1789 539 1842 Et
581 1799 756 1843 tamen
784 1789 1017 1845 Joannes
1059 1790 1161 1845 hoc
1197 1789 1358 1844 fecit:
1411 1789 1543 1843 adeo
1586 1803 1692 1840 non
1733 1789 1889 1843 estid

291 1895 456 1949 supra
495 1896 608 1935 nos.
640 1882 794 1935 Nunc
811 1898 936 1936 vero
958 1884 1142 1937 saltem
1168 1897 1504 1946 conservum,
1533 1881 1611 1936 vel
1631 1885 1887 1954 aequalem

290 1971 544 2041 corrige,
576 1974 699 2027 etsi
745 1974 882 2027 mori
911 1989 1044 2043 opus
1088 1975 1189 2040 sit,
1245 1977 1506 2046 castigare
1559 1977 1776 2032 fratrem
1822 1994 1888 2032 ne

292 2074 540 2132 torpeas:
572 2066 884 2135 martyrium
911 2067 1002 2119 tibi
1029 2065 1130 2120 hoc
1153 2075 1271 2131 est,
1296 2069 1545 2137 quoniam
1575 2080 1626 2123 et
1647 2069 1884 2124 Joannes

289 2164 502 2224 martyr
527 2154 644 2209 fuit.
679 2156 792 2209 Non
819 2158 1312 2229 sacrificarejussus
1334 2160 1451 2226 fuit,
1484 2176 1658 2230 neque
1681 2162 1881 2217 idolum

290 2246 522 2300 adorare
543 2289 558 2311 ,
585 2247 680 2302 sed
726 2264 822 2318 pro
859 2250 1026 2305 sacris
1074 2251 1276 2320 legibus
1308 2254 1580 2307 temeratis
1609 2264 1766 2322 caput
1795 2255 1886 2308 de-

288 2343 500 2408 posuit:
524 2347 577 2394 et
596 2349 647 2392 tu
678 2341 836 2410 igitur
857 2356 954 2410 pro
979 2343 1198 2398 veritate
1225 2359 1391 2413 usque
1420 2345 1484 2397 ad
1511 2357 1737 2399 mortem
1755 2361 1885 2399 eon-

291 2433 534 2497 tende,et
566 2435 702 2487 Deus
730 2433 981 2502 pugnabit
1008 2447 1102 2501 pro
1123 2433 1306 2488 te.Nec
1324 2436 1450 2488 mihi
1473 2435 1598 2489 illud
1617 2435 1764 2490 dicas
1789 2437 1884 2490 fri-

285 2524 474 2592 gidum
491 2525 872 2591 verbum,Quid
894 2524 1022 2578 mihi
1037 2540 1179 2579 curae
1191 2527 1306 2580 est?
1321 2541 1439 2581 cum
1458 2527 1573 2596 ipso
1603 2542 1886 2584 commune

284 2616 465 2671 habeo
483 2617 633 2670 nihil.
652 2616 1006 2672 Cumdiabolo
1023 2619 1136 2672 solo
1152 2634 1435 2673 commune
1452 2619 1582 2673 nihil
1601 2620 1880 2688 habemus,

292 2724 419 2762 eum
476 2709 727 2763 omnibus
787 2718 964 2764 autem
1031 2710 1334 2765 hominibus
1399 2712 1560 2780 multa
1626 2713 1883 2768 habemus

279 2806 608 2855 communia.
663 2802 914 2872 Ejusdem
967 2803 1109 2858 enim
1154 2805 1426 2858 nobiscum
1493 2816 1692 2858 naturae
1757 2820 1882 2874 par-

283 2894 480 2964 ticipes
536 2905 656 2947 sunt
700 2935 714 2957 ,
771 2895 1014 2948 eamdem
1071 2897 1308 2949 habitant
1351 2907 1544 2950 terram
1591 2938 1604 2960 ,
1667 2896 1882 2951 iisdem-

278 3001 390 3054 que
440 2985 654 3038 aluntur
708 2986 1046 3040 nutrimentis
1090 3027 1106 3048 ,
1147 2987 1392 3040 eumdem
1457 2987 1653 3042 habent
1705 2987 1884 3040 Domi-

278 3093 410 3130 num
436 3117 450 3138 ,
475 3076 688 3130 easdem
730 3085 988 3146 ceperunt
1020 3077 1200 3148 leges,
1247 3077 1315 3130 ad
1362 3077 1548 3132 eadem
1597 3077 1874 3131 nobiscum

273 3206 484 3222 ~—

2012 421 2150 475 bona
2195 421 2504 478 invitantur.
2552 425 2631 481 Ne
2688 426 2846 498 igitur
2873 429 3111 488 dicamus
3151 451 3248 490 nos
3275 434 3406 492 nihil
3446 453 3593 494 οοιιιη

2015 529 2174 567 mune
2194 529 2313 568 eum
2347 517 2474 584 ipsis
2505 517 2702 574 habere
2727 537 2738 572 :
2770 523 3004 576 satanica
3023 537 3105 580 est
3133 529 3226 583 ista
3250 545 3374 594 vox,
3402 531 3590 587 diaboo

2011 601 2110 656 lica
2161 604 2537 660 inhumanitas.
2594 608 2670 663 Ne
2711 609 2868 678 igitur
2909 612 3024 668 inec
3069 616 3327 686 dicamus,
3350 621 3442 675 sed
3470 638 3598 677 con-

2006 708 2191 762 gruam
2223 695 2472 751 fratribus
2501 714 2681 754 curam
2719 703 3084 759 exhibeamus.
3129 708 3242 777 Ego
3284 719 3461 766 autem
3493 713 3594 769 hoc

2005 797 2128 835 cum
2157 787 2300 839 omni
2341 787 2598 855 polliceor
2625 794 2964 848 accuratione
2993 837 3006 860 ,
3052 805 3107 850 et
3147 798 3294 853 vobis
3343 803 3591 857 omnibus

2009 876 2280 942 spondeo:
2307 879 2446 948 quod
2470 881 2513 933 si
2539 896 2632 936 vos
2649 898 2836 938 omnes
2863 885 2947 940 hic
2978 897 3268 955 pnesentes
3285 891 3477 946 civium
3502 908 3590 947 sa-

2009 965 2172 1020 lutem
2199 983 2386 1023 curare
2416 971 2690 1026 volueritis
2723 1015 2738 1041 ,
2765 975 2913 1029 brevi
2942 986 3054 1031 tota
3083 979 3237 1034 nobis
3266 981 3453 1036 civitas
3473 998 3594 1039 cor-

2006 1057 2237 1126 rigetur:
2275 1063 2482 1116 tametsi
2507 1065 2721 1119 minima
2736 1067 2849 1136 ejus
2867 1084 2990 1137 pars
3018 1070 3102 1124 hic
3124 1079 3224 1138 est,
3255 1074 3594 1132 multitudine

2009 1152 2262 1215 minima,
2298 1155 2390 1208 sed
2425 1157 2621 1225 pietate
2649 1175 2876 1214 summa.
2915 1162 3292 1232 Dispensemns
3319 1168 3477 1238 igitur
3502 1184 3589 1224 sa-

2005 1241 2165 1296 lutem
2224 1248 2443 1301 fratrum
2484 1261 2818 1317 nostrorum;
2866 1256 3057 1310 sufficit
3098 1274 3233 1313 unus
3278 1261 3437 1317 homo
3468 1264 3589 1320 fidei

2004 1334 2117 1387 zelo
2146 1350 2437 1405 succensus
2464 1340 2529 1394 ad
2564 1351 2727 1396 totum
2754 1346 3126 1415 corrigendum
3162 1353 3431 1420 pupulum.
3453 1357 3584 1411 Cum

2001 1441 2130 1479 vero
2157 1443 2260 1481 non
2293 1446 2429 1486 unus
2460 1441 2684 1498 tantum,
2711 1451 2882 1504 neque
2907 1437 3013 1492 duo
3043 1441 3123 1494 vel
3157 1450 3283 1505 tres,
3315 1444 3410 1498 sed
3439 1452 3584 1501 tanta

1999 1518 2068 1569 sit
2094 1520 2408 1586 multitudo,
2455 1538 2572 1590 qua:
2614 1527 2991 1595 negligentium
3025 1547 3206 1586 curam
3236 1535 3400 1603 possit
3426 1538 3586 1592 attin-

1997 1624 2142 1678 gere,
2175 1628 2278 1666 non
2309 1615 2522 1670 aliunde
2541 1659 2554 1681 ,
2589 1633 2748 1686 quam
2776 1635 2870 1689 per
2892 1629 3159 1692 torporem
3186 1637 3423 1683 vestrum
3443 1672 3458 1695 ,
3487 1648 3588 1687 nec

1995 1716 2091 1769 per
2122 1703 2478 1761 infirmitatem
2505 1709 2681 1776 plures
2713 1725 2939 1780 pereunt
2990 1725 3046 1770 et
3089 1717 3359 1774 labuntur.
3386 1723 3576 1777 Annon

1998 1793 2286 1848 absurdum
2319 1837 2333 1861 ,
2366 1799 2410 1851 si
2440 1814 2668 1868 pugnam
2702 1803 2914 1872 quidem
2944 1806 2995 1859 in
3035 1806 3151 1861 foro
3182 1810 3488 1876 videamus,
3515 1828 3582 1868 eo

1994 1885 2252 1941 accedere
2271 1897 2324 1942 et
2372 1902 2669 1959 pugnantes
2721 1897 3044 1952 conciliare:
3108 1900 3234 1968 quid
3289 1917 3415 1958 vero
3461 1904 3581 1960 dico

1993 1992 2220 2048 pugnam
2243 1979 2266 2032 ?
2289 1981 2332 2033 si
2359 1984 2568 2037 asinum
2596 1986 2854 2042 cecidisse
2884 1988 3175 2046 viderimus
3203 2035 3218 2059 ,
3251 2008 3437 2050 oumes
3467 2011 3578 2050 ma-

1993 2085 2118 2123 num
2153 2074 2439 2142 porrigere,
2474 2083 2527 2130 et
2552 2077 2749 2145 pariter
2779 2079 3025 2150 erigere:
3057 2081 3278 2138 fratrum
3310 2102 3436 2141 vero
3458 2103 3578 2156 pcr-
3615 2107 3618 2110 ’

1988 2162 2227 2215 euntium
2259 2178 2439 2217 curam
2473 2165 2667 2220 habere
2693 2169 2932 2222 nullam?
2962 2173 3158 2226 Asinus
3201 2183 3284 2228 est
3328 2175 3577 2245 blasphe-

1992 2265 2140 2312 mus;
2173 2253 2461 2308 iracundia:
2489 2256 2696 2325 pondus
2728 2274 2834 2312 non
2864 2259 3073 2328 ferens,
3095 2265 3318 2318 cecidit:
3350 2266 3570 2335 accede,

1990 2343 2134 2410 erige
2155 2343 2350 2406 verbis,
2383 2345 2538 2399 factis
2568 2387 2583 2414 ,
2618 2346 2835 2404 lenitate
2857 2391 2872 2415 ,
2906 2350 3245 2409 vehementia
3275 2396 3290 2421 ,
3323 2357 3466 2410 varia
3506 2359 3577 2412 sit

1990 2432 2271 2487 medicina.
2295 2435 2447 2502 Quod
2476 2437 2519 2491 si
2549 2447 2733 2493 nostra
2775 2441 2851 2494 sic
2892 2441 3235 2511 disponamus
3260 2486 3275 2512 ,
3307 2454 3362 2500 et
3388 2461 3571 2516 proxi-

1989 2539 2197 2578 morum
2228 2528 2454 2582 salutem
2495 2532 2866 2599 suscipiamus,
2897 2535 3002 2588 cito
3029 2544 3084 2590 et
3108 2537 3210 2591 illis
3238 2539 3367 2607 ipsis
3392 2555 3574 2596 corre-

1988 2616 2219 2671 ctionem
2241 2617 2645 2675 admittentibus
2669 2621 3050 2680 desiderabiles
3065 2627 3264 2683 erimus
3289 2639 3344 2683 et
3372 2632 3573 2687 amabi-

1988 2705 2092 2773 les,
2123 2716 2181 2760 et
2216 2708 2357 2777 quod
2407 2711 2654 2766 omnibus
2699 2713 2870 2778 majus
2890 2724 2972 2768 est
2997 2756 3011 2780 ,
3043 2718 3291 2786 repositis
3335 2718 3574 2775 fruemur

1990 2796 2145 2852 bonis
2175 2839 2191 2864 ,
2223 2814 2342 2868 quae
2377 2816 2474 2855 nos
2497 2817 2683 2856 omnes
2710 2803 2931 2872 adipisci
2959 2807 3232 2877 contingat
3260 2849 3275 2872 ,
3303 2812 3471 2878 gratia
3518 2821 3573 2866 et

1987 2888 2314 2960 benignitate
2346 2892 2555 2946 Domini
2589 2895 2755 2948 nostri
2787 2894 2912 2950 Jesu
2948 2896 3143 2952 Christi
3173 2940 3187 2964 ,
3212 2915 3307 2969 per
3332 2917 3490 2970 quem
3517 2915 3572 2957 et

1986 2996 2106 3036 cum
2134 2999 2240 3052 quo
2263 2984 2403 3038 Patri
2426 2995 2479 3038 et
2504 2985 2699 3039 Sancto
2724 2985 2944 3056 Spiritui
2968 2989 3156 3058 gloria,
3194 3001 3449 3059 potestas,
3475 2993 3571 3048 ho-

1989 3091 2108 3140 nor,
2142 3091 2280 3131 nunc
2302 3086 2356 3131 et
2382 3093 2615 3147 semper,
2642 3089 2695 3133 et
2724 3080 2774 3134 in
2793 3082 2986 3136 saecula
3010 3085 3346 3140 saeculorum.
3375 3088 3568 3142 Amen.

1799 3208 3565 3237 _._.__________.__________

1538 3315 1883 3376 HOMlLlA
1921 3317 2304 3389 SECUNDA,

276 3505 645 3550 ANTIOCHI!!!
704 3506 938 3549 ΗΔΒῙΤΔ
995 3506 1059 3548 IN
1105 3505 1401 3548 BCCLESIA
1442 3505 1631 3548 DICTA
1665 3507 1919 3562 VETERI,
1983 3507 2116 3550 CUM
2161 3509 2294 3550 IPSE
2339 3509 2702 3552 PRESBYTER
2742 3513 2952 3568 ESSET,
2988 3516 3070 3556 DE
3125 3516 3554 3572 CALAMITATE,

361 3609 505 3661 QUIE
549 3607 696 3650 URBI
737 3607 990 3650 ACCIDIT
1032 3605 1152 3648 PRO
1207 3604 1508 3649 TUMULTU
1575 3604 2018 3650 SUBVERSIONIS
2088 3607 2408 3652 {MAGINUM
2461 3610 2806 3654 THEODOSII
2871 3614 3070 3656 MAGNI
3125 3615 3550 3664 IMPERATORIS

360 3713 472 3764 PII,
520 3711 600 3752 ET
655 3709 721 3751 IN
765 3708 1005 3751 DICTUM
1049 3705 1364 3761 APOSTOLI,
1410 3705 1730 3748 DIVITIBUS
1773 3707 1970 3748 HUJUS
2014 3707 2246 3749 SECULI
2295 3708 2576 3750 PRECIPE
2635 3710 2753 3752 NON
2823 3711 3094 3754 SUBLIME
3146 3715 3384 3758 SAPERE
3456 3702 3550 3779 (ι.

361 3795 516 3854 Tim.
562 3793 623 3851 6.
671 3791 745 3851 17
777 3791 838 3870 ):
888 3808 967 3850 ET
1008 3807 1252 3850 comma
1287 3806 1662 3849 "unum.

1744 3930 2108 3986 εέεεῖδέὒεὲδϐὶι

355 4076 409 4130 1.
441 4074 577 4143 Quid
603 4074 794 4136 diram,
820 4079 909 4124 aut
929 4070 1053 4140 quid
1082 4067 1310 4138 loquar?
1334 4067 1686 4136 lacrymarum
1729 4081 1868 4135 prae-

275 4184 407 4222 sens
431 4177 772 4234 tempus,non
801 4164 1105 4218 verborum:
1125 4162 1494 4223 luctuum,non
1518 4174 1823 4214 sermonum
1852 4177 1866 4212 :

278 4259 608 4330 precationis
641 4299 656 4321 ,
712 4273 816 4309 non
863 4254 1154 4308 concionis.
1204 4252 1367 4306 Tanta
1427 4258 1750 4321 patratorum
1787 4260 1870 4306 est

275 4348 616 4418 magnitudo,
651 4357 754 4400 tam
774 4345 1160 4399 immedicabile
1176 4344 1383 4408 vulnus,
1404 4351 1508 4394 tam
1527 4350 1671 4394 vasta
1698 4342 1866 4411 plaga,

277 4452 335 4495 et
362 4441 510 4493 omni
539 4439 891 4494 medicamine
915 4437 1086 4506 major
1107 4479 1122 4503 ,
1154 4445 1208 4491 et
1246 4449 1476 4505 superno
1503 4433 1745 4503 indigens
1770 4448 1867 4486 au-

282 4533 437 4586 vilio.
465 4530 554 4586 Sic
577 4532 718 4585 enim
751 4540 805 4584 et
827 4529 929 4585 Job
957 4528 1206 4583 omnibus
1233 4527 1444 4582 amissis
1482 4527 1534 4580 in
1569 4526 1692 4580 fimo
1717 4525 1870 4579 sede-

277 4621 513 4687 hat(.fob
541 4621 595 4675 2.
645 4625 725 4687 8),
767 4629 820 4676 et
841 4620 1112 4674 audientes
1129 4619 1285 4674 amici
1305 4617 1870 4685 accesserunt,ipsum-

276 4729 386 4783 que
415 4713 597 4782 procul
623 4712 912 4782 conspicati
946 4710 1272 4766 disciderunt
1304 4711 1616 4766 vestimenta
1640 4750 1654 4768 ,
1684 4719 1736 4764 et
1757 4708 1858 4763 sibi

276 4806 520 4858 cinerem
571 4803 976 4872 insperserunt,
1017 4810 1072 4857 et
1134 4800 1481 4856 vehementer
1543 4800 1865 4869 ingemuere.

281 4897 430 4950 Idem
458 4911 599 4950 nunc
626 4894 803 4949 facere
833 4894 1035 4949 vicinas
1063 4907 1250 4948 omnes
1281 4892 1523 4948 civitates
1547 4891 1865 4960 oportebat,

277 4988 349 5041 ad
389 4986 576 5041 urbem
623 4994 860 5040 nostram
905 4984 1089 5039 venire
1113 5024 1128 5049 ,
1169 4993 1220 5039 et
1267 4998 1384 5052 qua:
1417 4981 1719 5036 acciderant
1747 4996 1867 5039 cum

276 5079 434 5134 omni
474 5077 942 5133 commiseratione
979 5075 1197 5131 deﬂere.
1251 5074 1342 5129 Ille
1386 5074 1438 5128 in
1473 5085 1709 5129 stercore
1746 5083 1870 5130 tunc

277 5171 528 5233 sedebat,
555 5171 672 5226 haec
706 5169 759 5223 in
797 5183 990 5238 magno
1016 5167 1208 5237 laqueo
1255 5181 1396 5220 nunc
1426 5165 1687 5220 considet.
1722 5166 1872 5222 Sicut

277 5266 429 5320 enim
458 5275 586 5319 tunc
613 5263 857 5319 diabolus
881 5265 934 5318 in
961 5277 1150 5332 greges
1186 5270 1240 5316 et
1275 5269 1515 5316 armenta
1535 5303 1550 5326 ,
1577 5269 1630 5316 et
1656 5276 1869 5316 omnem

277 5358 415 5425 justi
445 5357 796 5412 substantiam
826 5355 1045 5410 insiliit:
1077 5356 1155 5408 sic
1181 5369 1323 5409 nunc
1353 5353 1407 5407 in
1434 5367 1647 5408 omnem
1680 5353 1869 5408 civita-

279 5461 451 5503 tatem
471 5446 830 5503 debacchatus
847 5455 947 5502 est.
975 5445 1078 5501 Sed
1103 5446 1240 5501 Dens
1262 5453 1316 5500 et
1345 5454 1470 5499 tunc
1491 5454 1544 5499 et
1576 5460 1716 5499 nunc
1750 5460 1872 5515 per-

283 5541 462 5595 misit:
510 5549 639 5595 tunc
680 5540 928 5610 quidem,
976 5551 1036 5594 ut
1073 5540 1272 5608 justum
1312 5538 1592 5594 clariorem
1627 5537 1872 5593 redderet

286 5633 641 5688 tentatiouum
672 5632 1065 5703 magnitudine;
1096 5647 1237 5686 nunc
1274 5646 1404 5686 vero
1432 5673 1446 5697 ,
1479 5640 1537 5686 ut
1560 5645 1659 5686 nos
1684 5630 1868 5685 mode-

286 5728 483 5783 stiores
511 5740 762 5781 :erumnze
779 5724 936 5796 hujus
961 5723 1326 5794 magnitudine
1349 5723 1553 5778 reddat.
1577 5723 1704 5779 Date
1722 5721 1874 5788 mihi,

1977 4083 2034 4125 ut
2056 4073 2332 4140 pra‘scntia
2362 4073 2588 4142 lugeam.
2621 4075 2906 4131 Tacuimus
2933 4077 3047 4134 dies
3078 4089 3281 4148 septem
3306 4122 3318 4144 ,
3343 4082 3480 4136 sicut
3505 4094 3558 4137 ct

1975 4163 2130 4217 amici
2161 4164 2264 4218 Job
2289 4162 2407 4232 (Job
2426 4167 2480 4223 2.
2515 4168 2579 4222 15
2596 4170 2645 4237 );
2673 4171 2949 4226 concedite
2972 4172 3128 4226 hodie
3145 4182 3199 4227 ut
3226 4188 3284 4226 os
3305 4177 3562 4245 aperiam,

1981 4263 2034 4304 et
2060 4251 2196 4307 hanc
2220 4269 2552 4312 communem
2583 4259 2788 4327 lugeam
2816 4261 3190 4317 calamitatem.
3237 4263 3366 4329 Quis
3407 4265 3563 4321 nobis

1979 4343 2201 4409 invidit,
2220 4345 2675 4417 cliarissiniiquis
2705 4349 2756 4403 in
2789 4367 2887 4406 nos
2915 4352 3081 4408 livore
3110 4365 3411 4411 commotus
3431 4362 3556 4412 est?

1979 4435 2116 4490 unde
2145 4444 2288 4491 tanta
2315 4437 2447 4492 facta
2475 4448 2557 4492 est
2596 4442 2820 4496 mutatio
2843 4443 2865 4496 ἲ
2899 4442 3036 4497 Nihil
3063 4444 3236 4500 fuerat
3263 4456 3446 4502 nostra
3475 4449 3550 4502 ci-

1977 4529 2139 4584 vitate
2160 4531 2546 4610 venerabilius:
2575 4532 2703 4586 nihil
2721 4549 2860 4588 nunc
2877 4545 2959 4590 est
2977 4537 3350 4593 miserabilius.
3385 4539 3559 4608 Ponu-

1977 4620 2058 4674 lus
2089 4629 2194 4674 tam
2225 4623 2550 4692 compositus
2588 4632 2642 4678 et
2695 4635 3001 4681 mansuetus
3029 4669 3044 4693 ,
3079 4630 3223 4683 velut
3249 4646 3414 4700 equus
3455 4640 3560 4685 tra-

1980 4714 2191 4768 ctabilis
2237 4726 2291 4769 et
2343 4716 2581 4784 placidus
2633 4732 2846 4787 semper
2873 4723 3258 4776 accersentium
3314 4723 3558 4778 manibus

1975 4805 2204 4871 cedens,
2237 4817 2457 4876 repente
2497 4819 2697 4862 tantum
2731 4826 2872 4865 nunc
2913 4811 3068 4866 nobis
3109 4815 3298 4868 resiliit
3325 4854 3340 4880 ,
3376 4823 3432 4868 nt
3477 4823 3556 4869 tot

1976 4899 2111 4952 mala
2138 4896 2323 4953 fecerit
2347 4941 2361 4964 ,
2401 4909 2528 4968 quot
2554 4916 2725 4970 neque
2749 4901 2928 4957 dicere
2953 4903 3049 4958 fas.
3076 4903 3362 4958 Lamentor
3391 4913 3444 4958 et
3474 4905 3556 4959 lu-

1974 5002 2074 5057 geo
2120 5004 2260 5042 nunc
2290 5029 2305 5054 ,
2360 5005 2465 5043 non
2513 5001 2731 5060 propter
2776 5002 3102 5063 exspectata:
3129 4992 3560 5050 eomminationis

1976 5079 2415 5148 magnitudinem,
2439 5080 2534 5136 sed
2565 5091 2782 5152 propter
2811 5083 3027 5137 nimiam
3057 5069 3383 5152 patratoruin
3415 5085 3562 5140 insa-

1976 5170 2138 5224 niam.
2171 5170 2317 5226 Licet
2352 5172 2494 5226 enim
2541 5188 2644 5229 non
2687 5175 2983 5228 irritaretur
3012 5173 3308 5243 Imperator
3336 5217 3351 5240 ,
3385 5193 3559 5247 neque

1976 5262 2188 5327 puniret
2212 5271 2266 5315 et
2293 5265 2596 5331 castigaret,
2623 5263 2914 5333 quomodo,
2943 5263 3030 5319 «lic
3059 5264 3187 5318 mihi
3213 5307 3227 5328 ,
3264 5267 3558 5322 facinorum

1977 5352 2320 5422 ignominiam
2350 5351 2656 5409 ferremus?
2701 5353 2868 5408 Luctu
2911 5355 3245 5412 interciditur
3292 5359 3425 5413 mihi
3459 5360 3565 5414 do-

1976 5443 2162 5496 ctrinae
2203 5457 2400 5507 sermo,
2439 5443 2525 5496 vix
2549 5457 2612 5497 os
2653 5458 2896 5499 reserare
2915 5446 3067 5501 valeo
3091 5456 3144 5502 et
3172 5447 3305 5502 labia
3327 5463 3560 5517 aperire,

1979 5534 2207 5604 linguam
2239 5550 2452 5590 movere
2475 5545 2527 5589 et
2553 5536 2797 5591 emittere
2821 5538 3012 5593 verba:
3057 5540 3136 5595 sic
3161 5551 3428 5609 tamquam
3451 5543 3558 5597 fre.

1978 5641 2103 5680 num
2130 5626 2329 5681 doloris
2356 5628 2437 5681 vis
2464 5627 2684 5696 impedit
2711 5627 2941 5697 linguam
2965 5646 3137 5686 meam
3162 5671 3178 5697 ,
3210 5639 3264 5687 et
3293 5632 3452 5687 verba
3477 5631 3558 5687 in-
3603 5667 3610 5672 -

1979 5719 2208 5789 tercipit.
2239 5715 2379 5774 Nihil
2403 5719 2618 5776 civitate
2646 5727 2828 5775 nostra
2849 5721 2998 5792 prius
3020 5731 3134 5778 crat
3161 5723 3399 5790 beatius;
3428 5720 3559 5777 nihil
