4074 6218
496 250 562 306 ‘55
1239 245 1297 300 S.
1320 241 1603 300 JOANNIS
1641 238 2112 298 CllRYSOSTOMl
2134 237 2449 295 ARCHIEP.
2480 238 3011 298 CONSTANTINOP.
3321 225 3324 229 ﬂ
3697 246 3771 302 56

496 373 636 414 nunc
665 356 1022 425 iniucundius.
1066 355 1526 423 Quemadmodum
1553 370 1679 426 apes
1709 353 2073 408 bombizantes

495 453 725 515 alveare,
754 449 831 505 sic
852 448 1024 504 fomm
1054 465 1147 519 per
1172 448 1408 516 singulos
1434 447 1547 501 dies
1562 446 1705 501 cives
1726 444 2076 500 circumvola-

496 542 657 606 bant,
690 554 743 594 et
778 557 965 595 omnes
995 539 1061 594 de
1101 540 1200 593 hac
1248 554 1344 593 nos
1390 537 1728 592 multitudine
1771 536 1956 591 beatos
1982 550 2078 586 vo-

494 634 708 687 cabant.

563 727 986 779 Antiochenam»:
1007 726 1268 778 calamitas
1285 733 1393 793 post
1414 723 1631 791 dejectas
1650 730 1861 775 statuas.
1883 749 1951 759 —
1968 716 2075 773 Sed

494 834 621 873 ecce
644 833 784 872 nunc
811 816 911 870 hoc
932 816 1141 869 alveare
1159 812 1450 868 solitarium
1473 812 1733 867 redditum
1750 820 1833 864 est
1857 827 1872 864 :
1892 822 2078 878 quem-

493 909 780 964 admodum
820 909 960 962 enim
989 922 1117 977 apes
1146 907 1259 959 illas
1290 905 1463 959 fut-tus
1483 946 1498 967 ,
1534 904 1611 957 sic
1637 903 1733 956 bas
1759 916 1886 970 apes
1920 900 2080 953 timor

494 1000 694 1072 fugavit
726 1018 739 1053 :
773 1000 880 1054 imo
909 999 1083 1068 potius
1112 997 1251 1065 quod
1280 996 1347 1050 de
1379 995 1672 1050 Jerusalem
1709 992 1965 1063 prephela
1994 992 2078 1044 lu-

495 1107 627 1158 gens
648 1092 814 1156 dixit,
844 1092 946 1144 hoc
974 1100 1026 1143 et
1056 1105 1152 1142 nos
1189 1088 1255 1141 ad
1298 1102 1529 1156 pra-setis
1565 1095 1774 1154 tempus
1802 1085 2073 1146 dicemus,

496 1182 659 1237 Facta
696 1193 765 1237 est
806 1181 948 1235 nobis
985 1182 1159 1234 civitas
1188 1190 1242 1232 ut
1271 1178 1571 1232 terebinthus
1599 1177 1801 1247 objectis
1833 1176 1967 1245 foliis
1986 1215 2003 1239 ,
2033 1185 2079 1227 et

494 1285 748 1344 tamquam
777 1274 949 1326 hortus
974 1288 1155 1342 aquam
1177 1288 1277 1324 non
1301 1269 1486 1323 habens
1507 1268 1557 1339 (1
1564 1269 1656 1321 sai.
1682 1269 1730 1322 1.
1756 1266 1868 1337 '50).
1887 1266 2082 1333 Quem—

493 1365 778 1420 admodum
801 1365 942 1418 cnim
968 1364 1153 1418 hortus
1177 1362 1455 1417 deﬁciente
1483 1360 1787 1429 irrigatione
1810 1359 1948 1413 foliis
1975 1358 2084 1427 pri-

495 1468 642 1511 vatas
680 1465 735 1511 et
774 1456 1032 1511 fructibus
1074 1456 1243 1510 nudas
1287 1454 1506 1508 arbores
1551 1451 1764 1505 exhibet
1808 1467 1821 1503 :
1867 1449 1984 1503 talis
2028 1456 2083 1503 et

496 1548 681 1602 civitas
710 1548 865 1601 nobis
891 1547 1023 1601 facta
1052 1555 1151 1601 est.
1184 1545 1445 1613 Supremo
1481 1543 1622 1596 enim
1649 1538 1899 1596 destituta
1933 1540 2084 1593 auxi-

496 1639 600 1702 lio,
642 1638 876 1691 solitaria
926 1637 1215 1701 remansit,
1262 1634 1508 1689 omnibus
1547 1632 1658 1687 fere
1697 1630 2083 1686 habitatoribus

499 1730 713 1784 nudata.
754 1730 894 1783 Nihil
930 1731 1098 1798 patria
1124 1728 1358 1794 dulcius,
1390 1727 1482 1782 sed
1514 1741 1655 1780 nunc
1687 1724 1819 1779 nihil
1853 1724 2083 1778 amarius

498 1823 691 1877 factum
723 1832 821 1877 est.
863 1821 1061 1877 Omnes
1090 1831 1283 1876 terram
1317 1836 1435 1890 quae
1468 1836 1527 1874 se
1562 1819 1677 1873 tulit
1707 1827 1973 1887 tamquam
2003 1818 2082 1871 la-

498 1929 692 1983 quemn
726 1915 962 1984 fugiunt,
995 1913 1250 1969 deserunt
1289 1922 1555 1981 tamquam
1585 1908 1911 1975 barathrum,
1943 1917 2081 1961 tam-

499 2023 657 2076 quam
688 2007 754 2061 ab
784 2008 903 2076 igne
943 2005 1207 2059 resiliunt.
1240 2004 1305 2057 Et
1342 2004 1478 2058 sicut
1502 2001 1662 2056 domo
1691 2002 1811 2070 igne
1840 2007 2081 2067 correpta

501 2115 603 2153 non
633 2108 836 2152 tantum
864 2098 1081 2154 domum
1114 2097 1427 2160 habitantes,
1454 2094 1547 2149 sed
1572 2104 1626 2149 ct
1651 2108 1837 2148 omnes
1859 2092 2083 2162 proximi

497 2206 618 2243 cum
660 2191 822 2244 multa
867 2205 926 2243 se
968 2187 1229 2256 rccipiunt
1265 2185 1630 2247 festinatione.
1659 2183 1856 2237 nudum
1892 2197 2085 2252 corpus

497 2298 709 2336 servare
736 2282 1009 2336 studentes
1032 2298 1045 2333 :
1074 2282 1150 2337 sic
1170 2292 1220 2335 et
1243 2294 1383 2335 nunc
1400 2279 1526 2333 dum
1548 2277 1692 2348 regia
1720 2278 1794 2330 ira
1818 2286 2083 2346 tamquam

500 2372 711 2426 ﬂamma
736 2372 976 2442 qumdam
1000 2386 1229 2442 superne
1258 2379 1615 2440 exspectatur,
1644 2368 1947 2438 priusquam
1974 2381 2088 2421 sen-

499 2465 598 2517 sim
646 2463 993 2532 progrediens
1034 2463 1100 2516 ad
1146 2464 1287 2531 ipsos
1339 2461 1611 2531 perveniat
1655 2460 1823 2530 ignis,
1867 2459 2089 2528 quilibet

502 2555 645 2622 prius
666 2555 833 2617 exire,
857 2562 912 2608 et
937 2554 1133 2607 nudum
1156 2568 1348 2621 corpus
1372 2568 1587 2607 servare
1608 2550 1819 2606 festinat
1843 2569 1855 2603 :
1883 2563 1936 2604 et
1959 2551 2089 2603 ami-

500 2659 621 2711 gma
646 2659 782 2697 nunc.
807 2643 939 2697 facta
961 2655 1041 2717 est
1068 2643 1277 2697 miseria
1306 2653 1482 2697 nostra
1512 2660 1526 2696 :
1550 2642 1664 2695 sine
1686 2642 1921 2696 hostibus
1945 2641 2085 2709 fuga,

503 2734 619 2786 sine
644 2750 810 2803 pugna
835 2732 1246 2801 transmigratio,
1271 2742 1323 2786 et
1342 2732 1457 2787 sine
1478 2732 1622 2786 urbis
1641 2731 1849 2786 excidio
1872 2731 2091 2799 Captivi-

507 2836 587 2879 tas
617 2843 631 2879 :
664 2842 767 2879 non
793 2827 1020 2880 vidimus
1060 2825 1390 2881 barbaricum
1423 2826 1625 2895 ignem,
1658 2839 1828 2893 neque
1859 2822 2087 2878 hostium

506 2920 680 2972 vultus
717 2918 1106 2987 spectavimus,
1144 2927 1197 2971 et
1236 2932 1296 2969 ea
1333 2932 1450 2985 qua:
1484 2915 1625 2984 capti
1662 2915 1910 2984 patimur.
1938 2914 2091 2968 Nunc

505 3024 694 3064 omnes
722 3008 934 3062 discunt
961 3006 1288 3061 calamitates
1319 3013 1526 3060 nostras
1555 3024 1567 3059 :
1597 3014 1808 3059 nostros
1832 3004 1973 3059 cnim
2000 3019 2090 3080 ex.-

507 3101 647 3152 sules
675 3097 1042 3166 suscipientes,
1075 3097 1142 3150 ab
1173 3098 1274 3151 illis
1300 3096 1528 3150 civitatis
1553 3094 1756 3149 cladem
1788 3095 2023 3148 audiunt.

577 3188 631 3242 2.
665 3188 771 3243 Sed
812 3204 916 3241 non
958 3203 1117 3256 super
1160 3187 1261 3241 hoc
1297 3186 1621 3252 confundor,
1654 3201 1753 3238 nec
1786 3186 2041 3239 erubesco
2075 3203 2088 3238 :

509 3295 695 3334 omnes
725 3279 1018 3347 intelligant
1055 3278 1279 3331 civitatis
1308 3277 1570 3347 pericula,
1605 3285 1660 3329 ut
1696 3276 1851 3330 matri
1887 3276 2092 3331 condo-

511 3372 717 3431 lentes,
746 3385 1081 3423 communem
1118 3369 1184 3422 ab
1220 3368 1362 3422 omni
1406 3378 1544 3421 terra
1586 3367 1650 3421 ad
1699 3369 1862 3421 Deum
1908 3382 2091 3421 vocem

511 3462 787 3523 extollant,
819 3471 871 3514 et
900 3460 1218 3514 unanimiter
1241 3473 1573 3513 communem
1603 3459 1837 3511 omnium
1869 3468 2091 3514 matrem

510 3561 563 3604 et
583 3552 819 3605 altricem
842 3565 869 3602 a
888 3551 1137 3604 ccclnrum
1164 3550 1307 3618 Rege
1328 3550 1634 3617 deposcant.
1666 3549 1817 3605 Prius
1837 3564 2095 3604 concussa

511 3651 594 3698 est
624 3643 775 3696 nobis
808 3642 964 3705 urbs,
995 3656 1136 3694 nunc
1175 3640 1304 3710 ipsa:
1347 3640 1699 3695 habitatorum
1740 3642 1930 3696 anima:
1961 3656 2096 3710 qua-

512 3735 712 3786 tiuntur
759 3748 774 3787 :
816 3742 941 3786 tunc
982 3733 1261 3785 domorum
1311 3731 1644 3787 fundamenta
1691 3732 2094 3801 quatiebantur,

512 3839 652 3876 nunc
680 3824 788 3890 ipsa
817 3823 1071 3889 cujuSque
1097 3822 1272 3875 cordis
1303 3823 1405 3874 ima
1434 3832 1857 3888 commoventur,
1886 3831 1939 3874 et
1965 3838 2097 3889 quo-

516 3912 644 3964 tidie
673 3920 797 3963 ante
822 3911 1006 3963 oculos
1041 3920 1252 3963 nostros
1285 3925 1471 3964 omnes
1512 3920 1734 3964 mortem
1772 3911 2057 3980 aspicimus
2079 3951 2094 3975 ,

514 4002 566 4053 in
593 4001 847 4054 continuo
876 4000 1102 4054 vivimus
1130 3999 1348 4063 timore,
1376 4009 1429 4053 et
1455 3999 1584 4054 Cain
1626 4016 1833 4069 poenam
1864 4003 2097 4057 sustine-

516 4108 652 4153 mus,
682 4091 809 4145 olim
839 4105 1110 4144 carcerem
1140 4089 1498 4144 habitantibus
1526 4090 1876 4145 miserabilius
1901 4091 2092 4157 aﬂ'ecti,

514 4192 569 4237 et
614 4181 922 4236 obsessione
966 4181 1211 4235 inusitata
1253 4179 1477 4249 quadam
1518 4188 1571 4233 et
1608 4195 1743 4232 nova
1780 4180 2018 4245 obsessi,
2046 4194 2099 4235 et

514 4289 671 4342 quam
701 4273 984 4342 cogitatum
1012 4272 1083 4326 sit
1110 4272 1370 4342 graviore.
1413 4272 1620 4326 Etenim
1652 4273 1727 4327 illi
1767 4273 1979 4342 quidem
2009 4275 2098 4343 qui

515 4364 583 4416 ab
622 4364 860 4417 hostibus
898 4362 997 4417 hoc
1033 4363 1307 4433 patiuntur
1350 4362 1485 4415 intra
1525 4376 1704 4415 muros
1743 4371 1944 4416 tantum
1968 4376 2099 4416 con-

519 4457 802 4511 cluduntur
833 4474 846 4511 :
876 4456 1027 4510 nobis
1056 4471 1181 4511 vero
1208 4455 1378 4509 l‘orum
1409 4470 1617 4524 quoque
1654 4455 1980 4510 inaccessum
2001 4496 2017 4521 ,
2048 4465 2101 4511 et

520 4550 572 4602 in
601 4548 762 4603 domo
796 4548 1020 4617 quisque
1049 4562 1143 4602 sua
1183 4546 1419 4601 inclusus
1444 4548 1557 4612 est";
1595 4561 1657 4601 ac
1695 4548 1832 4601 sicut
1867 4546 2101 4601 obsessis

517 4651 687 4695 tutum
730 4654 836 4692 non
878 4647 957 4692 est
997 4653 1175 4692 muros
1213 4638 1505 4707 transgredi
1531 4679 1546 4702 ,
1589 4638 1829 4692 hostibus
1869 4637 2101 4691 exterius

518 4729 1015 4786 circumsidentihus
1037 4768 1053 4794 ,
1099 4729 1178 4783 sic
1219 4744 1389 4798 neque
1428 4728 1606 4782 multis
1638 4728 1822 4783 urbem
1858 4727 2101 4783 habitan-

521 4824 648 4877 tium
678 4830 844 4875 tntum
872 4820 1031 4874 domo
1058 4820 1225 4885 exire,
1256 4835 1356 4874 nec
1384 4820 1436 4872 in
1477 4819 1651 4873 medio
1678 4833 1954 4889 apparere,
1981 4833 2103 4887 pro-

518 4927 634 4987 pter
659 4929 752 4969 eos
775 4915 865 4984 qui
893 4911 1126 4981 undique
1154 4921 1261 4965 tum
1299 4920 1479 4965 sontes
1506 4920 1615 4965 tum
1642 4910 1879 4966 insontes
1903 4925 2104 4964 venan-

519 5017 603 5062 tur
623 5049 638 5073 ,
671 5017 725 5061 et
749 5022 815 5061 ex
842 5005 1017 5060 medio
1042 5005 1254 5073 rapiunt
1279 5002 1395 5057 foro
1414 5043 1429 5069 ,
1453 5012 1505 5056 et
1532 5004 1585 5057 in
1606 5002 1863 5071 judicium
1890 5017 2103 5073 quoquo

522 5099 679 5151 modo
708 5114 771 5153 ac
795 5109 995 5154 temere
1025 5096 1259 5150 trahunt.
1290 5095 1574 5164 Propterea
1610 5095 1759 5149 liberi
1786 5110 1905 5149 cum
1935 5095 2104 5150 servis

520 5188 632 5240 suis
658 5188 939 5256 compediti
967 5188 1108 5242 intus
1130 5186 1351 5249 sedent,
1378 5184 1495 5254 quis
1524 5183 1943 5253 comprehensus
1969 5184 2100 5249 fuit,

520 5278 639 5344 quis
680 5277 935 5331 abductus
960 5319 976 5344 ,
1007 5278 1125 5347 quis
1165 5277 1377 5346 punitus
1419 5274 1603 5339 hodie,
1633 5275 1898 5344 quomodo
1922 5284 1979 5330 et
2001 5291 2104 5345 qua

523 5370 748 5432 ratione,
781 5370 1006 5424 sollicite
1034 5380 1354 5440 quaerentes,
1383 5379 1435 5423 et
1460 5368 1669 5424 curiose
1693 5369 2042 5432 sciscitantes,
2071 5382 2103 5422 ι

523 5463 714 5535 quibus
749 5461 871 5516 talia
906 5475 1091 5516 secure
1129 5463 1337 5518 discere
1381 5465 1597 5532 possunt
1628 5479 1640 5515 :
1670 5469 1726 5516 et
1757 5460 1901 5515 omni
1933 5468 2104 5514 morte

442 5603 455 5615 ,
523 5550 960 5608 miserabiliorem
999 5550 1196 5620 degunt
1240 5553 1398 5606 vitam
1421 5592 1438 5618 ,
1480 5553 1786 5621 alienasque
1824 5551 2105 5606 lamentari

525 5641 768 5699 ntlserias
792 5639 1027 5710 quotidie
1050 5640 1237 5706 coacti,
1270 5650 1322 5695 et
1352 5656 1447 5710 pro
1478 5641 1647 5697 salute
1672 5656 1766 5697 sua
1793 5648 2098 5705 trementes.

2186 358 2241 405 et
2265 350 2491 405 mortuis
2514 350 2644 405 nihil
2667 351 2852 407 melius
2879 352 3154 418 habentes,
3177 352 3316 422 quod
3345 352 3546 409 dudum
3576 356 3767 413 timore

2180 441 2375 496 mortui
2410 444 2535 497 sint.
2575 444 2631 498 Si
2666 445 2783 513 quis
2812 460 2938 499 vero
2960 445 3051 515 qui
3077 454 3224 500 extra
3254 446 3495 501 timorem
3521 456 3576 502 et
3596 462 3766 519 angu-

2180 532 2335 585 stiam
2360 531 2498 587 hanc
2519 534 2607 599 sit,
2638 533 2688 585 in
2714 532 2883 587 forum
2911 534 3201 603 procedere
3229 534 3476 599 voluerit,
3499 545 3605 589 tam
3630 537 3769 590 tristi

2180 634 2397 693 aspectu
2429 625 2607 677 statim
2637 625 2688 678 in
2715 625 2931 679 domum
2960 641 3107 679 suam
3149 628 3463 688 retruditur,
3492 626 3575 681 vix
3603 643 3766 682 unum

2181 713 2314 768 torte
2337 714 2422 769 vel
2450 714 2583 769 duos
2608 729 2833 771 cernens
2862 716 3159 780 inclinatos,
3186 725 3240 770 et
3266 731 3388 769 cum
3419 717 3585 770 multa
3616 716 3765 772 ince-

2180 805 2370 860 dentes
2392 807 2625 872 tristitia,
2651 808 2736 862 ubi
2765 816 2888 862 ante
2915 823 3115 878 paucos
3136 808 3250 862 dies
3275 808 3555 863 ﬂuviorum
3579 824 3769 866 cursus

2182 896 2465 951 multitudo
2503 898 2814 965 superabat,
2843 899 2933 952 sed
2966 914 3106 953 nunc
3148 898 3302 953 nobis
3336 914 3523 954 omnes
3564 900 3638 953 illi
3670 916 3770 955 ex-

2183 986 2319 1054 pulsi
2347 997 2490 1041 sunt.
2519 988 2584 1041 Et
2611 988 2749 1042 sicut
2776 1004 2895 1043 cum
2925 1005 2990 1043 ex
3020 990 3163 1060 sylva
3196 991 3377 1044 multze
3404 991 3600 1059 passim
3626 993 3769 1046 excio

2182 1079 2377 1133 duntur
2402 1082 2644 1146 arbores,
2678 1082 2912 1150 ingratus
2940 1081 3179 1136 redditur
3204 1094 3469 1151 aspectus,
3498 1093 3767 1152 tamquam

2182 1173 2371 1240 capitis
2413 1174 2573 1226 multa
2612 1173 2818 1226 calvitia
2859 1172 3105 1227 habentis
3132 1191 3145 1226 :
3172 1174 3248 1227 sic
3290 1183 3343 1227 et
3372 1175 3518 1228 urbis
3557 1175 3773 1241 solum,

2184 1262 2487 1318 hominibus
2533 1263 2756 1330 ablatis,
2793 1271 2848 1318 et
2886 1264 3065 1333 paucis
3111 1263 3305 1332 passim
3354 1266 3727 1333 apparentibus
3747 1305 3767 1329 ,η

2185 1354 2444 1424 ingratum
2474 1371 2614 1409 nunc
2640 1354 2833 1409 factum
2860 1363 2959 1420 cst,
2989 1364 3044 1408 et
3072 1356 3291 1409 multam
3315 1357 3656 1411 cernentibus
3673 1358 3769 1412 tri-

2185 1448 2342 1501 stitia:
2367 1448 2645 1518 caliginem
2673 1446 2916 1503 oﬂ'undit.
2958 1447 3069 1501 Non
3100 1456 3302 1501 tantum
3334 1463 3459 1502 vero
3485 1457 3647 1511 terra,
3676 1449 3778 1504 sed

2185 1546 2241 1593 et
2277 1539 2391 1608 ipsa
2430 1540 2570 1593 aeris
2606 1548 2826 1606 natura,
2858 1548 2911 1594 et
2956 1540 3207 1595 solarium
3245 1540 3514 1595 radiorum
3543 1541 3778 1596 circulus

2187 1646 2327 1684 nunc
2364 1631 2492 1684 mihi
2536 1645 2762 1685 manere
2805 1639 2859 1685 et
2900 1630 3140 1684 obtusior
3180 1629 3357 1685 lucere
3386 1627 3594 1685 videtur
3623 1647 3636 1682 :
3663 1646 3779 1685 non

2186 1724 2463 1778 elementis
2488 1733 2724 1777 naturam
2753 1722 3096 1786 mutantibus.
3125 1722 3219 1778 sed
3249 1722 3443 1777 nostris
3466 1723 3653 1786 oculis,
3680 1725 3774 1793 qui

2188 1816 2412 1871 tristitia:
2443 1817 2581 1871 nube
2606 1815 2798 1870 turbati
2822 1826 2965 1880 sunt,
2994 1831 3098 1869 non
3125 1814 3422 1869 valentibus
3445 1830 3577 1884 pure
3604 1830 3776 1884 neque
3862 1808 3871 1817 ’

2186 1924 2308 1963 cum
2329 1908 2516 1963 eodem
2538 1908 2725 1963 aﬂ‘ectu
2748 1907 3015 1962 radiorum
3046 1907 3223 1961 lumen
3251 1907 3538 1976 suscipere.
3562 1906 3674 1961 Hoc
3694 1916 3779 1960 cst

2186 2000 2327 2070 quod
2365 2000 2490 2053 olim
2533 1999 2788 2069 propheta
2820 1999 3030 2068 lugebat
3058 1999 3242 2053 dicens
3272 2017 3285 2054 :
3318 1998 3519 2052 Occidet
3549 2000 3672 2068 ipsis
3697 2000 3778 2054 sol

2187 2094 2242 2147 in
2278 2093 2518 2155 meridie,
2549 2103 2597 2145 et
2636 2091 3034 2147 obtenebrabitur
3062 2092 3168 2145 dies
3220 2093 3411 2162 (Amos
3440 2092 3495 2148 8.
3536 2091 3628 2162 9).
3666 2092 3778 2148 Hoc

2188 2194 2366 2239 autem
2410 2185 2650 2250 dicebat,
2691 2201 2797 2239 non
2838 2184 2980 2254 quod
3020 2192 3219 2238 astrum
3263 2185 3637 2249 occultaretur,
3676 2200 3777 2240 nec

2190 2275 2332 2345 quod
2360 2276 2475 2331 dies
2502 2285 2865 2341 evanesceret,
2890 2275 2983 2330 sed
3003 2275 3458 2353 quodmmrentes
3477 2292 3543 2330 ne
3561 2275 3783 2346 quidem

2189 2366 2242 2421 in
2286 2368 2508 2422 meridie
2552 2376 2767 2437 pr0pter
2806 2366 3006 2421 doloris
3035 2367 3314 2437 caliginem
3353 2367 3525 2421 lucem
3554 2382 3783 2423 cernere

2192 2467 2408 2526 possent
2449 2458 2632 2527 :quod
2676 2467 2730 2512 et
2776 2473 2915 2512 nunc
2959 2457 3155 2512 factum
3198 2467 3281 2512 est
3313 2475 3327 2512 :
3358 2467 3413 2512 et
3445 2472 3789 2527 quocumque

2190 2550 2309 2618 quis
2330 2551 2650 2620 respexerit.
2681 2550 2794 2606 sive
2816 2550 2867 2604 in
2899 2559 3125 2615 terram,
3158 2550 3269 2604 sive
3299 2550 3350 2603 in
3379 2550 3637 2618 parietes,
3665 2548 3787 2603 sive

2191 2639 2245 2693 in
2274 2640 2417 2694 urbis
2441 2641 2712 2694 columnas
2733 2679 2747 2698 .
2780 2640 2892 2695 sive
2928 2640 2979 2693 in
3022 2641 3292 2710 proximos
3316 2682 3331 2702 ,
3360 2648 3569 2694 noctem
3595 2647 3651 2693 et
3675 2639 3781 2693 ob-

2192 2732 2496 2786 scuritatem
2539 2732 2850 2801 profundam
2897 2748 3120 2787 cernere
3167 2732 3375 2786 videtur
3419 2750 3437 2787 :
3481 2731 3560 2786 sic
3599 2731 3787 2786 omnia

2197 2820 2375 2875 multa:
2406 2820 2559 2890 plena
2599 2830 2723 2876 sunt
2749 2821 2993 2876 tristitiae.
3022 2821 3301 2877 Silentium
3340 2822 3534 2892 ubique
3560 2822 3785 2878 horrore

2194 2911 2408 2979 plenum
2439 2920 2494 2965 et
2533 2911 2794 2977 solitudo,
2824 2920 2878 2967 et
2905 2911 3272 2968 desiderabilis
3301 2911 3389 2967 ille
3423 2912 3785 2969 multitudinis

2195 3003 2449 3057 tumultus
2490 3003 2784 3058 exstinctus
2825 3013 2907 3058 est
2939 3021 2952 3057 :
2985 3012 3252 3075 tamquam
3293 3005 3541 3059 omnibus
3577 3015 3780 3061 terram

2195 3093 2565 3159 subeuntibus,
2600 3094 2669 3148 ita
2696 3108 2836 3148 nunc
2866 3094 3132 3149 civitatem
3161 3094 3491 3149 taciturnitas
3517 3096 3781 3173 continet,

2195 3185 2337 3238 saxis
2368 3200 2554 3238 omnes
2593 3186 2794 3241 similes
2839 3197 2999 3249 sunt,
3031 3197 3086 3241 et
3119 3198 3383 3256 tamquam
3414 3188 3641 3256 quodam
3679 3186 3788 3242 lin-

2197 3292 2313 3345 guze
2337 3276 2545 3330 vinculo
2566 3277 2866 3331 calamitate
2893 3278 3130 3343 cohibiti,
3155 3276 3621 3346 profundissimum
3654 3278 3790 3333 reti-

2198 3374 2326 3420 nent
2369 3368 2671 3431 silentium,
2718 3380 2971 3436 quantum
3016 3368 3062 3422 si
3106 3370 3285 3423 hostes
3326 3367 3686 3439 ingruissent,
3725 3379 3790 3425 et

2197 3472 2386 3512 omnes
2423 3458 2576 3512 simul
2618 3459 2735 3527 igne
2773 3470 2828 3513 et
2868 3458 3009 3514 ferre
3044 3460 3488 3531 absumpsissent.
3521 3460 3671 3516 Nunc
3695 3461 3790 3516 di-

2196 3549 2349 3603 cendi
2377 3558 2584 3619 tempus
2604 3559 2686 3604 est
2716 3567 2727 3603 :
2759 3549 2945 3604 Mittite
2966 3551 3033 3604 ad
3060 3552 3449 3619 lamentatrices,
3472 3562 3518 3606 et
3541 3553 3742 3607 veniam
3767 3570 3797 3609 :

2198 3650 2246 3694 et
2272 3642 2341 3693 ad
2372 3657 2457 3695 eas
2476 3682 2491 3707 ,
2521 3658 2634 3709 qua:
2660 3643 2907 3711 sapientes
2934 3653 3077 3707 sunt,
3107 3653 3154 3698 et
3182 3646 3512 3715 vociferantur
3550 3645 3695 3715 (lar.
3725 3646 3789 3700 9.

2202 3732 2311 3803 l7).
2344 3734 2614 3788 Deducant
2637 3734 2773 3788 oculi
2805 3736 2966 3789 vestri
3008 3736 3289 3805 lacrymas,
3323 3745 3377 3790 et
3408 3736 3671 3805 palpebra:
3693 3752 3786 3790 ve.

2200 3833 2324 3877 stra:
2348 3823 2581 3877 deﬂuant
2604 3825 2773 3892 aquis.
2796 3825 2994 3891 Colles,
3022 3826 3214 3880 sumite
3240 3825 3527 3895 planctum,
3552 3834 3607 3880 et
3630 3840 3788 3880 mon-

2203 3925 2302 3980 tcs,
2333 3915 2551 3969 luctum.
2582 3916 2893 3970 Creaturam
2925 3932 3138 3972 omnem
3178 3918 3233 3971 in
3277 3918 3535 3973 malorum
3574 3928 3795 3974 nostro-

2202 4020 2317 4058 rum
2347 4004 2739 4060 miserationem
2778 4021 3048 4062 vocemus.
3082 4007 3283 4063 Civitas
3311 4018 3417 4062 tam
3460 4023 3647 4079 magna
3671 4050 3688 4076 ,
3731 4021 3795 4065 et
3830 3996 3859 4015 ’

2203 4095 2538 4149 orientalium
2566 4106 2725 4164 caput
2748 4137 2762 4160 ,
2793 4111 2825 4151 e
2849 4097 3027 4152 medio
3055 4098 3164 4153 tolli
3196 4108 3455 4153 terrarum
3484 4099 3616 4155 orbe
3641 4102 3793 4169 peri-

2201 4184 2412 4239 clitatur
2434 4203 2447 4240 :
2472 4201 2612 4241 nunc
2632 4203 2750 4256 qua:
2772 4189 2965 4242 multos
2989 4189 3217 4245 habebat
3242 4190 3398 4256 ﬂlios,
3427 4200 3646 4260 repente
3670 4192 3795 4249 sine

2202 4274 2326 4330 ﬁliis
2356 4276 2493 4331 facta
2532 4286 2647 4343 est,
2674 4288 2731 4333 et
2760 4278 2849 4347 qui
2888 4280 3197 4345 auxilietur,
3225 4296 3404 4337 nemo.
3433 4281 3617 4337 Laesus
3642 4283 3795 4339 enim

2203 4367 2399 4435 estqui
2427 4383 2531 4421 non
2561 4367 2723 4423 habet
2748 4384 2928 4438 parem
2956 4371 3117 4426 ullum
3149 4386 3310 4439 super
3340 4383 3535 4428 terram
3568 4391 3582 4427 :
3614 4373 3801 4444 Impe-

2204 4467 2349 4510 rator
2369 4457 2512 4511 enim
2535 4467 2636 4523 est,
2665 4458 2935 4530 fastigium
2953 4471 3008 4516 et
3036 4470 3197 4530 caput
3232 4463 3469 4518 omnium
3495 4479 3656 4534 super
3675 4474 3797 4519 ter-

2205 4561 2316 4598 ram
2349 4545 2643 4602 hominum.
2672 4548 2956 4619 PrOpterea
2975 4550 3041 4606 ad
3062 4565 3350 4621 supernum
3374 4552 3571 4623 Regem
3591 4552 3796 4608 confu-

2203 4637 2428 4706 giamus,
2458 4637 2606 4719 illum
2637 4639 2686 4691 in
2715 4640 2969 4694 auxilium
2999 4641 3336 4705 invocemus;
3365 4642 3464 4695 nisi
3501 4657 3797 4712 supernam

2205 4744 2551 4800 assequamur
2590 4732 2846 4801 gratiam,
2884 4733 3026 4787 nulla
3074 4734 3479 4788 commissorum
3522 4736 3797 4805 reparatio

2206 4821 2537 4888 relinquitur.

2277 4911 2329 4966 5.
2361 4909 2658 4966 Voluissem
2690 4912 2775 4966 hic
2803 4913 3113 4968 concionem
3148 4913 3357 4970 solvere
3385 4933 3400 4969 :
3431 4915 3619 4969 nolunt
3645 4916 3796 4972 enim

2204 5003 2529 5072 gementium
2572 5003 2732 5057 animi
2780 5004 2967 5074 longos
3010 5005 3297 5061 extendere
3342 5020 3654 5070 sermones;
3693 5009 3797 5065 sed

2207 5097 2344 5150 sicut
2382 5095 2549 5151 nubes
2588 5094 2829 5164 quaedam
2865 5095 3064 5162 densa,
3090 5107 3145 5151 et
3179 5098 3279 5151 sub
3314 5097 3541 5152 solarem
3582 5098 3798 5153 radium

2207 5202 2457 5253 currens,
2484 5201 2697 5240 omnem
2739 5197 3027 5241 retrorsum
3070 5186 3410 5257 splendorem
3448 5189 3680 5243 avertit:
3711 5190 3798 5244 sic

2209 5288 2262 5333 et
2291 5278 2517 5332 tristitiae
2544 5277 2754 5340 nebula,
2785 5293 2905 5333 cum
2936 5279 3325 5345 anteanimum
3356 5290 3596 5336 nostrum
3626 5290 3797 5337 stete-

2208 5367 2297 5434 rit,
2327 5382 2431 5421 non
2463 5368 2589 5422 sinit
2616 5369 2819 5423 facilem
2852 5383 2969 5425 esse
2998 5370 3253 5425 orationis
3290 5385 3527 5436 cursum,
3554 5371 3649 5427 sed
3678 5374 3796 5427 sut-

2208 5455 2378 5522 focat,
2418 5467 2473 5511 et
2513 5473 2632 5512 cum
2668 5457 2834 5512 multa
2876 5458 2928 5512 vi
2975 5458 3114 5515 intus
3157 5460 3417 5530 reprimit.
3457 5460 3523 5515 Et
3557 5459 3659 5514 hoc
3683 5474 3794 5515 non

2208 5550 2504 5605 dicentibus
2536 5558 2739 5604 tantum
2760 5591 2775 5615 ,
2807 5549 2902 5605 sed
2944 5559 2999 5604 et
3028 5549 3363 5606 audientibus
3399 5550 3624 5613 accidit;
3654 5550 3797 5605 sicut

2211 5641 2356 5697 enim
2385 5641 2453 5697 ab
2489 5640 2668 5696 animo
2694 5639 2919 5698 dicentis
2949 5656 3055 5697 non
3081 5640 3326 5698 concedit
3363 5641 3532 5713 ipsam
3558 5656 3681 5698 cum
3710 5639 3794 5697 fa-
