4074 6218
166 213 238 269 55
748 242 761 253 ·
1231 224 1321 278 AD
1358 225 1692 286 POPULUM
1739 229 2236 289 ANTIOCHENUM
2278 236 2511 293 IIOMIL.
2547 238 2609 294 11.
3528 238 3597 299 56

169 329 565 417 ἀτερπέστερον
584 334 777 403 γέγονε
793 332 909 389 νῦν.
935 336 1203 408 Καθάπερ
1234 339 1475 409 μέλιτται
1498 342 1688 413 κηρίον
1709 344 1840 417 βομ-

171 414 380 482 ϐοῦσαι,
404 419 549 473 οὔτω
564 422 664 490 τὴν
688 421 895 490 ἀγορὰν
924 424 1284 495 περιίπταντο
1303 428 1423 480 καθ’
1453 414 1841 503 ἐκάστηνήμέ-

170 518 267 571 ραν
293 508 342 556 οἱ
370 506 471 578 τὴν
504 507 660 560 πόλιν
704 509 978 574 οἰκοῦντες
1012 524 1039 552 ι
1066 553 1082 577 ,
1118 512 1212 566 καὶ
1243 514 1444 579 πάντες
1467 518 1613 587 ἡμᾶς
1643 520 1734 572 ἐπὶ
1763 519 1841 589 τῷ

168 589 359 656 πλήθει
384 594 559 664 τούτῳ
583 596 849 667 πρότερον
888 599 1241 671 ἐμακάριζον.

246 676 387 730 Ἀλλ’
416 680 524 734 ἰδοῦ
541 680 634 735 νῦν
656 683 718 736 τὸ
742 684 933 755 κηρίον
966 686 1126 740 τοῦτο
1176 689 1400 758 γέγονεν
1438 689 1645 762 ἔρημον
1665 709 1678 722 ⁵
1710 693 1843 745 καθ-

167 763 310 836 άπερ
343 767 456 839 γὰρ
499 769 599 834 τὰς
636 771 894 841 μελίττας
914 774 1125 839 ἐκείνας
1152 777 1379 841 καπνὸς,
1434 777 1577 831 οὕτω
1613 777 1711 842 τάς
1748 797 1842 849 με-

164 851 350 917 λίττας
374 856 577 922 ταύτας
601 858 764 927 φόϐος
788 860 1036 931 ἀπήλασε
1056 880 1071 894 ·
1097 864 1297 932 μᾶλλον
1321 864 1377 917 δὲ
1404 865 1496 918 καὶ
1527 865 1555 917 ὃ
1587 866 1714 937 περὶ
1742 869 1841 937 τῆς

177 940 538 1018 Ἰερουσαλὴμ
574 945 788 1017 θρηνῶν
813 948 843 999 ὁ
866 951 1154 1021 προφήτης
1184 951 1358 1020 ἔλεγε,
1382 952 1538 1005 τοῦτο
1566 953 1660 1006 καὶ
1684 955 1842 1023 ἡμεῖς

164 1028 243 1090 είς
266 1030 465 1102 καιρὸν
502 1031 738 1104 ἐροῦμεν
771 1032 1224 1107 νῦν”⁹Εγενήοη
1255 1038 1399 1107 ἡμῖν
1434 1039 1473 1103 ἡ
1514 1040 1712 1102 πόλις,
1762 1038 1842 1101 ὡς

80 1136 93 1145 -
167 1116 500 1184 τερέϐινθος
544 1120 988 1189 ἀποϐεϐληκυῖα
1035 1124 1105 1179 τὰ
1142 1126 1370 1193 φύλλα,
1400 1126 1499 1178 καὶ
1543 1125 1625 1189 ὡς
1658 1125 1843 1191 παρά-

161 1201 371 1270 δεισος
404 1204 563 1274 ὕδωρ
605 1206 692 1275 μὴ
724 1209 901 1278 ἔχων.
934 1211 1201 1283 Καθάπερ
1234 1213 1343 1283 γάρ
1371 1212 1694 1283 παράδεισος
1744 1212 1841 1280 τῆς

162 1288 388 1358 ἀρδείας
412 1293 790 1365 ἐπιλιπούσης,
819 1295 999 1367 ἔρημα
1029 1298 1136 1351 τῶν
1163 1297 1374 1368 φύλλων
1405 1300 1499 1352 καὶ
1522 1298 1704 1368 γυμνά
1734 1298 1841 1350 τῶν

160 1377 401 1446 καρπῶν
421 1379 489 1431 τὰ
508 1380 696 1454 δένδρα
723 1383 1014 1450 δείκνυσιν,
1058 1384 1199 1439 οὕτω
1221 1385 1284 1457 δὴ
1318 1386 1413 1438 καλ⁸
1444 1388 1476 1456 ή
1514 1384 1664 1448 πόλις
1687 1383 1841 1454 ήμῶν

157 1466 358 1534 γέγονε
394 1467 491 1521 νῦν
514 1486 527 1499 ⁸
562 1471 661 1541 τῆς
698 1472 808 1544 γὰρ
840 1472 1047 1528 ἄνωθεν
1081 1473 1330 1545 βοηθείας
1372 1472 1841 1542 ἐγκαταλιπούσης

157 1553 357 1625 αὐτὴν,
378 1555 609 1626 ἕστηκεν
631 1558 859 1631 ἕρημος,
897 1561 1078 1633 γυμνὴ
1106 1561 1217 1615 τῶν
1243 1560 1543 1633 οἰκητόρων
1571 1559 1840 1630 γενομένη

159 1638 353 1709 σχεδὸν
381 1642 656 1698 ἁπάντων.
685 1647 851 1700 Οὐδὲν
883 1648 1140 1719 πατρίδος
1172 1648 1522 1716 γλυκύτερον,
1559 1645 1671 1700 ἀλλ’
1691 1645 1841 1699 οὐδὲν

157 1727 491 1801 πικρότερον
516 1731 611 1784 νῦν
653 1733 874 1802 γέγσνεο
900 1737 1102 1799 πάντες
1150 1735 1247 1805 τὴν
1299 1734 1625 1803 ἐνεγκοῦσαν
1652 1733 1841 1803 ῶσπερ

158 1814 371 1884 παγίδα
418 1817 732 1887 φεύγουσιν,
783 1820 974 1893 ῶσπερ
1017 1821 1290 1893 βάραθρον
1334 1820 1842 1891 ἐγκαταλιμπάνου-

161 1918 248 1954 σιν
294 1904 347 1967 δ,
392 1901 582 1979 ὥσπερ
628 1910 810 1980 πυρᾶς
852 1910 1204 1980 ἀποπηδῶσν
1238 1911 1333 1963 καὶ
1376 1909 1628 1979 καθάπερ
1665 1907 1843 1969 οἰκίας

161 1991 484 2064 ἁπτομένης
507 1997 603 2066 οὐχ
629 1998 678 2050 οἰ
706 1998 805 2068 τὴν
832 1998 1010 2052 οἰκίαν
1041 1997 1319 2061 οἰκοῦντες
1364 1999 1542 2069 μόνον,
1573 1997 1709 2052 ἀλλὰ
1747 1997 1842 2050 καὶ

159 2078 370 2143 πάντες
406 2082 456 2134 οἰ
488 2082 715 2154 πλησίον
748 2086 888 2157 μετά
932 2086 1132 2157 πολλῆς
1173 2086 1496 2157 ἀποπηδῶσι
1531 2086 1636 2156 τῆς
1677 2102 1842 2138 σπου-

156 2165 282 2234 δῆς,
312 2170 524 2239 γυμνὸν
550 2171 611 2224 τὸ
649 2172 810 2243 σῶμα
851 2173 1112 2228 διασῶσαι
1145 2172 1566 2237 σπουδάζοντεςο
1606 2172 1749 2226 οὕτω
1775 2172 1840 2241 δὴ

160 2254 259 2306 καὶ
282 2254 380 2308 νῦν
403 2257 505 2327 τῆς
536 2258 818 2330 βασιλικῆς
848 2262 1019 2334 ὀργῆς
1048 2263 1300 2334 καθάπερ
1328 2264 1506 2333 πυρᾶς
1531 2278 1675 2324 τινος
1701 2261 1841 2315 ἄνω-

159 2341 259 2393 θεν
289 2343 443 2413 ἥξειν
480 2347 956 2422 προσδοκωμένης,
988 2351 1119 2422 πρὶν
1157 2351 1243 2403 ἐπ’
1276 2350 1475 2413 αὐτοὺς
1498 2348 1603 2420 6δῷ
1631 2345 1842 2419 βαδίζον

158 2432 299 2505 ἔλθῃ
347 2434 411 2488 τὸ
436 2434 567 2507 πῦρ,
602 2437 829 2503 ἕκαστος
857 2440 1136 2509 ἐπείγεται
1165 2439 1531 2512 προεξελθεῖν,
1603 2438 1697 2492 καὶ
1735 2454 1840 2506 γυ·-

160 2523 301 2592 μνὸν
335 2524 597 2581 διασῶσαι
628 2528 689 2582 τὸ
714 2529 873 2600 σῶμα
890 2545 902 2560 ·
926 2530 1022 2584 καὶ
1063 2530 1285 2600 γέγονεν
1310 2529 1466 2601 ήμῶν
1495 2528 1722 2598 αίνιγμα
1748 2525 1843 2579 νῦν

159 2612 201 2681 ἠ
238 2614 517 2684 συμφορά.
544 2616 728 2687 Χωρὶς
761 2617 1033 2687 πολεμίων
1062 2618 1232 2690 φυγὴ,
1259 2616 1430 2688 χωρὶς
1480 2615 1656 2687 μάχης
1719 2630 1845 2684 μετ-

162 2698 473 2764 ανάστασις
492 2740 509 2765 ,
540 2703 711 2773 χωρὶς
735 2702 989 2768 ἁλώσεως
1041 2704 1389 2776 αἰχμαλωσία
1409 2698 1447 2737 ·’
1480 2703 1580 2755 οὐκ
1632 2701 1845 2770 εἴδομεν

159 2782 510 2858 βαρϐαρικὸν
551 2789 684 2860 πῦρ,
721 2790 841 2844 οὐδὲ
885 2790 1157 2862 πολεμίων
1185 2792 1307 2861 ὄψιν
1351 2788 1718 2859 ἐθεασάμεθα,
1752 2788 1846 2859 καξι

157 2870 237 2924 τά
268 2872 380 2926 τῶν
398 2874 719 2930 ἑαλωκότων
748 2878 1053 2950 πάσχομεν.
1089 2879 1298 2942 Πάντες
1324 2877 1418 2931 νῦν
1445 2877 1542 2940 τὰς
1569 2876 1844 2947 ήμετέρας

162 2961 506 3030 μανθάνουσι
530 2968 814 3038 συμφοράς
835 2982 848 2994 ·
874 2968 1002 3031 τοὺς
1017 2968 1126 3038 γὰρ
1143 2967 1439 3039 ἡμετέρους
1460 2965 1844 3035 ὑποδεχόμενοι

160 3050 416 3119 φυγάδας
438 3054 566 3123 παρ’
583 3055 806 3107 ἐκείνων
819 3054 918 3125 τὴν
931 3056 1031 3124 τῆς
1045 3055 1251 3117 πόλεως
1265 3054 1595 3125 μανθάνουσι
1607 3054 1843 3123 πληγήν.

239 3137 312 3207 β’.
347 3139 484 3192 Ἀλλ’
509 3141 609 3194 οὐκ
625 3141 948 3212 αἰσχύνομαι
962 3143 1054 3195 ἐπὶ
1068 3142 1264 3212 τούτῳ,
1278 3141 1399 3194 οὐδὲ
1415 3140 1671 3214 ἐρυθριῶ.
1696 3141 1849 3194 Μαν-

163 3224 487 3280 θανέτωσαν
514 3228 754 3292 ἅπαντες
777 3228 846 3282 τά
871 3229 971 3299 τῆς
1008 3228 1216 3291 πόλεως
1253 3227 1422 3299 πάθη,
1465 3228 1550 3280 ἵνα
1578 3226 1847 3298 συναλγή-

164 3330 369 3376 σαντες
384 3317 448 3384 τῇ
474 3316 693 3386 μητέρι,
717 3317 902 3386 κοινὴν
916 3315 1024 3368 ἀπὸ
1042 3316 1142 3387 τῆς
1156 3316 1259 3386 γῆς
1273 3316 1492 3386 ἀπάσης
1516 3314 1847 3382 ἀνενέγκωσι

162 3400 245 3470 τῷ
287 3400 409 3471 Θεῷ
457 3401 664 3473 φωνὴν,
712 3402 807 3456 καὶ
845 3402 1186 3472 ὁμοθυμαδὸν
1221 3401 1321 3473 τὴν
1361 3403 1546 3472 κοινὴν
1595 3402 1849 3456 ἁπάντων

166 3486 393 3559 μητέρα
427 3490 523 3541 καὶ
549 3490 748 3560 τροφὸν
784 3489 938 3561 παρά
981 3489 1077 3543 τοῦ
1114 3489 1224 3543 τῶν
1250 3490 1492 3559 οὐρανῶν
1527 3486 1851 3559 ἐξαιτήσων·

163 3591 276 3628 ται-
303 3573 587 3644 βασιλέως.
637 3577 886 3649 Ἐσείσθη
926 3575 1114 3648 πρῴην
1149 3579 1279 3647 ἡμῖν
1316 3579 1348 3647 ή
1383 3575 1558 3639 πόλις,
1593 3575 1728 3629 ἀλλά
1756 3576 1850 3629 νῦν

166 3662 342 3715 αὑταὶ
398 3662 715 3716 σαλεύονται
764 3664 874 3718 τῶν
931 3664 1232 3735 οἰκητόρων
1282 3675 1304 3703 ο
1357 3665 1413 3717 αἰ
1472 3663 1673 3733 ψυχαί·
1727 3662 1849 3716 τότε

168 3750 385 3803 ἐσείετο
414 3750 483 3803 τά
519 3750 742 3822 θεμέλια
771 3751 880 3804 τῶν
921 3753 1257 3822 οἰκημάτων,
1303 3751 1397 3805 νῦν
1429 3751 1485 3804 δὲ
1517 3751 1657 3804 αύτά
1685 3751 1849 3804 δονεῖ-

169 3855 266 3892 ται
286 3837 360 3890 τά
386 3838 612 3909 θεμέλια
643 3841 742 3911 τῆς
785 3841 1014 3894 ἑκάστου
1059 3840 1305 3911 καρδίας,
1348 3840 1442 3894 καὶ
1469 3840 1587 3893 καθ’
1616 3839 1853 3911 ἑκάστην

168 3927 394 3996 ἡμέραν
425 3926 534 3996 πρὸ
563 3926 679 3979 τῶν
718 3926 1011 3998 ὀφθαλμῶν
1040 3928 1132 3981 τὸν
1169 3928 1395 3982 θάνατον
1428 3927 1626 3989 πάντες
1661 3925 1852 3996 βλέπο-

172 4032 306 4084 μεν,
335 4016 430 4068 καὶ
461 4014 614 4086 φόϐῳ
640 4015 890 4085 συζῶμεν
915 4016 1174 4085 διηνεκεῖ,
1204 4016 1297 4068 καὶ
1326 4018 1423 4077 τὴν
1450 4014 1543 4067 τοῦ
1574 4015 1708 4068 Κάῖν
1732 4002 1856 4068 ὑπο.

174 4103 421 4173 μένομεν
456 4104 725 4172 τιμωρίαν
758 4103 1115 4172 ἐλεεινότερον
1158 4101 1267 4154 τῶν
1301 4101 1431 4154 ποτέ
1471 4101 1531 4153 τὸ
1568 4100 1855 4170 δεσμωτή-

174 4208 299 4261 ριον
329 4189 625 4241 οἰκούντων
654 4187 1009 4257 διακείμενα,
1050 4186 1143 4240 καὶ
1190 4185 1509 4257 πολιορκίαν
1540 4183 1858 4256 πολιορκού-

367 4268 527 4337 ξένην
549 4271 668 4323 τινὰ
698 4272 789 4323 καὶ
807 4269 1019 4339 καινὴν,
1045 4269 1139 4321 καὶ
1159 4267 1256 4336 τῆς
1279 4266 1676 4337 νενομισμένης
1693 4268 1719 4307 d
1744 4268 1855 4320 δει-

170 4351 297 4402 νοτέ
306 4366 427 4419 ραν.
442 4347 557 4422 [22]
585 4352 648 4402 υί
668 4351 766 4419 μὲν
786 4349 890 4417 γάρ
908 4348 1014 4401 ὑπὸ
1031 4347 1141 4400 τῶν
1158 4347 1429 4418 πολεμίων
1447 4348 1606 4402 τοῦτο
1620 4350 1855 4420 πάσχον-

64 4496 75 4503 _
170 4449 290 4495 τες,
322 4433 432 4486 ἔσω
450 4432 647 4501 τειχῶν
677 4428 1047 4484 ἀποκλείονται
1079 4430 1259 4500 μόνον,
1284 4432 1413 4501 ἡμῖν
1432 4431 1487 4484 δὲ
1508 4432 1600 4484 καὶ
1623 4432 1656 4501 ἡ
1681 4432 1856 4503 ἀγορά

70 4540 79 4547 η
168 4519 380 4583 ἄϐατος
405 4518 600 4588 γέγονε
622 4557 637 4581 ,
678 4519 771 4571 καὶ
802 4520 910 4578 τοῖς
943 4517 1142 4587 τοίχοις
1176 4518 1402 4581 ἕκαστος
1428 4518 1529 4588 τῆς
1557 4519 1733 4581 οἰκίας
1764 4522 1852 4572 ἐν-

170 4601 604 4655 αποκέκλεισται
628 4600 725 4670 τῆς
749 4597 964 4653 ἐαυτοῦ.
995 4600 1105 4652 Καὶ
1126 4599 1376 4671 καθάπερ
1396 4601 1519 4663 τοὺς
1540 4600 1851 4673 πολιορκου-

169 4691 376 4759 μένους
403 4690 507 4742 οὐκ
541 4687 781 4758 ἀσφαλὲς
813 4690 912 4740 ύπε
923 4686 1113 4759 ρϐἧναι
1139 4686 1200 4740 τὸ
1220 4689 1416 4758 τεῖχος,
1448 4687 1557 4740 τῶν
1581 4687 1854 4758 πολεμίων

166 4770 283 4842 ἔξω
324 4775 801 4846 περικαθημένων·
831 4774 1003 4838 οὕτως
1034 4775 1154 4828 οὐδὲ
1186 4775 1397 4838 πολλοῖς
1426 4774 1534 4827 τῶν
1561 4774 1659 4845 τὴν
1700 4775 1855 4829 πόλιν

161 4858 471 4913 οἰκούντων
497 4858 737 4927 ἀσφαλὲς
760 4856 1013 4923 ἐξελθεῖν,
1043 4858 1165 4910 οὐδὲ
1196 4858 1255 4909 ἐν
1298 4856 1375 4927 τῷ
1408 4856 1559 4927 μέσῳ
1591 4857 1846 4926 φανῆναι,

160 4943 266 4995 διὰ
286 4942 415 5005 τοὺς
436 4941 700 4995 πάντοθεν
721 4939 1050 5013 θηρεύοντας
1068 4938 1339 5002 ἀναιτίους
1360 4940 1453 4992 καὶ
1473 4939 1679 5003 αἰτίους
1697 4949 1741 5001 θ,
1762 4939 1855 4991 καὶ

167 5024 237 5078 ἐκ
276 5025 450 5094 μέσης
478 5023 825 5095 ἁρπάζοντας
850 5023 949 5093 τῆς
971 5024 1199 5094 ἀγορᾶς,
1228 5022 1323 5075 καὶ
1349 5021 1484 5091 πρὸς
1510 5021 1570 5074 τὸ
1592 5021 1853 5093 δικαστή-

165 5124 297 5176 ριον
324 5107 509 5171 ἁπλῶς
527 5108 625 5161 καὶ
649 5108 725 5171 ὡς
754 5107 943 5178 ἔτυχεν
966 5106 1242 5169 ἕλκοντας.
1271 5104 1369 5158 Διά
1395 5103 1552 5157 τοῦτο
1578 5103 1852 5175 ἐλεύθεροι

166 5190 326 5257 μετά
363 5189 475 5242 τῶν
517 5189 746 5245 οἰκετῶν
770 5189 880 5243 τῶν
910 5190 1120 5244 ἑαυτῶν
1166 5188 1313 5242 ἔνδον
1358 5185 1853 5257 συμπεποδισμένοι

164 5272 468 5332 κάθηνται,
494 5273 575 5334 τίς
608 5271 938 5341 συνελήφθη,
960 5271 1043 5335 τίς
1072 5269 1316 5341 ἀπήχθη,
1346 5270 1432 5332 τίς
1460 5268 1732 5339 ἐκολάσθη
1758 5270 1854 5340 σή-

164 5366 387 5419 μερονς
413 5349 532 5409 πῶς
557 5350 653 5400 καὶ
670 5348 775 5431 τίνι
801 5347 1021 5417 mei-mp;
1045 5350 1415 5421 μεριμνῶντες
1436 5349 1531 5402 καὶ
1556 5366 1851 5422 περιεργα-

236 5526 272 5557 ⁶
299 5525 381 5575 Sic
398 5539 430 5574 ε
454 5525 602 5577 Savil.
642 5534 693 5577 el
731 5527 919 5587 aliquot
939 5539 1059 5575 mss.
1082 5527 1415 5588 cornexlmus;
1441 5526 1588 5587 paulo
1607 5530 1720 5588 post
1739 5529 1860 5585 μᾶλ-

172 5589 262 5658 »?
288 5575 635 5658 amcam:
657 5575 719 5658 ει
738 5575 922 5638 coam
945 5589 1145 5639 Samio.
1172 5575 1307 5638 Em.

240 5651 275 5688 δ
308 5650 402 5698 Alii
430 5651 547 5698 ἀπο)
557 5651 853 5701 ιμπάνουσιν.

243 5715 267 5743 ⁸
304 5716 400 5759 Alli
425 5714 521 5759 τῶν
540 5712 811 5760 οἰκούντων.

229 5772 262 5842 ξ
300 5774 799 5842 Ξαῂπολλῷιτῆς
816 5789 908 5842 νινἐ
934 5771 1061 5842 11)(ιέ
1086 5772 1281 5842 αιιίάεφ
1306 5770 1672 5842 ἐναποκλείιται.

232 5836 259 5860 ⁸
300 5834 387 5885 εἰς
406 5832 559 5885 Sail.
584 5839 640 5885 ει
659 5832 761 5894 illi,
786 5833 837 5885 in
864 5833 1039 5886 Morel.
1063 5834 1142 5882 καὶ
1163 5832 1342 5888 αἰτίους
1361 5832 1520 5883 deest.

1948 346 2006 410 ζό
2014 365 2162 417 μενοι
2186 366 2259 400 πα
2270 351 2317 419 ρ’
2342 343 2417 402 ῶν
2441 351 2506 403 τά
2527 352 2747 405 τοιαῦτα
2766 354 2988 407 δυνατὸν
3016 354 3301 425 μανθάνειν
3328 351 3607 423 ἀσφαλῶς,

1946 435 2040 488 καὶ
2073 433 2300 488 θανάτου
2341 437 2539 501 παντὸς
2568 438 2926 511 ἐλεεινότερον
2956 440 3087 504 ζῶσι
3121 441 3251 509 βίον,
3288 437 3387 502 τάς
3428 454 3486 490 τε
3513 438 3610 490 ἀλ-

1944 520 2158 593 λοτρίας
2190 521 2474 593 ὀδύρεσθαι
2512 526 2796 596 συμφοράς
2842 526 3273 595 ἀναγκαζόμενοι
3320 524 3443 577 καθ’
3474 524 3611 595 ήμέ-

1948 627 2066 679 ραν,
2089 608 2184 662 ml.
2198 606 2443 677 ύπὲρτῆς
2459 608 2663 664 ἑαυτῶν
2674 608 2967 682 τρέμοντες
2982 608 3272 679 σωτηρίας,
3285 613 3378 664 καὶ
3400 610 3610 682 νεκρῶν

1941 697 2091 751 οὐδὲν
2121 695 2338 767 ἄμεινον
2369 696 2701 765 διακείμενοι
2752 697 2828 767 τῷ
2868 696 3037 750 πάλαι
3066 696 3317 749 τεθνάναι
3361 698 3437 766 τῷ
3474 696 3605 752 δέει.

1943 786 2005 838 El
2039 783 2095 838 δέ
2122 800 2206 843 τις
2241 782 2448 836 καὶτοῦ
2488 784 2653 850 φόϐου
2704 783 2892 836 τούτου
2924 785 3017 837 καὶ
3044 784 3144 851 τῆς
3178 783 3413 851 ἀγωνίας
3450 784 3606 836 ὲκτδῖ

1940 866 2015 920 ὢν
2064 868 2366 940 ἐθελήσειεν
2392 871 2470 933 εἰς
2502 868 2707 940 ἀγορὰν
2732 868 3007 939 ἐμϐαλεῖν,
3039 867 3145 921 ὑπὸ
3178 867 3279 937 τῆς
3304 865 3479 937 ὅψεως
3507 862 3610 935 τῆς

1940 956 2212 1026 ἀτερποῦς
2251 957 2450 1020 εὐθέως
2489 959 2566 1020 εἰς
2594 956 2692 1027 τὴν
2742 956 2921 1009 οἰκίαν
2966 954 3331 1009 είσελαύνεται
3356 954 3455 1007 τὴν
3484 951 3611 1004 ἐαυ-

1940 1044 2055 1106 τοῦ,
2083 1044 2178 1096 ἕνα
2215 1062 2314 1097 που
2355 1044 2449 1097 καὶ
2500 1044 2592 1096 δύο
2658 1043 2809 1114 μόλις
2857 1043 2999 1114 ὀρῶν
3056 1039 3481 1110 συγκεκυφότας,
3518 1036 3611 1091 καὶ

1945 1131 2083 1199 μετά
2114 1130 2310 1202 πολλῆς
2334 1132 2646 1201 βαδίζοντας
2665 1132 2765 1202 τῆς
2786 1128 3109 1201 κατηφείας,
3136 1128 3264 1182 ἔνθα
3290 1126 3395 1198 πρὸ
3417 1125 3612 1194 ὀλίγων

1941 1217 2164 1289 ἡμερῶν
2193 1218 2453 1289 ποταμῶν
2484 1218 2732 1289 ῥεύματα
2758 1218 2818 1271 τὸ
2844 1217 3048 1288 πλῆθος
3081 1216 3453 1287 ἀπέκρυπτεν,
3476 1210 3613 1266 άλλά

1941 1303 2036 1356 νῦν
2061 1304 2418 1376 ἀπηλάθησαν
2443 1306 2573 1376 ἡμῖν
2601 1306 2804 1369 πάντες
2830 1305 3042 1357 ἐκεῖνοι.
3074 1303 3184 1356 Καὶ
3202 1302 3452 1373 καθάπερ
3485 1299 3612 1372 δρυ-

1945 1389 2046 1458 μοῦ
2068 1389 2346 1460 συμφύτου
2374 1390 2582 1445 πολλῶν
2610 1391 2948 1462 πανταχόθεν
2982 1388 3328 1443 έκκοπέντων
3357 1386 3611 1457 δένδρων,

1940 1477 2181 1548 ἀτερπὴς
2211 1480 2243 1549 ή
2278 1479 2399 1548 ὄψις
2428 1480 2657 1548 γίνεται,
2687 1480 2720 1549 ἢ
2756 1478 3010 1549 καθάπερ
3038 1476 3280 1546 κεφαλῆς
3318 1471 3613 1545 φαλακρώ-

1945 1581 2088 1634 ματα
2111 1564 2340 1637 ἐχούσης
2362 1567 2549 1629 πολλὰ,
2567 1567 2706 1620 οὕτω
2739 1566 2804 1638 δὴ
2837 1568 2930 1619 καὶ
2954 1565 3015 1618 τὸ
3039 1566 3139 1635 τῆς
3163 1564 3369 1625 πόλεως
3390 1561 3610 1630 ἔδαφος,

1942 1651 2050 1705 τῶν
2077 1653 2173 1705 ἀνθ
2184 1653 2378 1724 ρώπων
2400 1646 2829 1718 ἐλαττωθέντων,
2858 1654 2953 1707 κα)⁵
2978 1653 3173 1720 ὀλίγων
3197 1650 3468 1722 σποράδην
3492 1666 3615 1717 φαι-

1944 1740 2203 1808 νομένων,
2225 1743 2462 1814 ἀτερπές
2496 1743 2688 1812 γέγονε
2725 1742 2844 1805 νῦν,
2876 1743 2970 1795 καὶ
2998 1740 3199 1811 πολλὴν
3232 1738 3342 1792 τῶν
3366 1735 3616 1809 δρώντων

1945 1827 2198 1896 καταχέει
2232 1828 2329 1899 τῆς
2353 1828 2588 1899 ἀθυμίας
2611 1830 2708 1901 τὴν
2732 1828 2920 1901 ἀχλύν.
2956 1829 3029 1882 Ού
3050 1828 3112 1881 τὸ
3138 1827 3331 1895 ἔδαφος
3351 1825 3407 1878 δὲ
3436 1824 3612 1895 μόνον,

1943 1911 2077 1965 ἀλλά
2118 1915 2211 1966 καὶ
2245 1915 2382 1986 αὐτὴ
2405 1915 2500 1969 τοῦ
2533 1916 2695 1987 ἀέρος
2725 1919 2758 1987 ή
2795 1916 2975 1985 φύσις,
3006 1915 3101 1969 καὶ
3134 1913 3298 1977 αὐτὸς
3323 1910 3431 1964 τῶν
3458 1909 3617 1982 ήλια-

1943 1998 2056 2052 κῶν
2096 2001 2328 2054 ἀκτίνων
2363 2004 2391 2055 ὀ
2429 2002 2626 2067 κύκλος
2671 2003 2989 2072 στυγνάζειν
3039 2019 3127 2073 μοι
3167 2001 3315 2053 δοκεῖ
3367 1997 3485 2063 νῦν,
3523 1996 3618 2049 καὶ

1943 2088 2318 2159 ἀμαυρότερος
2337 2090 2645 2158 φαίνεσθαι,
2673 2092 2737 2144 οὐ
2766 2090 2875 2143 τῶν
2902 2089 3178 2160 στοιχείων
3205 2086 3304 2158 τὴν
3332 2084 3492 2155 φύσιν
3522 2099 3619 2154 με·

1943 2174 2332 2235 ταϐαλλόντων,
2370 2175 2504 2229 ἀλλά
2536 2176 2645 2231 τῶν
2690 2177 2974 2247 ἡμετέρων
3012 2173 3311 2245 ὀφθαλμῶν
3346 2170 3426 2242 τῷ
3465 2168 3619 2222 τεθο-

1942 2259 2144 2314 λῶσθαι
2180 2261 2281 2332 τῆς
2318 2263 2557 2335 ἀθυμίας
2584 2263 2662 2335 τῷ
2696 2264 2870 2332 νέφει,
2906 2263 2980 2333 μὴ
3018 2261 3329 2331 δυναμένων
3362 2254 3618 2326 καθαρῶς

1947 2347 2080 2417 μηδὲ
2118 2349 2253 2417 μετὰ
2289 2350 2389 2420 τῆς
2418 2352 2591 2421 αὐτῆς
2624 2350 2916 2413 διαθέσεως
2953 2350 3014 2403 τὸ
3049 2348 3201 2418 παρὰ
3236 2346 3344 2401 τῶν
3383 2343 3620 2399 ἀκτίνων

1943 2432 2191 2503 δέχεσθαι
2231 2434 2364 2504 φῶς.
2395 2436 2566 2491 Τοῦτό
2603 2440 2751 2491 ἐστιν
2783 2438 2813 2490 δ
2839 2438 3007 2491 πάλαι
3029 2438 3059 2489 ὁ
3085 2436 3370 2507 προφήτης
3401 2431 3617 2502 ἐθρήνει

1945 2520 2135 2588 λέγων·
2168 2523 2415 2577 Δύσετιιι
2449 2526 2652 2590 αὐτοῖς
2683 2528 2716 2579 ὀ
2751 2525 2926 2591 ἣλιος
2953 2523 3347 2593 μεσημϐρίας.
3379 2518 3477 2574 καί
3503 2530 3611 2572 συ-

1945 2608 2231 2663 σκοτάσει
2256 2610 2294 2677 ἡ
2323 2611 2533 2679 ἡμέρα.
2556 2612 2725 2665 Τοῦτο
2751 2612 2808 2666 δὲ
2840 2612 3040 2680 ἔλεγεν,
3070 2611 3166 2679 οὐχ
3192 2609 3268 2671 ὡς
3298 2607 3393 2661 τοῦ
3421 2605 3620 2676 ἄστρου

1946 2697 2343 2767 κρυπτομένων
2377 2698 2499 2752 οὐδὲ
2546 2699 2622 2762 ὡς
2659 2700 2758 2769 τῆς
2789 2699 3003 2770 ἡμέρας
3046 2695 3467 2767 ἀφανιζομένης,
3503 2692 3618 2745 ἀλλ’

1944 2785 2021 2846 ὡς
2040 2784 2147 2838 τῶν
2178 2785 2531 2856 ἀθυμούντων
2561 2787 2683 2840 οὐδὲ
2720 2789 2777 2840 ἐν
2814 2785 3130 2857 μεσημϐρίᾳ
3152 2783 3465 2854 δυναμένων
3489 2780 3623 2851 όρᾷν

1946 2870 2008 2924 τὸ
2046 2871 2162 2940 φῶς
2196 2873 2284 2926 διὰ
2324 2874 2417 2926 τὸν
2445 2874 2553 2927 ἀπὸ
2588 2874 2688 2944 τῆς
2733 2874 2926 2944 ὀδύνης
2966 2872 3125 2941 ζόφον
3149 2888 3164 2903 °
3199 2870 3227 2924 ὃ
3273 2870 3337 2940 δὴ
3377 2868 3471 2921 καὶ
3524 2864 3624 2920 νῦν

1947 2961 2138 3030 γέγονε
2158 2978 2170 2991 ⁸
2207 2963 2304 3016 καὶ
2330 2964 2577 3035 ὅπουπερ
2615 2964 2683 3018 ἂν
2706 2964 2793 3036 ἴδῃ
2829 2982 2936 3028 τις,
2968 2964 3070 3017 κᾶν
3096 2963 3176 3026 εἰς
3206 2960 3265 3015 τὸ
3287 2960 3499 3030 ἔδαφος,
3519 2957 3623 3011 κάν

1948 3051 2028 3114 εἰς
2046 3051 2171 3113 τοὺς
2199 3051 2430 3122 τοίχους,
2455 3052 2560 3106 κᾶν
2584 3054 2662 3115 είς
2678 3054 2803 3116 τοὺς
2824 3054 3007 3117 κίονας
3028 3053 3126 3124 τῆς
3151 3049 3376 3113 πόλεως,
3410 3046 3513 3100 κᾶν
3542 3047 3623 3110 εἰς

1946 3137 2072 3201 τοῦς
2113 3138 2356 3209 πλησίον,
2399 3139 2569 3193 νύκτα
2603 3142 2737 3211 ὁρᾷν
2762 3140 2909 3194 δοκεῖ
2935 3141 3027 3193 καὶ
3065 3140 3225 3207 ζόφον
3255 3135 3420 3207 βαθύν
3442 3152 3455 3163 ·
3479 3133 3623 3188 οὕτω

1950 3225 2126 3279 πάντα
2148 3226 2347 3298 πολλῆς
2381 3228 2541 3298 γέμει
2568 3228 2667 3299 τῆς
2695 3228 3020 3298 κατηφείας.
3045 3226 3177 3296 Σιγὴ
3207 3221 3482 3293 πανταχοῦ
3502 3222 3625 3295 φρί-

1949 3330 2051 3383 κης
2089 3313 2333 3384 γέμουσα
2394 3315 2487 3369 καὶ
2526 3315 2751 3387 ἐρημία,
2792 3315 2886 3368 καὶ
2923 3316 2951 3367 ὀ
2998 3312 3243 3375 ποθεινὸς
3290 3312 3495 3374 ἐκεῖνος
3528 3308 3624 3363 τοῦ

1949 3401 2188 3471 πλήθους
2204 3402 2458 3457 ἔσϐεσται
2486 3402 2733 3475 θόρυϐος,
2763 3403 2858 3455 καὶ
2880 3401 3132 3472 καθάπερ
3153 3399 3408 3453 ἁπάντων
3429 3398 3508 3459 εἰς
3528 3395 3625 3468 τὴν

1950 3491 2054 3558 γῆν
2087 3490 2459 3543 καταδυόντων
2497 3490 2541 3550 ί,
2591 3491 2763 3554 οὕτως
2811 3491 3023 3558 ἀφωνία
3077 3488 3174 3560 τὴν
3212 3487 3366 3540 πόλιν
3405 3484 3625 3554 κατέχει

1950 3575 2065 3640 νῦν,
2103 3578 2196 3630 καὶ
2231 3581 2344 3640 τοῖς
2369 3577 2537 3641 λίθοις
2569 3579 2809 3631 ἐοίκασιν
2840 3578 3097 3641 ἅπαντες,
3147 3578 3240 3629 καὶ
3286 3575 3474 3643 ῶσπερ
3518 3572 3626 3626 τινὶ

1951 3664 2292 3736 γλωττοπέδῃ
2321 3669 2386 3737 τῇ
2436 3668 2691 3737 συμφορᾷ
2744 3666 3095 3737 κατεχόμενοι
3132 3664 3440 3735 βαρυτάτην
3492 3680 3624 3716 κατ-

1954 3752 2171 3822 έχουσιν
2198 3753 2445 3824 ἡσυχίαν,
2484 3754 2578 3806 καὶ
2609 3755 2896 3824 τοσαύτην,
2922 3755 3130 3824 δσηπερ
3164 3753 3229 3807 ἂν
3267 3753 3316 3805 εἰ
3353 3750 3626 3823 πολεμίων

1952 3839 2283 3893 ἐπελθόντων
2320 3842 2413 3894 καὶ
2448 3841 2657 3905 πάντας
2692 3840 2826 3912 ὁμοῦ
2861 3842 2994 3912 πυρὶ
3022 3841 3117 3894 καὶ
3151 3839 3354 3911 σιδήρῳ
3380 3838 3623 3908 δαπανη-

1956 3928 2163 3981 σάντων
2211 3928 2447 3996 ἐγένετο.
2504 3927 2770 3993 Εὖκαιρον
2818 3928 2914 3981 νῦν
2961 3929 3159 3981 εἰπεῖν’
3211 3927 3628 3980 Ἀποστείλατε

1957 4011 2107 4079 πρὸς
2135 4008 2239 4075 τὰς
2265 4010 2625 4078 θρηνούσας,
2652 4009 2767 4082 [:25]
2805 4010 2904 4063 καὶ
2943 4010 3313 4072 ἐλθέτωσαν,
3341 4010 3438 4063 καί
3476 4010 3627 4075 πρὸς

1956 4096 2062 4163 τὰς
2077 4094 2290 4163 σοφὰς,
2309 4096 2405 4149 καί
2423 4096 2919 4167 φθεγξάσθωσαν.
2954 4096 3252 4151 Ῥεέτωσαν
3272 4098 3322 4149 οἰ
3350 4094 3625 4165 ὀφθαλμοὶ

1953 4186 2109 4258 ὑμῶν
2140 4186 2304 4253 ὕδωρ,
2331 4188 2426 4239 καὶ
2455 4187 2524 4239 τὰ
2559 4186 2806 4255 βλέφαρα
2833 4184 2986 4254 ὑμῶν
3014 4183 3299 4251 καταγὲτω
3321 4181 3549 4253 δάκρυα·
3578 4183 3627 4235 οι

1958 4272 2152 4344 βουνοὶ,
2167 4272 2358 4327 λάϐετε
2385 4273 2631 4336 κοπετὸν,
2668 4273 2761 4326 καὶ
2788 4272 2858 4325 τά
2888 4270 3013 4343 ὅρη,
3039 4269 3255 4341 θρῆνον.
3291 4268 3625 4339 Καλέσωμεν

1954 4360 2052 4431 τὴν
2089 4360 2263 4413 κτίσιν
2304 4361 2517 4414 ἃπασαν
2560 4362 2640 4422 εἰς
2677 4358 3022 4429 συμπάθειαν
3056 4357 3164 4409 τῶν
3208 4356 3494 4428 ἡμετέρων
3530 4373 3629 4409 κα-

1955 4447 2087 4501 κῶν.
2129 4446 2290 4509 Πόλις
2310 4445 2453 4499 οῦτω
2489 4445 2697 4517 μεγάλη
2725 4446 2818 4499 καὶ
2849 4444 2959 4497 τῶν
2987 4445 3093 4498 ὑπὸ
3120 4443 3220 4513 τὴν
3250 4444 3325 4497 ἕω
3358 4442 3628 4513 κειμένων

1956 4535 1990 4604 ή
2007 4532 2235 4604 κεφαλὴ,
2262 4535 2326 4586 ἐκ
2356 4533 2531 4603 μέσης
2556 4532 2973 4602 ἀναρπασθῆναι
3001 4531 3297 4586 κινδυνεύει
3326 4531 3424 4601 τῆς
3448 4532 3628 4583 οίκουο

1960 4619 2158 4690 μένης
2197 4619 2293 4673 νῦν
2322 4619 2356 4689 ἡ
2391 4618 2659 4681 πολύπαις
2689 4619 2859 4682 άπαις
2889 4617 3153 4688 ἐξαίφνης
3181 4617 3493 4687 γεγένηται,
3533 4613 3629 4668 καὶ

1955 4708 1984 4759 ὀ
2013 4705 2293 4776 βοηθήσων
2331 4704 2524 4769 οὐδείς.
2553 4705 2629 4759 Οὐ
2650 4705 2760 4776 γάρ
2789 4707 2937 4759 ἐστιν
2976 4706 3005 4757 ὁ
3038 4703 3317 4774 ὑϐρισθεὶς
3366 4699 3628 4771 όμότιμόν

1954 4808 2075 4845 τινα
2114 4790 2253 4862 έχων
2289 4791 2381 4844 ἐπὶ
2415 4791 2516 4861 τῆς
2558 4791 2661 4862 γῆς
2683 4808 2696 4821 ·
2729 4792 2981 4862 βασιλεὺς
3011 4792 3121 4862 γάρ
3148 4792 3262 4843 ἐστι
3297 4785 3506 4859 κορυφὴ
3532 4785 3628 4838 καὶ

1958 4877 2168 4949 κεφαλὴ
2199 4877 2309 4931 τῶν
2340 4877 2435 4930 ἐπὶ
2458 4878 2557 4947 τῆς
2588 4878 2695 4949 γῆς
2724 4877 3027 4950 ἀνθρώπων
3050 4876 3321 4931 ἀπάντων.
3349 4874 3449 4925 Διά
3470 4869 3629 4924 τοῦτο

1956 4965 2019 5036 δὴ
2048 4966 2184 5035 πρὸς
2207 4965 2297 5019 τὸν
2328 4965 2441 5020 άνω
2473 4966 2906 5037 καταφεύγωμεν
2940 4964 3166 5035 βασιλέα
3184 4976 3198 4991 °
3232 4964 3435 5015 ἐκεῖνον
3466 4957 3628 5012 καλέ-

1961 5068 2141 5120 σωμεν
2170 5054 2250 5115 είς
2280 5050 2563 5123 βοήθειαν
2593 5054 2641 5106 εἰ
2677 5053 2754 5123 μὴ
2801 5052 2901 5121 τῆς
2935 5050 3143 5104 ἄνωθεν
3170 5045 3570 5116 ἀπολαύσοιμεν
3600 5046 3629 5086 ⁸

1959 5138 2196 5202 εὐνοίας,
2217 5140 2444 5210 οὐδεμία
2467 5139 2712 5192 λείπεται
2736 5141 2847 5201 τοῖς
2872 5135 3260 5207 γεγενημένοις
3287 5132 3628 5204 παραμυθία.

2027 5233 2100 5295 γ’.
2138 5226 2467 5297 Ἐϐουλόμην
2502 5226 2735 5281 ἐνταῦθα
2781 5223 3083 5279 καταλῦσαι
3122 5222 3212 5276 τὸν
3233 5221 3405 5290 λόγον·
3431 5222 3493 5274 οὐ
3521 5220 3633 5292 γὰρ

1961 5311 2202 5366 ἐθέλουσι
2247 5312 2355 5365 τῶν
2397 5312 2745 5382 ὀδυνωμένων
2789 5312 2844 5364 al
2899 5309 3068 5380 ψυχαί
3127 5310 3371 5382 μακροὺς
3413 5307 3636 5363 ἀποτεί-

1960 5417 2072 5455 νειν
2106 5399 2313 5470 λόγους
2376 5398 2491 5452 ἀλλ’
2527 5398 2716 5467 ὥσπερ
2753 5397 2948 5469 νεφέλη
3003 5414 3088 5459 τις
3125 5396 3305 5465 πυκνὴ
3342 5396 3631 5467 γενομένη.

1961 5489 2055 5541 καὶ
2095 5488 2195 5559 τὴν
2228 5487 2458 5559 ήλιακήν
2500 5488 2696 5542 ἀκτῖνα
2738 5485 3165 5558 ύπεκδραμοῦσα
3203 5486 3265 5548 δ.
3300 5483 3637 5555 ἀποστρέφει

1974 5714 1983 5727 '
2029 5650 2047 5688 ί
2096 5650 2193 5701 Alii
2226 5652 2542 5701 καταδύντων.
2588 5652 2711 5702 Infra
2744 5652 2897 5703 Savll.
2931 5658 2987 5703 et
3040 5665 3167 5700 unus
3211 5648 3474 5715 βαρυτάτην
3512 5659 3638 5712 παρ-

1962 5728 2141 5775 typum.

2028 5776 2054 5837 β
2080 5775 2179 5837 Alii
2206 5774 2261 5821 ἂν
2285 5776 2411 5835 μή...
2436 5775 2801 5837 ἀπολαύσωμεν.

2026 5835 2056 5876 Ιι
2081 5836 2232 5887 Savil.
2254 5833 2307 5886 et
2338 5840 2536 5901 quidam
2563 5852 2680 5890 mss.
2703 5833 3064 5902 ῦποδραμοῦσιι.
