4074 6218
420 213 490 266 57
1192 209 1250 264 S.
1285 208 1570 266 JOANNIS
1588 207 2080 266 CHRYSOSTOMI
2114 208 2438 267 ARCl-IIEP.
2481 205 3023 268 CONSTANTINOP.
3247 221 3262 234 '
3801 209 3871 265 33

424 327 522 398 τήν
549 327 724 395 αὐγὴν
747 327 928 379 πᾶσαν
955 327 1034 388 είς
1055 325 1317 378 τοὺπίσω·
1341 324 1482 378 οὕτω
1507 324 1570 398 δὴ
1605 325 1699 379 καὶ
1729 325 1966 396 ἀθυμίας
2007 325 2096 379 νέ-

421 433 540 480 φος,
587 414 804 468 ἐπειδὰν
838 417 934 486 στῇ
981 415 1086 486 πρὸ
1127 414 1224 484 τῆς
1267 414 1444 484 ψυχῆς
1481 418 1582 484 τῆς
1637 414 1948 485 ἡμετέρας,
1996 416 2096 469 οὑκ

421 503 647 573 ἀφίησιν
675 501 893 555 εὔκολον
923 501 1176 570 γενέσθαι
1202 502 1300 572 τὴν
1329 500 1420 553 τοῦ
1450 501 1609 568 λόγου
1657 502 1926 566 διάϐασιν,
1981 502 2098 556 ἀλλ’

421 591 714 658 ἀποπνίγει
767 591 858 641 καὶ
891 588 1101 658 συνέχει
1135 587 1273 658 μετὰ
1303 589 1503 658 πολλῆς
1531 589 1632 660 τῆς
1659 591 1904 662 ἀνάγκης
1955 590 2100 643 ἔνδον

421 678 605 730 αὑτόν.
639 677 748 730 Καὶ
781 675 938 728 τοῦτο
965 677 1065 729 οὑκ
1094 676 1186 728 ἐπὶ
1219 675 1327 729 τῶν
1355 676 1638 744 λεγόντων,
1689 677 1824 730 ἀλλά
1867 679 1963 730 καὶ
2007 678 2101 730 ἐπὶ

420 766 529 820 τῶν
563 765 869 818 ἀκουόντων
899 764 1128 829 γίνεται.
1155 765 1366 834 ’Ὠσπερ
1395 763 1504 835 γὰρ
1526 764 1634 818 ἀπὸ
1658 765 1758 834 τῆς
1789 765 1885 818 τοῦ
1911 765 2098 832 λέγον-

422 867 516 913 τος
539 852 716 924 ψυχῆς
745 853 842 904 οὑκ
875 853 1100 920 ἀφίησιν
1147 852 1309 905 αὑτὸν
1347 852 1652 923 ἐκπηδῆσαι
1685 854 1800 924 μετ’
1827 853 2098 918 εὐκολίας,

424 936 599 1002 οὑτως
638 940 757 990 ούδέ
801 941 880 1002 είς
929 937 1028 1008 τὴν
1072 938 1178 991 τῶν
1209 939 1514 992 ἀκουόντων
1557 940 1794 994 διάνοιαν
1841 942 2100 1010 ἐμπεσεῖν

428 1030 703 1098 συγχωρεῖ
757 1027 894 1096 μετά
942 1028 1039 1098 τῆς
1076 1028 1279 1090 οἰκείας
1304 1026 1606 1098 δυνάμεως.
1647 1027 1747 1080 Διά
1798 1029 1955 1082 τοῦτο
2008 1029 2102 1083 καὶ

441 1115 683 1168 Ἰουδαῖοί
709 1133 836 1169 ποτε
865 1115 940 1185 τῷ
967 1115 1122 1186 πηλῷ
1158 1117 1250 1170 καὶ
1297 1121 1361 1188 τῇ
1409 1117 1657 1190 πλινθείᾳ
1695 1118 2101 1182 δουλεύοντεςει,

425 1202 522 1255 τοῦ
545 1202 787 1264 Μωσέως
818 1202 1076 1265 πολλάκις
1113 1203 1324 1274 μεγάλα
1349 1205 1477 1275 περὶ
1517 1208 1617 1274 τῆς
1648 1205 1824 1258 αὐτῶν
1855 1205 2102 1274 λέγοντος

430 1291 702 1361 σωτηρίας
751 1289 968 1342 ἀκούειν
997 1291 1098 1344 οὑκ
1137 1291 1432 1362 ἠνείχοντο,
1479 1293 1577 1362 τῆς
1620 1293 1855 1363 ἀθυμίας
1905 1293 2103 1346 ἄϐατον

428 1379 688 1447 ποιούσης
718 1377 796 1446 τῷ
827 1379 969 1450 λόγῳ
999 1381 1097 1450 τὴν
1122 1379 1382 1444 διάνοιαν,
1415 1382 1508 1433 καὶ
1535 1380 1631 1451 τὴν
1659 1382 1828 1452 ἀκοὴν
1857 1383 2104 1452 ἐμφρατ-

426 1466 644 1534 τούσης.
691 1466 1027 1537 Ἦϐουλόμην
1057 1468 1155 1538 μέν
1184 1463 1276 1521 οῦν
1310 1469 1402 1522 καὶ
1429 1469 1590 1531 αὐτὸς
1613 1469 1842 1522 ἐνταῦθα
1868 1470 2104 1523 καταλῦ-

429 1569 518 1606 σαι
542 1552 610 1605 τά
638 1553 923 1624 εἰρημένα·
955 1553 1072 1607 ἀλλ’
1089 1555 1348 1626 ἐννοήσας
1387 1557 1467 1608 ὅτι
1501 1556 1602 1608 οὑκ
1633 1556 1979 1626 ἀντιφράττει
2011 1556 2105 1626 μό-

428 1659 516 1694 νον
544 1642 772 1712 νεφέλης
800 1641 960 1710 φύσις
991 1641 1088 1713 τὴν
1121 1645 1200 1706 είς
1227 1643 1288 1696 τὸ
1315 1645 1501 1713 πρόσω
1530 1643 1700 1714 φοράν
1729 1643 1830 1714 τῆς
1867 1644 2102 1706 ἀκτῖνος,

435 1729 572 1783 ἀλλά
602 1731 696 1783 καὶ
719 1731 1026 1783 τούναντίον
1055 1731 1192 1802 αὑτὴ
1223 1731 1418 1800 πάσχει
1445 1730 1722 1794 πολλάκις·
1766 1729 1982 1782 ἐπειδὰν
1999 1732 2106 1799 γὰρ

433 1818 461 1869 ό
493 1817 642 1888 ἥλιος
667 1818 992 1890 θερμότερος
1027 1817 1349 1890 προσπεσὼν
1371 1817 1631 1889 διηνεκῶς
1655 1818 1816 1890 τρίϐῃ
1845 1818 1904 1870 τὸ
1924 1817 2104 1885 νέφος,

439 1907 600 1975 μέσον
629 1925 687 1960 τε
719 1907 850 1961 αὐτὸ
883 1907 1135 1980 διέρῥηξε
1175 1907 1452 1972 πολλάκις,
1477 1909 1570 1962 καὶ
1605 1908 1797 1979 ἀθρόον
1825 1907 2106 1977 ἐκλάμψας

435 1997 660 2068 φαιδρὸς
689 2000 807 2062 ταῖς
837 1997 944 2052 τῶν
977 1998 1226 2070 ὁρώντων
1259 2000 1596 2071 προσέπεσεν
1622 2000 1794 2069 ὂψεσι·
1822 2001 1980 2053 τοῦτο
2013 2001 2106 2054 καὶ

434 2083 596 2146 αὐτὸς
627 2085 912 2155 προσδοκῶ
941 2089 1186 2157 ποιήσειν
1217 2089 1477 2158 σήμερον,
1515 2089 1609 2141 καὶ
1650 2087 1744 2141 τοῦ
1791 2087 1949 2155 λόγου
1985 2105 2107 2140 συν-

435 2171 574 2240 εχῶς
605 2172 917 2242 ὁμιλοῦντος
956 2174 1110 2244 ὑμῶν
1139 2179 1259 2238 ταῖς
1293 2175 1519 2246 ψυχαῖς,
1555 2179 1648 2230 καὶ
1671 2178 1761 2229 ἐπὶ
1805 2177 1986 2229 πλεῖον
2019 2179 2108 2229 ἐν·

433 2256 821 2329 διατρίϐοντος,
847 2262 1181 2333 ῥαγήσεσθαι
1205 2262 1406 2325 ἐλπίζω
1435 2264 1531 2334 τῆς
1565 2263 1802 2334 ἀθυμίας
1835 2264 1894 2316 τὸ
1927 2263 2106 2332 νέφος,

437 2344 530 2396 καὶ
569 2345 944 2415 καταλάμψειν
985 2346 1139 2417 ὑμῶν
1176 2347 1272 2418 τὴν
1308 2349 1547 2402 διάνοιαν
1587 2352 1652 2420 τῇ
1697 2349 1919 2420 εἰωθυία
1949 2350 2108 2403 πάλιν

433 2429 772 2502 διδασκαλίᾳ.
805 2433 942 2486 Ἀλλ’
971 2434 1182 2487 ἐπίδοτέ
1221 2453 1310 2504 μοι
1343 2437 1440 2505 τὴν
1469 2435 1645 2506 ψυχὴν
1686 2436 1782 2505 τὴν
1812 2437 2108 2507 ὑμετέραν,

437 2517 648 2570 ἐπίδοτέ
693 2537 782 2588 μοι
819 2519 918 2590 τὴν
950 2522 1121 2591 ἀκοὴν
1173 2521 1389 2591 μικρόν·
1423 2523 1819 2588 ἀποτινάξασθε
1845 2524 1943 2593 τήν
1977 2523 2112 2576 ἀθυ-

441 2604 592 2674 μίαν·
643 2607 733 2657 ἐπὶ
779 2605 840 2658 τὸ
889 2606 1152 2676 πρότερον
1196 2606 1314 2669 έθος
1355 2607 1759 2676 ἐπανέλθωμεν.
1795 2610 1889 2661 καὶ
1921 2608 2110 2678 ὥσπερ

439 2687 710 2759 εἰώθαμεν
739 2692 824 2744 ἀεὶ
853 2691 968 2761 μετ’
993 2691 1258 2761 εὐθυμίας
1280 2692 1511 2746 ἐνταῦθα
1535 2694 1952 2761 παραγίνεσθαι,
1969 2694 2110 2747 οὕτω

441 2779 533 2829 καὶ
581 2776 676 2830 νῦν
721 2778 984 2850 ποιῶμεν,
1010 2779 1069 2832 τὸ
1109 2781 1215 2832 πᾶν
1241 2781 1332 2832 ἐπὶ
1359 2781 1449 2832 τὸν
1483 2780 1614 2832 Θεὸν
1641 2781 1912 2851 ῥίψαντες.
1943 2780 2112 2835 Τοῦτο

441 2865 536 2916 καὶ
567 2865 702 2934 πρὸς
731 2865 900 2936 αὑτὴν
935 2868 1065 2936 ἡμῖν
1088 2867 1186 2938 τῆς
1215 2869 1500 2938 συμφορᾶς
1531 2867 1886 2937 συμϐαλεῖται
1915 2867 2113 2938 τὴνλύο

443 2969 546 3006 σιν.
570 2954 666 3005 Ἂν
687 2953 794 3024 γάρ
821 2953 906 3026 ἴδῃ
937 2953 1074 3023 μετά
1103 2954 1389 3026 ἀκριϐείας
1411 2954 1791 3026 ἀκροωμένους
1815 2955 1922 3010 τῶν
1945 2956 2110 3010 αὐτοῦ

441 3038 634 3108 λόγων,
665 3041 758 3092 καὶ
782 3039 880 3110 τὴν
912 3039 1225 3110 φιλοσοφίαν
1253 3043 1383 3112 ἡμῖν
1411 3042 1510 3095 οὑκ
1545 3043 1909 3114 ἐλεγχομένην
1927 3046 1992 3114 τῇ
2016 3044 2111 3096 τοῦ

444 3125 636 3196 καιροῦ
679 3126 953 3199 δυσκολίᾳ,
995 3129 1205 3198 ταχέως
1229 3128 1600 3199 ἀντιλήψεται,
1629 3131 1723 3182 καὶ
1766 3132 1980 3201 ποιήσει
2015 3129 2110 3202 τὴν

441 3214 679 3285 γαλήνην
692 3214 786 3268 καὶ
800 3215 1095 3287 μεταϐολὴν
1109 3217 1316 3287 ἀγαθὴν
1328 3217 1436 3270 ἀπὸ
1446 3217 1537 3270 τοῦ
1551 3219 1813 3288 παρόντος
1825 3218 2111 3288 χειμῶνος.

513 3293 750 3378 Τὸν’γάρ
773 3307 1094 3378 Χριστιανὸν
1113 3307 1210 3360 καὶ
1237 3308 1294 3360 ἐν
1322 3305 1494 3376 τούτῳ
1525 3305 1632 3358 τῶν
1655 3305 1898 3360 ἀπίστων
1921 3306 2110 3375 διαφέ-

443 3412 557 3464 ρειν
586 3398 714 3467 χρὴ,
744 3395 856 3466 [ἳᾷ]
877 3399 934 3448 ἐν
951 3395 1029 3465 τῷ
1053 3395 1238 3467 φέρειν
1259 3395 1522 3463 γενναίως
1538 3393 1774 3456 ἅπαντα,
1799 3394 1894 3447 καὶ
1915 3398 1982 3466 τῇ
2003 3393 2111 3451 τῶν

443 3487 743 3558 μελλόντων
789 3489 962 3541 ἐλπίδι
999 3490 1364 3560 πτερούμενον
1400 3488 1672 3562 ἀνώτερον
1705 3486 1842 3544 εἶναι
1873 3491 1972 3560 τῆς
2002 3489 2108 3542 τῶν

439 3573 794 3644 ἀνθρωπίνων
815 3575 1003 3628 κακῶν
1026 3575 1347 3648 προσϐολῆς.
1379 3576 1502 3629 Ἐπὶ
1529 3577 1627 3648 τῆς
1652 3577 1855 3649 πέτρας
1879 3577 2110 3647 ἕστηκεν

440 3663 470 3715 ό
499 3663 708 3726 πιστὸς,
739 3663 827 3716 διὰ
869 3663 1026 3717 τοῦτο
1053 3666 1172 3727 ταῖς
1199 3664 1307 3717 τῶν
1340 3664 1598 3734 κυμάτων
1645 3664 1939 3738 ἀχείρωτός
1993 3667 2108 3716 ἐστι

441 3751 812 3821 προσϐολαῖςι)
841 3791 854 3804 .
894 3753 990 3804 Ἂν
1027 3751 1134 3823 γάρ
1164 3752 1376 3823 ἐπαρθῇ
1407 3751 1476 3805 τὰ
1513 3751 1734 3822 κύματα
1770 3753 1879 3805 τῶν
1914 3770 2109 3824 πειρα-

443 3835 617 3906 σμῶν,
653 3839 752 3890 οὑκ
782 3839 1081 3905 ἐφικνεῖται
1109 3838 1218 3891 τῶν
1257 3840 1466 3891 ἐκείνου
1501 3839 1708 3892 ποδῶν·
1744 3835 1896 3902 οὗτος
1919 3840 2112 3910 ὑψηλό-

439 3939 595 3993 τερος
618 3926 716 3993 τῆς
737 3924 953 3994 ἁπάσης
973 3924 1226 3994 τοιαύτης
1248 3925 1476 3994 ἕστηκεν
1499 3926 1806 3996 ἐπιϐουλῆς.
1825 3927 1916 3997 Μὴ
1932 3927 2108 3980 τοίνυν

441 4011 857 4082 καταπέσωμεν,
898 4013 1192 4082 ἀγαπητοί.
1233 4013 1344 4082 Οὐχ
1375 4011 1548 4076 οὕτως
1570 4015 1729 4083 ἡμεῖς
1755 4015 2109 4086 φροντίζομεν

439 4098 538 4167 τῆς
554 4099 829 4169 ἡμετέρας
855 4100 1146 4170 σωτηρίας,
1165 4101 1240 4162 ὼς
1264 4101 1292 4151 ό
1311 4101 1542 4170 ποιήσας
1561 4103 1591 4170 ή
1603 4103 1706 4170 μᾶς
1727 4101 1878 4165 Θεός·
1897 4103 1994 4173 οὑχ
2021 4102 2110 4155 οὑ-

440 4202 544 4246 τως
562 4188 694 4256 ἡμῖν
719 4186 869 4254 μέλει
885 4187 978 4240 τοῦ
1003 4187 1167 4258 μηδὲν
1190 4186 1381 4242 παθεῖν
1401 4187 1592 4254 δεινὸν,
1611 4189 1686 4252 ὡς
1705 4187 1782 4260 τῷ
1808 4190 1904 4260 τὴν
1931 4191 2108 4261 ψυχὴν

440 4277 572 4345 ἡμῖν
603 4276 972 4348 χαρισαμένῳ,
1005 4278 1097 4330 καὶ
1117 4277 1352 4331 τοσαῦτα
1379 4278 1520 4331 δόντι
1551 4279 1687 4348 μετὰ
1712 4278 1884 4332 ταῦτα
1906 4281 2105 4347 ἀγαθά.

443 4362 679 4426 Ταύταις
705 4365 927 4422 ἐαυτοὺς
957 4365 1324 4436 πτερώσωμεν
1343 4369 1460 4430 ταῖς
1483 4367 1683 4431 ἐλπίσι,
1713 4367 1808 4420 καὶ
1837 4367 1944 4420 τῶν
1981 4367 2107 4437 μελ-

441 4448 640 4502 λόντων
672 4449 1002 4521 ῥηθήσεσθαι
1031 4451 1170 4522 μετά
1192 4451 1290 4520 τῆς
1318 4453 1572 4516 είωθυίας
1609 4452 1930 4523 ἀκούσωμεν
1971 4471 2108 4524 προ-

443 4536 659 4607 θυμίας.
713 4537 945 4604 Μακράν
992 4537 1182 4608 πρῴην
1224 4539 1484 4592 ἀπέτεινα
1521 4539 1656 4610 πρὸς
1697 4541 1794 4611 τὴν
1837 4540 2108 4611 ὑμετέραν

439 4626 658 4696 ἀγάπην
691 4624 1051 4696 δημηγορίαν,
1092 4627 1184 4678 καὶ⁴
1235 4627 1443 4690 πάντας
1477 4623 1612 4679 είδον
1643 4627 2110 4699 παρακολουθοῦν-

437 4729 556 4774 τας,
589 4711 682 4764 καὶ
703 4711 894 4765 οὐδένα
932 4715 996 4764 ἐκ
1031 4711 1205 4784 μέσης
1249 4713 1662 4785 ὑποστρέψαντα
1693 4714 1792 4784 τῆς
1820 4713 1961 4769 ὁδοῦ.
1993 4715 2107 4767 Χά-

443 4817 526 4869 ριν
555 4799 682 4868 ὑμῖν
715 4799 838 4852 ἀντὶ
865 4799 963 4870 τῆς
995 4799 1302 4871 προθυμίας
1336 4800 1443 4870 ἔχω
1477 4802 1713 4871 ἐκείνης,
1743 4803 1838 4856 καὶ
1861 4802 1969 4855 τῶν
2007 4803 2105 4855 πό-

437 4906 541 4940 νων
569 4889 660 4940 τὸν
693 4887 880 4958 μισθὸν
905 4889 1202 4960 ἀπείληφα·
1221 4889 1356 4941 ἀλλά
1391 4889 1484 4942 καὶ
1513 4889 1698 4962 ἕτερον
1739 4893 1854 4960 μετ’
1895 4891 2105 4945 ἐκείνου

443 4976 630 5042 μισθὸν
671 4977 814 5047 ὑμᾶς
835 4976 1014 5048 ᾔτησα
1043 4976 1187 5029 τότε·
1233 4977 1374 5046 τάχα
1405 4977 1518 5029 ίστε
1550 4979 1643 5032 καὶ
1679 4978 1976 5049 μέμνησθε.
2011 4979 2108 5042 Τίς

439 5059 494 5111 δέ
540 5059 606 5130 ἦν
642 5065 670 5115 ό
697 5063 915 5133 μισθός;
947 5064 1087 5126 Τοὺς
1115 5063 1468 5135 βλασφήμους
1492 5066 1617 5128 τοὺς
1649 5064 1790 5117 κατὰ
1821 5065 1919 5136 τὴν
1953 5064 2106 5118 πόλιν

441 5149 686 5212 κολάζειν
711 5154 802 5205 κα)⁴
829 5151 1202 5225 σωφρονίζειν,
1243 5154 1368 5216 τοὺς
1400 5156 1478 5217 εἰς
1505 5154 1595 5206 τὸν
1623 5153 1754 5206 Θεὸν
1788 5153 2105 5223 ὑϐρίζοντας

443 5238 536 5290 καὶ
567 5242 954 5310 παροινοῦντας
980 5255 1001 5283 α
1027 5244 1298 5310 κατέχειν·
1325 5245 1424 5297 οὑκ
1443 5240 1594 5314 οἶμαι
1619 5243 1790 5296 ταῦτα
1817 5243 1911 5298 ἀπ’
1937 5245 2107 5314 ἐμαυ-

439 5325 535 5378 τοῦ
565 5327 686 5378 τότε
718 5329 1019 5398 εἰρηκέναι,
1054 5333 1189 5385 ἀλλά
1205 5331 1298 5384 τοῦ
1315 5331 1450 5386 Θεοῦ
1475 5331 1545 5384 τὰ
1571 5331 1832 5402 μέλλοντα
1859 5331 2106 5403 προειδό-

438 5430 531 5477 τος
548 5415 630 5477 εῐς
645 5413 742 5484 τὴν
757 5415 994 5468 διάνοιαν
1013 5419 1110 5488 τὴν
1124 5419 1400 5491 ἡμετέραν
1417 5420 1814 5492 ἐμϐεϐληκέναι
1834 5419 1902 5473 τὰ
1923 5421 2104 5490 ῥήμα-

438 5519 526 5558 τα·
557 5505 606 5556 εί
635 5503 742 5574 γὰρ
768 5504 896 5566 τοὺς
929 5503 998 5556 τὰ
1024 5505 1247 5558 τοιαῦτα
1274 5507 1586 5578 τολμῶντας
1625 5506 1974 5577 ἐκολάζομεν,
2005 5507 2106 5560 οὑκ

436 5592 502 5647 ἂν
530 5589 702 5646 ταῦτα
729 5590 889 5662 ἐξέϐη
917 5591 1032 5658 νῦν,
1053 5591 1196 5662 άπερ
1219 5593 1399 5664 ἐξέϐη.
1423 5595 1582 5666 Πόσῳ
1599 5595 1805 5666 βέλτιον
1831 5591 1924 5668 ῆν,
1943 5597 1991 5650 εί
2011 5597 2105 5651 καὶ

495 5757 521 5828 _‘
545 5759 782 5828 $31-i].‘et#
804 5761 952 5828 aliqui
973 5761 1194 5828 jtthafqz
1225 5763 1673 5826 ταλαιπωρούμενα..

495 5819 522 5885 ξ)
549 5820 824 5885 ξΕμϐολαῖς,
846 5819 916 5872 sib
940 5826 1040 5873 alii.

495 5883 516 5910 τ
542 5882 622 5931 sm
645 5885 774 5934 Sam
821 5893 864 5932 el
895 5889 1080 5946 aliquot
1107 5901 1246 5942 mss.,
1275 5887 1354 5935 alii
1383 5885 1783 5946 παρανομοῦντας.

2207 324 2539 380 κινδυνεύειν
2577 324 2706 391 ἔδει,
2751 326 3149 398 σωφρονίζοντα
3175 325 3369 388 αὑτοὺς
3391 325 3484 379 καὶ
3511 324 3875 380 παιδεύονταει

2207 413 2398 467 παθεῖν
2427 432 2502 478 τι,
2535 413 2562 466 ὃ
2587 414 2682 466 καὶ
2715 413 3015 485 μαρτυρίου
3047 412 3308 482 στέφανον
3354 415 3487 484 ἡμῖν
3533 414 3810 483 ἐκόμιζεν,
3840 413 3878 484 ἢ

2201 502 2296 555 νῦν
2316 501 2632 566 δεδοικέναι,
2667 502 2763 554 καὶ
2789 501 3033 571 τρέμειν,
3077 500 3172 554 καὶ
3203 501 3429 554 θάνατον
3477 502 3781 572 προσδοκᾷν
3805 504 3870 556 ἐκ

2201 589 2300 658 τῆς
2325 589 2546 642 ἐκείνων
2569 589 2824 654 ἀταξίας;
2858 589 2987 642 Ἱδοὺ
3017 587 3076 640 τὸ
3091 589 3396 660 ἁμάρτημα
3417 589 3634 658 γέγονεν
3655 590 3874 659 ὀλίγων,

2201 677 2296 729 καὶ
2323 679 2383 729 τὸ
2405 677 2572 748 έγκλη
2581 695 2658 748 μα
2679 678 2885 746 γίνεται
2911 677 3106 731 κοινόν·
3141 678 3249 730 ἰδοῦ
3277 678 3345 730 δι’
3373 677 3612 741 ἐκείνους
3635 677 3880 746 ἅπαντες

2199 765 2517 837 δεδοίκαμεν
2557 765 2671 832 νῦν,
2713 767 2806 820 καὶ
2844 765 2953 820 τῶν
2991 767 3217 830 ἐκείνοις
3257 766 3676 837 τετολμημένων
3721 769 3876 823 αὑτοὶ

2197 854 2298 916 τὰς
2321 855 2592 926 τιμωρίας
2626 855 2988 926 ὑπομένομεν.
3042 855 3104 907 Εἰ
3157 855 3214 906 δέ
3268 854 3630 924 προλαϐόντες
3678 855 3877 920 αὐτοὺς

2202 939 2530 1010 ἐξεϐάλομεν
2549 941 2649 1011 τῆς
2675 942 2902 1005 πόλεως,
2924 940 3019 994 καὶ
3041 940 3504 1012 ἐσωφρονίσαμεν,
3532 941 3627 995 καὶ
3643 942 3705 996 τὸ
3729 959 3876 995 νενο·

2204 1028 2374 1098 σηκὸς
2403 1029 2793 1100 διωρθώσαμεν
2821 1029 3001 1100 μέλος,
3021 1029 3122 1082 οὑκ
3149 1029 3216 1082 ἂν
3250 1028 3342 1082 τὸν
3375 1029 3617 1099 παρόντα
3647 1029 3879 1100 ἐφοϐού-

2205 1117 2345 1188 μεθα
2369 1118 2550 1185 φόϐον.
2575 1113 2704 1171 Οἶδα
2731 1119 2810 1171 ὅτι
2835 1117 2934 1187 τῆς
2961 1117 3169 1180 πόλεως
3189 1117 3249 1170 τὸ
3275 1112 3407 1188 ἦθος
3429 1117 3633 1172 ἀνωθεν
3657 1118 3881 1175 ἐλεύθε-

2204 1223 2316 1276 ρον,
2369 1205 2508 1272 ξένοι
2546 1205 2602 1260 δέ
2634 1223 2776 1270 τινες
2803 1205 2899 1259 καὶ
2935 1205 3158 1276 μιγάδες
3211 1205 3504 1277 ἄνθρωποι,
3551 1207 3730 1277 μιαροὶ
3777 1209 3880 1262 καὶ

2201 1291 2454 1363 ὀλέθριοι,
2478 1295 2570 1346 καὶ
2600 1294 2697 1363 τῆς
2726 1292 2930 1346 ἑαυτῶν
2951 1293 3330 1361 ἀπεγνωκότες
3355 1293 3622 1364 σωτηρίας
3643 1293 3884 1366 ἐτόλμη-

2206 1396 2328 1446 σαν,
2359 1379 2500 1450 ἅπερ
2521 1381 2842 1451 ἐτόλμησαν.
2875 1381 2974 1433 Διά
3001 1379 3176 1433 ταῦτα
3209 1379 3346 1450 βοῶν
3387 1381 3473 1432 ἀεὶ
3503 1379 3595 1433 καὶ
3635 1380 3878 1452 διαμαρ-

2203 1468 2498 1538 τυρόμενος
2519 1469 2580 1520 οὑ
2607 1468 2872 1522 διέλειπον
2891 1485 2904 1500 ·
2931 1469 3248 1538 κολάσωμεν
3273 1467 3382 1521 τῶν
3412 1468 3882 1540 βλασφημούντων

2202 1556 2302 1624 τὴν
2333 1556 2549 1626 μανίαν,
2583 1557 3002 1627 σωφρονίσωμεν
3017 1556 3204 1609 αὐτῶν.
3225 1555 3324 1626 τὴν
3355 1556 3612 1620 διάνοιαν,
3643 1558 3880 1628 προνοή-

2207 1661 2389 1714 σωμεν
2423 1643 2601 1698 αὐτῶν
2641 1645 2739 1714 τῆς
2790 1645 3081 1715 σωτηρίας·
3119 1644 3224 1697 κᾶν
3261 1643 3548 1697 ἀποθανεῖν
3585 1645 3680 1716 δέῃ
3719 1645 3880 1698 τοῦτο

2203 1730 2510 1794 ποιοῦντας,
2544 1731 2685 1802 μέγα
2711 1733 2846 1802 ἡμῖν
2877 1732 3014 1784 οἴσει
3047 1731 3354 1803 τδιπρᾶγμα
3386 1731 3593 1802 κέρδος·
3635 1731 3708 1802 μὴ
3739 1748 3882 1802 παρ-

2209 1817 2406 1887 ίδωμεν
2443 1817 2535 1870 τὸν
2567 1817 2745 1870 κοινὸν
2811 1816 3162 1888 ὑϐριζόμενον
3205 1818 3498 1886 Δεσπότην·
3531 1817 3674 1888 μέγα
3707 1836 3758 1870 τι
3790 1818 3882 1871 τέ-

2207 1905 2356 1972 ξεται
2376 1907 2442 1975 τῇ
2475 1905 2626 1958 πόλει
2650 1893 2818 1958 κακὸν
2854 1905 2915 1958 τὸ
2941 1906 3010 1959 τά
3043 1907 3266 1960 τοιαῦτα
3302 1909 3582 1978 περιορᾷν.

2276 1990 2338 2044 δ’.
2357 1992 2540 2045 Ταῦτα
2561 1991 2881 2064 προύλεγον,
2911 1992 3252 2062 ταῦταέξέϐη
3264 1993 3380 2057 νῦν,
3393 1993 3594 2064 καὶτῆς
3607 1992 3880 2064 ῥᾳθυμίας

2207 2078 2420 2148 ἐκείνης
2443 2079 2661 2149 τίνομεν
2697 2079 2868 2142 δίκας.
2901 2080 3012 2132 Τὸν»
3034 2079 3165 2133 Θεὸν
3202 2079 3552 2151 ὑϐριζόμενον
3585 2079 3878 2149 περιεῖδες·

2211 2165 2319 2219 ἰδοὺ
2347 2165 2722 2237 συνεχώρησεν
2739 2166 3060 2237 ὑϐρισθῆναι
3083 2167 3324 2236 βασιλέα·
3345 2165 3546 2220 καὶτὸν
3571 2167 3698 2237 περὶ
3721 2177 3747 2203 ε
3767 2165 3882 2218 τῶν

2209 2257 2450 2327 ἐσχάτων
2481 2259 2950 2328 ἐπικρεμασθῆναι
2980 2260 3114 2312 πᾶσι
3137 2258 3400 2325 κίνδυνον,
3435 2258 3519 2310 ἵνα
3554 2255 3704 2326 ἐντῷ
3729 2255 3881 2326 φόϐῳ

2207 2343 2380 2414 τούτῳ
2413 2345 2510 2414 τῆς
2539 2345 2812 2416 ῥᾳθυμίας
2833 2345 3047 2416 ἐκείνης
3073 2346 3250 2416 δῶμεν
3271 2345 3444 2416 δίκην.
3473 2339 3622 2414 ςἈρεῖ.
3667 2344 3742 2414 μὴ
3777 2343 3882 2414 μά-

2207 2449 2326 2502 ετην,
2359 2433 2493 2502 μηδὲ
2523 2435 2642 2502 εἰκῆ
2676 2432 2848 2485 ταῦτα
2881 2433 3196 2505 προύλεγον,
3216 2434 3309 2486 καὶ
3339 2431 3576 2503 συνεχῶς
3604 2431 3884 2502 ἠνώχλουν

2209 2523 2272 2591 τῇ
2302 2521 2542 2590 ὑμετέρα
2570 2521 2764 2592 ἀγάπῃ·
2781 2539 2795 2586 ;
2815 2520 2953 2574 Ἀλλ’
2971 2519 3117 2592 ὅμως
3138 2521 3290 2574 οὑδέν
3319 2521 3508 2590 γέγονε
3537 2521 3715 2583 πλέον,
3743 2519 3884 2573 ἀλλά

2210 2607 2450 2658 γενέσθω
2483 2605 2606 2670 νῦν,
2648 2609 2741 2660 καὶ
2789 2607 2894 2660 ἀπὸ
2933 2610 3032 2679 τῆς
3091 2607 3374 2680 παρούσης
3424 2607 3882 2679 σωφρονισθέντες

2211 2703 2516 2772 συμφορᾶς,
2547 2700 2664 2773 [25]
2687 2701 3002 2770 ἐπίσχωμεν
3020 2698 3118 2769 τὴν
3144 2699 3378 2752 ἄτακτον
3408 2697 3629 2749 ἐκείνων
3659 2698 3880 2766 μανίαν.

2221 2787 2620 2859 Ἐμφράξωμεν
2649 2786 2828 2840 αὐτῶν
2851 2785 2922 2838 τά
2943 2785 3208 2856 στόματα,
3241 2783 3491 2853 καθάπερ
3517 2781 3698 2852 πηγὰς
3722 2781 3886 2834 θανα»

2206 2877 2476 2946 τηφόρους
2509 2875 2942 2946 ἀποκλείσωμεν,
2974 2880 3067 2929 καὶ
3083 2879 3219 2947 πρὸς
3233 2879 3294 2928 τὸ
3309 2879 3548 2941 ἐναντίον
3564 2871 3882 2944 μεταϐάλω-

2211 2981 2331 3034 μεν,
2346 2963 2440 3017 καὶ
2454 2963 2670 3026 πάντως
2685 2964 3025 3034 στήσεταιτά
3043 2963 3404 3033 κατειληφότα
3423 2961 3519 3032 τὴν
3537 2962 3688 3014 πόλιν
3705 2959 3878 3013 κακά.

2279 3051 2391 3103 Οὐκ
2449 3049 2563 3103 ἐστι
2619 3049 2848 3121 θέατρον
2902 3051 2936 3121 ἡ
2995 3049 3302 3121 ἐκκλησία,
3352 3049 3438 3103 ἴνα
3489 3048 3627 3119 πρὸς
3683 3045 3886 3118 τέρψιν

2207 3138 2515 3209 ἀκούωμεν·
2544 3139 2923 3211 ὠφεληθέντας
2952 3139 3204 3192 ἐντεῦθεν
3241 3138 3458 3192 ἀπιέναι
3503 3137 3609 3208 χρὴ
3631 3178 3646 3202 ,
3678 3135 3886 3206 κερδά-

2208 3217 2406 3289 ναντάς
2435 3243 2488 3279 τι
2533 3225 2694 3280 πλέον
2738 3227 2834 3280 καὶ
2876 3227 3039 3296 μέγα,
3071 3225 3246 3289 οὕτως
3288 3226 3590 3295 ἀναχωρεῖν
3619 3223 3728 3276 δεῖ·
3757 3225 3890 3276 ἐπεὶ

2212 3315 2388 3385 μάτην
2416 3314 2510 3367 καὶ
2544 3314 2666 3384 εἰκῆ
2703 3311 3138 3384 παραγινόμεθα,
3175 3315 3224 3364 εί
3252 3313 3386 3384 πρὸς
3409 3312 3596 3382 καιρὸν
3620 3309 3888 3380 ψυχαγω-

2209 3401 2468 3472 γηθέντες
2487 3400 2658 3465 οὑτως
2681 3400 2988 3472 ἀναχωροίη
2998 3417 3115 3471 μεν,
3137 3400 3332 3472 ἔρημοι
3365 3401 3460 3453 καὶ
3487 3399 3630 3452 κενοὶ
3645 3399 3748 3468 τῆς
3773 3397 3892 3450 ἀπὸ

2207 3489 2316 3542 τῶν
2350 3489 2658 3561 λεγομένων
2689 3489 2956 3559 ὠφελείας
2988 3489 3289 3559 γενόμενοι.
3317 3489 3381 3541 Τί
3413 3505 3501 3559 μοι
3527 3486 3636 3539 τῶν
3669 3487 3890 3556 κρότων

2209 3576 2400 3646 ὄφελος
2431 3575 2670 3643 τούτων;
2716 3576 2767 3630 τί
2805 3577 2861 3630 δέ
2899 3576 3006 3630 τῶν
3043 3577 3281 3630 ἐπαίνων
3325 3576 3420 3628 καὶ
3457 3574 3564 3628 τῶν
3595 3572 3846 3642 θορύϐων
3867 3590 3892 3638 ;,

2212 3666 2471 3729 Ἐπαινος
2505 3665 2636 3737 ἐμὸς
2662 3665 2723 3718 τὸ
2751 3665 2839 3718 διὰ
2869 3666 2980 3718 τῶν
3007 3663 3182 3734 ἔργων
3223 3664 3367 3734 ὑμᾶς
3397 3661 3658 3725 ἐπιδεῖξαι
3685 3660 3756 3713 τά
3795 3659 3888 3739 λε-

2208 3752 2414 3822 γόμενα
2454 3751 2688 3805 ἅπαντα·
2731 3751 2854 3804 τότε
2893 3750 3004 3818 ἐγὼ
3039 3750 3278 3821 ζηλωτὸς
3309 3750 3404 3802 καὶ
3452 3748 3741 3820 μακάριος,
3781 3747 3888 3818 οὑχ

2205 3841 2334 3894 ὅταν
2362 3839 2717 3912 ἀποδέχησθε,
2737 3840 2850 3893 ἀλλ’
2875 3841 3002 3892 ὅταν
3029 3839 3217 3909 ποιῆτε
3244 3837 3382 3910 μετὰ
3404 3836 3710 3910 προθυμίας
3741 3837 3890 3889 άπά-

2210 3944 2328 3998 σης,
2361 3927 2504 3998 άπερ
2527 3927 2592 3980 ἂν
2621 3926 2892 3997 ἀκούσητε
2927 3927 3057 3997 παρ’
3088 3925 3266 3996 ήμῶν.
3307 3926 3575 3988 Ἕκαστος
3611 3923 3702 3977 τὸν
3739 3923 3886 3994 τελη-

2208 4015 2319 4068 σίον
2352 4014 2699 4086 διορθούσθω·
2737 4011 3111 4082 Οἰκοδομεῒτε
3138 4012 3246 4084 γὰρ
3285 4009 3374 4078 εἷς
3403 4011 3508 4065 τὸν
3530 4012 3658 4075 ἕνα,
3687 4012 3884 4081 φησίν·

2207 4102 2271 4154 ἂν
2307 4102 2416 4173 γὰρ
2452 4103 2526 4174 μὴ
2567 4101 2728 4154 τοῦτο
2773 4101 3045 4171 ποιῶμεν,
3091 4100 3125 4172 ἡ
3169 4100 3297 4170 παρ’
3343 4100 3572 4154 ἑκάστου
3615 4100 3888 4170 γινομένη

2209 4189 2555 4260 πλημμέλεια
2581 4191 2766 4260 κοινήν
2798 4207 2920 4242 τινα
2957 4189 3053 4242 καλ¹
3085 4188 3359 4260 ἀφόρητον
3383 4189 3516 4242 οἴσει
3541 4189 3640 4258 τὴν
3669 4187 3888 4258 βλάϐην

2205 4281 2270 4348 τῇ
2303 4279 2474 4331 πόλει.
2515 4277 2668 4343 Ἰδοὺ,
2697 4277 2861 4349 μηδέν
2887 4277 3182 4340 συνειδότες
3219 4279 3330 4340 τοῖς
3361 4277 3745 4348 γεγενημένοις
3769 4277 3890 4330 τῶν

2203 4363 2610 4435 τετολμηκότων
2644 4365 2743 4418 οὑκ
2777 4363 2998 4418 ἔλαττον
3034 4362 3369 4434 δεδοίκαμεν,
3435 4364 3529 4416 καὶ
3556 4363 3886 4434 φρίττομεν,

2209 4453 2284 4523 μὴ
2317 4455 2526 4515 πάντας
2551 4453 2579 4504 ό
2599 4451 2693 4504 τοῦ
2724 4449 2991 4523 βασιλέως
3017 4449 3184 4520 θυμὸς
3210 4449 3510 4523 καταλάϐῃ·
3535 4452 3629 4504 καὶ
3655 4451 3757 4504 οὑκ
3775 4452 3890 4522 ἀρ-

2207 4541 2294 4592 κεῖ
2315 4541 2391 4603 είς
2421 4539 2718 4607 ἀπολογίαν
2747 4539 2881 4609 ἡμῖν
2905 4537 2968 4591 τὸ
2988 4537 3186 4606 λέγειν·
3215 4536 3292 4591 Οὐ
3321 4540 3604 4610 παρήμην,
3643 4539 3706 4590 οὑ
3749 4555 3890 4592 συν-

2205 4626 2372 4696 ῄδειν,
2387 4625 2484 4678 οὑκ
2505 4625 2838 4694 ἐκοινώνησα
2857 4624 2962 4678 τῶν
2981 4625 3384 4695 γεγενημένων.
3401 4624 3480 4676 Δι’
3501 4623 3632 4678 αὐτὸ
3657 4624 3756 4695 μέν
3781 4621 3891 4678 οὖν

2203 4718 2360 4771 τοῦτο
2383 4715 2633 4781 κολάζου,
2662 4715 2815 4786 φησὶ,
2841 4715 2936 4768 καὶ
2955 4715 3096 4768 δίδου
3123 4714 3278 4785 δίκην
3293 4715 3391 4786 τὴν
3409 4713 3668 4784 ἐσχάτην,
3695 4713 3779 4766 ὅτι
3799 4715 3902 4786 μὴ.

2206 4805 2409 4876 παρῆς,
2449 4801 2588 4874 μηδέ
2608 4801 2863 4864 ἐκώλυες,
2891 4800 3023 4872 μηδὲ
3055 4803 3182 4864 τοὺς
3205 4799 3581 4869 ἀκοσμοῦντας
3603 4802 3900 4870 κατεῖχεζι

2209 4891 2344 4962 μηδέ
2391 4887 2728 4951 ἐκινδύνευες
2766 4887 2904 4956 ὑπὲρ
2941 4887 3039 4957 τῆς
3066 4889 3147 4951 είς
3177 4887 3267 4940 τὸν
3309 4885 3531 4958 βασιλέα
3567 4889 3754 4956 τιμῆς.
3799 4889 3894 4942 Οὑ

2208 4977 2468 5050 μετέσχες
2485 4975 2590 5028 τῶν
2610 4972 3054 5044 τετολμημένων;
3083 4974 3290 5028 ἐπαινῶ
3319 4972 3476 5027 τοῦτο
3501 4973 3594 5026 καὶ
3614 4973 3895 5044 ἀποδέχο-

2207 5083 2325 5136 μαι·
2377 5063 2489 5118 ἀλλ’
2533 5062 2654 5115 οὑδέ
2678 5062 2906 5132 ἐπέσχες
2919 5061 2989 5114 τὰ
3011 5062 3271 5133 γινόμενα
3300 5078 3316 5094 ·
3339 5062 3498 5114 τοῦτο
3539 5059 3892 5132 κατηγορίας

2205 5153 2372 5220 ἀξιον.
2397 5150 2582 5205 Ταῦτα
2609 5150 2704 5203 καὶ
2728 5149 2879 5220 παρά
2900 5147 2992 5202 τοῦ
3015 5148 3150 5202 Θεοῦ
3174 5149 3241 5202 τὰ
3265 5151 3484 5222 ῥήματα
3505 5148 3890 5217 ἀκουσόμεθα,

2203 5241 2330 5294 ὅταν
2366 5241 2490 5309 σιγῇ
2522 5238 2776 5308 φέρωμεν
2800 5236 2899 5299 τὰς
2923 5237 3004 5300 είς
3032 5237 3193 5290 αὑτὸν
3225 5236 3411 5308 ὕϐρεις
3458 5236 3548 5289 καὶ
3587 5235 3892 5306 παροινίας

2204 5328 2520 5399 γενομένας·
2555 5326 2678 5379 ἐπεὶ
2701 5324 2798 5378 καὶ
2823 5325 2852 5376 ό
2871 5324 2931 5376 τὸ
2953 5323 3214 5378 τάλαντον
3234 5327 3408 5377 ἐκεῖνο
3436 5322 3762 5393 καταχώσας
3779 5325 3892 5396 οὑχ

2204 5415 2345 5486 ὑπὲρ
2374 5413 2484 5467 τῶν
2521 5411 2642 5465 καθ’
2665 5411 2857 5464 ἐαυτὸν
2906 5410 3212 5464 ἐνεκαλεῖτο
3239 5412 3360 5465 τότε
3413 5409 3728 5480 (ὁλόκληρον
3768 5411 3890 5483 γάρ

2202 5503 2300 5572 τὴν
2353 5498 2821 5570 παρακαταθήκην
2865 5497 3202 5567 ἀπέδωκεν),
3263 5496 3378 5550 ἀλλ’
3435 5497 3517 5549 ὅτι
3566 5497 3742 5568 αὑτὴν
3775 5499 3890 5554 οὑκ

2203 5588 2546 5653 ἐπλεόνασεν,
2563 5587 2644 5640 δτι
2673 5586 2896 5656 ἐτέρους
2916 5586 3015 5638 οὐκ
3044 5585 3386 5650 ἐπαίδευσεν,
3413 5586 3494 5637 ὅτι
3524 5585 3584 5638 τὸ
3611 5585 3894 5658 ἀργύριον

2265 5760 2292 5802 ἆ
2429 5760 3224 5830 -σωφρονίζοντας....’παιδεύοντας
3261 5819 3270 5830 ι
3407 5819 3418 5830 1
3455 5818 3465 5828 ξ
3513 5817 3522 5830 ν
3755 5817 3766 5828 ⁸

2272 5839 2292 5865 ε
2316 5823 2518 5884 Quidam
2531 5819 2855 5884 'dumnscripli
2881 5825 3078 5884 βασιλέα
3109 5819 3305 5885 φθαρτὸν
3344 5819 3422 5865 καὶ
3448 5819 3668 5878 ἐπίκηρον
3691 5819 3774 5864 καὶ
3791 5819 3890 5867 τὸν

2205 5887 2326 5946 περί.
2355 5887 2462 5935 Μοχ
2485 5885 2566 5933 θιὶί
2590 5887 2818 5944 δὼσωμεν
2842 5887 2991 5940 δίκην.
