4074 6218
269 309 335 364 5'2
1253 318 1340 373 AD
1368 317 1685 377 POPULUM
1714 323 2196 386 ANTIOCIIENUM
2250 333 2478 393 HOMIL.
2518 340 2581 395 ll.

271 425 468 480 ctlitatc
494 424 709 478 exsilire
737 443 751 478 :
776 425 854 480 sic
883 441 978 480 nec
1009 426 1060 481 in
1090 428 1414 485 audientium
1459 443 1688 488 mentem
1732 452 1854 504 per-

261 514 432 567 mittit
477 515 619 568 illabi
665 531 783 569 cum
832 519 1040 586 propria
1089 521 1298 576 virtute.
1347 523 1548 580 Idcirco
1589 536 1642 580 et
1682 526 1851 583 Judaei

265 604 536 672 quondam
568 606 679 659 luto
704 617 759 660 et
785 608 1017 662 lateritio
1042 611 1189 680 operi
1228 615 1518 669 servientes
1570 617 1760 686 (Exod.
1793 620 1846 673 6.

263 695 356 764 9),
389 695 586 750 Mosem
623 713 810 766 magna
840 697 904 752 de
934 699 1166 767 ipsorum
1205 705 1371 757 salute
1409 720 1550 774 saepe
1582 708 1845 764 dicentem

262 787 452 841 audire
490 804 592 842 non
621 799 882 858 poterant,
911 793 1115 846 tristitia
1143 795 1318 849 verbis
1344 797 1664 854 inaccessam
1693 817 1844 855 men-

264 887 372 931 tem
407 879 678 943 reddente,
708 889 762 934 et
789 881 1024 935 auditum
1055 883 1383 940 obstruente.
1415 888 1576 956 Igitur
1604 891 1842 946 volebam

259 968 474 1037 quidem
503 979 556 1024 et
585 971 697 1039 ipse
725 971 882 1025 ﬁnem
912 972 994 1026 hic
1018 974 1225 1028 dicendi
1256 974 1456 1041 facere;
1486 979 1580 1032 sed
1607 981 1841 1050 cogitans

255 1060 400 1127 quod
424 1076 528 1114 non
554 1061 725 1115 solum
752 1063 956 1117 nebula:
983 1073 1166 1119 natura
1194 1067 1324 1120 radii
1353 1069 1402 1121 in
1432 1073 1692 1125 anteriora
1721 1089 1842 1142 pro-

252 1161 470 1203 cessum
498 1150 736 1219 impedit,
763 1152 857 1206 sed
887 1162 938 1205 et
957 1156 1276 1209 contrarium
1301 1157 1410 1225 ipsa
1439 1173 1580 1228 saepe
1605 1163 1834 1230 patitur:

252 1251 376 1288 cum
410 1238 551 1292 enim
591 1241 670 1293 sol
701 1241 919 1294 calidior
948 1245 1195 1298 continue
1233 1246 1448 1314 illapsus
1487 1253 1680 1305 nubem
1709 1269 1837 1308 con-

254 1329 482 1393 triverit,
507 1331 739 1386 medium
767 1333 929 1402 ipsius
953 1350 1094 1404 s:rpe
1120 1336 1413 1406 dissipavit,
1441 1351 1492 1395 et
1516 1351 1655 1398 totus
1680 1346 1834 1401 simul

249 1417 492 1481 elucens,
519 1421 827 1488 splendidus
850 1425 1176 1479 cernentium
1204 1429 1470 1484 obtutibus
1492 1433 1708 1488 incidit:
1735 1436 1835 1493 hoc

246 1519 304 1562 et
334 1512 447 1575 ipse
472 1510 631 1565 hodie
659 1529 743 1566 me
768 1514 1022 1568 facturum
1055 1532 1211 1585 spero
1241 1537 1253 1571 :
1287 1536 1349 1574 ac
1377 1537 1622 1580 sermone
1646 1527 1694 1579 in
1720 1529 1833 1582 ani-

248 1600 354 1654 mis
394 1605 586 1656 vestris
623 1605 832 1658 assidue
863 1617 1107 1662 versante
1127 1650 1141 1673 ,
1170 1619 1222 1662 et
1249 1611 1443 1666 diutius
1477 1615 1791 1674 immorante
1811 1661 1826 1687 ,

244 1689 484 1742 solutum
526 1692 586 1744 iri
629 1708 787 1760 spero
825 1696 1048 1750 tristitiae
1083 1699 1324 1754 nebulam
1345 1743 1358 1765 ,
1392 1712 1444 1757 et
1475 1717 1703 1761 mentem
1736 1726 1828 1764 ve-

242 1791 413 1834 stram
444 1784 594 1837 solita
621 1801 828 1838 rursum
848 1786 1086 1842 doctrina
1118 1790 1442 1847 micaturam.
1467 1795 1570 1850 Sed
1598 1799 1827 1866 przebete

241 1873 378 1927 mihi
409 1876 647 1930 animam
700 1893 963 1946 veSIram,
1009 1882 1239 1948 prmbete
1279 1886 1405 1938 mihi
1445 1888 1822 1958 aliquantulum

239 1978 423 2027 aures,
458 1967 722 2022 tristitiam
754 1973 1014 2036 excutite;
1046 1972 1110 2026 ad
1139 1976 1363 2041 priorem
1389 1984 1822 2041 consuetudinem

238 2054 523 2110 redeamus
546 2098 561 2122 ,
595 2070 645 2112 et
687 2059 823 2114 sicut
850 2065 1219 2120 consuevimus
1258 2082 1468 2136 semper
1495 2087 1613 2125 cum
1641 2075 1818 2131 laetitia

238 2144 346 2199 huc
372 2147 620 2203 advenire
641 2192 655 2215 ,
689 2152 764 2205 sic
789 2162 842 2207 et
872 2170 1008 2209 nunc
1039 2156 1290 2227 faciamus
1310 2202 1324 2226 ,
1356 2163 1530 2216 omnia
1563 2165 1613 2218 in
1654 2167 1816 2224 Deum

233 2237 560 2304 rejicientes.
608 2241 714 2296 Iloc
756 2253 810 2298 et
851 2246 915 2299 ad
958 2248 1121 2316 ipsam
1156 2251 1469 2308 calamitatis
1498 2252 1812 2317 solutionem

230 2327 391 2382 nobis
415 2331 668 2386 conferet.
696 2333 750 2388 Si
768 2336 910 2389 enim
937 2338 1189 2394 Dominus
1210 2357 1306 2396 nos
1327 2344 1514 2398 viderit
1539 2362 1814 2408 sermones

228 2431 362 2471 suos
391 2435 509 2474 cum
539 2423 818 2479 sedulitate
843 2428 1139 2496 audientes,
1169 2443 1222 2486 et
1247 2433 1574 2502 disciplinam
1605 2455 1632 2494 a
1661 2443 1814 2499 nobis

227 2511 486 2578 temporis
521 2512 826 2571 difﬁcultate
852 2534 954 2572 non
983 2523 1156 2590 respui
1179 2563 1192 2586 ,
1224 2525 1466 2580 celeriter
1507 2545 1603 2584 nos
1639 2534 1810 2588 susci-

223 2599 362 2666 piet,
394 2611 447 2655 et
479 2605 908 2673 tranquillitatem
939 2609 1095 2665 faciet
1121 2621 1173 2666 ct
1196 2629 1259 2667 ex
1299 2619 1545 2684 przescuti
1573 2622 1806 2690 procella

221 2689 420 2743 bonam
453 2695 816 2758 mutationem.
1443 2716 1448 2720 '

295 2777 610 2838 Christianus
629 2802 716 2855 spe
735 2789 1018 2857 futurorum
1039 2793 1206 2845 omnia
1229 2811 1462 2863 generose
1481 2803 1612 2868 ferre
1638 2803 1800 2859 debet.

217 2899 293 2908 —
319 2869 674 2928 Christianum
705 2878 842 2932 enim
871 2888 923 2934 et
961 2881 1011 2933 in
1043 2881 1144 2938 huc
1173 2885 1240 2936 ab
1271 2886 1565 2943 infidelibus
1589 2893 1800 2951 differre

216 2971 460 3030 oportet,
492 2971 548 3018 u’t
588 2967 761 3020 omnia
798 2984 1056 3038 generose
1089 2974 1254 3039 ferat,
1288 2986 1341 3030 et
1375 2993 1468 3048 spe
1507 2982 1797 3039 futurorum

213 3061 430 3105 erectus
465 3053 812 3111 humanorum
842 3061 1099 3115 malorum
1138 3065 1332 3135 impetu
1373 3083 1432 3123 se
1470 3074 1794 3139 superiorem

213 3143 484 3198 exhibeat.
507 3147 673 3214 Supra
701 3159 905 3218 petram
931 3161 1156 3207 statutus
1176 3166 1256 3210 est
1283 3157 1453 3215 fidelis
1478 3176 1491 3213 :
1519 3173 1795 3232 propterea

211 3243 267 3286 et
298 3235 560 3290 undarum
591 3237 778 3294 ictibus
805 3241 1221 3312 inexpugnabilis
1246 3255 1345 3301 est.
1374 3249 1427 3304 Si
1454 3253 1596 3308 enim
1625 3264 1794 3312 tenta-

211 3323 418 3376 tionum
450 3325 604 3380 undae
629 3327 846 3383 elevatae
871 3329 1085 3400 fuerint,
1109 3334 1173 3388 ad
1199 3336 1336 3390 illius
1357 3339 1518 3408 pedes
1541 3358 1643 3397 non
1671 3361 1792 3414 per-

205 3415 437 3468 veniunt
461 3432 475 3468 :
502 3416 585 3471 hic
603 3419 747 3473 omni
774 3421 864 3475 tali
888 3420 1098 3478 incursu
1125 3427 1400 3482 sublimior
1426 3431 1662 3488 ﬁrmatus
1686 3445 1786 3492 est.

203 3505 289 3559 Ne
321 3506 480 3575 igitur
503 3509 682 3563 animo
707 3512 1064 3580 concidamus,
1090 3515 1267 3572 dilecti
1295 3536 1308 3572 :
1333 3535 1438 3574 non
1462 3520 1539 3576 sic
1566 3523 1786 3581 salutem

198 3601 451 3645 nostram
471 3607 748 3660 curamus,
767 3598 907 3651 sicut
931 3602 1020 3668 qui
1058 3602 1183 3656 fecit
1209 3621 1306 3661 nos
1337 3607 1476 3664 Deus
1501 3628 1640 3666 :non
1666 3623 1787 3669 tan-

198 3695 268 3737 ιε
294 3683 454 3736 nobis
485 3698 630 3739 cura:
653 3697 764 3752 est,
791 3690 924 3744 nihil
953 3709 1115 3762 grave
1147 3699 1280 3765 pati,
1310 3712 1526 3770 quanta:
1557 3707 1632 3760 illi
1687 3710 1781 3778 qui

194 3772 360 3827 nobis
383 3773 621 3827 animam
640 3775 880 3842 donavit,
903 3790 956 3834 et
977 3791 1054 3836 tot
1077 3789 1334 3854 posthaec
1359 3793 1496 3848 bona
1529 3772 1775 3856 contulit.

192 3859 293 3916 llis
304 3863 420 3930 spei
436 3865 1177 3932 rationibusnostrosauimos
1188 3880 1777 3949 erigamus,etdicenda

187 3966 318 4006 cum
337 3953 620 4009 alacritate
639 3957 798 4012 solita
822 3961 1126 4020 audiamus.
1152 3966 1390 4039 Longam
1426 3989 1596 4045 nuper
1628 3981 1772 4047 apud

188 4046 287 4096 cha
297 4047 399 4096 rita
409 4053 514 4097 tem
526 4056 756 4101 vestram
773 4054 980 4105 extendi
994 4057 1388 4124 concionem.et
1413 4081 1601 4124 omnes
1613 4072 1770 4128 obse-

194 4142 426 4200 quentes
442 4135 744 4197 cernebam,
771 4140 1072 4210 nullumque
1087 4158 1151 4197 ex
1171 4145 1340 4199 media
1371 4163 1640 4206 reversum
1668 4155 1772 4210 via.

266 4222 459 4276 Contra
487 4227 818 4294 blasphemas.
849 4260 918 4269 —-
941 4230 1172 4286 Gratiam
1202 4236 1351 4291 vobis
1384 4238 1450 4292 de
1490 4241 1580 4295 illo
1611 4246 1772 4301 animi

193 4316 372 4369 studio
413 4315 611 4379 habeo,
654 4328 707 4373 et
745 4320 980 4376 laborum
1013 4327 1311 4381 mercedem
1342 4334 1558 4400 accepi;
1591 4336 1684 4390 sed
1719 4347 1775 4393 et

187 4403 350 4458 aliam
383 4423 414 4460 a
447 4407 594 4460 vobis
622 4419 744 4463 tunc
783 4413 1080 4468 mercedem
1121 4417 1290 4486 exegi.
1332 4418 1488 4474 Forte
1529 4426 1692 4480 nostis
1720 4435 1774 4482 et

192 4499 532 4552 meministis.
559 4501 686 4567 Quae
713 4519 837 4557 vero
867 4521 1072 4561 merces
1093 4519 1202 4561 erat
1221 4509 1244 4560 ‘1
1263 4509 1500 4568 Civitatis
1528 4515 1772 4587 blasphe-

190 4599 428 4643 matores
458 4593 678 4659 punire,
707 4605 759 4647 et
796 4597 1054 4665 castigare
1096 4599 1256 4653 Deum
1292 4607 1612 4660 contumelia
1650 4609 1770 4663 affi-

183 4681 430 4746 cientes,
460 4693 513 4736 et
544 4683 772 4740 furiosos
799 4688 1066 4744 cohibere.
1108 4690 1223 4745 Non
1264 4708 1329 4747 ex
1375 4711 1459 4748 me
1496 4698 1609 4766 ipso
1647 4701 1767 4754 talia
1789 4739 1828 4771 ,-

183 4787 273 4824 me
303 4773 502 4828 dixisse
532 4777 778 4842 arbitror,
809 4779 901 4832 sed
933 4781 1094 4836 Deum
1125 4782 1294 4838 futura
1326 4788 1684 4854 providentem
1715 4792 1767 4847 in

181 4874 421 4916 mentem
466 4877 699 4920 nostram
744 4871 901 4924 verba
946 4873 1172 4927 misisse.
1207 4875 1260 4928 Si
1292 4877 1431 4930 enim
1461 4879 1581 4933 talia
1609 4895 1766 4937 ausos

179 4955 556 5019 punisscmus,
589 4972 690 5009 non
718 4959 838 5011 talia
867 4976 1004 5014 nunc
1031 4963 1377 5028 accidissent,
1409 4984 1526 5036 quae
1554 4971 1762 5026 accide-

175 5055 326 5098 runt.
373 5047 583 5114 Quanto
629 5051 816 5104 melius
855 5061 1002 5114 erat,
1035 5053 1079 5108 si
1125 5057 1405 5122 periclitari
1445 5062 1759 5132 oportebat,

175 5137 326 5205 ipsos
368 5139 688 5207 castigantcs
730 5151 785 5194 et
825 5143 1148 5212 corrigentes
1198 5146 1394 5216 aliquid
1441 5150 1756 5218 pertulisse,

170 5226 320 5292 quod
342 5237 396 5280 et
418 5230 654 5298 martyrii
680 5245 930 5284 coronam
959 5233 1109 5288 nobis
1132 5235 1412 5302 attulisset,
1440 5254 1595 5307 quam
1619 5257 1760 5297 nunc

171 5316 467 5371 formidare
498 5326 552 5371 et
581 5328 838 5386 tremere,
865 5332 918 5375 ct
947 5338 1012 5376 ex
1052 5324 1257 5378 illorum
1299 5326 1581 5394 petulantia
1612 5345 1754 5384 mor-

170 5415 283 5458 tem
327 5409 672 5478 exspectare?
719 5410 854 5466 Ecce
891 5413 1090 5467 crimen
1129 5429 1158 5467 a
1199 5417 1378 5483 paucis
1416 5419 1754 5475 commissum

171 5506 260 5548 est
283 5537 300 5560 ,
324 5507 377 5550 et
404 5499 556 5568 culpa
595 5503 891 5557 communis
918 5503 1140 5558 efficitur
1171 5523 1182 5558 :
1215 5520 1340 5560 ecce
1386 5517 1600 5575 propter
1638 5509 1757 5566 illo:

173 5600 319 5640 nunc
343 5603 532 5644 omnes
556 5591 902 5659 pavescimus,
927 5603 981 5648 et
1001 5594 1070 5648 ab
1091 5595 1191 5649 illis
1219 5606 1543 5665 patratorum
1568 5614 1752 5668 ptenas

171 5677 277 5745 ipsi
303 5681 644 5737 sustinemus.
671 5682 729 5738 Si
751 5693 924 5740 autem
955 5687 1339 5756 praevenientes
1366 5689 1508 5759 ipsos
1533 5705 1599 5744 ex
1620 5690 1748 5745 urbe

3450 357 3522 414 58

1960 442 2348 510 cxpulissemus
2368 490 2383 515 ,
2416 459 2470 504 et
2497 456 2946 526 corrcxissemus,
2979 471 3032 517 et
3069 477 3320 535 :rgrotum
3349 488 3522 530 curas.

1959 546 2137 586 scmus
2167 537 2461 594 membrum
2485 584 2500 605 ,
2534 559 2638 598 non
2671 552 2914 613 praesenti
2961 559 3260 612 tenerentur
3310 578 3520 631 pavore.

1955 621 2089 677 Novi
2114 628 2336 682 civitatis
2365 647 2540 687 mores
2565 651 2594 688 a
2625 638 2910 707 majoribus
2941 644 3216 715 liberales,
3245 654 3336 706 sed
3367 672 3519 725 pere-

1954 715 2086 781 grini
2115 718 2325 786 quidam
2354 732 2406 775 et
2433 727 2712 790 promiscui
2741 730 3000 800 homines,
3031 739 3236 794 scelesti
3264 753 3316 796 et
3348 750 3516 812 perni-

1957 805 2108 871 ciosi,
2138 817 2190 860 et
2217 809 2282 863 de
2307 827 2398 864 sua
2422 813 2764 884 desperantes
2792 825 2978 886 salute,
3008 829 3121 882 ausi
3153 843 3275 885 sunt
3299 849 3378 895 ea.
3403 852 3518 906 quae

1950 903 2154 960 patrata
2200 909 2339 954 sunt.
2385 903 2668 974 Propterea
2710 910 2943 969 clamare
2984 925 3038 970 et
3081 925 3363 977 contestari
3412 903 3516 981 non

1948 986 2172 1043 destiti:
2207 992 2688 1064 Blasphemantium
2732 1002 2967 1060 furorem
3011 1013 3323 1082 puniamus,
3377 1019 3514 1086 ipso-

1948 1092 2064 1130 rum
2083 1091 2310 1135 mentem
2333 1087 2666 1158 castigemus,
2693 1093 2922 1162 ipsorum
2947 1100 3100 1155 saluti
3124 1107 3510 1175 provideamus;

1944 1177 1998 1219 et
2025 1170 2067 1221 si
2099 1171 2198 1225 hoc
2224 1173 2475 1233 facientes
2505 1185 2639 1235 mori
2668 1197 2927 1253 Oporteat,
2957 1207 3201 1262 magnum
3234 1199 3385 1254 nobis
3413 1202 3510 1258 hoc

1943 1259 2126 1315 afferet
2156 1263 2358 1321 lucrum
2386 1286 2401 1322 :
2434 1287 2500 1324 ne
2525 1288 2858 1333 communem
2883 1281 3152 1340 dominum
3174 1297 3508 1349 contumeliis

1941 1350 2079 1406 afﬁci
2112 1357 2469 1430 negligamus;
2497 1380 2741 1436 magnum
2770 1372 2968 1429 civitati
2998 1380 3192 1433 malum
3235 1386 3402 1451 pariet
3429 1396 3480 1441 ta

1940 1439 2006 1493 lia
2035 1443 2326 1513 despicere.

2009 1536 2060 1585 4.
2122 1536 2245 1591 Haec
2291 1543 2683 1615 przedicebam,
2730 1550 2846 1608 haec
2888 1572 3025 1612 nunc
3064 1563 3400 1629 acciderunt,
3445 1582 3495 1626 et

1939 1627 2168 1692 torporis
2207 1630 2351 1687 illius
2393 1650 2577 1703 poenas
2627 1643 2923 1709 pendimus.
2971 1650 3135 1706 Deum
3181 1663 3499 1717 contumelia

1934 1710 2180 1769 affectum
2232 1715 2564 1791 despt-xisti:
2610 1747 2733 1786 ecce
2785 1738 3022 1803 permisit
3081 1743 3495 1813 lmperatorem'

1932 1808 2249 1862 contumelia
2276 1812 2413 1866 affici
2437 1853 2454 1880 ,
2483 1826 2534 1870 et
2563 1818 2628 1872 de
2654 1826 2903 1880 extremis
2925 1831 3216 1896 periculum
3255 1841 3497 1895 omnibus

1931 1891 2255 1962 impendere,
2287 1913 2342 1956 ut
2369 1905 2418 1958 in
2460 1909 2561 1963 hoc
2590 1913 2778 1988 timore
2799 1917 2939 1974 illius
2959 1924 3287 1995 negligentia:
3317 1948 3496 2000 poenas

1927 1984 2133 2043 demus.
2162 1990 2297 2048 Num
2330 1996 2487 2066 igitur
2511 2001 2704 2058 frustra
2726 2047 2740 2070 ,
2764 2024 2888 2063 nunt
2921 2020 3118 2071 temere
3161 2017 3272 2074 lucc
3309 2025 3496 2090 prardi-

1926 2075 2133 2143 cebam,
2164 2089 2218 2135 et
2243 2086 2455 2143 assidue
2478 2075 3444 2175 vestramcharitateminterpellabant
3467 2116 3490 2167 ἲ

1924 2165 2027 2219 Sed
2053 2177 2225 2225 tamen
2259 2174 2388 2229 nihil
2418 2180 2644 2248 amplius
2680 2184 2870 2240 factum
2900 2201 3018 2254 est;
3050 2195 3142 2247 sed
3188 2165 3276 2250 fiat
3323 2217 3488 2267 tuine,

1922 2265 1975 2310 et
2005 2273 2034 2311 e
2062 2265 2310 2328 prmsenti
2339 2268 2642 2326 calamitate
2670 2277 2908 2346 castigati
2932 2321 2946 2344 ,
2977 2281 3332 2343 inordinatum
3375 2291 3488 2345 illo-

1921 2363 2036 2402 rum
2065 2350 2298 2409 furorem
2325 2358 2667 2418 cohibeamus
2696 2384 2710 2420 :
2742 2367 3082 2427 obstruamus
3113 2376 3342 2445 ipsorum
3368 2399 3480 2448 ora,

1921 2448 2185 2511 tamquam
2224 2447 2394 2506 fontes
2424 2456 2725 2512 mortil'eros
2762 2462 3135 2531 occludamus,
3165 2478 3220 2523 et
3261 2472 3310 2524 in
3355 2489 3484 2527 con-

1916 2535 2134 2591 trarium
2175 2551 2459 2610 mutemus,
2486 2557 2539 2600 et
2570 2551 2782 2618 penitus
2813 2569 3130 2612 evanescent
3169 2562 3337 2631 mala,
3367 2581 3484 2635 quae

1912 2624 2178 2681 civitatem
2208 2635 2745 2701 comprehenderunt.

1981 2715 2363 2788 Chrysoslomus
2396 2728 2603 2796 plausus
2639 2733 2906 2803 rejicit.——
2931 2737 3042 2792 Non
3085 2751 3166 2795 est
3217 2743 3478 2801 theatrum

1907 2808 2130 2862 ecclesia
2158 2852 2174 2877 ,
2204 2823 2261 2866 ut
2309 2816 2375 2870 ad
2427 2818 2828 2879 delectationem
2883 2829 3158 2885 audiamus
3209 2849 3224 2887 :
3271 2836 3479 2904 adjutus

1907 2894 2030 2952 hinc
2057 2901 2308 2959 recedere
2336 2917 2578 2974 oportet,
2612 2911 2844 2971 lucratos
2869 2919 3115 2986 quiddam
3156 2894 3382 2992 amplius
3425 2938 3476 2982 et

1905 3004 2172 3060 magnum,
2203 2996 2280 3049 sic
2310 2999 2562 3055 rect-dere
2604 3005 2820 3074 expedit
2849 3025 2860 3060 :
2895 3010 3154 3078 siquidem
3186 3022 3384 3071 temere
3423 3028 3473 3073 et

1899 3078 2096 3136 frustra
2124 3089 2522 3153 accesserimus,
2553 3093 2596 3147 si
2621 3095 2686 3146 ad
2714 3105 2920 3167 tempus
2949 3101 3170 3157 instituti
3213 3105 3471 3162 dictorum

1899 3182 2082 3241 postea
2127 3175 2350 3232 utilitate
2375 3181 2528 3235 vacui
2565 3186 2900 3243 recedamus.
2933 3191 3062 3258 Qum
3109 3195 3236 3250 mihi
3283 3197 3468 3254 horum

1898 3263 2174 3330 plausuum
2193 3268 2560 3342 utilitas?quae
2587 3276 2795 3332 laudum
2842 3291 2896 3335 et
2935 3285 3294 3342 tumultuum?
3333 3289 3470 3348 Laus

1896 3369 2013 3408 mea
2044 3364 2127 3411 est
2145 3399 2160 3424 ,
2190 3369 2244 3412 ut
2269 3375 2364 3416 vos
2391 3365 2565 3420 omnia
2595 3382 2713 3436 qua:
2739 3369 2988 3427 dicuntur
3010 3417 3024 3440 ,
3048 3378 3296 3447 operibus
3322 3381 3470 3436 exhi-

1891 3445 2061 3502 beatis
2109 3459 2281 3505 :tunc
2327 3469 2428 3523 ego
2481 3456 2600 3512 felix
2654 3459 2929 3519 habendus
2971 3476 3023 3520 et
3066 3445 3249 3524 beatus
3297 3491 3310 3526 :
3363 3491 3466 3530 non

1890 3538 2102 3605 quando
2128 3555 2246 3594 cum
2283 3545 2539 3612 applausu
2577 3554 2890 3620 exceperitis
2912 3597 2925 3618 ,
2955 3560 3048 3612 sed
3081 3564 3292 3626 quando
3321 3570 3462 3618 oznni

1887 3642 2008 3680 cum
2051 3629 2326 3687 alacritate
2355 3633 2589 3690 feceritis
2619 3656 2966 3712 qua-cumque
3009 3663 3037 3698 a
3086 3651 3236 3703 nobis
3278 3655 3462 3708 audie-

1885 3716 2022 3771 ritis.
2069 3718 2303 3790 Quisque
2355 3726 2654 3794 proximum
2705 3733 2978 3802 corrigat:
3019 3734 3298 3805 xEdiﬁcale
3329 3747 3460 3797 enim

1885 3805 2013 3861 alter
2057 3811 2268 3864 alterum
2299 3813 2339 3885 (1
2369 3815 2542 3870 Thess.
2574 3819 2628 3874 5.
2664 3806 2720 3876 ll
2735 3823 2774 3892 ),
2795 3823 2983 3894 inquit.
3015 3828 3125 3884 Nisi
3169 3833 3310 3887 enim
3360 3835 3461 3892 hoc

1883 3897 2174 3967 faciamus,
2203 3918 2231 3957 a
2275 3921 2610 3977 quocumque
2642 3911 2928 3969 admissum
2971 3920 3145 3972 scelus
3180 3938 3460 3982 commune

1885 3988 2148 4056 quoddam
2173 4002 2227 4047 et
2250 3993 2580 4054 intolerabile
2606 4000 2855 4058 damnum
2877 4007 3073 4064 civitati
3094 4011 3297 4069 afferet.
3323 4017 3460 4074 Ecce

1881 4079 2080 4137 nullius
2107 4087 2306 4141 conscii
2334 4103 2440 4142 non
2485 4093 2660 4147 minus
2688 4095 2772 4163 iis,
2804 4099 2893 4168 qui
2935 4116 3318 4176 peccaverunt,
3353 4122 3458 4166 ter-

1880 4171 1968 4225 riti
1993 4189 2178 4231 sumus
2204 4188 2258 4232 ct
2281 4185 2764 4252 contremiscimus,
2793 4206 2860 4245 ne
2884 4207 3075 4250 omnes
3115 4199 3454 4270 Imperatoris

1881 4265 1957 4319 ira
1985 4270 2256 4338 corripiat.
2279 4272 2387 4328 Nec
2415 4277 2554 4330 enim
2583 4278 2634 4332 in
2661 4286 3056 4342 excusationem
3088 4292 3240 4347 nobis
3274 4295 3454 4354 dicere

1879 4357 2074 4414 sufficit
2097 4379 2111 4414 :
2134 4361 2248 4416 Non
2271 4365 2508 4434 aderam,
2537 4385 2640 4424 non
2663 4376 2905 4429 conscius
2926 4393 3068 4432 eram
3088 4423 3102 4445 ,
3123 4400 3225 4438 non
3255 4385 3453 4444 facino-

1877 4466 1993 4504 rum
2042 4469 2262 4510 cousors
2309 4459 2399 4512 fui.
2425 4461 2506 4516 0b
2537 4463 2638 4518 hoc
2667 4465 2840 4535 igitur,
2875 4470 3071 4540 inquit,
3097 4480 3332 4544 punieris
3352 4523 3366 4548 ,
3397 4496 3451 4539 et

1878 4543 2112 4599 ultimam
2137 4547 2336 4616 pendes
2363 4566 2592 4620 ptenam,
2621 4559 2743 4624 quia
2776 4574 2879 4614 non
2915 4543 3157 4632 adfuisti,
3196 4585 3294 4624 nec
3329 4543 3450 4642 pro-

1875 4634 2090 4691 hibuisti
2108 4679 2121 4702 ,
2146 4655 2249 4693 non
2277 4641 2562 4697 cohibuisti
2593 4648 2999 4716 tumultuantes,
3025 4670 3125 4709 nec
3149 4674 3243 4726 pro
3271 4634 3441 4731 impe-

1875 4729 2065 4782 ratoris
2091 4730 2293 4786 honore
2318 4735 2645 4802 periclitatus
2689 4753 2768 4793 es.
2810 4740 2927 4796 Non
2976 4750 3196 4813 patratis
3234 4754 3447 4820 partici-

1871 4820 2046 4886 pasti?
2067 4821 2223 4876 laudo
2253 4821 2355 4879 hoc
2383 4833 2438 4879 et
2463 4838 2719 4896 accepto;
2749 4831 2842 4886 sed
2868 4850 3041 4904 neque
3087 4838 3218 4892 facta
3261 4843 3444 4910 prohi-

1871 4910 2066 4976 buisti;
2096 4912 2197 4967 hoc
2223 4917 2562 4972 accusatione
2584 4919 2823 4989 dignum.
2865 4923 2989 4977 Haec
3019 4935 3072 4978 et
3105 4941 3134 4979 a
3157 4928 3263 4981 Deo
3287 4933 3442 4988 verba

1869 5001 2147 5058 audiemus
2167 5045 2180 5069 ,
2203 5006 2415 5073 quando
2435 5022 2556 5062 cum
2585 5011 2797 5064 silentio
2828 5016 3175 5070 contumelias
3218 5029 3272 5074 et
3303 5022 3438 5089 inju-

1869 5093 1976 5146 rias
2001 5093 2052 5147 in
2081 5094 2250 5163 ipsum
2280 5100 2598 5154 commissas
2626 5104 2886 5169 patimur:
2912 5109 3160 5174 quoniam
3188 5122 3240 5165 et
3281 5115 3323 5166 is
3356 5117 3443 5183 qui

1868 5185 2122 5238 talentum
2153 5187 2355 5244 defodit
2381 5189 2595 5259 (Matth.
2621 5194 2712 5248 25.
2736 5193 2825 5248 25.
2857 5195 2968 5262 50),
3001 5213 3105 5251 non
3138 5214 3236 5269 pro
3276 5208 3439 5260 reati-

1865 5274 1964 5328 bus
1989 5277 2098 5329 suis
2121 5285 2246 5330 tunc
2271 5280 2652 5346 accusabatur;
2687 5283 2945 5353 integrum
2967 5288 3108 5342 enim
3140 5290 3440 5360 depositum

1865 5367 2128 5431 reddidit;
2158 5369 2251 5425 sed
2275 5373 2523 5439 quoniam
2553 5373 2720 5442 ipsum
2743 5392 2847 5430 non
2881 5378 3249 5449 multiplicavit
3268 5427 3283 5452 ,
3305 5403 3439 5456 quo-

1863 5461 2004 5515 niam
2029 5475 2137 5515 non
2161 5463 2435 5530 castigavit
2478 5474 2722 5532 caeteros,
2756 5470 3004 5537 quoniam
3045 5486 3321 5543 argentum
3367 5479 3432 5530 ad

1862 5553 2244 5609 nummularius
2270 5571 2375 5611 non
2400 5556 2610 5622 detulit,
2639 5558 2740 5614 hoc
2755 5570 2859 5628 est,
2887 5578 2991 5616 non
3015 5564 3310 5634 admonuit,
3328 5583 3433 5624 non

1924 5701 1942 5730 ι
1975 5698 2170 5758 Quidam
2191 5699 2518 5764 manuscripti,
2543 5699 2790 5753 mortalem
2812 5709 2856 5755 et
2879 5703 3115 5768 fragilem.
