4074 6218
551 365 618 421 39
1246 369 1303 423 S.
1342 370 1620 428 JOANNIS
1645 370 2113 429 CllRYSOSTOHl
2155 370 2476 430 ARCHIEP.
2510 372 3045 431 CONSTANTINOP.
3751 387 3813 443 ιθ

545 491 827 548 consilium
856 489 1023 554 dedit,
1049 504 1152 542 non
1202 487 1493 558 increpuit,
1526 502 1630 543 neu
1672 487 1907 542 correxit
1949 483 2128 553 proxi-

548 598 665 639 mos
705 592 1014 653 peccatores
1050 580 1421 645 inordinatos;
1451 580 1645 634 idcirco
1673 581 1872 649 absque
1912 578 2128 634 miseri-

546 675 727 730 cordia
758 674 810 727 in
842 673 958 727 illas
989 672 1350 727 intolerabiles
1388 686 1570 740 poenas
1596 670 1923 725 mittebatur.
1949 669 2055 725 Sed
2080 669 2125 724 si

547 785 651 824 non
677 777 855 832 antea,
884 781 1025 820 nunc
1052 766 1237 818 saltem
1279 780 1436 833 spero
1466 779 1562 818 vos
1606 764 1726 817 huic
1764 762 2124 817 emendationi

542 859 942 929 advigilaturos,
971 868 1023 911 et
1055 857 1219 910 Deum
1244 856 1563 910 contumelia
1592 853 1836 908 allectum
1880 868 1988 908 non
2024 868 2116 906 ne-

543 953 832 1023 glecturus.
860 951 1088 1005 Possunt
1126 949 1266 1003 enim
1313 963 1431 1016 quae
1476 946 1805 1009 acciderunt,
1838 946 1960 1000 licet
2009 960 2126 998 mo-

544 1051 703 1099 nente
750 1045 997 1105 nemine,
1032 1042 1115 1096 vel
1155 1041 1439 1095 insensatis
1464 1040 1744 1109 deinceps,
1770 1047 1827 1092 ttt
1853 1039 2120 1109 propriam

541 1147 783 1190 asserunt
819 1134 1067 1198 salutem,
1100 1133 1439 1203 persuadere.
1480 1133 1641 1187 Nobis
1672 1144 1798 1189 Vero
1834 1132 1943 1201 jam
1990 1131 2121 1185 hora

541 1238 624 1284 est
647 1271 661 1290 ,
689 1227 897 1282 solitam
945 1226 1097 1279 vobis
1129 1236 1180 1278 ut
1209 1240 1238 1279 a
1268 1224 1429 1278 Paulo
1469 1238 1706 1279 mensam
1746 1239 2079 1294 apponamus
2102 1265 2116 1287 ,

544 1324 933 1387 lectionemque
962 1319 1270 1372 hodiernam
1302 1332 1629 1387 premamus,
1649 1328 1704 1370 ct
1731 1318 1781 1369 in
1807 1317 1981 1371 medio
2006 1332 2122 1373 om-

541 1414 699 1467 nibus
731 1425 1113 1481 preponamus.
1138 1409 1273 1477 Quid
1304 1410 1461 1479 igitur
1481 1419 1559 1461 est
1586 1409 1743 1461 hodie
1771 1408 1965 1462 lectum
1988 1406 2011 1459 ‘i
2036 1406 2122 1459 Di-

538 1503 718 1555 vitibus
734 1503 885 1568 ltujus
911 1501 1080 1553 saeculi
1104 1501 1319 1567 pra'cipe
1345 1516 1443 1551 non
1463 1498 1670 1551 sublime
1690 1515 1864 1567 sapere
1880 1499 1897 1565 (
1912 1500 1931 1550 l
1946 1536 1960 1550 .
1979 1496 2114 1550 Tim.

537 1595 591 1650 6.
626 1596 739 1664 ΓΙ).
769 1596 865 1659 Qui
890 1593 1042 1658 dixit,
1078 1592 1319 1646 Divitibus
1347 1593 1498 1662 hujus
1517 1592 1708 1655 swculi,
1732 1591 2118 1645 demonstravit

536 1694 590 1738 et
614 1685 745 1738 alios
773 1684 933 1738 futuri
965 1686 1143 1738 smculi
1168 1685 1356 1738 divites
1385 1698 1507 1738 esse
1540 1699 1553 1735 ε
1586 1682 1756 1751 qualis
1777 1682 1864 1735 illc
1885 1680 2116 1735 Lazarus

536 1784 651 1827 erat
674 1814 689 1838 ,
722 1775 771 1827 in
805 1776 1052 1843 praesenti
1076 1775 1288 1843 quidem
1320 1774 1425 1826 vita
1455 1788 1677 1842 pauper,
1710 1772 1761 1824 in
1792 1773 1962 1824 futura
1986 1785 2115 1825 vero

535 1865 680 1919 dives
706 1882 719 1918 :
750 1880 857 1919 non
885 1881 1016 1918 auro
1043 1874 1096 1918 et
1125 1873 1346 1933 argento
1374 1874 1425 1917 et
1446 1864 1546 1915 tilla
1590 1862 1677 1914 tali
1709 1862 2038 1929 corruptibili
2062 1869 2117 1915 et

537 1958 890 2011 tuarcescibili
914 1960 1132 2012 materia
1155 1956 1400 2021 afﬂuens,
1420 1956 1509 2010 sed
1532 1957 1743 2008 areanis
1764 1954 1865 2007 illis
1893 1955 2043 2008 benis
2071 1955 2110 2019 ⁸,

532 2068 651 2121 quze
682 2050 791 2105 Nec
812 2052 986 2105 oculus
1008 2051 1149 2112 vidit,
1170 2067 1259 2103 nec
1288 2049 1424 2102 auris
1462 2049 1652 2101 audivit
1672 2089 1684 2107 ,
1710 2063 1799 2101 nec
1829 2047 1881 2100 in
1903 2063 1990 2100 cor
2013 2047 2111 2100 lto-

534 2142 678 2194 minis
706 2141 1033 2193 ascenderunt
1061 2141 1135 2211 (l.
1168 2138 1284 2193 Cor.
1316 2138 1370 2191 2.
1398 2138 1477 2205 9).

614 2232 752 2284 Vera:
780 2233 967 2286 divitia:
987 2231 1336 2301 quw?-—H;e
1374 2247 1601 2300 namque
1631 2246 1769 2283 vene
1814 2229 2011 2283 divitia:
2058 2238 2113 2283 et

528 2323 797 2391 opulentia
817 2363 831 2385 ,
860 2323 1074 2393 quando
1116 2333 1169 2377 et
1202 2322 1664 2375 immarcescibilia
1703 2332 1828 2375 sunt
1864 2323 2035 2385 bona,
2058 2332 2112 2375 et

530 2414 721 2467 nullam
773 2415 987 2483 capiunt
1033 2415 1493 2468 mutationem.At
1536 2429 1639 2467 non
1682 2412 1807 2467 talis
1849 2421 1966 2467 erat
2018 2413 2109 2467 ille

526 2516 863 2574 contemptor
891 2506 1058 2569 dives,
1087 2506 1179 2561 sed
1232 2507 1469 2559 omnium
1518 2506 1885 2575 pauperrimus
1939 2505 2110 2559 factus

526 2609 628 2651 est.
657 2599 783 2652 Post
810 2598 923 2650 huic
953 2599 1112 2667 igitur
1154 2598 1349 2652 stillam
1405 2598 1649 2651 obtinere
1695 2611 1974 2665 qurerens.
2011 2610 2108 2649 nec

529 2688 694 2756 ipsius
735 2687 904 2740 factus
934 2698 1016 2742 est
1059 2703 1278 2757 compos
1306 2706 1318 2741 :
1350 2691 1401 2740 in
1448 2695 1553 2740 tam
1598 2696 1890 2741 extremam
1943 2685 2105 2740 deve-

526 2786 682 2834 nerat
710 2788 1096 2847 paupertatem.
1131 2777 1334 2831 Idcirco
1368 2777 1645 2845 praesentis
1682 2776 1861 2830 Smculi
1908 2775 2108 2830 divites

524 2869 837 2937 (appellavit,
869 2878 925 2921 ut
951 2868 1126 2923 discas
1151 2868 1293 2937 quod
1332 2883 1455 2922 cum
1522 2867 1628 2920 vita
1676 2868 1922 2936 praesenti
1970 2882 2104 2936 opu-

525 2959 681 3019 lentia
706 2958 1013 3011 dissolvitur
1047 2979 1060 3013 :
1088 2974 1194 3012 non
1223 2958 1461 3026 procedit
1501 2957 1751 3022 ulterius,
1792 2972 1895 3011 non
1945 2958 2104 3012 simul

525 3050 851 3117 tnigratcum
881 3049 1274 3116 possessoribus
1302 3047 1670 3117 migrantibus,
1700 3046 1961 3123 sedjpsos
2004 3062 2106 3101 sa:-

524 3139 641 3206 pius
666 3145 720 3191 et
744 3147 868 3192 ante
895 3138 1055 3192 linem
1093 3137 1293 3192 deserit
1322 3156 1335 3190 :
1381 3137 1520 3207 quod
1551 3146 1605 3191 et
1656 3139 1826 3206 ipsum
1878 3137 2100 3192 demon-

526 3237 659 3281 strat
704 3228 908 3293 dicens,
945 3230 1122 3298 Neque
1159 3246 1362 3300 sperare
1388 3230 1442 3282 in
1488 3230 1676 3282 incerto
1713 3231 2000 3283 divitiarum
2025 3230 2099 3300 (1.

523 3317 656 3372 Tim.
672 3318 843 3388 6.17):
860 3319 990 3373 nihil
1008 3320 1146 3373 enim
1162 3327 1269 3373 tam
1293 3318 1691 3388 inﬁdum,qttam
1709 3319 1904 3373 divitia)
1928 3337 1940 3371 :
1960 3319 2100 3388 quod

522 3425 641 3464 cmn
668 3425 810 3479 smpe
838 3409 1089 3473 dixerim,
1120 3410 1295 3463 dicere
1323 3424 1426 3463 non
1444 3411 1666 3463 cessabo
1689 3451 1703 3473 ,
1733 3410 1873 3478 quod
1920 3409 2099 3479 fugiti-

523 3517 623 3557 vus
647 3511 732 3558 est
758 3514 812 3558 et
842 3503 1077 3572 ingratus
1096 3518 1282 3557 servus
1324 3502 1481 3557 ﬁdem
1535 3519 1640 3556 non
1678 3502 1898 3565 habens,
1928 3501 2014 3556 vel
2055 3501 2098 3556 si

522 3596 798 3649 innumera
828 3595 926 3663 ipsi
954 3596 1162 3648 vincula
1187 3594 1427 3665 injicias,
1456 3594 1533 3648 sic
1570 3610 1778 3665 quoque
1807 3610 1927 3649 cum
1970 3595 2099 3666 ipsis

521 3685 744 3740 vinculis
789 3686 1011 3756 aufugit.
1059 3685 1265 3754 Saepius
1316 3685 1476 3755 igitur
1523 3686 1750 3756 pessulis
1793 3693 1847 3740 et
1898 3685 2098 3739 foribus

521 3776 691 3844 ipsum
720 3790 1056 3844 possessores
1086 3776 1492 3842 concluserunt,
1527 3792 1804 3831 servorum
1862 3777 2094 3830 adhibita

519 3868 798 3921 custodia:
830 3869 913 3921 ille
940 3882 1068 3921 vero
1097 3869 1268 3922 servis
1294 3869 1599 3923 subornatis
1635 3886 1753 3923 cum
1808 3870 1938 3939 ipsis
1970 3871 2097 3938 l'ugit

519 3955 849 4019 custodibus,
883 3965 1149 4026 tamquam
1195 3966 1436 4011 catenam
1485 3973 1581 4013 eos
1612 3960 1845 4022 trahens,
1871 3968 1926 4014 et
1965 3961 2095 4014 nihil

520 4046 717 4115 profuit
742 4046 1003 4101 custodia.
1026 4046 1166 4112 Quid
1205 4047 1309 4102 hoc
1340 4049 1644 4103 intidelius?
1682 4050 1808 4119 quid
1831 4066 1959 4105 vero
1990 4052 2053 4107 iis
2075 4093 2092 4119 ,

517 4137 605 4204 qui
662 4139 803 4190 circa
856 4137 997 4192 hunc
1056 4137 1288 4192 studium
1354 4139 1651 4202 collocant,
1696 4141 2095 4197 miserabilius?

517 4226 730 4294 quando
756 4243 865 4281 rem
894 4237 998 4282 tam
1028 4229 1235 4284 labilem
1262 4231 1405 4283 omni
1434 4230 1607 4286 studio
1635 4231 1885 4303 colligere
1908 4248 2095 4303 aggre-

518 4317 757 4383 diuntur,
785 4333 887 4374 nec
908 4323 1219 4388 prophetam
1247 4323 1467 4379 audiunt
1490 4324 1777 4389 dicentem,
1814 4324 1900 4379 Va:
1920 4327 1981 4379 iis
2007 4327 2094 4396 qui

517 4408 775 4475 conﬁdunt
795 4410 846 4463 in
866 4410 1045 4463 virtute
1063 4428 1175 4472 sua,
1196 4423 1241 4464 et
1263 4413 1313 4465 in
1333 4415 1650 4468 multitudine
1665 4416 1947 4469 divitiarum
1973 4435 2093 4470 sua-

518 4515 629 4552 rum
644 4501 926 4571 gloriantur
939 4504 955 4572 (
966 4501 1286 4575 Psal.48.7).
1309 4506 1399 4560 Dic
1415 4508 1695 4576 quare,V:c
1707 4510 1729 4561 ?
1741 4508 2086 4577 Tltesaurizat,

520 4591 722 4660 inquit,
750 4602 797 4645 et
833 4593 1069 4662 ignorat,
1103 4595 1183 4646 cui
1237 4600 1556 4668 congregabit
1601 4616 1659 4652 ea
1685 4598 1856 4667 (i’sal.
1886 4600 1974 4655 58.
2000 4603 2087 4671 7):

517 4684 764 4755 quoniam
804 4685 955 4739 labor
980 4686 1195 4754 quidem
1224 4698 1421 4754 certus,
1454 4689 1653 4746 fructus
1679 4708 1805 4746 vero
1834 4692 2086 4747 incertus.

516 4775 723 4846 Swpius
744 4775 971 4829 inimicis
988 4777 1213 4839 laboras,
1235 4789 1289 4833 et
1307 4782 1557 4833 :erumnis
1573 4785 1847 4838 conliceris
1864 4802 1878 4837 :
1897 4787 2090 4854 smpius

516 4874 638 4935 post
656 4877 880 4921 mortem
909 4878 1048 4920 tuam
1075 4868 1140 4922 ad
1172 4885 1263 4923 eos
1288 4872 1375 4939 qui
1408 4881 1457 4925 te
1483 4873 1772 4928 affet-erunt
1799 4877 2008 4944 injuria,
2036 4887 2089 4931 et

513 4959 809 5013 innumeris
835 4960 1295 5014 circumvenerunt
1317 4962 1540 5028 insidiis,
1561 4963 1828 5020 hereditas
1846 4967 2084 5030 veniens,

513 5049 603 5102 tibi
634 5051 845 5121 quidem
870 5061 1102 5119 peccata,
1140 5054 1528 5121 possessionem
1554 5071 1682 5110 vero
1706 5058 1821 5111 aliis
1843 5059 2084 5126 praebuit.

580 5139 634 5193 5.
677 5140 793 5195 Jam
839 5143 966 5196 illud
1016 5144 1285 5210 inquirere
1342 5144 1555 5215 dignum
1609 5156 1722 5215 est,
1768 5166 1929 5217 quare
1980 5168 2083 5206 non

510 5228 934 5293 dixit,Divitibus
948 5238 1228 5306 prwsentis
1241 5238 1419 5291 saeculi
1437 5239 1664 5307 praecipe
1683 5256 1785 5292 non
1801 5239 2080 5307 ditescere,

513 5321 743 5387 praecipe
771 5322 1141 5395 depauperari,
1168 5330 1394 5398 praecipe
1419 5343 1537 5397 qua:
1560 5329 1754 5383 habent
1774 5330 2083 5386 exhaurire:

512 5406 606 5460 sed
622 5407 773 5471 dixit,
804 5410 1030 5482 Pra'cipe
1053 5434 1153 5469 non
1182 5417 1392 5471 sublime
1409 5418 1609 5488 sapere?
1620 5417 1926 5489 Novitquod
1953 5421 2089 5474 divi-

515 5498 705 5554 tiamm
732 5501 878 5555 radix
898 5512 952 5557 et
974 5508 1187 5560 materia
1210 5510 1277 5563 sit
1302 5510 1547 5579 superbia
1570 5526 1584 5562 :
1608 5519 1659 5565 et
1679 5510 1723 5564 si
1744 5512 1859 5580 quis
1879 5512 2084 5567 modice

514 5592 692 5647 vivere
718 5594 928 5660 scierit,
959 5612 1064 5650 non
1110 5601 1326 5654 multam
1354 5617 1534 5657 earum
1575 5617 1755 5657 curam
1801 5612 1939 5674 aget.
1968 5603 2083 5673 Qua

510 5705 758 5817 bUnus
786 5707 946 5759 Codex
970 5716 1023 5761 et
1042 5708 1182 5761 savii.
1200 5711 1250 5762 in
1284 5726 1458 5777 marg,
1476 5729 1677 5771 arcanis
1697 5721 1742 5768 et
1771 5716 2084 5784 ine/[abiturus

2235 485 2402 555 enim,
2425 485 2512 542 dic
2539 486 2687 551 mihi,
2712 486 2778 543 de
2805 502 2962 543 causa
2988 490 3183 545 multos
3208 490 3561 548 circumducis
3585 509 3772 551 servos
3790 543 3810 564 ,

2235 587 2517 643 parasitos,
2543 579 2849 635 adulatores
2872 622 2887 647 ,
2912 591 2960 633 et
2985 583 3239 652 reliquam
3270 599 3482 638 omnem
3522 602 3767 656 pompam
3790 590 3814 644 2

2231 666 2347 721 Non
2381 669 2623 724 utilitatis
2653 687 2810 725 causa
2830 714 2845 737 ,
2874 672 2969 726 sed
3005 676 3318 743 arrogantia:
3343 676 3529 741 solius,
3554 689 3609 731 ut
3638 695 3702 733 ex
3732 681 3813 735 his

2231 760 2586 814 venerabilior
2609 761 2726 816 aliis
2766 762 3068 817 hominibus
3100 780 3219 820 esse
3266 767 3510 822 videaris.
3553 771 3811 828 Praeterea

2232 852 2376 902 novit
2402 867 2505 902 non
2536 851 2827 920 proltibitas
2843 869 2961 907 esse
2981 854 3211 922 divitias,
3239 860 3281 910 si
3301 858 3420 926 quis
3444 861 3494 913 in
3524 864 3811 916 necessita-

2231 951 2336 993 tem
2372 941 2498 1009 ipsis
2528 958 2654 996 usus
2697 941 2872 997 fuerit.
2919 944 3065 999 Sicut
3103 948 3243 1014 enim
3266 948 3395 1011 dixi,
3426 966 3529 1005 non
3562 955 3694 1006 mala
3727 971 3813 1010 res

2229 1029 2429 1095 vinum,
2463 1031 2555 1084 sed
2586 1033 2721 1085 mala
2765 1034 2994 1088 ebrietas
3026 1052 3040 1087 :
3070 1035 3138 1089 ita
3167 1052 3271 1091 non
3303 1040 3436 1093 mala
3468 1057 3552 1096 res
3578 1043 3807 1111 divitior,

2226 1119 2319 1172 sed
2368 1121 2502 1173 mala
2550 1122 2790 1199 avaritia,
2813 1124 2949 1177 mala
2999 1126 3279 1193 cupiditas.
3316 1128 3469 1183 Aliud
3515 1146 3726 1199 avarus,
3755 1145 3809 1189 et

2226 1212 2365 1265 aliud
2392 1213 2540 1266 dives
2564 1230 2578 1267 :
2608 1229 2796 1267 avarus
2823 1231 2925 1269 non
2948 1227 3029 1271 est
3056 1217 3225 1284 dives,
3249 1235 3438 1275 avarus
3467 1224 3642 1277 multis
3673 1227 3807 1282 indi-

2224 1310 2332 1371 get,
2361 1304 2602 1374 indigens
2631 1318 2805 1360 autem
2838 1308 3015 1361 multis
3044 1325 3326 1380 numquam
3351 1312 3500 1367 dives
3530 1330 3645 1369 esse
3675 1333 3800 1387 pos-

2224 1394 2311 1447 sit.
2364 1396 2568 1449 Avarus
2618 1406 2797 1451 custos
2841 1406 3081 1464 est,non
3129 1399 3375 1455 dominus
3421 1407 3798 1474 pecuniarum;

2223 1500 2432 1553 servus,
2457 1503 2560 1541 non
2584 1504 2861 1557 possessor
2880 1509 2891 1543 :
2908 1491 3110 1545 facilius
3137 1474 3277 1547 enim
3301 1495 3454 1548 alicui
3479 1513 3543 1551 ex
3573 1501 3800 1569 propriis

2222 1578 2492 1642 carnibus,
2521 1594 2676 1647 quam
2700 1596 2762 1633 ex
2795 1580 3004 1635 defosso
3030 1597 3160 1636 auro
3188 1587 3623 1642 communicaret.
3648 1589 3807 1646 Velut

2222 1668 2365 1721 enim
2392 1668 2571 1735 jussus
2598 1670 2728 1723 nihil
2750 1670 2816 1725 de
2864 1673 3113 1740 repositis
3144 1682 3378 1744 tangere,
3407 1677 3483 1732 sic
3508 1695 3625 1732 cum
3656 1685 3803 1736 omni

2220 1758 2487 1828 diligentia
2517 1776 2578 1815 ea
2608 1773 2783 1816 servat
2813 1775 2866 1816 ct
2896 1765 3114 1831 detinet,
3146 1780 3174 1819 a
3203 1767 3312 1821 suis
3344 1776 3587 1838 tanquam
3616 1772 3806 1829 alienis

2221 1848 2494 1904 abstinens
2526 1868 2539 1904 :
2570 1862 2622 1904 et
2648 1863 2793 1907 certe
2821 1863 2943 1906 sunt
2969 1855 3161 1910 aliena.
3193 1856 3320 1922 Qllu:
3358 1861 3497 1912 enim
3538 1863 3655 1916 aliis
3683 1879 3803 1918 ero-

2218 1954 2345 2007 gare
2384 1956 2672 2011 numquam
2720 1953 3004 2012 pateretur,
3048 1963 3218 2016 neque
3265 1949 3315 2002 in
3366 1946 3564 2020 egenus
3614 1953 3802 2008 distri-

2221 2032 2402 2099 buere,
2428 2035 2585 2089 etiam
2622 2036 2666 2089 si
2705 2037 2935 2092 inﬁnitas
2965 2042 3249 2096 sustineret
3271 2058 3497 2112 pinnas:
3532 2051 3803 2118 quomodo

2217 2120 2335 2177 haec
2378 2139 2498 2179 esse
2566 2128 2780 2196 propria
2824 2140 3012 2199 putare
3067 2134 3296 2200 posset?
3340 2136 3617 2204 Quomodo
3668 2156 3802 2197 vero

2216 2229 2402 2268 eorum
2457 2214 2616 2272 habet
2683 2223 3113 2287 possessionem,
3163 2241 3388 2295 quorum
3455 2245 3553 2283 nec
3619 2248 3799 2300 usum,

2217 2319 2316 2358 nec
2344 2304 2568 2360 fructum
2602 2323 2721 2362 cum
2765 2310 3008 2367 libertate
3034 2311 3238 2368 habet?
3266 2316 3344 2369 Ad
3373 2316 3487 2372 lucc
3517 2335 3643 2375 vero
3688 2339 3801 2378 non

2214 2398 2461 2453 omnibus
2514 2402 2690 2454 omnia
2724 2402 2915 2457 Paulus
2955 2404 3219 2474 imperare
3261 2412 3559 2476 consuevit,
3606 2412 3698 2467 sed
3744 2424 3806 2469 et

2212 2489 2539 2545 audientium
2569 2492 2913 2549 imbecillitati
2939 2511 2998 2551 se
3026 2507 3360 2567 attetnperat,
3396 2502 3531 2556 sicut
3556 2514 3608 2558 et
3633 2505 3731 2558 Cb:
3750 2506 3807 2560 ἱ,

2213 2590 2326 2636 stus
2363 2583 2505 2637 fecit.
2547 2585 2753 2639 Etenim
2806 2586 2877 2641 illi
2927 2588 3073 2642 diviti
3118 2590 3182 2644 ad
3223 2607 3281 2646 se
3308 2595 3606 2661 accedenti,
3637 2607 3689 2652 et
3728 2600 3803 2653 de

2213 2675 2319 2727 vita
2364 2674 2638 2745 loquenti,
2695 2695 2797 2731 non
2856 2680 2987 2734 dixit
3019 2682 3222 2745 :Vade,
3254 2686 3423 2740 vende
3463 2690 3637 2741 omnia
3672 2705 3804 2759 quin

2214 2762 2410 2829 habes;
2441 2767 2535 2821 sed
2587 2767 2686 2821 hoc
2733 2773 3168 2839 prmtcrmittcns,
3194 2775 3261 2829 de
3289 2778 3405 2831 aliis
3440 2777 3610 2847 ipsmn
3643 2798 3804 2835 man-

2210 2855 2346 2908 datis
2373 2856 2602 2910 instruit.
2633 2859 2832 2914 Deinde
2868 2870 3142 2932 postquam
3175 2864 3261 2919 ille
3304 2868 3470 2936 ipsum
3515 2871 3758 2925 invitavit
3782 2913 3796 2937 ,

2212 2945 2454 3016 inquiens
2485 2966 2497 3001 :
2529 2949 2660 3012 Quid
2691 2950 2855 3005 adhuc
2879 2953 2999 3005 mihi
3027 2954 3160 3007 deest
3183 2955 3390 3026 (ΜαιιΙι.
3429 2958 3508 3013 l9.
3534 2959 3665 3031 20)?
3691 2979 3801 3017 ne-

2208 3054 2310 3107 que
2338 3047 2445 3091 tum
2475 3041 2788 3109 simpliciter
2815 3042 2986 3109 dixit,
3023 3045 3204 3101 Vende
3237 3050 3413 3102 omnia
3440 3068 3554 3119 qua:
3585 3052 3797 3122 babes;

2207 3128 2320 3193 sed,
2353 3128 2411 3183 Si
2443 3132 2514 3183 vis
2538 3136 2786 3202 perfectus
2814 3151 2939 3199 esse,
2970 3138 3122 3188 vende
3146 3155 3259 3208 qua:
3287 3140 3437 3195 habes
3464 3142 3567 3209 (Ib.
3591 3159 3636 3197 υ.
3655 3145 3797 3215 Si):

2209 3218 2308 3271 hoc
2336 3219 2386 3272 in
2421 3230 2510 3274 tuo
2540 3237 2678 3290 pono
2698 3223 2937 3291 arbitrio,
2969 3235 3019 3279 te
3046 3227 3321 3283 electionis
3346 3231 3617 3287 dominum
3648 3251 3793 3290 con-

2206 3309 2399 3375 SIituo,
2457 3329 2558 3364 non
2615 3312 2667 3367 in
2722 3317 3090 3371 necessitatem
3161 3319 3331 3375 traho.
3395 3323 3677 3393 Propterea
3739 3339 3802 3383 et

2207 3399 2398 3453 Paulus
2425 3402 2552 3455 nihil
2580 3403 2646 3457 de
2674 3415 2982 3476 paupertate
3021 3409 3272 3466 divitibus
3317 3413 3657 3484 loquebatur,
3691 3421 3800 3475 sed

2205 3490 2269 3543 de
2299 3489 2614 3561 humilitate,
2635 3505 2742 3549 tum
2767 3508 2980 3567 propter
2999 3501 3324 3557 audientium
3350 3505 3799 3578 imbecillitatem,

2204 3591 2313 3636 tum
2357 3584 2477 3654 quia
2527 3587 2724 3655 optime
2776 3590 2994 3652 sciebat,
3019 3591 3063 3645 si
3107 3593 3348 3649 modeste
3394 3606 3630 3667 agerent,
3658 3609 3718 3653 ct
3764 3618 3797 3655 a

2202 3676 2450 3744 superbia
2481 3676 2639 3731 alieni
2668 3690 2868 3746 essent,
2893 3680 3035 3736 brevi
3085 3682 3290 3739 futurus
3318 3702 3347 3740 a
3374 3690 3547 3741 studio
3572 3690 3796 3745 divitia-

2202 3782 2318 3820 rum
2346 3768 2559 3822 liberos.
2589 3769 2851 3826 Pranerea
2889 3788 2995 3827 non
3028 3774 3191 3829 altum
3249 3791 3437 3846 sapere
3465 3780 3792 3851 admonens,

2201 3868 2255 3912 ct
2282 3861 2525 3923 modum,
2552 3877 2657 3931 quo
2704 3880 2808 3918 non
2852 3865 3015 3919 altum
3065 3882 3252 3936 sapere
3296 3871 3519 3937 possint.
3563 3873 3797 3929 demon-

2200 3951 2406 4006 Sll'm'il.
2454 3952 2582 4017 Quis
2632 3969 2759 4009 vero
2795 3955 2880 4010 hie
2920 3957 3047 4011 est?
3076 3957 3130 4011 Si
3189 3959 3485 4015 divitiarum
3540 3975 3793 4022 naturain

2198 4042 2706 4113 animadverterent,
2739 4065 2894 4117 quam
2926 4050 3138 4106 incertae
3166 4053 3273 4108 sint
3306 4064 3359 4108 et
3385 4056 3557 4111 inlidte
3591 4076 3604 4111 :
3644 4075 3784 4128 qua-

2201 4145 2419 4204 propter
2460 4137 2653 4203 intulit,
2686 4138 2865 4210 Neque
2901 4159 3105 4212 sperare
3144 4145 3195 4199 in
3238 4147 3521 4203 divitiarum
3566 4151 3794 4209 incerto.

2199 4224 2357 4280 Dives
2381 4236 2482 4291 est,
2506 4244 2608 4282 non
2639 4232 2725 4298 qui
2759 4232 2922 4286 multa
2949 4234 3182 4301 possidet
3207 4277 3220 4298 ,
3246 4236 3453 4307 sedqui
3483 4242 3643 4296 multa
3680 4244 3801 4299 lar-

2197 4316 2336 4385 gitur
2373 4317 2563 4372 :dives
2610 4330 2724 4373 erat
2765 4323 3062 4387 Abraham,
3114 4325 3206 4379 sed
3247 4343 3351 4381 non
3398 4345 3589 4386 avarus
3624 4350 3637 4385 :
3674 4351 3797 4391 non

2196 4407 2335 4459 enim
2360 4407 2513 4477 hujus
2542 4409 2756 4464 domum
2784 4412 3184 4482 considerabat,
3219 4433 3316 4473 nec
3347 4419 3487 4475 illius
3524 4423 3796 4480 substan-

2199 4497 2320 4550 tiam
2352 4498 2561 4554 curiose
2598 4503 2959 4568 scrutabatur;
2992 4505 3087 4559 sed
3109 4508 3390 4576 egrediens
3425 4513 3793 4584 explorabat,

2198 4602 2321 4640 num
2343 4588 2535 4642 alicubi
2563 4589 2773 4661 hospes,
2807 4607 2933 4646 num
2961 4594 3157 4649 alicubi
3198 4611 3432 4666 panper,
3467 4609 3523 4654 ut
3546 4616 3802 4673 pauper-

2198 4687 2359 4733 tatem
2388 4682 2691 4745 resarciret,
2726 4694 2781 4736 ut
2812 4687 3145 4756 peregrinum
3178 4690 3444 4760 exciperet
3469 4711 3482 4747 :
3512 4710 3614 4748 non
3643 4713 3803 4755 auro

2198 4779 2391 4825 tectum
2417 4772 2605 4836 linivit,
2637 4775 2729 4828 sed
2759 4776 2895 4845 apud
2928 4794 3180 4847 quercum
3209 4780 3348 4834 illam
3378 4785 3797 4846 tabernaculum

2196 4860 2384 4931 ﬁgens,
2418 4863 2657 4917 foliorum
2683 4867 2864 4919 umbra
2890 4878 3169 4924 contentus
3194 4882 3308 4925 erat
3333 4892 3347 4928 :
3380 4883 3432 4927 et
3462 4885 3563 4928 tam
3589 4880 3804 4947 splen-

2194 4956 2372 5009 didum
2434 4956 2531 5025 ipsi
2584 4966 2698 5011 erat
2737 4960 3115 5028 diversorium,
3144 4974 3200 5017 ut
3242 4981 3340 5020 nec
3373 4970 3589 5038 angelos
3630 4978 3801 5041 apud

2194 5050 2363 5118 ipsmn
2392 5068 2605 5108 manere
2634 5056 2888 5124 puderet;
2923 5076 3025 5113 non
3056 5064 3196 5117 enim
3224 5068 3535 5133 qttterebant
3575 5070 3807 5130 domus

2192 5142 2526 5210 Splendor-em
2552 5187 2565 5206 ,
2599 5148 2689 5199 sed
2718 5150 2875 5202 animi
2907 5152 3172 5208 virtutem.
3214 5155 3368 5212 Hunc
3407 5168 3461 5213 et
3504 5177 3599 5215 nos
3647 5164 3807 5217 imi—

2194 5244 2383 5299 temur,
2400 5238 2732 5301 charissimi,
2756 5248 2807 5294 et
2826 5255 2945 5309 qua:
2966 5243 3220 5298 habemus
3241 5288 3256 5311 ,
3290 5248 3339 5299 in
3372 5263 3633 5318 pauperes
3666 5254 3808 5309 in)-

2190 5326 2500 5393 pendamus.
2534 5328 2671 5383 Rudi
2712 5331 2870 5385 modo
2919 5344 3155 5402 paratum
3191 5347 3306 5392 erat
3336 5339 3403 5394 ibi
3448 5342 3788 5400 tabernacu-

2190 5415 2320 5476 lum.
2351 5417 2445 5472 sed
2477 5420 2633 5489 regiis
2665 5422 2801 5475 aulis
2826 5425 3153 5492 splendidius
3175 5427 3291 5486 fuit.

2264 5506 2631 5579 Hospitalitatis
2655 5510 2765 5566 laus
2781 5523 2825 5567 et
2842 5518 3103 5585 praemium
3126 5519 3383 5576 —Nullus
3409 5539 3639 5594 unquam
3673 5544 3813 5591 rex

2187 5599 2403 5670 angelos
2438 5604 2669 5671 suscepit
2698 5622 2711 5658 :
2743 5602 2829 5658 hic
2871 5621 2995 5661 vero
3025 5610 3124 5663 sub
3168 5626 3364 5681 quercu
3401 5614 3596 5694 sedens
3639 5618 3741 5671 illa
3782 5666 3810 5689 ,

2187 5690 2483 5762 cellamque
2504 5691 2689 5762 ﬁgens,
2707 5693 2810 5751 hoc
2836 5697 3034 5752 honore
3061 5700 3249 5771 dignus
3275 5690 3485 5759 habitus
3509 5715 3592 5762 est
3608 5748 3626 5772 ,
3654 5723 3815 5770 non

2189 5791 2408 5853 propter
2430 5782 2618 5839 domus
2637 5786 2888 5843 vilitatem
2916 5788 3222 5859 honoratus,
3246 5795 3337 5850 sed
3367 5807 3582 5867 propter
3595 5800 3817 5866 animi
