4074 6218
179 299 254 358 59
1245 300 1338 355 ΑΙ)
1375 299 1706 358 POPULUM
1747 301 1848 356 AN

1957 297 2247 358 ‘CHENUM
2287 302 2520 358 ΙΙΟΜΠ...
2563 301 2622 358 Il.
3560 321 3649 375 λοι

182 415 297 477 τδΐς
342 410 702 482 τραπεζίταις
755 425 781 454 ι
820 412 881 467 οὐ
915 412 1204 478 κατέϐαλε,
1249 415 1560 482 τουτέστιν,
1601 417 1663 470 οὐ
1722 435 1863 489 παρ-

183 499 397 570 ῄνεσεν,
415 499 477 553 οὐ
510 497 1066 562 συνεϐούλευσεν,οὐκ
1107 501 1458 573 ἐπετίμησεν,
1480 503 1538 557 οὐ
1585 501 1860 574 διώρθωσε

183 588 310 650 τοὺς
338 586 568 658 πλησίον
595 587 973 658 ἀκοσμοῦντας
1004 587 1112 641 τῶν
1143 589 1412 660 πονηρῶν·
1445 590 1535 644 διὰ
1557 590 1716 644 τοῦτο
1748 610 1860 662 χω-

187 674 271 746 ρὶς
301 673 633 746 συγγνώμης
663 675 882 746 ἀπάσης
905 677 985 738 εἰς
1006 674 1105 739 τὰς
1135 677 1442 748 ἀφορήτους
1472 677 1751 749 ἐπέμπετο
1775 697 1867 732 κο-

182 760 376 826 λάσεις
411 761 646 826 ἐκείνας.
699 762 839 816 Ἀλλ’
871 763 956 816 ὅτι
988 761 1109 834 μὲν,
1141 764 1190 816 εἰ
1221 765 1315 816 καὶ
1347 765 1422 835 μὴ
1454 765 1739 837 πρότερον,
1769 765 1866 821 νῦν

181 847 319 916 γοῦν
357 847 564 920 ταύτην
607 847 910 920 ἐργάσεσθε
950 847 1048 920 τὴν
1092 848 1410 921 διόρθωσιν,
1461 851 1556 904 καὶ
1607 851 1697 905 τὸν
1733 853 1865 905 θεὸν

184 935 546 1008 ὑϐριζόμενον
564 937 626 990 οὐ
649 936 998 1009 περιόψεσθε,
1038 937 1243 1008 σφόδρα
1275 938 1636 994 πεπίστευκα.
1682 939 1866 994 Ἱκανά

179 1023 294 1096 γὰρ
321 1024 391 1077 τὰ
422 1023 830 1096 συμϐεϐηκότα,
871 1025 920 1077 εἰ
957 1023 1052 1078 καὶ
1086 1023 1274 1096 μηδεὶς
1301 1027 1331 1078 6
1363 1011 1643 1097 παραινῶν
1663 1022 1864 1098 ἦν,καὶ

179 1113 311 1177 τοὺς
342 1111 546 1183 σφόδρα
568 1112 908 1184 ἀναισθήτως
939 1111 1316 1182 διακειμένους
1345 1115 1528 1167 πεῖσαι
1552 1113 1736 1168 λοιπὸν
1767 1118 1865 1187 τῆς

176 1199 391 1262 οἰκείας
435 1198 789 1252 ἐπιλαϐέσθαι
819 1198 848 1238 b
887 1197 1182 1276 σωτηρίας.
1231 1199 1394 1269 Ἡμῖν
1429 1200 1488 1252 δέ
1532 1201 1652 1273 ῶρα
1677 1202 1863 1258 λοιπὸν

177 1286 278 1358 τήν
296 1285 554 1340 εἰωθυῖαν
579 1287 706 1358 ὑμῖν
730 1284 948 1340 ἀπὸτοῦ
977 1284 1191 1339 Παύλου
1216 1287 1542 1357 παραθεῖναι
1560 1287 1860 1359 τράπεζαν,
1905 1327 1916 1334 ι

175 1377 277 1451 τὴν
321 1379 562 1448 σήμερον
614 1376 1057 1446 ἀναγνωσθεῖσαν
1113 1376 1272 1446 ῥῆσιν
1315 1379 1858 1449 προχειρισαμένους,

177 1467 273 1520 καὶ
306 1467 391 1528 εἰς
432 1466 596 1537 μέσον
629 1463 1038 1535 καταθεμένους
1071 1462 1264 1518 ἅπασι.
1299 1464 1364 1516 Τί
1391 1466 1506 1517 ποτ’
1531 1461 1624 1518 οῦν
1651 1469 1768 1519 ἐστι
1801 1467 1863 1520 16

177 1557 422 1624 σήμερον
449 1551 794 1620 ἀναγνωσθέν
815 1569 830 1618 ;
863 1551 995 1616 Τοῖς
1015 1551 1338 1616 πλουσίοις
1359 1551 1429 1604 ἐν
1449 1549 1530 1616 τῷ
1548 1551 1666 1605 νῦν
1693 1551 1860 1608 αἰῶνι

174 1638 561 1710 παράγγελλε
603 1637 692 1708 μὴ
737 1637 1214 1706 ὑψηλοφρονεῖν.
1255 1635 1462 1702 Εἰπὼν,
1514 1637 1643 1705 Τοῖς
1674 1642 1863 1694 πλου-

167 1728 337 1792 σίοις
363 1727 436 1780 ἐν
458 1725 539 1791 τῷ
567 1724 686 1780 νῦν
709 1723 901 1790 αἰῶνι,
933 1724 1099 1791 ἔδειξε
1129 1725 1222 1778 καὶ
1253 1723 1472 1796 ἐτέρους
1503 1725 1664 1788 εντας
1694 1727 1860 1782 πλου-

169 1814 326 1876 σίους
354 1815 483 1876 τοὺς
509 1811 604 1866 τοῦ
640 1811 924 1883 μέλλοντος
949 1811 1168 1877 αἰῶνος·
1191 1807 1302 1876 οἷος
1329 1814 1533 1876 ἐκεῖνος
1559 1813 1588 1864 6
1610 1812 1861 1885 Λάζαρος

165 1898 260 1972 ἦν,
300 1902 446 1955 κατά
483 1901 584 1971 μὲν
603 1901 696 1956 τὸν
726 1901 968 1972 παρόντα
999 1901 1108 1972 βίον
1142 1901 1327 1970 πένης,
1363 1901 1506 1954 κατὰ
1531 1900 1588 1954 δέ
1608 1901 1701 1955 τὸν
1730 1901 1860 1972 μέλ-

163 1987 336 2044 λοντα
364 1989 643 2054 πλούσιος,
667 1989 728 2042 οὐ
757 1989 961 2060 χρυσοῦ
996 1991 1090 2043 καὶ
1118 1989 1358 2060 ἀργύρου
1385 1991 1478 2044 καὶ
1509 1989 1732 2061 τοιαύτῃ
1753 1993 1860 2044 τινὶ

167 2072 392 2144 φθαρτῇ
426 2073 520 2125 καὶ
535 2073 782 2141 ἐπικήρῳ
813 2071 1058 2124 πλουτῶν
1089 2069 1212 2144 ῦλῃ,
1240 2067 1357 2144 [26}
1387 2067 1521 2123 άλλά
1547 2069 1657 2130 τοῖς
1679 2068 1854 2139 ἀπορ-

168 2164 362 2232 ῥήτοις
394 2159 622 2222 ἐκείνοις
641 2174 663 2198 ο
693 2160 936 2227 ἀγαθοῖς,
965 2159 1002 2213 ἃ.
1022 2158 1187 2227 Μήτε
1215 2155 1524 2226 ὀφθαλμὸς
1543 2154 1684 2218 εὶὸε,
1701 2151 1856 2223 μήτε

161 2240 280 2310 οὖς
306 2244 558 2312 ἤκουσε,
587 2244 744 2314 μήτε
780 2244 880 2298 ἐπὶ
915 2245 1171 2312 καρδίαν
1201 2245 1513 2312 ἀνθρώπου
1541 2245 1742 2313 ἀνέϐη.

237 2332 417 2388 Τοῦτο
449 2331 559 2404 γὰρ
609 2331 828 2404 ἀληθῶς
880 2331 1108 2394 πλοῦτος
1155 2332 1251 2384 καὶ
1288 2331 1539 2401 εὐπορία,
1590 2332 1718 2384 ὅταν
1761 2332 1856 2386 καὶ

157 2421 429 2492 ἀκήρατα
533 2419 601 2476 τὰ
635 2419 798 2484 καλὰ,
833 2420 926 2473 καὶ
967 2419 1235 2490 μηδεμίαν
1266 2418 1487 2489 δέχηται
1527 2417 1851 2489 μεταϐολήν.

171 2509 324 2563 Ἀλλ’
349 2511 450 2582 οὐχ
476 2513 504 2564 6
532 2507 774 2580 παριδὼν
818 2507 845 2548 ά
892 2507 1054 2562 αὐτὸν
1108 2506 1359 2571 πλούσιος
1403 2506 1664 2570 τοιοῦτος,
1719 2507 1856 2561 ἀλλὰ

154 2599 392 2652 πάντων
425 2598 749 2669 πενέστερος
778 2596 1012 2665 ἐγένετο.
1041 2595 1196 2650 Μετά
1227 2595 1402 2650 ταῦτα
1431 2595 1562 2665 γοῦν
1597 2596 1856 2664 σταγόνος

154 2683 412 2751 ἀξιώσας
448 2687 762 2756 ἐπιτυχεῖν,
821 2683 944 2738 οὐτε
990 2684 1160 2755 αὐτῆς
1205 2683 1421 2752 ἐγένετο
1451 2684 1666 2755 ’κύριος’
1711 2683 1856 2736 οὓτω

154 2772 307 2846 πρὸς
331 2774 569 2844 ἐσχάτην
593 2772 848 2843 ἐληλάκει
877 2771 1088 2824 πενίαν.
1123 2769 1224 2824 Διά
1249 2767 1408 2823 τοῦτο
1441 2770 1730 2833 πλουσίους
1758 2771 1852 2824 τοῦ

149 2859 438 2932 παρόντος
465 2860 659 2922 αἰῶνος
685 2859 964 2922 ἐκάλεσεν,
983 2858 1071 2912 ῖνα
1090 2857 1288 2930 μάθῃς,
1321 2857 1402 2910 ὅτι
1424 2857 1562 2927 μετά
1591 2857 1688 2928 τῆς
1721 2875 1857 2928 παρ-

148 2946 338 3018 ούσης
379 2947 523 3019 ζωῆς
581 2947 676 3000 καὶ
707 2949 739 3017 ἡ
771 2945 1000 3016 εὐπορία
1047 2944 1502 3014 συγκαταλύεται·
1543 2945 1604 2998 οὐ
1641 2946 1854 3016 πρόεισι

149 3035 498 3109 περαιτέρω,
517 3035 638 3089 οὐδέ
662 3034 1097 3106 συμμεθίσταται
1123 3031 1464 3103 ἀποδημοῦσι
1485 3036 1598 3098 τοῖς
1617 3033 1852 3104 ἔχουσιν,

147 3125 301 3180 ἀλλά
353 3124 612 3186 πολλάκις
655 3124 856 3186 αὐτοὺς
887 3123 981 3176 καὶ
1036 3121 1143 3193 πρὸ
1181 3121 1282 3192 τῆς
1309 3121 1567 3190 τελευτῆς
1608 3121 1850 3192 ἀφίησιν·

147 3215 300 3282 ὅπερ
327 3207 422 3282 ὥν
462 3221 485 3249 °
519 3212 614 3265 καὶ
635 3210 763 3264 αὐτὸ
783 3210 958 3278 δηλῶν
989 3208 1139 3277 ἐλεγε
1161 3244 1178 3270 ,
1209 3207 1376 3276 Μηδὲ
1402 3206 1720 3276 ἠλπικέναι
1751 3210 1852 3264 ἐπὶ

147 3281 434 3355 πλούτου
449 3297 966 3366 ἀδηλότητι.οὐδέν
983 3296 1091 3368 γὰρ
1105 3294 1276 3359 οῦτως
1292 3297 1536 3359 ἄπιστον,
1555 3295 1630 3359 ὡς
1647 3297 1675 3348 ό
1693 3295 1855 3350 πλοῦ-

149 3406 268 3456 τος,
305 3387 341 3441 ὃ
370 3385 632 3450 πολλάκις
661 3382 839 3449 εἷπον,
864 3386 958 3439 καὶ
991 3384 1165 3452 λέγων
1197 3385 1257 3437 οὐ
1293 3383 1593 3454 παύσομαι,
1614 3384 1698 3437 ὅτι
1723 3385 1842 3456 δρα-

149 3477 336 3548 1:6113;
365 3475 514 3528 ἐστὶν
549 3471 840 3544 ἀγνώμων,
873 3473 1090 3544 οἰκέτης
1115 3471 1296 3525 πίστιν
1314 3472 1414 3524 οὐκ
1437 3471 1595 3541 ἔχων,
1627 3471 1730 3525 κᾶν
1747 3490 1852 3543 μυ·-

152 3562 283 3634 ρίας
309 3560 464 3632 αὐτῷ
487 3561 792 3634 περιϐάλῃς
825 3560 1012 3626 πέδας,
1047 3554 1200 3624 οὗτος
1229 3560 1324 3612 καὶ⁸
1355 3557 1454 3621 τάς
1486 3550 1652 3622 πέδας
1681 3558 1851 3622 αὐτάς

150 3652 560 3724 ἐπισυρόμενος
578 3649 786 3704 ἄπεισι.
815 3649 1080 3712 Πολλάκις
1109 3648 1242 3717 γοῦν
1278 3647 1494 3718 μοχλοῖς
1522 3647 1616 3701 καί⁸
1659 3646 1850 3717 θύραις

146 3741 495 3795 ἀπέκλεισαν
523 3739 684 3793 αὐτὸν
710 3739 760 3792 οί
789 3737 1139 3808 κεκτημένοι,
1173 3735 1387 3798 οἰκέτας
1419 3735 1848 3807 περιστήσαντες

148 3829 429 3899 φύλακας·
463 3829 491 3881 6
518 3827 577 3881 δέ
602 3827 725 3890 τούς
755 3826 970 3886 οἰκέτας
996 3825 1194 3885 αὐτοὺς
1223 3821 1546 3888 ἀναπείσας,
1594 3823 1712 3894 μετ’
1751 3824 1848 3878 αὐ-

145 3917 266 3971 τῶν
285 3915 500 3986 ἀπέδρα
519 3912 628 3967 τῶν
645 3912 1044 3982 φυλαττόντων,
1066 3911 1320 3982 καθάπερ
1368 3910 1557 3964 ἀλυσιν
1577 3911 1705 3974 τοὺς
1750 3928 1848 3982 τη-

148 4003 393 4074 ροῦντας
439 4001 856 4073 ἐπισυρόμενος,
887 4001 980 4054 καὶ
1012 3999 1173 4052 πλέον
1199 3999 1352 4052 οὐδὲν
1395 3999 1501 4052 ἀπὸ
1535 3999 1632 4069 τῆς
1678 3999 1847 4069 φυλα-

143 4091 258 4161 κῆς
291 4089 516 4160 ἐγένετο
543 4088 772 4158 ταύτης.
832 4087 896 4140 Τί
920 4085 1112 4140 τούτου
1135 4085 1334 4155 γένοιτ’
1357 4085 1423 4140 ἂν
1457 4086 1844 4158 ἀπιστότερον;

144 4177 204 4230 τί
243 4177 306 4230 δέ
339 4175 451 4230 τῶν
485 4176 615 4247 περὶ
640 4175 803 4228 αὐτὸν
826 4173 1240 4228 ἐσπουδακότων
1267 4173 1660 4244 ἐλεεινότερον;
1721 4175 1848 4229 ὅταν

143 4264 396 4334 πρᾶγμα
423 4259 570 4315 οὕτω
605 4259 806 4332 σαθρὸν
839 4260 933 4313 καί
977 4258 1400 4330 εὐμετάπτωτον
1443 4257 1592 4328 πάσῃ
1645 4259 1845 4330 σπουδῇ

143 4347 440 4416 συλλέγειν
468 4345 814 4418 ἐπιχειρῶσι,
837 4343 929 4398 καὶ
954 4343 1028 4415 μὴ
1055 4342 1296 4397 ἀκούωσι
1330 4341 1424 4396 τοῦ
1456 4343 1736 4413 προφήτου
1759 4341 1848 4395 λέο

137 4449 368 4501 γοντος·
421 4432 569 4488 Οὐαὶ
621 4435 677 4485 οι
707 4430 1058 4496 πεποιθότες
1088 4430 1187 4484 ἐπὶ
1217 4427 1290 4498 τῇ
1335 4426 1586 4496 δυνάμει
1625 4427 1845 4493 αὐτῶν,

137 4516 260 4570 ra!
289 4516 388 4569 ἐπὶ
420 4515 504 4582 τῷ
543 4515 762 4582 πλήθει
791 4514 898 4568 τοῦ
929 4514 1198 4568 πλούτου
1227 4510 1426 4568 αὐτῶν
1453 4509 1845 4581 καυχώμενοι.

133 4601 317 4666 εἰπὲ,
347 4600 497 4663 τίνος
524 4599 712 4653 ἐνεκεν
734 4597 890 4664 οὐαί;
921 4594 1292 4666 Θησαυριζει,
1323 4595 1477 4666 φησὶ,
1511 4595 1611 4648 καί
1651 4597 1723 4649 οὐ
1759 4613 1847 4666 γι-

125 4765 464 4826 άπῦλαυσις
489 4763 707 4832 ἄδηλος.
742 4762 1011 4824 Πολλάκις
1037 4759 1252 4831 ἐχθροῖς
1283 4759 1532 4830 κάμνεις,
1549 4761 1645 4813 καὶ
1663 4759 1850 4814 ταλαι-

125 4849 387 4921 πωρεῖς·
421 4845 684 4909 πολλάκις
717 4845 856 4917 μετὰ
881 4845 981 4915 τὴν
1018 4844 1116 4914 σὴν
1147 4841 1404 4914 τελευτὴν
1445 4844 1525 4907 εἰς
1559 4843 1688 4907 τοὺς
1733 4842 1850 4912 ἠδι-

121 4931 400 5002 κηκότας
426 4931 522 4983 καὶ
545 4929 715 5000 μυρία
736 4946 818 4982 σοι
843 4927 1360 4990 ἐπιϐουλεύσαντας,
1377 4928 1406 4980 6
1426 4926 1627 4998 κλῆρος
1653 4925 1846 4990 ἐλθὼν,

121 5015 224 5069 σοὶ
253 5013 369 5086 μὲν
397 5013 468 5066 τά
488 5013 887 5085 ἁμαρτήματα,
904 5011 1004 5084 τὴν
1022 5011 1080 5066 δὲ
1105 5011 1406 5066 ἀπόλαυσιν
1430 5011 1704 5083 παρέσχεν
1735 5013 1850 5066 ἐτέ-

120 5117 289 5237 ροιεῖ
305 5179 454 5234 ’Δλλ’
464 5181 530 5248 άξ
538 5197 615 5234 ιον
627 5181 803 5235 ἐκεῖνο
813 5179 1088 5247 ἐξετάσαι,
1101 5179 1246 5243 τίνος
1259 5180 1343 5234 ἐνε
1349 5195 1443 5234 κεν
1453 5179 1554 5232 οὐκ
1565 5172 1687 5232 εἷπε
1695 5218 1712 5244 ,
1723 5176 1849 5241 Τοῖς

117 5267 184 5320 ἃ
225 5263 528 5328 πλουσίοις
559 5265 618 5317 ἐν
647 5263 725 5335 τῷ
761 5263 860 5318 νῦν
894 5262 1051 5317 αἰῶνι
1085 5263 1430 5335 παράγγελλε
1463 5261 1538 5334 μὴ
1573 5261 1844 5324 πλουτεῖν,

121 5347 506 5422 παράγγελλε
529 5347 814 5410 πένεσθαι,
849 5347 1196 5419 παράγγελλε
1217 5349 1285 5402 τά
1307 5347 1438 5402 ϐντα
1459 5345 1677 5410 κενοῦν,
1709 5344 1845 5399 ἀλλά

121 5430 544 5502 Παράγγελλε
563 5429 652 5500 μὴ
685 5431 1160 5501 ὑψηλοφρονεῖν.
1196 5427 1351 5486 Οἶδεν
1391 5431 1475 5485 δτι
1497 5429 1517 5469 ί
1552 5429 1649 5485 τοῦ
1682 5428 1846 5483 πλού-

189 5575 225 5606 ⁶
245 5573 422 5638 εετιι.
447 5577 504 5638 91
520 5571 604 5638 at!“
630 5571 1158 5638 @31_106¢_1pa111{(1¢c.

189 5639 224 5677 ι
249 5640 328 5684 h'a
339 5637 422 5682 τιι.
445 5635 802 5698 ἀπιλαϐέρθαι,
817 5635 946 5698 αΙὶυε
968 5635 1407 5698 ἀντιλαμϐάνεσθαι.

193 5704 219 5760 ξ
253 5698 412 5747 Unus
421 5696 580 5760 τοάετ
592 5694 880 5760 et_Sa_viI._in
900 5711 1054 5760 marg.
1067 5694 1151 5760 ἀπὶ
1174 5697 1621 5760 καὶάνεκδιῃγήτοις
1631 5695 1824 5753 ἐκείνοις

189 5759 222 5799 δ
251 5760 366 5806 Αιίὶ
387 5759 631 5820 περιιδὼν.
657 5757 786 5807 Infra
809 5757 959 5808 Savil.
997 5756 1051 5808 ἐι
1071 5756 1200 5808 alius
1217 5759 1329 5808 οὐδέ
1350 5756 1524 5820 ταύτης
1547 5759 1748 5820 ἑγένιιο.

199 5825 224 5886 Ἰ
251 5819 510 5886 snitum
534 5820 1250 5886 ειίυεειλεντῆςὲγκμτέὶρπεγ·
1274 5821 1392 5886 ὅπερ
1413 5819 1512 5868 οὖν·

195 5882 222 5921 ε
251 5879 374 5946 Αιὶἱ
396 5879 754 5946 01811619166;
769 5879 982 5934 611.M0k
995 5883 1252 5934 Savilmév
1274 5879 1377 5944 εἰδῇ
1397 5882 1679 5942 τις,ιηοιὶιιε
1695 5895 1841 5946 quam

121 5944 330 5998 κου-ει.
374 5943 459 5990 κᾶν
478 5942 585 6006 ᾔδει
607 5942 691 5998 τις.

1969 433 2064 472 του
2093 415 2218 488 ῥίζα
2243 418 2336 471 καὶ
2358 416 2614 481 ὑπόθεσίς
2643 420 2790 470 ἐστιν
2819 419 2853 487 ἡ
2882 417 3130 486 ἀπόνοια,
3159 419 3260 474 κᾶν
3287 421 3400 494 εἰδῇ
3434 439 3518 488 τις
3542 439 3643 493 με.

1969 507 2247 578 τριάζειν,
2275 508 2336 560 οὐ
2373 507 2574 578 πολλὴν
2616 508 2742 580 περὶ
2775 507 2836 560 16
2879 511 3109 579 πρᾶγμα
3150 513 3432 582 ποιήσεται
3467 531 3632 568 σπου-

1971 593 2085 664 δήν.
2117 594 2274 658 Τίνος
2309 594 2418 666 γὰρ
2460 594 2666 654 ἕνεκεν,
2696 595 2814 648 εἰπέ
2851 611 2962 664 μοι,
3003 597 3126 658 τοὺς
3168 595 3392 662 πολλοὺς
3424 601 3640 664 οἰκέτας

1968 683 2278 753 περιάγεις,
2319 685 2449 747 τούς
2476 683 2846 755 παρασίτους,
2883 684 3008 746 τούς
3049 683 3304 748 κόλακας,
3349 685 3443 756 τὴν
3473 688 3638 758 ἀλλην

1965 770 2183 824 ἃπασαν
2212 771 2548 840 φαντασίαν;
2575 771 2648 824 Οὐ
2671 770 2860 842 χρείας
2884 771 3088 834 ἕνεκεν,
3121 773 3234 825 ἀλλ’
3262 775 3518 838 ἀπονοίας
3551 776 3642 845 μό-

1964 876 2062 928 νης
2085 899 2099 922 ,
2130 859 2214 912 ἵνα
2244 859 2351 912 ἀπὸ
2380 858 2583 912 τούτων
2617 859 2938 928 σεμνότερος
2976 859 3084 913 τῶν
3135 860 3309 914 ἄλλων
3335 862 3637 933 ἀνθρώπων

1964 939 2104 999 εἶναι
2129 945 2312 1017 δοκῇς.
2351 945 2559 1010 ’Ἄλλως
2583 946 2639 1000 δέ
2671 942 2810 999 οἶδεν
2845 947 2905 999 οὐ
2941 947 3321 1018 κεκωλυμένον
3351 948 3442 1002 τὸν
3471 949 3638 1004 πλοῦ-

1961 1050 2077 1096 τον,
2117 1034 2211 1087 ἐάν
2247 1050 2332 1096 τις
2363 1033 2514 1104 αὐτῷ
2555 1033 2636 1096 εἰς
2659 1032 2776 1086 δέον
2824 1030 3164 1104 κεχρημένος
3295 1035 3506 1108 Ὠσπερ
3527 1037 3636 1108 γάρ

1963 1115 2139 1186 εἷπον,
2169 1121 2230 1173 οὐ
2259 1121 2426 1174 κακὸν
2449 1123 2478 1173 6
2514 1117 2682 1184 οἶνος,
2716 1120 2850 1174 ἀλλά
2891 1122 3059 1174 κακὸν
3094 1123 3126 1192 ἡ
3165 1123 3335 1194 μέθη·
3369 1123 3542 1188 οὓτως
3574 1127 3634 1179 οὐ

1963 1207 2129 1260 κακὸν
2159 1209 2188 1260 6
2218 1207 2467 1272 πλοῦτος.
2500 1208 2636 1261 ἀλλά
2668 1208 2835 1261 κακόν
2859 1211 2891 1280 ἡ
2925 1209 3227 1274 πλεονεξία,
3260 1213 3428 1265 κακὸν
3454 1214 3486 1283 ή
3514 1213 3638 1282 φιλ-

1961 1294 2221 1365 αργυρία.
2267 1293 2494 1364 Ἕτερον
2544 1294 2904 1366 φιλάργυρος,
2935 1298 3030 1348 καὶ
3071 1297 3256 1366 ἕτερον
3289 1299 3576 1364 πλούσιος·
3610 1303 3640 1356 6

1962 1381 2296 1452 φιλάργυρος
2339 1382 2440 1434 οὐκ
2489 1380 2606 1434 ἐστι
2642 1381 2898 1446 πλούσιος
2922 1421 2938 1445 ,
2986 1384 3015 1435 6
3053 1383 3384 1456 φιλάργυρος
3426 1387 3639 1440 πολλῶν

1959 1467 2158 1521 δεῖται·
2190 1469 2218 1520 6
2244 1467 2303 1521 δὲ
2330 1467 2538 1522 πολλῶν
2574 1468 2826 1538 δεόμενος
2853 1469 2952 1522 οὐκ
2980 1468 3047 1522 ἂν
3075 1472 3399 1542 εὐπορήσειέ
3427 1491 3554 1528 ποτε
3586 1477 3634 1530 ⁸.

1972 1554 2032 1608 '0
2059 1555 2395 1628 φιλάργυρος
2423 1555 2616 1626 φύλαξ,
2645 1558 2707 1610 οὐ
2735 1557 3003 1628 δεσπότης
3038 1560 3156 1612 ἐστὶ
3181 1559 3288 1614 τῶν
3315 1578 3418 1632 χρη
3429 1563 3634 1632 μάτων,

1961 1645 2168 1712 δοῦλος,
2191 1651 2252 1702 οὐ
2282 1649 2468 1721 κύριος
2494 1649 2608 1722 [27]
2632 1651 3000 1722 εὐκολώτερον
3034 1655 3143 1724 γὰρ
3167 1654 3275 1707 τῶν
3303 1656 3466 1708 αὐτοῦ
3494 1673 3632 1726 σρα-

1961 1731 2076 1783 κῶν
2099 1732 2354 1803 μεταδοίη
2372 1735 2477 1786 τινὶ
2493 1735 2524 1806 ἢ
2541 1734 2631 1786 τοῦ
2656 1735 3077 1806 κατωρυγμένου
3101 1737 3344 1807 χρυσίου.
3376 1739 3484 1792 Καὶ
3503 1737 3634 1790 καθ-

1962 1813 2106 1884 άπερ
2133 1814 2276 1878 τινος
2304 1815 2680 1878 ἐπιτάττοντος
2700 1822 2792 1870 καὶ
2817 1817 3129 1882 κελεύοντος
3148 1821 3374 1892 μηδενὸς
3389 1821 3632 1890 ἅψασθαι

1962 1893 2070 1946 τῶν
2102 1896 2500 1966 ἀποκειμένων·
2549 1897 2692 1950 οὕτω
2745 1901 2882 1970 μετά
2931 1901 3113 1972 πάσης
3157 1903 3444 1972 ἀκριϐείας
3493 1903 3635 1958 αὐτά

1960 1979 2118 2047 τηρεῖ
2145 1978 2238 2030 καὶ
2265 1979 2489 2048 κατέχει
2521 1978 2775 2050 καθάπερ
2818 1981 3114 2052 ἀλλοτρίων
3149 1983 3484 2056 ἀπεχόμενος
3523 1985 3633 2040 τῶν

1960 2065 2174 2118 οἰκείων
2200 2064 2250 2120 ιι.
2295 2066 2404 2120 Kal
2447 2067 2554 2136 γάρ
2589 2068 2737 2120 ἐστιν
2779 2069 2946 2126 ὅντως
2993 2071 3269 2136 ἀλλότρια·
3305 2072 3342 2126 ἆ
3389 2073 3498 2144 γὰρ
3553 2075 3636 2136 εἰς

1955 2159 2174 2232 ἐτέρους
2198 2157 2480 2212 ἐκϐάλλειν
2499 2159 2600 2210 οὐκ
2626 2158 2692 2212 ἂν
2719 2157 2913 2221 ἕλοιτο,
2939 2158 3057 2210 οὐδὲ
3083 2161 3196 2221 τοῖς
3223 2157 3496 2226 δεομένοις
3521 2157 3638 2211 δια-

1953 2250 2157 2317 νεῖμαι,
2187 2245 2289 2299 κᾶν
2325 2246 2524 2316 μυρίας
2551 2243 2818 2314 ὑποσταίη
2849 2245 3140 2316 τιμωρίας,
3182 2244 3298 2307 πῶς
3327 2244 3393 2298 ἂν
3421 2244 3634 2298 δύναιτο

1951 2332 2124 2386 ταῦτα
2155 2331 2260 2386 ίδια
2285 2331 2527 2402 νομίζειν
2554 2325 2730 2395 εἶναι;
2768 2331 2890 2394 Πῶς
2937 2331 2992 2384 δέ
3027 2331 3138 2400 ἔχει
3181 2331 3280 2402 τὴν
3315 2332 3528 2403 κτῆσιν,
3560 2326 3634 2384 ὧν

1953 2421 2052 2492 τὴν
2081 2419 2278 2490 χρῆσιν
2301 2418 2401 2472 οὐκ
2433 2417 2546 2488 ἔχει
2588 2417 2726 2488 μετά
2755 2417 2969 2480 ἀδείας,
3005 2417 3124 2470 οὐδέ
3157 2416 3254 2488 τὴν
3295 2418 3632 2478 ἀπόλαυσιν;

1954 2508 2099 2581 Πρὸς
2130 2508 2187 2560 δέ
2223 2505 2436 2570 τούτοις
2479 2505 2540 2558 οὐ
2589 2507 2723 2558 πᾶσι
2771 2505 2948 2558 πάντα
2999 2507 3308 2559 ἐπιτάττειν
3345 2509 3373 2560 ὁ
3425 2507 3634 2571 Παῦλος

1954 2599 2163 2661 εἴωθεν,
2189 2595 2327 2650 ἀλλά
2368 2597 2462 2649 καί¹
2499 2597 2564 2666 τῇ
2601 2595 2708 2648 τῶν
2739 2594 3044 2648 ἀκουόντων
3073 2593 3328 2667 ἀσθενείᾳ
3359 2613 3635 2662 συγκατα-

1955 2686 2152 2752 ϐαίνει,
2187 2685 2442 2756 καθάπερ
2477 2680 2570 2737 οῦν
2615 2683 2708 2736 καὶ
2747 2685 2774 2736 6
2810 2682 3045 2754 Χριστὸς
3089 2684 3334 2753 ἐποίησε.
3389 2684 3497 2738 Καὶ
3527 2685 3638 2756 γάρ

1953 2775 2148 2845 ἐκείνῳ
2191 2772 2271 2842 τῷ
2322 2770 2563 2840 πλουσίῳ
2610 2769 2981 2842 προσελθόντι,
3020 2769 3112 2823 καὶ
3155 2770 3284 2841 περί
3336 2770 3436 2839 τῆς
3491 2771 3638 2842 ζωῆς

1953 2861 2102 2932 αὐτῷ
2145 2859 2510 2930 διαλεγομένῳ
2538 2859 2639 2910 οὐκ
2661 2852 2834 2915 εἶπεν.
2873 2858 3092 2925 ’Υπαγε
3113 2897 3126 2920 ,
3151 2857 3399 2928 πώλησόν
3434 2874 3528 2912 σου
3563 2859 3635 2912 τὰ

1955 2951 2290 3021 ὑπάρχοντα.
2317 2946 2434 3000 ἀλλ’
2451 2947 2609 3014 ἀφεὶς
2636 2945 2816 3008 τοῦτο,
2842 2946 2972 3016 περὶ
2995 2944 3199 3015 ἐτέρων
3229 2946 3379 3015 αὐτῷ
3404 2945 3639 3002 ἐντολῶν

1952 3037 2222 3106 διελέγετο
2249 3051 2262 3064 ·
2297 3034 2417 3088 εἶτα
2448 3032 2634 3104 ἐπειδὴ
2655 3034 2860 3095 ἐκεῖνος
2893 3031 3056 3086 αὐτὸν
3084 3033 3514 3104 προεκαλέσατο,
3541 3033 3639 3089 καί

1955 3141 2118 3195 φησιν
2137 3139 2151 3154 ·
2180 3122 2246 3176 Τί
2275 3120 2356 3176 ἔτι
2404 3137 2493 3192 μοι
2519 3119 2730 3184 λείπεις
2763 3118 2884 3172 οὐδέ
2928 3118 3051 3172 τότε
3097 3119 3286 3184 ἁπλῶς
3314 3116 3488 3186 εἶπεν,
3517 3120 3638 3174 Πώ-

1953 3211 2120 3283 λησὸν
2155 3227 2248 3264 σου
2273 3209 2342 3263 τὰ
2365 3208 2702 3279 ὑπάρχοντα,
2729 3207 2864 3271 ἀλλ’,
2897 3209 2968 3262 Εἰ
2996 3205 3190 3273 θέλεις
3213 3208 3443 3275 τέλειος
3461 3205 3635 3275 εἶναι,

1952 3300 2147 3369 ὕπαγε
2169 3338 2186 3362 ,
2216 3295 2510 3364 πώλησόν
2550 3309 2668 3348 σου
2716 3294 2790 3348 τὰ
2817 3293 3169 3363 ὑπάρχοντα
3187 3310 3201 3324 ·
3233 3295 3326 3348 ἐπὶ
3356 3298 3422 3366 τῇ
3453 3298 3518 3366 σῇ
3551 3297 3638 3350 τί-

1954 3387 2090 3458 θημι
2117 3384 2308 3456 γνώμῃ
2329 3424 2344 3449 ,
2395 3385 2454 3437 σέ
2483 3383 2673 3452 κύριον
2717 3381 2856 3436 ποιῶ
2892 3381 2992 3449 τῆς
3042 3383 3418 3454 προαιρέσεως
3461 3385 3506 3451 ί,
3538 3385 3638 3440 οὐκ

1953 3477 2034 3540 εἰς
2059 3475 2306 3543 ἀνάγκην
2338 3471 2478 3540 ἄγω.
2507 3470 2606 3524 Διά
2627 3470 2796 3526 ’τοῦτο
2826 3470 2920 3524 καὶ
2953 3470 3162 3534 Παῦλος
3189 3471 3342 3525 οὐδὲν
3373 3475 3502 3544 περὶ
3539 3489 3639 3526 πε-

1952 3563 2073 3626 νίας
2110 3564 2222 3624 τοῖς
2269 3558 2558 3613 πλουτοῦσι
2590 3558 2883 3626 διελέγετο,
2939 3557 3078 3610 ἀλλά
3119 3559 3248 3630 περὶ
3274 3577 3638 3632 ταπεινοφρο-

1954 3651 2142 3722 σύνης,
2174 3649 2263 3703 διά
2284 3665 2346 3702 τε
2369 3648 2468 3718 τὴν
2497 3645 2784 3700 ἀσθένειαν
2811 3645 2918 3698 τῶν
2949 3643 3275 3710 ἀκουόντων,
3302 3648 3399 3700 καὶ
3423 3647 3484 3700 16
3508 3648 3640 3717 σφό-

1952 3738 2054 3810 δρα
2079 3737 2297 3800 εἰδέναι,
2329 3737 2410 3790 ὃτι
2443 3735 2506 3788 16
2537 3733 2850 3805 μετριάζειν
2875 3732 2970 3786 καὶ
3000 3732 3259 3796 ἀπονοίας
3283 3733 3635 3806 ἀπηλλάχθαι

1954 3828 2172 3899 ποιήσει
2201 3825 2411 3896 ταχέως
2434 3823 2632 3886 αὐτοὺς
2657 3822 2752 3876 καὶ
2785 3822 2882 3892 τῆς
2908 3821 3040 3893 περί⁹
3064 3819 3158 3874 τοῦ
3189 3821 3440 3876 πλουτεῖν
3463 3825 3641 3878 ἀπαλ-

1953 3916 2186 3986 λαγῆναι
2235 3912 2493 3982 σπουδῆς.
2529 3907 2664 3965 Εἶτα
2715 3910 3055 3982 παραινέσας
3099 3909 3174 3980 μὴ
3221 3909 3637 3984 ὑψηλοφρονεῖν,

1953 4000 2202 4070 ἐδίδαξεὶ
2244 4001 2339 4056 καὶ
2370 4000 2462 4054 16v
2492 3998 2713 4070 τρόπον,
2743 3998 2866 4051 καθ’
2913 3997 2973 4050 ὃν
3021 3997 3343 4067 δυνήσονται
3380 3999 3456 4068 μὴ
3501 3999 3640 4071 ὕψη-

1951 4091 2251 4164 λοφρονεῖν.
2292 4089 2389 4152 Τίς
2419 4087 2477 4142 δὲ
2513 4079 2668 4150 οὗτός
2710 4087 2895 4149 ἐστινς
2930 4085 2994 4138 Εἰ
3023 4083 3118 4137 τοῦ
3153 4084 3382 4138 πλούτου
3414 4085 3514 4157 τὴν
3540 4087 3642 4157 φύ-

1954 4197 2038 4233 σιν
2068 4175 2458 4248 καταμάθοιεν,
2492 4175 2568 4239 ὡς
2599 4173 2792 4245 ἄδηλός
2835 4173 2918 4234 τίς
2959 4173 3074 4225 ἐστι
3111 4173 3206 4226 καί
3243 4173 3507 4238 ἄπιστος,
3552 4173 3641 4230 διά

1951 4265 2108 4320 τοῦτο
2147 4265 2416 4336 ἐπήγαγε·
2453 4261 2622 4330 Μηδὲ
2660 4259 2978 4330 ἠλπικέναι
3021 4259 3120 4313 ἐπὶ
3171 4261 3442 4315 πλούτου
3477 4261 3640 4329 ἀδη-

1950 4355 2179 4422 λότητι.
2228 4351 2490 4415 Πλούσιός
2519 4351 2668 4404 ἐστιν
2693 4350 2791 4420 οὐχ
2818 4351 2847 4401 6
2876 4348 3047 4401 πολλά
3074 4350 3436 4420 κεκτημένος,
3469 4350 3584 4404 ἀλλ’
3608 4353 3639 4404 6

1951 4442 2123 4496 πολλά
2150 4441 2355 4504 διδούς·
2399 4439 2651 4502 πλούσιος
2699 4434 2767 4509 ἦν
2803 4439 2832 4490 6
2875 4437 3149 4510 Ἀϐραὰμ,
3185 4438 3300 4492 ἀλλ’
3337 4440 3399 4492 οὐ
3447 4440 3639 4512 φιλάρ-

1949 4548 2116 4603 γυρος
2142 4547 2156 4562 ·
2184 4531 2246 4583 οὐ
2291 4529 2401 4601 γάρ
2429 4527 2784 4600 περιεσκόπει
2815 4526 2914 4596 τὴν
2956 4526 3048 4580 τοῦ
3092 4527 3260 4591 δεῖνος
3289 4527 3486 4594 οἰκίαν,
3517 4529 3637 4581 οὐδὲ

133 4614 317 4666 Εέπει
347 4614 497 4663 τινος
525 4614 712 4653 ενεκεν
734 4614 890 4664 ουαιὲ
921 4614 1292 4666 σησαυριςειν
1323 4614 1477 4666 φησι·
1511 4614 1611 4686 mi"
1651 4614 1723 4649 ου
1759 4614 1847 4690 Τί·
1909 4669 1918 4684 η
1949 4617 2367 4690 περιειργάζετο
2400 4617 2500 4688 τὴν
2530 4615 2626 4669 τοῦ
2672 4616 2844 4679 δεῖνος
2871 4615 3092 4668 οὐσίαν·
3125 4615 3241 4668 ἀλλ’
3289 4614 3448 4680 ἐξιὼν
3485 4633 3639 4685 περι-

127 4682 380 4736 νώσκει
411 4682 530 4735 τίνι
556 4679 811 4744 συνάξει
831 4677 1004 4734 (³⁷)τώ
1036 4679 1116 4732 δτι
1141 4679 1172 4730 ὁ
1199 4677 1300 4748 μὲν
1329 4677 1490 4739 πόνος
1523 4675 1704 4745 δηλοςν
1731 4678 1764 4746 ἡ
1793 4677 1848 4730 οὲ
1895 4711 1912 4725 ⁸
1950 4695 2174 4748 εσπίόπει
2211 4703 2282 4748 μή
2331 4717 2432 4748 που
2469 4699 2649 4748 Ξένος.
2679 4701 2750 4748 μή
2787 4716 2888 4748 που
2917 4700 3086 4748 πένης
3111 4740 3124 4748 .
3155 4698 3294 4748 ὥστε
3346 4697 3636 4748 διορθῶσαι

1950 4695 2174 4754 εσκ’όπει
2209 4703 2284 4772 μή
2331 4717 2432 4753 που
2469 4699 2649 4765 ξένος,
2677 4701 2750 4770 μή
2787 4716 2888 4751 που
2917 4700 3086 4769 πένης
3111 4740 3124 4765 ,
3155 4698 3294 4752 ὥστε
3346 4697 3636 4770 διορθῶσαι

1948 4785 2050 4854 τὴν
2093 4784 2321 4847 πενίαν,
2370 4783 2512 4836 ὥστε
2557 4781 2919 4846 ὐποδέξασθαι
2964 4783 3056 4836 16v
3105 4783 3304 4852 όδίτην.
3344 4782 3419 4835 Οὐ
3449 4781 3637 4852 χρυσῷ

1949 4866 2041 4920 16v
2101 4867 2299 4939 δροφον
2327 4865 2570 4936 ἤλειφεν,
2604 4864 2742 4918 ἀλλά
2780 4865 2932 4936 παρὰ
2967 4866 3067 4936 τήν
3117 4863 3248 4934 δρῦν
3287 4863 3502 4932 ἐκείνην
3535 4863 3636 4934 τήν

1952 4949 2196 5021 καλύϐην
2225 4951 2560 5021 πηξάμενος,
2586 4952 2652 5020 τῇ
2687 4949 2795 5003 τῶν
2828 4948 3042 5018 φύλλιον
3073 4949 3296 5018 ἠρκεῖτο
3331 4948 3462 5018 σκιᾷ
3484 4964 3499 4978 ·
3541 4949 3636 5002 καὶ

1949 5029 2096 5085 οὕτω
2122 5031 2377 5104 λαμπρόν
2403 5026 2472 5102 ἦν
2507 5030 2658 5100 αὐτῷ
2690 5031 2751 5084 16
2789 5029 3161 5098 καταγώγιον,
3191 5029 3267 5091 ὼς
3299 5027 3436 5100 μηδὲ
3468 5029 3636 5099 ἀγγέ-

1948 5114 2078 5178 λους
2128 5116 2556 5186 ἐπαισχυνθῆναι
2602 5115 2702 5185 τήν
2748 5116 2879 5185 παρ’
2923 5113 3116 5184 ἐκείνῳ
3163 5114 3331 5182 μονήν
3358 5128 3372 5142 ·
3425 5113 3486 5166 οὐ
3524 5113 3635 5185 γάρ

1949 5197 2313 5269 λαμπρότητα
2369 5197 2549 5260 οἰκίας
2607 5194 2936 5265 ἐπεζήτουν,
2986 5193 3120 5246 ἀλλὰ
3181 5193 3360 5265 ψυχῆς
3406 5194 3630 5266 ἀρετήν.

1951 5279 2155 5333 Τοῦτον
2193 5279 2259 5351 δὴ
2308 5279 2404 5333 καὶ
2452 5281 2613 5350 ἡμεῖς
2654 5274 3044 5349 μιμησώμεθα,
3091 5275 3388 5346 ἀγαπητοὶ,
3422 5274 3520 5329 καὶ
3561 5279 3632 5329 τὰ

1948 5362 2078 5416 ὄντα
2101 5365 2183 5426 εἰς
2203 5363 2329 5425 τοὺς
2349 5361 2640 5432 δεομένους
2660 5357 3060 5430 άναλίσκωμεν.
3097 5359 3540 5430 Ἐσχεδιασμένον
3563 5353 3634 5430 ἦν

1949 5448 2126 5500 ἐκεῖνο
2161 5447 2224 5500 16
2253 5443 2622 5514 καταγώγιον,
2651 5441 2788 5498 ἀλλά
2822 5441 2934 5497 τῶν
2961 5442 3259 5514 βασιλικῶν
3291 5443 3470 5498 αὐλῶν
3490 5442 3634 5514 λαμ-

1949 5523 2474 5677 πρὲαἱῗλέὺέἲύδεὶς
2495 5609 2752 5666 οὐδέποτε
2775 5610 3044 5683 ἀγγέλους
3065 5608 3373 5677 ὑπεδέξατο,
3394 5611 3423 5663 6
3447 5609 3505 5664 δὲ
3531 5611 3640 5666 ὐπὸ

2015 5755 2040 5832 ς
2069 5755 2310 5832 §gxil.~el‘
2320 5756 2409 5832 .a'lii
2432 5755 2598 5832 οὐκέν
2617 5755 2818 5832 τύπορος
2849 5756 2924 5832 dy
2946 5756 3082 5804 ποτέ.

2015 5818 2044 5856 ³·
2064 5817 2166 5869 Alii
2181 5819 2279 5867 τῶν
2297 5818 2446 5868 ἰδίων.
2472 5816 2600 5868 Infra
2620 5816 2706 5866 alii
2730 5816 2938 5878 ὐποστῇ.

2023 5879 2041 5944 i_
2069 5880 2154 5944 Sjc
2170 5880 2378 5944 maxim;
2396 5893 2511 5944 pars
2526 5893 2646 5929 mss.
2660 5877 2817 5944 εαξη.
2833 5871 3000 5944 εμὶεπι
3023 5883 3075 5944 ςι
3088 5871 3268 5944 ’κοτε-ρ.
3281 5874 3365 5944 τῆς
3387 5871 3644 5934 αἱρέσεως,

2025 5939 2044 5994 ἰ
2083 5941 2270 5995 Omnes
2292 5931 2490 6003 ἰδίδὲιει,
2512 5949 2695 6005 prmer
2717 5938 2894 5990 more].
2919 5937 3001 6000 qui
3023 5937 3173 5986 habcl
3197 5931 3358 5979 lauta.
