4074 6218
212 300 270 355 tt
1140 298 1234 354 AD
1273 295 1594 353 POPUMJM
1623 293 2119 353 ANTIOCIIENUM
2181 293 2410 350 IIOMIL.
2452 294 2514 349 ιι.
3414 303 3484 357 η

211 424 452 469 ornatum
482 423 538 469 et
565 412 778 469 divitias
802 415 856 468 in
886 414 1000 484 ipso
1031 415 1291 483 repositas
1317 411 1418 467 hoc
1447 423 1667 466 munere
1685 422 1791 480 po-

213 507 356 559 titus.
389 505 454 560 Et
483 519 582 559 nos
611 505 770 575 igitur
808 519 877 558 ne
921 504 1110 559 domos
1156 517 1408 558 ornemus
1431 544 1446 568 ,
1476 503 1570 556 sed
1620 501 1796 571 potius

209 613 368 667 quam
399 597 615 652 domum
644 597 876 652 animam
915 605 1172 651 nostram.
1205 595 1480 665 Quomodo
1509 595 1652 650 enim
1691 608 1795 647 non

211 698 398 758 turpe,
429 687 784 742 marmoribus
817 687 1047 755 parietes
1073 685 1268 741 frustra
1308 679 1590 741 et'temere
1615 692 1799 739 conte-

207 792 359 846 gere,
386 777 652 831 Christum
678 792 806 832 vero
833 777 1029 831 nudum
1056 778 1472 831 circumeuntem
1496 775 1799 845 negligere?

209 885 329 938 quae
357 869 447 923 tibi
477 869 668 924 domus
696 870 913 932 utilitas,
947 870 1144 924 homo?
1171 870 1424 940 numquid
1458 870 1600 924 enim
1630 869 1797 938 ipsam

212 969 388 1014 tecum
413 960 615 1015 ducens
647 960 859 1015 abibis?
885 961 998 1015 Non
1034 962 1170 1016 hanc
1201 971 1372 1016 tecum
1405 960 1580 1016 ferens
1607 961 1795 1028 abibis,

211 1054 445 1105 animam
465 1067 592 1107 vero
621 1053 841 1108 omnino
871 1053 1042 1109 ferens
1067 1053 1340 1123 migrabis.
1366 1053 1503 1108 Ecce
1529 1067 1669 1107 nunc
1698 1053 1800 1108 tale

213 1157 314 1196 nos
335 1145 546 1212 excepit
585 1145 876 1213 periculum
907 1162 922 1199 :
953 1145 1204 1200 assistant
1246 1146 1399 1201 nobis
1433 1147 1623 1201 domus
1645 1188 1661 1214 ,
1687 1147 1800 1201 sol-

212 1242 341 1287 vant
372 1235 662 1303 periculum
707 1235 860 1290 nobis
890 1237 1209 1304 imminens;
1242 1238 1336 1293 sed
1381 1254 1485 1292 non
1530 1248 1797 1307 poterunt.

213 1325 324 1380 Vos
355 1327 453 1395 ipsi
476 1326 600 1380 mihi
633 1337 793 1383 testes
827 1330 988 1394 estis,
1018 1329 1259 1386 desertas
1291 1346 1381 1386 eas
1425 1331 1800 1401 derelinquen-

214 1427 329 1481 tcs,
361 1428 414 1472 et
442 1417 506 1471 ad
536 1418 877 1475 solitudinem
913 1421 1249 1489 exsilientcs,
1278 1431 1544 1493 tamquam
1581 1423 1801 1492 laqueos

210 1517 268 1561 ct
311 1509 442 1562 retia
485 1525 576 1563 eas
601 1512 867 1567 timentes.
897 1512 1236 1581 Opitulentur
1279 1529 1420 1569 nunc
1443 1514 1674 1578 divitiae;
1706 1513 1800 1568 sed

211 1599 666 1667 Opportunitatem
696 1618 801 1656 nun
825 1602 1043 1658 habent.
1065 1604 1214 1670 Quod
1244 1605 1288 1659 si
1311 1605 1396 1660 ubi
1429 1603 1657 1660 hominis
1685 1605 1760 1659 ira
1781 1646 1798 1672 ,

212 1691 560 1758 pecuniarum
595 1693 677 1746 vis
717 1704 998 1763 superatur
1021 1737 1035 1762 ,
1060 1697 1226 1750 multo
1255 1697 1422 1766 magis
1459 1697 1513 1750 in
1541 1695 1732 1750 divino.
1749 1704 1802 1750 et

213 1781 535 1852 implacabili
569 1784 770 1852 judicio
811 1787 910 1841 hoc
944 1787 1050 1841 fiet.
1081 1789 1137 1842 Si
1166 1787 1326 1842 homo
1355 1797 1436 1843 est
1464 1789 1551 1857 qui
1581 1802 1798 1844 exacer-

213 1871 402 1936 batur,
432 1883 484 1928 et
518 1890 658 1945 a‘gre
689 1875 820 1940 fert,
849 1888 903 1932 et
929 1878 1057 1934 nihil
1080 1880 1237 1934 nobis
1276 1895 1418 1935 nunc
1449 1895 1634 1935 aurum
1676 1895 1800 1950 pro-

212 1964 339 2018 dest
369 1983 382 2018 :
412 1966 581 2020 multo
614 1968 782 2039 magis
823 1969 1085 2026 irascente
1118 1971 1225 2026 Deo
1248 2011 1262 2034 ,
1293 1971 1384 2042 qui
1423 1973 1658 2041 pecuniis
1695 1986 1801 2026 non

215 2055 440 2126 indiget,
470 2058 584 2111 auri
611 2059 846 2127 potentia
887 2061 1096 2129 penitus
1120 2072 1422 2119 evanescct.
1453 2064 1646 2117 Domus
1671 2063 1801 2117 aedi-

210 2145 440 2200 ficamus
463 2187 479 2212 ,
512 2157 568 2202 ut
607 2147 906 2205 habitemus
929 2193 944 2216 ,
990 2169 1094 2207 non
1131 2161 1188 2207 ut
1229 2153 1617 2223 superhiamns.
1646 2153 1799 2221 Quod

206 2239 594 2295 necessitatem
629 2243 868 2310 excedit,
897 2245 1224 2314 superfluum
1262 2254 1344 2301 est
1367 2255 1421 2300 et
1448 2245 1645 2300 inutile.
1681 2245 1803 2299 Cal-

206 2345 378 2384 ceare
413 2333 644 2388 calceum
674 2334 807 2403 pede
837 2339 1124 2405 majorem,
1153 2337 1248 2393 sed
1285 2353 1388 2392 non
1432 2337 1722 2400 tolerabis;
1754 2346 1804 2392 te

205 2419 362 2474 enim
393 2421 457 2474 ad
496 2439 734 2490 gressum
765 2425 986 2496 impedit
1012 2444 1028 2482 :
1059 2430 1135 2483 sic
1175 2436 1231 2484 et
1270 2428 1463 2483 domus
1493 2427 1805 2482 necessitate

207 2512 423 2578 major,
457 2513 509 2566 in
555 2515 717 2569 cados
756 2517 1033 2571 transitum
1085 2518 1324 2588 impedit.
1351 2517 1444 2572 Vis
1484 2533 1702 2587 magnas
1751 2528 1807 2570 et

205 2599 529 2668 splendidas
557 2602 743 2658 domos
772 2605 1074 2661 aedificare?
1102 2624 1207 2662 non
1248 2606 1532 2676 prohibeo,
1562 2605 1656 2660 scd
1699 2622 1804 2660 non

205 2706 386 2761 super
429 2701 623 2748 terram
657 2713 670 2748 :
699 2696 903 2752 :edifica
953 2699 1290 2753 tabernacula
1331 2699 1385 2752 in
1420 2698 1568 2754 caelis
1592 2738 1607 2762 ,
1655 2706 1707 2751 ut
1753 2705 1807 2750 et

202 2782 356 2837 alios
382 2785 625 2853 excipere
656 2789 846 2855 possis,
870 2789 1204 2843 tabernacula
1236 2803 1521 2858 numquam
1551 2785 1806 2842 deficien-

208 2875 316 2926 tia.
343 2875 479 2940 Quid
527 2876 726 2931 insanis
763 2881 902 2934 circa
948 2879 1198 2950 fugientia
1223 2919 1239 2946 ,
1269 2889 1324 2936 ct
1364 2879 1451 2934 hic
1494 2877 1808 2934 manentia?

203 2965 363 3020 Nihil
386 2967 584 3021 divitiis
610 2970 877 3024 fallacius:
903 2970 1062 3026 hodie
1091 2981 1284 3036 tecum,
1304 2981 1356 3026 et
1384 2986 1501 3026 cras
1521 2981 1702 3025 contra
1733 2980 1804 3032 te.

209 3057 526 3111 invidorum
600 3059 783 3114 oculos
845 3070 1055 3115 armant
1110 3061 1343 3132 undique
1383 3079 1397 3115 :
1443 3062 1626 3116 hostes
1685 3071 1809 3115 sunt

205 3149 630 3204 contubernales
651 3191 666 3213 ,
698 3151 897 3206 inimici
924 3152 1201 3207 domestici
1233 3171 1246 3206 :
1275 3161 1329 3206 ct
1355 3168 1447 3207 vos
1477 3152 1808 3222 possidentes

210 3250 386 3294 testes
405 3282 420 3305 ,
452 3241 542 3311 qui
571 3243 713 3296 omni
745 3243 903 3298 modo
929 3245 1070 3314 ipsas
1101 3245 1334 3300 infoditis
1362 3255 1417 3300 et
1444 3244 1804 3300 absconditis:

205 3333 473 3402 quoniam
505 3343 557 3387 et
595 3350 735 3389 nunc
761 3335 915 3390 nobis
948 3335 1238 3406 periculum
1267 3336 1650 3391 intolerabilius
1670 3336 1802 3391 divi-

210 3424 310 3477 tia:
346 3422 569 3478 faciunt.
597 3424 728 3480 Nam
763 3427 940 3482 cernis
969 3443 1229 3497 pauperes
1263 3428 1474 3498 quidem
1511 3429 1808 3484 succinctos

208 3522 272 3567 et
303 3514 584 3582 expeditos
611 3515 676 3568 ad
698 3517 872 3571 omnia
897 3528 1139 3584 paratos;
1166 3517 1359 3572 divites
1385 3527 1560 3572 autem
1587 3519 1805 3572 multam

210 3605 482 3660 habentes
507 3605 894 3673 difficultatem,
925 3616 979 3662 et
998 3609 1408 3672 circumeuntes,
1432 3617 1486 3662 et
1510 3618 1810 3678 quaerentes

209 3694 309 3749 ubi
336 3711 528 3750 aurum
552 3695 827 3763 infodiant,
851 3707 1150 3767 quaerentes
1174 3698 1311 3767 apud
1338 3713 1494 3768 quem
1521 3697 1806 3767 deponant.

208 3786 360 3852 Quid
391 3786 607 3856 quzeris,
638 3787 820 3853 homo,
850 3789 1175 3843 conservos?
1199 3789 1441 3843 Christus
1463 3798 1564 3842 stat
1593 3788 1658 3842 ad
1688 3803 1808 3843 sus-

205 3879 529 3947 cipiendum
557 3889 792 3948 paratus,
833 3889 888 3934 et
922 3879 988 3935 ad
1017 3880 1256 3951 deposita
1283 3879 1374 3934 tibi
1403 3879 1684 3945 servanda,
1712 3895 1812 3934 nec

208 3981 433 4024 tantum
482 3970 768 4037 servanda,
802 3971 897 4026 sed
935 3973 1093 4026 etiam
1138 3972 1566 4042 multiplicanda.
1593 3983 1647 4028 et
1688 3988 1808 4027 cum

204 4064 396 4119 multo
425 4062 630 4118 faenore
669 4063 938 4118 reddenda
967 4079 980 4116 :
1012 4079 1077 4118 ex
1105 4064 1246 4119 illius
1272 4080 1428 4117 mamt
1451 4080 1606 4118 nemo
1633 4063 1807 4133 eripit.

203 4154 338 4209 Non
383 4163 557 4207 servat
598 4163 772 4208 autem
807 4163 1010 4213 tantum
1037 4153 1277 4223 deposita
1297 4194 1311 4220 ,
1341 4154 1434 4209 sed
1466 4154 1625 4209 etiam
1652 4169 1812 4223 super

205 4245 322 4310 iis,
365 4259 615 4298 securum
660 4243 1016 4314 depositorem
1055 4245 1198 4299 facit.
1241 4246 1294 4299 In
1325 4244 1628 4300 hominibus
1669 4246 1809 4300 enim

203 4338 311 4408 qui
355 4336 600 4406 deposita
640 4337 969 4407 suscipiunt,
1001 4338 1222 4407 gratiam
1262 4352 1321 4391 se
1358 4339 1512 4392 nobis
1559 4348 1812 4408 prmstare

203 4437 437 4497 putant,
462 4427 506 4480 si
531 4427 831 4481 custodiant
857 4443 974 4497 quae
997 4438 1370 4496 susceperunt;
1403 4428 1453 4482 in
1484 4427 1696 4483 Christo
1720 4444 1814 4482 au-

205 4529 332 4571 tem
360 4518 686 4570 contrarium
716 4535 729 4571 :
760 4533 863 4572 nou
895 4518 1032 4573 enim
1059 4518 1279 4588 gratiam
1303 4521 1628 4588 priestitisse,
1649 4536 1706 4574 se
1726 4535 1814 4575 ac-

201 4609 438 4676 cepisse
472 4621 530 4660 se
573 4606 737 4672 dicit,
761 4624 882 4661 cum
908 4608 1147 4677 deposita
1183 4610 1473 4678 susceperit
1499 4620 1616 4663 tua:
1641 4621 1694 4665 et
1719 4627 1813 4680 pro

201 4700 338 4765 ipsa
379 4697 643 4762 custodia,
673 4713 830 4767 quam
853 4700 990 4752 circa
1021 4700 1272 4768 pecunias
1300 4709 1414 4754 tuas
1442 4697 1678 4768 exhibet,
1703 4715 1808 4754 non

199 4807 233 4842 ει
295 4800 353 4843 te
397 4789 697 4844 mercedem
727 4791 953 4860 repetit,
977 4792 1070 4847 sed
1101 4791 1214 4860 ipse
1238 4791 1333 4846 tibi
1371 4791 1464 4847 dat
1489 4791 1808 4847 mercedem.

291 4879 356 4932 6.
391 4878 738 4951 Eleemosyna:
757 4883 967 4952 fructus.
995 4910 1067 4920 —
1089 4879 1200 4948 Qua
1246 4883 1402 4951 igitur
1439 4896 1622 4936 sumus
1655 4899 1814 4937 excu-

195 4972 440 5026 satione
466 4971 610 5041 digni
635 5014 650 5039 ,
681 4988 782 5042 qua
813 4974 984 5038 venia,
1015 4973 1226 5043 quando
1254 4983 1308 5028 et
1335 4974 1600 5030 custodire
1629 4975 1813 5029 valen-

196 5077 335 5116 tem
358 5104 373 5126 ,
405 5074 454 5117 et
492 5078 588 5133 pro
612 5065 848 5119 custodia
879 5066 1072 5136 gratias
1106 5065 1385 5122 habentem
1406 5108 1422 5134 ,
1450 5077 1502 5122 et
1544 5083 1735 5123 arcana
1764 5078 1814 5121 et

195 5169 423 5222 magna
454 5156 668 5223 praemia
697 5171 792 5225 pro
836 5155 937 5211 hac
975 5157 1216 5212 custodia
1257 5158 1562 5214 reddentem
1594 5169 1813 5228 praztcr-

194 5246 511 5300 mittentes
529 5285 543 5308 ,
574 5243 878 5300 hominibus
901 5247 1040 5301 circa
1066 5247 1368 5317 hujusmodi
1397 5249 1689 5304 custodiam
1717 5249 1812 5304 de-

193 5338 461 5402 bilibus,
486 5347 539 5391 et
583 5339 804 5408 gratiam
832 5340 984 5394 nobis
1009 5341 1250 5396 conferre
1288 5357 1348 5397 se
1385 5341 1684 5412 putantibus
1707 5383 1721 5406 ,
1762 5354 1816 5396 et

189 5431 337 5486 sola
381 5428 492 5498 ipsa
519 5445 637 5499 qua:
665 5429 859 5485 dantur
886 5443 1064 5500 postea
1095 5433 1464 5499 reddentibus,
1497 5442 1676 5488 nostra
1702 5442 1813 5487 tra-

189 5521 451 5577 dimus?
477 5520 683 5590 "ospes
727 5538 786 5577 es
829 5524 914 5577 hic
944 5535 996 5578 et
1037 5525 1376 5594 peregrinus;
1403 5524 1622 5594 patriam
1652 5522 1814 5578 habes

193 5615 258 5668 in
329 5610 488 5666 cmlis
516 5630 527 5665 :
559 5612 682 5667 illuc
728 5614 902 5668 omnia
957 5617 1290 5681 transmitte,
1324 5626 1382 5670 ut
1428 5627 1482 5670 et
1531 5624 1813 5686 antequam

185 5701 462 5769 muris,
492 5703 578 5757 hic
614 5708 1009 5762 retributionem
1033 5709 1230 5766 canias.
1262 5709 1361 5777 Qui
1388 5709 1526 5764 enim
1547 5707 1684 5764 bona
1713 5722 1810 5778 spe

550 5791 815 5854 Ρηιιοι..
858 5797 974 5858 Gtt.
1027 5794 1246 5859 XLI).

1904 405 2091 469 alitur,
2126 413 2178 459 et
2207 403 2274 460 de
2299 405 2492 462 futuris
2520 406 2738 463 conﬁdit
2756 450 2771 476 ,
2799 408 2884 466 hic
2904 412 3014 482 jam
3053 430 3273 486 regnum
3296 428 3480 488 gusta-

1903 500 1994 550 vit.
2027 495 2167 551 Nihil
2201 500 2342 552 enim
2397 508 2598 555 tantum
2628 508 2857 557 animam
2897 519 3144 574 reparare
3183 512 3481 576 consuevit,

1903 598 1956 643 ct
1978 589 2252 645 meliorem
2281 590 2474 657 facere,
2499 609 2657 663 quam
2685 594 2822 650 bona
2847 594 3144 652 futurorum
3171 614 3315 668 spes,
3345 602 3388 656 si
3418 617 3484 657 eo

1907 682 2267 738 transmittens
2284 682 2495 739 divitias
2519 685 2710 740 animae
2751 696 2853 742 tute
2881 704 3061 744 curam
3086 705 3206 746 cum
3232 693 3341 748 otio
3363 709 3484 749 con-

1900 772 2112 840 gruenti
2138 774 2330 843 egeris.
2359 773 2489 828 Nam
2516 777 2604 844 qui
2632 777 2864 832 studium
2894 796 3053 835 onme
3083 781 3133 836 in
3157 782 3348 838 domus
3377 801 3486 839 sua:

1903 873 2146 919 ornatum
2188 866 2516 936 impendunt,
2541 870 2594 924 in
2615 872 2965 928 exterioribus
2993 874 3206 943 divites,
3235 877 3486 933 interiora

1906 955 2206 1026 negligunt,
2238 972 2301 1013 ac
2328 958 2587 1015 desertam
2612 1002 2627 1026 ,
2667 962 2998 1032 squalentem
3046 975 3101 1020 et
3125 968 3340 1023 araneis
3373 969 3486 1038 ple.

1906 1061 2028 1100 nam
2055 1047 2289 1102 animam
2321 1063 2468 1103 suam
2494 1049 2791 1121 despiciunt
2818 1070 2831 1106 :
2861 1053 2908 1107 si
2942 1070 3068 1110 vero
3093 1058 3363 1114 exteriora
3389 1075 3486 1115 ηε-

1904 1137 2166 1206 gligentes
2189 1139 2328 1194 circa
2358 1150 2591 1196 mentem
2627 1158 2777 1198 suam
2813 1159 2972 1200 omne
3013 1147 3246 1203 studium
3277 1149 3484 1220 impen-

1905 1227 2100 1297 derint,
2123 1230 2354 1301 undique
2375 1232 2540 1301 ipsam
2562 1245 2834 1302 ornantes,
2859 1237 3254 1296 tabernaculum
3276 1241 3488 1298 Christo

1906 1321 2009 1375 erit
2047 1321 2229 1376 talium
2274 1323 2546 1379 hominum
2591 1327 2810 1383 anima:
2844 1328 3110 1386 Christum
3161 1341 3338 1388 autem
3388 1334 3477 1390 ha-

1905 1413 2064 1468 bente
2091 1413 2514 1483 inbabitatorem,
2548 1419 2673 1488 quid
2697 1435 2948 1490 umquam
2986 1420 3193 1479 felicius
3223 1439 3342 1480 esse
3368 1440 3481 1495 pos-

1906 1503 2033 1556 set?
2061 1502 2149 1558 Vis
2191 1503 2392 1558 ditari?
2418 1508 2646 1560 amicum
2685 1508 2881 1565 habeas
2924 1512 3087 1567 Deum
3111 1555 3128 1580 ,
3155 1521 3210 1569 et
3251 1517 3487 1571 omnium

1906 1592 2197 1650 ditissimus
2235 1596 2361 1650 eris.
2389 1597 2482 1651 Vis
2506 1599 2700 1653 ditari?
2721 1616 2787 1654 ne
2815 1602 2979 1656 altum
3016 1605 3210 1672 sapias.
3245 1605 3356 1661 IIoc
3383 1623 3488 1661 non

1906 1683 1971 1737 ad
2014 1684 2188 1739 futura
2217 1694 2440 1754 tantum,
2471 1688 2562 1743 sed
2586 1690 2744 1744 etiam
2779 1690 2844 1745 ad
2867 1694 3147 1761 prmsentia
3175 1695 3320 1750 utile.
3349 1696 3488 1751 Nihil

1907 1776 2046 1829 enim
2091 1785 2197 1830 tam
2238 1777 2552 1832 invidiosum
2575 1822 2589 1846 ,
2612 1796 2768 1850 quam
2798 1781 2958 1837 homo
2997 1784 3146 1839 dives
3177 1803 3191 1838 :
3221 1802 3339 1840 cum
3362 1803 3490 1841 vero

1906 1867 2153 1936 superbia
2178 1871 2461 1924 accesserit
2481 1912 2496 1936 ,
2525 1873 2716 1941 duplex
2743 1885 2958 1942 paratur
2986 1878 3356 1948 praecipitium,
3382 1880 3487 1934 dii-

1910 1956 2097 2012 ficilius
2135 1959 2201 2013 ab
2227 1962 2471 2016 onmibns
2512 1963 2730 2018 bellum.
2764 1966 2819 2021 Si
2870 1983 2995 2022 vero
3041 1970 3282 2027 modeste
3311 1973 3488 2027 vivere

1908 2048 2128 2116 scieris,
2155 2051 2382 2107 succidis
2431 2053 2727 2111 humilitate
2774 2057 2988 2115 invidia:
3027 2064 3396 2131 tyrannidem,
3436 2077 3485 2122 et

1909 2155 2029 2194 cum
2057 2145 2337 2198 securitate
2380 2143 2544 2199 habes
2579 2161 2926 2216 quaecumque
2964 2149 3146 2208 habes.
3173 2153 3320 2213 Talis
3348 2156 3488 2210 enim

1909 2241 1993 2288 est
2011 2234 2220 2288 virtutis
2249 2244 2454 2302 natura,
2476 2252 2578 2291 non
2609 2237 2675 2293 ad
2698 2238 2872 2294 futura
2903 2256 3002 2296 nus
3030 2252 3229 2298 tantum
3255 2245 3489 2315 adjuvat,

1910 2323 2003 2378 sed
2032 2334 2084 2378 et
2111 2325 2196 2380 hic
2215 2325 2323 2394 jam
2353 2328 2727 2385 retributiones
2752 2333 2970 2400 praebet.
2997 2333 3073 2388 Ne
3095 2334 3253 2404 igitur
3275 2337 3324 2390 in
3355 2336 3490 2392 divi-

1913 2415 1997 2469 tiis
2019 2415 2184 2468 altum
2229 2418 2525 2487 sapiamus,
2556 2419 2650 2475 sed
2685 2437 2783 2477 nec
2811 2423 2864 2476 in
2894 2424 2998 2478 ulla
3037 2425 3136 2479 alia
3164 2443 3242 2482 re.
3271 2427 3326 2483 Si
3347 2429 3487 2484 enim

1914 2506 1964 2560 in
1991 2507 2352 2576 Spiritualibus
2378 2511 2541 2564 altum
2581 2514 2792 2583 sapiens
2828 2513 3021 2570 labitur
3044 2527 3099 2572 et
3122 2520 3288 2587 perit,
3325 2521 3492 2575 multo

1912 2598 2080 2668 magis
2097 2599 2146 2652 in
2168 2600 2802 2672 carnalibus.Cogitemus
2822 2616 3065 2662 naturam
3090 2619 3347 2677 nostram,
3367 2627 3492 2681 pec-

1912 2698 2028 2740 cata
2054 2703 2422 2745 reccnseamus
2444 2734 2460 2758 ,
2495 2692 2762 2750 discamus
2787 2695 2876 2766 qui
2905 2697 3069 2754 simus
3088 2741 3101 2764 ,
3133 2709 3187 2755 et
3211 2699 3313 2756 hoc
3340 2703 3492 2758 nobis

1912 2776 1978 2831 ad
2003 2780 2175 2833 omnis
2192 2781 2501 2837 humilitatis
2528 2787 2800 2841 materiam
2827 2787 3038 2844 sufticit.
3063 2790 3139 2846 Ne
3155 2791 3302 2848 dicas
3324 2793 3450 2848 mihi
3477 2814 3492 2848 :

1914 2867 2014 2922 Tot
2033 2879 2086 2924 et
2102 2879 2177 2924 tot
2196 2886 2453 2927 annorum
2472 2885 2762 2944 proventus
2783 2879 3045 2947 repositos
3066 2879 3256 2947 habeo,
3276 2884 3390 2938 auri
3411 2895 3492 2937 ta-

1914 2959 2055 3013 lenta
2075 2962 2372 3029 innumera,
2395 2964 2537 3018 lucra
2564 2981 2660 3035 per
2684 2967 2916 3037 singulos
2940 2969 3162 3026 adaucta
3176 2971 3308 3027 dies.

1984 3047 2190 3104 Divina:
2235 3068 2388 3122 quam
2439 3055 2614 3123 ﬂama.
2647 3087 2719 3098 —
2762 3056 3198 3131 Quantacumque
3254 3061 3492 3131 dixeris,

1914 3142 2092 3196 omnia
2129 3152 2328 3198 temere
2370 3145 2517 3200 dices
2555 3157 2608 3201 et
2646 3148 2949 3204 incassum:
2980 3166 3124 3222 smpe
3151 3168 3251 3207 una
3280 3152 3410 3209 hora
3439 3165 3493 3214 et

1915 3230 2062 3286 brevi
2103 3233 2358 3303 temporis
2405 3245 2711 3303 momento,
2755 3239 2898 3294 velut
2929 3251 3088 3296 vento
3140 3257 3368 3313 superne
3421 3244 3495 3298 ir-

1915 3331 2102 3376 ruente
2148 3322 2412 3392 jactabilis
2463 3326 2666 3395 pulvis,
2717 3329 2795 3383 sic
2838 3329 2951 3385 haec
2995 3332 3173 3386 omnia
3220 3347 3286 3388 ex
3334 3333 3494 3389 domo

1915 3413 2278 3469 exsufﬂantur.
2303 3415 2372 3470 Et
2400 3415 2587 3472 horum
2617 3420 2769 3474 nobis
2789 3422 3152 3492 exemplorum
3183 3424 3287 3479 vita
3315 3425 3490 3496 plena,

1915 3504 2086 3573 plena:
2127 3521 2256 3560 vero
2289 3506 2576 3578 Scriptura:
2605 3509 3040 3569 documentorum
3067 3533 3078 3568 :
3107 3515 3266 3571 hodie
3311 3517 3492 3585 dives,

1914 3611 2033 3651 cras
2066 3613 2286 3667 pauper.
2319 3600 2520 3656 Idcirco
2566 3602 2760 3670 smpius
2808 3604 2901 3658 risi
2947 3611 3262 3660 testamenta
3312 3607 3493 3678 legens

1915 3688 2142 3743 dicentia
2171 3708 2183 3743 :
2217 3689 2308 3744 Ille
2332 3691 2542 3760 quidem
2579 3691 2769 3747 habeat
2794 3709 3043 3764 agrorum
3070 3696 3152 3750 vel
3180 3695 3372 3753 domus
3396 3698 3493 3753 do-

1919 3780 2158 3848 tninium,
2192 3796 2343 3836 usum
2372 3798 2497 3837 vero
2526 3783 2696 3838 alius:
2730 3799 2916 3839 omnes
2959 3786 3100 3840 enim
3140 3803 3292 3842 usum
3323 3787 3488 3845 habe-

1916 3888 2036 3928 mus
2060 3916 2074 3938 ,
2107 3874 2396 3930 dominium
2445 3886 2622 3931 autem
2667 3893 2842 3934 nemo.
2877 3879 2988 3934 Etsi
3016 3879 3158 3935 enim
3203 3881 3358 3936 nobis
3397 3897 3466 3953 pe

1915 3981 2128 4022 omnem
2176 3978 2520 4038 permaneant
2562 3970 2722 4023 vitam
2774 3970 2972 4025 nullam
3019 3970 3275 4028 facientes
3299 3972 3496 4030 divitia:

1918 4060 2283 4125 mutationem,
2311 4059 2538 4114 velimus
2561 4061 2788 4115 nolimus
2811 4101 2826 4124 ,
2854 4062 2905 4115 in
2939 4061 3042 4115 fine
3069 4062 3186 4116 aliis
3221 4062 3493 4130 cedemus,

1917 4149 2149 4218 ipsarum
2179 4165 2275 4203 usu
2305 4150 2421 4204 solo
2449 4162 2682 4220 recepto,
2714 4151 2950 4206 dominio
2975 4162 3151 4208 autem
3180 4153 3306 4207 nudi
3335 4163 3387 4208 et
3415 4168 3495 4208 or-

1918 4240 2026 4295 bati
2055 4241 2121 4295 ad
2150 4241 2292 4294 illam
2319 4242 2480 4296 vitam
2512 4243 2817 4310 migrantes.
2842 4241 2994 4299 Unde
3023 4243 3358 4300 manifestum
3380 4255 3459 4302 est
3477 4287 3493 4313 ,

1919 4331 2038 4386 illos
2066 4333 2208 4386 solos
2243 4331 2534 4387 dominimn
2579 4333 2776 4390 habere
2796 4377 2810 4402 ,
2841 4335 2930 4405 qui
2977 4344 3031 4390 ct
3077 4335 3310 4405 ipsarum
3341 4353 3492 4393 usum

1917 4434 2351 4494 contempserunt
2373 4467 2388 4493 ,
2418 4437 2473 4480 et
2513 4425 2740 4481 fructum
2767 4427 3088 4483 deriserunt.
3112 4429 3212 4496 Qui
3241 4431 3381 4486 enim
3413 4430 3494 4486 fa-

1918 4517 2198 4572 cultatibus
2237 4517 2492 4586 abjectis,
2543 4518 2683 4586 ipsas
2725 4521 3043 4591 pauperibus
3086 4533 3306 4593 erogat,
3338 4533 3495 4593 prout

1919 4610 2198 4679 oportebat
2228 4609 2561 4664 facultatibus
2589 4625 2718 4664 usus
2746 4621 2849 4677 est,
2875 4623 2928 4666 ct
2950 4612 3180 4682 ipsorum
3202 4613 3491 4668 dominium

1922 4701 2122 4754 habens
2150 4701 2308 4766 obiit,
2337 4716 2506 4770 neque
2537 4700 2588 4754 in
2620 4701 2731 4771 ipsa
2763 4710 2932 4756 morte
2975 4702 3061 4755 illa
3088 4702 3336 4757 excideris
3366 4716 3488 4771 pos-

1920 4793 2177 4853 sessione,
2211 4792 2302 4846 sed
2330 4793 2504 4846 omnia
2549 4793 2639 4846 illo
2682 4792 2946 4862 recipiens
2990 4803 3260 4864 tempore,
3291 4802 3347 4848 et
3391 4794 3494 4846 illis

1921 4884 2087 4938 multo
2114 4883 2258 4952 plura
2278 4924 2294 4949 ,
2323 4882 2533 4952 quando
2575 4883 2628 4938 in
2670 4883 2758 4939 die
2791 4884 2976 4954 judicii
3006 4885 3213 4940 illorum
3249 4883 3495 4954 praesidio

1922 4975 2151 5030 maxime
2179 4975 2372 5044 egebit,
2403 4985 2457 5029 et
2479 4974 2690 5044 quando
2716 4990 2744 5028 a
2779 4975 2932 5030 nobis
2962 4975 3204 5030 omnibus
3232 4973 3493 5028 factorum

1922 5067 2153 5120 rationes
2194 5075 2516 5136 repetentur.
2551 5064 2730 5136 Itaque
2759 5065 2802 5119 si
2833 5065 2951 5135 quis
2981 5063 3093 5119 vult
3118 5063 3419 5118 divitiarum
3441 5075 3497 5120 et

1923 5157 2312 5226 possessionem
2343 5165 2396 5212 et
2425 5172 2579 5211 usum
2605 5169 2659 5210 et
2683 5155 2974 5210 dominium
3006 5154 3220 5221 habere,
3249 5153 3497 5209 omnibus

1924 5247 2258 5304 facultatibus
2301 5249 2412 5302 suis
2456 5263 2515 5303 se
2560 5247 2802 5320 expediat
2833 5267 2846 5302 :
2875 5247 3125 5317 quoniam
3175 5248 3276 5303 hoc
3304 5249 3347 5302 si
3388 5265 3494 5304 non

1923 5341 2105 5405 faciat,
2137 5340 2189 5394 in
2218 5350 2389 5394 morte
2415 5339 2484 5394 ab
2510 5340 2636 5410 ipsis
2665 5339 2880 5395 omnino
2905 5339 3234 5409 separabitur
3263 5359 3277 5394 :
3306 5340 3494 5394 multo-

1924 5433 2023 5488 ties
2067 5446 2194 5487 vero
2241 5440 2296 5487 et
2337 5440 2462 5486 ante
2519 5433 2676 5486 tinem
2726 5445 2846 5485 cunt
2894 5431 3141 5502 periculis
3182 5441 3236 5487 et
3281 5431 3492 5487 infinitis

1923 5525 2076 5580 malis
2103 5525 2242 5593 ipsas
2280 5523 2489 5578 amittit.
2521 5521 2630 5579 Nec
2655 5522 2755 5580 hoc
2780 5524 2950 5578 solum
2992 5525 3184 5580 malum
3211 5534 3288 5580 est
3309 5566 3326 5592 ,
3355 5524 3492 5595 quod

1925 5617 2144 5671 mutatio
2170 5616 2227 5670 fit
2255 5624 2474 5686 repente
2499 5617 2764 5682 universa,
2795 5617 2888 5672 sed
2919 5617 3058 5687 quod
3088 5615 3480 5686 iinprtemedita-

1928 5717 2011 5762 tus
2048 5706 2113 5763 ad
2157 5708 2479 5778 paupertatis
2509 5709 2839 5766 tolerantiam
2877 5709 3024 5764 dives
3057 5707 3349 5762 deducitur.
3390 5705 3488 5761 Sed
