4074 6218
534 357 604 414 ὦ
1244 347 1298 403 S.
1348 343 1617 408 JOANNIS
1657 338 2124 398 CllltYSOSTUMl
2167 337 2488 393 ARCHIEP.
2527 335 3060 393 CONSTANTINOP.
3097 347 3102 352 '
3736 335 3804 393 ιι

531 487 633 529 non
666 469 785 524 talis
810 479 1010 538 pauper
1033 479 1046 517 :
1070 475 1176 517 non
1205 459 1347 515 enim
1375 472 1508 512 auro
1536 453 1754 511 confidit
1779 463 1832 508 et
1860 460 2113 523 argento,

534 559 852 616 inanimatis'
868 553 1124 620 materiis,
1147 549 1241 606 sed
1262 549 1373 604 Deo
1396 547 1573 602 omnia
1599 547 1815 616 capiose
1841 540 2116 613 praebenti.

534 656 712 724 Itaque
749 651 902 706 dives
929 646 1096 715 magis
1130 644 1182 698 in
1214 643 1417 698 incerto
1441 655 1598 712 quam
1635 652 1836 708 pauper
1860 635 2120 690 ~‘onstitu-

533 757 616 800 tus
642 751 754 809 est,
797 756 916 795 cum
954 739 1256 808 frequentes
1283 744 1336 789 et
1358 733 1634 787 continuas
1675 738 1996 784 mutationes
2033 741 2121 782 re-

534 835 714 903 cipiat.
747 831 883 900 Quid
916 843 1044 884 vero
1087 825 1215 880 illud
1243 833 1322 879 est
1347 864 1362 889 ,
1396 821 1493 889 Qui
1522 829 1725 890 prastat
1763 818 1903 872 nobis
1928 815 2124 870 abunde

537 926 705 980 omm'a
761 923 826 976 ad
875 919 1145 993 fruendum
1193 915 1285 989 (1.
1315 913 1448 968 Tim.
1480 912 1534 967 6.
1573 912 1676 982 f7)
1708 912 1732 964 ?
1769 908 1954 965 Omnia
2002 923 2122 962 cum

2231 451 2336 507 bile
2363 451 2561 522 putetis
2580 492 2595 518 ,
2637 449 2780 521 quod
2823 450 3022 506 dictum
3065 456 3149 503 est
3178 465 3192 503 :
3222 462 3288 502 ex
3319 446 3430 517 ipsa
3457 446 3600 502 enim
3629 462 3804 502 rerum

2228 544 2681 602 demonstratione
2711 543 2998 600 boevobis
3025 541 3212 595 faciam
3242 540 3599 595 manifestum.
3631 539 3807 594 Nostis

2228 637 2423 706 quippe
2451 650 2639 690 omnes
2660 675 2673 697 ,
2703 642 2756 688 et
2800 633 2903 688 hoc
2925 629 3250 686 confitemini
3270 671 3285 695 ,
3313 629 3452 700 quod
3483 629 3806 698 voluptatem

2230 730 2281 784 in
2309 728 2567 783 conviviis
2590 741 2693 780 non
2717 725 3034 780 ferculorum
3062 733 3271 789 natura,
3295 722 3386 778 sed
3417 721 3808 776 convivantium

2231 821 2512 893 dispositio
2556 820 2730 875 facere
2776 817 3094 874 consuevit:
3124 825 3250 887 puta
3275 856 3289 880 ,
3339 830 3459 870 cum
3513 814 3653 868 fame
3695 814 3812 883 quis

2233 930 2468 969 mensam
2515 913 2780 982 attingens
2801 953 2815 977 ,
2845 910 2990 966 omni
3029 908 3254 962 obsonio
3276 916 3329 962 et
3355 906 3696 960 condimento
3715 945 3729 968 ,
3759 916 3814 958 et

537 1016 780 1087 largitate
819 1013 912 1067 dnl
951 1012 1124 1075 DeuS,
1153 1023 1271 1078 quae
1301 1014 1425 1061 ευηι
1463 1004 1630 1058 mill“)
1656 1003 1823 1073 ωθεὶε
1853 1015 2011 1072 quam
2034 1014 2127 1068 Pe'
2161 1045 2190 1068 ε
2233 1006 2528 1060 innumeris
2587 1004 2828 1059 ciborum
2889 1000 3152 1056 illecebris
3197 997 3568 1068 jucundiorem
3640 1011 3812 1050 escam

537 1108 706 1162 conia;
732 1102 1055 1167 necessaria,
1086 1109 1144 1154 ut
1182 1112 1360 1159 aerem
1381 1137 1395 1163 ,
1419 1110 1607 1166 aquam
1631 1135 1646 1161 ,
1676 1094 1884 1164 ignem,
1916 1091 2082 1145 solem
2109 1130 2124 1155 ,

541 1200 719 1254 omnia
765 1196 907 1251 talia.
941 1194 1054 1248 Non
1103 1191 1228 1246 licet
1274 1189 1452 1247 dicere
1481 1185 1621 1257 quod
1653 1185 1820 1253 magis
1851 1182 2012 1236 radiis
2040 1179 2127 1235 di-

542 1309 634 1347 vos
655 1335 668 1356 ,
697 1291 874 1346 minus
906 1302 1036 1342 vero
1080 1297 1279 1354 pauper
1324 1281 1529 1336 fruatur
1556 1296 1571 1334 :
1600 1292 1706 1332 non
1740 1278 1861 1331 licet
1899 1275 2080 1330 dicere
2109 1315 2125 1340 ,

545 1383 685 1451 quod
715 1379 1066 1450 copiosiorem
1097 1389 1274 1430 aerem
1303 1387 1463 1443 quam
1487 1385 1685 1441 pauper
1711 1367 1933 1438 respiret
1957 1365 2128 1430 dives,

543 1477 635 1530 8rd
667 1475 842 1531 omnia
874 1473 1015 1542 paria
1044 1479 1098 1524 et
1128 1466 1430 1524 communia
1477 1462 1744 1534 proposita
1780 1468 1923 1515 sunt.
1956 1458 2131 1524 Quare

546 1571 704 1640 igitur
746 1567 945 1636 majora
971 1562 1184 1634 quidem
1230 1568 1284 1615 et
1326 1558 1492 1628 magis
1523 1555 1856 1618 necessaria,
1891 1562 1943 1607 et
1968 1551 2128 1605 vitam

549 1671 784 1718 nostram
829 1656 1187 1719 continentia,
1216 1651 1516 1708 communia
1559 1650 1696 1703 Deus
1726 1646 1884 1711 fecit;
1930 1644 2131 1698 minora

550 1771 674 1808 vero
697 1762 752 1808 et
777 1753 958 1807 viliora
977 1765 1084 1803 non
1107 1754 1229 1802 sunt
1247 1740 1820 1810 communia,pecuniae
1841 1733 2133 1790 nimirum?

548 1862 650 1915 qua
671 1846 738 1900 de
757 1843 952 1898 causa?
982 1841 1052 1898 Ut
1083 1841 1184 1894 vita
1225 1848 1405 1893 nostra
1439 1841 1814 1894 conservetur,
1842 1838 1896 1884 et
1927 1827 2136 1882 virtutis

549 1937 720 1992 stadia
752 1935 1058 1989 habeamus.
1091 1931 1145 1986 Si
1179 1929 1320 1985 enim
1352 1942 1456 1982 non
1486 1933 1667 1982 essent
1693 1919 1991 1977 necessaria
2022 1918 2137 1972 hrcc

550 2028 850 2086 communia
879 2067 893 2093 ,
926 2025 1061 2080 forte
1101 2020 1488 2082 divites,solita
1514 2018 1594 2072 usi
1625 2014 2136 2082 avaritia,pauperes

551 2120 901 2174 suffocassent
930 2135 942 2170 :
973 2116 1016 2170 si
1047 2116 1190 2170 enim
1235 2114 1288 2168 in
1332 2111 1530 2166 divitiis
1561 2109 1662 2164 hoc
1689 2106 1920 2169 faciunt,
1968 2101 2138 2156 multo

552 2211 719 2280 magis
767 2209 820 2263 in
858 2208 962 2261 illis
993 2205 1262 2260 fecissent.
1295 2204 1524 2258 Rursum
1559 2201 1602 2254 si
1629 2208 1685 2255 et
1710 2196 1947 2268 pecunize
1992 2207 2138 2248 como

552 2316 741 2357 munes
767 2307 1036 2364 essent,et
1055 2296 1300 2350 similiter
1321 2293 1566 2348 omnibus
1583 2290 1889 2361 propositze,
1907 2285 2139 2342 eleemoo

553 2410 702 2467 syna:
743 2391 954 2446 occasio
975 2389 1180 2445 sublata
1195 2396 1363 2448 esset,
1385 2390 1433 2436 et
1451 2383 1726 2436 charitatis
1750 2380 2134 2451 opportunitas.

622 2488 677 2542 7.
705 2483 770 2540 Ut
800 2483 956 2552 igitur
984 2495 1171 2535 secure
1192 2478 1432 2531 vivamus
1457 2515 1472 2540 ,
1501 2486 1813 2528 communes
1843 2471 1993 2524 facta:
2018 2476 2141 2522 sunt

552 2579 706 2634 nobis
727 2577 846 2631 vita:
871 2589 1044 2630 causa:
1062 2590 1076 2640 ;
1097 2586 1328 2636 rursum,
1352 2578 1413 2624 ut
1433 2567 1724 2621 habeamus
1745 2578 2059 2619 coronarum
2088 2572 2142 2616 et

555 2669 768 2725 laudum
813 2664 1180 2727 occasionem,
1213 2678 1318 2715 non
1342 2671 1653 2715 communes
1697 2655 1848 2710 facta:
1883 2663 2006 2708 sunt
2046 2668 2142 2722 pe-

555 2765 747 2828 cunim,
778 2769 833 2815 ut
869 2758 1143 2814 avaritiam
1165 2755 1334 2819 exosi,
1367 2761 1423 2809 et
1446 2753 1705 2823 jusdtiam
1735 2759 2019 2812 sectantes,
2047 2762 2140 2801 no.

554 2865 665 2909 stra
732 2851 1088 2922 indigentibus
1157 2855 1475 2917 erogantes,
1527 2843 1740 2913 aliquod
1801 2849 2140 2911 peccatorum

557 2953 861 3001 nostrorum
909 2940 1200 2996 remedium
1247 2952 1344 3007 per
1382 2936 1523 2991 viam
1568 2933 1706 2988 hanc
1733 2932 2025 3002 capiamus.
2053 2929 2142 2982 Di-

557 3042 715 3094 vitem
742 3047 794 3096 te
821 3037 941 3092 fecit
980 3036 1138 3097 Deus,
1170 3031 1296 3102 quid
1341 3039 1394 3086 te
1441 3028 1615 3099 ipsum
1659 3040 1945 3096 pauperem
1975 3021 2146 3078 facis?

562 3131 785 3186 Divitem
817 3139 868 3183 te
896 3128 1047 3190 fecit,
1076 3135 1132 3178 ut
1159 3124 1341 3194 egenis
1367 3121 1669 3186 auxilieris,
1698 3127 1754 3173 ut
1798 3126 2012 3187 peccata
2057 3124 2146 3169 tua

559 3226 736 3281 solvas
756 3238 850 3294 per
868 3220 1236 3275 liberalitatem
1265 3215 1383 3270 aliis
1409 3213 1698 3270 exhibitam
1724 3229 1736 3264 :
1760 3209 1905 3266 dedit
1933 3208 2023 3263 tibi
2057 3223 2146 3276 pe-

559 3319 744 3374 cunias
769 3360 781 3383 ,
810 3330 912 3371 non
941 3325 996 3369 ιιι
1036 3314 1087 3367 in
1127 3319 1352 3366 mortem
1392 3318 1536 3364 tuatn
1585 3305 1837 3369 claudas,
1865 3302 1960 3358 sed
1995 3311 2050 3354 ut
2095 3300 2145 3353 in

562 3411 786 3465 salutem
818 3415 959 3462 luant
989 3402 1254 3460 effundas.
1281 3402 1573 3469 Propterea
1602 3405 1655 3451 et
1682 3397 1914 3466 ipsarum
1941 3406 2146 3462 posscs-

561 3505 765 3558 sionem
795 3503 1049 3554 incertam
1078 3506 1125 3550 et
1151 3510 1255 3550 non
1285 3492 1527 3548 stabilem
1559 3489 1703 3554 fecit,
1733 3498 1790 3541 ut
1821 3501 1914 3556 per
1945 3484 2043 3538 hoc
2071 3484 2147 3536 in-

565 3597 730 3652 sania:
756 3595 894 3649 circa
914 3594 1058 3662 ipsas
1081 3587 1428 3644 intentionem
1457 3582 1793 3637 dissolveret.
1819 3577 1874 3633 Si
1899 3577 2039 3632 enim
2063 3573 2149 3643 qui

564 3704 705 3744 nunc
750 3685 1054 3758 possident,
1083 3681 1171 3752 qui
1213 3679 1278 3734 de
1311 3677 1437 3748 ipsis
1473 3673 1746 3730 confidere
1788 3686 1893 3724 non
1934 3667 2150 3731 valent,

564 3780 802 3851 quinimo
824 3777 1016 3832 multas
1045 3789 1109 3827 ex
1133 3772 1234 3826 hac
1255 3786 1313 3825 re
1342 3775 1628 3822 nascentes
1657 3761 1876 3818 insidias
1904 3765 2150 3822 cernunt,

567 3875 643 3926 sic
663 3872 803 3925 circa
833 3869 1040 3922 illarum
1080 3864 1401 3919 desiderium
1431 3856 1824 3913 succenduutur
1855 3871 1868 3908 :
1897 3852 1940 3906 si
1966 3863 2018 3905 et
2053 3849 2155 3903 hoc

569 3962 805 4016 additmn
836 3968 1008 4021 esset,
1041 3963 1097 4009 ut
1141 3954 1361 4008 stabiles
1388 3959 1441 4004 et
1469 3949 1688 4002 minime
1716 3945 1927 4000 caducae
1960 3943 2150 4006 forent,

570 4053 658 4122 qui
700 4045 1096 4121 pepercissent?
1125 4059 1155 4098 a
1186 4057 1288 4114 quo
1319 4036 1742 4094 abstinuissent?
1766 4050 1795 4088 a
1826 4049 1927 4103 qua
1961 4032 2156 4087 vidua?

571 4159 600 4199 a
655 4143 844 4214 quibus
886 4137 1142 4210 pupillis?
1187 4149 1215 4187 a
1264 4132 1453 4203 quibus
1494 4126 1847 4198 pauperibus?
1870 4123 1947 4180 Ne
1999 4124 2158 4192 igitur

572 4251 822 4306 magnum
881 4241 1126 4302 putemus
1171 4227 1366 4281 bonum
1421 4236 1543 4276 esse
1589 4219 1798 4274 divitias
1853 4236 1865 4272 :
1909 4230 2156 4285 magnum

569 4327 716 4381 enim
747 4326 942 4379 bonum
961 4363 975 4386 ,
1005 4338 1110 4375 non
1135 4317 1407 4389 possidere
1439 4312 1688 4383 pecunias
1713 4352 1727 4375 ,
1757 4308 1851 4365 sed
1883 4307 1976 4363 Dei
2006 4308 2160 4360 timo-

576 4436 688 4474 rem
711 4425 764 4472 et
789 4413 1140 4470 reverentiam
1169 4407 1462 4479 possidere.
1485 4403 1623 4458 Ecce
1650 4415 1791 4456 nunc
1811 4399 1853 4453 si
1881 4398 1998 4468 quis
2019 4406 2162 4451 esset

571 4512 774 4586 justus,
807 4517 861 4563 et
901 4505 1040 4576 apud
1073 4503 1240 4560 Deum
1279 4498 1485 4554 fiducia:
1525 4495 1726 4550 habens
1765 4491 1987 4545 multum
2014 4529 2027 4553 ,
2061 4486 2160 4543 etsi

577 4603 817 4660 omnium
865 4599 1143 4654 hamiuum
1213 4589 1584 4664 pauperrimus
1645 4592 1825 4652 esset,
1879 4582 2162 4652 praesentia

580 4697 720 4752 mala
752 4694 957 4750 solvere
988 4697 1207 4762 posset;
1240 4685 1367 4741 satis
1397 4682 1540 4737 enim
1576 4689 1719 4734 esset
1746 4686 1950 4733 tantum
1979 4677 2032 4730 in
2063 4686 2168 4728 ete-

579 4792 690 4846 lum
717 4800 904 4842 manus
933 4780 1242 4840 extendere,
1275 4785 1328 4831 et
1353 4776 1516 4829 Deum
1548 4772 1814 4835 invocare,
1848 4776 1902 4822 et
1927 4767 2042 4821 haec
2072 4779 2164 4818 ne-

578 4881 702 4937 bula
749 4874 1064 4948 praeteriret.
1096 4870 1296 4924 Aurum
1330 4879 1460 4920 vero
1489 4871 1694 4917 tantum
1720 4859 2011 4930 repositum
2053 4856 2166 4910 luto

581 4970 726 5026 onmi
752 4946 820 5022 ad
851 4959 1270 5034 impendentium
1301 4955 1560 5010 malorum
1591 4951 1912 5006 solutionem
1933 4946 2167 5002 inutilius

581 5074 664 5119 est
694 5081 706 5116 :
738 5073 838 5115 nec
867 5058 921 5114 in
959 5055 1062 5109 hoc
1092 5059 1292 5107 tantum
1323 5045 1560 5118 periculo
1581 5084 1596 5110 ,
1641 5043 1735 5098 sed
1765 5051 1821 5097 et
1862 5042 1906 5096 si
1953 5040 2169 5095 morbus

584 5148 1066 5226 comprehenderit,
1099 5146 1211 5199 sive
1231 5155 1396 5206 mors,
1420 5137 1533 5193 sive
1561 5135 1702 5189 aliud
1731 5134 1856 5205 quid
1886 5132 2168 5202 ejusmodi,

585 5244 922 5312 redarguitur
951 5236 1293 5310 pecuniarum
1326 5231 1407 5285 vis
1435 5229 1700 5298 impotens
1723 5267 1737 5292 ,
1761 5235 1814 5280 et
1843 5226 2038 5280 nullam
2078 5240 2171 5276 va-

591 5343 706 5390 lens
749 5334 814 5387 de
853 5331 1067 5400 proprio
1105 5324 1526 5382 consolationem
1571 5321 1623 5374 in
1669 5318 1912 5374 adversis
1955 5316 2170 5372 afferre.

593 5428 764 5483 Unum
792 5433 874 5476 est
916 5438 1018 5489 quo
1049 5426 1409 5490 paupertatem
1457 5413 1654 5469 divitiae
1692 5427 1946 5482 superare
1995 5409 2176 5463 viden-

595 5532 698 5584 tur,
732 5513 1054 5587 quotidiauis
1083 5513 1323 5567 diffluere
1353 5509 1559 5565 deliciis
1581 5549 1594 5575 ,
1624 5516 1680 5561 et
1710 5505 1873 5560 multa
1905 5505 1956 5558 in
1995 5502 2178 5556 convi-

594 5613 694 5666 viis
734 5605 929 5677 repleri
965 5601 1250 5671 voluptate.
1286 5600 1398 5654 Hoc
1444 5611 1620 5653 tamen
1675 5605 1728 5650 et
1784 5596 1836 5648 in
1885 5607 2179 5663 pauperum

597 5715 780 5758 mensa
809 5696 1119 5761 contingere
1153 5690 1381 5756 videtur,
1403 5689 1575 5745 ethos
1601 5687 1787 5758 majori
1809 5701 1966 5757 quam
1995 5699 2181 5739 omnes

597 5799 786 5853 divites
818 5791 1084 5860 voluptate
1110 5783 1233 5839 frui.
1265 5782 1332 5837 Et
1360 5797 1425 5837 ne
1463 5780 1763 5847 miremini,
1791 5793 1927 5835 neve
1949 5777 2181 5834 incredi-

2233 1099 2497 1169 gustabit,
2536 1097 2634 1151 etsi
2694 1096 2932 1149 omnium
2987 1091 3240 1146 vilissima
3289 1090 3400 1144 sit:
3444 1088 3813 1142 necessitatem

2233 1203 2360 1244 vero
2399 1196 2456 1243 et
2495 1186 2724 1242 esuriem
2779 1183 3141 1255 praeveniens,
3169 1179 3311 1251 quod
3349 1179 3543 1234 divites
3580 1178 3775 1234 faciunt
3798 1215 3813 1236 .

2234 1284 2278 1338 si
2323 1284 2481 1337 etiam
2511 1281 2780 1351 placentas
2827 1275 3091 1332 invenerit
3125 1271 3427 1344 appositas,
3474 1285 3576 1326 non
3624 1272 3814 1325 sentiet

2237 1377 2597 1444 voluptatem,
2636 1373 2801 1442 ipsius
2849 1369 3084 1438 appetitu
3133 1382 3236 1421 non
3267 1366 3514 1421 excitato.
3551 1364 3615 1417 Et
3642 1373 3697 1416 ut
3736 1361 3818 1415 di-

2236 1485 2355 1525 scas
2383 1469 2484 1522 hoc
2503 1467 2574 1521 ita
2610 1480 2669 1520 se
2710 1463 2922 1525 habere,
2956 1468 3122 1516 testes
3151 1459 3364 1528 quidem
3392 1466 3446 1511 et
3477 1470 3572 1510 vos
3593 1468 3816 1518 omnes;

2237 1563 2514 1618 audiamus
2540 1569 2714 1613 autem
2745 1566 2798 1612 et
2827 1556 3152 1622 Scripturam
3182 1551 3285 1606 hoc
3312 1552 3480 1620 ipsutn
3511 1550 3775 1603 dicentem
3803 1565 3819 1599 :

2237 1655 2422 1708 Anima
2447 1661 2676 1707 saturata
2715 1650 2843 1719 [avis
2866 1648 3063 1709 illudit,
3088 1645 3273 1698 anima:
3291 1651 3458 1696 autent
3487 1641 3650 1710 egenti
3672 1638 3822 1693 etiam

2239 1765 2413 1802 amara
2465 1747 2637 1802 dulcia
2680 1745 2910 1799 videntur
2963 1740 3159 1810 (Prov.
3191 1739 3278 1792 27.
3316 1737 3390 1801 7).
3419 1735 3490 1790 Et
3526 1741 3672 1790 certe
3697 1732 3823 1802 quid

2241 1840 2375 1895 favis
2418 1839 2624 1895 dulcius
2657 1847 2712 1894 et
2755 1833 2957 1891 melle?
2981 1831 3086 1889 Sed
3117 1847 3220 1884 non
3246 1827 3538 1899 jucundum
3565 1867 3579 1892 ,
3615 1824 3786 1894 inquit
3806 1864 3824 1888 ,

2242 1948 2347 1988 non
2398 1930 2672 1986 esurienti.
2698 1927 2834 1997 Quid
2887 1941 3014 1980 vero
3065 1922 3261 1976 amaris
3305 1915 3685 1988 iniucundius?
3731 1915 3827 1970 sed

2242 2023 2414 2080 dulcia
2441 2031 2565 2077 sunt
2594 2021 2644 2076 in
2676 2018 2930 2091 pauperie
2955 2013 3275 2071 constitutis.
3305 2009 3454 2078 Quod
3483 2019 3659 2064 autem
3692 2022 3826 2076 pau-

2243 2129 2400 2186 peres
2437 2127 2556 2168 cum
2602 2111 2920 2167 necessitate
2946 2115 3000 2163 et
3026 2104 3202 2160 esurie
3246 2101 3312 2158 ad
3351 2101 3527 2156 cibum
3569 2098 3824 2159 veniant,

2244 2207 2438 2263 divites
2463 2220 2589 2258 vero
2614 2218 2730 2258 eam
2759 2215 2864 2255 non
2904 2203 3248 2267 exspectent,
3282 2193 3383 2247 hoc
3429 2191 3618 2260 cuique
3653 2187 3831 2242 mani-

2247 2301 2437 2357 festum
2467 2305 2548 2353 est
2577 2315 2590 2350 :
2623 2294 2762 2350 unde
2791 2291 3080 2363 legitimam
3123 2297 3178 2344 et
3215 2286 3475 2341 sinceram
3503 2281 3830 2349 voluptatem

2248 2407 2351 2446 non
2374 2389 2608 2459 capiunt.
2639 2385 2746 2441 Nec
2774 2385 2824 2439 in
2851 2383 2984 2438 cibis
3011 2387 3235 2444 tantum,
3266 2374 3358 2431 sed
3384 2383 3437 2430 et
3463 2374 3514 2426 in
3540 2381 3664 2440 potu
3686 2369 3832 2427 idem

2246 2483 2488 2540 accidere
2506 2479 2686 2534 videre
2717 2477 2834 2532 licet
2862 2492 2875 2528 :
2905 2483 2956 2530 et
2981 2473 3114 2528 sicut
3138 2470 3248 2524 illic
3267 2466 3470 2524 esuries
3491 2477 3645 2532 supra
3679 2476 3835 2515 esca-

2249 2591 2365 2631 rum
2395 2583 2636 2628 naturam
2679 2567 3001 2637 voluptatem
3032 2562 3229 2618 inducit
3249 2602 3262 2626 ,
3293 2560 3369 2614 sic
3394 2567 3448 2612 et
3490 2555 3573 2608 hic
3602 2553 3717 2607 sitis
3738 2551 3834 2620 ju-

2247 2669 2631 2725 cundissimum
2672 2671 2850 2734 potum
2883 2659 3058 2714 facere
3098 2653 3406 2714 consuevit,
3448 2648 3546 2703 etsi
3594 2660 3722 2715 pura
3767 2645 3837 2696 sit

2248 2777 2382 2833 aqua
2404 2775 2521 2830 quae
2567 2757 2793 2813 bibatur.
2826 2753 2893 2808 Et
2941 2751 3044 2806 hoc
3090 2748 3263 2818 ipsum
3300 2739 3566 2810 Propheta
3609 2735 3839 2790 demon.

2249 2826 2467 2916 strans‘,
2521 2850 2730 2905 dicebat
2781 2864 2794 2900 :
2846 2844 2917 2898 Et
2963 2845 3027 2898 de
3070 2850 3213 2912 petra
3266 2834 3412 2889 melle
3461 2826 3706 2885 saturavit
3751 2840 3838 2879 eos

2251 2946 2440 3018 (Psal.
2474 2944 2561 2999 80.
2611 2943 2675 2997 17
2705 2942 2746 3011 ).
2798 2935 2958 3007 Atqui
3003 2935 3104 2988 hoc
3156 2939 3413 2998 nusquam
3457 2921 3510 3018 in
3559 2916 3839 3018 Scriptura

2251 3005 2446 3095 lectum
2475 3046 2556 3092 est
2577 3077 2592 3100 ,
2625 3005 2766 3104 quod
2808 3005 2913 3084 mel
2957 3028 3023 3082 de
3060 3031 3208 3095 petra
3238 3019 3412 3074 Moses
3440 3009 3703 3073 eduxerit,
3738 3005 3839 3063 sed

2252 3131 2446 3200 ubique
2471 3098 2689 3191 fluvios,
2718 3131 2774 3178 et
2800 3135 2996 3190 aquas,
3019 3125 3071 3171 et
3113 3111 3298 3183 frigida
3329 3109 3544 3163 fluenta.
3575 3098 3712 3170 Quid
3741 3100 3843 3168 igi-

2255 3234 2340 3280 tur
2361 3194 2586 3276 tandem
2634 3224 2717 3272 est
2759 3213 2899 3285 quod
2925 3207 3156 3266 dicitur?
3191 3216 3362 3273 neque
3390 3199 3532 3254 enim
3561 3194 3842 3262 Scriptura

2255 3317 2527 3371 mentitur.
2562 3283 2846 3379 Postquam
2879 3305 3018 3359 enim
3061 3299 3299 3354 sitientes
3338 3305 3390 3347 et
3421 3286 3706 3359 indigentia
3739 3283 3843 3338 de-

2257 3407 2456 3478 fatigati
2481 3406 2533 3459 in
2563 3377 2861 3472 frigidiores
2889 3409 3052 3466 aquas
3083 3390 3414 3451 inciderunt,
3438 3399 3502 3440 ex
3537 3389 3662 3450 potu
3686 3377 3850 3432 Volu-

2258 3510 2456 3573 ptatem
2489 3508 2730 3550 asserere
2769 3489 2952 3544 volens
2972 3528 2986 3550 ,
3028 3483 3131 3539 tncl
3161 3494 3348 3550 aquam
3379 3470 3698 3544 appellavit,
3733 3482 3846 3522 non

2260 3559 2524 3662 iatnquam
2555 3592 2752 3641 mutata
2782 3582 2833 3636 iu
2874 3579 2978 3634 mel
3025 3587 3230 3636 natura,
3273 3569 3366 3625 sed
3409 3563 3701 3620 bibentium
3733 3559 3852 3614 dis-

2265 3651 2528 3756 positione
2578 3679 2774 3733 fluenta
2813 3672 2971 3728 melle
3010 3664 3326 3739 iucundiora
3372 3658 3615 3714 faciente.
3647 3651 3856 3707 Didici-

2259 3745 2327 3834 sti
2350 3818 2362 3841 ,
2387 3789 2493 3846 quo
2541 3769 2701 3826 modo
2735 3775 2789 3822 et
2833 3773 3013 3836 potum
3059 3774 3273 3815 suavem
3306 3753 3596 3810 sitientimu
3626 3745 3854 3801 affectio

2262 3837 2487 3924 redde-re
2511 3859 2836 3918 consuevit?
2881 3853 3026 3909 Multi
3058 3851 3214 3921 igitur
3240 3859 3498 3918 pauperes
3523 3855 3667 3910 saepe
3691 3837 3853 3892 labo-

2263 3971 2440 4016 rantes
2470 3967 2522 4012 et
2551 3950 2819 4022 defatigati
2839 3991 2853 4014 ,
2883 3957 2936 4002 et
2961 3946 3047 3999 siti
3074 3943 3319 3998 ardentes
3339 3981 3354 4005 ,
3379 3951 3498 3992 cum
3520 3934 3662 3988 dicta
3688 3929 3856 3985 volu-

2266 4063 2406 4126 ptate
2431 4049 2551 4105 talia
2575 4047 2810 4102 libavere
2836 4040 3034 4094 ﬂuenta
3057 4055 3070 4092 :
3094 4035 3283 4089 divites
3302 4043 3430 4085 vero
3449 4027 3628 4080 vinum
3659 4036 3858 4086 suave,

2264 4157 2318 4202 et
2345 4144 2490 4199 ﬂoris
2517 4141 2759 4200 odorem,
2787 4147 2839 4190 et
2868 4147 3081 4189 omnem
3112 4129 3360 4182 virtutem
3392 4122 3613 4185 habens,
3643 4133 3775 4188 quae
3804 4117 3863 4170 in

2265 4242 2388 4294 vino
2415 4234 2584 4307 optari
2617 4232 2814 4304 possit,
2849 4227 3151 4283 haurientes
3171 4265 3185 4290 ,
3215 4236 3317 4275 non
3357 4215 3597 4274 eamdem
3627 4228 3866 4268 sensere

2265 4331 2694 4387 delectationem.

2338 4426 2392 4481 8.
2428 4424 2538 4478 Hoc
2577 4428 2631 4473 et
2671 4418 2724 4471 in
2764 4427 2952 4468 somno
2983 4410 3092 4464 fieri
3121 4407 3319 4462 videas.
3359 4403 3473 4458 Non
3507 4401 3648 4456 enim
3688 4399 3874 4454 molle

2269 4527 2491 4574 stratum
2517 4554 2531 4579 ,
2570 4525 2742 4580 neque
2786 4506 3160 4575 dcargematus
3189 4499 3388 4559 lectus,
3422 4508 3593 4564 neque
3619 4492 3784 4561 quies
3817 4491 3875 4544 in

2269 4605 2504 4665 conclavi
2551 4605 2716 4668 facta,
2760 4612 2929 4666 neque
2968 4592 3105 4646 aliud
3137 4586 3435 4659 hujusmodi
3464 4583 3741 4655 quidpiam
3777 4597 3876 4637 so-

2272 4713 2453 4756 mnum
2483 4695 2690 4750 dulcem
2720 4697 2773 4743 et
2799 4686 3084 4760 proclivem
3120 4683 3293 4736 facere
3328 4679 3502 4744 Solet,
3531 4677 3668 4730 sicut
3713 4674 3854 4729 labo

2272 4806 2392 4846 rare
2435 4797 2488 4843 et
2534 4783 2716 4840 las.~ari
2743 4823 2760 4850 ,
2803 4791 2857 4836 et
2888 4778 3230 4833 vehementer
3258 4787 3445 4828 somno
3473 4769 3786 4838 indigentes
3823 4775 3886 4822 et

2273 4882 2621 4939 dormitantes
2657 4873 2903 4931 reclinari
2934 4889 2947 4925 :
2981 4881 3035 4926 et
3064 4872 3164 4923 hoc
3201 4866 3413 4936 quidem
3444 4871 3667 4918 testatur
3697 4860 3884 4915 etiam

2274 4990 2452 5032 rerum
2481 4966 2804 5041 experientia
2835 4983 2848 5021 :
2873 4973 3098 5019 testatur
3121 4968 3298 5013 autem
3329 4964 3382 5012 et
3408 4962 3529 5009 ante
3555 4969 3744 5008 rerum
3777 4968 3890 5008 ex-

2278 5068 2586 5139 perientiam
2614 5062 3005 5131 Scripturarum
3033 5051 3315 5109 sententia.
3357 5048 3571 5103 Deliciis
3601 5046 3757 5101 enim
3796 5046 3891 5102 lno

2280 5161 2507 5216 nutritus
2534 5155 2784 5211 Salomon
2815 5149 2954 5205 idem
2980 5145 3349 5202 demonsuare
3374 5140 3578 5201 volens,
3607 5135 3851 5190 dicebat
3881 5154 3895 5189 :

2223 5286 2226 5294 ι
2279 5249 2549 5306 Jucuudus
2574 5260 2776 5302 somnus
2803 5256 2964 5304 servo,
2991 5237 3094 5292 sive
3131 5249 3331 5306 parum,
3363 5229 3464 5284 sive
3491 5225 3708 5280 multum
3739 5242 3903 5278 com-

2283 5346 2396 5401 edat
2428 5341 2592 5413 (Eccl.
2617 5340 2668 5394 5.
2711 5335 2821 5407 Η).
2864 5333 2972 5388 Cur
3013 5331 3170 5401 igitur
3197 5325 3364 5391 addit,
3397 5322 3516 5378 Sive
3538 5336 3752 5388 parum,
3789 5321 3907 5372 sive

2285 5438 2498 5491 multant
2523 5430 2782 5487 comedat?
2806 5427 2975 5482 Ambo
3003 5425 3117 5477 lucc
3137 5418 3366 5490 vigiliam
3398 5413 3650 5469 inducere
3672 5411 3905 5468 soleat,

2288 5529 2572 5600 indigentia
2601 5536 2656 5581 et
2682 5522 2893 5593 crapula
2917 5537 2930 5574 :
2955 5517 3043 5572 illa
3066 5514 3277 5586 quidem
3298 5523 3490 5579 corpus
3508 5507 3525 5537 ί
3551 5501 3909 5565 arefaciens,

2286 5637 2341 5685 et
2372 5598 2649 5698 palpebras
2675 5632 2900 5677 corneas
2925 5613 3176 5679 reddens,
3201 5624 3299 5665 nec
3320 5605 3492 5663 claudi
3515 5598 3866 5674 permittens
3895 5614 3913 5651 :

2358 5787 2375 5817 ι
2409 5785 2480 5834 sic
2498 5783 2636 5846 juxta
2659 5777 2798 5828 Savil.
2823 5783 2886 5824 tu.
2915 5781 2985 5834 8.,
3013 5785 3116 5835 pro,
3142 5779 3333 5834 corpus,
3362 5761 3556 5827 legitur,
3583 5754 3866 5815 spiritum.
