  <div class='ocr_page' id='page_1' title='image "/cluster/home/n/w/nwhite01/storage/ocr_20150623/49/hvd.32044054086806/045.png"; bbox 0 0 4074 6218; ppageno 0'>
   <div class='ocr_carea' id='block_1_1' title="bbox 433 363 2092 430">
    <p class='ocr_par' dir='ltr' id='par_1_1' title="bbox 433 363 2064 425">
     <span class='ocr_line' id='line_1_1' title="bbox 433 363 2064 425; baseline 0.004 -10"><span class='ocrx_word' id='word_1_1' title='bbox 433 371 502 425; x_wconf 71' lang='grc' dir='ltr'>,Ξὺ</span> <span class='ocrx_word' id='word_1_2' title='bbox 1175 363 1232 424; x_wconf 88' lang='lat' dir='ltr'>S.</span> <span class='ocrx_word' id='word_1_3' title='bbox 1251 363 1536 420; x_wconf 74' lang='lat' dir='ltr'>JOANNIS</span> <span class='ocrx_word' id='word_1_4' title='bbox 1574 365 1758 420; x_wconf 71' lang='lat' dir='ltr'><strong>CHRY</strong></span> <span class='ocrx_word' id='word_1_5' title='bbox 1771 365 2064 422; x_wconf 78' lang='lat' dir='ltr'>SOSTOMI</span> 
     </span>
    </p>
   </div>
   <div class='ocr_carea' id='block_1_2' title="bbox 2207 363 3856 430">
    <p class='ocr_par' dir='ltr' id='par_1_2' title="bbox 2207 367 3856 430">
     <span class='ocr_line' id='line_1_2' title="bbox 2207 367 3856 430; baseline 0.003 -9"><span class='ocrx_word' id='word_1_6' title='bbox 2207 367 2423 424; x_wconf 73' lang='lat' dir='ltr'>CIIIEI’.</span> <span class='ocrx_word' id='word_1_7' title='bbox 2465 369 3016 426; x_wconf 71' lang='lat' dir='ltr'>CONSTANTINOP.</span> <span class='ocrx_word' id='word_1_8' title='bbox 3797 377 3856 430; x_wconf 82' lang='grc' dir='ltr'>ιιι</span> 
     </span>
    </p>
   </div>
   <div class='ocr_carea' id='block_1_3' title="bbox 415 476 2056 552">
    <p class='ocr_par' dir='ltr' id='par_1_3' title="bbox 415 476 2056 552">
     <span class='ocr_line' id='line_1_3' title="bbox 415 476 2056 552; baseline 0.005 -24"><span class='ocrx_word' id='word_1_9' title='bbox 415 476 584 529; x_wconf 88' lang='grc' dir='ltr'>ταῦτα</span> <span class='ocrx_word' id='word_1_10' title='bbox 607 477 912 548; x_wconf 83' lang='grc' dir='ltr'>ἀγρυπνίαν</span> <span class='ocrx_word' id='word_1_11' title='bbox 955 479 1203 550; x_wconf 75' lang='grc' dir='ltr'>ἐμποιεῖν</span> <span class='ocrx_word' id='word_1_12' title='bbox 1257 480 1467 546; x_wconf 77' lang='grc' dir='ltr'>εἴωθεν,</span> <span class='ocrx_word' id='word_1_13' title='bbox 1515 480 1688 535; x_wconf 82' lang='grc' dir='ltr'>ἐνδεια</span> <span class='ocrx_word' id='word_1_14' title='bbox 1723 483 1814 535; x_wconf 65' lang='grc' dir='ltr'>κα)⁵</span> <span class='ocrx_word' id='word_1_15' title='bbox 1873 482 2056 552; x_wconf 81' lang='grc' dir='ltr'>ἀδηφα</span> 
     </span>
    </p>
   </div>
   <div class='ocr_carea' id='block_1_4' title="bbox 411 565 2087 642">
    <p class='ocr_par' dir='ltr' id='par_1_4' title="bbox 411 565 2087 642">
     <span class='ocr_line' id='line_1_4' title="bbox 411 565 2087 642; baseline 0.004 -24"><span class='ocrx_word' id='word_1_16' title='bbox 411 565 532 634; x_wconf 72' lang='grc' dir='ltr'>γίαο</span> <span class='ocrx_word' id='word_1_17' title='bbox 582 567 616 636; x_wconf 82' lang='grc' dir='ltr'><strong>ἡ</strong></span> <span class='ocrx_word' id='word_1_18' title='bbox 670 567 767 637; x_wconf 79' lang='grc' dir='ltr'>μὲν</span> <span class='ocrx_word' id='word_1_19' title='bbox 805 567 866 621; x_wconf 86' lang='grc' dir='ltr'>τὸ</span> <span class='ocrx_word' id='word_1_20' title='bbox 901 567 1060 638; x_wconf 86' lang='grc' dir='ltr'>σῶμα</span> <span class='ocrx_word' id='word_1_21' title='bbox 1085 577 1102 598; x_wconf 87' lang='grc'><em>³</em></span> <span class='ocrx_word' id='word_1_22' title='bbox 1132 567 1483 638; x_wconf 83' lang='grc' dir='ltr'>ξηραίνουσα,</span> <span class='ocrx_word' id='word_1_23' title='bbox 1523 571 1617 624; x_wconf 76' lang='grc' dir='ltr'>καὶ</span> <span class='ocrx_word' id='word_1_24' title='bbox 1662 571 2087 642; x_wconf 80' lang='grc' dir='ltr'>κερατοποιοῦσα</span> 
     </span>
    </p>
   </div>
   <div class='ocr_carea' id='block_1_5' title="bbox 411 651 2090 728">
    <p class='ocr_par' dir='ltr' id='par_1_5' title="bbox 411 651 2090 728">
     <span class='ocr_line' id='line_1_5' title="bbox 411 651 2090 728; baseline 0.005 -24"><span class='ocrx_word' id='word_1_25' title='bbox 411 652 480 705; x_wconf 70' lang='grc' dir='ltr'>τὰ</span> <span class='ocrx_word' id='word_1_26' title='bbox 509 651 767 724; x_wconf 80' lang='grc' dir='ltr'>βλέφαρα,</span> <span class='ocrx_word' id='word_1_27' title='bbox 814 654 910 707; x_wconf 83' lang='grc' dir='ltr'>καὶ</span> <span class='ocrx_word' id='word_1_28' title='bbox 941 655 1041 708; x_wconf 81' lang='grc' dir='ltr'>οὑκ</span> <span class='ocrx_word' id='word_1_29' title='bbox 1088 656 1310 724; x_wconf 76' lang='grc' dir='ltr'>ἀφιεῖσα</span> <span class='ocrx_word' id='word_1_30' title='bbox 1363 657 1854 711; x_wconf 85' lang='grc' dir='ltr'>καταστέλλεσθαι·</span> <span class='ocrx_word' id='word_1_31' title='bbox 1891 660 1923 728; x_wconf 82' lang='grc' dir='ltr'>ἡ</span> <span class='ocrx_word' id='word_1_32' title='bbox 1953 659 2090 712; x_wconf 78' lang='grc' dir='ltr'>δὲτὸ</span> 
     </span>
    </p>
   </div>
   <div class='ocr_carea' id='block_1_6' title="bbox 414 739 2092 812">
    <p class='ocr_par' dir='ltr' id='par_1_6' title="bbox 414 739 2092 812">
     <span class='ocr_line' id='line_1_6' title="bbox 414 739 2092 812; baseline 0.002 -18"><span class='ocrx_word' id='word_1_33' title='bbox 414 739 632 810; x_wconf 83' lang='grc' dir='ltr'>πνεῦμα</span> <span class='ocrx_word' id='word_1_34' title='bbox 679 741 1108 812; x_wconf 86' lang='grc' dir='ltr'>στενοχωροῦσα,</span> <span class='ocrx_word' id='word_1_35' title='bbox 1161 743 1255 796; x_wconf 74' lang='grc' dir='ltr'>καὶ</span> <span class='ocrx_word' id='word_1_36' title='bbox 1302 743 1692 808; x_wconf 89' lang='grc' dir='ltr'>ἀποθλίϐουσα,</span> <span class='ocrx_word' id='word_1_37' title='bbox 1747 746 1842 798; x_wconf 74' lang='grc' dir='ltr'>καὶ</span> <span class='ocrx_word' id='word_1_38' title='bbox 1892 745 2092 810; x_wconf 77' lang='grc' dir='ltr'>πολλὰς</span> 
     </span>
    </p>
   </div>
   <div class='ocr_carea' id='block_1_7' title="bbox 413 827 2092 904">
    <p class='ocr_par' dir='ltr' id='par_1_7' title="bbox 413 827 2092 904">
     <span class='ocr_line' id='line_1_7' title="bbox 413 827 2092 904; baseline 0.004 -24"><span class='ocrx_word' id='word_1_39' title='bbox 413 829 730 899; x_wconf 84' lang='grc' dir='ltr'>παρέχουσα</span> <span class='ocrx_word' id='word_1_40' title='bbox 753 827 852 892; x_wconf 82' lang='grc' dir='ltr'>τὰς</span> <span class='ocrx_word' id='word_1_41' title='bbox 881 830 1088 894; x_wconf 75' lang='grc' dir='ltr'>ὀδύνας.</span> <span class='ocrx_word' id='word_1_42' title='bbox 1139 831 1278 884; x_wconf 78' lang='grc' dir='ltr'>Ἀλλ’</span> <span class='ocrx_word' id='word_1_43' title='bbox 1307 833 1456 902; x_wconf 85' lang='grc' dir='ltr'>ὅμως</span> <span class='ocrx_word' id='word_1_44' title='bbox 1477 832 1712 904; x_wconf 80' lang='grc' dir='ltr'>τοσαύτη</span> <span class='ocrx_word' id='word_1_45' title='bbox 1745 833 1893 885; x_wconf 76' lang='grc' dir='ltr'>ἐστὶν</span> <span class='ocrx_word' id='word_1_46' title='bbox 1929 835 1960 904; x_wconf 83' lang='grc' dir='ltr'><strong>ὴ</strong></span> <span class='ocrx_word' id='word_1_47' title='bbox 1984 834 2092 887; x_wconf 84' lang='grc' dir='ltr'>τῶν</span> 
     </span>
    </p>
   </div>
   <div class='ocr_carea' id='block_1_8' title="bbox 417 917 2091 994">
    <p class='ocr_par' dir='ltr' id='par_1_8' title="bbox 417 917 2091 994">
     <span class='ocr_line' id='line_1_8' title="bbox 417 917 2091 994; baseline 0.003 -24"><span class='ocrx_word' id='word_1_48' title='bbox 417 917 592 970; x_wconf 78' lang='grc' dir='ltr'>πόνων</span> <span class='ocrx_word' id='word_1_49' title='bbox 621 918 962 989; x_wconf 86' lang='grc' dir='ltr'>παραμυθία,</span> <span class='ocrx_word' id='word_1_50' title='bbox 993 920 1068 982; x_wconf 86' lang='grc' dir='ltr'>ὼς</span> <span class='ocrx_word' id='word_1_51' title='bbox 1101 921 1148 972; x_wconf 89' lang='grc' dir='ltr'>εί</span> <span class='ocrx_word' id='word_1_52' title='bbox 1183 921 1276 973; x_wconf 59' lang='grc' dir='ltr'>καὶ⁵</span> <span class='ocrx_word' id='word_1_53' title='bbox 1302 921 1470 974; x_wconf 87' lang='grc' dir='ltr'>ταῦτα</span> <span class='ocrx_word' id='word_1_54' title='bbox 1499 921 1784 992; x_wconf 84' lang='grc' dir='ltr'>ἀμφότερα</span> <span class='ocrx_word' id='word_1_55' title='bbox 1807 922 1834 962; x_wconf 74' lang='lat' dir='ltr'><strong>b</strong></span> <span class='ocrx_word' id='word_1_56' title='bbox 1861 923 2091 994; x_wconf 78' lang='grc' dir='ltr'>προσγέ·</span> 
     </span>
    </p>
   </div>
   <div class='ocr_carea' id='block_1_9' title="bbox 416 1005 2084 1080">
    <p class='ocr_par' dir='ltr' id='par_1_9' title="bbox 416 1005 2084 1080">
     <span class='ocr_line' id='line_1_9' title="bbox 416 1005 2084 1080; baseline 0.001 -22"><span class='ocrx_word' id='word_1_57' title='bbox 416 1024 580 1070; x_wconf 90' lang='grc' dir='ltr'>νοιτο,</span> <span class='ocrx_word' id='word_1_58' title='bbox 607 1005 862 1060; x_wconf 87' lang='grc' dir='ltr'>δύνασθαι</span> <span class='ocrx_word' id='word_1_59' title='bbox 889 1007 978 1060; x_wconf 80' lang='grc' dir='ltr'>τὸν</span> <span class='ocrx_word' id='word_1_60' title='bbox 1005 1007 1220 1079; x_wconf 78' lang='grc' dir='ltr'>οἰκέτην</span> <span class='ocrx_word' id='word_1_61' title='bbox 1239 1008 1540 1062; x_wconf 87' lang='grc' dir='ltr'>καθεύδειν.</span> <span class='ocrx_word' id='word_1_62' title='bbox 1579 1009 1798 1078; x_wconf 82' lang='grc' dir='ltr'>Ἐπειδὴ</span> <span class='ocrx_word' id='word_1_63' title='bbox 1819 1009 1927 1080; x_wconf 86' lang='grc' dir='ltr'>γάρ</span> <span class='ocrx_word' id='word_1_64' title='bbox 1955 1009 2084 1061; x_wconf 80' lang='grc' dir='ltr'>κατὲ</span> 
     </span>
    </p>
   </div>
   <div class='ocr_carea' id='block_1_10' title="bbox 415 1094 2096 1167">
    <p class='ocr_par' dir='ltr' id='par_1_10' title="bbox 415 1094 2096 1167">
     <span class='ocr_line' id='line_1_10' title="bbox 415 1094 2096 1167; baseline 0.001 -20"><span class='ocrx_word' id='word_1_65' title='bbox 415 1095 513 1166; x_wconf 82' lang='grc' dir='ltr'>τὴν</span> <span class='ocrx_word' id='word_1_66' title='bbox 544 1095 755 1166; x_wconf 79' lang='grc' dir='ltr'>ἡμέραν</span> <span class='ocrx_word' id='word_1_67' title='bbox 779 1094 999 1148; x_wconf 75' lang='grc' dir='ltr'>ἃπασαν</span> <span class='ocrx_word' id='word_1_68' title='bbox 1029 1095 1303 1166; x_wconf 88' lang='grc' dir='ltr'>πανταχοῦ</span> <span class='ocrx_word' id='word_1_69' title='bbox 1331 1096 1710 1166; x_wconf 71' lang='grc' dir='ltr'>περι-τρέχουσι</span> <span class='ocrx_word' id='word_1_70' title='bbox 1744 1096 2096 1167; x_wconf 85' lang='grc' dir='ltr'>διακονούμε-</span> 
     </span>
    </p>
   </div>
   <div class='ocr_carea' id='block_1_11' title="bbox 415 1183 2090 1257">
    <p class='ocr_par' dir='ltr' id='par_1_11' title="bbox 415 1183 2090 1257">
     <span class='ocr_line' id='line_1_11' title="bbox 415 1183 2090 1257; baseline 0.002 -22"><span class='ocrx_word' id='word_1_71' title='bbox 415 1200 496 1236; x_wconf 88' lang='grc' dir='ltr'>νοι</span> <span class='ocrx_word' id='word_1_72' title='bbox 518 1187 629 1246; x_wconf 88' lang='grc' dir='ltr'>τοῖς</span> <span class='ocrx_word' id='word_1_73' title='bbox 652 1183 828 1236; x_wconf 82' lang='grc' dir='ltr'>αὑτῶν</span> <span class='ocrx_word' id='word_1_74' title='bbox 849 1183 1160 1251; x_wconf 75' lang='grc' dir='ltr'>δεσπόταις,</span> <span class='ocrx_word' id='word_1_75' title='bbox 1179 1184 1527 1254; x_wconf 77' lang='grc' dir='ltr'>κοπτόμενοι,</span> <span class='ocrx_word' id='word_1_76' title='bbox 1555 1184 2090 1257; x_wconf 77' lang='grc' dir='ltr'>ταλαιπωρούμενοι,</span> 
     </span>
    </p>
   </div>
   <div class='ocr_carea' id='block_1_12' title="bbox 416 1270 2095 1341">
    <p class='ocr_par' dir='ltr' id='par_1_12' title="bbox 416 1270 2095 1341">
     <span class='ocr_line' id='line_1_12' title="bbox 416 1270 2095 1341; baseline 0.002 -19"><span class='ocrx_word' id='word_1_77' title='bbox 416 1270 512 1323; x_wconf 67' lang='grc' dir='ltr'>καὶ</span> <span class='ocrx_word' id='word_1_78' title='bbox 547 1271 665 1323; x_wconf 86' lang='grc' dir='ltr'>οὑδὲ</span> <span class='ocrx_word' id='word_1_79' title='bbox 694 1271 889 1341; x_wconf 71' lang='grc' dir='ltr'>μικρὸν</span> <span class='ocrx_word' id='word_1_80' title='bbox 913 1271 1291 1334; x_wconf 86' lang='grc' dir='ltr'>ἀναπνέοντες,</span> <span class='ocrx_word' id='word_1_81' title='bbox 1323 1270 1432 1324; x_wconf 88' lang='grc' dir='ltr'>τῶν</span> <span class='ocrx_word' id='word_1_82' title='bbox 1465 1271 1728 1340; x_wconf 81' lang='grc' dir='ltr'>καμάτων</span> <span class='ocrx_word' id='word_1_83' title='bbox 1754 1271 1978 1324; x_wconf 82' lang='grc' dir='ltr'>ἐκείνων</span> <span class='ocrx_word' id='word_1_84' title='bbox 2000 1273 2095 1325; x_wconf 75' lang='grc' dir='ltr'>καὶ</span> 
     </span>
    </p>
   </div>
   <div class='ocr_carea' id='block_1_13' title="bbox 415 1357 2095 1430">
    <p class='ocr_par' dir='ltr' id='par_1_13' title="bbox 415 1357 2095 1430">
     <span class='ocr_line' id='line_1_13' title="bbox 415 1357 2095 1430; baseline 0.001 -22"><span class='ocrx_word' id='word_1_85' title='bbox 415 1357 523 1409; x_wconf 89' lang='grc' dir='ltr'>τῶν</span> <span class='ocrx_word' id='word_1_86' title='bbox 556 1357 731 1410; x_wconf 86' lang='grc' dir='ltr'>πόνων</span> <span class='ocrx_word' id='word_1_87' title='bbox 785 1357 974 1426; x_wconf 77' lang='grc' dir='ltr'>ἱκανὴν</span> <span class='ocrx_word' id='word_1_88' title='bbox 1011 1357 1487 1428; x_wconf 88' lang='grc' dir='ltr'>ἁπολαμϐάνουσιν</span> <span class='ocrx_word' id='word_1_89' title='bbox 1523 1357 1757 1428; x_wconf 81' lang='grc' dir='ltr'>ἀμοιϐὴν</span> <span class='ocrx_word' id='word_1_90' title='bbox 1790 1359 1888 1428; x_wconf 88' lang='grc' dir='ltr'>τὴν</span> <span class='ocrx_word' id='word_1_91' title='bbox 1931 1359 1988 1410; x_wconf 91' lang='grc' dir='ltr'>ἐν</span> <span class='ocrx_word' id='word_1_92' title='bbox 2017 1357 2095 1430; x_wconf 84' lang='grc' dir='ltr'>τῷ</span> 
     </span>
    </p>
   </div>
   <div class='ocr_carea' id='block_1_14' title="bbox 416 1443 2096 1518">
    <p class='ocr_par' dir='ltr' id='par_1_14' title="bbox 416 1443 2096 1518">
     <span class='ocr_line' id='line_1_14' title="bbox 416 1443 2096 1518; baseline 0 -20"><span class='ocrx_word' id='word_1_93' title='bbox 416 1444 698 1498; x_wconf 80' lang='grc' dir='ltr'>καθεύδειν</span> <span class='ocrx_word' id='word_1_94' title='bbox 725 1445 938 1516; x_wconf 79' lang='grc' dir='ltr'>ἡδονήν.</span> <span class='ocrx_word' id='word_1_95' title='bbox 973 1443 1077 1498; x_wconf 76' lang='grc' dir='ltr'>Καὶ</span> <span class='ocrx_word' id='word_1_96' title='bbox 1101 1445 1256 1498; x_wconf 85' lang='grc' dir='ltr'>τοῦτο</span> <span class='ocrx_word' id='word_1_97' title='bbox 1277 1446 1378 1515; x_wconf 90' lang='grc' dir='ltr'>τῆς</span> <span class='ocrx_word' id='word_1_98' title='bbox 1408 1444 1500 1497; x_wconf 89' lang='grc' dir='ltr'>τοῦ</span> <span class='ocrx_word' id='word_1_99' title='bbox 1524 1445 1659 1498; x_wconf 81' lang='grc' dir='ltr'>Θεοῦ</span> <span class='ocrx_word' id='word_1_100' title='bbox 1685 1445 2096 1518; x_wconf 78' lang='grc' dir='ltr'>φιλανθρωπίας</span> 
     </span>
    </p>
   </div>
   <div class='ocr_carea' id='block_1_15' title="bbox 417 1529 2094 1604">
    <p class='ocr_par' dir='ltr' id='par_1_15' title="bbox 417 1529 2094 1604">
     <span class='ocr_line' id='line_1_15' title="bbox 417 1529 2094 1604; baseline 0.001 -18"><span class='ocrx_word' id='word_1_101' title='bbox 417 1533 576 1604; x_wconf 81' lang='grc' dir='ltr'>ἔργον</span> <span class='ocrx_word' id='word_1_102' title='bbox 607 1533 844 1600; x_wconf 80' lang='grc' dir='ltr'>ἐγένετο,</span> <span class='ocrx_word' id='word_1_103' title='bbox 880 1533 940 1584; x_wconf 88' lang='grc' dir='ltr'>τὸ</span> <span class='ocrx_word' id='word_1_104' title='bbox 975 1543 996 1570; x_wconf 76' lang='grc' dir='ltr'>ε</span> <span class='ocrx_word' id='word_1_105' title='bbox 1029 1531 1104 1602; x_wconf 85' lang='grc' dir='ltr'>μὴ</span> <span class='ocrx_word' id='word_1_106' title='bbox 1131 1532 1316 1603; x_wconf 86' lang='grc' dir='ltr'>χρυσῴ</span> <span class='ocrx_word' id='word_1_107' title='bbox 1350 1533 1442 1584; x_wconf 73' lang='grc' dir='ltr'>καὶ</span> <span class='ocrx_word' id='word_1_108' title='bbox 1469 1532 1694 1604; x_wconf 82' lang='grc' dir='ltr'>ἀργύρῳ</span> <span class='ocrx_word' id='word_1_109' title='bbox 1716 1533 1928 1604; x_wconf 78' lang='grc' dir='ltr'>ὠνητὰς</span> <span class='ocrx_word' id='word_1_110' title='bbox 1958 1529 2094 1588; x_wconf 80' lang='grc' dir='ltr'>εἶναι</span> 
     </span>
    </p>
   </div>
   <div class='ocr_carea' id='block_1_16' title="bbox 415 1619 2096 1692">
    <p class='ocr_par' dir='ltr' id='par_1_16' title="bbox 415 1619 2096 1692">
     <span class='ocr_line' id='line_1_16' title="bbox 415 1619 2096 1692; baseline -0.001 -18"><span class='ocrx_word' id='word_1_111' title='bbox 415 1621 514 1686; x_wconf 79' lang='grc' dir='ltr'>τὰς</span> <span class='ocrx_word' id='word_1_112' title='bbox 543 1622 754 1692; x_wconf 70' lang='grc' dir='ltr'>ἡδονάς,</span> <span class='ocrx_word' id='word_1_113' title='bbox 787 1620 922 1674; x_wconf 85' lang='grc' dir='ltr'>ἀλλά</span> <span class='ocrx_word' id='word_1_114' title='bbox 953 1621 1098 1690; x_wconf 86' lang='grc' dir='ltr'>πόνῳ</span> <span class='ocrx_word' id='word_1_115' title='bbox 1156 1621 1250 1674; x_wconf 73' lang='grc' dir='ltr'>καὶ</span> <span class='ocrx_word' id='word_1_116' title='bbox 1291 1619 1476 1691; x_wconf 78' lang='grc' dir='ltr'>μόχθῳ</span> <span class='ocrx_word' id='word_1_117' title='bbox 1513 1621 1606 1673; x_wconf 71' lang='grc' dir='ltr'>καὶ</span> <span class='ocrx_word' id='word_1_118' title='bbox 1665 1620 1825 1691; x_wconf 80' lang='grc' dir='ltr'>χρείᾳ</span> <span class='ocrx_word' id='word_1_119' title='bbox 1882 1621 1975 1674; x_wconf 58' lang='grc' dir='ltr'>κοιλ¹</span> <span class='ocrx_word' id='word_1_120' title='bbox 2010 1639 2096 1690; x_wconf 87' lang='grc' dir='ltr'>φι-</span> 
     </span>
    </p>
   </div>
   <div class='ocr_carea' id='block_1_17' title="bbox 415 1707 2094 1780">
    <p class='ocr_par' dir='ltr' id='par_1_17' title="bbox 415 1707 2094 1780">
     <span class='ocr_line' id='line_1_17' title="bbox 415 1707 2094 1780; baseline -0.002 -17"><span class='ocrx_word' id='word_1_121' title='bbox 415 1711 643 1780; x_wconf 70' lang='grc' dir='ltr'>λοσοφίᾳ.</span> <span class='ocrx_word' id='word_1_122' title='bbox 687 1710 857 1780; x_wconf 86' lang='grc' dir='ltr'>πάσῃ.</span> <span class='ocrx_word' id='word_1_123' title='bbox 911 1707 1050 1762; x_wconf 86' lang='grc' dir='ltr'>Ἀλλ’</span> <span class='ocrx_word' id='word_1_124' title='bbox 1083 1709 1182 1778; x_wconf 90' lang='grc' dir='ltr'>οὑχ</span> <span class='ocrx_word' id='word_1_125' title='bbox 1227 1709 1276 1760; x_wconf 83' lang='grc' dir='ltr'>οἱ</span> <span class='ocrx_word' id='word_1_126' title='bbox 1323 1707 1678 1771; x_wconf 80' lang='grc' dir='ltr'>πλουτοῦντες</span> <span class='ocrx_word' id='word_1_127' title='bbox 1724 1707 1931 1772; x_wconf 85' lang='grc' dir='ltr'>οὕτως·</span> <span class='ocrx_word' id='word_1_128' title='bbox 1979 1708 2094 1762; x_wconf 85' lang='grc' dir='ltr'>ἀλλ’</span> 
     </span>
    </p>
   </div>
   <div class='ocr_carea' id='block_1_18' title="bbox 416 1793 2096 1866">
    <p class='ocr_par' dir='ltr' id='par_1_18' title="bbox 416 1793 2096 1866">
     <span class='ocr_line' id='line_1_18' title="bbox 416 1793 2096 1866; baseline -0.003 -16"><span class='ocrx_word' id='word_1_129' title='bbox 416 1797 510 1850; x_wconf 74' lang='grc' dir='ltr'>ἐπὶ</span> <span class='ocrx_word' id='word_1_130' title='bbox 555 1796 662 1850; x_wconf 86' lang='grc' dir='ltr'>τῶν</span> <span class='ocrx_word' id='word_1_131' title='bbox 703 1795 1038 1866; x_wconf 79' lang='grc' dir='ltr'>στρωμάτων</span> <span class='ocrx_word' id='word_1_132' title='bbox 1070 1796 1312 1865; x_wconf 87' lang='grc' dir='ltr'>κείμενοι</span> <span class='ocrx_word' id='word_1_133' title='bbox 1355 1793 1614 1857; x_wconf 77' lang='grc' dir='ltr'>πολλάκις</span> <span class='ocrx_word' id='word_1_134' title='bbox 1647 1794 1714 1848; x_wconf 78' lang='grc' dir='ltr'>δι’</span> <span class='ocrx_word' id='word_1_135' title='bbox 1740 1795 1868 1865; x_wconf 84' lang='grc' dir='ltr'>ὅλης</span> <span class='ocrx_word' id='word_1_136' title='bbox 1905 1794 2096 1858; x_wconf 77' lang='grc' dir='ltr'>νυκτὸς</span> 
     </span>
    </p>
   </div>
   <div class='ocr_carea' id='block_1_19' title="bbox 416 1879 2094 1956">
    <p class='ocr_par' dir='ltr' id='par_1_19' title="bbox 416 1879 2094 1956">
     <span class='ocr_line' id='line_1_19' title="bbox 416 1879 2094 1956; baseline -0.001 -19"><span class='ocrx_word' id='word_1_137' title='bbox 416 1883 756 1956; x_wconf 86' lang='grc' dir='ltr'>ἀγρυπνοῦσι</span> <span class='ocrx_word' id='word_1_138' title='bbox 796 1883 891 1936; x_wconf 76' lang='grc' dir='ltr'>καὶ</span> <span class='ocrx_word' id='word_1_139' title='bbox 932 1881 1100 1935; x_wconf 80' lang='grc' dir='ltr'>πολλὰ</span> <span class='ocrx_word' id='word_1_140' title='bbox 1139 1879 1523 1952; x_wconf 77' lang='grc' dir='ltr'>μηχανώμενοι</span> <span class='ocrx_word' id='word_1_141' title='bbox 1557 1881 1814 1952; x_wconf 80' lang='grc' dir='ltr'>τοιαύτης</span> <span class='ocrx_word' id='word_1_142' title='bbox 1835 1883 1934 1934; x_wconf 80' lang='grc' dir='ltr'>οὑκ</span> <span class='ocrx_word' id='word_1_143' title='bbox 1956 1882 2094 1935; x_wconf 85' lang='grc' dir='ltr'>ἀπο-</span> 
     </span>
    </p>
   </div>
   <div class='ocr_carea' id='block_1_20' title="bbox 417 1968 2097 2040">
    <p class='ocr_par' dir='ltr' id='par_1_20' title="bbox 417 1968 2097 2040">
     <span class='ocr_line' id='line_1_20' title="bbox 417 1968 2097 2040; baseline -0.002 -15"><span class='ocrx_word' id='word_1_144' title='bbox 417 1972 667 2025; x_wconf 87' lang='grc' dir='ltr'>λαύουσιν</span> <span class='ocrx_word' id='word_1_145' title='bbox 724 1970 940 2040; x_wconf 75' lang='grc' dir='ltr'>ἡδονῆς.</span> <span class='ocrx_word' id='word_1_146' title='bbox 1011 1969 1070 2022; x_wconf 88' lang='lat'>&#39;0</span> <span class='ocrx_word' id='word_1_147' title='bbox 1124 1970 1178 2023; x_wconf 79' lang='grc' dir='ltr'>δὲ</span> <span class='ocrx_word' id='word_1_148' title='bbox 1225 1970 1396 2040; x_wconf 90' lang='grc' dir='ltr'>πένης</span> <span class='ocrx_word' id='word_1_149' title='bbox 1439 1970 1502 2021; x_wconf 85' lang='grc' dir='ltr'>ἐκ</span> <span class='ocrx_word' id='word_1_150' title='bbox 1551 1969 1660 2022; x_wconf 87' lang='grc' dir='ltr'>τῶν</span> <span class='ocrx_word' id='word_1_151' title='bbox 1719 1968 2097 2040; x_wconf 82' lang='grc' dir='ltr'>μεθημερινῶν</span> 
     </span>
    </p>
   </div>
   <div class='ocr_carea' id='block_1_21' title="bbox 419 2055 2097 2128">
    <p class='ocr_par' dir='ltr' id='par_1_21' title="bbox 419 2055 2097 2128">
     <span class='ocr_line' id='line_1_21' title="bbox 419 2055 2097 2128; baseline -0.002 -16"><span class='ocrx_word' id='word_1_152' title='bbox 419 2059 656 2122; x_wconf 79' lang='grc' dir='ltr'>ἀναστάς</span> <span class='ocrx_word' id='word_1_153' title='bbox 683 2059 858 2110; x_wconf 86' lang='grc' dir='ltr'>πόνων</span> <span class='ocrx_word' id='word_1_154' title='bbox 885 2057 1205 2128; x_wconf 86' lang='grc' dir='ltr'>κεκμηκότα</span> <span class='ocrx_word' id='word_1_155' title='bbox 1238 2055 1374 2126; x_wconf 77' lang='grc' dir='ltr'>ἔχων</span> <span class='ocrx_word' id='word_1_156' title='bbox 1403 2056 1473 2109; x_wconf 76' lang='grc' dir='ltr'>τά</span> <span class='ocrx_word' id='word_1_157' title='bbox 1507 2056 1666 2127; x_wconf 83' lang='grc' dir='ltr'>μέλη,</span> <span class='ocrx_word' id='word_1_158' title='bbox 1713 2057 1840 2128; x_wconf 74' lang='grc' dir='ltr'>πρὶν</span> <span class='ocrx_word' id='word_1_159' title='bbox 1867 2057 1900 2126; x_wconf 83' lang='grc' dir='ltr'>ἢ</span> <span class='ocrx_word' id='word_1_160' title='bbox 1927 2073 2097 2110; x_wconf 86' lang='grc' dir='ltr'>κατα-</span> 
     </span>
    </p>
   </div>
   <div class='ocr_carea' id='block_1_22' title="bbox 419 2143 2093 2217">
    <p class='ocr_par' dir='ltr' id='par_1_22' title="bbox 419 2143 2093 2217">
     <span class='ocr_line' id='line_1_22' title="bbox 419 2143 2093 2217; baseline -0.002 -18"><span class='ocrx_word' id='word_1_161' title='bbox 419 2150 626 2208; x_wconf 84' lang='grc' dir='ltr'>πεσεῖν,</span> <span class='ocrx_word' id='word_1_162' title='bbox 669 2146 865 2217; x_wconf 86' lang='grc' dir='ltr'>ἀθρόον</span> <span class='ocrx_word' id='word_1_163' title='bbox 891 2146 984 2198; x_wconf 71' lang='grc' dir='ltr'>καὶ</span> <span class='ocrx_word' id='word_1_164' title='bbox 1015 2146 1143 2214; x_wconf 75' lang='grc' dir='ltr'>ἡδὺν</span> <span class='ocrx_word' id='word_1_165' title='bbox 1180 2145 1272 2198; x_wconf 70' lang='grc' dir='ltr'>καὶ</span> <span class='ocrx_word' id='word_1_166' title='bbox 1299 2145 1520 2215; x_wconf 80' lang='grc' dir='ltr'>γνήσιον</span> <span class='ocrx_word' id='word_1_167' title='bbox 1549 2144 1638 2197; x_wconf 82' lang='grc' dir='ltr'>τὸν</span> <span class='ocrx_word' id='word_1_168' title='bbox 1666 2143 1832 2197; x_wconf 89' lang='grc' dir='ltr'>ὕπνον</span> <span class='ocrx_word' id='word_1_169' title='bbox 1860 2145 2093 2208; x_wconf 77' lang='grc' dir='ltr'>ἐδέξατο,</span> 
     </span>
    </p>
   </div>
   <div class='ocr_carea' id='block_1_23' title="bbox 419 2231 2092 2305">
    <p class='ocr_par' dir='ltr' id='par_1_23' title="bbox 419 2231 2092 2305">
     <span class='ocr_line' id='line_1_23' title="bbox 419 2231 2092 2305; baseline -0.003 -19"><span class='ocrx_word' id='word_1_170' title='bbox 419 2235 478 2286; x_wconf 79' lang='grc' dir='ltr'>ού</span> <span class='ocrx_word' id='word_1_171' title='bbox 505 2232 696 2305; x_wconf 73' lang='grc' dir='ltr'>μικρὸν</span> <span class='ocrx_word' id='word_1_172' title='bbox 719 2232 811 2284; x_wconf 74' lang='grc' dir='ltr'>καὶ</span> <span class='ocrx_word' id='word_1_173' title='bbox 833 2231 990 2284; x_wconf 86' lang='grc' dir='ltr'>τοῦτο</span> <span class='ocrx_word' id='word_1_174' title='bbox 1008 2231 1112 2283; x_wconf 87' lang='grc' dir='ltr'>τῶν</span> <span class='ocrx_word' id='word_1_175' title='bbox 1133 2231 1356 2284; x_wconf 83' lang='grc' dir='ltr'>δικαίων</span> <span class='ocrx_word' id='word_1_176' title='bbox 1373 2232 1548 2284; x_wconf 86' lang='grc' dir='ltr'>πόνων</span> <span class='ocrx_word' id='word_1_177' title='bbox 1568 2231 1861 2301; x_wconf 88' lang='grc' dir='ltr'>λαμϐάνων</span> <span class='ocrx_word' id='word_1_178' title='bbox 1885 2231 2092 2301; x_wconf 84' lang='grc' dir='ltr'>μισθόν.</span> 
     </span>
    </p>
   </div>
   <div class='ocr_carea' id='block_1_24' title="bbox 421 2315 2093 2390">
    <p class='ocr_par' dir='ltr' id='par_1_24' title="bbox 421 2315 2093 2390">
     <span class='ocr_line' id='line_1_24' title="bbox 421 2315 2093 2390; baseline -0.002 -18"><span class='ocrx_word' id='word_1_179' title='bbox 421 2321 591 2372; x_wconf 82' lang='grc' dir='ltr'>Ὅταν</span> <span class='ocrx_word' id='word_1_180' title='bbox 622 2315 714 2371; x_wconf 80' lang='grc' dir='ltr'>οὖν</span> <span class='ocrx_word' id='word_1_181' title='bbox 747 2317 885 2388; x_wconf 84' lang='grc' dir='ltr'>μετά</span> <span class='ocrx_word' id='word_1_182' title='bbox 927 2317 1172 2381; x_wconf 86' lang='grc' dir='ltr'>πλείονος</span> <span class='ocrx_word' id='word_1_183' title='bbox 1211 2318 1404 2388; x_wconf 66' lang='grc' dir='ltr'>ἡδονῆς</span> <span class='ocrx_word' id='word_1_184' title='bbox 1437 2320 1466 2370; x_wconf 99' lang='lat'>6</span> <span class='ocrx_word' id='word_1_185' title='bbox 1501 2317 1671 2388; x_wconf 83' lang='grc' dir='ltr'>πένης</span> <span class='ocrx_word' id='word_1_186' title='bbox 1711 2319 1806 2371; x_wconf 74' lang='grc' dir='ltr'>καὶ</span> <span class='ocrx_word' id='word_1_187' title='bbox 1837 2317 2093 2390; x_wconf 80' lang='grc' dir='ltr'>καθεύδῃ,</span> 
     </span>
    </p>
   </div>
   <div class='ocr_carea' id='block_1_25' title="bbox 420 2403 2097 2477">
    <p class='ocr_par' dir='ltr' id='par_1_25' title="bbox 420 2403 2097 2477">
     <span class='ocr_line' id='line_1_25' title="bbox 420 2403 2097 2477; baseline -0.003 -17"><span class='ocrx_word' id='word_1_188' title='bbox 420 2409 512 2460; x_wconf 72' lang='grc' dir='ltr'>καὶ</span> <span class='ocrx_word' id='word_1_189' title='bbox 561 2405 726 2476; x_wconf 89' lang='grc' dir='ltr'>πίνῃ,</span> <span class='ocrx_word' id='word_1_190' title='bbox 777 2403 871 2457; x_wconf 77' lang='grc' dir='ltr'>καὶ</span> <span class='ocrx_word' id='word_1_191' title='bbox 926 2404 1104 2477; x_wconf 88' lang='grc' dir='ltr'>ἐσθίῃ,</span> <span class='ocrx_word' id='word_1_192' title='bbox 1153 2405 1298 2467; x_wconf 88' lang='grc' dir='ltr'>τίνος</span> <span class='ocrx_word' id='word_1_193' title='bbox 1357 2404 1510 2456; x_wconf 76' lang='grc' dir='ltr'>ἔσται</span> <span class='ocrx_word' id='word_1_194' title='bbox 1563 2403 1749 2458; x_wconf 74' lang='grc' dir='ltr'>λοιπον</span> <span class='ocrx_word' id='word_1_195' title='bbox 1787 2407 1816 2456; x_wconf 91' lang='lat'>6</span> <span class='ocrx_word' id='word_1_196' title='bbox 1871 2403 2097 2465; x_wconf 84' lang='grc' dir='ltr'>πλοῦτος</span> 
     </span>
    </p>
   </div>
   <div class='ocr_carea' id='block_1_26' title="bbox 420 2491 2096 2563">
    <p class='ocr_par' dir='ltr' id='par_1_26' title="bbox 420 2491 2096 2563">
     <span class='ocr_line' id='line_1_26' title="bbox 420 2491 2096 2563; baseline -0.002 -17"><span class='ocrx_word' id='word_1_197' title='bbox 420 2495 593 2560; x_wconf 77' lang='grc' dir='ltr'>ἄξιος,</span> <span class='ocrx_word' id='word_1_198' title='bbox 635 2491 664 2543; x_wconf 81' lang='grc' dir='ltr'>ὃ</span> <span class='ocrx_word' id='word_1_199' title='bbox 698 2492 846 2544; x_wconf 87' lang='grc' dir='ltr'>δοκεῖ</span> <span class='ocrx_word' id='word_1_200' title='bbox 896 2491 1039 2544; x_wconf 87' lang='grc' dir='ltr'>κατά</span> <span class='ocrx_word' id='word_1_201' title='bbox 1070 2493 1170 2562; x_wconf 88' lang='grc' dir='ltr'>τῆς</span> <span class='ocrx_word' id='word_1_202' title='bbox 1220 2492 1411 2555; x_wconf 84' lang='grc' dir='ltr'>πενίας</span> <span class='ocrx_word' id='word_1_203' title='bbox 1446 2492 1773 2563; x_wconf 86' lang='grc' dir='ltr'>προτέρημα</span> <span class='ocrx_word' id='word_1_204' title='bbox 1801 2491 1968 2560; x_wconf 73' lang='grc' dir='ltr'>ἔχειν,</span> <span class='ocrx_word' id='word_1_205' title='bbox 2003 2491 2096 2544; x_wconf 77' lang='grc' dir='ltr'>καὶ</span> 
     </span>
    </p>
   </div>
   <div class='ocr_carea' id='block_1_27' title="bbox 419 2577 2094 2652">
    <p class='ocr_par' dir='ltr' id='par_1_27' title="bbox 419 2577 2094 2652">
     <span class='ocr_line' id='line_1_27' title="bbox 419 2577 2094 2652; baseline -0.004 -18"><span class='ocrx_word' id='word_1_206' title='bbox 419 2582 578 2634; x_wconf 87' lang='grc' dir='ltr'>τοῦτο</span> <span class='ocrx_word' id='word_1_207' title='bbox 605 2579 992 2652; x_wconf 81' lang='grc' dir='ltr'>ἀφῃρημένος;</span> <span class='ocrx_word' id='word_1_208' title='bbox 1028 2579 1125 2630; x_wconf 81' lang='grc' dir='ltr'>Διά</span> <span class='ocrx_word' id='word_1_209' title='bbox 1157 2579 1314 2631; x_wconf 89' lang='grc' dir='ltr'>τοῦτο</span> <span class='ocrx_word' id='word_1_210' title='bbox 1353 2580 1446 2632; x_wconf 74' lang='grc' dir='ltr'>καὶ</span> <span class='ocrx_word' id='word_1_211' title='bbox 1485 2579 1545 2644; x_wconf 84' lang='grc' dir='ltr'>ἐξ</span> <span class='ocrx_word' id='word_1_212' title='bbox 1575 2579 1748 2649; x_wconf 87' lang='grc' dir='ltr'>ἀρχῆς</span> <span class='ocrx_word' id='word_1_213' title='bbox 1780 2579 1808 2630; x_wconf 92' lang='lat'>6</span> <span class='ocrx_word' id='word_1_214' title='bbox 1837 2578 1968 2639; x_wconf 81' lang='grc' dir='ltr'>Θεὸς</span> <span class='ocrx_word' id='word_1_215' title='bbox 1998 2577 2094 2628; x_wconf 80' lang='grc' dir='ltr'>πό-</span> 
     </span>
    </p>
   </div>
   <div class='ocr_carea' id='block_1_28' title="bbox 421 2664 2096 2739">
    <p class='ocr_par' dir='ltr' id='par_1_28' title="bbox 421 2664 2096 2739">
     <span class='ocr_line' id='line_1_28' title="bbox 421 2664 2096 2739; baseline -0.005 -15"><span class='ocrx_word' id='word_1_216' title='bbox 421 2687 510 2724; x_wconf 91' lang='grc' dir='ltr'>νον</span> <span class='ocrx_word' id='word_1_217' title='bbox 535 2668 614 2739; x_wconf 86' lang='grc' dir='ltr'>τῷ</span> <span class='ocrx_word' id='word_1_218' title='bbox 647 2667 916 2739; x_wconf 84' lang='grc' dir='ltr'>ἀνθρώπῳ</span> <span class='ocrx_word' id='word_1_219' title='bbox 940 2667 1277 2732; x_wconf 76' lang='grc' dir='ltr'>συνέζευξεν,</span> <span class='ocrx_word' id='word_1_220' title='bbox 1309 2667 1430 2736; x_wconf 78' lang='grc' dir='ltr'>οὑχὶ</span> <span class='ocrx_word' id='word_1_221' title='bbox 1461 2667 1870 2738; x_wconf 84' lang='grc' dir='ltr'>τιμωρούμενος</span> <span class='ocrx_word' id='word_1_222' title='bbox 1907 2664 2096 2728; x_wconf 82' lang='grc' dir='ltr'>αὑτὸν,</span> 
     </span>
    </p>
   </div>
   <div class='ocr_carea' id='block_1_29' title="bbox 419 2753 2096 2823">
    <p class='ocr_par' dir='ltr' id='par_1_29' title="bbox 419 2753 2096 2823">
     <span class='ocr_line' id='line_1_29' title="bbox 419 2753 2096 2823; baseline -0.004 -13"><span class='ocrx_word' id='word_1_223' title='bbox 419 2756 542 2810; x_wconf 89' lang='grc' dir='ltr'>οὑδέ</span> <span class='ocrx_word' id='word_1_224' title='bbox 578 2755 843 2820; x_wconf 76' lang='grc' dir='ltr'>κολάζων,</span> <span class='ocrx_word' id='word_1_225' title='bbox 888 2753 1022 2806; x_wconf 86' lang='grc' dir='ltr'>ἀλλά</span> <span class='ocrx_word' id='word_1_226' title='bbox 1063 2755 1412 2823; x_wconf 80' lang='grc' dir='ltr'>σωφρονίζων</span> <span class='ocrx_word' id='word_1_227' title='bbox 1477 2756 1570 2806; x_wconf 72' lang='grc' dir='ltr'>καὶ</span> <span class='ocrx_word' id='word_1_228' title='bbox 1617 2753 1907 2807; x_wconf 86' lang='grc' dir='ltr'>παιδεύων.</span> <span class='ocrx_word' id='word_1_229' title='bbox 1968 2753 2096 2806; x_wconf 84' lang='grc' dir='ltr'>Ὅτε</span> 
     </span>
    </p>
   </div>
   <div class='ocr_carea' id='block_1_30' title="bbox 421 2839 2094 2912">
    <p class='ocr_par' dir='ltr' id='par_1_30' title="bbox 421 2839 2094 2912">
     <span class='ocr_line' id='line_1_30' title="bbox 421 2839 2094 2912; baseline -0.002 -16"><span class='ocrx_word' id='word_1_230' title='bbox 421 2843 618 2896; x_wconf 79' lang='grc' dir='ltr'>ἄπονον</span> <span class='ocrx_word' id='word_1_231' title='bbox 647 2839 757 2911; x_wconf 87' lang='grc' dir='ltr'>βίον</span> <span class='ocrx_word' id='word_1_232' title='bbox 784 2840 878 2910; x_wconf 78' lang='grc' dir='ltr'>ἔζη</span> <span class='ocrx_word' id='word_1_233' title='bbox 903 2841 931 2892; x_wconf 92' lang='lat'>6</span> <span class='ocrx_word' id='word_1_234' title='bbox 973 2839 1162 2910; x_wconf 75' lang='grc' dir='ltr'>Ἀδάμ,</span> <span class='ocrx_word' id='word_1_235' title='bbox 1211 2840 1432 2904; x_wconf 77' lang='grc' dir='ltr'>ἐξέπεσε</span> <span class='ocrx_word' id='word_1_236' title='bbox 1482 2839 1576 2894; x_wconf 89' lang='grc' dir='ltr'>τοῦ</span> <span class='ocrx_word' id='word_1_237' title='bbox 1614 2839 1944 2912; x_wconf 84' lang='grc' dir='ltr'>παραδείσου</span> <span class='ocrx_word' id='word_1_238' title='bbox 1965 2858 1976 2871; x_wconf 91' lang='grc'>·</span> <span class='ocrx_word' id='word_1_239' title='bbox 2007 2841 2094 2892; x_wconf 86' lang='grc' dir='ltr'>ὅτε</span> 
     </span>
    </p>
   </div>
   <div class='ocr_carea' id='block_1_31' title="bbox 421 2927 2098 2998">
    <p class='ocr_par' dir='ltr' id='par_1_31' title="bbox 421 2927 2098 2998">
     <span class='ocr_line' id='line_1_31' title="bbox 421 2927 2098 2998; baseline -0.001 -15"><span class='ocrx_word' id='word_1_240' title='bbox 421 2929 479 2984; x_wconf 82' lang='grc' dir='ltr'>δὲ</span> <span class='ocrx_word' id='word_1_241' title='bbox 505 2929 762 2982; x_wconf 89' lang='grc' dir='ltr'>ἐπίπονον</span> <span class='ocrx_word' id='word_1_242' title='bbox 789 2929 882 2980; x_wconf 73' lang='grc' dir='ltr'>καὶ</span> <span class='ocrx_word' id='word_1_243' title='bbox 900 2927 1194 2998; x_wconf 81' lang='grc' dir='ltr'>ἐπίμοχθον</span> <span class='ocrx_word' id='word_1_244' title='bbox 1222 2927 1607 2992; x_wconf 78' lang='grc' dir='ltr'>δἈπόστολος,</span> <span class='ocrx_word' id='word_1_245' title='bbox 1640 2929 1731 2982; x_wconf 62' lang='grc' dir='ltr'>καλ¹</span> <span class='ocrx_word' id='word_1_246' title='bbox 1763 2929 1964 2998; x_wconf 77' lang='grc' dir='ltr'>ἔλεγεν,</span> <span class='ocrx_word' id='word_1_247' title='bbox 2002 2929 2098 2981; x_wconf 79' lang='grc' dir='ltr'>Ἐν</span> 
     </span>
    </p>
   </div>
   <div class='ocr_carea' id='block_1_32' title="bbox 422 3013 2096 3085">
    <p class='ocr_par' dir='ltr' id='par_1_32' title="bbox 422 3013 2096 3085">
     <span class='ocr_line' id='line_1_32' title="bbox 422 3013 2096 3085; baseline -0.002 -16"><span class='ocrx_word' id='word_1_248' title='bbox 422 3019 588 3080; x_wconf 73' lang='grc' dir='ltr'>κόπῳ</span> <span class='ocrx_word' id='word_1_249' title='bbox 611 3015 708 3068; x_wconf 78' lang='grc' dir='ltr'>καὶ</span> <span class='ocrx_word' id='word_1_250' title='bbox 732 3014 934 3084; x_wconf 79' lang='grc' dir='ltr'>μόχθῳ</span> <span class='ocrx_word' id='word_1_251' title='bbox 962 3015 1151 3068; x_wconf 72' lang='grc' dir='ltr'>νύκτα</span> <span class='ocrx_word' id='word_1_252' title='bbox 1180 3013 1277 3067; x_wconf 79' lang='grc' dir='ltr'>καὶ</span> <span class='ocrx_word' id='word_1_253' title='bbox 1295 3013 1522 3082; x_wconf 73' lang='grc' dir='ltr'>ἡμέραν</span> <span class='ocrx_word' id='word_1_254' title='bbox 1544 3013 1950 3085; x_wconf 71' lang='grc' dir='ltr'>ἑργαζὶῖμε-νος,</span> <span class='ocrx_word' id='word_1_255' title='bbox 1978 3015 2096 3068; x_wconf 88' lang='grc' dir='ltr'>τότε</span> 
     </span>
    </p>
   </div>
   <div class='ocr_carea' id='block_1_33' title="bbox 421 3101 2097 3174">
    <p class='ocr_par' dir='ltr' id='par_1_33' title="bbox 421 3101 2097 3174">
     <span class='ocr_line' id='line_1_33' title="bbox 421 3101 2097 3174; baseline -0.001 -18"><span class='ocrx_word' id='word_1_256' title='bbox 421 3101 660 3173; x_wconf 81' lang='grc' dir='ltr'>ἀπῆλθεν</span> <span class='ocrx_word' id='word_1_257' title='bbox 691 3103 769 3164; x_wconf 89' lang='grc' dir='ltr'>είς</span> <span class='ocrx_word' id='word_1_258' title='bbox 797 3101 886 3154; x_wconf 64' lang='grc' dir='ltr'>τέν</span> <span class='ocrx_word' id='word_1_259' title='bbox 910 3101 1256 3172; x_wconf 82' lang='grc' dir='ltr'>παράδεισον,</span> <span class='ocrx_word' id='word_1_260' title='bbox 1293 3102 1382 3154; x_wconf 78' lang='grc' dir='ltr'>καὶ</span> <span class='ocrx_word' id='word_1_261' title='bbox 1418 3104 1495 3165; x_wconf 86' lang='grc' dir='ltr'>είς</span> <span class='ocrx_word' id='word_1_262' title='bbox 1527 3103 1706 3174; x_wconf 85' lang='grc' dir='ltr'>τρίτον</span> <span class='ocrx_word' id='word_1_263' title='bbox 1752 3102 1979 3173; x_wconf 78' lang='grc' dir='ltr'>ἀνῆλθεν</span> <span class='ocrx_word' id='word_1_264' title='bbox 2005 3103 2097 3155; x_wconf 81' lang='grc' dir='ltr'>ού-</span> 
     </span>
    </p>
   </div>
   <div class='ocr_carea' id='block_1_34' title="bbox 424 3187 2096 3264">
    <p class='ocr_par' dir='ltr' id='par_1_34' title="bbox 424 3187 2096 3264">
     <span class='ocr_line' id='line_1_34' title="bbox 424 3187 2096 3264; baseline -0.001 -20"><span class='ocrx_word' id='word_1_265' title='bbox 424 3191 606 3264; x_wconf 87' lang='grc' dir='ltr'>ρανόν.</span> <span class='ocrx_word' id='word_1_266' title='bbox 638 3189 729 3259; x_wconf 84' lang='grc' dir='ltr'>Μὴ</span> <span class='ocrx_word' id='word_1_267' title='bbox 767 3189 944 3242; x_wconf 89' lang='grc' dir='ltr'>τοίνυν</span> <span class='ocrx_word' id='word_1_268' title='bbox 989 3187 1304 3259; x_wconf 83' lang='grc' dir='ltr'>κακίζωμεν</span> <span class='ocrx_word' id='word_1_269' title='bbox 1345 3189 1521 3248; x_wconf 85' lang='grc' dir='ltr'>πόνον,</span> <span class='ocrx_word' id='word_1_270' title='bbox 1565 3188 1698 3258; x_wconf 84' lang='grc' dir='ltr'>μηδὲ</span> <span class='ocrx_word' id='word_1_271' title='bbox 1749 3187 2096 3260; x_wconf 87' lang='grc' dir='ltr'>διαπτύωμεν</span> 
     </span>
    </p>
   </div>
   <div class='ocr_carea' id='block_1_35' title="bbox 423 3274 2096 3348">
    <p class='ocr_par' dir='ltr' id='par_1_35' title="bbox 423 3274 2096 3348">
     <span class='ocr_line' id='line_1_35' title="bbox 423 3274 2096 3348; baseline -0.001 -17"><span class='ocrx_word' id='word_1_272' title='bbox 423 3277 722 3348; x_wconf 57' lang='grc' dir='ltr'>ἐργασίαν</span> <span class='ocrx_word' id='word_1_273' title='bbox 773 3276 868 3329; x_wconf 71' lang='grc' dir='ltr'>καὶ</span> <span class='ocrx_word' id='word_1_274' title='bbox 919 3275 1026 3345; x_wconf 74' lang='grc' dir='ltr'>γὰρ</span> <span class='ocrx_word' id='word_1_275' title='bbox 1067 3275 1171 3344; x_wconf 80' lang='grc' dir='ltr'>πρὸ</span> <span class='ocrx_word' id='word_1_276' title='bbox 1225 3275 1325 3342; x_wconf 83' lang='grc' dir='ltr'>τῆς</span> <span class='ocrx_word' id='word_1_277' title='bbox 1373 3274 1650 3345; x_wconf 84' lang='grc' dir='ltr'>βασιλείας</span> <span class='ocrx_word' id='word_1_278' title='bbox 1701 3276 1809 3328; x_wconf 88' lang='grc' dir='ltr'>τῶν</span> <span class='ocrx_word' id='word_1_279' title='bbox 1851 3276 2096 3346; x_wconf 80' lang='grc' dir='ltr'>οὐρανῶν</span> 
     </span>
    </p>
   </div>
   <div class='ocr_carea' id='block_1_36' title="bbox 422 3361 2095 3435">
    <p class='ocr_par' dir='ltr' id='par_1_36' title="bbox 422 3361 2095 3435">
     <span class='ocr_line' id='line_1_36' title="bbox 422 3361 2095 3435; baseline -0.002 -16"><span class='ocrx_word' id='word_1_280' title='bbox 422 3364 671 3419; x_wconf 87' lang='grc' dir='ltr'>ἐντεῦθεν</span> <span class='ocrx_word' id='word_1_281' title='bbox 716 3364 977 3435; x_wconf 85' lang='grc' dir='ltr'>μεγίστην</span> <span class='ocrx_word' id='word_1_282' title='bbox 1031 3361 1379 3433; x_wconf 88' lang='grc' dir='ltr'>λαμϐάνομεν</span> <span class='ocrx_word' id='word_1_283' title='bbox 1430 3362 1698 3434; x_wconf 80' lang='grc' dir='ltr'>ἀμοιϐὴν,</span> <span class='ocrx_word' id='word_1_284' title='bbox 1751 3362 1848 3432; x_wconf 82' lang='grc' dir='ltr'>τὴν</span> <span class='ocrx_word' id='word_1_285' title='bbox 1898 3363 1959 3415; x_wconf 86' lang='grc' dir='ltr'>ἐκ</span> <span class='ocrx_word' id='word_1_286' title='bbox 2000 3362 2095 3416; x_wconf 88' lang='grc' dir='ltr'>τοῦ</span> 
     </span>
    </p>
   </div>
   <div class='ocr_carea' id='block_1_37' title="bbox 423 3449 2097 3524">
    <p class='ocr_par' dir='ltr' id='par_1_37' title="bbox 423 3449 2097 3524">
     <span class='ocr_line' id='line_1_37' title="bbox 423 3449 2097 3524; baseline -0.004 -16"><span class='ocrx_word' id='word_1_287' title='bbox 423 3455 754 3524; x_wconf 84' lang='grc' dir='ltr'>πράγματος</span> <span class='ocrx_word' id='word_1_288' title='bbox 782 3451 973 3523; x_wconf 79' lang='grc' dir='ltr'>ἡδονὴν</span> <span class='ocrx_word' id='word_1_289' title='bbox 1003 3450 1117 3522; x_wconf 77' lang='lat'>[3&#39;5]</span> <span class='ocrx_word' id='word_1_290' title='bbox 1149 3451 1547 3522; x_wconf 88' lang='grc' dir='ltr'>καρπούμενοι·</span> <span class='ocrx_word' id='word_1_291' title='bbox 1579 3451 1677 3520; x_wconf 90' lang='grc' dir='ltr'>οὑχ</span> <span class='ocrx_word' id='word_1_292' title='bbox 1705 3449 1893 3520; x_wconf 77' lang='grc' dir='ltr'>ἡδονὴν</span> <span class='ocrx_word' id='word_1_293' title='bbox 1915 3451 1971 3503; x_wconf 82' lang='grc' dir='ltr'>δὲ</span> <span class='ocrx_word' id='word_1_294' title='bbox 1999 3451 2097 3521; x_wconf 88' lang='grc' dir='ltr'>μό-</span> 
     </span>
    </p>
   </div>
   <div class='ocr_carea' id='block_1_38' title="bbox 421 3536 2099 3610">
    <p class='ocr_par' dir='ltr' id='par_1_38' title="bbox 421 3536 2099 3610">
     <span class='ocr_line' id='line_1_38' title="bbox 421 3536 2099 3610; baseline -0.001 -16"><span class='ocrx_word' id='word_1_295' title='bbox 421 3560 530 3606; x_wconf 89' lang='grc' dir='ltr'>νον,</span> <span class='ocrx_word' id='word_1_296' title='bbox 549 3541 684 3596; x_wconf 87' lang='grc' dir='ltr'>ἀλλά</span> <span class='ocrx_word' id='word_1_297' title='bbox 700 3541 817 3603; x_wconf 76' lang='grc' dir='ltr'>καὶ,</span> <span class='ocrx_word' id='word_1_298' title='bbox 842 3540 870 3592; x_wconf 80' lang='grc' dir='ltr'>δ</span> <span class='ocrx_word' id='word_1_299' title='bbox 895 3537 1073 3610; x_wconf 85' lang='grc' dir='ltr'>πολλῷ</span> <span class='ocrx_word' id='word_1_300' title='bbox 1102 3537 1286 3609; x_wconf 86' lang='grc' dir='ltr'>μεῖζόν</span> <span class='ocrx_word' id='word_1_301' title='bbox 1318 3539 1463 3592; x_wconf 86' lang='grc' dir='ltr'>ἐστιν</span> <span class='ocrx_word' id='word_1_302' title='bbox 1489 3537 1699 3609; x_wconf 82' lang='grc' dir='ltr'>ἡδονῆς,</span> <span class='ocrx_word' id='word_1_303' title='bbox 1721 3537 1908 3606; x_wconf 85' lang='grc' dir='ltr'>ὑγείαν</span> <span class='ocrx_word' id='word_1_304' title='bbox 1931 3536 2099 3592; x_wconf 85' lang='grc' dir='ltr'>καθα-</span> 
     </span>
    </p>
   </div>
   <div class='ocr_carea' id='block_1_39' title="bbox 421 3625 2097 3700">
    <p class='ocr_par' dir='ltr' id='par_1_39' title="bbox 421 3625 2097 3700">
     <span class='ocr_line' id='line_1_39' title="bbox 421 3625 2097 3700; baseline -0.002 -19"><span class='ocrx_word' id='word_1_305' title='bbox 421 3630 691 3700; x_wconf 85' lang='grc' dir='ltr'>ρωτάτην.</span> <span class='ocrx_word' id='word_1_306' title='bbox 754 3629 880 3690; x_wconf 85' lang='grc' dir='ltr'>Τοῖς</span> <span class='ocrx_word' id='word_1_307' title='bbox 940 3627 1040 3696; x_wconf 87' lang='grc' dir='ltr'>μέν</span> <span class='ocrx_word' id='word_1_308' title='bbox 1096 3625 1204 3696; x_wconf 78' lang='grc' dir='ltr'>γὰρ</span> <span class='ocrx_word' id='word_1_309' title='bbox 1255 3625 1543 3678; x_wconf 83' lang='grc' dir='ltr'>πλουτοῦσι</span> <span class='ocrx_word' id='word_1_310' title='bbox 1591 3626 1732 3696; x_wconf 84' lang='grc' dir='ltr'>μετά</span> <span class='ocrx_word' id='word_1_311' title='bbox 1773 3625 1874 3695; x_wconf 88' lang='grc' dir='ltr'>τῆς</span> <span class='ocrx_word' id='word_1_312' title='bbox 1905 3625 2097 3697; x_wconf 87' lang='grc' dir='ltr'>ἀηδίας</span> 
     </span>
    </p>
   </div>
   <div class='ocr_carea' id='block_1_40' title="bbox 421 3713 2096 3786">
    <p class='ocr_par' dir='ltr' id='par_1_40' title="bbox 421 3713 2096 3786">
     <span class='ocr_line' id='line_1_40' title="bbox 421 3713 2096 3786; baseline -0.001 -17"><span class='ocrx_word' id='word_1_313' title='bbox 421 3716 591 3770; x_wconf 86' lang='grc' dir='ltr'>πολλά</span> <span class='ocrx_word' id='word_1_314' title='bbox 652 3717 746 3770; x_wconf 76' lang='grc' dir='ltr'>καὶ</span> <span class='ocrx_word' id='word_1_315' title='bbox 791 3714 861 3768; x_wconf 88' lang='grc' dir='ltr'>τά</span> <span class='ocrx_word' id='word_1_316' title='bbox 903 3715 1186 3786; x_wconf 87' lang='grc' dir='ltr'>νοσήματα</span> <span class='ocrx_word' id='word_1_317' title='bbox 1232 3715 1477 3786; x_wconf 79' lang='grc' dir='ltr'>ἐπιρρεῖ·</span> <span class='ocrx_word' id='word_1_318' title='bbox 1525 3715 1574 3768; x_wconf 88' lang='grc' dir='ltr'>οἱ</span> <span class='ocrx_word' id='word_1_319' title='bbox 1622 3713 1678 3766; x_wconf 88' lang='grc' dir='ltr'>δὲ</span> <span class='ocrx_word' id='word_1_320' title='bbox 1723 3714 1954 3783; x_wconf 86' lang='grc' dir='ltr'>πένητες</span> <span class='ocrx_word' id='word_1_321' title='bbox 1989 3713 2096 3768; x_wconf 87' lang='grc' dir='ltr'>τῶν</span> 
     </span>
    </p>
   </div>
   <div class='ocr_carea' id='block_1_41' title="bbox 423 3799 2096 3875">
    <p class='ocr_par' dir='ltr' id='par_1_41' title="bbox 423 3799 2096 3875">
     <span class='ocr_line' id='line_1_41' title="bbox 423 3799 2096 3875; baseline -0.003 -18"><span class='ocrx_word' id='word_1_322' title='bbox 423 3803 680 3875; x_wconf 74' lang='grc' dir='ltr'>ἰατρικῶν</span> <span class='ocrx_word' id='word_1_323' title='bbox 715 3807 850 3856; x_wconf 86' lang='grc' dir='ltr'>εἰσιν</span> <span class='ocrx_word' id='word_1_324' title='bbox 884 3801 1291 3872; x_wconf 82' lang='grc' dir='ltr'>ἀπηλλαγμένοι</span> <span class='ocrx_word' id='word_1_325' title='bbox 1325 3801 1526 3872; x_wconf 88' lang='grc' dir='ltr'>χειρῶν</span> <span class='ocrx_word' id='word_1_326' title='bbox 1548 3817 1561 3831; x_wconf 92' lang='grc'><strong>·</strong></span> <span class='ocrx_word' id='word_1_327' title='bbox 1595 3803 1642 3854; x_wconf 83' lang='grc' dir='ltr'>εί</span> <span class='ocrx_word' id='word_1_328' title='bbox 1663 3799 1720 3853; x_wconf 88' lang='grc' dir='ltr'>δέ</span> <span class='ocrx_word' id='word_1_329' title='bbox 1745 3817 1848 3853; x_wconf 89' lang='grc' dir='ltr'>που</span> <span class='ocrx_word' id='word_1_330' title='bbox 1877 3800 1969 3853; x_wconf 73' lang='grc' dir='ltr'>καὶ</span> <span class='ocrx_word' id='word_1_331' title='bbox 2000 3817 2096 3852; x_wconf 89' lang='grc' dir='ltr'>πε-</span> 
     </span>
    </p>
   </div>
   <div class='ocr_carea' id='block_1_42' title="bbox 423 3887 2092 3962">
    <p class='ocr_par' dir='ltr' id='par_1_42' title="bbox 423 3887 2092 3962">
     <span class='ocr_line' id='line_1_42' title="bbox 423 3887 2092 3962; baseline -0.004 -18"><span class='ocrx_word' id='word_1_332' title='bbox 423 3893 698 3962; x_wconf 84' lang='grc' dir='ltr'>ριπέσοιεν</span> <span class='ocrx_word' id='word_1_333' title='bbox 740 3889 1156 3959; x_wconf 80' lang='grc' dir='ltr'>ἀρῤωστήματι,</span> <span class='ocrx_word' id='word_1_334' title='bbox 1187 3887 1398 3957; x_wconf 87' lang='grc' dir='ltr'>ταχέως</span> <span class='ocrx_word' id='word_1_335' title='bbox 1439 3887 1664 3949; x_wconf 83' lang='grc' dir='ltr'>ἑαυτοὺς</span> <span class='ocrx_word' id='word_1_336' title='bbox 1705 3887 2092 3957; x_wconf 86' lang='grc' dir='ltr'>ἀνεκτήσαντο,</span> 
     </span>
    </p>
   </div>
   <div class='ocr_carea' id='block_1_43' title="bbox 424 3968 2093 4042">
    <p class='ocr_par' dir='ltr' id='par_1_43' title="bbox 424 3968 2093 4042">
     <span class='ocr_line' id='line_1_43' title="bbox 424 3968 2093 4042; baseline -0.002 -17"><span class='ocrx_word' id='word_1_337' title='bbox 424 3972 682 4041; x_wconf 86' lang='grc' dir='ltr'>βλακείας</span> <span class='ocrx_word' id='word_1_338' title='bbox 701 3972 918 4042; x_wconf 87' lang='grc' dir='ltr'>ἀπάσης</span> <span class='ocrx_word' id='word_1_339' title='bbox 939 3971 1370 4040; x_wconf 83' lang='grc' dir='ltr'>ἀπηλλαγμένοι,</span> <span class='ocrx_word' id='word_1_340' title='bbox 1394 3969 1488 4022; x_wconf 74' lang='grc' dir='ltr'>καὶ</span> <span class='ocrx_word' id='word_1_341' title='bbox 1507 3969 1572 4022; x_wconf 84' lang='grc' dir='ltr'>τὰ</span> <span class='ocrx_word' id='word_1_342' title='bbox 1598 3968 1824 4039; x_wconf 87' lang='grc' dir='ltr'>σώματα</span> <span class='ocrx_word' id='word_1_343' title='bbox 1848 3969 2093 4040; x_wconf 88' lang='grc' dir='ltr'>εὕρωστα</span> 
     </span>
    </p>
   </div>
   <div class='ocr_carea' id='block_1_44' title="bbox 420 4056 654 4125">
    <p class='ocr_par' dir='ltr' id='par_1_44' title="bbox 420 4056 654 4125">
     <span class='ocr_line' id='line_1_44' title="bbox 420 4056 654 4125; baseline 0.004 -17"><span class='ocrx_word' id='word_1_344' title='bbox 420 4056 654 4125; x_wconf 80' lang='grc' dir='ltr'>ἔχοντες.</span> 
     </span>
    </p>
   </div>
   <div class='ocr_carea' id='block_1_45' title="bbox 491 4135 2095 4213">
    <p class='ocr_par' dir='ltr' id='par_1_45' title="bbox 491 4135 2095 4213">
     <span class='ocr_line' id='line_1_45' title="bbox 491 4135 2095 4213; baseline 0.001 -20"><span class='ocrx_word' id='word_1_345' title='bbox 491 4140 650 4207; x_wconf 82' lang='grc' dir='ltr'>Μέγα</span> <span class='ocrx_word' id='word_1_346' title='bbox 679 4139 863 4210; x_wconf 87' lang='grc' dir='ltr'>κτῆμα</span> <span class='ocrx_word' id='word_1_347' title='bbox 887 4139 1045 4192; x_wconf 90' lang='grc' dir='ltr'>πενία</span> <span class='ocrx_word' id='word_1_348' title='bbox 1075 4139 1187 4200; x_wconf 90' lang='grc' dir='ltr'>τοῖς</span> <span class='ocrx_word' id='word_1_349' title='bbox 1216 4137 1522 4206; x_wconf 73' lang='grc' dir='ltr'>φιλοσόφως</span> <span class='ocrx_word' id='word_1_350' title='bbox 1545 4135 1714 4208; x_wconf 81' lang='grc' dir='ltr'>αὑτὴν</span> <span class='ocrx_word' id='word_1_351' title='bbox 1733 4137 1976 4208; x_wconf 88' lang='grc' dir='ltr'>φέρουσι,</span> <span class='ocrx_word' id='word_1_352' title='bbox 2008 4141 2095 4213; x_wconf 81' lang='grc' dir='ltr'>θη-</span> 
     </span>
    </p>
   </div>
   <div class='ocr_carea' id='block_1_46' title="bbox 422 4221 2094 4296">
    <p class='ocr_par' dir='ltr' id='par_1_46' title="bbox 422 4221 2094 4296">
     <span class='ocr_line' id='line_1_46' title="bbox 422 4221 2094 4296; baseline 0.001 -20"><span class='ocrx_word' id='word_1_353' title='bbox 422 4221 620 4294; x_wconf 82' lang='grc' dir='ltr'>σαυρὸς</span> <span class='ocrx_word' id='word_1_354' title='bbox 651 4223 864 4286; x_wconf 78' lang='grc' dir='ltr'>ἄσυλος,</span> <span class='ocrx_word' id='word_1_355' title='bbox 893 4221 1163 4292; x_wconf 80' lang='grc' dir='ltr'>βακτηρία</span> <span class='ocrx_word' id='word_1_356' title='bbox 1198 4222 1544 4291; x_wconf 74' lang='grc' dir='ltr'>ἰσχυροτάτη,</span> <span class='ocrx_word' id='word_1_357' title='bbox 1571 4223 1761 4293; x_wconf 88' lang='grc' dir='ltr'>κτῆσις</span> <span class='ocrx_word' id='word_1_358' title='bbox 1788 4225 2094 4296; x_wconf 85' lang='grc' dir='ltr'>ἀνεπηρέα-</span> 
     </span>
    </p>
   </div>
   <div class='ocr_carea' id='block_1_47' title="bbox 420 4304 2090 4380">
    <p class='ocr_par' dir='ltr' id='par_1_47' title="bbox 420 4304 2090 4380">
     <span class='ocr_line' id='line_1_47' title="bbox 420 4304 2090 4380; baseline 0.002 -24"><span class='ocrx_word' id='word_1_359' title='bbox 420 4324 564 4369; x_wconf 86' lang='grc' dir='ltr'>στος,</span> <span class='ocrx_word' id='word_1_360' title='bbox 592 4305 934 4380; x_wconf 81' lang='grc' dir='ltr'>καταγώγιον</span> <span class='ocrx_word' id='word_1_361' title='bbox 968 4304 1437 4358; x_wconf 84' lang='grc' dir='ltr'>ἀνεπιϐούλευτον.</span> <span class='ocrx_word' id='word_1_362' title='bbox 1473 4304 1632 4358; x_wconf 86' lang='grc' dir='ltr'>Ἀλλά</span> <span class='ocrx_word' id='word_1_363' title='bbox 1669 4305 2090 4374; x_wconf 87' lang='grc' dir='ltr'>πλεονεκτεῖται,</span> 
     </span>
    </p>
   </div>
   <div class='ocr_carea' id='block_1_48' title="bbox 419 4386 2094 4460">
    <p class='ocr_par' dir='ltr' id='par_1_48' title="bbox 419 4386 2094 4460">
     <span class='ocr_line' id='line_1_48' title="bbox 419 4386 2094 4460; baseline -0.001 -18"><span class='ocrx_word' id='word_1_364' title='bbox 419 4392 586 4460; x_wconf 70' lang='grc' dir='ltr'>φησιν</span> <span class='ocrx_word' id='word_1_365' title='bbox 606 4431 620 4456; x_wconf 90' lang='grc'>,</span> <span class='ocrx_word' id='word_1_366' title='bbox 653 4391 680 4442; x_wconf 89' lang='lat'>6</span> <span class='ocrx_word' id='word_1_367' title='bbox 711 4390 881 4460; x_wconf 84' lang='grc' dir='ltr'>πένης</span> <span class='ocrx_word' id='word_1_368' title='bbox 910 4406 923 4420; x_wconf 88' lang='grc'><strong>·</strong></span> <span class='ocrx_word' id='word_1_369' title='bbox 957 4388 1069 4442; x_wconf 84' lang='grc' dir='ltr'>ἀλλ’</span> <span class='ocrx_word' id='word_1_370' title='bbox 1125 4386 1531 4441; x_wconf 84' lang='grc' dir='ltr'>ἐπιϐουλεύεται</span> <span class='ocrx_word' id='word_1_371' title='bbox 1562 4387 1824 4459; x_wconf 87' lang='grc' dir='ltr'>μειζόνως</span> <span class='ocrx_word' id='word_1_372' title='bbox 1865 4390 1893 4440; x_wconf 93' lang='lat'>6</span> <span class='ocrx_word' id='word_1_373' title='bbox 1927 4388 2094 4442; x_wconf 87' lang='grc' dir='ltr'>πλού-</span> 
     </span>
    </p>
   </div>
   <div class='ocr_carea' id='block_1_49' title="bbox 423 4471 2093 4543">
    <p class='ocr_par' dir='ltr' id='par_1_49' title="bbox 423 4471 2093 4543">
     <span class='ocr_line' id='line_1_49' title="bbox 423 4471 2093 4543; baseline -0.001 -17"><span class='ocrx_word' id='word_1_374' title='bbox 423 4491 566 4537; x_wconf 88' lang='grc' dir='ltr'>σιος·</span> <span class='ocrx_word' id='word_1_375' title='bbox 625 4475 1045 4543; x_wconf 80' lang='grc' dir='ltr'>καταφρονεῖται</span> <span class='ocrx_word' id='word_1_376' title='bbox 1104 4471 1134 4524; x_wconf 92' lang='lat'>6</span> <span class='ocrx_word' id='word_1_377' title='bbox 1187 4471 1356 4542; x_wconf 80' lang='grc' dir='ltr'>πένης</span> <span class='ocrx_word' id='word_1_378' title='bbox 1427 4473 1520 4524; x_wconf 60' lang='grc' dir='ltr'>καὶ¹</span> <span class='ocrx_word' id='word_1_379' title='bbox 1579 4471 1893 4541; x_wconf 85' lang='grc' dir='ltr'>ὑϐρίζεται·</span> <span class='ocrx_word' id='word_1_380' title='bbox 1959 4471 2093 4525; x_wconf 85' lang='grc' dir='ltr'>ἀλλὰ</span> 
     </span>
    </p>
   </div>
   <div class='ocr_carea' id='block_1_50' title="bbox 419 4553 2093 4628">
    <p class='ocr_par' dir='ltr' id='par_1_50' title="bbox 419 4553 2093 4628">
     <span class='ocr_line' id='line_1_50' title="bbox 419 4553 2093 4628; baseline -0.001 -18"><span class='ocrx_word' id='word_1_381' title='bbox 419 4558 694 4627; x_wconf 82' lang='grc' dir='ltr'>φθονεῖται</span> <span class='ocrx_word' id='word_1_382' title='bbox 745 4560 772 4611; x_wconf 88' lang='lat'>6</span> <span class='ocrx_word' id='word_1_383' title='bbox 801 4557 1052 4628; x_wconf 88' lang='grc' dir='ltr'>εὕπορος.</span> <span class='ocrx_word' id='word_1_384' title='bbox 1085 4555 1200 4628; x_wconf 88' lang='grc' dir='ltr'>Οὑχ</span> <span class='ocrx_word' id='word_1_385' title='bbox 1237 4556 1408 4620; x_wconf 89' lang='grc' dir='ltr'>οὕτως</span> <span class='ocrx_word' id='word_1_386' title='bbox 1446 4556 1593 4608; x_wconf 69' lang='grc' dir='ltr'>ἐστὶν</span> <span class='ocrx_word' id='word_1_387' title='bbox 1624 4553 2093 4624; x_wconf 85' lang='grc' dir='ltr'>εὑκαταγώνιστος</span> 
     </span>
    </p>
   </div>
   <div class='ocr_carea' id='block_1_51' title="bbox 415 4639 2092 4711">
    <p class='ocr_par' dir='ltr' id='par_1_51' title="bbox 415 4639 2092 4711">
     <span class='ocr_line' id='line_1_51' title="bbox 415 4639 2092 4711; baseline -0.002 -17"><span class='ocrx_word' id='word_1_388' title='bbox 415 4643 446 4694; x_wconf 92' lang='lat'>6</span> <span class='ocrx_word' id='word_1_389' title='bbox 475 4641 666 4710; x_wconf 84' lang='grc' dir='ltr'>πένης,</span> <span class='ocrx_word' id='word_1_390' title='bbox 706 4641 781 4704; x_wconf 84' lang='grc' dir='ltr'>ὥς</span> <span class='ocrx_word' id='word_1_391' title='bbox 821 4642 967 4692; x_wconf 88' lang='grc' dir='ltr'>ἐστιν</span> <span class='ocrx_word' id='word_1_392' title='bbox 1015 4639 1484 4707; x_wconf 89' lang='grc' dir='ltr'>εὑκαταγώνιστος</span> <span class='ocrx_word' id='word_1_393' title='bbox 1515 4641 1544 4692; x_wconf 90' lang='lat'>6</span> <span class='ocrx_word' id='word_1_394' title='bbox 1583 4639 1856 4703; x_wconf 86' lang='grc' dir='ltr'>πλούσιος,</span> <span class='ocrx_word' id='word_1_395' title='bbox 1895 4639 2092 4711; x_wconf 86' lang='grc' dir='ltr'>μυρίας</span> 
     </span>
    </p>
   </div>
   <div class='ocr_carea' id='block_1_52' title="bbox 418 4721 2090 4794">
    <p class='ocr_par' dir='ltr' id='par_1_52' title="bbox 418 4721 2090 4794">
     <span class='ocr_line' id='line_1_52' title="bbox 418 4721 2090 4794; baseline -0.001 -15"><span class='ocrx_word' id='word_1_396' title='bbox 418 4724 684 4779; x_wconf 86' lang='grc' dir='ltr'>πάντοθεν</span> <span class='ocrx_word' id='word_1_397' title='bbox 719 4725 810 4778; x_wconf 74' lang='grc' dir='ltr'>καὶ</span> <span class='ocrx_word' id='word_1_398' title='bbox 848 4723 927 4794; x_wconf 80' lang='grc' dir='ltr'>τῷ</span> <span class='ocrx_word' id='word_1_399' title='bbox 964 4723 1193 4793; x_wconf 83' lang='grc' dir='ltr'>διαϐόλῳ</span> <span class='ocrx_word' id='word_1_400' title='bbox 1219 4725 1313 4776; x_wconf 71' lang='grc' dir='ltr'>καὶ</span> <span class='ocrx_word' id='word_1_401' title='bbox 1341 4727 1451 4785; x_wconf 87' lang='grc' dir='ltr'>τοῖς</span> <span class='ocrx_word' id='word_1_402' title='bbox 1491 4721 1798 4784; x_wconf 88' lang='grc' dir='ltr'>ἐπιϐούλοις</span> <span class='ocrx_word' id='word_1_403' title='bbox 1835 4721 2090 4793; x_wconf 84' lang='grc' dir='ltr'>παρέχων</span> 
     </span>
    </p>
   </div>
   <div class='ocr_carea' id='block_1_53' title="bbox 415 4803 2090 4875">
    <p class='ocr_par' dir='ltr' id='par_1_53' title="bbox 415 4803 2090 4875">
     <span class='ocr_line' id='line_1_53' title="bbox 415 4803 2090 4875; baseline -0.001 -16"><span class='ocrx_word' id='word_1_404' title='bbox 415 4807 606 4872; x_wconf 87' lang='grc' dir='ltr'>λαϐἀς,</span> <span class='ocrx_word' id='word_1_405' title='bbox 637 4808 730 4859; x_wconf 73' lang='grc' dir='ltr'>καὶ</span> <span class='ocrx_word' id='word_1_406' title='bbox 758 4806 974 4859; x_wconf 90' lang='grc' dir='ltr'>πάντων</span> <span class='ocrx_word' id='word_1_407' title='bbox 995 4804 1069 4858; x_wconf 84' lang='grc' dir='ltr'>ὣν</span> <span class='ocrx_word' id='word_1_408' title='bbox 1089 4805 1270 4868; x_wconf 88' lang='grc' dir='ltr'>δοῦλος</span> <span class='ocrx_word' id='word_1_409' title='bbox 1301 4805 1389 4858; x_wconf 72' lang='grc' dir='ltr'>διὰ</span> <span class='ocrx_word' id='word_1_410' title='bbox 1417 4806 1514 4875; x_wconf 84' lang='grc' dir='ltr'>τὴν</span> <span class='ocrx_word' id='word_1_411' title='bbox 1563 4803 1762 4875; x_wconf 84' lang='grc' dir='ltr'>πολλὴν</span> <span class='ocrx_word' id='word_1_412' title='bbox 1793 4803 1902 4858; x_wconf 89' lang='grc' dir='ltr'>τῶν</span> <span class='ocrx_word' id='word_1_413' title='bbox 1950 4821 2090 4875; x_wconf 87' lang='grc' dir='ltr'>πρα-</span> 
     </span>
    </p>
   </div>
   <div class='ocr_carea' id='block_1_54' title="bbox 417 4887 2090 4962">
    <p class='ocr_par' dir='ltr' id='par_1_54' title="bbox 417 4887 2090 4962">
     <span class='ocr_line' id='line_1_54' title="bbox 417 4887 2090 4962; baseline -0.002 -17"><span class='ocrx_word' id='word_1_414' title='bbox 417 4893 644 4962; x_wconf 88' lang='grc' dir='ltr'>γμάτων</span> <span class='ocrx_word' id='word_1_415' title='bbox 685 4889 978 4959; x_wconf 88' lang='grc' dir='ltr'>περιϐολήν</span> <span class='ocrx_word' id='word_1_416' title='bbox 999 4904 1014 4919; x_wconf 88' lang='grc'>·</span> <span class='ocrx_word' id='word_1_417' title='bbox 1043 4891 1074 4941; x_wconf 90' lang='lat'>6</span> <span class='ocrx_word' id='word_1_418' title='bbox 1105 4887 1314 4942; x_wconf 86' lang='grc' dir='ltr'>πολλῶν</span> <span class='ocrx_word' id='word_1_419' title='bbox 1357 4891 1414 4942; x_wconf 89' lang='grc' dir='ltr'>ἐν</span> <span class='ocrx_word' id='word_1_420' title='bbox 1439 4888 1596 4961; x_wconf 84' lang='grc' dir='ltr'>χρείᾳ</span> <span class='ocrx_word' id='word_1_421' title='bbox 1627 4888 1907 4952; x_wconf 84' lang='grc' dir='ltr'>καθεστὼς</span> <span class='ocrx_word' id='word_1_422' title='bbox 1961 4888 2090 4941; x_wconf 84' lang='grc' dir='ltr'>πολ-</span> 
     </span>
    </p>
   </div>
   <div class='ocr_carea' id='block_1_55' title="bbox 415 4971 2093 5043">
    <p class='ocr_par' dir='ltr' id='par_1_55' title="bbox 415 4971 2093 5043">
     <span class='ocr_line' id='line_1_55' title="bbox 415 4971 2093 5043; baseline -0.001 -17"><span class='ocrx_word' id='word_1_423' title='bbox 415 4974 541 5038; x_wconf 83' lang='grc' dir='ltr'>λοὺς</span> <span class='ocrx_word' id='word_1_424' title='bbox 588 4972 962 5042; x_wconf 79' lang='grc' dir='ltr'>ἀναγκάζεται</span> <span class='ocrx_word' id='word_1_425' title='bbox 1001 4971 1339 5036; x_wconf 89' lang='grc' dir='ltr'>κολακεύειν,</span> <span class='ocrx_word' id='word_1_426' title='bbox 1381 4974 1476 5025; x_wconf 75' lang='grc' dir='ltr'>καὶ</span> <span class='ocrx_word' id='word_1_427' title='bbox 1513 4972 1650 5043; x_wconf 88' lang='grc' dir='ltr'>μετά</span> <span class='ocrx_word' id='word_1_428' title='bbox 1697 4972 1898 5043; x_wconf 82' lang='grc' dir='ltr'>πολλῆς</span> <span class='ocrx_word' id='word_1_429' title='bbox 1931 4971 2093 5042; x_wconf 90' lang='grc' dir='ltr'>θερα-</span> 
     </span>
    </p>
   </div>
   <div class='ocr_carea' id='block_1_56' title="bbox 416 5054 2089 5127">
    <p class='ocr_par' dir='ltr' id='par_1_56' title="bbox 416 5054 2089 5127">
     <span class='ocr_line' id='line_1_56' title="bbox 416 5054 2089 5127; baseline -0.001 -18"><span class='ocrx_word' id='word_1_430' title='bbox 416 5057 604 5110; x_wconf 84' lang='grc' dir='ltr'>πεύειν</span> <span class='ocrx_word' id='word_1_431' title='bbox 641 5056 1066 5127; x_wconf 87' lang='grc' dir='ltr'>δουλοπρεπείας</span> <span class='ocrx_word' id='word_1_432' title='bbox 1088 5072 1101 5085; x_wconf 72' lang='grc'><strong>⁸</strong></span> <span class='ocrx_word' id='word_1_433' title='bbox 1126 5057 1154 5107; x_wconf 89' lang='lat'>6</span> <span class='ocrx_word' id='word_1_434' title='bbox 1198 5056 1255 5108; x_wconf 90' lang='grc' dir='ltr'>δέ</span> <span class='ocrx_word' id='word_1_435' title='bbox 1297 5054 1466 5126; x_wconf 88' lang='grc' dir='ltr'>πένης</span> <span class='ocrx_word' id='word_1_436' title='bbox 1505 5057 1570 5110; x_wconf 85' lang='grc' dir='ltr'>ἀν</span> <span class='ocrx_word' id='word_1_437' title='bbox 1611 5059 1726 5127; x_wconf 84' lang='grc' dir='ltr'>εἰδῇ</span> <span class='ocrx_word' id='word_1_438' title='bbox 1759 5057 2089 5126; x_wconf 81' lang='grc' dir='ltr'>φιλοσοφεῖν,</span> 
     </span>
    </p>
   </div>
   <div class='ocr_carea' id='block_1_57' title="bbox 417 5137 2088 5210">
    <p class='ocr_par' dir='ltr' id='par_1_57' title="bbox 417 5137 2088 5210">
     <span class='ocr_line' id='line_1_57' title="bbox 417 5137 2088 5210; baseline 0.002 -20"><span class='ocrx_word' id='word_1_439' title='bbox 417 5140 538 5192; x_wconf 79' lang='grc' dir='ltr'>οὑδέ</span> <span class='ocrx_word' id='word_1_440' title='bbox 567 5140 657 5192; x_wconf 84' lang='grc' dir='ltr'>ὑπ’</span> <span class='ocrx_word' id='word_1_441' title='bbox 693 5139 857 5192; x_wconf 87' lang='grc' dir='ltr'>αὑτοῦ</span> <span class='ocrx_word' id='word_1_442' title='bbox 895 5139 988 5192; x_wconf 89' lang='grc' dir='ltr'>τοῦ</span> <span class='ocrx_word' id='word_1_443' title='bbox 1027 5137 1275 5192; x_wconf 89' lang='grc' dir='ltr'>διαϐόλου</span> <span class='ocrx_word' id='word_1_444' title='bbox 1321 5138 1794 5210; x_wconf 85' lang='grc' dir='ltr'>καταγωνισθῆναι</span> <span class='ocrx_word' id='word_1_445' title='bbox 1845 5138 2088 5194; x_wconf 87' lang='grc' dir='ltr'>δύναται.</span> 
     </span>
    </p>
   </div>
   <div class='ocr_carea' id='block_1_58' title="bbox 431 5218 2093 5295">
    <p class='ocr_par' dir='ltr' id='par_1_58' title="bbox 431 5218 2093 5295">
     <span class='ocr_line' id='line_1_58' title="bbox 431 5218 2093 5295; baseline 0.002 -23"><span class='ocrx_word' id='word_1_446' title='bbox 431 5222 491 5272; x_wconf 80' lang='lat'>&#39;0</span> <span class='ocrx_word' id='word_1_447' title='bbox 535 5218 628 5273; x_wconf 78' lang='grc' dir='ltr'>οὖν</span> <span class='ocrx_word' id='word_1_448' title='bbox 678 5222 798 5275; x_wconf 86' lang='grc' dir='ltr'>Ἰὼϐ</span> <span class='ocrx_word' id='word_1_449' title='bbox 848 5223 1067 5295; x_wconf 73' lang='grc' dir='ltr'>ἰσχυρὸς</span> <span class='ocrx_word' id='word_1_450' title='bbox 1107 5223 1184 5275; x_wconf 83' lang='grc' dir='ltr'>ῶν</span> <span class='ocrx_word' id='word_1_451' title='bbox 1235 5223 1328 5276; x_wconf 81' lang='grc' dir='ltr'>καὶ</span> <span class='ocrx_word' id='word_1_452' title='bbox 1383 5221 1488 5292; x_wconf 82' lang='grc' dir='ltr'>πρὸ</span> <span class='ocrx_word' id='word_1_453' title='bbox 1539 5221 1752 5287; x_wconf 90' lang='grc' dir='ltr'>τούτου,</span> <span class='ocrx_word' id='word_1_454' title='bbox 1801 5222 1966 5292; x_wconf 83' lang='grc' dir='ltr'>ἡνίκα</span> <span class='ocrx_word' id='word_1_455' title='bbox 2026 5223 2093 5276; x_wconf 74' lang='grc' dir='ltr'>τὰ</span> 
     </span>
    </p>
   </div>
   <div class='ocr_carea' id='block_1_59' title="bbox 424 5299 2090 5376">
    <p class='ocr_par' dir='ltr' id='par_1_59' title="bbox 424 5299 2090 5376">
     <span class='ocr_line' id='line_1_59' title="bbox 424 5299 2090 5376; baseline 0.004 -25"><span class='ocrx_word' id='word_1_456' title='bbox 424 5299 600 5356; x_wconf 83' lang='grc' dir='ltr'>πάντα</span> <span class='ocrx_word' id='word_1_457' title='bbox 643 5304 902 5369; x_wconf 85' lang='grc' dir='ltr'>ἀπέϐαλε,</span> <span class='ocrx_word' id='word_1_458' title='bbox 949 5307 1072 5360; x_wconf 86' lang='grc' dir='ltr'>τότε</span> <span class='ocrx_word' id='word_1_459' title='bbox 1115 5307 1337 5375; x_wconf 86' lang='grc' dir='ltr'>γέγονεν</span> <span class='ocrx_word' id='word_1_460' title='bbox 1387 5305 1765 5376; x_wconf 72' lang='grc' dir='ltr'>ἰσχυρότερος,</span> <span class='ocrx_word' id='word_1_461' title='bbox 1813 5307 1906 5359; x_wconf 80' lang='grc' dir='ltr'>καὶ</span> <span class='ocrx_word' id='word_1_462' title='bbox 1949 5305 2090 5374; x_wconf 88' lang='grc' dir='ltr'>λαμ-</span> 
     </span>
    </p>
   </div>
   <div class='ocr_carea' id='block_1_60' title="bbox 421 5385 2090 5460">
    <p class='ocr_par' dir='ltr' id='par_1_60' title="bbox 421 5385 2090 5460">
     <span class='ocr_line' id='line_1_60' title="bbox 421 5385 2090 5460; baseline 0.002 -24"><span class='ocrx_word' id='word_1_463' title='bbox 421 5385 562 5451; x_wconf 78' lang='grc' dir='ltr'>πρὰν</span> <span class='ocrx_word' id='word_1_464' title='bbox 589 5385 759 5455; x_wconf 72' lang='grc' dir='ltr'>ἤρατο</span> <span class='ocrx_word' id='word_1_465' title='bbox 779 5391 918 5440; x_wconf 75' lang='grc' dir='ltr'>κατὰ</span> <span class='ocrx_word' id='word_1_466' title='bbox 939 5391 1033 5442; x_wconf 87' lang='grc' dir='ltr'>τοῦ</span> <span class='ocrx_word' id='word_1_467' title='bbox 1055 5390 1299 5443; x_wconf 86' lang='grc' dir='ltr'>διαϐόλου</span> <span class='ocrx_word' id='word_1_468' title='bbox 1325 5390 1423 5460; x_wconf 86' lang='grc' dir='ltr'>τὴν</span> <span class='ocrx_word' id='word_1_469' title='bbox 1446 5390 1624 5458; x_wconf 87' lang='grc' dir='ltr'>νίκην.</span> <span class='ocrx_word' id='word_1_470' title='bbox 1652 5389 1862 5452; x_wconf 81' lang='grc' dir='ltr'>Ἀλλως</span> <span class='ocrx_word' id='word_1_471' title='bbox 1887 5389 1943 5441; x_wconf 88' lang='grc' dir='ltr'>δέ</span> <span class='ocrx_word' id='word_1_472' title='bbox 1970 5387 2090 5442; x_wconf 89' lang='grc' dir='ltr'>οὑδέ</span> 
     </span>
    </p>
   </div>
   <div class='ocr_carea' id='block_1_61' title="bbox 419 5465 2090 5544">
    <p class='ocr_par' dir='ltr' id='par_1_61' title="bbox 419 5465 2090 5544">
     <span class='ocr_line' id='line_1_61' title="bbox 419 5465 2090 5544; baseline 0.002 -24"><span class='ocrx_word' id='word_1_473' title='bbox 419 5465 734 5538; x_wconf 88' lang='grc' dir='ltr'>ὑϐρίζεσθαι</span> <span class='ocrx_word' id='word_1_474' title='bbox 769 5469 989 5524; x_wconf 76' lang='grc' dir='ltr'>δύναται</span> <span class='ocrx_word' id='word_1_475' title='bbox 1027 5477 1055 5526; x_wconf 87' lang='lat'>6</span> <span class='ocrx_word' id='word_1_476' title='bbox 1085 5474 1274 5544; x_wconf 87' lang='grc' dir='ltr'>πένης,</span> <span class='ocrx_word' id='word_1_477' title='bbox 1306 5471 1370 5526; x_wconf 81' lang='grc' dir='ltr'>ἂν</span> <span class='ocrx_word' id='word_1_478' title='bbox 1406 5472 1519 5543; x_wconf 81' lang='grc' dir='ltr'>είδῇ</span> <span class='ocrx_word' id='word_1_479' title='bbox 1551 5471 1880 5541; x_wconf 82' lang='grc' dir='ltr'>φιλοσοφεῖν.</span> <span class='ocrx_word' id='word_1_480' title='bbox 1915 5470 2090 5542; x_wconf 83' lang='grc' dir='ltr'>Ὅπερ</span> 
     </span>
    </p>
   </div>
   <div class='ocr_carea' id='block_1_62' title="bbox 417 5549 2090 5627">
    <p class='ocr_par' dir='ltr' id='par_1_62' title="bbox 417 5549 2090 5627">
     <span class='ocr_line' id='line_1_62' title="bbox 417 5549 2090 5627; baseline 0.003 -26"><span class='ocrx_word' id='word_1_481' title='bbox 417 5551 526 5620; x_wconf 84' lang='grc' dir='ltr'>γάρ</span> <span class='ocrx_word' id='word_1_482' title='bbox 558 5549 694 5619; x_wconf 75' lang='grc' dir='ltr'>ἔφην</span> <span class='ocrx_word' id='word_1_483' title='bbox 739 5551 868 5619; x_wconf 75' lang='grc' dir='ltr'>περὶ</span> <span class='ocrx_word' id='word_1_484' title='bbox 903 5554 1000 5623; x_wconf 84' lang='grc' dir='ltr'>τῆς</span> <span class='ocrx_word' id='word_1_485' title='bbox 1039 5556 1254 5626; x_wconf 78' lang='grc' dir='ltr'>ἡδονῆς,</span> <span class='ocrx_word' id='word_1_486' title='bbox 1298 5557 1380 5609; x_wconf 86' lang='grc' dir='ltr'>ὅτι</span> <span class='ocrx_word' id='word_1_487' title='bbox 1414 5559 1445 5626; x_wconf 82' lang='grc' dir='ltr'><strong>ἡ</strong></span> <span class='ocrx_word' id='word_1_488' title='bbox 1485 5555 1649 5627; x_wconf 79' lang='grc' dir='ltr'>ἡδονὴ</span> <span class='ocrx_word' id='word_1_489' title='bbox 1679 5556 1778 5607; x_wconf 89' lang='grc' dir='ltr'>οὑκ</span> <span class='ocrx_word' id='word_1_490' title='bbox 1803 5556 1859 5610; x_wconf 90' lang='grc' dir='ltr'>ἐν</span> <span class='ocrx_word' id='word_1_491' title='bbox 1887 5557 1952 5624; x_wconf 84' lang='grc' dir='ltr'>τῇ</span> <span class='ocrx_word' id='word_1_492' title='bbox 1994 5570 2090 5606; x_wconf 73' lang='grc' dir='ltr'>που</span> 
     </span>
    </p>
   </div>
   <div class='ocr_carea' id='block_1_63' title="bbox 417 5634 2090 5710">
    <p class='ocr_par' dir='ltr' id='par_1_63' title="bbox 417 5634 2090 5710">
     <span class='ocr_line' id='line_1_63' title="bbox 417 5634 2090 5710; baseline 0.004 -24"><span class='ocrx_word' id='word_1_493' title='bbox 417 5634 661 5706; x_wconf 76' lang='grc' dir='ltr'>λυτελείᾳ</span> <span class='ocrx_word' id='word_1_494' title='bbox 685 5635 794 5688; x_wconf 89' lang='grc' dir='ltr'>τῶν</span> <span class='ocrx_word' id='word_1_495' title='bbox 818 5638 1022 5702; x_wconf 79' lang='grc' dir='ltr'>σιτίων,</span> <span class='ocrx_word' id='word_1_496' title='bbox 1048 5639 1160 5692; x_wconf 80' lang='grc' dir='ltr'>ἀλλ’</span> <span class='ocrx_word' id='word_1_497' title='bbox 1182 5642 1240 5692; x_wconf 85' lang='grc' dir='ltr'>ἐν</span> <span class='ocrx_word' id='word_1_498' title='bbox 1266 5644 1331 5710; x_wconf 83' lang='grc' dir='ltr'>τῇ</span> <span class='ocrx_word' id='word_1_499' title='bbox 1353 5639 1589 5692; x_wconf 80' lang='grc' dir='ltr'>διαθέσει</span> <span class='ocrx_word' id='word_1_500' title='bbox 1609 5639 1716 5693; x_wconf 88' lang='grc' dir='ltr'>τῶν</span> <span class='ocrx_word' id='word_1_501' title='bbox 1745 5639 2090 5710; x_wconf 79' lang='grc' dir='ltr'>ἑστιωμένων</span> 
     </span>
    </p>
   </div>
   <div class='ocr_carea' id='block_1_64' title="bbox 483 5779 1900 5846">
    <p class='ocr_par' dir='ltr' id='par_1_64' title="bbox 483 5779 1900 5846">
     <span class='ocr_line' id='line_1_64' title="bbox 483 5779 1900 5846; baseline 0.003 -16"><span class='ocrx_word' id='word_1_502' title='bbox 483 5781 508 5846; x_wconf 61' lang='grc' dir='ltr'>ξ’</span> <span class='ocrx_word' id='word_1_503' title='bbox 533 5780 611 5846; x_wconf 63' lang='lat' dir='ltr'><strong>Sic</strong></span> <span class='ocrx_word' id='word_1_504' title='bbox 636 5793 667 5846; x_wconf 66' lang='grc' dir='ltr'>ιι</span> <span class='ocrx_word' id='word_1_505' title='bbox 686 5779 884 5846; x_wconf 71' lang='grc' dir='ltr'>Ξαγὶιίο.</span> <span class='ocrx_word' id='word_1_506' title='bbox 913 5781 1110 5846; x_wconf 70' lang='lat' dir='ltr'><strong>Edilum</strong></span> <span class='ocrx_word' id='word_1_507' title='bbox 1133 5789 1240 5832; x_wconf 77' lang='lat' dir='ltr'>erat</span> <span class='ocrx_word' id='word_1_508' title='bbox 1257 5782 1460 5846; x_wconf 64' lang='grc' dir='ltr'>πνεῦμα,</span> <span class='ocrx_word' id='word_1_509' title='bbox 1487 5785 1740 5835; x_wconf 82' lang='lat' dir='ltr'>mendose.</span> <span class='ocrx_word' id='word_1_510' title='bbox 1765 5785 1900 5834; x_wconf 76' lang='lat' dir='ltr'>Emr.</span> 
     </span>
    </p>
   </div>
   <div class='ocr_carea' id='block_1_65' title="bbox 479 5841 1973 5910">
    <p class='ocr_par' dir='ltr' id='par_1_65' title="bbox 479 5841 1973 5910">
     <span class='ocr_line' id='line_1_65' title="bbox 479 5841 1973 5910; baseline 0.003 -20"><span class='ocrx_word' id='word_1_511' title='bbox 479 5841 506 5910; x_wconf 49' lang='grc' dir='ltr'>ὑ</span> <span class='ocrx_word' id='word_1_512' title='bbox 535 5841 789 5910; x_wconf 57' lang='grc' dir='ltr'>Βσεὶι.</span> <span class='ocrx_word' id='word_1_513' title='bbox 816 5850 870 5910; x_wconf 68' lang='grc' dir='ltr'>ει</span> <span class='ocrx_word' id='word_1_514' title='bbox 895 5841 1386 5910; x_wconf 35' lang='grc' dir='ltr'>ῃῃιιίηιιι-ραιςε-ῐηεεξ</span> <span class='ocrx_word' id='word_1_515' title='bbox 1403 5841 1574 5910; x_wconf 65' lang='lat' dir='ltr'>Pgiorel.</span> <span class='ocrx_word' id='word_1_516' title='bbox 1599 5849 1638 5910; x_wconf 84' lang='grc' dir='ltr'>εἰ</span> <span class='ocrx_word' id='word_1_517' title='bbox 1661 5848 1741 5910; x_wconf 75' lang='grc' dir='ltr'>καὶ</span> <span class='ocrx_word' id='word_1_518' title='bbox 1774 5848 1834 5894; x_wconf 84' lang='grc' dir='ltr'>τὰ</span> <span class='ocrx_word' id='word_1_519' title='bbox 1857 5849 1973 5910; x_wconf 75' lang='grc' dir='ltr'>ἀμφ.</span> 
     </span>
    </p>
   </div>
   <div class='ocr_carea' id='block_1_66' title="bbox 481 5901 2086 5968">
    <p class='ocr_par' dir='ltr' id='par_1_66' title="bbox 481 5901 2086 5968">
     <span class='ocr_line' id='line_1_66' title="bbox 481 5901 2086 5968; baseline 0.002 -18"><span class='ocrx_word' id='word_1_520' title='bbox 481 5907 501 5932; x_wconf 64' lang='grc' dir='ltr'>τί</span> <span class='ocrx_word' id='word_1_521' title='bbox 529 5905 626 5968; x_wconf 83' lang='lat' dir='ltr'><strong>_Alii</strong></span> <span class='ocrx_word' id='word_1_522' title='bbox 655 5901 742 5968; x_wconf 69' lang='grc' dir='ltr'>τοῦ</span> <span class='ocrx_word' id='word_1_523' title='bbox 767 5906 850 5964; x_wconf 86' lang='grc' dir='ltr'>μή,</span> <span class='ocrx_word' id='word_1_524' title='bbox 875 5904 958 5968; x_wconf 80' lang='lat' dir='ltr'><strong>alii</strong></span> <span class='ocrx_word' id='word_1_525' title='bbox 980 5905 1035 5968; x_wconf 70' lang='grc' dir='ltr'>τό</span> <span class='ocrx_word' id='word_1_526' title='bbox 1061 5901 1144 5968; x_wconf 72' lang='grc' dir='ltr'>μή,</span> <span class='ocrx_word' id='word_1_527' title='bbox 1169 5906 1250 5954; x_wconf 82' lang='lat' dir='ltr'><strong>alii</strong></span> <span class='ocrx_word' id='word_1_528' title='bbox 1272 5907 1340 5966; x_wconf 82' lang='grc' dir='ltr'>τῷ</span> <span class='ocrx_word' id='word_1_529' title='bbox 1366 5908 1449 5968; x_wconf 78' lang='grc' dir='ltr'>μή,</span> <span class='ocrx_word' id='word_1_530' title='bbox 1477 5920 1586 5968; x_wconf 61' lang='lat' dir='ltr'>qua}</span> <span class='ocrx_word' id='word_1_531' title='bbox 1617 5907 1857 5968; x_wconf 70' lang='lat' dir='ltr'>lectiones</span> <span class='ocrx_word' id='word_1_532' title='bbox 1881 5901 2086 5968; x_wconf 26' lang='lat' dir='ltr'>{Jérind‘e</span> 
     </span>
    </p>
   </div>
   <div class='ocr_carea' id='block_1_67' title="bbox 415 5964 2086 6030">
    <p class='ocr_par' dir='ltr' id='par_1_67' title="bbox 415 5964 2086 6030">
     <span class='ocr_line' id='line_1_67' title="bbox 415 5964 2086 6030; baseline 0.005 -24"><span class='ocrx_word' id='word_1_533' title='bbox 415 5965 808 6030; x_wconf 64' lang='lat' dir='ltr'>quadrant._lmo</span> <span class='ocrx_word' id='word_1_534' title='bbox 846 5964 988 6030; x_wconf 68' lang='lat' dir='ltr'><em>gmica</em></span> <span class='ocrx_word' id='word_1_535' title='bbox 1010 5964 1147 6016; x_wconf 74' lang='lat' dir='ltr'>Iedio</span> <span class='ocrx_word' id='word_1_536' title='bbox 1165 5968 1218 6015; x_wconf 86' lang='grc' dir='ltr'>τό</span> <span class='ocrx_word' id='word_1_537' title='bbox 1254 5964 1567 6030; x_wconf 69' lang='grc' dir='ltr'>(ιιιιιάναι,“εέ</span> <span class='ocrx_word' id='word_1_538' title='bbox 1601 5964 1928 6030; x_wconf 64' lang='lat' dir='ltr'>grammatici:</span> <span class='ocrx_word' id='word_1_539' title='bbox 1967 5965 2086 6030; x_wconf 84' lang='lat' dir='ltr'><strong>legi-</strong></span> 
     </span>
    </p>
   </div>
   <div class='ocr_carea' id='block_1_68' title="bbox 418 6023 976 6079">
    <p class='ocr_par' dir='ltr' id='par_1_68' title="bbox 418 6023 976 6079">
     <span class='ocr_line' id='line_1_68' title="bbox 418 6023 976 6079; baseline 0 -5"><span class='ocrx_word' id='word_1_540' title='bbox 418 6023 499 6074; x_wconf 76' lang='lat' dir='ltr'>bus</span> <span class='ocrx_word' id='word_1_541' title='bbox 523 6027 812 6076; x_wconf 72' lang='lat' dir='ltr'>wnsulumr.</span> <span class='ocrx_word' id='word_1_542' title='bbox 843 6029 976 6079; x_wconf 68' lang='lat' dir='ltr'><strong>lion.</strong></span> 
     </span>
    </p>
   </div>
   <div class='ocr_carea' id='block_1_69' title="bbox 2195 483 3859 562">
    <p class='ocr_par' dir='ltr' id='par_1_69' title="bbox 2195 483 3859 562">
     <span class='ocr_line' id='line_1_69' title="bbox 2195 483 3859 562; baseline 0.004 -26"><span class='ocrx_word' id='word_1_543' title='bbox 2195 486 2390 550; x_wconf 86' lang='grc' dir='ltr'>κεῖται,</span> <span class='ocrx_word' id='word_1_544' title='bbox 2423 484 2580 538; x_wconf 84' lang='grc' dir='ltr'>τοῦτο</span> <span class='ocrx_word' id='word_1_545' title='bbox 2619 487 2714 539; x_wconf 71' lang='grc' dir='ltr'>καὶ</span> <span class='ocrx_word' id='word_1_546' title='bbox 2760 487 2888 558; x_wconf 72' lang='grc' dir='ltr'>περὶ</span> <span class='ocrx_word' id='word_1_547' title='bbox 2923 487 3024 556; x_wconf 87' lang='grc' dir='ltr'>τῆς</span> <span class='ocrx_word' id='word_1_548' title='bbox 3057 483 3268 555; x_wconf 84' lang='grc' dir='ltr'>ὕϐρεως</span> <span class='ocrx_word' id='word_1_549' title='bbox 3315 486 3490 555; x_wconf 86' lang='grc' dir='ltr'>λέγω·</span> <span class='ocrx_word' id='word_1_550' title='bbox 3529 490 3613 542; x_wconf 84' lang='grc' dir='ltr'>δτι</span> <span class='ocrx_word' id='word_1_551' title='bbox 3647 490 3681 560; x_wconf 79' lang='grc' dir='ltr'><strong>ἡ</strong></span> <span class='ocrx_word' id='word_1_552' title='bbox 3719 488 3859 562; x_wconf 80' lang='grc' dir='ltr'>ὕϐρις</span> 
     </span>
    </p>
   </div>
   <div class='ocr_carea' id='block_1_70' title="bbox 2195 571 3860 646">
    <p class='ocr_par' dir='ltr' id='par_1_70' title="bbox 2195 571 3860 646">
     <span class='ocr_line' id='line_1_70' title="bbox 2195 571 3860 646; baseline 0.004 -22"><span class='ocrx_word' id='word_1_553' title='bbox 2195 572 2294 624; x_wconf 84' lang='grc' dir='ltr'>οὑκ</span> <span class='ocrx_word' id='word_1_554' title='bbox 2332 573 2440 625; x_wconf 87' lang='grc' dir='ltr'>ἀπὸ</span> <span class='ocrx_word' id='word_1_555' title='bbox 2476 573 2575 643; x_wconf 91' lang='grc' dir='ltr'>τῆς</span> <span class='ocrx_word' id='word_1_556' title='bbox 2616 573 2843 644; x_wconf 83' lang='grc' dir='ltr'>γνώμης</span> <span class='ocrx_word' id='word_1_557' title='bbox 2895 573 3001 627; x_wconf 88' lang='grc' dir='ltr'>τῶν</span> <span class='ocrx_word' id='word_1_558' title='bbox 3049 571 3402 644; x_wconf 85' lang='grc' dir='ltr'>ὑϐριζόντων,</span> <span class='ocrx_word' id='word_1_559' title='bbox 3449 573 3564 628; x_wconf 76' lang='grc' dir='ltr'>ἀλλ’</span> <span class='ocrx_word' id='word_1_560' title='bbox 3613 575 3720 629; x_wconf 77' lang='grc' dir='ltr'>ἀπὸ</span> <span class='ocrx_word' id='word_1_561' title='bbox 3770 577 3860 646; x_wconf 83' lang='grc' dir='ltr'>τῆς</span> 
     </span>
    </p>
   </div>
   <div class='ocr_carea' id='block_1_71' title="bbox 2201 657 3858 735">
    <p class='ocr_par' dir='ltr' id='par_1_71' title="bbox 2201 657 3858 735">
     <span class='ocr_line' id='line_1_71' title="bbox 2201 657 3858 735; baseline 0.005 -25"><span class='ocrx_word' id='word_1_562' title='bbox 2201 657 2492 722; x_wconf 88' lang='grc' dir='ltr'>διαθέσεως</span> <span class='ocrx_word' id='word_1_563' title='bbox 2523 659 2632 713; x_wconf 91' lang='grc' dir='ltr'>τῶν</span> <span class='ocrx_word' id='word_1_564' title='bbox 2681 660 2997 730; x_wconf 86' lang='grc' dir='ltr'>πασχόντων</span> <span class='ocrx_word' id='word_1_565' title='bbox 3031 661 3064 730; x_wconf 86' lang='grc' dir='ltr'><strong>ἢ</strong></span> <span class='ocrx_word' id='word_1_566' title='bbox 3118 660 3433 716; x_wconf 78' lang='grc' dir='ltr'>συνίσταται</span> <span class='ocrx_word' id='word_1_567' title='bbox 3477 663 3510 735; x_wconf 79' lang='grc' dir='ltr'>ἢ</span> <span class='ocrx_word' id='word_1_568' title='bbox 3541 664 3858 720; x_wconf 82' lang='grc' dir='ltr'>ἀπόλλυται·</span> 
     </span>
    </p>
   </div>
   <div class='ocr_carea' id='block_1_72' title="bbox 2200 740 3862 822">
    <p class='ocr_par' dir='ltr' id='par_1_72' title="bbox 2200 740 3862 822">
     <span class='ocr_line' id='line_1_72' title="bbox 2200 740 3862 822; baseline 0.002 -23"><span class='ocrx_word' id='word_1_569' title='bbox 2200 740 2310 800; x_wconf 74' lang='grc' dir='ltr'>οἷόν</span> <span class='ocrx_word' id='word_1_570' title='bbox 2345 763 2399 798; x_wconf 90' lang='grc' dir='ltr'>τι</span> <span class='ocrx_word' id='word_1_571' title='bbox 2437 745 2580 815; x_wconf 91' lang='grc' dir='ltr'>λέγω</span> <span class='ocrx_word' id='word_1_572' title='bbox 2601 764 2614 778; x_wconf 79' lang='grc' dir='ltr'><strong>ο</strong></span> <span class='ocrx_word' id='word_1_573' title='bbox 2649 747 2842 818; x_wconf 86' lang='grc' dir='ltr'>ὕϐρισέ</span> <span class='ocrx_word' id='word_1_574' title='bbox 2875 765 2959 810; x_wconf 84' lang='grc' dir='ltr'>τις</span> <span class='ocrx_word' id='word_1_575' title='bbox 3009 747 3178 800; x_wconf 83' lang='grc' dir='ltr'>πολλὰ</span> <span class='ocrx_word' id='word_1_576' title='bbox 3226 749 3366 820; x_wconf 81' lang='grc' dir='ltr'>ῥητά</span> <span class='ocrx_word' id='word_1_577' title='bbox 3405 751 3498 804; x_wconf 71' lang='grc' dir='ltr'>καὶ</span> <span class='ocrx_word' id='word_1_578' title='bbox 3529 751 3773 822; x_wconf 78' lang='grc' dir='ltr'>ἀρρητας</span> <span class='ocrx_word' id='word_1_579' title='bbox 3803 753 3862 806; x_wconf 72' lang='grc' dir='ltr'>ἂν</span> 
     </span>
    </p>
   </div>
   <div class='ocr_carea' id='block_1_73' title="bbox 2203 833 3860 910">
    <p class='ocr_par' dir='ltr' id='par_1_73' title="bbox 2203 833 3860 910">
     <span class='ocr_line' id='line_1_73' title="bbox 2203 833 3860 910; baseline 0.003 -21"><span class='ocrx_word' id='word_1_580' title='bbox 2203 834 2581 904; x_wconf 84' lang='grc' dir='ltr'>καταγελάσῃς</span> <span class='ocrx_word' id='word_1_581' title='bbox 2611 833 2719 887; x_wconf 85' lang='grc' dir='ltr'>τῶν</span> <span class='ocrx_word' id='word_1_582' title='bbox 2759 833 2990 906; x_wconf 89' lang='grc' dir='ltr'>ὕϐρεων,</span> <span class='ocrx_word' id='word_1_583' title='bbox 3023 835 3088 888; x_wconf 84' lang='grc' dir='ltr'>ἂν</span> <span class='ocrx_word' id='word_1_584' title='bbox 3119 835 3192 906; x_wconf 84' lang='grc' dir='ltr'>μὴ</span> <span class='ocrx_word' id='word_1_585' title='bbox 3223 837 3499 908; x_wconf 79' lang='grc' dir='ltr'>παραδέξῃ</span> <span class='ocrx_word' id='word_1_586' title='bbox 3527 839 3596 892; x_wconf 78' lang='grc' dir='ltr'>τὰ</span> <span class='ocrx_word' id='word_1_587' title='bbox 3631 841 3860 910; x_wconf 74' lang='grc' dir='ltr'>ῥήματα,</span> 
     </span>
    </p>
   </div>
   <div class='ocr_carea' id='block_1_74' title="bbox 2202 923 3862 997">
    <p class='ocr_par' dir='ltr' id='par_1_74' title="bbox 2202 923 3862 997">
     <span class='ocr_line' id='line_1_74' title="bbox 2202 923 3862 997; baseline 0.002 -20"><span class='ocrx_word' id='word_1_588' title='bbox 2202 925 2294 977; x_wconf 79' lang='grc' dir='ltr'>καὶ</span> <span class='ocrx_word' id='word_1_589' title='bbox 2321 923 2589 994; x_wconf 85' lang='grc' dir='ltr'>ἀνώτερος</span> <span class='ocrx_word' id='word_1_590' title='bbox 2612 923 2743 997; x_wconf 84' lang='grc' dir='ltr'>γένῃ</span> <span class='ocrx_word' id='word_1_591' title='bbox 2774 925 2870 995; x_wconf 89' lang='grc' dir='ltr'>τῆς</span> <span class='ocrx_word' id='word_1_592' title='bbox 2890 923 3122 994; x_wconf 87' lang='grc' dir='ltr'>πληγῆς,</span> <span class='ocrx_word' id='word_1_593' title='bbox 3141 925 3237 994; x_wconf 84' lang='grc' dir='ltr'>οὑχ</span> <span class='ocrx_word' id='word_1_594' title='bbox 3267 924 3550 996; x_wconf 84' lang='grc' dir='ltr'>ὑϐρίσθης,</span> <span class='ocrx_word' id='word_1_595' title='bbox 3605 929 3712 980; x_wconf 69' lang='grc' dir='ltr'>Καὶ</span> <span class='ocrx_word' id='word_1_596' title='bbox 3742 929 3862 982; x_wconf 85' lang='grc' dir='ltr'>καθ-</span> 
     </span>
    </p>
   </div>
   <div class='ocr_carea' id='block_1_75' title="bbox 2201 1005 3864 1082">
    <p class='ocr_par' dir='ltr' id='par_1_75' title="bbox 2201 1005 3864 1082">
     <span class='ocr_line' id='line_1_75' title="bbox 2201 1005 3864 1082; baseline 0.003 -24"><span class='ocrx_word' id='word_1_597' title='bbox 2201 1007 2343 1076; x_wconf 86' lang='grc' dir='ltr'>άπερ</span> <span class='ocrx_word' id='word_1_598' title='bbox 2391 1007 2440 1058; x_wconf 88' lang='grc' dir='ltr'>εί</span> <span class='ocrx_word' id='word_1_599' title='bbox 2489 1005 2650 1076; x_wconf 85' lang='grc' dir='ltr'>σῶμα</span> <span class='ocrx_word' id='word_1_600' title='bbox 2701 1006 3058 1076; x_wconf 83' lang='grc' dir='ltr'>ἀδαμάντινον</span> <span class='ocrx_word' id='word_1_601' title='bbox 3101 1005 3319 1077; x_wconf 77' lang='grc' dir='ltr'>εἴχομεν</span> <span class='ocrx_word' id='word_1_602' title='bbox 3349 1048 3362 1068; x_wconf 94' lang='grc'>,</span> <span class='ocrx_word' id='word_1_603' title='bbox 3415 1010 3463 1061; x_wconf 91' lang='grc' dir='ltr'>εἰ</span> <span class='ocrx_word' id='word_1_604' title='bbox 3516 1009 3611 1062; x_wconf 67' lang='grc' dir='ltr'>καὶ</span> <span class='ocrx_word' id='word_1_605' title='bbox 3663 1011 3864 1082; x_wconf 82' lang='grc' dir='ltr'>μυρίοις</span> 
     </span>
    </p>
   </div>
   <div class='ocr_carea' id='block_1_76' title="bbox 2202 1087 3864 1162">
    <p class='ocr_par' dir='ltr' id='par_1_76' title="bbox 2202 1087 3864 1162">
     <span class='ocr_line' id='line_1_76' title="bbox 2202 1087 3864 1162; baseline 0.003 -21"><span class='ocrx_word' id='word_1_606' title='bbox 2202 1089 2537 1158; x_wconf 84' lang='grc' dir='ltr'>πανταχόθεν</span> <span class='ocrx_word' id='word_1_607' title='bbox 2563 1087 2898 1159; x_wconf 84' lang='grc' dir='ltr'>ἐϐαλλόμεθα</span> <span class='ocrx_word' id='word_1_608' title='bbox 2944 1089 3173 1159; x_wconf 80' lang='grc' dir='ltr'>βέλεσιν,</span> <span class='ocrx_word' id='word_1_609' title='bbox 3205 1090 3303 1143; x_wconf 90' lang='grc' dir='ltr'>οὑκ</span> <span class='ocrx_word' id='word_1_610' title='bbox 3335 1089 3399 1144; x_wconf 81' lang='grc' dir='ltr'>ἂν</span> <span class='ocrx_word' id='word_1_611' title='bbox 3435 1091 3732 1162; x_wconf 80' lang='grc' dir='ltr'>ἐδεξάμεθα</span> <span class='ocrx_word' id='word_1_612' title='bbox 3773 1093 3864 1156; x_wconf 69' lang='grc' dir='ltr'>τὰς</span> 
     </span>
    </p>
   </div>
   <div class='ocr_carea' id='block_1_77' title="bbox 2202 1173 3862 1246">
    <p class='ocr_par' dir='ltr' id='par_1_77' title="bbox 2202 1173 3862 1246">
     <span class='ocr_line' id='line_1_77' title="bbox 2202 1173 3862 1246; baseline 0.002 -22"><span class='ocrx_word' id='word_1_613' title='bbox 2202 1173 2449 1243; x_wconf 87' lang='grc' dir='ltr'>πληγάς·</span> <span class='ocrx_word' id='word_1_614' title='bbox 2477 1173 2537 1226; x_wconf 88' lang='grc' dir='ltr'>οὑ</span> <span class='ocrx_word' id='word_1_615' title='bbox 2569 1175 2678 1244; x_wconf 80' lang='grc' dir='ltr'>γὰρ</span> <span class='ocrx_word' id='word_1_616' title='bbox 2715 1173 2823 1226; x_wconf 85' lang='grc' dir='ltr'>ἀπὸ</span> <span class='ocrx_word' id='word_1_617' title='bbox 2851 1175 2950 1245; x_wconf 87' lang='grc' dir='ltr'>τῆς</span> <span class='ocrx_word' id='word_1_618' title='bbox 2980 1173 3232 1242; x_wconf 84' lang='grc' dir='ltr'>ἀφιείσης</span> <span class='ocrx_word' id='word_1_619' title='bbox 3259 1173 3328 1226; x_wconf 80' lang='grc' dir='ltr'>τά</span> <span class='ocrx_word' id='word_1_620' title='bbox 3367 1174 3495 1244; x_wconf 85' lang='grc' dir='ltr'>βέλη</span> <span class='ocrx_word' id='word_1_621' title='bbox 3525 1175 3725 1246; x_wconf 78' lang='grc' dir='ltr'>χειρὸς,</span> <span class='ocrx_word' id='word_1_622' title='bbox 3759 1175 3862 1228; x_wconf 84' lang='grc' dir='ltr'>ἀλλ’</span> 
     </span>
    </p>
   </div>
   <div class='ocr_carea' id='block_1_78' title="bbox 2201 1254 3866 1326">
    <p class='ocr_par' dir='ltr' id='par_1_78' title="bbox 2201 1254 3866 1326">
     <span class='ocr_line' id='line_1_78' title="bbox 2201 1254 3866 1326; baseline 0.001 -18"><span class='ocrx_word' id='word_1_623' title='bbox 2201 1257 2310 1310; x_wconf 77' lang='grc' dir='ltr'>ἀπὸ</span> <span class='ocrx_word' id='word_1_624' title='bbox 2346 1255 2454 1309; x_wconf 89' lang='grc' dir='ltr'>τῶν</span> <span class='ocrx_word' id='word_1_625' title='bbox 2500 1259 2820 1326; x_wconf 85' lang='grc' dir='ltr'>πασχόντων</span> <span class='ocrx_word' id='word_1_626' title='bbox 2868 1255 3137 1325; x_wconf 87' lang='grc' dir='ltr'>σωμάτων</span> <span class='ocrx_word' id='word_1_627' title='bbox 3185 1254 3255 1308; x_wconf 76' lang='grc' dir='ltr'>τὰ</span> <span class='ocrx_word' id='word_1_628' title='bbox 3295 1257 3588 1326; x_wconf 85' lang='grc' dir='ltr'>τραύματα</span> <span class='ocrx_word' id='word_1_629' title='bbox 3626 1259 3866 1324; x_wconf 81' lang='grc' dir='ltr'>γίνεται·</span> 
     </span>
    </p>
   </div>
   <div class='ocr_carea' id='block_1_79' title="bbox 2201 1335 3867 1409">
    <p class='ocr_par' dir='ltr' id='par_1_79' title="bbox 2201 1335 3867 1409">
     <span class='ocr_line' id='line_1_79' title="bbox 2201 1335 3867 1409; baseline 0.004 -21"><span class='ocrx_word' id='word_1_630' title='bbox 2201 1335 2342 1390; x_wconf 86' lang='grc' dir='ltr'>οὕτω</span> <span class='ocrx_word' id='word_1_631' title='bbox 2362 1339 2425 1408; x_wconf 82' lang='grc' dir='ltr'>δὴ</span> <span class='ocrx_word' id='word_1_632' title='bbox 2457 1339 2552 1393; x_wconf 67' lang='grc' dir='ltr'>καὶ</span> <span class='ocrx_word' id='word_1_633' title='bbox 2577 1339 2814 1394; x_wconf 83' lang='grc' dir='ltr'>ἐνταῦθα</span> <span class='ocrx_word' id='word_1_634' title='bbox 2848 1339 2947 1391; x_wconf 87' lang='grc' dir='ltr'>οὑκ</span> <span class='ocrx_word' id='word_1_635' title='bbox 2986 1339 3094 1392; x_wconf 85' lang='grc' dir='ltr'>ἀπὸ</span> <span class='ocrx_word' id='word_1_636' title='bbox 3121 1338 3220 1408; x_wconf 89' lang='grc' dir='ltr'>τῆς</span> <span class='ocrx_word' id='word_1_637' title='bbox 3253 1339 3446 1408; x_wconf 88' lang='grc' dir='ltr'>μανίας</span> <span class='ocrx_word' id='word_1_638' title='bbox 3475 1339 3581 1392; x_wconf 84' lang='grc' dir='ltr'>τῶν</span> <span class='ocrx_word' id='word_1_639' title='bbox 3625 1339 3867 1409; x_wconf 78' lang='grc' dir='ltr'>ὑϐριζόν-</span> 
     </span>
    </p>
   </div>
   <div class='ocr_carea' id='block_1_80' title="bbox 2201 1421 3870 1495">
    <p class='ocr_par' dir='ltr' id='par_1_80' title="bbox 2201 1421 3870 1495">
     <span class='ocr_line' id='line_1_80' title="bbox 2201 1421 3870 1495; baseline 0.002 -23"><span class='ocrx_word' id='word_1_640' title='bbox 2201 1437 2329 1486; x_wconf 88' lang='grc' dir='ltr'>των,</span> <span class='ocrx_word' id='word_1_641' title='bbox 2361 1423 2476 1476; x_wconf 85' lang='grc' dir='ltr'>ἀλλ’</span> <span class='ocrx_word' id='word_1_642' title='bbox 2511 1423 2618 1478; x_wconf 78' lang='grc' dir='ltr'>ἀπὸ</span> <span class='ocrx_word' id='word_1_643' title='bbox 2640 1427 2738 1492; x_wconf 86' lang='grc' dir='ltr'>τῆς</span> <span class='ocrx_word' id='word_1_644' title='bbox 2763 1423 3046 1486; x_wconf 87' lang='grc' dir='ltr'>ἀσθενείας</span> <span class='ocrx_word' id='word_1_645' title='bbox 3068 1421 3175 1474; x_wconf 86' lang='grc' dir='ltr'>τῶν</span> <span class='ocrx_word' id='word_1_646' title='bbox 3201 1421 3571 1493; x_wconf 85' lang='grc' dir='ltr'>ὑϐριζομένων</span> <span class='ocrx_word' id='word_1_647' title='bbox 3591 1425 3646 1476; x_wconf 80' lang='grc' dir='ltr'>αἱ</span> <span class='ocrx_word' id='word_1_648' title='bbox 3669 1425 3870 1495; x_wconf 85' lang='grc' dir='ltr'>ὕϐρεις,</span> 
     </span>
    </p>
   </div>
   <div class='ocr_carea' id='block_1_81' title="bbox 2203 1505 3870 1579">
    <p class='ocr_par' dir='ltr' id='par_1_81' title="bbox 2203 1505 3870 1579">
     <span class='ocr_line' id='line_1_81' title="bbox 2203 1505 3870 1579; baseline 0.001 -20"><span class='ocrx_word' id='word_1_649' title='bbox 2203 1507 2297 1560; x_wconf 69' lang='grc' dir='ltr'>καὶ</span> <span class='ocrx_word' id='word_1_650' title='bbox 2341 1509 2396 1562; x_wconf 83' lang='grc' dir='ltr'>αῖ</span> <span class='ocrx_word' id='word_1_651' title='bbox 2447 1508 2556 1562; x_wconf 86' lang='grc' dir='ltr'>τῶν</span> <span class='ocrx_word' id='word_1_652' title='bbox 2589 1507 2799 1579; x_wconf 81' lang='grc' dir='ltr'>ὕϐρεων</span> <span class='ocrx_word' id='word_1_653' title='bbox 2821 1507 3036 1577; x_wconf 87' lang='grc' dir='ltr'>ἀτιμίαι</span> <span class='ocrx_word' id='word_1_654' title='bbox 3061 1505 3423 1559; x_wconf 82' lang='grc' dir='ltr'>συνίστανται.</span> <span class='ocrx_word' id='word_1_655' title='bbox 3460 1508 3558 1560; x_wconf 77' lang='grc' dir='ltr'>’Ἂν</span> <span class='ocrx_word' id='word_1_656' title='bbox 3587 1507 3696 1578; x_wconf 78' lang='grc' dir='ltr'>γάρ</span> <span class='ocrx_word' id='word_1_657' title='bbox 3723 1509 3870 1560; x_wconf 82' lang='grc' dir='ltr'>εἱδῶ-</span> 
     </span>
    </p>
   </div>
   <div class='ocr_carea' id='block_1_82' title="bbox 2207 1587 3872 1660">
    <p class='ocr_par' dir='ltr' id='par_1_82' title="bbox 2207 1587 3872 1660">
     <span class='ocr_line' id='line_1_82' title="bbox 2207 1587 3872 1660; baseline 0.002 -19"><span class='ocrx_word' id='word_1_658' title='bbox 2207 1607 2306 1659; x_wconf 89' lang='grc' dir='ltr'>μεν</span> <span class='ocrx_word' id='word_1_659' title='bbox 2350 1590 2681 1659; x_wconf 82' lang='grc' dir='ltr'>φιλοσοφεῖν,</span> <span class='ocrx_word' id='word_1_660' title='bbox 2735 1591 2856 1643; x_wconf 88' lang='grc' dir='ltr'>οὑδέ</span> <span class='ocrx_word' id='word_1_661' title='bbox 2901 1587 3222 1660; x_wconf 88' lang='grc' dir='ltr'>ὑϐρίζεσθαι</span> <span class='ocrx_word' id='word_1_662' title='bbox 3264 1589 3558 1659; x_wconf 85' lang='grc' dir='ltr'>δυνάμεθα,</span> <span class='ocrx_word' id='word_1_663' title='bbox 3604 1593 3722 1644; x_wconf 72' lang='grc' dir='ltr'>οὐδὲ</span> <span class='ocrx_word' id='word_1_664' title='bbox 3773 1593 3872 1645; x_wconf 86' lang='grc' dir='ltr'>πά-</span> 
     </span>
    </p>
   </div>
   <div class='ocr_carea' id='block_1_83' title="bbox 2205 1672 3872 1747">
    <p class='ocr_par' dir='ltr' id='par_1_83' title="bbox 2205 1672 3872 1747">
     <span class='ocr_line' id='line_1_83' title="bbox 2205 1672 3872 1747; baseline 0.003 -22"><span class='ocrx_word' id='word_1_665' title='bbox 2205 1689 2354 1743; x_wconf 90' lang='grc' dir='ltr'>σχειν</span> <span class='ocrx_word' id='word_1_666' title='bbox 2394 1674 2578 1727; x_wconf 87' lang='grc' dir='ltr'>τιτῶν</span> <span class='ocrx_word' id='word_1_667' title='bbox 2607 1673 2814 1728; x_wconf 85' lang='grc' dir='ltr'>δεινῶν.</span> <span class='ocrx_word' id='word_1_668' title='bbox 2845 1672 3108 1744; x_wconf 80' lang='grc' dir='ltr'>’Υϐρισεν</span> <span class='ocrx_word' id='word_1_669' title='bbox 3129 1675 3156 1726; x_wconf 90' lang='lat'>6</span> <span class='ocrx_word' id='word_1_670' title='bbox 3180 1673 3346 1738; x_wconf 88' lang='grc' dir='ltr'>δεῖνα,</span> <span class='ocrx_word' id='word_1_671' title='bbox 3381 1674 3495 1727; x_wconf 89' lang='grc' dir='ltr'>ἀλλ’</span> <span class='ocrx_word' id='word_1_672' title='bbox 3531 1677 3630 1729; x_wconf 83' lang='grc' dir='ltr'>οὐκ</span> <span class='ocrx_word' id='word_1_673' title='bbox 3675 1677 3872 1747; x_wconf 77' lang='grc' dir='ltr'>ᾐσθάν-</span> 
     </span>
    </p>
   </div>
   <div class='ocr_carea' id='block_1_84' title="bbox 2203 1755 3872 1830">
    <p class='ocr_par' dir='ltr' id='par_1_84' title="bbox 2203 1755 3872 1830">
     <span class='ocr_line' id='line_1_84' title="bbox 2203 1755 3872 1830; baseline 0.003 -23"><span class='ocrx_word' id='word_1_674' title='bbox 2203 1755 2304 1825; x_wconf 91' lang='grc' dir='ltr'>θης</span> <span class='ocrx_word' id='word_1_675' title='bbox 2327 1755 2377 1821; x_wconf 80' lang='lat' dir='ltr'>d,</span> <span class='ocrx_word' id='word_1_676' title='bbox 2411 1758 2511 1810; x_wconf 92' lang='grc' dir='ltr'>οὑκ</span> <span class='ocrx_word' id='word_1_677' title='bbox 2565 1757 2840 1828; x_wconf 83' lang='grc' dir='ltr'>ῆλγησας;</span> <span class='ocrx_word' id='word_1_678' title='bbox 2875 1756 2972 1826; x_wconf 89' lang='grc' dir='ltr'>οὑχ</span> <span class='ocrx_word' id='word_1_679' title='bbox 3014 1755 3299 1828; x_wconf 88' lang='grc' dir='ltr'>ὑϐρίσθης,</span> <span class='ocrx_word' id='word_1_680' title='bbox 3357 1757 3492 1811; x_wconf 85' lang='grc' dir='ltr'>ἀλλά</span> <span class='ocrx_word' id='word_1_681' title='bbox 3531 1760 3624 1811; x_wconf 81' lang='grc' dir='ltr'>καὶ</span> <span class='ocrx_word' id='word_1_682' title='bbox 3677 1759 3872 1830; x_wconf 79' lang='grc' dir='ltr'>μᾶλλον</span> 
     </span>
    </p>
   </div>
   <div class='ocr_carea' id='block_1_85' title="bbox 2203 1837 3876 1913">
    <p class='ocr_par' dir='ltr' id='par_1_85' title="bbox 2203 1837 3876 1913">
     <span class='ocr_line' id='line_1_85' title="bbox 2203 1837 3876 1913; baseline 0.005 -24"><span class='ocrx_word' id='word_1_683' title='bbox 2203 1837 2439 1909; x_wconf 83' lang='grc' dir='ltr'>ἐπληξας</span> <span class='ocrx_word' id='word_1_684' title='bbox 2465 1841 2498 1910; x_wconf 83' lang='grc' dir='ltr'>ἢ</span> <span class='ocrx_word' id='word_1_685' title='bbox 2529 1840 2794 1910; x_wconf 87' lang='grc' dir='ltr'>ἐπλήγης.</span> <span class='ocrx_word' id='word_1_686' title='bbox 2827 1840 2996 1892; x_wconf 88' lang='grc' dir='ltr'>Ὅταν</span> <span class='ocrx_word' id='word_1_687' title='bbox 3043 1840 3152 1911; x_wconf 86' lang='grc' dir='ltr'>γάρ</span> <span class='ocrx_word' id='word_1_688' title='bbox 3173 1840 3202 1891; x_wconf 88' lang='lat'>6</span> <span class='ocrx_word' id='word_1_689' title='bbox 3235 1840 3460 1912; x_wconf 88' lang='grc' dir='ltr'>ὑϐρίσας</span> <span class='ocrx_word' id='word_1_690' title='bbox 3497 1842 3581 1913; x_wconf 87' lang='grc' dir='ltr'>ίδῃ</span> <span class='ocrx_word' id='word_1_691' title='bbox 3614 1843 3688 1912; x_wconf 79' lang='grc' dir='ltr'>μὴ</span> <span class='ocrx_word' id='word_1_692' title='bbox 3743 1845 3876 1896; x_wconf 87' lang='grc' dir='ltr'>καθ-</span> 
     </span>
    </p>
   </div>
   <div class='ocr_carea' id='block_1_86' title="bbox 2205 1923 3874 1998">
    <p class='ocr_par' dir='ltr' id='par_1_86' title="bbox 2205 1923 3874 1998">
     <span class='ocr_line' id='line_1_86' title="bbox 2205 1923 3874 1998; baseline 0.004 -25"><span class='ocrx_word' id='word_1_693' title='bbox 2205 1923 2523 1994; x_wconf 87' lang='grc' dir='ltr'>ικνουμένην</span> <span class='ocrx_word' id='word_1_694' title='bbox 2577 1923 2740 1977; x_wconf 89' lang='grc' dir='ltr'>αὑτοῦ</span> <span class='ocrx_word' id='word_1_695' title='bbox 2791 1923 2886 1994; x_wconf 79' lang='grc' dir='ltr'>τὴν</span> <span class='ocrx_word' id='word_1_696' title='bbox 2935 1923 3148 1995; x_wconf 84' lang='grc' dir='ltr'>πληγὴν</span> <span class='ocrx_word' id='word_1_697' title='bbox 3189 1926 3286 1997; x_wconf 87' lang='grc' dir='ltr'>τῆς</span> <span class='ocrx_word' id='word_1_698' title='bbox 3323 1925 3428 1979; x_wconf 89' lang='grc' dir='ltr'>τῶν</span> <span class='ocrx_word' id='word_1_699' title='bbox 3460 1925 3874 1998; x_wconf 85' lang='grc' dir='ltr'>λοιδορηθέντων</span> 
     </span>
    </p>
   </div>
   <div class='ocr_carea' id='block_1_87' title="bbox 2205 2003 3876 2082">
    <p class='ocr_par' dir='ltr' id='par_1_87' title="bbox 2205 2003 3876 2082">
     <span class='ocr_line' id='line_1_87' title="bbox 2205 2003 3876 2082; baseline 0.002 -25"><span class='ocrx_word' id='word_1_700' title='bbox 2205 2003 2403 2075; x_wconf 74' lang='grc' dir='ltr'>ψυχῆς,</span> <span class='ocrx_word' id='word_1_701' title='bbox 2443 2006 2605 2069; x_wconf 85' lang='grc' dir='ltr'>αὑτὸς</span> <span class='ocrx_word' id='word_1_702' title='bbox 2643 2006 2899 2060; x_wconf 85' lang='grc' dir='ltr'>δάκνεται</span> <span class='ocrx_word' id='word_1_703' title='bbox 2936 2007 3215 2077; x_wconf 86' lang='grc' dir='ltr'>μειζόνως,</span> <span class='ocrx_word' id='word_1_704' title='bbox 3252 2008 3344 2062; x_wconf 78' lang='grc' dir='ltr'>καὶ</span> <span class='ocrx_word' id='word_1_705' title='bbox 3375 2009 3480 2062; x_wconf 87' lang='grc' dir='ltr'>τῶν</span> <span class='ocrx_word' id='word_1_706' title='bbox 3507 2011 3876 2082; x_wconf 78' lang='grc' dir='ltr'>ὑϐριζομένων</span> 
     </span>
    </p>
   </div>
   <div class='ocr_carea' id='block_1_88' title="bbox 2205 2085 3874 2164">
    <p class='ocr_par' dir='ltr' id='par_1_88' title="bbox 2205 2085 3874 2164">
     <span class='ocr_line' id='line_1_88' title="bbox 2205 2085 3874 2164; baseline 0.006 -26"><span class='ocrx_word' id='word_1_707' title='bbox 2205 2085 2504 2154; x_wconf 88' lang='grc' dir='ltr'>σιγώντων,</span> <span class='ocrx_word' id='word_1_708' title='bbox 2549 2089 2854 2161; x_wconf 84' lang='grc' dir='ltr'>αὐτόματος</span> <span class='ocrx_word' id='word_1_709' title='bbox 2893 2093 2926 2162; x_wconf 77' lang='grc' dir='ltr'><strong>ἡ</strong></span> <span class='ocrx_word' id='word_1_710' title='bbox 2977 2091 3158 2163; x_wconf 85' lang='grc' dir='ltr'>πληγὴ</span> <span class='ocrx_word' id='word_1_711' title='bbox 3185 2091 3291 2145; x_wconf 89' lang='grc' dir='ltr'>τῶν</span> <span class='ocrx_word' id='word_1_712' title='bbox 3332 2092 3540 2164; x_wconf 89' lang='grc' dir='ltr'>ὕϐρεων</span> <span class='ocrx_word' id='word_1_713' title='bbox 3585 2096 3728 2148; x_wconf 84' lang='grc' dir='ltr'>κατά</span> <span class='ocrx_word' id='word_1_714' title='bbox 3781 2095 3874 2148; x_wconf 82' lang='grc' dir='ltr'>τοῦ</span> 
     </span>
    </p>
   </div>
   <div class='ocr_carea' id='block_1_89' title="bbox 2203 2169 3206 2245">
    <p class='ocr_par' dir='ltr' id='par_1_89' title="bbox 2203 2169 3206 2245">
     <span class='ocr_line' id='line_1_89' title="bbox 2203 2169 3206 2245; baseline 0.006 -24"><span class='ocrx_word' id='word_1_715' title='bbox 2203 2169 2517 2240; x_wconf 56' lang='grc' dir='ltr'>πέμηίαντος</span> <span class='ocrx_word' id='word_1_716' title='bbox 2543 2174 2931 2245; x_wconf 57' lang='grc' dir='ltr'>ὑποστρέῲασα</span> <span class='ocrx_word' id='word_1_717' title='bbox 2961 2175 3206 2244; x_wconf 86' lang='grc' dir='ltr'>φέρεται.</span> 
     </span>
    </p>
   </div>
   <div class='ocr_carea' id='block_1_90' title="bbox 2283 2253 3878 2328">
    <p class='ocr_par' dir='ltr' id='par_1_90' title="bbox 2283 2253 3878 2328">
     <span class='ocr_line' id='line_1_90' title="bbox 2283 2253 3878 2328; baseline 0.004 -23"><span class='ocrx_word' id='word_1_718' title='bbox 2283 2253 2350 2311; x_wconf 88' lang='grc' dir='ltr'>θ’.</span> <span class='ocrx_word' id='word_1_719' title='bbox 2368 2256 2747 2328; x_wconf 83' lang='grc' dir='ltr'>Φιλοσοφῶμεν</span> <span class='ocrx_word' id='word_1_720' title='bbox 2761 2258 2938 2311; x_wconf 88' lang='grc' dir='ltr'>τοίνυν</span> <span class='ocrx_word' id='word_1_721' title='bbox 2962 2260 3020 2312; x_wconf 89' lang='grc' dir='ltr'>ἐν</span> <span class='ocrx_word' id='word_1_722' title='bbox 3054 2259 3276 2322; x_wconf 77' lang='grc' dir='ltr'>ἅπασιν,</span> <span class='ocrx_word' id='word_1_723' title='bbox 3293 2259 3583 2328; x_wconf 78' lang='grc' dir='ltr'>ἀγαπητοὶ,</span> <span class='ocrx_word' id='word_1_724' title='bbox 3613 2259 3704 2312; x_wconf 71' lang='grc' dir='ltr'>καὶ</span> <span class='ocrx_word' id='word_1_725' title='bbox 3725 2261 3878 2313; x_wconf 73' lang='grc' dir='ltr'>οὐδὲν</span> 
     </span>
    </p>
   </div>
   <div class='ocr_carea' id='block_1_91' title="bbox 2204 2341 3880 2414">
    <p class='ocr_par' dir='ltr' id='par_1_91' title="bbox 2204 2341 3880 2414">
     <span class='ocr_line' id='line_1_91' title="bbox 2204 2341 3880 2414; baseline 0.001 -22"><span class='ocrx_word' id='word_1_726' title='bbox 2204 2341 2350 2411; x_wconf 75' lang='grc' dir='ltr'>ἡμᾶς</span> <span class='ocrx_word' id='word_1_727' title='bbox 2395 2341 2558 2394; x_wconf 89' lang='grc' dir='ltr'>πενία</span> <span class='ocrx_word' id='word_1_728' title='bbox 2609 2341 2963 2412; x_wconf 73' lang='grc' dir='ltr'>παραϐλάψαι</span> <span class='ocrx_word' id='word_1_729' title='bbox 3004 2341 3310 2412; x_wconf 78' lang='grc' dir='ltr'>δυνήσεται,</span> <span class='ocrx_word' id='word_1_730' title='bbox 3359 2343 3492 2394; x_wconf 82' lang='grc' dir='ltr'>ἀλλὰ</span> <span class='ocrx_word' id='word_1_731' title='bbox 3531 2342 3624 2396; x_wconf 71' lang='grc' dir='ltr'>καὶ</span> <span class='ocrx_word' id='word_1_732' title='bbox 3665 2343 3880 2414; x_wconf 76' lang='grc' dir='ltr'>ὠφελη-</span> 
     </span>
    </p>
   </div>
   <div class='ocr_carea' id='block_1_92' title="bbox 2205 2423 3880 2495">
    <p class='ocr_par' dir='ltr' id='par_1_92' title="bbox 2205 2423 3880 2495">
     <span class='ocr_line' id='line_1_92' title="bbox 2205 2423 3880 2495; baseline 0.002 -20"><span class='ocrx_word' id='word_1_733' title='bbox 2205 2440 2286 2476; x_wconf 88' lang='grc' dir='ltr'>σει</span> <span class='ocrx_word' id='word_1_734' title='bbox 2319 2424 2386 2476; x_wconf 82' lang='grc' dir='ltr'>τά</span> <span class='ocrx_word' id='word_1_735' title='bbox 2427 2424 2676 2494; x_wconf 89' lang='grc' dir='ltr'>μέγιστα,</span> <span class='ocrx_word' id='word_1_736' title='bbox 2707 2425 2802 2477; x_wconf 76' lang='grc' dir='ltr'>καὶ</span> <span class='ocrx_word' id='word_1_737' title='bbox 2837 2423 3248 2495; x_wconf 85' lang='grc' dir='ltr'>λαμπροτέρους</span> <span class='ocrx_word' id='word_1_738' title='bbox 3289 2425 3598 2494; x_wconf 89' lang='grc' dir='ltr'>ἐργάσεται,</span> <span class='ocrx_word' id='word_1_739' title='bbox 3621 2425 3718 2478; x_wconf 69' lang='grc' dir='ltr'>καὶ</span> <span class='ocrx_word' id='word_1_740' title='bbox 3747 2428 3880 2480; x_wconf 69' lang='grc' dir='ltr'>πάνυ</span> 
     </span>
    </p>
   </div>
   <div class='ocr_carea' id='block_1_93' title="bbox 2201 2505 3877 2579">
    <p class='ocr_par' dir='ltr' id='par_1_93' title="bbox 2201 2505 3877 2579">
     <span class='ocr_line' id='line_1_93' title="bbox 2201 2505 3877 2579; baseline 0.002 -21"><span class='ocrx_word' id='word_1_741' title='bbox 2201 2522 2308 2558; x_wconf 88' lang='grc' dir='ltr'>των</span> <span class='ocrx_word' id='word_1_742' title='bbox 2332 2505 2440 2559; x_wconf 88' lang='grc' dir='ltr'>τῶν</span> <span class='ocrx_word' id='word_1_743' title='bbox 2472 2505 2847 2559; x_wconf 85' lang='grc' dir='ltr'>πλουτούντων</span> <span class='ocrx_word' id='word_1_744' title='bbox 2878 2507 3306 2577; x_wconf 80' lang='grc' dir='ltr'>εὐπορωτέρους.</span> <span class='ocrx_word' id='word_1_745' title='bbox 3337 2508 3400 2560; x_wconf 89' lang='grc' dir='ltr'>Τί</span> <span class='ocrx_word' id='word_1_746' title='bbox 3445 2508 3569 2578; x_wconf 84' lang='grc' dir='ltr'>γὰρ,</span> <span class='ocrx_word' id='word_1_747' title='bbox 3603 2510 3726 2562; x_wconf 82' lang='grc' dir='ltr'>εἰπέ</span> <span class='ocrx_word' id='word_1_748' title='bbox 3767 2527 3877 2579; x_wconf 88' lang='grc' dir='ltr'>μοι,</span> 
     </span>
    </p>
   </div>
   <div class='ocr_carea' id='block_1_94' title="bbox 2201 2585 3882 2660">
    <p class='ocr_par' dir='ltr' id='par_1_94' title="bbox 2201 2585 3882 2660">
     <span class='ocr_line' id='line_1_94' title="bbox 2201 2585 3882 2660; baseline 0.004 -20"><span class='ocrx_word' id='word_1_749' title='bbox 2201 2587 2296 2640; x_wconf 87' lang='grc' dir='ltr'>τοῦ</span> <span class='ocrx_word' id='word_1_750' title='bbox 2332 2588 2486 2642; x_wconf 84' lang='grc' dir='ltr'>Ἠλία</span> <span class='ocrx_word' id='word_1_751' title='bbox 2517 2590 2843 2660; x_wconf 85' lang='grc' dir='ltr'>πενέστερον</span> <span class='ocrx_word' id='word_1_752' title='bbox 2873 2585 2972 2660; x_wconf 75' lang='grc' dir='ltr'>ῆνς</span> <span class='ocrx_word' id='word_1_753' title='bbox 3011 2589 3170 2643; x_wconf 83' lang='grc' dir='ltr'>Ἀλλά</span> <span class='ocrx_word' id='word_1_754' title='bbox 3199 2590 3286 2642; x_wconf 86' lang='grc' dir='ltr'>διά</span> <span class='ocrx_word' id='word_1_755' title='bbox 3307 2589 3464 2645; x_wconf 87' lang='grc' dir='ltr'>τοῦτο</span> <span class='ocrx_word' id='word_1_756' title='bbox 3493 2593 3702 2656; x_wconf 84' lang='grc' dir='ltr'>πάντας</span> <span class='ocrx_word' id='word_1_757' title='bbox 3727 2595 3882 2646; x_wconf 74' lang='grc' dir='ltr'>ἐνίκα</span> 
     </span>
    </p>
   </div>
   <div class='ocr_carea' id='block_1_95' title="bbox 2202 2671 3884 2746">
    <p class='ocr_par' dir='ltr' id='par_1_95' title="bbox 2202 2671 3884 2746">
     <span class='ocr_line' id='line_1_95' title="bbox 2202 2671 3884 2746; baseline 0.004 -23"><span class='ocrx_word' id='word_1_758' title='bbox 2202 2673 2327 2736; x_wconf 76' lang='grc' dir='ltr'>τοὺς</span> <span class='ocrx_word' id='word_1_759' title='bbox 2369 2671 2756 2736; x_wconf 86' lang='grc' dir='ltr'>πλουτοῦντας,</span> <span class='ocrx_word' id='word_1_760' title='bbox 2795 2672 2982 2744; x_wconf 81' lang='grc' dir='ltr'>ἐπειδὴ</span> <span class='ocrx_word' id='word_1_761' title='bbox 3007 2672 3151 2726; x_wconf 88' lang='grc' dir='ltr'>οὕτω</span> <span class='ocrx_word' id='word_1_762' title='bbox 3177 2673 3346 2742; x_wconf 86' lang='grc' dir='ltr'>πένης</span> <span class='ocrx_word' id='word_1_763' title='bbox 3383 2671 3471 2746; x_wconf 78' lang='grc' dir='ltr'>ἦν,</span> <span class='ocrx_word' id='word_1_764' title='bbox 3499 2677 3594 2728; x_wconf 70' lang='grc' dir='ltr'>καὶ</span> <span class='ocrx_word' id='word_1_765' title='bbox 3621 2678 3798 2744; x_wconf 70' lang='grc' dir='ltr'>αὐτὴν</span> <span class='ocrx_word' id='word_1_766' title='bbox 3825 2678 3884 2730; x_wconf 80' lang='grc' dir='ltr'>δὲ</span> 
     </span>
    </p>
   </div>
   <div class='ocr_carea' id='block_1_96' title="bbox 2203 2755 3886 2830">
    <p class='ocr_par' dir='ltr' id='par_1_96' title="bbox 2203 2755 3886 2830">
     <span class='ocr_line' id='line_1_96' title="bbox 2203 2755 3886 2830; baseline 0.002 -23"><span class='ocrx_word' id='word_1_767' title='bbox 2203 2755 2300 2826; x_wconf 78' lang='grc' dir='ltr'>τὴν</span> <span class='ocrx_word' id='word_1_768' title='bbox 2330 2755 2518 2808; x_wconf 84' lang='grc' dir='ltr'>πενίαν</span> <span class='ocrx_word' id='word_1_769' title='bbox 2547 2755 2654 2808; x_wconf 86' lang='grc' dir='ltr'>ἀπὺ</span> <span class='ocrx_word' id='word_1_770' title='bbox 2680 2755 2943 2818; x_wconf 86' lang='grc' dir='ltr'>πλουσίας</span> <span class='ocrx_word' id='word_1_771' title='bbox 2973 2767 2996 2794; x_wconf 76' lang='grc' dir='ltr'>ε</span> <span class='ocrx_word' id='word_1_772' title='bbox 3024 2755 3199 2808; x_wconf 81' lang='grc' dir='ltr'>είλετο</span> <span class='ocrx_word' id='word_1_773' title='bbox 3223 2756 3478 2820; x_wconf 66' lang='grc' dir='ltr'>διανοίας.</span> <span class='ocrx_word' id='word_1_774' title='bbox 3527 2759 3752 2828; x_wconf 71' lang='grc' dir='ltr'>Ἐπειδὴ</span> <span class='ocrx_word' id='word_1_775' title='bbox 3773 2759 3886 2830; x_wconf 72' lang='grc' dir='ltr'>γάρ</span> 
     </span>
    </p>
   </div>
   <div class='ocr_carea' id='block_1_97' title="bbox 2203 2838 3889 2913">
    <p class='ocr_par' dir='ltr' id='par_1_97' title="bbox 2203 2838 3889 2913">
     <span class='ocr_line' id='line_1_97' title="bbox 2203 2838 3889 2913; baseline 0.002 -21"><span class='ocrx_word' id='word_1_776' title='bbox 2203 2839 2419 2892; x_wconf 71' lang='grc' dir='ltr'>ἅπαντα</span> <span class='ocrx_word' id='word_1_777' title='bbox 2438 2838 2546 2890; x_wconf 89' lang='grc' dir='ltr'>τῶν</span> <span class='ocrx_word' id='word_1_778' title='bbox 2566 2857 2670 2910; x_wconf 86' lang='grc' dir='ltr'>χρη</span> <span class='ocrx_word' id='word_1_779' title='bbox 2681 2839 2864 2908; x_wconf 91' lang='grc' dir='ltr'>μάτων</span> <span class='ocrx_word' id='word_1_780' title='bbox 2879 2839 2969 2892; x_wconf 75' lang='grc' dir='ltr'>τὸν</span> <span class='ocrx_word' id='word_1_781' title='bbox 2991 2838 3104 2910; x_wconf 73' lang='grc'>[54]</span> <span class='ocrx_word' id='word_1_782' title='bbox 3121 2840 3347 2893; x_wconf 89' lang='grc' dir='ltr'>πλοῦτον</span> <span class='ocrx_word' id='word_1_783' title='bbox 3365 2841 3619 2895; x_wconf 84' lang='grc' dir='ltr'>ἐλάττονα</span> <span class='ocrx_word' id='word_1_784' title='bbox 3635 2845 3736 2913; x_wconf 83' lang='grc' dir='ltr'>τῆς</span> <span class='ocrx_word' id='word_1_785' title='bbox 3756 2847 3889 2895; x_wconf 86' lang='grc' dir='ltr'>ἐαυ-</span> 
     </span>
    </p>
   </div>
   <div class='ocr_carea' id='block_1_98' title="bbox 2203 2918 3888 2992">
    <p class='ocr_par' dir='ltr' id='par_1_98' title="bbox 2203 2918 3888 2992">
     <span class='ocr_line' id='line_1_98' title="bbox 2203 2918 3888 2992; baseline 0.005 -21"><span class='ocrx_word' id='word_1_786' title='bbox 2203 2920 2297 2973; x_wconf 89' lang='grc' dir='ltr'>τοῦ</span> <span class='ocrx_word' id='word_1_787' title='bbox 2329 2923 2733 2992; x_wconf 66' lang='grc' dir='ltr'>μεγαλοψυχίας</span> <span class='ocrx_word' id='word_1_788' title='bbox 2775 2921 3022 2992; x_wconf 85' lang='grc' dir='ltr'>ἐνόμιζεν</span> <span class='ocrx_word' id='word_1_789' title='bbox 3061 2918 3220 2987; x_wconf 74' lang='grc' dir='ltr'>εἶναι,</span> <span class='ocrx_word' id='word_1_790' title='bbox 3257 2925 3352 2975; x_wconf 75' lang='grc' dir='ltr'>καὶ</span> <span class='ocrx_word' id='word_1_791' title='bbox 3395 2925 3494 2976; x_wconf 81' lang='grc' dir='ltr'>οὐκ</span> <span class='ocrx_word' id='word_1_792' title='bbox 3531 2924 3678 2990; x_wconf 78' lang='grc' dir='ltr'>ἄξιον</span> <span class='ocrx_word' id='word_1_793' title='bbox 3715 2927 3888 2984; x_wconf 77' lang='grc' dir='ltr'>αὑτοῦ</span> 
     </span>
    </p>
   </div>
   <div class='ocr_carea' id='block_1_99' title="bbox 2203 3004 3892 3076">
    <p class='ocr_par' dir='ltr' id='par_1_99' title="bbox 2203 3004 3892 3076">
     <span class='ocr_line' id='line_1_99' title="bbox 2203 3004 3892 3076; baseline 0.002 -20"><span class='ocrx_word' id='word_1_794' title='bbox 2203 3004 2302 3072; x_wconf 87' lang='grc' dir='ltr'>τῆς</span> <span class='ocrx_word' id='word_1_795' title='bbox 2340 3005 2676 3074; x_wconf 84' lang='grc' dir='ltr'>φιλοσοφίας,</span> <span class='ocrx_word' id='word_1_796' title='bbox 2703 3004 2790 3057; x_wconf 84' lang='grc' dir='ltr'>διὰ</span> <span class='ocrx_word' id='word_1_797' title='bbox 2816 3005 2975 3056; x_wconf 91' lang='grc' dir='ltr'>τοῦτο</span> <span class='ocrx_word' id='word_1_798' title='bbox 3009 3004 3197 3058; x_wconf 86' lang='grc' dir='ltr'>πενίαν</span> <span class='ocrx_word' id='word_1_799' title='bbox 3247 3005 3516 3076; x_wconf 87' lang='grc' dir='ltr'>τοσαύτην</span> <span class='ocrx_word' id='word_1_800' title='bbox 3559 3009 3892 3076; x_wconf 64' lang='grc' dir='ltr'>ἠσπάσατοσ</span> 
     </span>
    </p>
   </div>
   <div class='ocr_carea' id='block_1_100' title="bbox 2203 3084 3892 3163">
    <p class='ocr_par' dir='ltr' id='par_1_100' title="bbox 2203 3084 3892 3163">
     <span class='ocr_line' id='line_1_100' title="bbox 2203 3084 3892 3163; baseline 0.004 -24"><span class='ocrx_word' id='word_1_801' title='bbox 2203 3086 2280 3150; x_wconf 86' lang='grc' dir='ltr'>ώς</span> <span class='ocrx_word' id='word_1_802' title='bbox 2325 3090 2374 3140; x_wconf 85' lang='grc' dir='ltr'>εί</span> <span class='ocrx_word' id='word_1_803' title='bbox 2416 3088 2626 3158; x_wconf 84' lang='grc' dir='ltr'>μεγάλα</span> <span class='ocrx_word' id='word_1_804' title='bbox 2670 3087 2740 3139; x_wconf 81' lang='grc' dir='ltr'>τὰ</span> <span class='ocrx_word' id='word_1_805' title='bbox 2773 3087 3017 3157; x_wconf 89' lang='grc' dir='ltr'>παρόντα</span> <span class='ocrx_word' id='word_1_806' title='bbox 3048 3087 3298 3156; x_wconf 78' lang='grc' dir='ltr'>ἐνόμισεν</span> <span class='ocrx_word' id='word_1_807' title='bbox 3335 3084 3494 3152; x_wconf 77' lang='grc' dir='ltr'>εἶναι,</span> <span class='ocrx_word' id='word_1_808' title='bbox 3525 3092 3626 3144; x_wconf 82' lang='grc' dir='ltr'>οὑκ</span> <span class='ocrx_word' id='word_1_809' title='bbox 3671 3092 3746 3145; x_wconf 84' lang='grc' dir='ltr'>ἂν</span> <span class='ocrx_word' id='word_1_810' title='bbox 3787 3111 3892 3163; x_wconf 80' lang='grc' dir='ltr'>μη-</span> 
     </span>
    </p>
   </div>
   <div class='ocr_carea' id='block_1_101' title="bbox 2204 3170 3899 3246">
    <p class='ocr_par' dir='ltr' id='par_1_101' title="bbox 2204 3170 3899 3246">
     <span class='ocr_line' id='line_1_101' title="bbox 2204 3170 3899 3246; baseline 0.002 -21"><span class='ocrx_word' id='word_1_811' title='bbox 2204 3170 2381 3241; x_wconf 81' lang='grc' dir='ltr'>λωτὴν</span> <span class='ocrx_word' id='word_1_812' title='bbox 2407 3171 2674 3240; x_wconf 76' lang='grc' dir='ltr'>ἐκτήσατο</span> <span class='ocrx_word' id='word_1_813' title='bbox 2707 3170 2885 3240; x_wconf 84' lang='grc' dir='ltr'>μόνον,</span> <span class='ocrx_word' id='word_1_814' title='bbox 2930 3171 3044 3224; x_wconf 88' lang='grc' dir='ltr'>ἀλλ’</span> <span class='ocrx_word' id='word_1_815' title='bbox 3073 3170 3230 3230; x_wconf 86' lang='grc' dir='ltr'>οὕτω</span> <span class='ocrx_word' id='word_1_816' title='bbox 3266 3173 3514 3241; x_wconf 82' lang='grc' dir='ltr'>κατέγνω</span> <span class='ocrx_word' id='word_1_817' title='bbox 3541 3175 3642 3244; x_wconf 88' lang='grc' dir='ltr'>τῆς</span> <span class='ocrx_word' id='word_1_818' title='bbox 3675 3178 3899 3246; x_wconf 77' lang='grc' dir='ltr'>παρού-</span> 
     </span>
    </p>
   </div>
   <div class='ocr_carea' id='block_1_102' title="bbox 2206 3254 3898 3329">
    <p class='ocr_par' dir='ltr' id='par_1_102' title="bbox 2206 3254 3898 3329">
     <span class='ocr_line' id='line_1_102' title="bbox 2206 3254 3898 3329; baseline 0.002 -23"><span class='ocrx_word' id='word_1_819' title='bbox 2206 3271 2306 3324; x_wconf 91' lang='grc' dir='ltr'>σης</span> <span class='ocrx_word' id='word_1_820' title='bbox 2353 3254 2710 3324; x_wconf 87' lang='grc' dir='ltr'>ματαιότητος</span> <span class='ocrx_word' id='word_1_821' title='bbox 2739 3255 2980 3325; x_wconf 90' lang='grc' dir='ltr'>ἁπάσης,</span> <span class='ocrx_word' id='word_1_822' title='bbox 3011 3254 3106 3308; x_wconf 75' lang='grc' dir='ltr'>καὶ</span> <span class='ocrx_word' id='word_1_823' title='bbox 3136 3255 3212 3318; x_wconf 90' lang='grc' dir='ltr'>ώς</span> <span class='ocrx_word' id='word_1_824' title='bbox 3242 3255 3414 3326; x_wconf 84' lang='grc' dir='ltr'>πηλὸν</span> <span class='ocrx_word' id='word_1_825' title='bbox 3456 3259 3801 3329; x_wconf 76' lang='grc' dir='ltr'>ἐρριμμένον</span> <span class='ocrx_word' id='word_1_826' title='bbox 3837 3261 3898 3311; x_wconf 66' lang='grc' dir='ltr'>τὴ</span> 
     </span>
    </p>
   </div>
   <div class='ocr_carea' id='block_1_103' title="bbox 2205 3335 3896 3412">
    <p class='ocr_par' dir='ltr' id='par_1_103' title="bbox 2205 3335 3896 3412">
     <span class='ocr_line' id='line_1_103' title="bbox 2205 3335 3896 3412; baseline 0.004 -25"><span class='ocrx_word' id='word_1_827' title='bbox 2205 3337 2424 3408; x_wconf 90' lang='grc' dir='ltr'>χρυσίον</span> <span class='ocrx_word' id='word_1_828' title='bbox 2458 3336 2602 3390; x_wconf 81' lang='grc' dir='ltr'>ᾶπαν</span> <span class='ocrx_word' id='word_1_829' title='bbox 2640 3335 2806 3408; x_wconf 88' lang='grc' dir='ltr'>ἐώρα,</span> <span class='ocrx_word' id='word_1_830' title='bbox 2854 3337 2930 3401; x_wconf 83' lang='grc' dir='ltr'>ὡς</span> <span class='ocrx_word' id='word_1_831' title='bbox 2968 3337 3068 3408; x_wconf 86' lang='grc' dir='ltr'>τῆς</span> <span class='ocrx_word' id='word_1_832' title='bbox 3115 3337 3410 3408; x_wconf 88' lang='grc' dir='ltr'>περιϐολῆς</span> <span class='ocrx_word' id='word_1_833' title='bbox 3460 3341 3678 3410; x_wconf 85' lang='grc' dir='ltr'>ἐκείνης</span> <span class='ocrx_word' id='word_1_834' title='bbox 3721 3342 3896 3412; x_wconf 76' lang='grc' dir='ltr'>μηδὲν</span> 
     </span>
    </p>
   </div>
   <div class='ocr_carea' id='block_1_104' title="bbox 2205 3419 3902 3495">
    <p class='ocr_par' dir='ltr' id='par_1_104' title="bbox 2205 3419 3902 3495">
     <span class='ocr_line' id='line_1_104' title="bbox 2205 3419 3902 3495; baseline 0.002 -21"><span class='ocrx_word' id='word_1_835' title='bbox 2205 3419 2508 3490; x_wconf 81' lang='grc' dir='ltr'>κτήσασθαι</span> <span class='ocrx_word' id='word_1_836' title='bbox 2556 3421 2734 3476; x_wconf 84' lang='grc' dir='ltr'>πλέον.</span> <span class='ocrx_word' id='word_1_837' title='bbox 2791 3421 2888 3474; x_wconf 86' lang='grc' dir='ltr'>Διά</span> <span class='ocrx_word' id='word_1_838' title='bbox 2945 3421 3104 3474; x_wconf 90' lang='grc' dir='ltr'>τοῦτο</span> <span class='ocrx_word' id='word_1_839' title='bbox 3142 3423 3170 3474; x_wconf 93' lang='lat'>6</span> <span class='ocrx_word' id='word_1_840' title='bbox 3209 3420 3461 3492; x_wconf 78' lang='grc' dir='ltr'>βασιλεὺς</span> <span class='ocrx_word' id='word_1_841' title='bbox 3497 3423 3590 3475; x_wconf 88' lang='grc' dir='ltr'>τοῦ</span> <span class='ocrx_word' id='word_1_842' title='bbox 3647 3427 3902 3495; x_wconf 81' lang='grc' dir='ltr'>πένητος</span> 
     </span>
    </p>
   </div>
   <div class='ocr_carea' id='block_1_105' title="bbox 2205 3502 3903 3576">
    <p class='ocr_par' dir='ltr' id='par_1_105' title="bbox 2205 3502 3903 3576">
     <span class='ocr_line' id='line_1_105' title="bbox 2205 3502 3903 3576; baseline 0.002 -20"><span class='ocrx_word' id='word_1_843' title='bbox 2205 3502 2392 3568; x_wconf 80' lang='grc' dir='ltr'>ἐδεῖτο,</span> <span class='ocrx_word' id='word_1_844' title='bbox 2425 3505 2519 3557; x_wconf 73' lang='grc' dir='ltr'>καὶ</span> <span class='ocrx_word' id='word_1_845' title='bbox 2571 3505 2708 3574; x_wconf 75' lang='grc' dir='ltr'>πρὸς</span> <span class='ocrx_word' id='word_1_846' title='bbox 2757 3505 2818 3558; x_wconf 77' lang='grc' dir='ltr'>τὸ</span> <span class='ocrx_word' id='word_1_847' title='bbox 2854 3505 3028 3575; x_wconf 88' lang='grc' dir='ltr'>στόμα</span> <span class='ocrx_word' id='word_1_848' title='bbox 3073 3506 3319 3575; x_wconf 84' lang='grc' dir='ltr'>ἐκεχήνει</span> <span class='ocrx_word' id='word_1_849' title='bbox 3361 3505 3454 3558; x_wconf 89' lang='grc' dir='ltr'>τοῦ</span> <span class='ocrx_word' id='word_1_850' title='bbox 3504 3507 3672 3576; x_wconf 77' lang='grc' dir='ltr'>μηδὲν</span> <span class='ocrx_word' id='word_1_851' title='bbox 3729 3511 3903 3562; x_wconf 78' lang='grc' dir='ltr'>πλέον</span> 
     </span>
    </p>
   </div>
   <div class='ocr_carea' id='block_1_106' title="bbox 2208 3586 3908 3662">
    <p class='ocr_par' dir='ltr' id='par_1_106' title="bbox 2208 3586 3908 3662">
     <span class='ocr_line' id='line_1_106' title="bbox 2208 3586 3908 3662; baseline 0.003 -23"><span class='ocrx_word' id='word_1_852' title='bbox 2208 3586 2464 3657; x_wconf 88' lang='grc' dir='ltr'>μηλωτῆς</span> <span class='ocrx_word' id='word_1_853' title='bbox 2497 3587 2731 3658; x_wconf 79' lang='grc' dir='ltr'>ἔχοντος,</span> <span class='ocrx_word' id='word_1_854' title='bbox 2767 3590 2795 3640; x_wconf 91' lang='lat'>6</span> <span class='ocrx_word' id='word_1_855' title='bbox 2815 3587 3068 3642; x_wconf 87' lang='grc' dir='ltr'>τοσοῦτον</span> <span class='ocrx_word' id='word_1_856' title='bbox 3099 3588 3320 3658; x_wconf 89' lang='grc' dir='ltr'>χρυσίον</span> <span class='ocrx_word' id='word_1_857' title='bbox 3353 3588 3491 3658; x_wconf 81' lang='grc' dir='ltr'>ἔχων</span> <span class='ocrx_word' id='word_1_858' title='bbox 3517 3603 3529 3618; x_wconf 93' lang='grc'><strong>·</strong></span> <span class='ocrx_word' id='word_1_859' title='bbox 3560 3587 3714 3643; x_wconf 85' lang='grc' dir='ltr'>οὕτω</span> <span class='ocrx_word' id='word_1_860' title='bbox 3757 3593 3908 3662; x_wconf 82' lang='grc' dir='ltr'>λαμ-</span> 
     </span>
    </p>
   </div>
   <div class='ocr_carea' id='block_1_107' title="bbox 2207 3667 3904 3744">
    <p class='ocr_par' dir='ltr' id='par_1_107' title="bbox 2207 3667 3904 3744">
     <span class='ocr_line' id='line_1_107' title="bbox 2207 3667 3904 3744; baseline 0.003 -23"><span class='ocrx_word' id='word_1_861' title='bbox 2207 3671 2445 3742; x_wconf 87' lang='grc' dir='ltr'>προτέρα</span> <span class='ocrx_word' id='word_1_862' title='bbox 2471 3671 2572 3740; x_wconf 83' lang='grc' dir='ltr'>τῆς</span> <span class='ocrx_word' id='word_1_863' title='bbox 2605 3672 2936 3742; x_wconf 80' lang='grc' dir='ltr'>πορφυρίδος</span> <span class='ocrx_word' id='word_1_864' title='bbox 2971 3673 3002 3742; x_wconf 85' lang='grc' dir='ltr'><strong>ή</strong></span> <span class='ocrx_word' id='word_1_865' title='bbox 3056 3671 3277 3742; x_wconf 86' lang='grc' dir='ltr'>μηλωτὴ</span> <span class='ocrx_word' id='word_1_866' title='bbox 3307 3667 3396 3742; x_wconf 78' lang='grc' dir='ltr'>ἦν,</span> <span class='ocrx_word' id='word_1_867' title='bbox 3443 3674 3536 3726; x_wconf 85' lang='grc' dir='ltr'>καὶ</span> <span class='ocrx_word' id='word_1_868' title='bbox 3571 3673 3684 3727; x_wconf 84' lang='grc' dir='ltr'>τῶν</span> <span class='ocrx_word' id='word_1_869' title='bbox 3733 3675 3904 3744; x_wconf 83' lang='grc' dir='ltr'>βασι-</span> 
     </span>
    </p>
   </div>
   <div class='ocr_carea' id='block_1_108' title="bbox 2204 3753 3911 3824">
    <p class='ocr_par' dir='ltr' id='par_1_108' title="bbox 2204 3753 3911 3824">
     <span class='ocr_line' id='line_1_108' title="bbox 2204 3753 3911 3824; baseline 0.004 -20"><span class='ocrx_word' id='word_1_870' title='bbox 2204 3753 2370 3806; x_wconf 87' lang='grc' dir='ltr'>λικῶν</span> <span class='ocrx_word' id='word_1_871' title='bbox 2413 3753 2594 3806; x_wconf 85' lang='grc' dir='ltr'>αὑλῶν</span> <span class='ocrx_word' id='word_1_872' title='bbox 2633 3755 2693 3806; x_wconf 82' lang='grc' dir='ltr'>τὸ</span> <span class='ocrx_word' id='word_1_873' title='bbox 2740 3754 3002 3824; x_wconf 86' lang='grc' dir='ltr'>σπήλαιον</span> <span class='ocrx_word' id='word_1_874' title='bbox 3055 3753 3150 3806; x_wconf 89' lang='grc' dir='ltr'>τοῦ</span> <span class='ocrx_word' id='word_1_875' title='bbox 3194 3753 3422 3808; x_wconf 86' lang='grc' dir='ltr'>δικαίου.</span> <span class='ocrx_word' id='word_1_876' title='bbox 3461 3755 3559 3808; x_wconf 82' lang='grc' dir='ltr'>Διά</span> <span class='ocrx_word' id='word_1_877' title='bbox 3595 3755 3772 3809; x_wconf 85' lang='grc' dir='ltr'>τοῦτο</span> <span class='ocrx_word' id='word_1_878' title='bbox 3807 3758 3911 3811; x_wconf 65' lang='grc' dir='ltr'>καὶ</span> 
     </span>
    </p>
   </div>
   <div class='ocr_carea' id='block_1_109' title="bbox 2203 3835 3906 3910">
    <p class='ocr_par' dir='ltr' id='par_1_109' title="bbox 2203 3835 3906 3910">
     <span class='ocr_line' id='line_1_109' title="bbox 2203 3835 3906 3910; baseline 0.004 -24"><span class='ocrx_word' id='word_1_879' title='bbox 2203 3836 2282 3896; x_wconf 85' lang='grc' dir='ltr'>είς</span> <span class='ocrx_word' id='word_1_880' title='bbox 2319 3835 2409 3887; x_wconf 81' lang='grc' dir='ltr'>τὸν</span> <span class='ocrx_word' id='word_1_881' title='bbox 2433 3836 2658 3906; x_wconf 78' lang='grc' dir='ltr'>οὐρανὸν</span> <span class='ocrx_word' id='word_1_882' title='bbox 2693 3836 2880 3900; x_wconf 85' lang='grc' dir='ltr'>ἀνιὼν,</span> <span class='ocrx_word' id='word_1_883' title='bbox 2912 3837 3058 3890; x_wconf 75' lang='grc' dir='ltr'>οὐδὲν</span> <span class='ocrx_word' id='word_1_884' title='bbox 3100 3836 3306 3905; x_wconf 81' lang='grc' dir='ltr'>ἓτερον,</span> <span class='ocrx_word' id='word_1_885' title='bbox 3353 3837 3465 3890; x_wconf 78' lang='grc' dir='ltr'>ἀλλ’</span> <span class='ocrx_word' id='word_1_886' title='bbox 3498 3837 3529 3908; x_wconf 79' lang='grc' dir='ltr'>ἦ</span> <span class='ocrx_word' id='word_1_887' title='bbox 3564 3838 3668 3908; x_wconf 84' lang='grc' dir='ltr'>τὴν</span> <span class='ocrx_word' id='word_1_888' title='bbox 3703 3841 3906 3910; x_wconf 82' lang='grc' dir='ltr'>μηλω-</span> 
     </span>
    </p>
   </div>
   <div class='ocr_carea' id='block_1_110' title="bbox 2203 3916 3912 3992">
    <p class='ocr_par' dir='ltr' id='par_1_110' title="bbox 2203 3916 3912 3992">
     <span class='ocr_line' id='line_1_110' title="bbox 2203 3916 3912 3992; baseline 0.005 -25"><span class='ocrx_word' id='word_1_889' title='bbox 2203 3916 2301 3986; x_wconf 85' lang='grc' dir='ltr'>τὴν</span> <span class='ocrx_word' id='word_1_890' title='bbox 2327 3916 2404 3986; x_wconf 83' lang='grc' dir='ltr'>τῷ</span> <span class='ocrx_word' id='word_1_891' title='bbox 2445 3917 2659 3989; x_wconf 83' lang='grc' dir='ltr'>μαθητῇ</span> <span class='ocrx_word' id='word_1_892' title='bbox 2697 3919 2972 3972; x_wconf 80' lang='grc' dir='ltr'>κατέλιπε.</span> <span class='ocrx_word' id='word_1_893' title='bbox 3017 3919 3172 3972; x_wconf 82' lang='grc' dir='ltr'>Μετά</span> <span class='ocrx_word' id='word_1_894' title='bbox 3205 3919 3432 3990; x_wconf 88' lang='grc' dir='ltr'>ταύτης,</span> <span class='ocrx_word' id='word_1_895' title='bbox 3467 3921 3620 3988; x_wconf 74' lang='grc' dir='ltr'>φησὶ,</span> <span class='ocrx_word' id='word_1_896' title='bbox 3661 3921 3754 3992; x_wconf 76' lang='grc' dir='ltr'>τῷ</span> <span class='ocrx_word' id='word_1_897' title='bbox 3787 3923 3912 3976; x_wconf 88' lang='grc' dir='ltr'>δια-</span> 
     </span>
    </p>
   </div>
   <div class='ocr_carea' id='block_1_111' title="bbox 2205 3999 3914 4072">
    <p class='ocr_par' dir='ltr' id='par_1_111' title="bbox 2205 3999 3914 4072">
     <span class='ocr_line' id='line_1_111' title="bbox 2205 3999 3914 4072; baseline 0.004 -21"><span class='ocrx_word' id='word_1_898' title='bbox 2205 3999 2343 4070; x_wconf 86' lang='grc' dir='ltr'>ϐόλῳ</span> <span class='ocrx_word' id='word_1_899' title='bbox 2367 3999 2657 4064; x_wconf 88' lang='grc' dir='ltr'>ἐπάλαισα,</span> <span class='ocrx_word' id='word_1_900' title='bbox 2683 3999 2887 4072; x_wconf 86' lang='grc' dir='ltr'>ταύτην</span> <span class='ocrx_word' id='word_1_901' title='bbox 2922 4001 3016 4053; x_wconf 75' lang='grc' dir='ltr'>καὶ</span> <span class='ocrx_word' id='word_1_902' title='bbox 3042 4002 3105 4054; x_wconf 81' lang='grc' dir='ltr'>σὺ</span> <span class='ocrx_word' id='word_1_903' title='bbox 3137 3999 3316 4054; x_wconf 85' lang='grc' dir='ltr'>λαϐὼν</span> <span class='ocrx_word' id='word_1_904' title='bbox 3342 4000 3560 4065; x_wconf 71' lang='grc' dir='ltr'>ὁπλίζου</span> <span class='ocrx_word' id='word_1_905' title='bbox 3585 4006 3722 4055; x_wconf 77' lang='grc' dir='ltr'>κατ’</span> <span class='ocrx_word' id='word_1_906' title='bbox 3759 4005 3914 4057; x_wconf 86' lang='grc' dir='ltr'>ἐκεί-</span> 
     </span>
    </p>
   </div>
   <div class='ocr_carea' id='block_1_112' title="bbox 2203 4083 3918 4156">
    <p class='ocr_par' dir='ltr' id='par_1_112' title="bbox 2203 4083 3918 4156">
     <span class='ocr_line' id='line_1_112' title="bbox 2203 4083 3918 4156; baseline 0.003 -21"><span class='ocrx_word' id='word_1_907' title='bbox 2203 4099 2296 4135; x_wconf 88' lang='grc' dir='ltr'>νου</span> <span class='ocrx_word' id='word_1_908' title='bbox 2311 4099 2326 4114; x_wconf 75' lang='grc' dir='ltr'><strong>ο</strong></span> <span class='ocrx_word' id='word_1_909' title='bbox 2363 4083 2580 4156; x_wconf 82' lang='grc' dir='ltr'>ίσχυρὸν</span> <span class='ocrx_word' id='word_1_910' title='bbox 2599 4083 2707 4156; x_wconf 85' lang='grc' dir='ltr'>γὰρ</span> <span class='ocrx_word' id='word_1_911' title='bbox 2729 4085 2892 4138; x_wconf 85' lang='grc' dir='ltr'>ὅπλον</span> <span class='ocrx_word' id='word_1_912' title='bbox 2918 4085 3292 4155; x_wconf 85' lang='grc' dir='ltr'>ἀκτημοσύνη,</span> <span class='ocrx_word' id='word_1_913' title='bbox 3320 4085 3412 4138; x_wconf 61' lang='grc' dir='ltr'>καὶ⁵</span> <span class='ocrx_word' id='word_1_914' title='bbox 3435 4086 3918 4154; x_wconf 81' lang='grc' dir='ltr'>ἀκαταγὼνιστον</span> 
     </span>
    </p>
   </div>
   <div class='ocr_carea' id='block_1_113' title="bbox 2203 4167 3922 4244">
    <p class='ocr_par' dir='ltr' id='par_1_113' title="bbox 2203 4167 3922 4244">
     <span class='ocr_line' id='line_1_113' title="bbox 2203 4167 3922 4244; baseline 0.002 -24"><span class='ocrx_word' id='word_1_915' title='bbox 2203 4167 2567 4236; x_wconf 88' lang='grc' dir='ltr'>καταγώγιον,</span> <span class='ocrx_word' id='word_1_916' title='bbox 2602 4171 2696 4222; x_wconf 79' lang='grc' dir='ltr'>καὶ</span> <span class='ocrx_word' id='word_1_917' title='bbox 2737 4169 2946 4239; x_wconf 87' lang='grc' dir='ltr'>πύργος</span> <span class='ocrx_word' id='word_1_918' title='bbox 2989 4168 3304 4232; x_wconf 86' lang='grc' dir='ltr'>ἀσάλευτος.</span> <span class='ocrx_word' id='word_1_919' title='bbox 3349 4169 3597 4234; x_wconf 82' lang='grc' dir='ltr'>Ἐδέξατο</span> <span class='ocrx_word' id='word_1_920' title='bbox 3625 4172 3922 4244; x_wconf 81' lang='grc' dir='ltr'>καθάπερ</span> 
     </span>
    </p>
   </div>
   <div class='ocr_carea' id='block_1_114' title="bbox 2205 4249 3920 4323">
    <p class='ocr_par' dir='ltr' id='par_1_114' title="bbox 2205 4249 3920 4323">
     <span class='ocr_line' id='line_1_114' title="bbox 2205 4249 3920 4323; baseline 0 -21"><span class='ocrx_word' id='word_1_921' title='bbox 2205 4251 2468 4320; x_wconf 89' lang='grc' dir='ltr'>μεγίστην</span> <span class='ocrx_word' id='word_1_922' title='bbox 2503 4249 2864 4322; x_wconf 87' lang='grc' dir='ltr'>κληρονομίαν</span> <span class='ocrx_word' id='word_1_923' title='bbox 2910 4251 3008 4320; x_wconf 83' lang='grc' dir='ltr'>τὴν</span> <span class='ocrx_word' id='word_1_924' title='bbox 3054 4251 3308 4323; x_wconf 83' lang='grc' dir='ltr'>μηλωτὴν</span> <span class='ocrx_word' id='word_1_925' title='bbox 3335 4253 3363 4304; x_wconf 94' lang='lat'>6</span> <span class='ocrx_word' id='word_1_926' title='bbox 3404 4251 3764 4316; x_wconf 79' lang='grc' dir='ltr'>Ἐλισσαῖος·</span> <span class='ocrx_word' id='word_1_927' title='bbox 3817 4254 3920 4305; x_wconf 78' lang='grc' dir='ltr'>καὶ</span> 
     </span>
    </p>
   </div>
   <div class='ocr_carea' id='block_1_115' title="bbox 2201 4329 3926 4406">
    <p class='ocr_par' dir='ltr' id='par_1_115' title="bbox 2201 4329 3926 4406">
     <span class='ocr_line' id='line_1_115' title="bbox 2201 4329 3926 4406; baseline 0.001 -20"><span class='ocrx_word' id='word_1_928' title='bbox 2201 4332 2311 4404; x_wconf 80' lang='grc' dir='ltr'>γὰρ</span> <span class='ocrx_word' id='word_1_929' title='bbox 2335 4329 2402 4404; x_wconf 81' lang='grc' dir='ltr'>ἦν</span> <span class='ocrx_word' id='word_1_930' title='bbox 2433 4333 2648 4405; x_wconf 85' lang='grc' dir='ltr'>ἀληθῶς</span> <span class='ocrx_word' id='word_1_931' title='bbox 2678 4335 2906 4406; x_wconf 89' lang='grc' dir='ltr'>μεγίστη</span> <span class='ocrx_word' id='word_1_932' title='bbox 2941 4335 3294 4406; x_wconf 88' lang='grc' dir='ltr'>κληρονομία,</span> <span class='ocrx_word' id='word_1_933' title='bbox 3327 4334 3526 4395; x_wconf 82' lang='grc' dir='ltr'>παντὸς</span> <span class='ocrx_word' id='word_1_934' title='bbox 3555 4336 3818 4404; x_wconf 82' lang='grc' dir='ltr'>χρυσίου</span> <span class='ocrx_word' id='word_1_935' title='bbox 3843 4353 3926 4388; x_wconf 81' lang='grc' dir='ltr'>τι·</span> 
     </span>
    </p>
   </div>
   <div class='ocr_carea' id='block_1_116' title="bbox 2204 4413 3926 4488">
    <p class='ocr_par' dir='ltr' id='par_1_116' title="bbox 2204 4413 3926 4488">
     <span class='ocr_line' id='line_1_116' title="bbox 2204 4413 3926 4488; baseline 0 -18"><span class='ocrx_word' id='word_1_936' title='bbox 2204 4417 2450 4488; x_wconf 89' lang='grc' dir='ltr'>μιωτέρα</span> <span class='ocrx_word' id='word_1_937' title='bbox 2481 4415 2524 4470; x_wconf 69' lang='grc' dir='ltr'>ί.</span> <span class='ocrx_word' id='word_1_938' title='bbox 2551 4417 2661 4471; x_wconf 77' lang='grc' dir='ltr'>Καὶ</span> <span class='ocrx_word' id='word_1_939' title='bbox 2691 4413 2758 4488; x_wconf 81' lang='grc' dir='ltr'>ἦν</span> <span class='ocrx_word' id='word_1_940' title='bbox 2787 4420 2852 4472; x_wconf 86' lang='grc' dir='ltr'>ἐκ</span> <span class='ocrx_word' id='word_1_941' title='bbox 2899 4418 3020 4471; x_wconf 88' lang='grc' dir='ltr'>τότε</span> <span class='ocrx_word' id='word_1_942' title='bbox 3045 4417 3269 4482; x_wconf 87' lang='grc' dir='ltr'>διπλοῦς</span> <span class='ocrx_word' id='word_1_943' title='bbox 3318 4418 3503 4480; x_wconf 84' lang='grc' dir='ltr'>Ἠλίας</span> <span class='ocrx_word' id='word_1_944' title='bbox 3529 4419 3792 4485; x_wconf 83' lang='grc' dir='ltr'>ἐκεῖνος,</span> <span class='ocrx_word' id='word_1_945' title='bbox 3825 4421 3926 4472; x_wconf 72' lang='grc' dir='ltr'>καὶ</span> 
     </span>
    </p>
   </div>
   <div class='ocr_carea' id='block_1_117' title="bbox 2199 4497 3928 4574">
    <p class='ocr_par' dir='ltr' id='par_1_117' title="bbox 2199 4497 3928 4574">
     <span class='ocr_line' id='line_1_117' title="bbox 2199 4497 3928 4574; baseline 0.002 -21"><span class='ocrx_word' id='word_1_946' title='bbox 2199 4497 2268 4572; x_wconf 79' lang='grc' dir='ltr'>ἦν</span> <span class='ocrx_word' id='word_1_947' title='bbox 2294 4501 2408 4554; x_wconf 84' lang='grc' dir='ltr'>ἄνω</span> <span class='ocrx_word' id='word_1_948' title='bbox 2444 4499 2650 4566; x_wconf 91' lang='grc' dir='ltr'>Ἠλίας,</span> <span class='ocrx_word' id='word_1_949' title='bbox 2690 4503 2786 4555; x_wconf 71' lang='grc' dir='ltr'>καὶ</span> <span class='ocrx_word' id='word_1_950' title='bbox 2827 4501 2976 4556; x_wconf 88' lang='grc' dir='ltr'>κάτω</span> <span class='ocrx_word' id='word_1_951' title='bbox 3021 4502 3222 4566; x_wconf 86' lang='grc' dir='ltr'>Ἠλίας.</span> <span class='ocrx_word' id='word_1_952' title='bbox 3267 4497 3396 4556; x_wconf 74' lang='grc' dir='ltr'>Οἶδα</span> <span class='ocrx_word' id='word_1_953' title='bbox 3428 4503 3510 4555; x_wconf 80' lang='grc' dir='ltr'>ὅτι</span> <span class='ocrx_word' id='word_1_954' title='bbox 3543 4503 3928 4574; x_wconf 72' lang='grc' dir='ltr'>μακαρίζετε</span> 
     </span>
    </p>
   </div>
   <div class='ocr_carea' id='block_1_118' title="bbox 2199 4583 3916 4651">
    <p class='ocr_par' dir='ltr' id='par_1_118' title="bbox 2199 4583 3916 4651">
     <span class='ocr_line' id='line_1_118' title="bbox 2199 4583 3916 4651; baseline 0.002 -14"><span class='ocrx_word' id='word_1_955' title='bbox 2199 4585 2290 4637; x_wconf 84' lang='grc' dir='ltr'>τὸν</span> <span class='ocrx_word' id='word_1_956' title='bbox 2329 4583 2539 4637; x_wconf 87' lang='grc' dir='ltr'>δίκαιον</span> <span class='ocrx_word' id='word_1_957' title='bbox 2568 4585 2796 4651; x_wconf 84' lang='grc' dir='ltr'>ἐκεῖνον,</span> <span class='ocrx_word' id='word_1_958' title='bbox 2827 4585 2922 4638; x_wconf 78' lang='grc' dir='ltr'>καὶ</span> <span class='ocrx_word' id='word_1_959' title='bbox 2964 4583 3248 4638; x_wconf 88' lang='grc' dir='ltr'>ἐϐούλεσθε</span> <span class='ocrx_word' id='word_1_960' title='bbox 3279 4583 3440 4647; x_wconf 83' lang='grc' dir='ltr'>αὑτὸς</span> <span class='ocrx_word' id='word_1_961' title='bbox 3469 4585 3724 4650; x_wconf 76' lang='grc' dir='ltr'>ἕκαστος</span> <span class='ocrx_word' id='word_1_962' title='bbox 3773 4591 3916 4642; x_wconf 79' lang='grc' dir='ltr'>ἐκεῖ·</span> 
     </span>
    </p>
   </div>
   <div class='ocr_carea' id='block_1_119' title="bbox 2200 4661 3932 4742">
    <p class='ocr_par' dir='ltr' id='par_1_119' title="bbox 2200 4661 3932 4742">
     <span class='ocr_line' id='line_1_119' title="bbox 2200 4661 3932 4742; baseline -0.001 -20"><span class='ocrx_word' id='word_1_963' title='bbox 2200 4685 2288 4730; x_wconf 85' lang='grc' dir='ltr'>νος</span> <span class='ocrx_word' id='word_1_964' title='bbox 2308 4661 2468 4720; x_wconf 82' lang='grc' dir='ltr'>εἶναι.</span> <span class='ocrx_word' id='word_1_965' title='bbox 2500 4667 2564 4720; x_wconf 90' lang='grc' dir='ltr'>Τί</span> <span class='ocrx_word' id='word_1_966' title='bbox 2586 4664 2678 4722; x_wconf 78' lang='grc' dir='ltr'>οὖν</span> <span class='ocrx_word' id='word_1_967' title='bbox 2707 4669 2773 4722; x_wconf 85' lang='grc' dir='ltr'>ἂν</span> <span class='ocrx_word' id='word_1_968' title='bbox 2794 4669 2920 4740; x_wconf 89' lang='grc' dir='ltr'>ὑμῖν</span> <span class='ocrx_word' id='word_1_969' title='bbox 2941 4667 3205 4734; x_wconf 80' lang='grc' dir='ltr'>ὑποδείξω</span> <span class='ocrx_word' id='word_1_970' title='bbox 3236 4669 3280 4734; x_wconf 66' lang='grc' dir='ltr'>Β,</span> <span class='ocrx_word' id='word_1_971' title='bbox 3303 4669 3384 4721; x_wconf 88' lang='grc' dir='ltr'>ὃτι</span> <span class='ocrx_word' id='word_1_972' title='bbox 3410 4669 3594 4739; x_wconf 84' lang='grc' dir='ltr'>’έτερόν</span> <span class='ocrx_word' id='word_1_973' title='bbox 3625 4686 3692 4722; x_wconf 87' lang='grc' dir='ltr'>τι</span> <span class='ocrx_word' id='word_1_974' title='bbox 3723 4672 3932 4742; x_wconf 70' lang='grc' dir='ltr'>πολλῷ</span> 
     </span>
    </p>
   </div>
   <div class='ocr_carea' id='block_1_120' title="bbox 2203 4751 3936 4824">
    <p class='ocr_par' dir='ltr' id='par_1_120' title="bbox 2203 4751 3936 4824">
     <span class='ocr_line' id='line_1_120' title="bbox 2203 4751 3936 4824; baseline 0.003 -20"><span class='ocrx_word' id='word_1_975' title='bbox 2203 4752 2386 4821; x_wconf 87' lang='grc' dir='ltr'>μεῖζον</span> <span class='ocrx_word' id='word_1_976' title='bbox 2434 4753 2644 4806; x_wconf 83' lang='grc' dir='ltr'>ἐκείνου</span> <span class='ocrx_word' id='word_1_977' title='bbox 2674 4753 2873 4818; x_wconf 84' lang='grc' dir='ltr'>πάντες</span> <span class='ocrx_word' id='word_1_978' title='bbox 2903 4751 3167 4822; x_wconf 79' lang='grc' dir='ltr'>ἐλάϐομεν</span> <span class='ocrx_word' id='word_1_979' title='bbox 3205 4753 3252 4806; x_wconf 87' lang='grc' dir='ltr'>οί</span> <span class='ocrx_word' id='word_1_980' title='bbox 3285 4757 3936 4824; x_wconf 71' lang='grc' dir='ltr'>μεμυσταγωγημὲνοι;</span> 
     </span>
    </p>
   </div>
   <div class='ocr_carea' id='block_1_121' title="bbox 2285 4834 3938 4908">
    <p class='ocr_par' dir='ltr' id='par_1_121' title="bbox 2285 4834 3938 4908">
     <span class='ocr_line' id='line_1_121' title="bbox 2285 4834 3938 4908; baseline 0.002 -21"><span class='ocrx_word' id='word_1_981' title='bbox 2285 4835 2345 4887; x_wconf 87' lang='lat'>&#39;0</span> <span class='ocrx_word' id='word_1_982' title='bbox 2371 4834 2470 4905; x_wconf 85' lang='grc' dir='ltr'>μὲν</span> <span class='ocrx_word' id='word_1_983' title='bbox 2501 4835 2609 4908; x_wconf 81' lang='grc' dir='ltr'>γάρ</span> <span class='ocrx_word' id='word_1_984' title='bbox 2648 4836 2830 4899; x_wconf 86' lang='grc' dir='ltr'>Ἠλίας</span> <span class='ocrx_word' id='word_1_985' title='bbox 2867 4836 3124 4907; x_wconf 83' lang='grc' dir='ltr'>μηλωτὴν</span> <span class='ocrx_word' id='word_1_986' title='bbox 3171 4835 3350 4905; x_wconf 84' lang='grc' dir='ltr'>ἀφῆκε</span> <span class='ocrx_word' id='word_1_987' title='bbox 3383 4835 3462 4904; x_wconf 82' lang='grc' dir='ltr'>τῷ</span> <span class='ocrx_word' id='word_1_988' title='bbox 3487 4834 3730 4907; x_wconf 78' lang='grc' dir='ltr'>μαθητῇ</span> <span class='ocrx_word' id='word_1_989' title='bbox 3759 4855 3774 4868; x_wconf 73' lang='grc' dir='ltr'><strong>ο</strong></span> <span class='ocrx_word' id='word_1_990' title='bbox 3807 4840 3840 4888; x_wconf 83' lang='grc' dir='ltr'><strong>ὀ</strong></span> <span class='ocrx_word' id='word_1_991' title='bbox 3875 4841 3938 4892; x_wconf 75' lang='grc' dir='ltr'>δὲ</span> 
     </span>
    </p>
   </div>
   <div class='ocr_carea' id='block_1_122' title="bbox 2199 4915 3942 4994">
    <p class='ocr_par' dir='ltr' id='par_1_122' title="bbox 2199 4915 3942 4994">
     <span class='ocr_line' id='line_1_122' title="bbox 2199 4915 3942 4994; baseline 0.004 -26"><span class='ocrx_word' id='word_1_992' title='bbox 2199 4915 2330 4980; x_wconf 76' lang='grc' dir='ltr'>Υἱὸς</span> <span class='ocrx_word' id='word_1_993' title='bbox 2363 4918 2457 4972; x_wconf 88' lang='grc' dir='ltr'>τοῦ</span> <span class='ocrx_word' id='word_1_994' title='bbox 2485 4919 2620 4972; x_wconf 87' lang='grc' dir='ltr'>Θεοῦ</span> <span class='ocrx_word' id='word_1_995' title='bbox 2669 4919 2974 4974; x_wconf 89' lang='grc' dir='ltr'>ἀναϐαίνων</span> <span class='ocrx_word' id='word_1_996' title='bbox 3002 4918 3100 4989; x_wconf 77' lang='grc' dir='ltr'>τὴν</span> <span class='ocrx_word' id='word_1_997' title='bbox 3127 4922 3300 4988; x_wconf 85' lang='grc' dir='ltr'>σάρκα</span> <span class='ocrx_word' id='word_1_998' title='bbox 3335 4920 3465 4988; x_wconf 79' lang='grc' dir='ltr'>ἡμῖν</span> <span class='ocrx_word' id='word_1_999' title='bbox 3497 4919 3798 4974; x_wconf 77' lang='grc' dir='ltr'>κατέλιπε.</span> <span class='ocrx_word' id='word_1_1000' title='bbox 3827 4925 3942 4994; x_wconf 62' lang='grc' dir='ltr'>τὴν</span> 
     </span>
    </p>
   </div>
   <div class='ocr_carea' id='block_1_123' title="bbox 2200 4998 3940 5075">
    <p class='ocr_par' dir='ltr' id='par_1_123' title="bbox 2200 4998 3940 5075">
     <span class='ocr_line' id='line_1_123' title="bbox 2200 4998 3940 5075; baseline 0.004 -26"><span class='ocrx_word' id='word_1_1001' title='bbox 2200 4998 2426 5052; x_wconf 77' lang='grc' dir='ltr'>ἐαυτοῦο</span> <span class='ocrx_word' id='word_1_1002' title='bbox 2460 5001 2574 5054; x_wconf 85' lang='grc' dir='ltr'>ἀλλ’</span> <span class='ocrx_word' id='word_1_1003' title='bbox 2601 5001 2630 5054; x_wconf 91' lang='lat'>6</span> <span class='ocrx_word' id='word_1_1004' title='bbox 2668 5001 2767 5072; x_wconf 83' lang='grc' dir='ltr'>μὲν</span> <span class='ocrx_word' id='word_1_1005' title='bbox 2812 5001 2998 5064; x_wconf 86' lang='grc' dir='ltr'>Ἠλίας</span> <span class='ocrx_word' id='word_1_1006' title='bbox 3027 5001 3459 5070; x_wconf 85' lang='grc' dir='ltr'>ἀποδυσάμενος,</span> <span class='ocrx_word' id='word_1_1007' title='bbox 3489 5003 3518 5053; x_wconf 84' lang='grc' dir='ltr'>ό</span> <span class='ocrx_word' id='word_1_1008' title='bbox 3545 5000 3601 5053; x_wconf 81' lang='grc' dir='ltr'>δέ</span> <span class='ocrx_word' id='word_1_1009' title='bbox 3653 5004 3940 5075; x_wconf 64' lang='grc' dir='ltr'>Χριστὸς</span> 
     </span>
    </p>
   </div>
   <div class='ocr_carea' id='block_1_124' title="bbox 2199 5081 3944 5154">
    <p class='ocr_par' dir='ltr' id='par_1_124' title="bbox 2199 5081 3944 5154">
     <span class='ocr_line' id='line_1_124' title="bbox 2199 5081 3944 5154; baseline 0.005 -21"><span class='ocrx_word' id='word_1_1010' title='bbox 2199 5081 2291 5133; x_wconf 84' lang='grc' dir='ltr'>καὶ</span> <span class='ocrx_word' id='word_1_1011' title='bbox 2330 5083 2464 5152; x_wconf 80' lang='grc' dir='ltr'>ἡμῖν</span> <span class='ocrx_word' id='word_1_1012' title='bbox 2490 5083 2770 5148; x_wconf 89' lang='grc' dir='ltr'>κατέλιπε,</span> <span class='ocrx_word' id='word_1_1013' title='bbox 2793 5084 2888 5138; x_wconf 75' lang='grc' dir='ltr'>καὶ</span> <span class='ocrx_word' id='word_1_1014' title='bbox 2929 5083 3068 5154; x_wconf 81' lang='grc' dir='ltr'>έχων</span> <span class='ocrx_word' id='word_1_1015' title='bbox 3107 5083 3274 5152; x_wconf 75' lang='grc' dir='ltr'>αὑτὴν</span> <span class='ocrx_word' id='word_1_1016' title='bbox 3307 5082 3526 5152; x_wconf 86' lang='grc' dir='ltr'>ἀνῆλθε.</span> <span class='ocrx_word' id='word_1_1017' title='bbox 3557 5083 3662 5154; x_wconf 80' lang='grc' dir='ltr'><strong>Μὴ</strong></span> <span class='ocrx_word' id='word_1_1018' title='bbox 3727 5088 3944 5142; x_wconf 75' lang='grc' dir='ltr'>τοίνυν</span> 
     </span>
    </p>
   </div>
   <div class='ocr_carea' id='block_1_125' title="bbox 2199 5165 3946 5241">
    <p class='ocr_par' dir='ltr' id='par_1_125' title="bbox 2199 5165 3946 5241">
     <span class='ocr_line' id='line_1_125' title="bbox 2199 5165 3946 5241; baseline 0.003 -23"><span class='ocrx_word' id='word_1_1019' title='bbox 2199 5167 2838 5240; x_wconf 67' lang='grc' dir='ltr'>καταπίπτωμεν,ιμηδέ</span> <span class='ocrx_word' id='word_1_1020' title='bbox 2889 5165 3228 5238; x_wconf 81' lang='grc' dir='ltr'>όδυρώμεθα,</span> <span class='ocrx_word' id='word_1_1021' title='bbox 3278 5167 3412 5237; x_wconf 86' lang='grc' dir='ltr'>μηδέ</span> <span class='ocrx_word' id='word_1_1022' title='bbox 3447 5167 3776 5226; x_wconf 75' lang='grc' dir='ltr'>δυσκολίαν</span> <span class='ocrx_word' id='word_1_1023' title='bbox 3831 5192 3946 5241; x_wconf 53' lang='grc' dir='ltr'>φο-</span> 
     </span>
    </p>
   </div>
   <div class='ocr_carea' id='block_1_126' title="bbox 2199 5249 3946 5328">
    <p class='ocr_par' dir='ltr' id='par_1_126' title="bbox 2199 5249 3946 5328">
     <span class='ocr_line' id='line_1_126' title="bbox 2199 5249 3946 5328; baseline 0.006 -28"><span class='ocrx_word' id='word_1_1024' title='bbox 2199 5249 2423 5320; x_wconf 86' lang='grc' dir='ltr'>ϐώμεθα</span> <span class='ocrx_word' id='word_1_1025' title='bbox 2471 5252 2710 5324; x_wconf 88' lang='grc' dir='ltr'>καιρῶν·</span> <span class='ocrx_word' id='word_1_1026' title='bbox 2744 5255 2771 5306; x_wconf 94' lang='lat'>6</span> <span class='ocrx_word' id='word_1_1027' title='bbox 2799 5253 2906 5323; x_wconf 82' lang='grc' dir='ltr'>γὰρ</span> <span class='ocrx_word' id='word_1_1028' title='bbox 2949 5253 3010 5304; x_wconf 84' lang='grc' dir='ltr'>τὸ</span> <span class='ocrx_word' id='word_1_1029' title='bbox 3051 5249 3191 5322; x_wconf 89' lang='grc' dir='ltr'>αίμα</span> <span class='ocrx_word' id='word_1_1030' title='bbox 3227 5252 3390 5304; x_wconf 86' lang='grc' dir='ltr'>αὑτοῦ</span> <span class='ocrx_word' id='word_1_1031' title='bbox 3424 5251 3498 5322; x_wconf 81' lang='grc' dir='ltr'>μὴ</span> <span class='ocrx_word' id='word_1_1032' title='bbox 3535 5269 3608 5304; x_wconf 88' lang='grc' dir='ltr'>πα</span> <span class='ocrx_word' id='word_1_1033' title='bbox 3623 5261 3946 5328; x_wconf 76' lang='grc' dir='ltr'>ραιτησά-</span> 
     </span>
    </p>
   </div>
   <div class='ocr_carea' id='block_1_127' title="bbox 2202 5335 3954 5412">
    <p class='ocr_par' dir='ltr' id='par_1_127' title="bbox 2202 5335 3954 5412">
     <span class='ocr_line' id='line_1_127' title="bbox 2202 5335 3954 5412; baseline 0.006 -28"><span class='ocrx_word' id='word_1_1034' title='bbox 2202 5349 2362 5402; x_wconf 88' lang='grc' dir='ltr'>μενος</span> <span class='ocrx_word' id='word_1_1035' title='bbox 2398 5335 2537 5404; x_wconf 86' lang='grc' dir='ltr'>ὑπὲρ</span> <span class='ocrx_word' id='word_1_1036' title='bbox 2571 5337 2827 5390; x_wconf 81' lang='grc' dir='ltr'>ἁπάντων</span> <span class='ocrx_word' id='word_1_1037' title='bbox 2869 5336 3074 5405; x_wconf 83' lang='grc' dir='ltr'>ἐκχέαι,</span> <span class='ocrx_word' id='word_1_1038' title='bbox 3112 5337 3204 5388; x_wconf 85' lang='grc' dir='ltr'>καὶ</span> <span class='ocrx_word' id='word_1_1039' title='bbox 3233 5335 3330 5404; x_wconf 86' lang='grc' dir='ltr'>τῆς</span> <span class='ocrx_word' id='word_1_1040' title='bbox 3361 5335 3562 5407; x_wconf 80' lang='grc' dir='ltr'>σαρκὸς</span> <span class='ocrx_word' id='word_1_1041' title='bbox 3593 5337 3774 5408; x_wconf 80' lang='grc' dir='ltr'>ἡμῖν</span> <span class='ocrx_word' id='word_1_1042' title='bbox 3839 5363 3954 5412; x_wconf 68' lang='grc' dir='ltr'>με-</span> 
     </span>
    </p>
   </div>
   <div class='ocr_carea' id='block_1_128' title="bbox 2197 5413 3952 5494">
    <p class='ocr_par' dir='ltr' id='par_1_128' title="bbox 2197 5413 3952 5494">
     <span class='ocr_line' id='line_1_128' title="bbox 2197 5413 3952 5494; baseline 0.008 -29"><span class='ocrx_word' id='word_1_1043' title='bbox 2197 5413 2390 5479; x_wconf 87' lang='grc' dir='ltr'>ταδοὺς</span> <span class='ocrx_word' id='word_1_1044' title='bbox 2419 5417 2510 5470; x_wconf 73' lang='grc' dir='ltr'>καὶ</span> <span class='ocrx_word' id='word_1_1045' title='bbox 2549 5419 2713 5472; x_wconf 90' lang='grc' dir='ltr'>αὑτοῦ</span> <span class='ocrx_word' id='word_1_1046' title='bbox 2740 5419 2770 5459; x_wconf 84' lang='lat' dir='ltr'><strong>h</strong></span> <span class='ocrx_word' id='word_1_1047' title='bbox 2795 5417 2888 5470; x_wconf 89' lang='grc' dir='ltr'>τοῦ</span> <span class='ocrx_word' id='word_1_1048' title='bbox 2919 5417 3148 5488; x_wconf 78' lang='grc' dir='ltr'>αἵματος</span> <span class='ocrx_word' id='word_1_1049' title='bbox 3177 5417 3358 5482; x_wconf 89' lang='grc' dir='ltr'>πάλιν,</span> <span class='ocrx_word' id='word_1_1050' title='bbox 3395 5418 3446 5470; x_wconf 87' lang='grc' dir='ltr'>τί</span> <span class='ocrx_word' id='word_1_1051' title='bbox 3473 5424 3952 5494; x_wconf 75' lang='grc' dir='ltr'>παραιτήσεται</span> 
     </span>
    </p>
   </div>
   <div class='ocr_carea' id='block_1_129' title="bbox 2199 5497 3958 5573">
    <p class='ocr_par' dir='ltr' id='par_1_129' title="bbox 2199 5497 3958 5573">
     <span class='ocr_line' id='line_1_129' title="bbox 2199 5497 3958 5573; baseline 0.003 -23"><span class='ocrx_word' id='word_1_1052' title='bbox 2199 5497 2423 5568; x_wconf 88' lang='grc' dir='ltr'>ποιῆσαι</span> <span class='ocrx_word' id='word_1_1053' title='bbox 2445 5501 2546 5572; x_wconf 85' lang='grc' dir='ltr'>τῆς</span> <span class='ocrx_word' id='word_1_1054' title='bbox 2575 5502 2851 5573; x_wconf 76' lang='grc' dir='ltr'>ἡμετέρας</span> <span class='ocrx_word' id='word_1_1055' title='bbox 2881 5501 3065 5554; x_wconf 71' lang='grc' dir='ltr'>ἕνεκεν</span> <span class='ocrx_word' id='word_1_1056' title='bbox 3101 5501 3402 5572; x_wconf 84' lang='grc' dir='ltr'>σωτηρίας;</span> <span class='ocrx_word' id='word_1_1057' title='bbox 3426 5500 3692 5568; x_wconf 81' lang='grc' dir='ltr'>Ταύταις</span> <span class='ocrx_word' id='word_1_1058' title='bbox 3730 5507 3958 5563; x_wconf 70' lang='grc' dir='ltr'>τοίνυν</span> 
     </span>
    </p>
   </div>
   <div class='ocr_carea' id='block_1_130' title="bbox 2259 5657 3580 5724">
    <p class='ocr_par' dir='ltr' id='par_1_130' title="bbox 2259 5657 3580 5724">
     <span class='ocr_line' id='line_1_130' title="bbox 2259 5657 3580 5724; baseline -0.001 -15"><span class='ocrx_word' id='word_1_1059' title='bbox 2259 5657 2285 5724; x_wconf 67' lang='grc' dir='ltr'>(Ῐ</span> <span class='ocrx_word' id='word_1_1060' title='bbox 2313 5659 2394 5724; x_wconf 76' lang='lat' dir='ltr'>Sic</span> <span class='ocrx_word' id='word_1_1061' title='bbox 2418 5660 2552 5724; x_wconf 60' lang='lat' dir='ltr'>M012.</span> <span class='ocrx_word' id='word_1_1062' title='bbox 2587 5661 2702 5724; x_wconf 66' lang='lat' dir='ltr'>Sav.</span> <span class='ocrx_word' id='word_1_1063' title='bbox 2724 5663 2904 5724; x_wconf 73' lang='lat' dir='ltr'><strong>omisso</strong></span> <span class='ocrx_word' id='word_1_1064' title='bbox 2936 5663 3040 5710; x_wconf 80' lang='grc' dir='ltr'>ἀλλ’</span> <span class='ocrx_word' id='word_1_1065' title='bbox 3069 5660 3220 5724; x_wconf 66' lang='lat' dir='ltr'><strong>habet</strong></span> <span class='ocrx_word' id='word_1_1066' title='bbox 3251 5661 3338 5709; x_wconf 82' lang='grc' dir='ltr'>οὑκ</span> <span class='ocrx_word' id='word_1_1067' title='bbox 3357 5661 3580 5724; x_wconf 55' lang='lat' dir='ltr'>amem.</span> 
     </span>
    </p>
   </div>
   <div class='ocr_carea' id='block_1_131' title="bbox 2265 5721 3321 5784">
    <p class='ocr_par' dir='ltr' id='par_1_131' title="bbox 2265 5721 3321 5784">
     <span class='ocr_line' id='line_1_131' title="bbox 2265 5721 3321 5784; baseline 0.001 -14"><span class='ocrx_word' id='word_1_1068' title='bbox 2265 5721 2286 5784; x_wconf 63' lang='grc' dir='ltr'><strong>ξ</strong></span> <span class='ocrx_word' id='word_1_1069' title='bbox 2314 5721 2461 5770; x_wconf 79' lang='lat' dir='ltr'><strong>Savil.</strong></span> <span class='ocrx_word' id='word_1_1070' title='bbox 2491 5729 2542 5771; x_wconf 74' lang='lat' dir='ltr'>et</span> <span class='ocrx_word' id='word_1_1071' title='bbox 2567 5723 2761 5784; x_wconf 86' lang='lat' dir='ltr'><strong>quidam</strong></span> <span class='ocrx_word' id='word_1_1072' title='bbox 2787 5722 2868 5772; x_wconf 85' lang='lat' dir='ltr'><strong>alii</strong></span> <span class='ocrx_word' id='word_1_1073' title='bbox 2891 5724 2986 5772; x_wconf 85' lang='grc' dir='ltr'>ἀπὸ</span> <span class='ocrx_word' id='word_1_1074' title='bbox 3010 5723 3321 5779; x_wconf 80' lang='grc' dir='ltr'>πλουτούσης.</span> 
     </span>
    </p>
   </div>
   <div class='ocr_carea' id='block_1_132' title="bbox 2264 5780 3280 5848">
    <p class='ocr_par' dir='ltr' id='par_1_132' title="bbox 2264 5780 3280 5848">
     <span class='ocr_line' id='line_1_132' title="bbox 2264 5780 3280 5848; baseline 0 -16"><span class='ocrx_word' id='word_1_1075' title='bbox 2264 5780 2283 5819; x_wconf 68' lang='grc' dir='ltr'>ί</span> <span class='ocrx_word' id='word_1_1076' title='bbox 2311 5785 2410 5848; x_wconf 71' lang='lat' dir='ltr'><strong>Alii</strong></span> <span class='ocrx_word' id='word_1_1077' title='bbox 2443 5780 2640 5848; x_wconf 74' lang='grc' dir='ltr'>χρυσίου</span> <span class='ocrx_word' id='word_1_1078' title='bbox 2661 5787 2742 5833; x_wconf 87' lang='grc' dir='ltr'>καὶ</span> <span class='ocrx_word' id='word_1_1079' title='bbox 2761 5785 2889 5834; x_wconf 86' lang='grc' dir='ltr'>λίθου</span> <span class='ocrx_word' id='word_1_1080' title='bbox 2910 5787 3071 5848; x_wconf 85' lang='grc' dir='ltr'>τιμίου</span> <span class='ocrx_word' id='word_1_1081' title='bbox 3093 5801 3280 5846; x_wconf 85' lang='grc' dir='ltr'>τιμιωτ.</span> 
     </span>
    </p>
   </div>
   <div class='ocr_carea' id='block_1_133' title="bbox 2262 5845 2678 5901">
    <p class='ocr_par' dir='ltr' id='par_1_133' title="bbox 2262 5845 2678 5901">
     <span class='ocr_line' id='line_1_133' title="bbox 2262 5845 2678 5901; baseline 0.005 -9"><span class='ocrx_word' id='word_1_1082' title='bbox 2262 5848 2286 5882; x_wconf 74' lang='grc' dir='ltr'><strong><em>κ</em></strong></span> <span class='ocrx_word' id='word_1_1083' title='bbox 2314 5845 2412 5893; x_wconf 79' lang='lat' dir='ltr'><strong>Alii</strong></span> <span class='ocrx_word' id='word_1_1084' title='bbox 2444 5845 2678 5901; x_wconf 70' lang='grc' dir='ltr'>ἐπιδείξω.</span> 
     </span>
    </p>
   </div>
   <div class='ocr_carea' id='block_1_134' title="bbox 2257 5904 3962 5982">
    <p class='ocr_par' dir='ltr' id='par_1_134' title="bbox 2257 5904 3962 5982">
     <span class='ocr_line' id='line_1_134' title="bbox 2257 5904 3962 5982; baseline 0.004 -28"><span class='ocrx_word' id='word_1_1085' title='bbox 2257 5904 2283 5942; x_wconf 73' lang='grc' dir='ltr'>¹ι</span> <span class='ocrx_word' id='word_1_1086' title='bbox 2307 5905 2653 5982; x_wconf 40' lang='grc' dir='ltr'>Αιξίἰμεταδοὺς</span> <span class='ocrx_word' id='word_1_1087' title='bbox 2670 5907 2966 5982; x_wconf 47' lang='grc' dir='ltr'>τῆσὲαυτοῦ,</span> <span class='ocrx_word' id='word_1_1088' title='bbox 2987 5909 3068 5982; x_wconf 67' lang='grc' dir='ltr'>καὶ</span> <span class='ocrx_word' id='word_1_1089' title='bbox 3087 5905 3252 5982; x_wconf 48' lang='grc' dir='ltr'>αὑτοῦε</span> <span class='ocrx_word' id='word_1_1090' title='bbox 3275 5905 3526 5982; x_wconf 34' lang='lat' dir='ltr'>Infr‘a‘posi</span> <span class='ocrx_word' id='word_1_1091' title='bbox 3551 5905 3800 5982; x_wconf 59' lang='grc' dir='ltr'>ἒὶξτὶσιν</span> <span class='ocrx_word' id='word_1_1092' title='bbox 3829 5937 3912 5982; x_wconf 71' lang='grc' dir='ltr'>φ.</span> <span class='ocrx_word' id='word_1_1093' title='bbox 3927 5931 3962 5964; x_wconf 86' lang='lat'>.;-</span> 
     </span>
    </p>
   </div>
   <div class='ocr_carea' id='block_1_135' title="bbox 2194 5968 3966 6067">
    <p class='ocr_par' dir='ltr' id='par_1_135' title="bbox 2194 5968 3966 6067">
     <span class='ocr_line' id='line_1_135' title="bbox 2194 5968 3966 6067; baseline 0.003 -54"><span class='ocrx_word' id='word_1_1094' title='bbox 2194 5968 2302 6067; x_wconf 60' lang='lat' dir='ltr'>(ian:</span> <span class='ocrx_word' id='word_1_1095' title='bbox 2323 5968 2510 6039; x_wconf 55' lang='lat' dir='ltr'>fiddunl</span> <span class='ocrx_word' id='word_1_1096' title='bbox 2539 5971 2790 6030; x_wconf 74' lang='grc' dir='ltr'>ἀγαπητοί.</span> <span class='ocrx_word' id='word_1_1097' title='bbox 2821 5971 2943 6020; x_wconf 78' lang='lat' dir='ltr'><strong>lnfra</strong></span> <span class='ocrx_word' id='word_1_1098' title='bbox 2974 5969 3054 6020; x_wconf 85' lang='lat' dir='ltr'><strong>alii</strong></span> <span class='ocrx_word' id='word_1_1099' title='bbox 3087 5971 3166 6018; x_wconf 82' lang='grc' dir='ltr'>καὶ</span> <span class='ocrx_word' id='word_1_1100' title='bbox 3193 5973 3288 6018; x_wconf 85' lang='grc' dir='ltr'>τῶν</span> <span class='ocrx_word' id='word_1_1101' title='bbox 3313 5968 3574 6032; x_wconf 72' lang='grc' dir='ltr'>μελλοντων</span> <span class='ocrx_word' id='word_1_1102' title='bbox 3601 5968 3966 6042; x_wconf 54' lang='grc' dir='ltr'>ἀξιωῂάξμεν</span> 
     </span>
     <span class='ocr_line' id='line_1_136' title="bbox 2195 6041 2394 6067; baseline 0 0"><span class='ocrx_word' id='word_1_1103' title='bbox 2195 6046 2282 6067; x_wconf 56' lang='grc' dir='ltr'>εικιή</span> <span class='ocrx_word' id='word_1_1104' title='bbox 2301 6041 2394 6067; x_wconf 70' lang='lat' dir='ltr'><strong>inm-</strong></span> 
     </span>
    </p>
   </div>
   <div class='ocr_carea' id='block_1_136' title="bbox 2195 6041 2394 6088">
    <p class='ocr_par' dir='ltr' id='par_1_136' title="bbox 2195 6041 2394 6088">
     <span class='ocr_line' id='line_1_137' title="bbox 2195 6041 2394 6088; baseline 0 -14"><span class='ocrx_word' id='word_1_1105' title='bbox 2195 6041 2394 6088; x_wconf 70' lang='grc' dir='ltr'>αγαυων.</span> 
     </span>
    </p>
   </div>
  </div>
