4074 6218
245 296 320 351 ιε
1202 300 1292 354 AD
1333 301 1651 357 POPL’LUM
1695 299 2187 358 ANTIOCIIENUM
2249 301 2480 359 HOMIL.
2524 302 2587 362 Il.
3461 304 3527 358 £6

253 411 374 466 hzec
405 425 537 466 vero
561 408 856 466 anhelitum
885 426 1107 482 angens,
1132 422 1187 467 et
1213 413 1437 480 elidens,
1461 424 1514 469 et
1542 415 1737 469 multos
1763 414 1844 468 iu-

256 499 439 556 ferens
464 500 709 566 dolores;
757 502 852 556 sed
901 510 1043 557 tanta
1088 512 1170 559 est
1207 504 1447 559 laborum
1478 504 1756 571 medicina,
1789 511 1846 558 ut

250 593 464 646 etiamsi
493 592 608 647 hmc
630 593 1013 663 antibo-adsint,
1036 610 1222 651 servus
1240 595 1473 651 dormire
1500 597 1686 667 possit.
1712 596 1845 664 Quia

254 683 403 737 enim
429 682 569 738 servi
615 691 720 737 tota
758 684 846 739 die
882 685 1077 756 ubique
1108 687 1586 750 eireumcnrsitant,
1618 686 1849 741 dominis

251 776 371 828 suis
398 775 778 842 ministrantes,
805 779 1136 848 vapulantes.
1165 780 1487 845 laborantes,
1515 790 1568 836 et
1595 796 1662 836 ne
1688 779 1846 834 mini-

255 881 407 919 mum
433 866 644 936 quidem
668 870 1011 940 respirantes,
1030 870 1762 928 sufﬁcientemlassitudinum
1793 880 1849 928 et

256 958 501 1012 laborum
534 959 742 1013 illorum
771 962 1169 1017 retributionem
1199 965 1433 1033 capiunt,
1459 965 1510 1018 in
1532 963 1847 1019 dormiendo

252 1050 607 1120 voluptatem.
634 1051 699 1106 Et
726 1052 828 1108 hoc
857 1053 948 1108 Dei
976 1054 1298 1125 benignitate
1326 1056 1518 1111 factum
1541 1067 1641 1122 est,
1663 1066 1716 1110 ut
1741 1072 1845 1110 non

254 1157 395 1196 auro
414 1151 468 1197 et
490 1153 731 1213 argento,
754 1145 848 1200 sed
877 1146 1078 1211 labore,
1098 1156 1152 1202 et
1176 1163 1432 1214 aerumna,
1456 1158 1510 1203 et
1534 1149 1849 1204 necessitate

256 1243 317 1286 et
344 1236 491 1289 omni
516 1235 796 1305 disciplina
826 1237 1122 1306 voluptates
1149 1239 1253 1293 emi
1279 1239 1507 1294 valeant.
1549 1240 1618 1294 At
1645 1256 1747 1293 non
1781 1239 1849 1293 ita

256 1326 494 1381 divites:
522 1328 615 1382 sed
646 1329 826 1383 stmtis
847 1330 1095 1384 mollibus
1108 1329 1365 1399 jacentes,
1388 1330 1655 1385 multoties
1686 1339 1849 1384 totam

259 1426 478 1471 noctem
510 1419 704 1472 ducunt
734 1419 1031 1474 insomnem
1054 1460 1070 1486 ,
1102 1428 1155 1475 et
1180 1421 1342 1474 multa
1369 1420 1733 1475 machinantes
1761 1421 1851 1474 tali

261 1526 374 1565 non
404 1509 648 1566 fruuntur
673 1512 963 1583 voluptate.
996 1515 1203 1585 Pauper
1238 1526 1414 1571 autem
1448 1533 1511 1572 ex
1540 1516 1745 1572 diurnis
1772 1517 1853 1572 la-

262 1601 487 1657 boribus
518 1618 760 1674 surgens,
788 1604 1075 1677 defatigata
1122 1607 1323 1663 habens
1363 1609 1600 1662 membra
1624 1648 1640 1674 ,
1682 1610 1856 1680 prius-

259 1712 429 1766 quam
459 1698 780 1766 recubuerit,
814 1700 1073 1770 integrum
1113 1710 1166 1756 et
1207 1717 1422 1757 suavem
1463 1713 1515 1756 et
1560 1702 1853 1773 legitimum

261 1803 517 1844 somnum
556 1790 811 1861 suscipit,
840 1806 945 1846 non
977 1793 1217 1862 exiguam
1248 1801 1303 1847 et
1328 1793 1463 1849 hanc
1483 1794 1748 1863 justorum
1775 1794 1854 1847 la-

264 1882 458 1936 borum
498 1884 712 1952 capiens
758 1883 1082 1940 mercedem.
1136 1885 1265 1941 Cum
1310 1885 1466 1955 igitur
1499 1901 1617 1941 cum
1668 1884 1854 1955 majori

265 1975 540 2044 voluptate
570 1990 769 2044 pauper
790 1985 843 2030 et
867 1976 1096 2031 dormiat
1125 1988 1179 2031 et
1201 1975 1347 2032 bibat
1374 1986 1428 2031 et
1457 1977 1721 2042 comedat,
1751 1991 1853 2047 qua

264 2067 438 2136 gratia
462 2078 619 2122 erunt
648 2069 879 2139 amplius
904 2069 1105 2124 divitiae
1129 2069 1323 2141 dignae,
1356 2085 1512 2141 quam
1542 2069 1859 2125 videbantur

266 2173 429 2227 supra
457 2168 819 2228 paupertatem
847 2160 1245 2231 prserogativam
1292 2160 1488 2216 habere
1509 2202 1524 2228 ,
1563 2160 1660 2215 hac
1696 2161 1855 2215 etiam

266 2248 528 2319 privata?
559 2249 842 2318 Propterea
875 2258 928 2304 et
957 2249 1024 2305 ab
1049 2250 1199 2305 initio
1223 2250 1360 2305 Deus
1391 2250 1590 2304 homini
1621 2250 1856 2305 laborem

264 2340 527 2408 alligavit,
555 2356 661 2395 non
686 2341 909 2410 puniens
938 2348 1107 2411 neque
1129 2342 1299 2412 ipsum
1324 2342 1608 2412 castigans,
1624 2341 1716 2396 sed
1740 2356 1860 2395 cor-

266 2432 451 2502 rigens
478 2447 542 2487 ac
567 2433 788 2487 docens.
818 2432 1042 2499 Quando
1064 2434 1419 2489 illaboriosam
1446 2434 1605 2488 vitam
1636 2433 1861 2503 degebat

268 2522 466 2590 Adam,
502 2525 746 2594 paradiso
785 2525 981 2580 excidit
1009 2543 1023 2579 :
1052 2524 1264 2595 quando
1300 2525 1615 2580 laboriosam
1642 2535 1695 2579 et
1718 2541 1859 2579 teru-

269 2630 519 2669 mnosam
550 2616 745 2671 Paulus
764 2617 954 2687 agebat
978 2618 1162 2684 vitam,
1187 2633 1249 2673 ac
1276 2616 1503 2683 dicebat,
1530 2616 1594 2671 In
1625 2618 1795 2673 labore
1812 2627 1861 2673 et

267 2698 583 2765 στεινωπαᾷ
597 2694 818 2751 Cordi.
836 2695 929 2766 27)
952 2705 1099 2750 noete
1125 2706 1175 2752 et
1203 2695 1291 2752 die
1317 2714 1540 2768 operam
1559 2698 1634 2770 (l.
1657 2697 1837 2753 Thess.

268 2791 328 2843 6.
355 2790 439 2857 9),
463 2796 595 2843 tunc
638 2787 694 2841 in
723 2787 1036 2857 paradisum
1069 2799 1257 2858 raptus
1295 2797 1397 2856 est,
1425 2796 1481 2844 et
1525 2792 1744 2845 tertium
1788 2792 1841 2846 in

268 2878 475 2934 coelum
501 2878 766 2932 ascendit.
798 2875 876 2931 Ne
903 2877 1068 2947 igitur
1101 2878 1342 2934 laborem
1374 2896 1720 2950 respuamus,
1747 2897 1847 2936 nec

267 2969 648 3038 operationem
683 2968 1069 3038 vituperemus.
1096 2968 1309 3024 Etenim
1328 2982 1455 3025 ante
1473 2972 1738 3027 caelorum
1755 2989 1844 3028 re-

269 3074 441 3129 gnum
460 3058 550 3113 hic
566 3060 862 3114 maximum
881 3060 1126 3129 capimus
1144 3063 1445 3130 prmmium,
1463 3079 1527 3119 ex
1541 3064 1654 3133 ipsa
1680 3080 1737 3120 re
1752 3080 1847 3120 vo.

270 3150 536 3218 luptatem
559 3156 875 3205 sumentes:
901 3166 1005 3205 non
1026 3160 1205 3206 autem
1231 3153 1564 3223 voluptatem
1608 3164 1844 3221 tantum,

270 3239 367 3294 sed
396 3248 470 3302 et,
492 3241 636 3309 quod
661 3239 831 3296 multo
853 3242 1127 3312 voluptate
1158 3245 1336 3313 majus
1362 3254 1464 3308 est,
1483 3247 1841 3316 purissimam

269 3333 588 3387 sanitatem.
607 3332 810 3389 Divites
839 3336 982 3389 enim
1011 3346 1207 3406 praeter
1236 3339 1621 3396 insuavitatem
1667 3343 1849 3397 multa:

270 3420 628 3488 aegritudines
656 3422 936 3488 invadunt;
956 3439 1222 3492 pauperes
1251 3436 1428 3480 autem
1452 3443 1481 3481 a
1506 3429 1842 3483 medicorum

270 3508 531 3563 manibus
550 3509 824 3565 immunes
855 3520 999 3566 sunt.
1025 3511 1081 3567 Si
1111 3527 1239 3567 vero
1269 3529 1681 3585 nonnumquam
1710 3526 1764 3572 ct
1789 3517 1844 3571 in

269 3597 650 3666 aegritudinem
671 3601 932 3668 incidant,
949 3602 1094 3657 brevi
1119 3604 1329 3673 seipsos
1353 3604 1681 3671 instaurant,
1697 3609 1841 3687 mol-

269 3686 387 3740 litie
409 3688 561 3741 omni
596 3688 769 3751 liberi,
790 3701 844 3744 et
869 3706 1099 3764 corpora
1130 3694 1352 3751 robusta
1388 3697 1669 3755 habentes.

353 3819 641 3892 Paupertas
679 3822 932 3892 sapienter
966 3825 1238 3897 ferentibus
1280 3842 1465 3897 magna
1510 3826 1773 3896 possessio.
1796 3857 1868 3869 —-

278 3912 467 3983 Magna
490 3915 758 3983 possessio
773 3925 1057 3987 paupertas
1076 3918 1344 3988 sapienter
1364 3918 1530 3987 ipsam
1554 3918 1861 3987 ferentibus,

277 4004 563 4060 thesaurus
605 4006 694 4077 qui
731 4017 961 4078 nequeat
1003 4007 1219 4075 auferri,
1248 4009 1467 4064 baculus
1509 4009 1864 4077 firmissimus,

274 4096 459 4152 damni
480 4114 673 4169 expers
695 4101 980 4171 possessio,
997 4100 1345 4157 diversorium
1363 4103 1430 4157 ab
1448 4102 1652 4157 insidiis
1673 4111 1863 4158 tutum.

276 4192 348 4244 At
387 4191 728 4261 opprimitur,
759 4194 951 4264 inquit,
980 4209 1213 4264 pauper;
1259 4194 1353 4249 sed
1397 4195 1629 4265 majores
1649 4194 1868 4250 insidias

277 4281 429 4337 dives
454 4284 670 4353 patitur.
697 4283 1069 4341 Contemnitur
1089 4300 1289 4356 pauper
1315 4294 1369 4342 et
1393 4287 1729 4342 contumeliis
1754 4286 1869 4341 alli-

277 4373 448 4439 citur;
495 4374 589 4429 sed
615 4374 762 4429 diviti
796 4376 1080 4432 invidetur.
1110 4376 1226 4432 Non
1258 4386 1362 4431 tam
1390 4377 1758 4448 expugnabilis
1785 4385 1868 4432 est

280 4479 485 4534 pauper
524 4482 682 4537 quam
726 4468 896 4536 dives,
927 4469 1162 4524 infinitas
1201 4469 1434 4541 undique
1468 4478 1521 4525 et
1564 4469 1775 4524 diabolo
1814 4478 1869 4524 et

280 4557 682 4614 insidiatoribus
724 4563 1032 4619 occasiones
1077 4563 1352 4633 praebens,
1403 4562 1637 4619 omnium
1684 4576 1869 4617 servus

281 4661 504 4721 propter
540 4651 761 4708 multam
802 4670 983 4709 rerum
1028 4655 1445 4709 abundantiam:
1477 4654 1531 4709 in
1580 4654 1867 4708 multorum

283 4742 573 4814 indigentia
603 4746 959 4812 constitutus,
994 4755 1051 4801 et
1091 4745 1270 4801 multis
1311 4744 1517 4801 adulari
1558 4747 1784 4816 cogitur,
1816 4754 1872 4801 ct

278 4849 402 4888 cum
448 4835 614 4891 multa
662 4836 1018 4894 illiberalitate
1062 4839 1299 4903 servire;
1356 4853 1558 4908 pauper
1599 4846 1778 4893 autem
1822 4838 1869 4893 si

282 4925 646 4997 philosophari
676 4928 828 4995 sciat,
858 4944 1033 4999 neque
1066 4929 1135 4985 ab
1174 4930 1291 5000 ipso
1329 4930 1544 4985 diabolo
1580 4929 1870 5000 expugnari

285 5028 482 5086 potest.
527 5020 629 5075 Job
659 5021 818 5091 igitur
845 5030 898 5077 et
917 5031 1040 5077 ante
1070 5022 1171 5077 hoc
1198 5038 1317 5078 cum
1346 5022 1493 5077 tortis
1522 5031 1684 5089 esset,
1718 5029 1867 5092 post-

280 5128 439 5179 quam
467 5112 647 5167 omnia
676 5114 873 5180 amisit,
908 5123 1033 5169 tunc
1073 5114 1243 5170 lactus
1276 5124 1360 5169 est
1398 5115 1603 5178 fortior,
1631 5122 1687 5169 et
1719 5129 1871 5185 egre-

286 5206 422 5273 giam
453 5216 639 5261 contra
661 5206 929 5261 diabolum
961 5207 1237 5262 victoriam
1268 5207 1574 5276 reportavit.
1603 5206 1867 5261 Praeterea
1912 5236 1925 5246 -

285 5313 407 5354 Vero
437 5314 541 5354 nec
571 5301 816 5366 injuriam
846 5301 950 5371 pati
974 5316 1176 5372 pauper
1205 5308 1407 5371 potest,
1438 5299 1482 5354 si
1511 5296 1869 5370 philos0pbari

284 5390 480 5447 scierit.
513 5390 666 5460 Quod
694 5394 835 5448 enim
865 5393 973 5449 dixi
996 5394 1063 5450 de
1094 5394 1379 5464 voluptate,
1405 5392 1546 5464 quod
1580 5408 1642 5448 ea
1678 5408 1783 5447 non
1816 5392 1869 5447 in

287 5483 525 5538 cilmrum
571 5495 850 5555 apparatu,
897 5486 993 5542 sed
1042 5486 1092 5540 in
1132 5483 1524 5541 comedentium
1567 5484 1638 5538 sit
1678 5482 1870 5538 affectu

292 5577 452 5643 posita
488 5597 503 5633 :
537 5578 639 5634 hoc
663 5588 717 5634 et
745 5579 812 5635 de
835 5579 1156 5635 contumelia
1188 5579 1308 5634 dico
1328 5620 1341 5645 ,
1373 5577 1516 5648 quod
1550 5575 1872 5631 contumelia

295 5683 391 5725 non
417 5669 487 5725 ab
514 5670 851 5727 infercutium
874 5672 1159 5739 sententia,
1183 5672 1277 5729 sed
1298 5688 1326 5724 a
1347 5667 1657 5742 patientium
1680 5667 1871 5722 allectu

299 5765 645 5820 constituatur
672 5764 755 5819 vel
780 5763 1104 5821 destruatur.
1126 5763 1286 5822 Verbi
1314 5760 1508 5833 gratia,
1532 5758 1695 5815 multa
1723 5757 1868 5826 quis-

1957 417 2093 485 piam
2122 413 2173 469 in
2206 424 2256 470 te
2286 414 2441 469 fanda
2463 423 2620 485 atque
2639 412 2861 469 nefanda
2883 412 3116 468 convicia
3138 412 3311 469 dixit?
3339 414 3382 468 si
3406 431 3531 469 cm:-

1956 506 2197 560 tumelias
2227 505 2500 571 deriseris,
2528 506 2573 559 si
2602 505 2759 559 verba
2788 520 2891 558 non
2918 505 3207 574 acceperis,
3237 513 3285 559 et
3315 504 3533 558 vulnere

1954 598 2198 667 superior
2218 598 2311 659 sis,
2329 596 2705 651 Contumeliam
2739 610 2840 650 non
2867 610 2925 650 es
2953 610 3161 665 passus.
3192 596 3255 649 Et
3281 596 3535 666 quemad-

1956 689 2168 743 modum
2189 689 2233 743 si
2250 703 2441 758 corpus
2457 688 2857 743 adamantinum
2888 688 3223 755 haberemus,
3254 689 3353 743 etsi
3382 689 3538 743 innu-

1956 780 2116 833 maris
2166 779 2397 849 undique
2443 779 2563 833 telis
2602 788 2928 847 poteremur,
2972 794 3076 833 non
3116 788 3289 832 tamen
3320 778 3535 832 vulnera

1955 872 2313 940 reciperemus
2337 888 2348 922 :
2375 887 2480 924 nntt
2511 871 2652 924 enim
2681 886 2710 923 a
2739 885 2896 923 manu
2925 871 3024 925 tela
3055 878 3353 940 torquente,
3382 869 3475 924 sed
3510 886 3539 923 a

1955 963 2266 1031 corporibus
2293 962 2613 1031 patientibus
2641 963 2858 1016 vulnera
2886 962 3018 1016 fiunt
3048 980 3061 1015 :
3087 963 3164 1016 sic
3199 972 3253 1017 et
3293 962 3397 1025 hic,
3431 977 3537 1017 non

1956 1071 1982 1107 a
2014 1055 2357 1123 petulantium
2395 1054 2601 1108 insania
2622 1095 2636 1116 ,
2665 1053 2757 1108 sed
2783 1068 2815 1107 a
2846 1054 3154 1123 patientium
3177 1054 3540 1110 imbecillitate

1957 1146 2165 1214 injuria:
2191 1157 2245 1199 et
2270 1145 2604 1199 contumelia:
2628 1145 3044 1199 constituuntur.
3067 1145 3124 1201 Si
3142 1148 3284 1201 enim
3309 1145 3541 1215 philom-

1959 1241 2109 1309 pbari
2138 1242 2368 1295 sciamus
2388 1282 2402 1307 ,
2433 1256 2534 1295 nec
2561 1241 2882 1295 contumelia
2917 1240 3054 1294 al‘lici
3088 1256 3369 1311 possumus
3391 1281 3408 1308 ,
3443 1257 3540 1296 nec

1960 1333 2246 1403 quidquam
2277 1348 2436 1403 grave
2468 1333 2594 1402 pati.
2641 1334 2843 1403 Aliquis
2889 1332 3136 1402 injuriam
3181 1333 3390 1399 intulit,
3433 1348 3538 1387 nan

1960 1423 2172 1478 sensisti
2202 1439 2299 1477 nec
2324 1423 2574 1477 doluisti?
2618 1437 2723 1476 non
2750 1438 2809 1477 es
2841 1422 3086 1492 injuriam
3120 1437 3338 1493 passus,
3369 1423 3460 1479 sed
3487 1433 3539 1478 et

1963 1517 2130 1586 magis
2158 1516 2491 1585 percussisti,
2521 1531 2680 1586 quam
2718 1530 3000 1585 percussus
3020 1530 3100 1570 es.
3127 1514 3261 1570 Cum
3287 1516 3429 1570 enim
3451 1517 3540 1585 qui

1961 1608 2334 1663 contumeliam
2364 1607 2559 1675 intulit,
2590 1608 2793 1677 plagam
2827 1622 2978 1661 suam
3005 1606 3072 1661 ad
3102 1609 3408 1677 patientium
3429 1608 3541 1663 ani:

1962 1717 2101 1755 mam
2130 1716 2232 1755 non
2261 1703 2656 1772 pervenientem
2680 1700 2891 1765 viderit,
2918 1700 3030 1768 ipse
3057 1700 3312 1769 majorem
3340 1700 3392 1754 in
3425 1714 3543 1753 mo-

1961 1794 2086 1847 dum
2115 1794 2358 1849 roditur:
2389 1802 2443 1849 et
2473 1793 2769 1848 tacentibus
2791 1792 2875 1857 iis,
2906 1791 2994 1861 qui
3034 1792 3411 1846 contumeliam
3450 1807 3544 1861 pa—

1962 1888 2182 1947 tiuntur,
2207 1895 2397 1955 sponte
2412 1885 2852 1940 contumeliarum
2876 1883 3025 1953 plaga
3037 1892 3222 1939 contra
3246 1884 3544 1939 mittentem

1960 1992 2219 2033 conversa
2246 1976 2489 2032 infertur.

2032 2068 2089 2126 9.
2131 2069 2185 2123 ln
2228 2069 2475 2123 omnibus
2510 2068 2667 2140 igitur
2706 2068 3165 2139 philosopbemur,
3191 2066 3543 2129 dilectissimi,

1962 2169 2016 2215 et
2042 2159 2172 2214 nihil
2209 2174 2306 2215 nos
2344 2159 2517 2229 inopia
2558 2159 2751 2215 laedere
2788 2161 2984 2229 poterit
3013 2176 3030 2215 :
3058 2159 3183 2228 quin
3225 2166 3279 2212 et
3315 2158 3547 2211 maxime

1962 2251 2233 2320 adjuvabit
2258 2260 2312 2305 et
2331 2250 2589 2306 clariores
2611 2250 2815 2317 reddet,
2845 2261 2900 2305 et
2919 2250 3168 2304 omnibus
3187 2247 3440 2303 divitibus
3464 2262 3549 2301 co-

1966 2343 2243 2411 piosiores.
2271 2341 2408 2409 Quid
2429 2343 2593 2407 enim,
2622 2342 2707 2397 dic
2738 2343 2888 2405 mihi,
2914 2342 3062 2397 Helia
3085 2340 3410 2411 pauperius?
3440 2339 3545 2394 Sed

1965 2442 2246 2504 propterea
2271 2447 2459 2488 omnes
2478 2433 2669 2488 divites
2690 2433 2954 2499 vincebat,
2977 2432 3226 2502 quoniam
3251 2432 3328 2485 sic
3349 2445 3551 2501 pauper

1964 2539 2086 2580 cum
2111 2530 2275 2589 esset,
2305 2524 2473 2592 ipsam
2515 2531 2882 2593 paupertatem
2926 2537 2991 2577 ex
3037 2521 3235 2576 mentis
3274 2520 3548 2591 epulentia

1964 2617 2145 2688 elegit.
2192 2616 2455 2683 Quoniam
2503 2616 2645 2670 enim
2687 2629 2901 2669 omnem
2950 2613 3295 2684 pecuniarum
3340 2614 3548 2680 copiam

1964 2708 2127 2763 animi
2170 2708 2250 2763 sui
2303 2706 2671 2777 magnitudine
2708 2720 2830 2761 esse
2868 2704 3070 2775 putavit
3098 2703 3428 2771 inferiorem,
3450 2717 3553 2757 nec

1966 2800 2298 2872 philosOpbia
2327 2816 2422 2856 sua
2447 2799 2659 2871 dignam
2692 2816 2707 2853 :
2736 2799 2858 2855 ideo
2885 2806 3082 2853 tantam
3111 2797 3421 2868 pauperiem
3444 2809 3554 2850 am-

1966 2894 2210 2964 plexatus
2237 2899 2338 2947 est.
2371 2891 2521 2958 Quod
2553 2894 2596 2945 si
2626 2905 2813 2959 magna
2843 2889 3126 2961 praesentia
3155 2896 3415 2958 putasset,
3442 2900 3550 2941 non

1966 2985 2135 3039 solam
2187 2983 2417 3039 meloteu
2463 2981 2819 3051 possedisset;
2865 2980 2961 3035 sed
3005 2979 3076 3034 ita
3113 2979 3233 3034 vita:
3261 2979 3548 3035 vanitatem

1966 3075 2364 3140 condemnavit,
2410 3082 2463 3128 et
2502 3082 2770 3142 tamquam
2810 3072 2978 3126 lutum
3025 3070 3320 3140 projectum
3360 3085 3550 3126 aurum

1966 3183 2127 3223 omne
2148 3167 2410 3235 despexit,
2434 3175 2489 3219 ut
2513 3172 2704 3235 printer
2724 3163 2974 3218 amictum
3002 3163 3148 3218 illum
3177 3161 3306 3217 nihil
3328 3161 3554 3231 amplius

1968 3260 2285 3331 possideret.
2333 3258 2534 3313 Idcirco
2558 3273 2648 3313 rex
2682 3270 2913 3327 paupere
2941 3254 3251 3326 indigebat,
3291 3263 3346 3309 et
3374 3253 3554 3308 verbis

1969 3352 2099 3408 nihil
2126 3352 2248 3421 plus
2276 3366 2434 3421 quam
2464 3348 2700 3404 meloten
2729 3348 2975 3402 habentis
3017 3346 3286 3412 inhiabat,
3311 3345 3401 3415 qui
3431 3354 3518 3399 tan
3537 3371 3549 3382 ο

1970 3453 2080 3497 tum
2135 3441 2360 3496 habebat
2406 3439 2519 3494 auri
2549 3455 2565 3493 :
2592 3437 2730 3493 adeo
2772 3436 3103 3506 splendidior
3149 3449 3382 3505 purpura
3436 3444 3552 3489 erat

1967 3533 2197 3599 melote,
2238 3540 2293 3586 et
2329 3529 2595 3601 regalibus
2625 3529 2760 3583 aulis
2780 3528 2908 3599 justi
2940 3528 3214 3597 spelunca.
3263 3527 3551 3596 Propterea

1968 3637 2022 3683 et
2052 3628 2104 3681 in
2128 3624 2316 3679 caelum
2338 3622 2653 3688 ascendens,
2679 3622 2808 3676 nihil
2835 3621 2976 3676 aliud
3004 3635 3162 3690 quam
3210 3619 3440 3673 meloteu
3470 3618 3554 3671 di-

1968 3716 2175 3788 scipulo
2197 3715 2412 3785 reliquit
2440 3715 2515 3787 (4.
2539 3713 2755 3785 Reg.2).
2781 3712 2911 3767 Cum
2938 3712 3057 3775 hac,
3090 3710 3277 3779 inquit,
3299 3725 3418 3764 cum
3440 3711 3554 3763 dia-

1970 3806 2097 3862 bolo
2121 3808 2371 3877 pugnavi,
2399 3815 2453 3861 et
2480 3814 2533 3860 tu
2560 3815 2747 3860 contra
2774 3805 2919 3858 illum
2951 3803 3089 3857 hanc
3112 3808 3437 3856 armaturam
3465 3815 3555 3856 ca-

1972 3898 2106 3968 pies.
2137 3898 2380 3953 Validum
2409 3898 2553 3953 enim
2582 3896 2741 3951 telum
2771 3896 2945 3965 inopia
2966 3936 2980 3955 ,
3013 3893 3422 3965 inexpugnabile
3457 3893 3554 3947 ba-

1972 3989 2284 4056 bitaculum,
2313 3999 2366 4044 et
2396 3989 2556 4043 turris
2581 3988 2920 4043 inconcussa.
2948 3985 3241 4057 Tamquam
3270 3987 3554 4041 maximam

1973 4080 2321 4136 hereditatem
2366 4080 2587 4135 Elisaeus
2622 4078 2855 4133 meloteu
2892 4078 3124 4147 suscepit
3158 4094 3171 4130 :
3204 4077 3401 4132 etenim
3433 4093 3557 4132 vere

1972 4171 2203 4228 maxima
2223 4168 2326 4225 fuit
2338 4168 2644 4235 haereditas,
2659 4168 2805 4225 omni
2828 4183 2962 4223 auro
2984 4168 2999 4200 ¹
3026 4167 3329 4239 pretiosior.
3354 4167 3421 4221 Et
3442 4179 3557 4222 erat

1974 4261 2196 4333 posthac
2235 4261 2429 4331 duplex
2470 4260 2648 4317 Helias
2690 4260 2799 4324 ille,
2827 4260 2899 4314 ita
2931 4268 2989 4315 ut
3021 4274 3233 4315 sursum
3279 4258 3476 4324 Helias,
3503 4268 3559 4313 et

1972 4354 2224 4410 deorsum
2254 4353 2432 4409 Helias
2457 4361 2619 4409 esset.
2660 4352 2794 4407 Novi
2819 4367 2914 4408 vos
2936 4352 3137 4421 justum
3165 4352 3311 4407 illum
3344 4352 3557 4407 beatum

1973 4455 2179 4517 putare,
2203 4444 2544 4515 singulosque
2565 4458 2761 4513 cupere
2785 4458 2907 4499 eum
2935 4444 3109 4513 ipsum
3136 4458 3276 4499 esse.
3299 4443 3433 4512 Quid
3458 4444 3558 4515 igi-

1974 4548 2082 4604 tur,
2114 4538 2158 4592 si
2187 4537 2339 4592 vobis
2359 4537 2798 4593 demonstravero
2816 4535 2958 4605 quod
2982 4535 3121 4590 aliud
3147 4536 3238 4591 illo
3258 4537 3427 4591 multo
3452 4552 3560 4591 ma-

1972 4630 2062 4701 jus
2086 4645 2277 4685 oumes
2301 4629 2469 4684 sacris
2489 4628 2759 4699 mysteriis
2788 4626 2972 4683 imbuti
3001 4628 3402 4697 receperimus?

2046 4720 2212 4775 Locus
2236 4720 2445 4791 insignis
2469 4720 2532 4774 de
2556 4718 2619 4774 S.
2652 4718 2992 4774 Eucharistite
3018 4721 3241 4774 veritate.
3269 4747 3342 4759 ——
3380 4717 3559 4773 Helias

1976 4830 2169 4886 nempe
2196 4815 2425 4870 meloteu
2452 4814 2715 4884 discipulo
2741 4813 2989 4885 reliquit;
3039 4813 3205 4869 Filius
3240 4822 3418 4868 autem
3466 4811 3556 4863 Dei

1976 4906 2302 4970 ascendens,
2335 4920 2486 4961 suam
2513 4905 2669 4961 nobis
2695 4920 2914 4961 carnem
2952 4905 3195 4975 reliquit;
3243 4903 3337 4958 sed
3381 4900 3560 4956 Helias

1976 4997 2190 5068 quidem
2220 5007 2413 5053 exutus
2436 5035 2453 5065 ,
2482 4995 2728 5053 Christus
2751 5006 2929 5053 autem
2969 5004 3024 5052 et
3060 4994 3216 5050 nobis
3241 4993 3475 5063 reliquit,
3506 5002 3560 5047 et

1979 5090 2146 5159 ipsam
2175 5089 2375 5145 habens
2400 5088 2655 5148 ascendit.
2685 5087 2764 5143 Ne
2789 5088 2948 5159 igitur
2971 5087 3153 5141 animo
3177 5085 3520 5140 concidamus
3545 5123 3558 5146 ,

1979 5197 2152 5251 neque
2192 5181 2584 5248 Iameutemnr,
2626 5193 2800 5250 neque
2849 5187 3149 5247 temporum
3196 5174 3561 5231 dit'licultatem

1980 5274 2280 5328 timeamus.
2304 5272 2403 5340 Qui
2426 5271 2567 5327 enim
2587 5269 2897 5340 sanguinem
2919 5282 3074 5323 suum
3102 5280 3199 5338 pro
3217 5263 3467 5320 omnibus
3485 5265 3563 5319 el-

1981 5364 2201 5420 fundere
2250 5380 2352 5417 non
2397 5362 2683 5430 recusavit,
2713 5368 2768 5417 et
2813 5374 3036 5415 carnem
3076 5372 3247 5422 suam,
3279 5364 3334 5411 et
3380 5370 3564 5412 rursus

1980 5458 2150 5527 ipsum
2174 5455 2484 5525 sanguinem
2508 5453 2661 5509 nobis
2680 5451 3111 5518 communicavit,
3130 5448 3255 5521 quid
3279 5464 3374 5520 pro
3393 5449 3564 5503 salute

1982 5560 2162 5605 nostra
2186 5547 2362 5604 facere
2388 5546 2690 5602 recusabit?
2718 5545 2826 5603 llac
2847 5545 3005 5619 igitur
3025 5558 3120 5616 spe
3146 5541 3370 5598 ﬁdentes
3391 5540 3563 5610 ipsum

1983 5646 2230 5702 continue
2277 5657 2545 5714 rogemus,
2588 5651 2644 5698 et
2694 5642 2942 5712 precibus
2984 5633 3562 5711 supplicationibusque

2047 5761 2064 5793 ί
2102 5760 2187 5809 Alii
2212 5772 2223 5806 ς
2246 5765 2299 5808 Et
2326 5755 2486 5823 lapide
2503 5755 2725 5821 pretioso.
