4074 6218
544 265 607 319 47
1211 277 1268 334 S.
1308 281 1583 343 .IOANNIS
1621 288 2093 354 CHRYSOSTOMI
2130 302 2444 362 ARCHIEP.
2486 309 3027 379 CONSTA‘N‘I’INOP.
3730 347 3796 400 43

540 397 813 451 vacemus,
845 393 900 440 et
929 387 1145 460 reliqua:
1173 394 1382 453 virtutis
1406 415 1525 455 cum
1555 405 1698 459 omni
1729 406 1997 479 diligentia
2025 429 2121 469 cu-

542 490 652 528 ram
681 474 992 547 habeamus,
1021 492 1079 536 ut
1113 494 1167 540 et
1197 487 1402 544 instans
1433 493 1694 562 fugiamus
1724 474 2037 567 periculum,
2065 515 2121 561 et

542 567 711 620 futura
741 583 1090 642 assequamur
1128 575 1264 632 bona
1296 598 1309 633 :
1340 583 1532 650 quibus
1578 603 1674 642 nos
1708 604 1895 647 omnes
1933 595 2120 665 dignos

2227 424 2434 477 censeri
2465 425 2756 498 contingat,
2778 435 2944 502 gratia
2973 444 3026 490 et
3052 437 3376 509 benignitate
3400 446 3604 504 Domini
3637 460 3802 511 nostri

2226 510 2354 567 Jesu
2380 515 2576 572 Christi
2600 560 2614 584 ,
2659 536 2751 588 per
2778 539 2933 593 quem
2960 536 3014 581 et
3043 545 3162 584 cum
3185 549 3290 603 quo
3319 536 3458 591 Patri
3482 541 3671 610 gloria,
3703 510 3801 603 una

2221 617 2342 657 cum
2369 606 2564 676 Spiritu
2593 610 2809 680 Sancto,
2841 617 2892 670 in
2919 623 3113 674 saecula
3137 626 3477 682 szeculorum.
3506 634 3695 688 Amen.

541 699 3046 763 _\\_~m

3049 751 3270 764 _——

542 789 602 830 ΙΝ
639 791 1118 844 PROFECTIONEM
1165 805 1437 850 EPISCOPI
1465 812 1782 870 FLAVIANI,
1830 817 1949 862 PRO
1991 794 2397 870 CIVITATEVAD
2424 830 2882 882 IMPERATOREM
2909 842 3309 890 LEGATIONEM
3337 851 3645 899 OBEUNTIS
3678 862 3691 897 τ
3728 863 3803 904 ΕΤ

619 892 923 943 QUODNAM
977 903 1190 946 VERUM
1253 908 1352 952 SIT
1377 911 1690 959 JEJUNIUM

621 1098 868 1144 Μυῖα-οε
919 1103 1213 1150 INNOXIOS
1272 1110 1502 1156 carros
1546 1115 1689 1159 esss
1728 1100 1768 1160 ³.

1736 920 1751 958 τ
1799 920 1880 961 ΕΤ
1921 920 2089 973 QUOD
2132 926 2516 976 DETRAHERE
2560 936 2736 988 QUAM
2789 943 3111 992 HUMANUM
3154 951 3388 998 COBPUS
3458 959 3798 1010 COMEDERE

623 994 806 1040 PEJUS
852 1000 997 1044 SIT:
1036 1005 1113 1048 ET
1155 1008 1236 1048 DE
1275 1009 1613 1057 JUGULATIS
1673 1017 1960 1064 PROPTER
2021 1025 2408 1078 ΞΕΠῙΤΞΟΝΕΜ
2457 1039 2471 1077 :
2518 1039 2600 1078 ΕΤ
2644 1033 2960 1078 Anvnncn'e
3003 1054 3109 1078 una
3163 1055 3271 1078 nm

2457 1039 2471 1077 :
2518 1039 2600 1082 ET
2640 1033 2960 1096 anvsnsus
3000 1054 3110 1097 eos
3163 1055 3271 1111 QUI
3314 1059 3800 1127 QUEREBANTUR,

1954 1279 2369 1324 ’θθθθοθεε-σ-ο-

1172 1385 1386 1429 HOMILIA
1427 1391 1502 1429 Ill.

613 1452 662 1504 1.
694 1451 741 1504 Γ
743 1453 969 1511 Iovianus
1006 1457 1372 1530 Intperatorem
1413 1468 1708 1536 placaturus
1751 1473 2110 1536 Constantino-

543 1543 679 1609 polin
719 1547 1275 1616 petierat.—Quando
1312 1557 1379 1611 ad
1409 1559 1590 1615 sedem
1637 1563 1770 1618 hanc
1809 1567 2114 1628 derelictam

537 1649 591 1685 et
620 1635 876 1704 magistro
904 1655 1122 1696 vacuam
1157 1646 1409 1715 respicio,
1437 1651 1644 1720 gaudeo
1671 1655 1826 1710 simul
1858 1668 1910 1712 et
1939 1661 2115 1733 lacry-

539 1725 922 1799 mozlacrymo
965 1733 1217 1801 quidem,
1265 1739 1404 1806 quod
1454 1755 1766 1810 przesentem
1812 1764 1917 1803 non
1963 1753 2118 1809 video

538 1823 777 1882 patrem;
815 1820 1021 1888 gaudeo
1059 1833 1234 1879 autem
1267 1829 1406 1896 quod
1440 1846 1536 1900 pro
1579 1835 1750 1891 salute
1778 1848 1955 1894 nostra
1987 1859 2112 1912 pro-

541 1904 736 1969 fectus,
783 1909 910 1965 abiit
955 1921 1155 1969 tantum
1196 1921 1444 1988 populum
1488 1938 1519 1976 a
1560 1923 1737 1982 furore
1779 1904 2115 1999 lmperaioris

533 2008 838 2066 erepturus.
869 2003 980 2058 Hoc
1014 2016 1068 2061 et
1101 2009 1251 2064 vobis
1287 2024 1657 2071 ornamentum
1684 2028 1797 2086 est,
1843 2033 1896 2077 et
1926 2025 1999 2079 illi
2025 2041 2114 2081 co-

535 2104 692 2152 rona;
741 2105 1112 2151 ornamentum
1160 2099 1348 2168 vobis,
1397 2105 1538 2172 quod
1580 2107 1736 2163 talem
1785 2111 1901 2167 sitis
1942 2119 2112 2172 sortiti

534 2188 769 2247 patrem;
803 2194 855 2239 et
883 2185 956 2240 illi
989 2203 1207 2250 corona.
1233 2193 1372 2262 quod
1399 2195 1536 2250 circa
1572 2198 1706 2253 ﬁlios
1729 2211 1832 2256 tam
1855 2203 2114 2276 benignus

530 2269 618 2335 sit,
647 2279 699 2325 et
723 2286 752 2326 a
774 2271 990 2329 Christo
1014 2277 1212 2333 dictum
1244 2297 1342 2352 per
1362 2299 1522 2352 opera
1549 2289 1963 2347 conﬁrmaverit.
1982 2269 2109 2350 'Au-

529 2358 679 2415 diens
707 2363 849 2416 enim
882 2365 1046 2435 illud,
1097 2369 1280 2424 Pastor
1326 2373 1487 2428 bonus
1529 2378 1751 2433 animam
1788 2399 1932 2438 suam
1972 2389 2113 2453 ponit

534 2470 628 2522 pro
652 2456 824 2510 ovibus
855 2457 1036 2527 (Joau.
1072 2462 1158 2516 10.
1192 2465 1307 2533 11),
1348 2466 1480 2521 abiit
1524 2484 1621 2538 pro
1654 2473 1806 2528 nobis
1829 2478 2110 2545 omnibus,

527 2543 757 2598 animam
786 2561 936 2602 suam
969 2551 1266 2619 positurus,
1299 2557 1397 2610 etsi
1429 2559 1590 2612 multa
1618 2573 1911 2633 erantqute
1939 2567 2109 2636 ipsum

527 2631 674 2687 abire
701 2636 1079 2704 prohiberent,
1122 2652 1176 2696 et
1202 2658 1420 2700 manere
1449 2660 1702 2717 cogerent
1735 2670 1748 2706 τ
1779 2631 2110 2722 primovtrtas

488 2722 593 2776 .ad
641 2725 879 2780 ultimam
925 2739 1172 2798 provecta
1221 2746 1589 2803 senectutem,
1634 2750 1820 2809 postea
1870 2748 2110 2816 corporis

527 2815 861 2873 imbecillitas
885 2862 899 2886 ,
930 2830 981 2875 et
1009 2823 1133 2876 anni
1165 2831 1371 2895 tempus
1392 2869 1407 2891 ,
1455 2837 1508 2882 et
1550 2839 1746 2886 sanctae
1785 2835 2107 2892 celebritatis

529 2909 845 2975 necessitas,
872 2911 938 2966 ad
964 2913 1078 2968 haec
1104 2914 1254 2970 unica
1281 2931 1435 2973 soror
1461 2919 1511 2973 in
1555 2931 1798 2978 extremo
1819 2928 2105 2982 constituta

525 3002 734 3070 spiritu.
763 3003 865 3059 Sed
896 3015 1070 3062 tamen
1121 3017 1175 3064 et
1231 3013 1740 3083 consanguinitatem
1772 3016 2033 3088 despexit,
2054 3030 2107 3076 et

524 3103 872 3158 senectutem,
899 3105 952 3150 et
976 3092 1393 3157 imbecillitatem
1412 3143 1425 3166 ,
1457 3113 1510 3157 et
1541 3107 1794 3174 temporis
1820 3107 2105 3164 difﬁculta-

524 3192 651 3251 tem,
679 3195 732 3240 et
759 3187 960 3242 itineris
988 3191 1326 3258 asperitatem
1353 3211 1364 3246 :
1389 3202 1442 3248 et
1462 3196 1709 3251 omnibus
1731 3212 1824 3252 vos
1846 3210 2104 3253 vestram-

522 3290 624 3341 que
648 3277 870 3332 salutem
897 3295 1228 3350 praeponens,
1259 3282 1372 3338 hrec
1399 3286 1576 3338 omnia
1604 3287 1809 3342 vincula
1838 3289 2063 3359 disrupit
2084 3333 2099 3356 ,

520 3377 573 3419 et
595 3381 690 3423 ceu
715 3369 926 3438 juvenis
951 3372 1118 3427 fertur
1141 3390 1326 3441 senex,
1354 3392 1492 3432 nunc
1516 3379 1687 3434 alatus
1711 3381 1872 3434 animi
1901 3384 2104 3453 magni-

523 3458 703 3515 tudine
733 3459 919 3517 factus.
949 3463 1003 3518 Si
1042 3466 1183 3518 enim
1215 3467 1489 3534 Christus,
1521 3469 1719 3540 inquit,
1745 3473 1977 3542 seipsum
2005 3489 2102 3543 pro

521 3549 674 3603 nobis
713 3550 878 3618 dedit,
925 3569 1028 3624 qua
1075 3571 1314 3610 essemus
1354 3573 1451 3611 nos
1495 3562 1837 3617 excusatione
1865 3573 1917 3617 et
1949 3566 2098 3619 venia

519 3634 697 3708 digni,
732 3643 860 3696 tanti
888 3643 1184 3699 cusmdiam
1215 3647 1392 3715 populi
1432 3648 1686 3703 creditam
1715 3650 1971 3708 habentes
1994 3694 2010 3718 ,
2045 3664 2100 3709 et

517 3744 621 3784 non
649 3732 904 3802 eligentes
929 3736 1104 3790 omnia
1132 3745 1181 3791 et
1213 3737 1389 3793 facere
1420 3750 1473 3794 et
1511 3742 1614 3809 pati
1645 3757 1742 3811 pro
1771 3744 2096 3800 creditorum

516 3823 669 3876 nobis
694 3825 1018 3881 securitate?
1057 3827 1111 3882 Si
1155 3829 1295 3883 enim
1344 3833 1670 3899 patriarcha,
1702 3835 1902 3906 inquit,
1933 3837 2096 3893 Jacob

519 3913 807 3979 pecudibus
837 3918 1150 3986 praepositus
1179 3961 1194 3984 ,
1235 3935 1363 3976 oves
1393 3923 1726 3979 irrationales
1756 3941 2009 3995 pascens,
2041 3938 2096 3984 et

516 4001 714 4057 homini
738 4005 993 4061 rationem
1013 4007 1336 4076 redditurus,
1358 4022 1538 4066 noctes
1557 4012 1785 4068 ducebat
1803 4016 2089 4084 insomnes,

516 4103 567 4147 et
594 4104 812 4162 aestum,
841 4099 960 4168 gelu
985 4141 1000 4165 ,
1041 4115 1360 4172 omnemque
1390 4105 1527 4159 aeris
1555 4107 1920 4176 intemperiem
1953 4109 2092 4166 fere-

516 4187 636 4252 bat,
684 4201 741 4243 ut
779 4191 922 4245 nulla
969 4192 1174 4248 illarum
1222 4195 1480 4264 pecudum
1531 4198 1730 4267 periret
1773 4199 1926 4269 (Gen.
1955 4201 2089 4272 29):

515 4281 682 4335 multo
707 4284 874 4353 magis
896 4299 994 4339 nos
1022 4300 1126 4340 non
1160 4287 1574 4355 irrationalibus,
1611 4290 1702 4345 sed
1729 4292 2091 4360 Spiritualibus

515 4372 700 4428 ovibus
718 4378 1049 4445 pra‘positos,
1069 4387 1122 4432 et
1143 4395 1249 4432 non
1273 4380 1497 4445 homini,
1524 4382 1616 4436 sed
1636 4384 1744 4438 Deo
1766 4385 2091 4453 pra-fectum

515 4462 669 4532 hujus
694 4467 952 4522 rationem
982 4469 1280 4526 reddituros
1303 4513 1318 4538 ,
1359 4471 1425 4527 ad
1451 4472 1580 4526 nihil
1609 4482 1818 4543 torpere
1845 4484 1899 4530 et
1927 4477 2090 4546 tergi-

513 4557 712 4611 versari
743 4568 954 4627 oportet
977 4575 1159 4616 eorum
1185 4604 1200 4628 ,
1249 4579 1368 4633 quae
1413 4579 1624 4635 gregem
1647 4565 1836 4635 juvare
1863 4569 2085 4636 possint.

510 4646 612 4703 Sed
639 4657 835 4718 quanto
864 4651 1051 4706 melior
1076 4667 1205 4722 grex
1237 4653 1335 4708 iste
1359 4669 1520 4725 grege
1550 4655 1674 4723 illo,
1703 4664 1755 4711 et
1780 4656 1949 4712 brutis
1969 4659 2086 4728 qui-

510 4739 630 4793 dem
675 4738 947 4806 homines,
983 4741 1284 4798 hominibus
1312 4760 1438 4800 vero
1466 4747 1604 4801 Deus
1628 4765 1640 4798 :
1663 4755 1807 4803 tanto
1837 4749 2006 4819 majus
2034 4759 2090 4804 et

511 4847 607 4886 nos
629 4833 1103 4905 vehementiusque
1140 4837 1371 4892 studium
1399 4849 1451 4893 et
1479 4840 1804 4910 diligentiam
1835 4842 2088 4898 exhibere

507 4935 736 4993 oportet.
768 4927 923 4982 Novit
948 4928 1034 4983 ille
1064 4929 1239 4998 plane,
1265 4946 1367 4984 non
1397 4947 1494 5000 pro
1523 4948 1624 4986 una
1651 4933 1751 4987 sibi
1784 4951 1923 4989 nunc
1951 4936 2086 4990 civi-

510 5024 614 5071 tate
657 5019 923 5087 negotium
967 5034 1121 5085 esse,
1155 5020 1248 5074 sed
1280 5035 1376 5088 pro
1402 5019 1616 5078 Oriente
1646 5033 1774 5078 toto.
1805 5026 2082 5082 Civitatum

505 5107 646 5160 enim
677 5109 776 5163 sub
803 5109 1018 5166 Oriente
1049 5110 1335 5181 positarum
1358 5123 1516 5184 caput
1534 5125 1586 5169 et
1611 5128 1780 5171 mater
1800 5127 1882 5172 est
1900 5120 2086 5176 civitas

570 5239 806 5316 “.Tilulus
830 5245 874 5293 in
894 5246 1034 5296 savii.
1064 5247 1190 5316 et_in
1222 5247 1507 5316 quibusdam
1543 5256 1654 5316 ηδε.⁸
1675 5249 1864 5316 habet;
1894 5261 1947 5316 In
1971 5265 2086 5316 pro.

506 5297 930 5372 rectionemgqmuu
949 5308 1156 5372 suscepit
1197 5297 1447 5372 episcopus
1474 5297 1797 5372 utiliori/tenus.
1810 5297 2080 5372 stabimus,

505 5370 594 5434 pro
615 5359 808 5431 civitate
820 5367 884 5434 ad
907 5359 1241 5430 impertitorem
1260 5359 1567 5422 Theodosium
1584 5359 2079 5434 mutabilibus};

507 5421 1083 5506 Ethgiarjtmniajtaittas
1116 5445 1298 5506 causa;
1328 5441 1373 5483 et
1397 5433 1543 5506 quod,
1578 5421 2084 5506 ςιρἓιιζίὺὲίιήὴιξὲςῃξιὲ

505 5481 728 5552 dignitati
747 5488 1003 5559 pramateqt
1037 5481 1386 5559 sacerdotium;
1409 5481 1476 5559 ξεί
1498 5481 1632 5559 ὁριίᾶ
1648 5481 1651 5482 ⁷
1666 5481 1941 5559 gastris:
1951 5481 2083 5559 36:}:

504 5546 654 5614 mum,
678 5546 914 5609 quamque
942 5550 998 5620 ob
1032 5563 1227 5604 causam
1270 5546 1489 5620 n'inioitce
1509 5546 1635 5620 (ipsa
1659 5555 1798 5607 bruta
1818 5546 2081 5620 animaritia

502 5604 721 5667 iejuuar'e
765 5604 1070 5682 curaverint;
1107 5621 1168 5682 et_
1194 5604 1319 5674 quod
1359 5604 1794 5682 dormiamus;
1819 5604 2080 5669 humanum

505 5681 676 5744 corpus
699 5673 950 5722 conradere
972 5674 1107 5737 pejus
1127 5673 1213 5734 sit;
1233 5683 1276 5724 et
1307 5685 1538 5738 paztrcmo
1561 5682 1622 5730 de
1642 5673 1960 5744 fugitiuus...
1987 5697 2079 5732 cac-

506 5734 611 5780 tera
637 5739 684 5780 ut
711 5747 872 5793 srpra.

2215 1409 2728 1476 nostrazpropterea
2777 1428 2935 1472 omne
2980 1419 3270 1488 periculum
3319 1427 3511 1495 subiit,
3567 1442 3622 1488 et
3672 1434 3802 1490 nihil

2228 1489 2371 1545 illum
2414 1493 2500 1549 hic
2539 1500 2768 1558 retinere
2811 1508 2998 1574 potuit.
3047 1510 3276 1583 Ideoque
3324 1489 3507 1573 bonast
3531 1519 3644 1577 fore
3689 1527 3802 1593 spei

2223 1588 2644 1652 opportunitates
2684 1609 3003 1664 speroznon
3052 1604 3192 1658 enim
3228 1616 3425 1664 tantam
3468 1588 3803 1669 sedulitatem

2224 1683 2277 1728 et
2302 1690 2482 1733 cuiam
2513 1683 2652 1739 Deus
2674 1687 2950 1758 despiciet,
2977 1711 3146 1765 neque
3176 1713 3390 1754 servum
3416 1717 3567 1758 suum
3598 1707 3804 1762 infectis

2223 1768 2383 1825 rebus
2423 1773 2600 1831 redire
2651 1783 2938 1846 permittet.
2987 1785 3119 1842 Novi
3174 1791 3314 1859 quod
3373 1803 3570 1848 tantum
3622 1814 3803 1852 coram

2225 1859 2456 1928 positus,
2489 1873 2543 1918 et
2571 1867 2873 1938 religiosum
2907 1875 3280 1946 Imperatorem
3312 1887 3684 1954 conspicatus,
3736 1906 3808 1945 ex

2221 1959 2437 2018 aspectu
2469 1957 2582 2012 solo
2623 1964 2800 2016 statim
2835 1965 2966 2021 iram
3005 1972 3361 2041 comprimere
3409 1981 3624 2047 poterit.
3665 1982 3804 2036 San-

2221 2050 2422 2098 ctorum
2453 2049 2595 2104 enim
2627 2069 2736 2108 non
2763 2063 2966 2112 tantum
3015 2063 3212 2132 verba,
3258 2068 3354 2121 sed
3393 2078 3444 2124 et
3491 2071 3589 2141 ipsi
3629 2075 3810 2130 vultus

2219 2133 2478 2202 spirituali
2505 2144 2668 2210 gratia
2688 2147 2828 2215 pleni
2855 2161 2996 2205 sunt.
3023 2153 3115 2209 llic
3137 2173 3264 2212 vero
3284 2169 3333 2213 et
3356 2162 3518 2216 multa
3540 2165 3799 2234 sapientia

2221 2227 2410 2295 plenus
2438 2241 2551 2300 est,
2584 2244 2637 2289 et
2676 2253 2794 2292 cum
2835 2241 3130 2300 divinarum
3161 2249 3333 2319 legum
3362 2253 3432 2305 sit
3459 2227 3664 2324 peritius
3685 2299 3698 2320 ,
3729 2258 3803 2312 ad

2219 2319 2390 2388 ipsum
2417 2325 2578 2393 dicet,
2604 2331 2743 2399 quod
2770 2343 2823 2387 et
2846 2334 3018 2392 Moses
3043 2339 3113 2393 ad
3139 2340 3301 2396 Deum
3327 2360 3339 2396 :
3361 2344 3425 2399 Si
3451 2319 3660 2402 dimittis
3685 2351 3805 2420 qui-

2218 2412 2330 2466 dem
2357 2415 2479 2483 ipsis
2506 2430 2796 2489 peccatum,
2828 2427 3058 2493 dimitte;
3093 2431 3138 2483 si
3175 2448 3275 2486 non
3303 2445 3499 2501 autem,
3527 2446 3574 2491 et
3602 2456 3680 2492 me
3703 2456 3804 2494 oc-

2216 2503 2333 2559 cide
2360 2522 2477 2559 cum
2508 2509 2636 2579 ipsis
2666 2512 2855 2584 (Exod.
2881 2517 2967 2572 52.
2995 2520 3084 2575 51.
3108 2521 3218 2592 52).
3243 2523 3388 2578 Talia
3414 2528 3552 2580 enim
3583 2540 3803 2584 sancto-

2217 2607 2333 2646 rum
2365 2596 2595 2665 viscera;
2623 2617 2741 2657 cum
2772 2605 2892 2663 ﬁliis
2914 2618 3141 2666 mortem
3163 2629 3319 2684 quam
3341 2617 3456 2671 sine
3482 2618 3610 2687 ipsis
3635 2620 3801 2674 vitam

2215 2682 2506 2744 dulciorem
2551 2707 2670 2748 esse
2717 2705 2918 2763 putant.
2968 2682 3196 2771 Adjiciet
3223 2721 3254 2759 a
3285 2682 3523 2776 tempore
3566 2713 3804 2779 patroci-

2215 2775 2381 2844 nium,
2407 2787 2461 2834 et
2483 2796 2692 2837 sacrum
2721 2787 2915 2855 pascha
2947 2803 3221 2862 proponet,
3253 2801 3803 2870 commemorabitque

2216 2877 2423 2941 tempus
2442 2915 2456 2938 ,
2488 2891 2593 2943 quo
2621 2878 2736 2934 orbi
2771 2889 3032 2938 terrarum
3068 2887 3160 2940 toti
3190 2886 3432 2945 Christus
3461 2901 3673 2962 peccata
3703 2909 3802 2949 re-

2213 2962 2388 3028 misit;
2433 2965 2713 3024 Dominum
2760 2971 2954 3029 imitari
3001 2975 3386 3046 exhortabitur,
3433 2991 3486 3037 et
3527 2984 3802 3051 parabolas

2211 3055 2351 3110 illius
2375 3057 2559 3113 decem
2599 3062 2820 3119 millium
2864 3067 3178 3124 talentorum
3211 3081 3264 3125 et
3291 3083 3499 3128 centum
3537 3076 3795 3131 denario-

2210 3161 2326 3199 rum
2357 3147 2528 3216 ipsum
2556 3155 2934 3209 commonehit.
2961 3157 3091 3212 Novi
3123 3161 3290 3228 patris
3325 3164 3487 3218 nostri
3521 3165 3802 3231 ﬁduciam,

2209 3253 2314 3291 non
2345 3239 2604 3297 dubitabit
2648 3244 2818 3314 ipsum
2860 3263 2956 3317 per
2985 3250 3119 3306 hanc
3162 3254 3556 3311 similitudinem
3587 3267 3803 3316 terrere

2207 3340 2261 3384 et
2288 3331 2466 3387 dicere
2491 3353 2504 3388 :
2529 3333 2660 3390 Vide
2687 3353 2754 3392 ne
2789 3338 2924 3395 forte
2961 3350 3015 3396 et
3057 3352 3108 3396 tu
3155 3346 3244 3399 illo
3273 3347 3358 3400 die
3387 3349 3607 3403 audias:
3633 3350 3800 3406 Serve

2207 3438 2447 3490 nequam,
2481 3443 2628 3480 omne
2651 3428 2869 3483 debitum
2913 3431 3044 3486 illud
3081 3435 3250 3489 dimisi
3279 3438 3399 3503 tibi,
3439 3441 3675 3504 quoniam
3698 3459 3798 3495 ro-

2204 3517 2336 3585 gasti
2358 3535 2465 3580 me;
2488 3520 2746 3589 oportebat
2769 3533 2816 3576 et
2839 3533 2886 3577 te
2910 3525 3162 3580 dimittere
3181 3531 3430 3583 conservis
3453 3533 3550 3585 tuis
3568 3530 3797 3599 (Matth.

2206 3606 2293 3660 18.
2325 3607 2412 3661 52.
2445 3609 2557 3681 55).
2590 3611 2704 3666 Tibi
2735 3614 2830 3682 ipsi
2856 3616 3022 3684 magis
3047 3632 3202 3686 quam
3234 3619 3303 3672 illi
3333 3621 3543 3688 prodes.
3576 3623 3627 3676 in
3657 3639 3798 3692 pau-

2203 3716 2385 3754 corum
2414 3702 2723 3759 dimissione
2757 3717 3094 3775 peccatorum
3121 3750 3136 3774 ,
3168 3712 3427 3780 majorum
3459 3715 3797 3771 oblivionem

2203 3793 2484 3861 recipiens.
2520 3795 2692 3850 Addet
2718 3799 2981 3865 prardictis
3010 3811 3062 3853 et
3088 3802 3382 3858 orationem
3412 3803 3553 3858 illam
3573 3845 3589 3870 ,
3625 3821 3792 3875 quam

2200 3883 2288 3950 qui
2319 3885 2484 3939 sacris
2511 3885 2680 3954 ipsum
2709 3888 2983 3944 initiavere
3010 3892 3278 3960 mysteriis
3296 3934 3310 3957 ,
3337 3903 3576 3948 orantem
3604 3895 3796 3952 dicere

2198 3975 2492 4032 docuerunt
2517 3997 2530 4032 :
2553 3977 2763 4034 Dimitte
2804 3983 2947 4036 nobis
2987 3983 3150 4038 debita
3189 3995 3394 4053 nostra,
3445 3988 3572 4041 sicut
3615 3999 3660 4042 et
3693 4007 3797 4044 nos

2199 4069 2495 4124 dimittimus
2523 4071 2827 4129 debitoribus
2853 4077 3036 4130 nostris
3071 4076 3279 4144 (Matth.
3318 4078 3370 4133 6.
3415 4079 3524 4146 12).
3558 4081 3638 4135 Ad
3666 4080 3798 4137 [nec

2197 4161 2428 4224 docebit.
2457 4178 2559 4218 non
2587 4179 2869 4221 commune
2891 4168 3118 4222 civitatis
3142 4167 3307 4224 fuisse
3334 4180 3608 4240 peccatum
3630 4213 3644 4236 ,
3683 4173 3795 4228 sed

2197 4255 2470 4311 hominum
2525 4259 2877 4328 quorumdam
2925 4271 3266 4316 externorum
3315 4273 3370 4317 et
3419 4263 3794 4328 advenarum,

2196 4349 2328 4405 nihil
2365 4365 2486 4404 cum
2526 4352 2731 4408 ratione
2772 4353 3111 4421 facientium,
3157 4355 3251 4410 sed
3295 4370 3417 4410 cum
3463 4355 3682 4410 audacia
3735 4367 3799 4412 et

2196 4443 2340 4498 omni
2380 4443 2620 4499 scelere:
2646 4460 2746 4499 nec
2786 4446 2986 4515 justum
3019 4461 3137 4501 esse
3165 4461 3262 4516 pro
3290 4462 3577 4516 paucorum
3610 4459 3799 4503 teme-

2195 4537 2350 4591 ritate
2376 4545 2572 4590 tantam
2603 4537 2758 4607 diripi
2785 4538 3076 4604 civitatem,
3108 4547 3162 4593 et
3185 4554 3298 4604 eos,
3321 4540 3409 4609 qui
3433 4539 3560 4594 nihil
3585 4540 3799 4609 injuste

2195 4627 2453 4694 fecerunt,
2473 4644 2656 4698 poenas
2671 4630 2839 4685 luere.
2863 4631 3108 4699 Alioquin
3126 4631 3223 4685 etsi
3242 4646 3425 4686 omnes
3444 4645 3796 4700 peccassent,

2192 4719 2377 4789 dignas
2407 4720 2677 4776 dedissent
2707 4736 2919 4790 ptenas,
2969 4731 3044 4775 tot
3083 4723 3269 4777 diebus
3297 4724 3483 4777 timore
3519 4737 3800 4777 consum-

2195 4811 2300 4879 pti,
2341 4820 2396 4865 et
2440 4826 2533 4881 per
2573 4811 2809 4881 singulos
2849 4812 3124 4866 meridies
3169 4821 3566 4882 exspectantes,
3601 4813 3751 4880 pulsi
3780 4856 3797 4877 ,

2191 4904 2497 4959 exsulantes
2516 4946 2529 4964 .
2559 4905 2664 4959 reis
2692 4905 3045 4960 miserabilius
3074 4905 3310 4960 viventes
3334 4948 3348 4971 ,
3381 4907 3696 4973 sanguinem
3735 4909 3799 4962 in

2191 4999 2435 5051 manibus
2459 5008 2723 5066 gestantes
2746 5040 2762 5064 ,
2811 5007 2864 5053 et
2907 4999 2974 5053 de
3017 4999 3121 5053 vita
3166 5015 3258 5053 sua
3288 5015 3390 5052 non
3421 4999 3795 5054 c0nﬁdeules.

2192 5090 2314 5143 "me
2354 5090 2447 5142 tibi
2494 5104 2646 5158 paula
2690 5089 2954 5144 sufﬁciat:
2983 5105 3048 5144 ne
3096 5089 3314 5144 ulterius
3356 5091 3428 5142 ira
3473 5089 3794 5159 procedas:

2190 5183 2368 5235 mitem
2417 5181 2506 5235 tibi
2553 5198 2840 5251 supernum
2883 5181 3123 5237 Iudicem
3170 5198 3263 5252 per
3305 5183 3690 5235 humanitatem
3736 5183 3798 5235 in

2187 5288 2480 5327 conservos
2507 5273 2707 5329 redde:
2733 5275 2902 5344 cogita
2928 5273 3074 5328 urbis
3096 5273 3534 5344 magnitudinem,
3553 5283 3604 5327 et
3627 5276 3796 5342 quod

2187 5380 2292 5417 non
2321 5365 2387 5418 de
2415 5380 2512 5418 una
2537 5405 2551 5428 ,
2598 5365 2683 5420 vel
2712 5365 2778 5420 de
2805 5366 3009 5420 duabus
3030 5407 3044 5428 ,
3088 5366 3172 5420 vel
3217 5365 3384 5419 tribus
3407 5407 3421 5428 ,
3467 5365 3549 5418 vel
3579 5364 3796 5419 decem

2187 5456 2461 5512 animabus
2492 5473 2633 5512 nunc
2663 5458 2814 5512 nobis
2841 5466 2923 5512 est
2950 5457 3342 5524 consideratio,
3385 5456 3476 5511 sed
3505 5456 3571 5512 tle
3600 5455 3795 5511 milli-

2186 5551 2285 5604 bus
2309 5559 2363 5604 et
2389 5551 2627 5616 inﬁnitis,
2651 5551 2718 5605 de
2744 5552 2902 5605 totius
2927 5551 3070 5605 orbis
3091 5550 3282 5619 capite.
3307 5548 3430 5604 H:ec
3452 5557 3532 5601 est
3553 5549 3792 5614 civitas,

2187 5644 2237 5697 in
2262 5658 2363 5713 qua
2391 5643 2615 5712 primum
2639 5643 2886 5712 appellati
2908 5641 3223 5696 Christiani:
3245 5641 3442 5694 honora
3465 5635 3790 5706 Christum,

2186 5749 2428 5791 reverere
2457 5747 2572 5789 eam
2595 5774 2609 5798 ,
2641 5749 2756 5804 qua)
2798 5735 2963 5804 prima
2996 5748 3187 5788 nomen
3219 5731 3319 5788 hoc
3346 5731 3587 5786 omnibus
3613 5729 3786 5785 desi-
