4074 6218
387 273 454 328 49
1165 271 1220 325 S.
1260 269 1544 324 JOANNIS
1583 271 2080 327 CHRYSOSTOMI
2119 271 2440 328 ARCHIEP.
2483 271 3031 328 CONSTANTINOP.
3721 283 3792 337 tn

383 385 590 441 στιανοί
611 404 622 416 ·
644 386 873 456 τίμησον
884 385 972 438 τὸν
995 385 1248 458 Χριστὸν,
1266 385 1544 455 αἱδέσθητι
1567 386 1664 456 τὴν
1679 384 1794 459 [‘57]
1819 385 2039 458 πρώτην

379 467 797 540 ἀνακηρύξασαν
813 467 873 520 τὸ
902 467 1146 522 ποθεινὸν
1174 468 1330 522 τοῦτο
1353 469 1446 522 καὶ
1467 469 1638 537 γλυκὺ
1659 471 1824 522 πᾶσιν
1846 469 2037 539 δνομα³

377 551 690 606 ἀποστόλων
726 551 906 622 ἐκείνη
943 551 1130 619 γέγονε
1169 551 1531 619 καταγώγιον,
1571 551 1794 606 δικαίων
1838 550 2036 604 ἐνδιαί-

377 651 546 704 τημα.
585 633 698 686 Νῦν
741 632 897 687 τοῦτο
929 633 1142 705 πρῶτον
1173 633 1266 686 καὶ
1298 633 1455 702 μόνον
1478 633 1537 686 τὸ
1569 633 1826 704 τόλμημα
1851 632 2041 702 γέγονε

378 721 458 781 είς
487 719 612 782 τοὺς
637 717 993 790 κρατοῦντας,
1027 718 1119 772 καὶ
1151 721 1415 790 μαρτυρεῖ
1451 718 1526 788 τῷ
1567 719 1666 786 τῆς
1693 718 1900 781 πόλεως
1923 717 2041 788 ἤθει

379 804 487 864 πᾶς
523 803 550 855 6
582 800 865 872 παρελθὼν
909 801 1116 870 χρόνος.
1151 801 1213 852 El
1253 800 1350 870 μὲν
1381 800 1486 872 γὰρ
1515 800 1751 869 συνεχῶς
1789 799 2039 851 ἐστασία-

379 888 490 950 ζον,
521 885 626 938 ἔδει
667 885 1096 951 καταγινώσκειν
1127 884 1225 952 τῆς
1257 881 1520 952 πονηρίας
1540 900 1554 913 ·
1589 885 1636 934 εἰ
1666 883 1720 934 δέ
1765 881 1911 946 ἅπαξ
1947 881 2039 934 τοῦ

378 969 580 1030 παντὸς
609 965 766 1019 τοῦτο
788 965 983 1034 συνέϐη
1014 965 1226 1036 χρόνου,
1267 963 1488 1033 εὔδηλον
1510 967 1590 1016 ὅτι
1619 965 1678 1016 ού
1705 963 1797 1016 τοῦ
1827 965 1924 1033 τῆς
1948 964 2042 1016 πό-

377 1051 510 1113 λεως
532 1049 694 1119 ήθους
711 1048 772 1101 τὸ
797 1047 1117 1118 ἁμάρτημα,
1137 1046 1271 1100 ἀλλὰ
1295 1046 1403 1098 τῶν
1420 1045 1606 1110 ἅπλῶς
1621 1047 1714 1099 καὶ
1737 1048 1856 1118 είκῆ
1883 1064 2041 1117 προσ-

379 1134 694 1204 φθαρέντων
721 1133 856 1202 αύτῇ
889 1133 950 1184 τὸ
989 1131 1358 1202 παρανόμημα
1383 1129 1572 1198 γέγονε
1595 1129 1772 1184 τοῦτο.

449 1218 634 1272 Ταῦτα
660 1219 688 1270 6
711 1217 889 1286 ἱερεὺς
927 1217 1060 1287 ἐρεῖ,
1091 1215 1184 1267 καὶ
1216 1214 1436 1267 πλείονα
1459 1213 1663 1266 τούτων
1689 1213 1824 1283 μετά
1857 1213 2037 1266 πλείο-

377 1318 466 1364 νος
495 1300 596 1370 τῆς
621 1299 930 1370 παρρησίας
951 1314 962 1326 ·
993 1297 1161 1350 ταῦτα
1190 1299 1218 1350 6
1247 1295 1498 1366 βασιλεὺς
1519 1295 1828 1349 ἀκούσεται·
1855 1299 2040 1350 κάκεῖ-

376 1403 465 1450 νος
488 1385 882 1457 φιλάνθρωπος,
909 1383 1002 1436 καὶ
1035 1374 1187 1444 οὗτος
1217 1382 1470 1446 πιστὸςι,
1495 1381 1634 1434 ὥστε
1655 1381 2039 1450 ἀμφοτέρωθεν

375 1469 618 1542 χρηστὰς
663 1469 856 1540 ἔχομεν
905 1465 1003 1530 τὰς
1039 1465 1279 1529 ἐλπίδας.
1327 1465 1541 1518 Μᾶλλον
1573 1464 1630 1516 δέ
1681 1465 1774 1517 καὶ
1807 1465 1912 1534 πρό
1940 1463 2039 1532 τῆς

375 1554 604 1616 πίστεως
631 1552 724 1606 τοῦ
756 1549 1098 1614 διδασκάλου,
1126 1550 1219 1602 καὶ
1251 1548 1354 1618 πρὸ
1379 1547 1476 1616 τῆς
1511 1547 1916 1616 φιλανθρωπίας
1945 1545 2038 1598 τοῦ

379 1636 660 1706 βασιλέως,
689 1634 766 1704 τῷ
798 1633 936 1687 ἐλέει
967 1631 1274 1704 θαρροῦμεν
1313 1627 1404 1684 τοῦ
1439 1629 1604 1682 Θεοῖν
1641 1629 1736 1680 καὶ
1771 1628 1878 1700 γὰρ
1927 1627 2038 1680 ίκε-

376 1719 663 1789 τευομένου
686 1717 779 1770 τοῦ
804 1715 1086 1787 βασιλέως,
1115 1715 1208 1769 καὶ
1232 1713 1562 1775 ἱκετεύοντος
1585 1709 1678 1764 τοῦ
1705 1711 1915 1781 ἱερέως,
1943 1712 2040 1762 αύ-

377 1803 464 1866 τδς
495 1801 904 1872 παραστήσεται
951 1798 1132 1868 μέσος,
1176 1795 1268 1849 τοῦ
1315 1795 1576 1865 βασιλέως
1627 1793 1913 1862 μαλάσσων
1941 1791 2038 1862 τὴν

375 1886 623 1958 καρδίαν,
668 1886 761 1940 τοῦ
811 1883 1000 1954 ἱερέως
1044 1881 1323 1952 διεγείρων
1370 1881 1468 1950 τὴν
1511 1877 1783 1946 γλῶσσαν,
1843 1876 2038 1930 εύοδῶν

373 1969 564 2024 τούτου
597 1968 668 2022 τὰ
699 1969 937 2039 ῥήματα,
978 1963 1412 2037 παρασκευάζων
1445 1963 1654 2015 ἐκείνου
1680 1961 1778 2032 τὴν
1805 1959 2040 2013 διάνοιαν

374 2052 732 2117 ὑποδέξασθαι
761 2051 832 2104 τὰ
862 2049 1148 2120 λεγόμενα,
1173 2049 1262 2101 καὶ
1293 2047 1429 2117 μετὰ
1455 2045 1652 2114 πολλῆς
1677 2045 1776 2113 τῆς
1797 2042 2040 2112 συγγνώ-

377 2155 482 2210 μης
504 2136 784 2192 ἐπινεῦσαι
805 2137 926 2198 ταῖς
957 2135 1192 2203 δεήσεσι.
1229 2132 1340 2186 Καὶ
1371 2129 1480 2200 γὰρ
1500 2129 1577 2199 τῷ
1607 2127 1828 2210 Χριστῴ
1860 2127 2040 2180 ποθει-

373 2223 566 2293 νοτέρα
599 2219 785 2272 πασῶν
817 2221 850 2288 ή
879 2217 1033 2280 πόλις
1055 2219 1088 2286 ή
1121 2214 1382 2286 ἡμετέρα,
1410 2212 1504 2266 καὶ
1530 2210 1618 2264 διά
1642 2211 1739 2293 τὴν
1761 2209 1870 2293 τῶν
1903 2227 2037 2280 προ-

373 2291 544 2370 γόνων
574 2302 668 2355 καὶ
700 2299 788 2353 διὰ
821 2299 920 2369 τὴν
957 2296 1108 2368 ὑμῶν
1135 2296 1313 2350 αὐτῶν
1342 2294 1561 2364 ἀρετήν.
1597 2292 1706 2344 Καὶ
1735 2291 1984 2362 καθάπερ
2011 2294 2040 2344 6

375 2383 578 2454 Πέτρος
601 2384 657 2434 ἐν
684 2383 798 2442 τοῖς
822 2379 1139 2442 ἀποστόλοις
1169 2376 1384 2448 πρῶτος
1413 2375 1510 2445 ἐκή
1521 2373 1646 2445 ρυξε
1666 2372 2035 2454 τὸνηΧριστόν·

371 2451 542 2528 οῦτως
569 2465 624 2518 ἐν
649 2465 768 2526 ταῖς
791 2460 999 2524 πόλεσι,
1029 2459 1282 2528 καθάπερ
1311 2455 1480 2526 ἔφθην
1502 2454 1690 2517 εἰπὼν,
1719 2453 1857 2522 αῦτη
1891 2451 2038 2523 πρώ-

371 2567 460 2619 τη,
494 2547 682 2616 ὥσπερ
710 2543 966 2612 στέφανόν
993 2559 1115 2595 τινα
1155 2539 1486 2609 θαυμαστὸν,
1517 2539 1613 2608 τὴν
1645 2535 1751 2588 τῶν
1779 2537 2038 2619 Χριστια-

374 2615 478 2684 νῶν
536 2615 828 2696 ἀνεδήσατο
856 2623 1248 2694 προσηγορίαν.
1303 2621 1363 2672 Εἰ
1402 2619 1458 2671 δὲ
1502 2617 1628 2670 ἔνθα
1665 2617 1860 2668 δίκαιοι
1907 2615 2037 2668 δέκα

377 2711 536 2781 μόνον
566 2703 724 2778 ἦσαν,
751 2705 1014 2773 ὑπέσχετο
1045 2705 1072 2756 6
1107 2701 1238 2764 Θεὸς
1273 2699 1465 2765 σώζειν
1508 2700 1633 2760 τοὺς
1694 2697 2036 2760 ἐνοικοῦντας

373 2779 645 2854 ἅπαντας·
683 2787 808 2840 ἔνθα
851 2788 910 2839 οὐ
944 2785 1074 2839 δέκα
1117 2785 1211 2839 καὶ
1251 2785 1471 2846 εἴκοσιν,
1505 2782 1626 2835 ούδέ
1677 2779 1758 2844 δὶς
1796 2779 2034 2832 τοσοῦτοι

377 2877 556 2945 μόνον,
575 2871 708 2926 ἀλλά
731 2868 908 2939 πολλῷ
937 2868 1152 2930 πλείους
1179 2869 1228 2920 οί
1249 2867 1338 2920 τὸν
1361 2866 1492 2919 Θεόν
1515 2867 1620 2918 είσι
1647 2862 2036 2934 θεραπεύοντες

377 2957 514 3030 μετά
555 2953 838 3026 ἀκριϐείας
880 2953 1118 3022 ἀπάσης,
1160 2949 1276 3014 πῶς
1305 2950 1366 3002 ού
1397 2949 1501 3021 χρὴ
1530 2949 1598 3002 76
1631 2947 2038 3030 19713767779706-

371 3029 554 3112 δοκᾷν,
572 3037 665 3092 καὶ
684 3037 903 3107 θαρρεῖν
926 3035 1064 3104 ὑπὲρ
1084 3033 1182 3104 τῆς
1208 3033 1391 3102 κοινῆς
1413 3034 1445 3104 ή
1454 3032 1567 3102 μῶν
1585 3031 1838 3084 ἁπάντων
1856 3029 1998 3099 ζωῆς
2017 3045 2030 3094 ;

375 3126 620 3177 Ἤκουσα
645 3119 909 3188 λεγόντων
939 3117 1167 3183 πολλῶν,
1194 3118 1274 3170 ὅτι
1291 3116 1521 3184 Ἀπειλτῖι
1539 3113 1841 3180 ,βασιλέως
1863 3113 2035 3181 ὁμοιά

372 3205 536 3276 θυμῷ
576 3202 858 3267 λέοντος,
895 3201 986 3254 καὶ
1027 3200 1470 3254 καταπιπτόντων
1521 3201 1614 3253 καὶ
1659 3197 2029 3268 ὀδυνωμένων.

373 3289 438 3341 Τί
468 3283 560 3342 οὖν
587 3287 652 3342 ἂν
679 3286 928 3354 εἴποιμεν
960 3283 1095 3354 πρὸς
1126 3284 1394 3348 ἐκείνους;
1429 3284 1550 3334 Ὅτι
1577 3283 1605 3335 6
1637 3281 1828 3344 είπὼν,
1851 3280 2033 3334 Λύκοι

371 3373 470 3426 καί
499 3371 678 3440 ἄρνες
705 3369 826 3440 ἅμα
857 3366 1373 3434 βοσκηθιξσοιιται,
1406 3365 1502 3418 καὶ
1550 3364 1842 3434 πάρδαλις
1884 3375 2033 3416 συν-

371 3457 780 3510 αναπαύσεται
794 3452 994 3520 ἐρίφῳ,
1017 3449 1114 3504 καὶ
1133 3448 1289 3502 λέων
1300 3447 1541 3514 ώςβοῦς
1557 3447 1800 3516 φάγεται
1817 3445 2028 3514 ἄχυρα,

370 3539 652 3608 δυνήσεται
680 3536 774 3588 καὶ
807 3535 894 3587 τὸν
919 3533 1110 3586 λέοντα
1131 3530 1317 3584 τοῦτον
1350 3529 1572 3600 ποιῆσαι
1595 3529 1863 3601 πρόϐατον
1889 3528 2030 3597 ἥμε-

373 3635 484 3692 ρον.
525 3616 936 3688 Παρακαλῶμεν
963 3615 1142 3668 τοίνυν
1167 3613 1352 3674 αὐτὸν,
1387 3613 1481 3667 καὶ
1511 3609 2030 3692 διαπρεσϐευώμεθα

372 3691 504 3774 πρὸς
529 3699 710 3764 αὐτὸν,
739 3699 832 3752 καὶ
861 3696 1180 3750 καταστελεῖ
1206 3697 1421 3759 πάντως
1445 3695 1534 3748 τὸν
1567 3693 1734 3764 θυμὸν
1763 3691 1856 3747 τοῦ
1881 3693 2032 3762 βασι-

369 3785 536 3848 λέως,
581 3783 676 3836 καὶ
721 3782 818 3851 τῆς
865 3779 1214 3850 ἐπικειμένης
1265 3781 1411 3850 ἡμᾶς
1459 3779 1697 3848 ἀγωνίας
1733 3774 2030 3839 ἀπαλλάξει

371 3866 569 3936 πάσης.
587 3863 648 3916 ’0
683 3863 864 3930 πατὴρ
887 3863 1001 3913 ἐκεῖ
1033 3861 1414 3932 πρεσϐεύεται,
1440 3860 1599 3929 ἡμεῖς
1625 3859 1872 3914 ἐντεῦθεν
1901 3875 2030 3929 πρε-

373 3944 726 4015 σϐευσώμεθα
750 3943 884 4012 πρὸς
909 3943 998 3994 τὸν
1015 3943 1121 3994 τῶν
1137 3943 1382 4013 οὐρανῶν
1405 3942 1647 4012 βασιλέα,
1679 3941 2030 4012 βοηθήσωμεν

369 4028 516 4100 αύτῷ
541 4029 660 4090 ταῖς
685 4027 888 4096 εὐχαῖς.
921 4024 1078 4092 Μέγα
1099 4023 1160 4077 τὸ
1187 4025 1363 4078 κοινὸν
1390 4027 1488 4096 τῆς
1525 4024 1846 4094 Ἐκκλησίας
1874 4023 2030 4076 δύνα-

371 4130 480 4174 ται,
506 4111 572 4165 ἃν
597 4107 712 4180 μετ’
739 4105 1079 4178 ὸδυνωμένης
1101 4105 1297 4178 ψυχῆς.
1314 4107 1379 4160 ἂν
1405 4107 1540 4176 μετά
1567 4107 2029 4177 συντετριμμένης

371 4191 593 4266 καρδίας
621 4190 721 4254 τὰς
743 4187 905 4259 εὐχάς
930 4189 1328 4258 ἀνενέγκωμεν.
1362 4189 1476 4242 Οὐκ
1504 4187 1618 4240 ἐστι
1649 4187 1898 4255 διαϐῆναι
1933 4187 2030 4239 πέ-

369 4278 553 4344 λαγος,
575 4273 673 4327 οὐκ
702 4271 817 4324 ἐστι
854 4271 1065 4341 μακράν
1093 4271 1400 4340 ἀποδημίαν
1426 4267 1766 4324 στείλασθαι*
1801 4269 2030 4330 ἕκαστος

371 4359 461 4409 καὶ
505 4355 729 4423 ἑκάστη,
755 4353 848 4405 καὶ
877 4353 957 4415 είς
997 4353 1320 4422 Ἐκκλησίαν
1353 4351 1722 4415 ἀπαντῶντες,
1757 4351 1849 4404 καὶ
1891 4349 2027 4403 οἴκοι

371 4441 646 4511 μένοντες,
677 4435 928 4505 καλῶμεν
965 4435 1102 4506 μετά
1127 4435 1324 4507 πολλῆς
1356 4436 1592 4506 σπουδῆς
1619 4435 1709 4486 τὸν
1751 4433 1903 4498 Θεὸν,
1933 4433 2028 4486 καὶ

369 4523 584 4585 πάντως
607 4517 876 4572 ἐπινεύσει
905 4521 1024 4582 ταῖς
1057 4517 1290 4590 δεήσεσι.

439 4603 609 4658 Πόθεν
646 4599 804 4654 τοῦτο
849 4599 1038 4668 δῆλον;
1073 4601 1193 4654 Ὅτι
1243 4599 1447 4670 σφόδρα
1479 4595 1723 4667 βούλεται
1753 4597 1898 4668 ἡμᾶς
1940 4597 2025 4649 ἀεὶ

368 4689 504 4762 πρὸς
540 4685 700 4740 αὐτὸν
731 4683 1116 4752 καταφεύγειν,
1157 4683 1251 4736 καὶ
1294 4684 1350 4736 ἐν
1383 4681 1582 4735 ἅπασιν
1611 4681 1772 4734 αὑτοῦ
1799 4679 2020 4742 δεῖσθαι,

367 4761 460 4826 καὶ
489 4769 649 4842 μηδὲν
686 4768 853 4840 χωρὶς
889 4765 1052 4820 αὑτοῦ
1084 4765 1312 4836 ποιεῖνῆ
1343 4765 1542 4832 λέγειν.
1572 4763 1877 4834 Ἄνθρωποι
1909 4761 2023 4834 [58]

368 4856 466 4925 μὲν
489 4853 618 4926 γὰρ,
645 4853 770 4906 ὅταν
793 4849 1028 4921 συνεχῶς
1057 4849 1254 4910 αὐτοὺς
1273 4847 1576 4918 ἐνοχλῶμεν
1596 4847 1734 4916 ὑπὲρ
1760 4845 1867 4898 τῶν
1893 4847 2026 4914 ήμε-

363 4939 536 5009 τέρων
551 4937 581 4978 δ
604 4937 962 5008 πραγμάτων,
986 4931 1227 5004 ναρκῶσι
1253 4931 1345 4983 καὶ
1365 4929 1700 4992 ἀναδύονται,
1733 4929 1826 4981 καὶ
1848 4927 2025 4996 ἀηδῶς

365 5021 500 5090 πρὸς
522 5021 666 5090 ἡμᾶς
692 5017 902 5088 ἔχουσιν
919 5034 931 5046 ·
965 5017 993 5069 6
1020 5015 1076 5068 δέ
1101 5014 1233 5076 Θεὸς
1254 5012 1558 5066 τούναντίον
1586 5013 1750 5072 ἆπαν,
1774 5011 1870 5080 οὐχ
1897 5011 2024 5063 ὅταν

364 5098 511 5168 αύτῷ
536 5102 771 5170 συνεχῶς
798 5097 1212 5169 ἐντυγχάνωμεν
1241 5095 1379 5166 ὑπὲρ
1402 5093 1510 5146 τῶν
1539 5093 1821 5164 ἡμετέρων
1885 5109 2024 5162 πρα-

363 5181 607 5250 γμάτων,
635 5183 746 5234 ἀλλ’
769 5185 895 5238 ὅταν
921 5181 995 5253 μὴ
1011 5179 1164 5234 τοῦτο
1189 5179 1449 5247 ποιῶμεν,
1472 5175 1590 5228 τότε
1610 5174 1841 5245 μάλιστα
1857 5175 2024 5242 άγαν-

365 5267 538 5317 ακτεῖ.
567 5266 828 5319 ’Δκουσον
847 5267 977 5334 γοῦν
1001 5265 1054 5320 τί
1109 5267 1221 5326 τοῖς
1262 5261 1534 5324 Ἰουδαίοις
1552 5259 1794 5329 ἐγκαλεῖ,
1825 5259 2014 5328 λέγων⁸

373 5345 722 5411 Ἐποιήσατε
743 5347 1004 5414 βουλὴν,
1035 5347 1132 5400 καί
1167 5347 1240 5400 οὐ
1264 5344 1336 5398 δι’
1359 5343 1527 5412 ἐμοῦ,
1563 5343 1662 5396 καί
1689 5340 2016 5407 συνθήκας,

361 5429 458 5484 καί
487 5429 559 5481 οὐ
581 5427 679 5482 διὰ
713 5425 818 5480 τοῦ
859 5427 1200 5495 Πνεύματός
1222 5445 1361 5496 μου.
1399 5423 1620 5479 Τοιοῦτο
1653 5423 1761 5494 γὰρ
1793 5421 1900 5476 τῶν
1926 5439 2011 5490 φι-

361 5511 592 5566 λούντων
617 5509 678 5562 τὸ
715 5507 834 5570 ἔθος
853 5525 867 5538 ·
901 5507 1075 5566 πάντα
1107 5508 1176 5561 τά
1205 5511 1310 5562 τῶν
1346 5508 1679 5579 φιλουμένων
1719 5505 2019 5576 πράγματα

361 5596 424 5650 δι’
457 5593 635 5647 αὐτῶν
675 5590 932 5645 ἀνύεσθαι
969 5589 1260 5660 βούλονται,
1304 5593 1398 5644 καὶ
1434 5591 1600 5662 μηδὲν
1643 5590 1810 5660 χωρὶς
1841 5588 2017 5641 αὐτῶν

360 5677 596 5740 ἐκείνους
628 5676 660 5748 ἢ
691 5678 884 5738 ποιεῖν,
911 5675 944 5745 ἢ
971 5673 1210 5741 λέγεινσ.
1247 5673 1345 5726 Διά
1371 5673 1525 5727 τοῦτο
1547 5675 1637 5726 καὶ
1671 5675 1698 5726 6
1735 5672 1885 5738 Θεὸς,
1919 5673 2016 5725 οὐκ

421 5818 448 5848 ⁸
477 5817 583 5865 Duo
600 5830 716 5865 mss.
741 5815 820 5862 καὶ
845 5814 980 5870 οὗτος
997 5811 1214 5875 χρηστός.

418 5875 447 5916 Β
469 5875 566 5925 Alii
587 5878 694 5940 περὶ
715 5879 807 5924 τῶν
829 5875 1066 5938 ἡμετέρων
1092 5888 1166 5936 πρ.

2146 385 2380 441 ἐνταῦθα
2409 388 2587 457 μόνον,
2635 387 2770 441 ἀλλά
2793 389 2888 440 καὶ
2917 385 3149 456 ἀλλαχοῦ
3179 385 3312 439 αὐτὸ
3337 387 3494 440 τοῦτο
3527 387 3686 442 πάλιν
3713 385 3802 454 ἐγ-

2147 471 2328 526 καλῶν
2351 471 2532 538 ἔλεγεν
2548 490 2561 504 ο
2603 472 3064 533 Ἐὅασίλευσαν,
3089 470 3189 524 καί
3215 472 3286 524 οὐ
3307 470 3381 523 δι’
3405 463 3570 538 ἐμοῦ⁶
3591 465 3800 538 ἦρξαν,

2145 553 2246 606 καὶ
2274 555 2384 608 οὐκ
2423 553 2758 624 ὲγνώρισάν
2783 570 2903 622 μοι.
2953 553 3044 623 Μὴ
3073 553 3253 606 τοίνυν
3286 551 3531 622 ὀκνῶμεν
3567 553 3802 622 συνεχῶς

2145 636 2280 708 πρὸς
2311 636 2471 688 αὑτὸν
2497 636 2883 704 καταφεύγειν,
2916 637 3010 688 καὶ
3034 636 3170 706 ὅπερ
3219 633 3284 688 ἂν
3377 634 3568 696 δεινὸν,
3593 635 3803 699 πάντως

2143 719 2368 790 λήψεται
2410 719 2508 789 τὴν
2537 719 2916 790 προσήκουσαν
2952 719 3122 771 λύσιν.
3167 717 3461 788 Ἐφόσησεν
3491 717 3801 788 ἀνθρωπος;

2141 803 2314 872 δράμε
2343 802 2480 872 πρὸς
2511 803 2601 854 τὸν
2631 802 2742 856 ἄνω
2770 801 3066 872 Δεσπότην,
3099 801 3194 855 καὶ
3225 801 3374 853 οὐδὲν
3415 799 3576 872 πείσῃ
3616 801 3800 854 δεινόν.

2143 884 2327 948 Οῦτως
2373 886 2424 937 οἱ
2459 884 2677 938 παλαιοὶ
2715 883 2813 948 τὰς
2862 885 3146 956 συμφοράς
3171 883 3342 948 ἔλυον,
3377 884 3476 937 οὐκ
3521 883 3712 955 ἄνδρες
3753 884 3803 938 δέ

2145 969 2323 1038 μόνον,
2359 967 2496 1021 ἀλλὰ
2535 967 2628 1021 καὶ
2668 970 2939 1035 γυναῖκες.
2959 967 3204 1036 Ἐγένετό
3250 985 3334 1029 τις
3379 966 3604 1038 Ἐσραία
3647 969 3801 1036 γυνὴ,

2155 1049 2351 1120 Ἐσθὴρ
2393 1045 2462 1120 ἦν
2501 1049 2563 1102 τὸ
2591 1051 2760 1120 δνομα
2803 1051 3008 1120 αὐτῆςο
3048 1050 3187 1120 αῦτη
3231 1051 3264 1120 ή
3317 1048 3508 1121 Ἐσθὴρ
3545 1050 3662 1102 ὅλον
3701 1049 3804 1104 τῶν

2155 1133 2422 1186 Ἰουδαίων
2442 1133 2530 1186 τὸν
2548 1133 2718 1204 δῆμον
2747 1133 3087 1206 πανωλεθρίᾳ
3107 1134 3492 1204 παραδίδοσθαι
3523 1135 3802 1204 μέλλοντα,

2141 1217 2315 1286 τούτῳ
2337 1218 2414 1288 τῷ
2435 1217 2656 1289 τρόπῳίι
2683 1219 3008 1288 ἐξήρπασεν.
3037 1217 3251 1288 Ἐπειδὴ
3277 1217 3384 1288 γὰρ
3404 1219 3432 1270 6
3453 1217 3560 1270 τῶν
3583 1217 3803 1286 Περσῶν

2145 1301 2395 1370 βασιλεὺς
2427 1301 2634 1362 πάντας
2657 1299 2824 1370 ἄρδην
2855 1300 3190 1371 ἀναιρεῖσθαι
3211 1301 3337 1363 τοὺς
3379 1300 3664 1364 Ἰουδαίους
3685 1300 3806 1352 ἐκέ-

2141 1385 2320 1448 λευσε,
2353 1384 2447 1438 καὶ
2479 1384 2649 1446 οὐδεὶς
2683 1379 2750 1454 ῆν
2787 1385 2816 1436 6
2843 1383 2975 1456 7:96;
3015 1383 3112 1453 τὴν
3143 1383 3312 1455 ὀργὴν
3357 1383 3569 1454 ἐκείνην
3614 1385 3804 1453 στῆναι

2147 1467 2458 1538 δυνάμενος,
2481 1466 2863 1535 ἀποδυσαμένη
2887 1465 2982 1535 τὴν
3004 1467 3358 1538 φαιδροτέραν
3383 1465 3618 1538 στολῆνὴ
3642 1467 3800 1536 γυνὴ,

2143 1550 2236 1602 καὶ
2255 1549 2452 1602 σάκκον
2495 1547 2923 1618 περιϐαλλομένη
2947 1559 2992 1612 ε,
3031 1549 3124 1600 καὶ
3153 1548 3343 1602 σποδὸν
3380 1549 3806 1619 ὑποστρωσαμέ-

2143 1649 2228 1702 νη,
2265 1633 2562 1704 παρεκάλει
2593 1632 2684 1686 τὸν
2709 1629 3086 1700 φιλάνθρωπον
3111 1630 3242 1682 Θεὸν
3273 1631 3630 1683 συνεισελθεῖν
3663 1633 3801 1701 αὐτῇ

2145 1715 2279 1785 πρὸς
2310 1715 2398 1768 τὸν
2428 1714 2672 1785 βασιλέα,
2699 1713 2792 1766 καὶ
2825 1711 3048 1766 τοιαῦτα
3099 1713 3504 1784 προσευχομένη
3537 1713 3674 1784 πρὸς
3709 1713 3806 1765 αὺ-

2141 1797 2230 1849 τὸν
2257 1797 2474 1867 ῥήματα
2499 1797 2648 1864 ἔλεγε
2669 1813 2682 1825 ·
2713 1797 3075 1864 Χαρίτωσον,
3103 1797 3296 1862 Κύριε,
3323 1797 3395 1847 τὰ
3407 1794 3644 1862 ῥήματὰ
3661 1813 3801 1863 μου,

2140 1878 2245 1944 δός
2283 1879 2470 1947 ,λόγον
2513 1880 2812 1947 εὔρυθμον
2851 1881 2940 1942 εις
2980 1877 3047 1930 τὸ
3089 1879 3282 1945 στόμα
3312 1895 3448 1945 μου.
3483 1877 3668 1930 Ταῦτα
3710 1876 3806 1931 καὶ

2141 1963 2267 2029 περὶ
2315 1963 2408 2015 τοῦ
2440 1963 2756 2016 διδασκάλου
2788 1960 3191 2031 παρακαλῶμεν
3227 1959 3320 2013 νῦν
3347 1960 3507 2029 ἡμεῖς
3533 1959 3624 2012 τὸν
3647 1959 3801 2014 Θεόν.

2141 2044 2204 2097 EE
2235 2045 2342 2116 γάρ
2375 2046 2510 2118 γυνὴ
2543 2047 2682 2116 ὑπὲρ
2717 2045 2984 2098 Ἰουδαίων
3026 2042 3442 2113 παρακαλοῦσα,
3473 2041 3806 2112 βαρϐαρικὸν

2141 2127 2326 2196 ἴσχυσε
2347 2127 2696 2181 καταστεῖλαι
2727 2127 2918 2196 θυμὸν,
2951 2125 3129 2196 πολλῷ
3155 2124 3354 2194 μᾶλλον
3379 2125 3407 2174 6
3431 2123 3748 2186 διδάσκαλος
3777 2127 3806 2176 6

2140 2207 2404 2278 ἡμέτερος
2425 2211 2562 2282 ὑπὲρ
2585 2209 2839 2278 τοιαύτης
2859 2207 3067 2270 πόλεως
3115 2207 3209 2258 καὶ
3234 2205 3372 2277 μετά
3391 2204 3658 2274 τοσαύτης
3685 2205 3810 2257 Ἐκ-

2139 2289 2366 2360 κλησίας
2389 2291 2671 2361 δεόμενος,
2701 2291 2792 2344 τὸν
2821 2290 3118 2362 πραότατον
3149 2289 3242 2342 καὶ
3269 2287 3617 2358 ἡμερώτατον
3651 2285 3805 2356 βασι-

2138 2369 2234 2424 λέα
2263 2371 2448 2426 τοῦτον
2471 2377 2654 2426 πεῖσαι
2681 2373 2990 2441 δυνήσεται.
3019 2373 3082 2425 Εἰ
3108 2371 3215 2440 γάρ
3240 2371 3339 2433 τὰς
3359 2371 3439 2433 είς
3466 2369 3596 2422 Θεὸν
3621 2371 3807 2441 ἀμαρ-

2137 2455 2259 2518 τίας
2285 2455 2431 2510 λύειν
2469 2457 2658 2509 ἐλαϐεν
2688 2455 2957 2520 ἐξουσίαν,
3003 2454 3182 2524 πολλῷ
3221 2453 3418 2524 μᾶλλον
3454 2452 3552 2515 τὰς
3583 2453 3662 2516 είς
3705 2455 3806 2506 ἄν-

2140 2537 2353 2608 θρωπον
2383 2539 2680 2608 γενομένας
2707 2539 2918 2592 ἀνελεῖν
2942 2539 3036 2592 καὶ
3059 2536 3316 2605 ἀφανίσαι
3342 2536 3651 2603 δυνήσεται.
3677 2537 3808 2604 Ἀρ-

2137 2638 2246 2690 χων
2266 2621 2380 2673 ἐστὶ
2409 2622 2500 2674 καὶ
2523 2613 2674 2682 οὗτος
2699 2620 2744 2682 ί,
2774 2623 2868 2674 καὶ
2893 2621 3074 2691 ἄρχων
3103 2619 3308 2671 ἐκείνου
3335 2616 3673 2687 σεμνότερος.
3693 2618 3809 2670 Καὶ

2138 2703 2246 2772 γὰρ
2278 2703 2446 2773 αὐτὴν
2491 2703 2588 2774 τὴν
2630 2703 2910 2772 βασιλικὴν
2951 2701 3193 2773 κεφαλὴν
3227 2701 3275 2752 οί
3323 2701 3456 2768 ἱεροὶ
3487 2700 3642 2770 νόμοι
3680 2704 3810 2764 ταῖς

2137 2785 2324 2838 τούτου
2360 2787 2615 2855 φέροντες
2645 2787 2831 2857 χερσὶν
2859 2784 3131 2849 ὑπέταξαν
3149 2801 3162 2813 ·
3190 2785 3282 2837 καὶ
3311 2783 3438 2835 ὅταν
3486 2799 3539 2834 τι
3579 2783 3685 2836 δέοι
3709 2802 3806 2852 γε·

2137 2867 2322 2920 νέσθαι
2351 2869 2586 2940 χρηστὸν
2618 2869 2845 2930 ἄνωθεν,
2881 2871 2910 2921 6
2935 2867 3184 2937 βασιλεὺς
3219 2867 3354 2936 πρὸς
3377 2867 3467 2918 τὸν
3499 2867 3668 2936 ἱερέα,
3699 2869 3806 2938 οὐχ

2137 2952 2165 3003 6
2190 2954 2366 3023 ἱερεὺς
2389 2953 2523 3024 πρὸς
2547 2953 2640 3006 τὸν
2670 2953 2892 3020 βασιλέα
2917 2952 3280 3020 καταφεύγειν
3307 2950 3515 3006 εἴωθεν.
3538 2952 3807 3020 Ἔχεικαὶ⁵

2137 3029 2290 3100 οὗτος
2315 3037 2536 3107 θώρακα
2564 3037 2654 3090 τὸν
2684 3039 2782 3108 τῆς
2817 3036 3181 3106 δικαιοσύνης,
3210 3037 3322 3105 ἔχει
3361 3036 3455 3088 καὶ
3483 3033 3658 3106 ζώνην
3700 3037 3806 3109 τὴν

2137 3119 2243 3174 ἀπὸ
2269 3121 2364 3190 τῆς
2386 3121 2664 3190 ἀληθείας,
2687 3119 2800 3189 ἔχει
2830 3120 2924 3172 καὶ
2950 3119 3270 3188 ὑποδήματα
3299 3115 3476 3185 πολλῷ
3501 3117 3810 3189 σεμνότερα

2134 3202 2204 3255 τὰ
2232 3203 2339 3255 ἀπὸ
2371 3201 2464 3254 τοῦ
2491 3201 2816 3270 Εὑαγγελίου
2845 3203 2945 3272 τῆς
2971 3202 3212 3272 εἰρήνης,
3249 3201 3359 3271 ἔχει
3387 3203 3480 3253 καὶ
3507 3200 3808 3270 μάχαιραν,

2134 3286 2196 3337 ού
2225 3285 2323 3353 τὴν
2351 3285 2459 3338 ἀπὸ
2485 3285 2723 3354 σιδήρου,
2751 3283 2885 3337 ἀλλὰ
2914 3285 3012 3353 τὴν
3041 3283 3147 3336 ἀπὸ
3175 3283 3266 3336 τοῦ
3303 3283 3608 3354 πνεύματος
3628 3300 3640 3312 ·
3687 3283 3808 3352 ἔχει

2135 3367 2229 3420 καὶ
2273 3367 2532 3434 στέφανον
2565 3367 2656 3418 ἐπί¹
2693 3365 2794 3434 τῆς
2843 3366 3083 3436 κεφαλῆς
3126 3366 3397 3435 κείμενον.
3430 3365 3810 3436 Λαμπροτέρα

2133 3449 2273 3519 αὕτη
2299 3451 2331 3520 ἡ
2360 3447 2676 3518 παντευχία,
2705 3449 3002 3518 σεμνότερα
3028 3447 3094 3499 τά
3119 3447 3276 3510 ὅπλα,
3305 3445 3556 3516 μείζωνή
3587 3449 3809 3517 παρρη-

2136 3533 2246 3594 σία,
2268 3531 2465 3583 πλείων
2489 3531 2522 3600 ή
2555 3529 2727 3600 ἰσχύς.
2749 3531 2910 3582 ’Ὥστε
2933 3530 3026 3583 καὶ
3051 3529 3158 3582 67:6
3180 3529 3272 3582 τοῦ
3295 3530 3391 3598 τῆς
3416 3530 3588 3599 ἀρχῆς
3609 3529 3804 3596 ὄγκου,

2135 3615 2228 3668 καὶ
2270 3613 2378 3666 ἀπὸ
2406 3613 2505 3681 τῆς
2542 3613 2747 3675 οίκείας
2785 3611 3206 3680 μεγαλοψυχίας,
3238 3613 3332 3664 καὶ
3360 3611 3465 3682 πρὸ
3493 3611 3599 3662 τῶν
3624 3611 3810 3664 ἄλλων

2132 3697 2408 3759 ἀπάντων,
2431 3695 2536 3748 ἀπὸ
2556 3696 2653 3764 τῆς
2673 3697 2750 3759 εἰς
2767 3695 2898 3748 Θεὸν
2915 3694 3145 3758 ἐλπίδος,
3165 3695 3300 3764 μετὰ
3323 3694 3524 3763 πολλῆς
3537 3694 3636 3762 τῆς
3657 3697 3810 3764 παῤ-

2135 3783 2200 3850 ρη
2209 3779 2346 3842 σίας,
2381 3777 2518 3847 μετά
2534 3777 2736 3848 πολλῆς
2749 3778 2846 3847 τῆς
2863 3778 3127 3840 συνέσεως
3143 3776 3443 3841 διαλέξεται
3465 3776 3542 3846 τῷ
3569 3776 3804 3848 βασιλεῖ.

2203 3865 2293 3934 Μὴ
2319 3863 2496 3915 τοίνυν
2528 3860 2988 3930 ἀπογινώσκωμεν
3013 3861 3156 3932 ὑπὲρ
3184 3861 3283 3931 τῆς
3302 3860 3456 3932 ήμῶν
3487 3859 3663 3911 αὐτῶν
3695 3877 3808 3913 σω-

2131 3947 2345 4017 τηρίας,
2367 3945 2501 3997 ἀλλά
2523 3944 2794 4016 δεώμεθα,
2824 3945 3250 4014 παρακαλῶμεν,
3285 3943 3634 4013 ἱκετεύωμεν,
3661 3961 3806 4014 πρε-

2135 4029 2451 4099 σϐευώμεθα
2501 4029 2635 4099 πρὸς
2675 4029 2766 4081 τὸν
2811 4027 2922 4080 ἀνω
2967 4027 3188 4097 βασιλέα
3235 4027 3378 4096 μετά
3435 4026 3644 4078 πολλῶν
3705 4027 3806 4079 δα-

2134 4113 2313 4184 κρύων
2333 4129 2346 4141 °
2371 4111 2485 4183 [59]
2509 4113 2703 4182 ἔχομεν
2736 4111 2832 4164 καὶ
2860 4110 2958 4180 τὴν
2990 4111 3239 4182 νηστείαν
3277 4110 3478 4180 ταύτην
3509 4109 3806 4178 σύμμαχον

2131 4198 2225 4251 καὶ
2245 4197 2342 4267 τῆς
2374 4195 2542 4265 καλῆς
2571 4195 2772 4266 ταύτης
2810 4195 3291 4264 συνεφαπτομένην
3318 4195 3448 4264 ἡμῖν
3475 4191 3804 4263 πρεσϐείας.

2130 4279 2398 4348 Καθάπερ
2425 4275 2515 4332 οὖν
2555 4277 2820 4349 χειμῶνος
2853 4277 3234 4349 παρελθόντος,
3268 4277 3360 4329 καὶ
3391 4275 3580 4342 θέρους
3601 4277 3812 4344 φανέν-

2129 4379 2239 4423 τος,
2265 4359 2410 4412 ἓλκει
2438 4360 2535 4430 μὲν
2565 4360 2702 4431 πρὸς
2725 4359 2784 4412 τὸ
2810 4359 3042 4426 πέλαγος
3063 4359 3122 4411 τὸ
3145 4358 3324 4411 πλοῖον
3349 4358 3377 4410 ὁ
3403 4357 3623 4426 ναύτης,
3659 4359 3814 4410 6770-

2131 4445 2328 4513 σμήχει
2358 4443 2415 4495 δέ
2441 4445 2470 4495 6
2503 4442 2839 4514 στρατιώτης
2867 4443 2936 4494 τὰ
2963 4443 3122 4505 ὅπλα,
3153 4441 3248 4493 καὶ
3269 4437 3680 4510 παρασκευάζει
3711 4439 3810 4492 τὸν

2129 4528 2292 4580 ἵππον
2337 4527 2416 4588 είς
2462 4525 2714 4596 πόλεμον,
2760 4527 2854 4578 καὶ
2885 4525 3126 4595 γεωργὸς
3155 4525 3324 4594 ἀκονᾷ
3373 4523 3656 4593 δρέπανον,
3707 4524 3812 4574 καὶ

2126 4607 2403 4678 ὁδοιπόρος
2429 4607 2647 4678 θαρρῶν
2679 4608 2988 4678 ἀποδημίας
3017 4607 3247 4660 ἅπτεται
3282 4605 3626 4675 μακρᾶς,καὶ
3655 4605 3810 4676 πρὸς

2125 4689 2251 4754 τοὺς
2275 4690 2490 4758 ἀγῶνας
2511 4689 2748 4760 ἀθλητὴς
2770 4690 3058 4742 ἀποδύεται
3087 4689 3182 4742 καὶ
3211 4687 3531 4758 γυμνοῦται·
3562 4686 3712 4740 οὕτω
3739 4687 3810 4757 δὴ

2127 4777 2218 4830 καὶ
2249 4779 2409 4847 ἡμεῖς
2429 4819 2444 4844 ,
2485 4776 2733 4847 καθάπερ
2759 4776 2946 4846 θέρους
2980 4774 3346 4846 πνευματικοῦ
3379 4791 3522 4836 τινος
3563 4773 3664 4842 τῆς
3689 4791 3812 4842 νη·-

2128 4864 2306 4928 στείας
2333 4865 2615 4934 φανείσης,
2645 4863 2739 4916 καὶ
2759 4864 2834 4926 ώς
2858 4863 3188 4933 στρατιῶται
3211 4863 3280 4914 τὰ
3299 4861 3438 4914 ὅπλα
3459 4861 3814 4931 ἀποσμήξω-

2129 4967 2246 5021 μεν,
2275 4953 2370 5004 καὶ
2388 4951 2464 5014 ὡς
2491 4951 2724 5022 γεωργοὶ
2751 4951 2847 5021 τὴν
2873 4949 3146 5020 δρεπάνην
3173 4950 3546 5019 ἁκονήσωμεν,
3577 4949 3672 5000 καὶ
3723 4949 3808 5011 ὡς

2125 5041 2453 5112 κυϐερνῆται
2501 5041 2639 5112 πρὸς
2702 5039 2768 5094 τὰ
2811 5040 3030 5110 κύματα
3072 5039 3180 5091 τῶν
3225 5039 3439 5091 ἀτόπων
3489 5035 3810 5105 ἐπιθυμιῶν

2125 5131 2250 5192 τοὺς
2272 5129 2561 5198 λογισμοὺς
2595 5127 2986 5198 ἀντιτάξωμεν,
3019 5127 3114 5180 καὶ
3139 5125 3214 5189 ώς
3237 5125 3408 5178 ὁδῖται
3463 5123 3561 5192 τῆς
3593 5125 3676 5185 εἰς
3707 5124 3812 5176 τὸν

2122 5216 2348 5287 οὐρανὸν
2371 5213 2679 5284 ἀποδημίας
2704 5212 2988 5284 ἁψώμεθα,
3008 5215 3102 5268 καὶ
3125 5213 3201 5278 ὡς
3227 5211 3455 5282 ἀθληταὶ
3507 5210 3642 5280 πρὸς
3665 5211 3812 5274 τοὺς

2186 5382 2208 5440 ’ξ
2235 5378 2360 5440 Tres
2383 5391 2495 5427 mss.
2525 5376 2727 5432 ἐκείνους
2748 5379 2865 5440 μηδὲ
2886 5379 3054 5436 ποιεῖν,
3079 5378 3197 5440 μηδὲ
3222 5377 3390 5437 λέγειν.

2182 5439 2210 5502 εξ
2239 5439 2345 5502 ῡιιο
2367 5453 2489 5502 ῐιιεεε
2507 5439 2673 5487 τοῦτον
2693 5439 2773 5487 τὸν
2803 5441 2990 5502 τρόπον.

2185 5498 2210 5522 ⁸
2237 5515 2254 5547 ι
2279 5501 2360 5550 Sic
2379 5501 2526 5549 Savil.
2551 5507 2604 5550 et
2649 5502 2744 5549 duo
2765 5493 2877 5549 ms's.
2903 5499 3058 5562 magis
3077 5499 3244 5548 Graece
3263 5509 3406 5562 quam
3431 5493 3598 5562 610::le
3619 5495 3812 5557 σάκκῳ

2117 5563 2270 5626 περιϐ.
2297 5562 2430 5626 [5017,
2461 5577 2546 5610 ι-
2571 5565 2723 5614 l’anlo
2745 5571 2854 5623 post
2879 5556 3088 5623 qual'uor
3115 5575 3230 5610 mss.
3263 5556 3316 5608 el
3337 5557 3486 5608 ειη-ιι.
3515 5556 3633 5604 θεὸν
3677 5556 3812 5602 aw-

2120 5623 2360 5688 Elé_£10£3"_l.
2385 5623 2501 5688 kAlij
2531 5625 2779 5674 συνελθεῖν.
2997 5685 3003 5688 Α
3339 5683 3350 5688 _
3461 5681 3473 5688 _
3523 5679 3534 5688 θ

2185 5685 2204 5723 f
2237 5705 2260 5746 se
2283 5683 2362 5733 Sic
2379 5685 2526 5735 Savil.
2553 5693 2605 5735 et
2628 5697 2727 5734 tres
2749 5699 2863 5736 mss.
2885 5685 3070 5732 rectius
3103 5697 3248 5746 quam
3273 5683 3404 5742 vulg.
3423 5679 3576 5746 αὐτὸς.
3783 5697 3812 5720 ιι

2116 5773 2178 5810 -_—-
2213 5745 2337 5795 Ibid.
2387 5756 2494 5808 posl
2553 5749 2831 5810 σεμνότερος
2891 5743 3448 5810 ηιιίιιιιιηίιιιίάιιῃῑ-καὶ
3493 5743 3811 5810 τιιειλιρίιτεῖινίξο

2118 5807 2271 5884 Ρὲιυιο
2295 5801 2403 5869 ρυεί
2427 5809 2573 5858 Sasil.
2600 5801 2650 5858 ρι
2683 5801 3045 5870 ηιιίηηιιοήιδδ.
3083 5809 3178 5870 ἔχει
3209 5807 3286 5852 καὶ
3314 5803 3464 5858 οὗτος.
3488 5801 3580 5851 ΑΙιὶ
3603 5801 3680 5858 ἐκ.
3707 5801 3812 5858 γὰρ

2122 5885 2273 5924 ουτος.
