4074 6218
400 271 471 326 ‘9
1308 258 1398 315 AD
1433 258 1753 317 POPULUM
1791 256 2276 316 ANTIOCIIENUM
2341 266 2565 325 HOMIL.
2608 271 2694 330 Ill.
3587 290 3657 344 50

394 376 633 433 derabile
673 383 731 432 et
772 374 927 431 dulce
970 372 1274 444 prtudicavit
1304 391 1317 425 :
1345 373 1707 443 apostolorum
1752 373 1839 427 illa
1882 371 1979 426 fuit

405 465 834 530 tabemaculum,
867 464 1221 518 habitaculum
1242 463 1526 531 iustorum.
1556 462 1708 517 Nunc
1739 460 1841 516 hoc
1866 462 1975 531 pri-

398 575 543 616 mum
580 566 635 614 et
666 559 835 613 solum
875 556 928 611 in
972 555 1238 626 principes
1266 554 1469 610 facinus
1497 563 1757 624 patratum
1785 564 1896 619 est,
1925 562 1979 608 et

396 651 629 707 civitatis
653 665 833 705 mores
860 663 1019 703 omne
1051 649 1378 718 praeteritum
1409 656 1619 718 tempus
1646 655 1888 701 testatur.
1921 646 1977 701 Si

394 742 540 798 enim
565 740 816 796 continue
844 738 1132 793 seditiones
1151 747 1408 805 moveret,
1430 737 1822 807 improbitatem
1846 752 1946 793 con
1961 771 1976 780 -

394 832 654 887 damnare
678 837 982 900 oporteret;
1022 830 1064 883 si
1094 843 1223 883 vero
1248 828 1410 883 semel
1438 828 1543 884 hoc
1565 829 1708 883 omni
1740 837 1979 897 tempore

395 926 624 993 accidit,
668 934 875 981 certum
913 933 998 980 est
1033 924 1174 994 quod
1221 938 1326 978 non
1372 922 1607 979 civitatis
1648 937 1856 977 morum
1898 932 1981 977 est

395 1024 671 1087 peccatum
695 1058 712 1083 ,
759 1015 855 1072 sed
897 1030 1084 1070 eorum
1120 1015 1211 1085 qui
1240 1013 1579 1084 impudenter
1601 1022 1656 1069 et
1688 1022 1890 1069 temere
1926 1013 1979 1067 in

396 1108 670 1163 civitatem
697 1107 1022 1177 irruperunt,
1052 1107 1154 1161 ista
1184 1106 1386 1161 insania
1412 1104 1531 1160 fuit.

466 1199 525 1254 2.
571 1199 697 1254 llaec
734 1199 990 1254 sacerdos
1032 1208 1086 1253 et
1131 1198 1284 1268 plura
1329 1198 1413 1253 bis
1456 1213 1578 1254 cum
1621 1197 1808 1268 majori
1843 1197 1981 1253 dicet

399 1288 593 1345 ﬁducia
626 1306 641 1341 :
675 1288 790 1343 lucc
832 1288 1128 1359 Imperator
1153 1288 1332 1345 audiet
1359 1305 1373 1343 :
1404 1297 1459 1351 et
1486 1289 1576 1346 ille
1618 1289 1902 1351 humanus,
1930 1298 1984 1343 et

397 1380 489 1436 hic
529 1381 735 1449 ﬁdelis,
780 1380 920 1436 unde
961 1382 1229 1453 utrimque
1273 1382 1468 1438 bonam
1514 1382 1773 1440 habemus
1809 1398 1980 1452 spem.

399 1471 529 1526 Plus
565 1480 764 1538 autem,
808 1487 966 1542 quam
997 1472 1230 1543 magistri
1275 1472 1397 1528 ﬁdei
1440 1481 1599 1543 atque
1645 1474 1983 1543 Imperatoris

400 1564 738 1631 humanitati,
769 1564 861 1618 Dei
886 1563 1264 1619 misericordia:
1291 1563 1500 1619 fidimus
1531 1582 1546 1618 :
1575 1579 1696 1619 nam
1722 1574 1777 1618 et
1800 1572 1984 1634 rogato

330 1700 339 1709 .
397 1655 732 1725 Imperatori,
760 1665 813 1711 et
850 1657 1055 1727 roganti
1084 1656 1343 1711 sacerdoti
1376 1657 1489 1726 ipse
1518 1656 1722 1711 medius
1750 1656 1980 1721 assistat,

398 1746 738 1813 imperatoris
762 1760 856 1801 cor
889 1746 1187 1812 emolliens,
1230 1746 1521 1801 sacerdotis
1564 1747 1794 1816 linguam
1840 1745 1986 1800 exci-

397 1845 542 1902 tans,
580 1834 734 1905 hujus
774 1837 931 1891 verba
974 1836 1296 1901 secundans,
1339 1836 1477 1891 illius
1516 1847 1747 1892 mentem
1774 1851 1981 1906 prama-

395 1939 544 1988 rans,
586 1933 646 1979 ut
687 1925 1020 1994 indulgenter
1058 1925 1197 1980 dicta
1247 1925 1500 1993 suscipiat
1542 1936 1595 1980 et
1640 1923 1980 1994 petitiOnibus

393 2022 618 2068 annuat.
666 2014 874 2068 Etenim
921 2015 1192 2070 civitatum
1255 2017 1492 2070 omnium
1550 2025 1727 2070 nostra
1772 2015 1983 2071 Christo

391 2102 742 2169 charissima,
766 2114 879 2161 tum
895 2115 1110 2177 propter
1155 2109 1566 2178 progenitorum,
1612 2118 1720 2163 tum
1770 2119 1984 2179 propter

393 2202 628 2249 vestram
675 2196 926 2251 virtutem
959 2214 972 2250 :
1003 2207 1059 2252 et
1103 2199 1239 2253 sicut
1294 2198 1482 2253 Petrus
1532 2198 1669 2252 inter
1711 2198 1984 2268 apostolos

393 2285 602 2353 primus
626 2284 894 2341 Christum
922 2288 1232 2359 praedicavit
1254 2329 1270 2352 ,
1302 2291 1381 2344 sic
1409 2290 1546 2344 inter
1565 2289 1824 2354 civitates,
1846 2291 1984 2345 sicut

390 2377 504 2444 jam
535 2376 664 2443 dixi,
701 2378 817 2434 haec
839 2380 1005 2449 prima
1038 2389 1303 2450 tamquam
1333 2395 1583 2436 coronam
1619 2382 1979 2435 admirabilem

388 2466 819 2523 Christianorum
871 2470 989 2524 tulit
1031 2470 1456 2539 appellationem.
1491 2469 1547 2524 Si
1590 2484 1717 2524 vero
1761 2470 1847 2523 ubi
1888 2470 1983 2526 de-

389 2575 511 2616 cem
570 2572 775 2616 tantum
830 2562 957 2632 justi
1001 2574 1217 2629 essent,
1269 2577 1456 2618 omnes
1500 2562 1798 2618 habitantes
1843 2562 1982 2617 Deus

390 2653 572 2708 salvos
601 2668 662 2708 se
690 2653 948 2709 facturum
982 2655 1220 2723 promisit
1271 2654 1421 2726 (Gen.
1468 2655 1554 2732 t8.
1595 2654 1686 2725 52)
1716 2673 1729 2709 :
1761 2655 1846 2709 ubi
1874 2670 1979 2710 non

389 2742 582 2799 decem
612 2753 668 2799 et
692 2744 896 2814 viginti,
924 2760 1096 2813 neque
1123 2745 1204 2800 bis
1234 2745 1451 2801 totidem
1477 2747 1670 2814 solum,
1698 2745 1791 2801 sed
1815 2746 1980 2800 multo

390 2836 576 2906 plures
598 2846 725 2891 sunt
753 2838 918 2892 Deum
947 2853 1068 2893 cum
1098 2838 1243 2893 omni
1268 2838 1534 2908 diligentia
1559 2840 1816 2905 colentes,
1843 2854 1978 2909 quo-

388 2926 557 2981 modo
599 2944 705 2983 non
759 2938 968 2998 oportet
1012 2929 1150 2985 bona
1202 2945 1450 3000 sperare,
1500 2940 1556 2987 et
1599 2931 1666 2986 de
1712 2932 1977 2987 communi

386 3028 576 3075 nostra
621 3021 857 3076 omnium
902 3022 1071 3076 salute
1097 3023 1408 3079 conlidere?
1443 3024 1635 3080 Audivi
1674 3025 1869 3081 multos
1893 3025 1978 3079 di-

388 3119 601 3176 centes,
629 3108 788 3164 Minae
810 3113 940 3182 regis
965 3113 1121 3168 leonis
1148 3114 1239 3168 ira:
1256 3116 1442 3170 similes
1466 3114 1649 3185 (Prov.
1674 3116 1760 3171 l9.
1793 3117 1903 3185 12),
1926 3125 1981 3171 et

385 3200 573 3254 animo
602 3200 946 3258 concidentes
970 3212 1024 3257 et
1049 3203 1416 3260 lamentantes.
1443 3204 1579 3271 Quid
1608 3206 1766 3276 igitur
1792 3206 1980 3262 adver-

385 3306 481 3347 sus
533 3292 656 3347 illos
706 3294 989 3350 dicemus?
1034 3295 1134 3362 Qui
1182 3297 1357 3351 dixit:
1388 3297 1523 3369 Lupi
1567 3308 1613 3352 et
1657 3300 1778 3370 agni
1828 3301 1979 3355 simul

387 3394 679 3451 pascentur,
704 3394 753 3440 et
774 3386 965 3457 pardus
987 3403 1101 3441 cum
1124 3388 1269 3442 lustio
1288 3389 1522 3456 quiescet,
1550 3400 1596 3443 et
1616 3388 1693 3445 leo
1717 3400 1972 3458 tamquam

386 3475 480 3530 bos
505 3476 682 3544 paleas
706 3480 927 3533 conradet
970 3477 1122 3549 (Isai.
1155 3479 1241 3533 ll.
1286 3479 1341 3534 6.
1382 3480 1437 3549 7)
1468 3499 1481 3534 :
1510 3488 1563 3535 et
1587 3480 1727 3535 hunc
1766 3482 1973 3537 leonem

384 3563 618 3620 reddere
644 3580 797 3621 ovem
824 3568 1021 3637 poterit
1049 3577 1398 3622 mansuetam.
1425 3569 1792 3640 Supplicemus
1818 3572 1977 3642 igitur

387 3656 516 3727 ipsi,
543 3666 601 3713 et
627 3657 695 3712 ad
723 3658 898 3728 ipsum
926 3659 1217 3730 legationes
1245 3662 1531 3727 mittamus,
1553 3673 1608 3719 et
1635 3665 1976 3734 Imperatoris

384 3747 625 3802 animum
650 3751 862 3818 penitus
879 3751 1149 3821 corripiet,
1183 3761 1237 3807 et
1253 3753 1321 3808 ab
1348 3756 1491 3809 omni
1515 3771 1611 3812 nos
1635 3756 1846 3811 instanti
1874 3772 1976 3810 an-

382 3837 558 3907 gustia
577 3837 842 3895 liberabit.
872 3841 1029 3897 Pater
1053 3842 1160 3897 illic
1188 3843 1505 3913 legationem
1545 3846 1677 3911 obit,
1724 3863 1819 3904 nos
1850 3847 1976 3904 hinc

382 3926 453 3981 ad
482 3927 735 3984 coriorum
770 3946 948 4001 regem
984 3932 1253 3989 mittamus
1284 3933 1621 4006 legationem,
1650 3940 1819 4008 ipsum
1848 3955 1972 4010 pre-

383 4016 539 4072 cibus
559 4017 891 4087 adjuvemus.
931 4021 1147 4076 Multum
1177 4023 1426 4080 Ecclesia:
1450 4029 1753 4084 communio
1776 4040 1970 4100 potest,

384 4104 435 4160 si
462 4105 640 4161 anima
667 4107 899 4174 dolente,
927 4111 971 4165 si
993 4112 1153 4167 corde
1179 4114 1408 4169 contrito
1434 4131 1619 4184 preces
1644 4120 1969 4176 emittamus.

380 4197 503 4254 Non
535 4214 672 4270 opus
715 4210 798 4255 est
836 4218 985 4257 mare
1012 4205 1259 4269 transire,
1310 4222 1415 4262 non
1458 4223 1591 4279 opus
1633 4220 1713 4266 est
1759 4212 1968 4284 longam

379 4289 568 4345 subire
618 4293 1092 4362 peregrinationem
1124 4315 1138 4350 :
1166 4298 1356 4368 singuli
1414 4316 1476 4357 ac
1527 4302 1748 4373 singulae
1798 4315 1853 4362 et
1903 4307 1969 4361 ad

374 4380 676 4439 eccle$iam
750 4397 1125 4453 occurrentes,
1180 4399 1235 4444 et
1283 4391 1427 4447 domi
1483 4406 1759 4453 manentes
1802 4400 1971 4456 multo

384 4472 554 4528 Deum
584 4474 761 4531 studio
805 4477 1129 4547 invocemus,
1161 4489 1216 4537 et
1239 4484 1456 4539 omnino
1498 4489 1971 4557 supplicationibus

377 4577 605 4624 annuet.

453 4657 600 4714 Deus
636 4660 947 4718 vehementer
972 4672 1110 4734 cupit
1138 4676 1190 4720 ut
1229 4668 1454 4725 homines
1478 4674 1545 4727 ad
1580 4673 1745 4745 ipsum
1789 4680 1968 4748 confu-

374 4751 545 4821 giant.
571 4783 642 4794 —
671 4752 823 4811 Unde
871 4756 972 4812 hoc
1012 4759 1393 4816 manifestum?
1429 4764 1579 4832 Quod
1625 4767 1968 4825 vehementer

376 4842 563 4911 cupiat
590 4857 691 4899 nos
716 4845 782 4900 ad
830 4845 1001 4917 ipsum
1047 4863 1262 4919 semper
1301 4854 1609 4924 confugere,
1639 4856 1690 4911 in
1721 4860 1966 4929 omnibus

375 4931 558 4998 ipsum
585 4932 882 5004 deprecari,
914 4946 970 4993 et
998 4939 1127 4995 nihil
1157 4942 1356 5013 absque
1401 4944 1515 5015 ipso
1542 4947 1622 5001 vel
1669 4948 1840 5005 facere
1884 4952 1963 5005 vel

372 5019 582 5078 dicere.
614 5023 869 5081 llomines
888 5029 1051 5096 enim,
1077 5032 1289 5101 quando
1320 5035 1446 5103 ipsis
1467 5037 1674 5093 assidue
1697 5041 1962 5110 negotium

374 5111 695 5171 lacessimus
725 5133 822 5187 pro
853 5119 1011 5175 rebus
1038 5125 1252 5190 nostris,
1287 5133 1495 5195 torpent
1524 5136 1579 5184 et
1610 5132 1961 5199 tergiversan—

373 5213 489 5271 tur,
530 5212 588 5259 et
613 5220 753 5277 :egre
781 5205 995 5274 ferunt;
1026 5211 1165 5267 Deus
1199 5223 1375 5269 autem
1422 5233 1638 5286 prorsus
1663 5221 1712 5275 in
1746 5234 1963 5277 eontra-

372 5294 519 5349 rium
547 5312 563 5361 ;
593 5313 698 5352 non
737 5314 858 5354 cum
908 5302 1005 5372 ipsi
1032 5305 1281 5361 continue
1309 5310 1638 5366 occurrimus
1680 5329 1774 5381 pro
1804 5314 1964 5371 rebus

371 5385 601 5453 nostris,
630 5389 726 5445 sed
753 5406 873 5447 cum
919 5409 1023 5449 non
1056 5395 1156 5452 hoc
1187 5396 1427 5464 facimus,
1458 5410 1581 5457 tunc
1619 5404 1848 5462 maxime
1878 5406 1962 5461 in-

368 5475 647 5548 dignatur.
696 5482 831 5538 Audi
873 5485 1031 5556 igitur
1053 5489 1178 5558 quid
1221 5489 1421 5547 Iudaeis
1448 5493 1684 5562 objiciat,
1728 5496 1959 5553 dicens:

378 5563 596 5622 Fecistis
620 5574 904 5638 consilium,
929 5587 973 5630 et
1008 5595 1108 5633 non
1140 5597 1229 5649 per
1251 5598 1366 5645 me;
1392 5594 1437 5636 et
1472 5596 1638 5651 pacta,
1670 5596 1719 5641 et
1745 5604 1845 5641 non
1875 5606 1965 5657 per

376 5658 611 5727 spiritum
652 5678 816 5718 meum
872 5666 1004 5737 (Isa.
1063 5670 1150 5726 50.
1187 5671 1261 5744 l).
1295 5670 1436 5728 Talis
1486 5674 1624 5730 enim
1670 5679 1958 5733 amantium

2083 384 2413 439 consuetudo
2444 404 2457 439 :
2485 390 2660 444 omnia
2688 391 3050 452 adamatnrum
3088 401 3294 470 negotia
3324 416 3415 471 per
3442 420 3500 459 se
3541 406 3652 463 fieri

2085 468 2282 537 voiunt,
2311 486 2361 528 et
2397 475 2513 532 sine
2536 494 2595 534 se
2618 482 2734 536 illos
2758 498 2928 553 neque
2954 486 3129 543 facere
3152 468 3457 564 quidquam,
3485 511 3656 567 neque

2082 562 2278 620 dicere.
2305 566 2587 637 Propterea
2612 582 2666 627 et
2691 573 2829 630 Deus
2855 593 2960 632 non
2988 579 3073 636 hic
3096 562 3315 652 tantum,
3335 588 3426 642 sed
3452 597 3504 643 et
3531 562 3655 646 alibi

2083 653 2220 710 idem
2248 673 2433 714 rursus
2461 663 2792 731 exprobrans
2818 667 3025 725 dicebat
3053 688 3066 723 :
3095 670 3464 744 Regnaverant,
3487 688 3532 732 et
3556 696 3656 734 non

2088 757 2179 810 per
2196 760 2275 796 me
2291 758 2312 793 :
2328 746 2727 813 imperauerunt,
2746 759 2794 802 et
2817 767 2919 805 non
2940 757 3363 824 signi/iuverunt
3381 767 3507 820 mihi
3522 766 3621 839 (0s
3636 806 3654 824 .

2088 831 2140 884 8.
2158 833 2234 902 4).
2254 830 2329 888 Ne
2346 833 2508 904 igitur
2522 845 2832 907 torpeamus
2848 846 3177 904 continuead
3197 850 3373 919 ipsum
3392 830 3655 929 confuge-

2090 937 2166 983 re,
2184 927 2390 991 etquod
2410 942 2573 995 grave
2586 928 2995 991 fuerit.nmnino
3007 943 3302 997 remedium
3318 927 3648 1004 conveniens

2084 1022 2324 1087 acctpiet.
2378 1021 2587 1078 Terruit
2633 1022 3018 1087 homoicurre
3059 1030 3125 1086 ad
3150 1046 3436 1103 supernum
3478 1035 3660 1093 Domi-

2085 1124 2231 1175 num,
2271 1119 2326 1164 et
2372 1112 2444 1167 nil
2487 1130 2648 1184 grave
2695 1118 2915 1186 patieris
2945 1136 2960 1175 :
2987 1122 3066 1177 sic
3104 1124 3301 1194 antiqui
3332 1127 3660 1183 calamitates

2082 1200 2411 1266 avertebant,
2457 1218 2562 1258 non
2610 1213 2811 1262 tantum
2856 1211 2974 1274 viri,
3022 1213 3114 1267 sed
3143 1225 3197 1268 et
3225 1216 3495 1272 mulieres.
3541 1217 3659 1274 Fuit

2078 1290 2325 1360 quaedam
2356 1298 2546 1352 mulier
2566 1299 2808 1368 llebrtea,
2840 1302 3028 1360 Esther
3047 1308 3301 1364 nomine:
3329 1310 3442 1367 lucc
3469 1313 3650 1369 Esther

2085 1384 2387 1439 universum
2430 1387 2733 1447 Jndmorum
2776 1395 3024 1462 populum
3077 1398 3438 1456 internecione
3476 1403 3655 1459 delcno

2082 1472 2208 1528 dum
2237 1476 2316 1531 sic
2342 1477 2551 1547 eripuit.
2597 1480 2880 1553 Postquam
2903 1487 3181 1543 Persarum
3210 1506 3302 1546 rex
3330 1508 3515 1549 omnes
3541 1510 3660 1565 pass

2084 1569 2182 1623 sim
2209 1568 2423 1625 Judzcos
2448 1573 2677 1628 interimi
2701 1574 2879 1645 jussit,
2910 1592 3029 1632 cum
3055 1581 3229 1637 nullus
3251 1595 3393 1639 esset
3418 1587 3506 1656 qui
3532 1602 3661 1641 con.

2085 1667 2162 1715 tra
2182 1662 2315 1715 iram
2333 1662 2471 1717 illius
2487 1665 2746 1721 obsistere
2768 1678 2960 1736 posset,
2983 1670 3393 1740 splendidiorem
3412 1680 3657 1734 vestitum

2083 1762 2240 1806 exuta
2286 1754 2497 1819 mulier,
2527 1765 2578 1811 et
2607 1772 2760 1813 sacco
2786 1761 2973 1815 amicta
2992 1805 3005 1826 ,
3035 1774 3088 1818 et
3131 1765 3312 1823 cinere
3348 1769 3614 1825 snbstrato
3642 1815 3657 1837 ,

2083 1844 2277 1898 divina:
2322 1847 2617 1903 clementiae
2662 1851 3006 1919 supplicabat,
3058 1865 3113 1909 ut
3159 1873 3337 1913 secum
3368 1861 3431 1915 ad
3482 1879 3657 1933 regem

2084 1933 2468 2003 ingrederetur,
2502 1947 2556 1992 et
2585 1940 2699 1994 lure
2726 1945 3271 2017 precabaturzcmta,
3318 1951 3546 2017 Domine,
3577 1961 3657 2027 fac

2082 2025 2229 2077 verba
2259 2043 2388 2090 mea,
2421 2038 2466 2081 et
2486 2030 2555 2082 da
2578 2048 2855 2087 sermonem
2885 2045 3119 2091 ornatum
3144 2040 3195 2093 in
3222 2057 3279 2094 os
3303 2059 3463 2097 meum
3485 2025 3657 2115 (Esitlt.

2086 2115 2170 2170 Η.
2198 2117 2308 2188 15).
2335 2118 2459 2175 "me
2480 2131 2532 2175 et
2560 2137 2655 2187 pro
2681 2126 2931 2195 magistro
2956 2143 3053 2183 nos
3075 2145 3213 2186 nunc
3243 2132 3401 2189 Deum
3423 2151 3656 2192 oremus.

2082 2206 2136 2263 Si
2181 2211 2324 2265 enim
2372 2213 2565 2267 mulier
2612 2230 2710 2283 pro
2751 2215 2951 2273 Judtcis
2994 2222 3298 2290 supplicans
3327 2224 3658 2283 barbaricum

2080 2301 2332 2358 eohihere
2376 2303 2607 2360 furorem
2634 2310 2804 2378 potuit
2836 2329 2849 2365 :
2879 2311 3044 2367 multo
3074 2316 3240 2385 magis
3267 2315 3454 2373 doctor
3479 2332 3658 2377 noster

2083 2406 2180 2460 pro
2208 2402 2351 2449 tanta
2381 2396 2611 2465 civitate,
2641 2408 2696 2455 et
2723 2417 2841 2457 cum
2871 2413 3012 2459 tanta
3039 2406 3273 2463 Ecclesia
3313 2411 3613 2481 supplicans
3641 2456 3655 2480 ,

2085 2485 2516 2556 benignissimum
2544 2501 2598 2546 et
2626 2492 2963 2552 mitissimum
2993 2496 3134 2554 hunc
3162 2499 3533 2570 Imperatorem
3561 2505 3631 2561 lle

2080 2589 2224 2633 ctere
2264 2582 2473 2650 poterit.
2511 2580 2566 2638 Si
2602 2584 2742 2638 enim
2780 2596 3000 2656 peccata
3031 2589 3081 2642 in
3110 2590 3274 2645 Deum
3301 2593 3538 2650 solvendi
3568 2612 3652 2666 po-

2082 2677 2328 2726 testatem
2375 2674 2599 2743 accepit,
2631 2674 2796 2731 multo
2823 2680 2992 2748 magis
3039 2680 3093 2735 in
3138 2680 3408 2739 hominem
3454 2697 3658 2755 patrata

2080 2765 2355 2822 destruere
2380 2776 2433 2823 et
2460 2768 2639 2823 delere
2684 2771 2897 2839 poterit.
2932 2773 3184 2844 Princeps
3207 2785 3289 2832 est
3314 2777 3398 2833 hic
3424 2794 3656 2849 quoque,

2079 2859 2369 2929 etquidem
2415 2860 2505 2914 illo
2549 2860 2854 2918 honoratior
2883 2864 2944 2919 ίτ
2989 2867 3186 2922 etenim
3234 2870 3405 2938 ipsum
3455 2873 3656 2944 regium

2080 2959 2237 3022 caput
2281 2967 2449 3007 sacra:
2478 2952 2622 3023 leges
2669 2953 2897 3011 ferentes
2929 2957 3081 3025 hujus
3130 2961 3372 3017 manibus
3418 2965 3658 3034 subject:-

2079 3053 2203 3096 runt
2233 3060 2247 3097 :
2274 3053 2326 3096 et
2370 3044 2579 3112 quando
2608 3045 2807 3115 aliquid
2839 3046 2963 3102 boni
2996 3051 3209 3105 caelitus
3234 3054 3533 3123 requiritur,
3565 3073 3655 3111 rex

2078 3134 2142 3189 ad
2173 3135 2525 3201 sacerdotem,
2560 3152 2662 3192 non
2689 3139 2934 3195 sacerdos
2961 3141 3027 3196 ad
3054 3157 3231 3214 regem
3262 3145 3547 3216 confugere
3572 3163 3656 3201 so—

2080 3228 2203 3282 litus
2231 3238 2330 3282 est.
2356 3228 2526 3283 liabet
2555 3230 2640 3286 hic
2665 3247 2875 3303 quoque
2907 3232 3126 3303 justitia:
3154 3236 3393 3301 loricam,
3423 3239 3578 3294 habet
3604 3250 3656 3295 et

2077 3319 2343 3390 cingulum
2386 3320 2643 3388 veritatis,
2694 3322 2855 3379 habet
2880 3335 2933 3380 et
2959 3325 3313 3383 calceamenta
3361 3331 3527 3385 multo
3557 3329 3654 3385 Im-

2079 3410 2312 3465 nestiora
2335 3409 2402 3466 ab
2429 3412 2703 3482 evangelio
2745 3415 2889 3484 pacis
2918 3434 2933 3470 :
2966 3415 3125 3472 habet
3166 3428 3220 3473 et
3246 3418 3505 3490 gladium,
3549 3437 3653 3476 non

2076 3516 2142 3556 ex
2161 3502 2319 3566 l’erro,
2343 3501 2437 3557 sed
2462 3504 2709 3572 spiritus:
2732 3506 2886 3562 habet
2909 3515 2963 3562 et
2977 3523 3229 3563 coronam
3258 3512 3413 3580 capiti
3438 3512 3654 3582 imposi-

2077 3601 2204 3645 tam.
2221 3592 2560 3660 Splendidior
2580 3596 2692 3650 haec
2712 3606 3007 3664 armatura,
3025 3600 3335 3668 pretiosiora
3358 3601 3470 3655 lucc
3484 3616 3652 3669 arma,

2076 3682 2246 3750 major
2273 3681 2483 3750 ﬁducia,
2525 3684 2694 3754 major
2733 3687 2833 3740 vis.
2883 3688 3065 3757 Itaque
3093 3697 3147 3743 et
3190 3705 3287 3758 pro
3331 3690 3654 3761 principatus

2076 3775 2451 3845 magnitudine,
2484 3785 2537 3832 et
2560 3778 2771 3846 propria
2815 3781 3264 3849 magnanimitate,
3289 3792 3342 3836 et
3378 3792 3501 3837 ante
3531 3784 3654 3839 reli-

2073 3882 2175 3938 qua
2195 3867 2394 3933 omnia,
2425 3882 2522 3936 pro
2549 3868 2696 3921 firma
2725 3867 2778 3922 in
2801 3869 2962 3924 Deum
2988 3885 3104 3940 spe,
3131 3887 3250 3927 cum
3272 3873 3437 3928 multa
3465 3873 3652 3930 ﬁducia

2073 3969 2127 4016 et
2157 3960 2434 4028 prudentia
2463 3959 2839 4030 Imperatorem
2867 3962 3185 4033 alloquetur.

2144 4052 2197 4107 5.
2226 4051 2304 4106 Ne
2335 4051 2491 4121 igitur
2514 4052 2582 4106 de
2611 4053 2779 4107 salute
2806 4063 2986 4108 nostra
3015 4053 3380 4123 desperemus,
3405 4056 3499 4111 sed
3528 4072 3655 4127 sup-

2074 4145 2348 4216 plicemus,
2377 4160 2677 4216 precemur,
2705 4157 2964 4215 petamus,
2994 4162 3228 4211 oremus,
3258 4147 3324 4203 ad
3367 4164 3651 4218 supernum

2072 4237 2269 4307 Regem
2315 4236 2494 4291 multis
2535 4251 2655 4291 cum
2702 4237 2951 4307 lacrymis
2991 4237 3308 4309 legationem
3337 4240 3648 4295 mittamus:

2073 4331 2330 4386 habemus
2367 4339 2419 4386 et
2443 4330 2701 4401 jejunium
2749 4329 2851 4386 hoc
2873 4344 3191 4401 eooperans,
3219 4330 3272 4386 in
3302 4331 3405 4387 hac
3432 4333 3650 4402 pulchra

2070 4424 2334 4495 legatione
2364 4424 2516 4479 nobis
2541 4422 2840 4478 adbzcrens.
2865 4423 3010 4480 Sicut
3039 4425 3214 4495 itaque
3240 4427 3505 4494 pt‘mterita
3548 4424 3651 4483 hic-

2069 4531 2175 4579 me,
2201 4522 2256 4570 ct
2283 4524 2468 4569 testate
2492 4524 2799 4585 apparente,
2828 4523 2985 4568 nauta
3011 4516 3185 4570 navim
3218 4516 3268 4571 in
3311 4532 3456 4572 mare
3483 4518 3651 4573 dedu-

2068 4607 2162 4671 cit,
2194 4607 2347 4661 miles
2372 4621 2517 4659 arma
2545 4605 2804 4675 deterget,
2834 4620 3134 4677 equumque
3162 4607 3229 4660 ad
3255 4607 3446 4662 bellum
3480 4617 3645 4678 parat,

2067 4698 2299 4769 agricola
2342 4698 2484 4752 acuit
2526 4697 2735 4764 falcem,
2768 4699 2937 4755 viator
2965 4698 3173 4755 ﬁducia:
3202 4700 3391 4769 plenus
3438 4700 3649 4770 longum

2069 4790 2171 4844 iter
2205 4789 2529 4860 aggreditur,
2573 4798 2625 4844 ct
2671 4790 2737 4845 ad
2779 4791 3068 4845 certamina
3100 4791 3239 4861 pugil
3284 4791 3647 4860 exspoliatur,

2066 4897 2230 4952 seque
2273 4881 2550 4937 denudat:
2582 4882 2661 4939 sic
2702 4892 2757 4938 et
2799 4898 2897 4939 nos
2916 4883 3119 4954 jejunio
3169 4895 3434 4953 tamquam
3466 4894 3649 4941 mstate

2065 4974 2292 5044 quadam
2314 4975 2894 5046 spiritualiapparente,
2922 4986 2977 5031 et
2998 4991 3144 5031 arma
3164 4984 3430 5044 tamquam
3457 4976 3648 5032 milites
3717 4982 3727 4993 '

2065 5068 2447 5138 abstergamus,
2495 5066 2681 5124 falcem
2730 5084 2980 5124 acuamus
3010 5077 3275 5138 tamquam
3302 5069 3569 5139 agricola),
3595 5082 3647 5127 et

2067 5168 2335 5231 tamquam
2391 5170 2566 5216 nauta:
2628 5170 2811 5217 contra
2882 5160 3231 5216 absurdarum
3298 5164 3645 5233 cupiditatum

2067 5251 2259 5308 ﬂictus
2286 5256 2633 5325 cogitationes
2675 5270 3025 5325 opponamus,
3068 5267 3122 5311 et
3164 5270 3263 5313 ceu
3309 5260 3539 5313 v'atores
3580 5262 3647 5313 ad

2061 5344 2251 5402 ciuium
2278 5346 2382 5401 iter
2406 5348 2755 5413 instituamus,
2787 5360 2840 5404 et
2865 5350 3011 5420 quasi
3041 5351 3243 5422 pugiles
3265 5351 3332 5407 ad
3358 5354 3645 5407 certamina

2066 5436 2358 5508 spolientur
2386 5456 2400 5504 ;
2432 5439 2600 5493 fidelis
2626 5442 2767 5494 enim
2793 5448 2849 5496 et
2874 5442 3125 5511 agricola,
3150 5452 3201 5500 et
3228 5445 3571 5513 gubernator,
3593 5456 3643 5498 et

2066 5530 2239 5597 miles,
2271 5540 2324 5586 et
2347 5530 2564 5599 athleta,
2589 5523 2640 5589 et
2662 5533 2833 5589 viator
2856 5544 2956 5590 est.
2988 5535 3191 5592 Idcirco
3219 5534 3415 5593 Paulus
3437 5551 3647 5607 quoque

2135 5688 2271 5749 Post,
2334 5685 2620 5751 ‘totwratior,
2636 5688 2826 5755 quidam
2864 5690 3059 5755 addunt,
3091 5697 3135 5742 ct
3158 5689 3309 5757 magis
3334 5688 3620 5742 rcrcremtus
