4074 6218
407 305 468 359 51
1113 301 1169 358 S.
1210 299 1485 356 JO.~\NNIS
1521 295 1995 354 CllllYSOSTOMl
2034 294 2350 353 ABCHIEP.
2390 290 2922 349 CONSTANTINOP.
3617 297 3686 354 52

408 414 536 467 dicit
563 431 576 468 :
603 412 722 469 Non
753 424 826 468 est
871 413 1012 481 nobis
1043 413 1179 466 lucta
1217 411 1454 466 adversus
1491 409 1788 480 sanguinem
1812 418 1858 462 et
1886 425 1997 462 car-

408 521 540 572 nem,
572 507 661 561 sed
679 507 916 561 adversus
946 505 1255 574 principatus
1280 513 1325 558 et
1347 512 1612 572 potestates
1640 517 1658 557 :
1683 503 1876 556 induite
1901 502 1998 571 igi-

408 607 492 651 tur
523 611 836 652 armaturam
864 597 955 651 l)ei
999 596 1212 667 (Ephes.
1245 596 1298 650 6.
1330 595 1440 665 12).
1487 594 1670 649 Vidisti
1701 593 2000 649 athletam?

410 688 589 743 vidisti
621 687 887 743 militem?
916 686 969 742 Si
1001 686 1200 740 athleta
1233 699 1310 748 es,
1359 683 1556 738 nudum
1605 685 1654 737 in
1682 693 1950 738 certamen
1981 684 1996 716 ’

412 791 466 835 te
495 781 823 836 descendere
849 789 1093 849 oportet;
1125 779 1168 832 si
1193 778 1366 844 miles,
1391 786 1650 830 armatum
1677 775 1744 830 ad
1772 791 1998 846 pugnam

412 873 710 928 consistere
739 887 957 927 necesse
985 880 1067 926 est
1094 889 1107 924 :
1137 869 1402 941 quomodo
1439 870 1598 939 igitur
1640 868 1755 924 haec
1781 879 2002 940 utraque

403 965 577 1018 simul
607 980 728 1019 esse
772 965 996 1034 possint,
1028 971 1082 1017 et
1123 962 1323 1016 nudum
1353 976 1495 1026 esse,
1523 970 1578 1016 et
1621 976 1727 1015 non
1759 961 1998 1015 nudum:

414 1064 470 1108 et
516 1055 778 1112 indutum.
823 1063 878 1109 et
924 1069 1030 1108 non
1077 1052 1502 1118 indutum‘lQuo
1546 1053 1758 1108 tandem
1801 1051 1996 1106 mode?

415 1162 516 1216 ego
545 1146 738 1202 dicam.
772 1147 926 1202 Exue
953 1146 1076 1200 vine
1121 1145 1351 1214 negotia,
1382 1155 1435 1200 et
1463 1145 1659 1200 athleta
1707 1145 1872 1199 tactus
1898 1159 1958 1199 es
1988 1168 2002 1203 :

417 1236 579 1292 indue
619 1252 766 1290 arma
815 1235 1130 1306 spiritualia,
1178 1244 1232 1289 et
1274 1235 1442 1288 tactus
1465 1250 1525 1289 es
1546 1236 1719 1290 miles.
1751 1234 2001 1304 Teipsum

417 1328 536 1382 vita:
584 1329 726 1382 curis
771 1327 1017 1392 denuda;
1069 1327 1225 1380 lucta:
1267 1326 1407 1380 enim
1445 1335 1650 1395 tempus
1679 1334 1762 1380 est
1801 1343 1816 1378 :
1855 1341 2001 1379 arma

416 1417 632 1485 spiritus
679 1416 872 1481 indue;
902 1417 1098 1471 bellum
1145 1417 1286 1470 enim
1328 1415 1483 1469 nobis
1521 1423 1707 1468 contra
1731 1415 2004 1469 daemones

413 1509 700 1562 conﬂatum
730 1518 814 1563 est
841 1524 1022 1578 grave.
1069 1507 1358 1576 Pr0pterea
1387 1516 1439 1560 et
1478 1506 1674 1560 nmium
1701 1521 1820 1561 esse
1845 1522 2006 1576 opor-

417 1607 511 1662 tet,
546 1608 600 1652 ut
628 1601 825 1654 nullam
857 1598 1070 1653 diabolo
1103 1598 1373 1652 nobiscum
1403 1597 1621 1651 luctanti
1651 1613 1833 1652 ansam
1865 1615 2002 1665 prm-

420 1689 659 1757 bcamus,
711 1699 765 1746 et
818 1691 1049 1760 undique
1105 1689 1323 1755 armari,
1375 1698 1433 1743 ut
1481 1704 1739 1758 nusquam
1793 1690 2004 1745 letalem

417 1783 624 1852 plagam
652 1783 996 1852 accipiamus.
1046 1781 1244 1836 Excole
1287 1779 1516 1834 animam
1550 1791 1714 1846 tuam,
1745 1790 1796 1835 et
1827 1782 2006 1850 spinas

418 1875 605 1929 excide
631 1891 644 1928 :
667 1875 870 1929 semina
889 1874 1106 1928 verbum
1133 1874 1364 1943 pietatis,
1387 1872 1638 1942 pulchras
1653 1873 2007 1942 philosophia:

421 1966 628 2034 plantas
671 1967 864 2028 insere,
895 1975 951 2021 et
978 1981 1096 2020 cum
1142 1966 1309 2019 multa
1340 1965 1609 2034 diligentia
1638 1965 1926 2033 repastina,
1953 1975 2008 2019 et

415 2059 646 2126 agricola
679 2058 848 2113 factus
875 2074 956 2124 es,
1002 2058 1200 2127 tibique
1230 2057 1372 2111 dicet
1399 2057 1592 2110 Paulus
1623 2074 1636 2110 :
1671 2055 2006 2110 Laborantem

415 2150 690 2219 agricolam
737 2158 932 2220 Oportet
974 2149 1192 2221 primum
1233 2151 1424 2219 fructus
1453 2136 1708 2218 percipere
1748 2146 1822 2218 (2.
1871 2147 2005 2200 Tim.

420 2240 474 2292 2.
508 2239 583 2312 6).
633 2241 778 2294 llanc
817 2248 869 2294 et
899 2241 1012 2309 ipse
1058 2247 1228 2292 artem
1259 2238 1519 2293 tractabat
1551 2255 1564 2290 :
1596 2237 1795 2292 idcirco
1824 2237 2007 2291 Corin-

421 2331 546 2384 thiis
593 2331 832 2385 scribens
855 2329 1066 2384 dicebat
1095 2347 1109 2384 :
1141 2328 1252 2400 Ego
1282 2327 1524 2397 plantavi,
1571 2327 1750 2397 Apollo
1787 2328 2004 2398 rigavit,

418 2422 550 2476 Deus
593 2433 758 2476 autem
799 2423 1159 2476 incrementum
1188 2421 1326 2474 dedit
1371 2419 1449 2490 (l.
1503 2418 1622 2474 Cor.
1651 2420 1704 2474 5.
1738 2417 1818 2489 6).
1864 2421 2009 2474 Acue

419 2513 604 2568 falcem
635 2523 804 2580 tuam,
841 2527 1000 2583 quam
1029 2527 1128 2582 per
1150 2511 1420 2581 crapulam
1451 2509 1732 2575 hebetasti,
1759 2524 1891 2564 acue
1915 2525 2010 2579 per

415 2605 691 2673 jejunium,
713 2603 1002 2674 aggredere
1028 2605 1128 2658 iter
1158 2603 1209 2657 in
1234 2602 1423 2657 ctelum
1457 2602 1654 2668 terens,
1683 2617 1925 2670 asperam
1949 2611 2005 2656 et

421 2705 698 2764 angustam
736 2695 877 2748 viam
921 2694 1120 2765 attinge
1148 2701 1204 2749 et
1245 2693 1476 2748 ambula.
1510 2692 1789 2758 Quomodo
1833 2702 2007 2746 autem

421 2785 621 2855 poteris
666 2795 720 2837 et
747 2785 1009 2854 attingere
1054 2794 1109 2839 et
1152 2781 1779 2852 ambulare?Castigans
1818 2798 2010 2853 corpus

417 2884 645 2938 tnum,et
669 2873 720 2927 in
739 2874 1046 2928 servitutem
1074 2873 1324 2942 redigcns
1348 2891 1359 2925 :
1383 2872 1469 2926 ubi
1492 2873 1632 2926 enim
1655 2872 1736 2925 via
1765 2885 2007 2942 angusta,

419 2983 666 3038 magnum
697 2967 1132 3036 impedimentum
1152 2977 1232 3021 cst
1250 2967 1425 3020 carnis
1441 2981 1504 3020 ex
1519 2967 1733 3036 crapula
1755 2967 2005 3022 obesitas.

419 3058 692 3112 Absurdas
723 3059 889 3112 undas
912 3058 1461 3127 concupiscentiarum
1512 3059 1766 3128 reprime,
1812 3061 2011 3128 repelle

417 3150 778 3220 improbarum
839 3149 1072 3206 hiemem
1109 3150 1506 3219 cogitationum,
1539 3165 1690 3204 serva
1715 3151 2003 3219 navigium,

416 3243 635 3298 midtam
662 3243 882 3298 ostende
903 3243 1169 3312 peritiam,
1196 3251 1248 3298 et
1275 3241 1444 3296 tactus
1469 3257 1530 3297 es
1550 3243 1870 3312 gubernator
1895 3245 1937 3294 ³.

487 3333 691 3388 Horum
734 3341 912 3387 autem
961 3333 1198 3387 omnium
1244 3332 1395 3386 nobis
1424 3332 1642 3386 materia
1673 3332 1931 3402 jejunium
1959 3341 2012 3387 et

419 3424 674 3492 magister
703 3432 807 3489 est,
845 3422 1105 3492 jejunium
1137 3431 1314 3478 autem
1347 3423 1466 3476 dico
1493 3437 1597 3476 non
1628 3423 1729 3477 hoc
1757 3424 1969 3492 vulgare
1993 3464 2009 3490 ,

417 3514 509 3570 sed
538 3524 842 3570 accuratum
866 3513 1127 3583 jejunium
1162 3528 1306 3567 :non
1339 3521 1538 3566 tantum
1581 3513 1819 3567 ciborum
1845 3514 2010 3567 absti-

421 3605 680 3670 nentiam,
708 3604 800 3659 sed
829 3617 883 3660 et
905 3613 1242 3675 peccatorum
1275 3622 1290 3660 :
1319 3620 1424 3658 non
1451 3605 1592 3658 enim
1615 3604 1799 3674 jejunii
1824 3614 2008 3658 natura

417 3698 721 3768 jejunantes
749 3713 940 3753 eruere
984 3699 1146 3763 valet,
1193 3697 1293 3752 nisi
1325 3713 1557 3767 congrua
1584 3713 1705 3753 cum
1737 3699 1851 3766 lege
1901 3700 2008 3752 liat.

425 3791 631 3845 Etenim
675 3790 894 3857 athleta,
943 3790 1134 3858 inquit,
1186 3788 1305 3843 Non
1335 3805 1627 3855 coronatur,
1675 3790 1769 3843 nisi
1798 3789 2014 3859 legitime

419 3881 680 3935 certaverit
711 3880 784 3950 (2.
822 3881 956 3935 Tim.
987 3881 1038 3934 2.
1189 3879 1266 3936 Ne
1291 3879 1450 3951 igitur
1479 3880 1618 3935 inter
1637 3880 1822 3949 jejunii
1868 3881 2010 3934 labo-

421 3989 532 4027 rem
560 3989 589 4026 a
612 3972 801 4042 jejunii
832 3988 1028 4028 corona
1056 3971 1387 4039 cxcidamus,
1415 3971 1682 4026 discamus
1710 3973 1936 4041 qualiter
1959 3984 2012 4028 et

422 4063 691 4134 quomodo
735 4063 1038 4133 hujusmodi
1095 4064 1362 4130 negotium
1412 4070 1638 4117 tractare
1679 4063 2010 4119 debeamus:

423 4155 674 4224 quoniam
704 4165 760 4210 et
789 4154 1090 4208 Pliarismtis
1137 4153 1227 4208 ille
1247 4153 1529 4223 jejunavit,
1581 4152 1672 4206 sed
1724 4163 1842 4220 post
1875 4153 1986 4220 jeju

426 4247 570 4301 nium
601 4246 728 4302 illud
765 4245 1044 4302 descendit
1073 4245 1264 4308 inanis,
1292 4255 1348 4298 et
1387 4243 1573 4313 jejunii
1621 4243 1877 4297 fructibus
1920 4259 2011 4297 va-

425 4353 558 4392 cuus
585 4355 599 4392 :
630 4338 942 4408 publicanus
971 4352 1076 4390 non
1102 4336 1379 4406 jejunavit,
1424 4345 1478 4390 et
1524 4336 1846 4390 Pharismum
1869 4335 2012 4404 jeju~

425 4437 641 4484 nantem
669 4430 936 4498 prmcessil
984 4445 1089 4482 non
1117 4428 1365 4497 jejunans
1404 4427 1553 4496 (Luc.
1597 4428 1682 4482 18.
1719 4427 1930 4498 10-14),
1961 4437 2016 4481 ut

426 4521 603 4575 discas
628 4519 767 4590 quod
792 4519 978 4589 jejunii
1005 4519 1203 4574 utilitas
1229 4520 1391 4581 nulla,
1418 4521 1515 4573 ltlsi
1539 4530 1591 4574 et
1618 4520 1816 4590 reliqua
1837 4521 2013 4574 omnia

423 4622 842 4684 consequantur.

493 4704 693 4776 Jejunii
719 4704 912 4758 utilitas
936 4704 1098 4769 nulla,
1133 4704 1230 4757 nisi
1249 4721 1278 4757 a
1305 4705 1433 4756 vitiis
1460 4704 1895 4758 abstineamus.—-
1921 4705 2015 4758 Je-

419 4799 744 4866 junaverunt
763 4793 1030 4860 Ninivitzn,
1051 4804 1104 4849 et
1125 4795 1216 4849 Dei
1239 4794 1659 4848 misericordiam
1680 4795 2012 4850 elicuerunt:

419 4889 798 4959 jejunaverunt
822 4895 876 4941 et
903 4885 1073 4940 Judaei
1095 4927 1109 4952 ,
1139 4895 1193 4940 et
1218 4885 1346 4940 nihil
1374 4885 1746 4954 profecerunt,
1780 4885 1873 4941 sed
1903 4886 2019 4940 cul—

333 5011 340 5018 -
427 4981 535 5050 pati
573 4980 840 5036 abierunt.
887 4978 1020 5048 Quia
1063 4976 1221 5047 igitur
1263 4984 1464 5030 tantum
1492 4975 1680 5046 jejunii
1721 4977 2016 5046 periculum

427 5081 512 5127 est
557 5073 919 5130 nescientibus
959 5069 1229 5141 quomodo
1270 5069 1515 5138 jejunare
1554 5068 2017 5138 oportet,jejunii

430 5165 572 5234 leges
594 5166 862 5222 discamus
881 5205 898 5230 ,
924 5179 993 5220 ne
1016 5165 1068 5219 in
1098 5163 1358 5218 incertum
1388 5176 1665 5217 curramus
1685 5202 1699 5224 ,
1728 5177 1796 5216 ne
1841 5177 2016 5216 aerem

432 5256 774 5312 verberemus
794 5300 809 5324 ,
834 5273 940 5313 neu
987 5263 1286 5329 pugnantes
1312 5269 1432 5310 cum
1463 5254 1650 5308 umbra
1684 5253 2016 5310 dimiceuius.

432 5346 686 5402 Medicina
732 5358 816 5403 est
853 5349 1112 5418 jejunium
1139 5389 1154 5415 ,
1197 5347 1290 5403 sed
1341 5347 1599 5402 medicina
1652 5346 1777 5401 licet
1826 5347 2020 5401 millies

432 5441 574 5496 utilis
597 5442 686 5506 sit,
713 5457 810 5511 per
834 5444 1028 5498 utentis
1055 5444 1377 5512 imperitiam
1401 5441 1601 5496 inutilis
1627 5454 1770 5508 srcpe
1794 5440 1870 5504 tit;
1900 5455 2018 5493 nam

434 5547 591 5590 nosse
633 5541 846 5604 oportet
886 5541 940 5586 et
985 5541 1192 5602 tempus
1230 5550 1335 5604 quo
1383 5534 1548 5604 ipsam
1591 5531 1846 5586 adhibere
1888 5545 2022 5600 opus

498 5669 514 5700 ί
553 5674 680 5716 t‘uus
706 5680 718 5714 :
748 5676 797 5716 In
819 5663 1046 5716 stadium.

497 5733 516 5760 '
552 5730 734 5792 Aliquot
764 5737 889 5784 διεδ..
915 5729 1208 5778 Gubernator
1228 5725 1450 5787 Optimus.

2107 408 2213 474 sit,
2245 414 2302 463 et
2348 407 2511 478 ipsius
2549 403 2917 461 medicamenti
2966 403 3311 474 quantitatem
3354 414 3407 460 et
3448 411 3685 478 corporis

2107 499 2414 568 temperiem
2433 540 2448 564 ,
2478 506 2533 552 et
2559 497 2791 568 regionis
2819 506 3057 551 naturam
3077 537 3093 563 ,
3125 507 3179 551 et
3205 497 3329 551 anni
3361 506 3568 568 tempus
3587 541 3602 564 ,
3634 511 3688 555 et

2105 605 2395 662 congruum
2421 577 2638 655 vietum,
2661 599 2714 643 et
2740 588 2902 642 multa
2930 589 3031 642 alia
3057 605 3068 640 :
3093 603 3316 658 quorum
3346 589 3390 644 si
3419 590 3688 660 quodlibet

2108 683 2521 754 pratermissum
2561 680 2754 744 fuerit,
2795 681 3017 750 reliquis
3069 682 3316 736 omnibus
3341 725 3356 746 ,
3384 697 3503 752 quae
3549 684 3685 738 dicta

2106 785 2228 829 sunt
2251 817 2266 840 ,
2297 774 2526 829 nocebit.
2559 773 2612 829 Si
2649 782 2826 827 autem
2867 773 2952 827 ubi
2982 773 3190 842 corpori
3217 772 3417 828 mederi
3443 783 3684 842 oportet,

2109 878 2251 923 tanta
2278 869 2430 924 nobis
2456 884 2590 939 opus
2609 878 2692 924 est
2716 868 2984 938 diligentia
3015 887 3028 921 :
3058 868 3222 922 multo
3248 870 3414 938 magis
3434 883 3554 922 cum
3577 871 3688 922 ani-

2107 976 2249 1014 mam
2287 975 2534 1016 curemus
2556 1001 2571 1025 ,
2597 969 2652 1015 et
2689 959 3097 1031 cogitationibus
3140 959 3449 1014 medeamur
3469 1001 3483 1024 ,
3511 960 3686 1014 omnia

2107 1053 2352 1119 scrutari,
2379 1062 2432 1107 et
2459 1066 2580 1107 cum
2609 1050 2755 1106 omni
2786 1050 3067 1107 sedulitate
3093 1049 3432 1106 considerare
3471 1065 3689 1106 necesse

2107 1153 2208 1198 est.

2178 1237 2233 1290 4.
2255 1235 2540 1290 Videamus
2569 1236 2726 1306 igitur
2745 1235 3012 1305 quomodo
3034 1234 3276 1290 Ninivitze
3292 1234 3683 1304 jejunaverunt,

2108 1335 2162 1381 et
2187 1325 2454 1396 quomodo
2484 1326 2552 1380 ab
2581 1327 2669 1381 illa
2697 1326 2902 1381 liberati
2933 1336 3057 1380 sunt
3082 1327 3180 1380 ira.
3213 1324 3458 1380 Homines
3480 1367 3494 1391 ,
3527 1337 3574 1380 et
3593 1327 3684 1395 ju-

2110 1429 2292 1483 menta,
2313 1429 2358 1473 et
2375 1435 2507 1483 oves,
2529 1430 2574 1473 et
2591 1419 2735 1474 boves
2753 1436 2815 1473 ne
2841 1429 3112 1488 pascantur
3140 1417 3282 1490 (Ion.
3311 1419 3363 1472 5.
3393 1419 3468 1488 7),
3497 1419 3684 1488 inquit.

2109 1511 2244 1577 Quid
2287 1511 2456 1566 dicis?
2486 1511 2572 1566 dic
2599 1510 2761 1576 mihi;
2789 1520 2844 1564 et
2884 1510 3034 1564 bruta
3066 1509 3330 1579 jejunant,
3353 1517 3408 1563 et
3442 1511 3562 1580 equi
3591 1527 3606 1564 :
3637 1520 3690 1564 et

2113 1605 2236 1658 muli
2279 1619 2434 1658 sacco
2483 1602 2820 1657 vestiuntur?
2849 1604 3017 1656 Etiam
3039 1643 3053 1669 ,
3087 1602 3254 1670 inquit
3284 1620 3298 1655 :
3325 1602 3462 1656 sicut
3502 1601 3645 1656 enim
3671 1643 3686 1667 ,

2110 1696 2268 1749 divite
2289 1695 2465 1766 aliquo
2495 1704 2721 1760 mortuo,
2744 1709 2847 1748 non
2875 1709 3055 1749 servus
3086 1694 3228 1749 solos
3257 1702 3310 1746 et
3335 1692 3573 1756 ancillas,
3595 1691 3690 1746 sed

2110 1796 2165 1840 et
2196 1801 2360 1856 equos
2401 1786 2686 1840 necessarii
2724 1799 2880 1839 sacco
2907 1784 3224 1839 amicientes
3247 1825 3262 1849 ,
3294 1793 3350 1839 et
3377 1783 3693 1853 agasonibus

2114 1879 2384 1933 tradentes
2408 1878 2473 1932 ad
2499 1878 2802 1948 sepulcrum
2830 1877 2978 1945 sequi
3002 1875 3212 1945 jubent,
3244 1875 3562 1929 calamitatis
3583 1888 3694 1926 ma-

2111 1970 2439 2039 gnitudinem
2465 1977 2794 2023 ostentantes
2815 2009 2832 2035 ,
2859 1976 2913 2022 et
2937 1982 3126 2022 omnes
3164 1967 3228 2020 ad
3274 1964 3692 2020 misericordiam

2112 2061 2404 2114 allicientes
2437 2079 2452 2114 :
2480 2061 2558 2115 sic
2600 2068 2652 2114 et
2691 2059 2904 2114 civitate
2953 2058 3041 2112 illa
3087 2057 3155 2112 de
3185 2056 3437 2112 extremis
3486 2055 3696 2124 pericli-

2114 2162 2291 2216 tante,
2323 2162 2377 2206 et
2418 2151 2626 2206 brutam
2671 2159 2914 2206 naturam
2961 2163 3117 2204 sacco
3159 2149 3610 2202 circumtexerunt
3642 2155 3697 2200 et

2109 2245 2296 2314 jejunii
2315 2245 2442 2314 jugo
2461 2243 2821 2312 subjecerunt.
2848 2241 2963 2295 Non
2990 2239 3114 2294 licet
3134 2239 3302 2294 brutis
3322 2251 3572 2292 sermone
3599 2236 3690 2289 Dei

2115 2340 2246 2392 iram
2285 2337 2524 2402 discere,
2551 2335 2758 2389 discant
2804 2333 2976 2398 fame,
3010 2331 3151 2402 quod
3186 2346 3216 2384 a
3273 2331 3384 2385 Deo
3433 2328 3695 2398 inﬂigatur

2116 2433 2264 2500 plaga
2299 2448 2312 2484 :
2345 2430 2542 2483 etenim
2573 2428 2618 2481 si
2643 2428 2962 2492 diruerctur,
2987 2424 3172 2494 inquit,
3197 2422 3406 2488 civitas,
3439 2436 3544 2474 non
3576 2431 3688 2473 tan-

2116 2531 2226 2576 tum
2265 2521 2428 2575 nostri
2467 2519 2872 2574 inhabitantium
2898 2559 2913 2583 ,
2941 2515 3036 2570 sed
3077 2523 3131 2570 et
3169 2514 3362 2568 horum
3412 2527 3516 2566 una
3553 2520 3696 2564 esset

2114 2615 2409 2669 communis
2436 2614 2723 2682 sepultura.
2755 2610 2884 2677 Qua:
2915 2609 3072 2679 igitur
3097 2622 3266 2678 paena:
3307 2614 3507 2676 partem
3549 2602 3697 2655 babi-

2117 2719 2230 2762 tura
2261 2715 2418 2771 sunt,
2451 2721 2512 2759 ea
2537 2704 2723 2775 jejunii
2745 2717 2954 2773 quoque
2982 2711 3184 2770 partem
3211 2697 3443 2766 capiant.
3469 2694 3536 2748 Et
3555 2693 3694 2747 aliud

2114 2798 2364 2870 quiddam
2406 2806 2531 2852 tunc
2577 2795 2853 2860 fecerunt,
2883 2791 3022 2861 quod
3053 2800 3105 2846 et
3137 2787 3409 2860 propheta:
3449 2785 3647 2841 faciunt
3679 2803 3693 2839 :

2112 2891 2311 2945 etenim
2340 2889 2413 2943 illi
2440 2903 2560 2942 cum
2584 2886 2846 2956 ﬂagellum
2872 2882 3086 2953 aliquod
3116 2879 3444 2936 intolerabile
3463 2877 3530 2933 de
3552 2877 3698 2932 cazlis

2116 2982 2241 3038 ferri
2271 2981 2518 3045 viderint,
2544 2989 2700 3048 atque
2723 2978 3017 3048 puniendos
3044 2975 3159 3029 sine
3185 2972 3375 3028 ﬁducia
3401 2987 3539 3037 esse,
3562 2985 3696 3026 con-

2117 3077 2323 3130 lusione
2351 3075 2570 3145 plenos,
2603 3087 2774 3142 neque
2813 3070 2968 3125 venia
3007 3081 3182 3138 neque
3220 3065 3563 3121 excusatione
3588 3063 3696 3118 ulla

2114 3168 2322 3236 dignos,
2353 3181 2450 3220 nec
2474 3164 2703 3218 habeant
2729 3161 2854 3232 quid
2887 3161 3113 3225 faciant,
3143 3172 3242 3212 nec
3273 3155 3414 3211 unde
3442 3154 3699 3210 condem-

2116 3263 2252 3316 natis
2282 3260 2553 3332 prrebcant
2584 3255 2956 3327 patrocinium,
2981 3253 3046 3308 ad
3087 3252 3241 3306 bruta
3267 3249 3576 3318 confugiunt
3599 3288 3614 3312 ,
3644 3257 3700 3301 et

2117 3352 2326 3405 illorum
2366 3359 2592 3403 mortem
2631 3345 3004 3415 deplorantes,
3030 3357 3094 3396 ex
3138 3340 3222 3395 his
3259 3337 3696 3409 supplicationem

2116 3443 2349 3506 faciunt,
2376 3439 2731 3496 miserabilem
2751 3438 2806 3491 et
2833 3437 3126 3490 luctuosam
3149 3433 3382 3503 ipsorum
3409 3429 3697 3502 perniciem

2117 3544 2493 3606 proponentes.
2524 3532 2656 3587 Cum
2685 3529 2841 3600 igitur
2862 3528 3029 3584 fatnes
3057 3527 3184 3582 olim
3205 3524 3419 3581 Iudaeos
3445 3535 3694 3592 compre-

2118 3630 2383 3686 hendisset
2413 3670 2427 3693 ,
2460 3637 2514 3682 et
2543 3627 2704 3680 multa
2747 3624 3015 3694 regionem
3061 3619 3273 3676 siccitas
3313 3625 3617 3688 premeret,
3643 3626 3700 3671 et

2116 3725 2292 3778 omnia
2329 3727 2770 3777 consumerentur
2799 3736 2812 3772 :
2842 3729 2978 3770 unus
3022 3713 3401 3784 prophetarum
3443 3708 3652 3764 dicebat
3682 3727 3696 3761 :

2119 3817 2422 3871 Resilierunt
2459 3817 2692 3884 juvencte
2732 3809 2871 3879 apud
2911 3807 3158 3877 prtesepia
3186 3821 3309 3869 sua,
3341 3803 3584 3873 ﬂeverunt
3611 3817 3700 3853 ar-

2116 3920 2283 3963 menta
2311 3909 2477 3968 boum,
2500 3906 2735 3975 quoniam
2753 3919 2853 3956 non
2881 3909 3020 3954 erant
3039 3915 3227 3970 pascua
3245 3914 3261 3951 :
3279 3897 3448 3950 omnia
3466 3897 3700 3964 jumenta

2117 4013 2262 4057 terra:
2287 4007 2608 4071 respexerunt
2654 3998 2720 4051 ad
2763 4007 2836 4059 te,
2865 3995 3101 4065 quoniam
3131 3992 3390 4046 exsiccata:
3409 3998 3529 4043 sunt
3553 3988 3694 4042 emis-

2118 4098 2282 4151 siones
2309 4109 2552 4164 aquarum
2581 4091 2718 4162 (Joel
2778 4091 2829 4143 l.
2859 4087 2983 4159 l7);
3015 4087 3152 4140 alter
3192 4100 3256 4139 ex
3296 4083 3534 4137 siccitate
3577 4091 3699 4133 nata

2119 4190 2254 4244 mala
2287 4189 2507 4258 lugens,
2537 4200 2747 4240 rursum
2793 4183 2872 4236 sic
2915 4180 3023 4234 lere
3067 4177 3235 4233 dicit:
3269 4175 3438 4230 Certus
3478 4174 3530 4226 in
3576 4188 3701 4241 agro

2120 4294 2417 4356 pepererunt
2455 4293 2500 4336 et
2537 4280 2908 4350 dereliquerunt
2934 4317 2948 4340 ,
2981 4272 3219 4344 quoniam
3252 4286 3353 4324 non
3394 4277 3499 4321 erat
3517 4265 3702 4329 herba;

2132 4353 2316 4439 onagri
2335 4370 2384 4422 in
2405 4368 2626 4420 saltibus
2644 4365 3009 4426 substiterunt,
3029 4365 3362 4417 attraxerant
3387 4363 3591 4409 ventum
3615 4353 3690 4404 si-

2135 4473 2222 4516 cut
2243 4463 2425 4514 draco:
2444 4459 2740 4529 defecerunt
2758 4461 2993 4530 ipsorum
3009 4453 3168 4515 oculi,
3186 4449 3434 4521 quoniam
3455 4465 3558 4502 non
3576 4459 3693 4504 erat

2135 4556 2328 4622 ftenum
2347 4551 2576 4619 (Jer.M.
2605 4551 2679 4620 5).
2705 4551 2992 4618 Propterea
3020 4558 3072 4600 et
3097 4546 3256 4599 hodie
3284 4543 3401 4597 Joel
3423 4542 3696 4596 dicentem

2135 4643 2384 4698 audistis:
2407 4643 2727 4713 Egrediatur
2745 4655 2965 4710 sponsus
2987 4655 3014 4690 e
3037 4635 3456 4696 cubiculosuo,et
3471 4648 3704 4700 sponsae

2138 4733 2371 4786 thalamo
2382 4739 2809 4801 suo,congregate
2827 4727 3055 4796 infantes
3070 4734 3308 4794 augentes
3321 4723 3479 4774 ubera
3496 4719 3634 4788 (Joel
3648 4719 3703 4772 2.

2139 4823 2370 4895 16),Qna
2383 4825 2447 4879 de
2462 4823 2742 4888 causa,dic
2755 4820 3257 4882 mihi,immaturam
3273 4823 3480 4868 mtatem
3497 4812 3561 4864 ad
3577 4825 3709 4877 sup-

2120 4926 2460 5000 plicationem
2487 4917 2674 4974 vocat?
2697 4914 2886 4970 Nonne
2917 4915 3119 4964 certum
3149 4909 3231 4958 est
3269 4895 3408 4970 quod
3437 4895 3452 4925 ¹
3487 4899 3709 4992 propter

2121 4993 2370 5075 eamdem
2413 5016 2580 5084 ipsam
2623 5004 2878 5064 causam?
2905 4999 3164 5070 Quoniam
3207 4993 3348 5048 enim
3392 4996 3709 5084 omnes-viri

2125 5123 2280 5171 actate
2307 5075 2523 5182 perfecti
2548 5101 2998 5160 exacerbaverunt
3014 5092 3202 5150 Deum,
3217 5095 3271 5139 et
3295 5081 3362 5136 ad
3385 5075 3710 5182 iracundiam

2125 5166 2544 5264 concitaverunt,
2569 5196 2740 5259 jEtas,
2767 5188 2956 5259 inquit,
2988 5192 3325 5254 peccatorum
3349 5184 3542 5264 expers
3574 5166 3714 5264 irato

2125 5259 2406 5368 supplicet.
2437 5259 2902 5347 Sedmtdicebam,
2929 5277 3205 5368 videamus
3225 5267 3350 5340 quid
3376 5259 3713 5368 tandem-sit.

2127 5355 2266 5463 quod
2297 5383 2652 5443 inevitabilem
2680 5379 2822 5434 illam
2855 5375 2985 5430 iram
3012 5367 3274 5463 solverit:
3302 5377 3426 5462 num
3451 5355 3711 5463 jejuni-mu

2129 5452 2299 5538 solum
2327 5489 2379 5534 et
2404 5474 2624 5532 saccus?
2641 5471 3006 5539 Nequaquam,
3027 5459 3119 5515 sed
3152 5457 3310 5511 totius
3326 5452 3447 5505 vita:
3469 5452 3720 5539 mutatio.

2129 5573 2283 5634 Unde
2327 5572 2427 5625 hoc
2455 5559 2836 5621 manifestum?
2866 5557 2946 5612 Ab
2989 5553 3115 5623 ipsis
3157 5542 3479 5620 propheticis
3514 5535 3721 5591 verbis.

2197 5719 2214 5751 ι
2251 5722 2390 5763 Juxta
2409 5708 2629 5759 similium
2646 5702 2910 5754 addidimus
2935 5712 2947 5746 :
2971 5704 3126 5747 nonne
3145 5693 3328 5741 (crtum
3351 5690 3418 5734 cst
3443 5676 3588 5744 quod.
