4074 6218
337 304 408 357 55
504 338 511 345 ι
1109 320 1168 375 S.
1206 317 1492 375 JO.\NNIS
1530 316 2024 375 CHRYSOSTOM!
2065 316 2391 373 ARCHIEP.
2428 315 2978 374 CONSTANTINOP.
3706 312 3773 367 5’4

328 435 436 487 Καὶ
475 430 596 487 εἶδε
642 437 712 487 τὰ
740 434 883 506 ἔργα
912 433 1111 489 αὐτῶν
1133 437 1165 488 o'
1195 435 1358 499 Θεός.
1379 434 1557 505 Ἔργα
1582 436 1740 499 tota;
1769 435 1848 487 ὅτι
1876 434 2000 503 ἐνή-

337 551 457 586 στευ
471 544 559 581 ταν
578 539 591 587 ;
613 522 691 575 ὅτι
718 523 921 575 σάκκον
955 522 1374 594 περιεϐάλοντο;
1427 522 1593 575 υύδέν
1622 520 1845 583 τούτων,
1866 519 2001 573 ἀλλά

334 611 506 663 πάντα
573 610 747 665 ταῦτα
793 613 1024 681 σιγήσας
1077 612 1391 682 ἐπήγαγεν’
1443 612 1561 664 Ὅτι
1617 609 2001 677 ἀπέστρεψεν

323 697 579 764 ἕκαστος
611 700 731 753 ἀπὸ
771 698 889 752 τῶν
936 699 1091 753 ὁδῶν
1141 699 1330 754 αὐτοῦ
1377 698 1495 753 τῶν
1541 697 1852 766 πονηρῶν,
1901 698 1999 751 καί

320 789 687 856 μετενόησεν
713 789 810 843 ἐπὶ
844 788 921 857 τῇ
951 790 1125 857 κακίᾳ
1155 784 1194 861 ᾖ
1219 790 1485 855 ἐλάλησε
1514 788 1763 855 ποιῆσαι
1798 786 2002 853 αὐτοῖς

321 874 355 925 ό
388 875 620 943 Κύριος.
656 876 819 947 Ὁρᾷς
845 878 927 930 ὃτι
957 878 1054 947 οὐχ
1083 880 1115 949 ή
1144 878 1369 947 νηστεία
1399 876 1675 946 ἐξήρπασε
1704 874 1799 928 τοῦ
1818 873 1984 927 κινδύε

323 975 437 1022 νου,
460 962 573 1014 ἀλλ’
600 965 633 1033 ἡ
667 964 937 1036 μεταϐολὴ
971 965 1063 1017 τοῦ
1097 964 1214 1032 βίου
1244 966 1333 1019 τὸν
1355 966 1485 1018 Θεὸν
1512 964 1843 1033 κατέστησεν
1875 961 2000 1017 ἵλεω

322 1050 436 1111 τοίς
467 1050 763 1120 βαρϐάροις
792 1052 885 1104 καὶ
914 1053 1118 1123 εὐμενῆ
1142 1069 1157 1118 ;

393 1135 580 1190 Ταῦτα
612 1136 785 1196 εἶπον.
822 1140 918 1209 οὐχ
947 1140 1033 1193 ἵνα
1062 1141 1315 1212 νηστείαν
1357 1140 1733 1211 ἀτιμάζωμεν,
1769 1138 1883 1193 ἀλλ’
1913 1139 1999 1192 ἵνα

320 1224 571 1295 νηστείαν
600 1227 853 1297 τιμῶμεν
870 1246 883 1259 ·
909 1227 1043 1299 τιμὴ
1067 1228 1174 1299 γὰρ
1199 1230 1474 1299 νηστείας,
1514 1229 1633 1298 οὐχὶ
1657 1228 1841 1282 σιτίων
1869 1227 2000 1280 ἀπο-

437 1311 552 1363 ἁλλ⁹
573 1312 985 1383 ἁμαρτημάτων
1005 1316 1376 1388 ἀναχώρησις,
1401 1316 1476 1378 ώς
1499 1316 1527 1368 ὃ
1548 1331 1610 1383 γε
1637 1317 1701 1385 τῇ
1723 1313 1830 1367 τῶν
1857 1313 1999 1385 βρω-

323 1399 509 1468 μάτων
537 1401 715 1472 ἀποχῇ
761 1402 920 1471 μόνον
949 1404 1150 1475 ὁρίζων
1178 1406 1276 1474 τὴν
1304 1404 1582 1474 νηστείαν.
1610 1397 1766 1466 οὗτός
1793 1405 1941 1455 ἐστιν
1966 1403 1996 1454 6

322 1487 557 1555 μάλιστα
582 1490 866 1560 ἀτιμάζων
893 1493 1084 1558 αὐτήν.
1110 1493 1440 1564 Νηστεύειςς
1467 1491 1637 1557 δεῖξόν
1659 1509 1750 1561 μοι
1772 1491 1858 1544 διὰ
1886 1490 1994 1544 τῶν

318 1573 494 1643 ἔργων
523 1576 725 1631 αὐτῶν.
760 1579 935 1632 Ποίων
964 1580 1158 1651 ἔργων,
1197 1581 1397 1651 φησίν;
1438 1581 1563 1633 Ἐὰν
1606 1580 1721 1652 ἴδῃς
1761 1578 1991 1646 πένητα,

317 1661 573 1733 ἐλέησον·
636 1665 732 1719 ἐάν
801 1666 915 1738 ἴδῃς
968 1667 1196 1739 ἐχθρὸν,
1257 1666 1631 1738 καταλλάγηθι
1664 1683 1677 1697 ·
1732 1668 1827 1721 ἐάν
1878 1666 1993 1737 ἴδῃς

316 1748 469 1815 φίλον
517 1750 945 1821 εὐδοκιμοῦντα,
982 1754 1059 1825 μὴ
1105 1755 1418 1828 βασκήνῃς·
1461 1755 1556 1807 ἐὰν
1601 1755 1717 1826 ἴδῃς
1755 1756 1992 1824 γυναῖκα

316 1836 608 1909 εὔμορφον,
648 1840 942 1914 ὑπέρϐηθι·
967 1843 1057 1914 Μὴ
1087 1845 1195 1916 γὰρ
1231 1844 1293 1915 δὴ
1323 1844 1497 1915 στόμα
1535 1844 1845 1914 νηστευέτω
1892 1843 1989 1914 μό-

192 1949 203 1959 ~
314 1942 437 1990 νον,
490 1926 625 1979 ἀλλά
670 1927 765 1979 καὶ
798 1928 1112 2000 ὀφθαλμὸς,
1163 1932 1259 1984 καὶ
1301 1932 1473 2003 ἀκοὴ,
1519 1932 1614 1984 καὶ
1663 1930 1856 1993 πόδες,
1896 1930 1990 1982 καὶ

313 2023 520 2083 χεῖρες,
554 2015 646 2068 καὶ
673 2015 851 2069 πάντα
873 2018 941 2070 τὰ
966 2018 1060 2072 τοῦ
1087 2018 1337 2090 σώματος
1362 2021 1521 2090 ἡμῶν
1544 2019 1679 2090 μέλη
1698 2033 1711 2046 ·
1735 2017 1989 2089 νηστευέ·

312 2116 493 2153 τωσαν
527 2104 727 2173 χεῖρες,
781 2104 1037 2177 ἁρπαγῆς
1068 2107 1161 2159 καὶ
1196 2105 1506 2173 πλεονεξίας
1556 2106 1983 2178 καθαρεύουσαν

311 2188 721 2255 νηστευέτωσαν
771 2193 965 2256 πόδες,
1014 2193 1231 2265 δρόμων
1276 2194 1386 2247 τῶν
1433 2194 1527 2248 ἐπί
1581 2193 1650 2248 τά
1698 2194 1989 2264 παράνομα

312 2273 516 2345 θέατρα
549 2277 944 2345 ἀφιστάμενοι·
981 2282 1391 2352 νηστευέτωσαν
1423 2281 1714 2353 ὀφθαλμοὶ,
1740 2280 1987 2334 παιδευόσ

314 2377 464 2431 μενοι
494 2363 767 2434 μηδέποτε
796 2366 982 2435 ὄψεσιν
1014 2368 1310 2439 εὐμόρφοις
1341 2369 1629 2440 ἐπιπηδᾷν,
1664 2368 1801 2440 μηδέ
1830 2366 1986 2421 ἀλλό-

307 2464 435 2519 τρια
458 2452 917 2522 περιεργάζεσθαι
949 2454 1140 2524 κάλλη.
1167 2456 1351 2527 Τροφὴ
1367 2456 1476 2528 γὰρ
1501 2455 1818 2527 ὀφθαλμῶν,
1852 2454 1987 2508 θεωο

313 2534 403 2605 ρία
426 2556 443 2606 ;
464 2535 598 2591 ἀλλά
624 2540 692 2591 ἂν
721 2539 819 2609 μὲν
846 2540 1165 2612 παράνομος
1257 2544 1351 2595 καὶ
1386 2543 1764 2614 κεκωλυμένη,
1792 2540 1988 2611 λυμαί-

313 2636 460 2676 νεται
510 2626 576 2694 τῇ
628 2625 851 2696 νηστείᾳ
874 2638 922 2686 α,
978 2628 1074 2681 καὶ
1118 2630 1299 2681 πᾶσαν
1328 2629 1624 2701 ἀνατρέπει
1655 2629 1763 2699 ’τῆς
1807 2627 1987 2698 ψυχῆς

307 2707 405 2778 τὴν
436 2711 711 2781 σωτηρίαν
732 2728 746 2742 ·
782 2713 847 2765 ἂν
889 2713 947 2766 δὲ
985 2713 1208 2785 ἔννομος
1237 2717 1331 2769 καὶ
1361 2716 1627 2788 ἀσφαλὴς,
1663 2718 1858 2786 κοσμεῖ
1888 2715 1986 2786 τὴν

310 2799 578 2867 νηστείαν.
609 2801 717 2853 Καὶ
739 2800 846 2873 γάρ
869 2801 977 2854 τῶν
992 2803 1356 2858 ἀτοπωτάτων
1381 2803 1447 2857 ἂν
1469 2804 1578 2876 εἴη,
1606 2806 1699 2857 ἐπὶ
1726 2805 1823 2875 μὲν
1852 2804 1987 2875 βρω·

311 2883 495 2952 μάτων
524 2886 744 2955 καὶτῆς
780 2890 1276 2962 συγκεχωρημένης
1307 2892 1637 2959 ἀφίστασθαι
1661 2893 1868 2965 τροφῆς
1896 2892 1986 2946 διὰ

306 2970 405 3040 τὴν
430 2973 709 3041 νηστείαν.
728 2976 820 3029 ἐπὶ
838 2976 895 3029 δὲ
914 2976 1024 3029 τῶν
1047 2978 1343 3050 ὀφθαλμῶν
1367 2979 1575 3049 καὶτῆς
1599 2979 1809 3033 κεκωλυ
1818 2979 1986 3051 μένης

308 3058 597 3113 ἅπτεσθαι.
634 3060 746 3135 [42]
775 3065 888 3117 Οὐκ
921 3065 1121 3131 ἐσθίεις
1152 3068 1328 3140 κρέα;
1369 3068 1443 3140 μὴ
1483 3070 1662 3141 φάγῃς
1691 3069 1986 3124 ἀκολασίαν

309 3144 397 3198 διά
440 3146 549 3201 τῶν
590 3149 905 3222 ὀφθαλμῶν.
944 3155 1272 3225 Νηστευέτω
1309 3157 1404 3210 καὶ
1452 3158 1621 3228 ἀκοή’
1670 3160 1892 3228 νηστεία
1926 3160 1983 3213 δέ

307 3231 478 3303 ἀκοῆς
513 3233 587 3307 μὴ
636 3235 887 3308 δέχεσθαι
925 3242 1261 3314 κακηγορίας
1307 3245 1402 3298 καὶ
1450 3244 1737 3309 διαϐολάς’
1778 3246 1986 3316 Ἄκοὴν

308 3318 416 3391 γάρ
442 3323 707 3389 ματαίαν
734 3323 821 3395 μὴ
856 3328 1189 3397 παραδέξῃ,
1226 3331 1383 3402 φησί.

375 3406 703 3479 Νηστευέτω
727 3414 821 3467 καὶ
856 3415 1032 3486 στόμα
1059 3416 1168 3470 ἀπὸ
1198 3418 1463 3490 ῥημάτων
1486 3420 1729 3491 αἰσχρῶν
1756 3420 1850 3476 καὶ
1875 3420 1985 3475 λοι-

302 3492 505 3583 δορίας.
529 3499 594 3553 Τί
614 3500 722 3574 γάρ
748 3501 938 3572 ὄφελος
966 3506 1095 3560 ὅταν
1122 3508 1220 3580 μὲν
1248 3509 1475 3581 ὀρνίθων
1500 3512 1594 3564 καὶ
1651 3511 1847 3583 ἰχθύων
1874 3514 1983 3567 ἀπ-

304 3581 577 3671 ἐχώμεθα,
595 3589 721 3653 τοὺς
753 3589 809 3643 δέ
841 3590 1107 3658 ἀδελφοὺς
1135 3594 1421 3668 δάκνωμεν
1446 3598 1541 3651 καὶ
1572 3581 1980 3671 κατεσθίωμεν;

404 3673 731 3759 κακηγορῶν
762 3676 1023 3746 ἀδελφικά
1073 3681 1208 3753 κρέα
1239 3682 1463 3753 ἔφαγεν,
1493 3685 1593 3758 τὴν
1627 3687 1807 3759 σάρκα
1829 3669 1858 3728 5
1888 3687 1981 3742 τοῦ

305 3755 531 3844 πλησίον
560 3760 737 3817 ἔδακε.
758 3764 857 3818 Διά
876 3764 1034 3820 τοῦτο
1057 3769 1150 3821 καὶ
1168 3769 1377 3834 Παῦλος
1404 3755 1669 3844 ἐφόϐησεν
1694 3755 1863 3829 εἰπών
1885 3791 1898 3804 σ
1914 3777 1982 3829 El

307 3842 376 3933 δὲ
404 3846 722 3933 ἀλλήλους
748 3851 1000 3908 δάκνετε
1038 3857 1138 3909 καί
1178 3842 1569 3924 κατεσθίετε,
1593 3862 1858 3926 ,ϐλέπετε
1891 3862 1979 3933 μὴ

452 3933 744 4001 ἀλλήλων
763 3938 1130 4009 ἀναλωθῆτε.
1152 3946 1265 3998 Οὐκ
1287 3946 1556 4016 ἐνέπηξας
1577 3952 1643 4019 τῇ
1674 3952 1836 4021 σαρκὶ
1857 3931 1981 4015 τοὺς

305 4016 543 4110 ὀδόντας,
582 4021 697 4075 ἀλλ’
732 4025 1001 4097 ἐνέπηξας
1044 4032 1110 4100 τῇ
1162 4030 1307 4103 ψυχῇ
1346 4032 1446 4104 τὴν
1484 4016 1850 4108 κακηγορίαν,
1884 4038 1980 4110 την

306 4106 552 4176 πονηράν
590 4110 854 4182 ὑπόληψιν
893 4114 1157 4186 ἔτρωσας,
1193 4120 1361 4191 μυρία
1406 4122 1650 4194 εἰργάσω
1689 4106 1835 4179 κακά
1889 4106 1981 4180 καὶ

307 4194 505 4286 σαυτὸν
544 4200 639 4253 καὶ
680 4202 884 4257 ἐκεῖνον
918 4206 1012 4259 καὶ
1046 4207 1264 4280 ἐτέρους
1300 4210 1553 4276 πλείονας
1574 4228 1587 4242 ·
1624 4214 1851 4286 καὶγὰρ
1887 4216 1979 4269 τὸν

305 4281 611 4339 ἀκούσαντα
633 4289 853 4359 χείρονα
879 4294 1140 4363 εἰργάσω,
1166 4294 1467 4352 διαϐάλλων
1486 4299 1578 4352 τὸν
1609 4281 1853 4370 πλησίον.
1878 4304 1977 4356 "Av

303 4385 367 4460 τε
389 4371 497 4460 γάρ
523 4373 913 4448 ἀμαρτωλδςῇ,
942 4380 1183 4452 ῥᾴθυμος
1211 4393 1234 4422 ο
1263 4384 1491 4453 γίνεται,
1521 4388 1774 4441 κοινωνὸν
1803 4388 1979 4460 εὑρὼν

304 4456 407 4527 τῆς
433 4459 707 4532 ἁμαρτίας
727 4479 739 4492 ·
764 4465 828 4518 ἀν
849 4483 910 4518 τε
937 4466 1144 4533 δίκαιος
1166 4464 1223 4544 ᾖ,
1245 4473 1324 4535 εἰς
1349 4472 1607 4526 ἀπόνοιαν
1629 4456 1979 4545 αἰρεταιξκαί

306 4548 545 4614 φυσᾶται
575 4550 640 4602 ἐκ
675 4550 774 4621 τῆς
808 4552 1009 4624 ἐτέρων
1038 4556 1333 4628 ἁμαρτίας,
1368 4559 1579 4629 μεγάλα
1610 4562 1736 4632 περὶ
1779 4562 1975 4616 ἐαυτοῦ

305 4633 674 4701 φαντάζεσθαι
711 4640 1104 4711 προαγόμενος.
1136 4644 1291 4698 Μετά
1323 4645 1529 4701 τούτων
1562 4648 1622 4700 τὸ
1666 4649 1842 4703 κοινὸν
1876 4650 1978 4721 τῆς

316 4724 642 4797 Ἐκκλησίας
684 4727 952 4799 ἔϐλαψαςο
989 4733 1049 4786 οὐ
1086 4734 1195 4806 γὰρ
1232 4734 1297 4808 δὴ
1338 4736 1431 4792 τὸν
1473 4740 1832 4811 ἡμαρτηκότα
1861 4741 1977 4794 δια-

304 4811 602 4901 ϐάλλουσιν
644 4817 883 4901 ἅπαντες
926 4821 976 4874 οἰ
1014 4822 1336 4890 ἀκούοντες,
1387 4826 1523 4880 ἀλλά
1572 4827 1638 4881 τὰ
1675 4829 1851 4901 ὀνείδη
1900 4830 1977 4901 τῷ

304 4897 644 4967 Χριστιανῶν
683 4900 825 4956 ἔθνει
859 4901 885 4942 ἀ
922 4906 1311 4977 προστρίϐεται
1337 4928 1350 4940 ο
1387 4909 1506 4963 οὐδέ
1553 4910 1698 4965 ἔστιν
1742 4897 1976 4967 ἀκοῦσαι

303 4980 546 5033 ἀπίστων
573 4982 859 5052 λεγόντων,
901 4986 983 5039 ὅτι
1015 4988 1043 5040 6
1080 4988 1228 5042 δεῖνα
1270 4990 1467 5061 πόρνος
1497 4993 1612 5045 ἐστὶ
1643 4994 1735 5046 καὶ
1774 4995 1975 5048 ἀκόλα-

306 5076 450 5147 στος.
482 5063 597 5147 ἀλλέ
624 5067 744 5120 ἀντὶ
768 5068 860 5122 τοῦ
891 5067 1439 5141 πεπλημμεληκότος,
1466 5077 1590 5138 τοὺς
1622 5078 1975 5147 Χριστιανοὺς

305 5140 547 5231 ἀμπαντας
580 5146 942 5206 διαϐάλλουσι.
975 5140 1355 5225 Πρόςτούτοις
1384 5156 1477 5210 τοῦ
1520 5158 1655 5211 Θεοῦ
1673 5140 1788 5231 ’τὴν
1820 5140 1977 5228 δόξαν

306 5222 740 5315 βλασφημείσθω
781 5236 1203 5307 παρεσκεύασας
1223 5256 1236 5268 ’
1263 5237 1452 5311 ὥσπερ
1482 5241 1591 5313 γάρ
1627 5245 1973 5315 εὐδοκιμούν-

302 5307 598 5403 τωκιήμῶν
718 5312 889 5385 ὄνομα
928 5318 1023 5373 τοῦ
1064 5319 1198 5374 θεοῦ
1237 5321 1542 5388 δοξάζεται,
1585 5325 1757 5392 οὕτως
1791 5330 1973 5403 ἀμαρ-

303 5387 572 5483 τεινόντων
619 5390 1016 5483 βλασφημεῖται
1062 5405 1154 5457 καὶ
1186 5387 1486 5478 ὑϐρίζεται.
1536 5387 1844 5483 Τέταρτονί
1884 5387 1976 5467 τόν

306 5470 489 5567 κακῶς
548 5472 857 5567 ἀκούσαντα
910 5484 1285 5556 κατῄσχυνας,
1349 5492 1442 5545 καὶ
1494 5470 1976 5567 ἀναισχυντότερον

303 5552 476 5627 ταύτῃ
501 5559 820 5629 πεποίηκας,
840 5552 1046 5636 ἐχθρὸν
1059 5552 1153 5622 καὶ
1169 5571 1423 5642 πολέμιον
1441 5552 1809 5648 καταστῆσας.
1828 5552 1975 5650 Πέμ-

367 5680 392 5746 f‘
418 5679 543 5746 Tges
566 5695 681 5733 mss.
717 5687 803 5743 τήν
821 5688 1056 5746 νηστείαν.

364 5740 392 5820 1:
411 5743 690 5820 (Qut-mae
714 5740 890 5820 σάρκα,
910 5751 993 5820 alij
1018 5754 1102 5809 τήν
1124 5754 1212 5817 γὰρ
1246 5754 1417 5820 σάρκα.

363 5804 390 5882 ξ
411 5803 561 5882 S‘ivil.‘
589 5814 641 5855 el
665 5803 1136 5882 unus'pqﬁupétep'ogQ

306 5866 723 5980 EO‘LSiEDﬁ-gere
770 5866 938 5923 \‘i'silm'
977 5866 1054 5926 esi
1096 5866 1204 5925 dum
1253 5878 1451 5937 SaVilio,
1495 5894 1583 5943 pro
1614 5886 1745 5950 vulg.
1780 5888 1839 5936 τὸ
1877 5892 1964 5954 Χρ.

411 5954 442 5980 ι.
600 5968 610 5979 .

411 5954 442 5980 5·
479 5954 610 5980 ινιτ.

2113 450 2265 498 πτον,
2286 433 2478 487 ἐαυτὸν
2500 433 2798 488 ὑπεύθυνον
2823 433 3042 487 κολάσει
3067 432 3161 486 καὶ
3188 431 3427 502 τιμωρίᾳ
3451 431 3770 500 πεποίηκας,

2107 522 2410 592 πράγματα
2444 523 2512 576 τά
2540 522 2705 594 μηδὲν
2733 522 2917 594 σαυτῷ
2943 523 3286 594 προσήκοντα
3311 521 3527 586 πλέξας.
3555 520 3645 588 Μὴ
3668 518 3774 587 γάρ

2110 627 2198 679 μοι
2230 610 2387 663 τοῦτο
2411 610 2617 680 λεγέτω
2644 627 2749 675 τις,
2767 611 2850 663 ὅτι
2874 610 2995 663 τότε
3019 607 3333 681 κακηγορῶ,
3364 606 3581 659 ἐπειδὰν
3606 604 3772 676 ψευδῆ

2103 697 2269 749 εἴπω·
2311 697 2405 750 ἐὰν
2447 698 2503 750 δέ
2557 697 2829 769 ἀληθεύω,
2883 698 3086 752 οὐκέτι.
3130 695 3248 750 Κάν
3296 694 3574 764 ἀληθεύων
3615 693 3775 764 εἴπῃς

2102 785 2307 849 κακῶς,
2336 786 2428 839 καὶ
2450 785 2608 840 τοῦτο
2637 787 2887 858 ἔγκλημα
2906 803 2920 817 ο
2950 787 3042 840 καὶ
3069 786 3179 858 γάρ
3203 787 3231 839 6
3259 787 3551 857 Φαρισαῖος
3574 785 3774 845 ἐκεῖνος

2098 872 2190 925 τὸν
2210 872 2447 944 τελώνην
2487 871 2608 928 εἷπε
2645 874 2833 938 κακῶς
2864 875 3161 946 ἀληθεύων,
3193 875 3306 929 ἀλλ’
3329 875 3478 945 ὅμως
3510 873 3661 926 οὐδὲν
3680 872 3775 924 αὐ-

2100 957 2194 1010 τοῦ
2224 959 2381 1013 τοῦτο
2406 961 2666 1034 προέστη.
2689 963 2824 1016 Εἰπέ
2850 964 2959 1034 γάρ
2991 980 3102 1033 μοι,
3126 962 3364 1032 τελώνης
3388 957 3457 1032 ἣν
3486 962 3515 1014 ὁ
3540 958 3775 1028 τελώνης

2100 1045 2193 1097 καὶ
2215 1046 2569 1117 ἀμαρτωλός;
2592 1048 2758 1106 Παντί
2780 1066 2881 1102 που
2908 1049 3066 1119 δῆλον
3088 1049 3169 1102 ὅτι
3195 1046 3431 1116 τελώνης
3451 1064 3464 1077 ⁸
3488 1044 3602 1101 ἀλλ’
3626 1046 3775 1115 ὅμως

2098 1132 2283 1204 ἐπειδὴ
2335 1134 2497 1187 αὐτὸν
2543 1133 2797 1189 ἐκάκισεν
2839 1136 2867 1188 ὀ
2902 1137 3224 1207 Φαρισαῖος,
3270 1134 3509 1207 ἀπῆλθεν
3561 1134 3775 1187 ἅπαντα

2098 1218 2389 1293 ἀπολέσας.
2442 1221 2627 1275 Βούλει
2666 1222 2958 1294 διορθῶσαι
2996 1222 3089 1276 τὸν
3138 1223 3410 1292 ἀδελφόν;
3481 1220 3770 1292 δάκρυσον,

2098 1299 2250 1374 εὖξαι
2300 1308 2376 1378 τῷ
2403 1308 2541 1380 Θεῷ,
2592 1312 2712 1363 κατ’
2750 1311 2884 1364 ἰδίαν
2917 1310 3097 1365 λαϐὼν
3139 1311 3490 1383 παραίνεσον,
3536 1307 3774 1379 συμϐούο

2097 1394 2306 1461 λευσον,
2336 1396 2736 1467 παρακάλεσον.
2760 1396 2918 1451 Οῦτω
2941 1398 3037 1452 καὶ
3059 1400 3087 1452 6
3104 1397 3313 1461 Παῦλος
3342 1396 3535 1450 ἐποίει·
3553 1394 3775 1461 Mr}ch

2096 1482 2353 1536 ἐλθόντα
2378 1500 2476 1551 με.
2508 1485 2672 1556 φησὶ.
2709 1484 3048 1555 ταπεινώσῃ
3088 1488 3121 1540 ό
3153 1486 3318 1551 Θεὸς,
3355 1484 3452 1538 καί
3494 1483 3726 1547 «sv-0730'
3730 1501 3775 1534 ω

2096 1570 2361 1635 πολλοὺς
2394 1570 2510 1624 τῶν
2534 1574 3097 1641 προημαρτηκότων,
3126 1572 3224 1626 καί
3245 1571 3331 1641 μὴ
3356 1568 3774 1641 μετανοησάν-

2095 1673 2213 1710 των
2242 1657 2339 1710 ἐπὶ
2372 1657 2444 1726 τῇ
2478 1659 2833 1728 ἀκαθαρσίᾳ,
2869 1661 2966 1714 καί
2986 1661 3255 1729 πορνείᾳ,
3289 1660 3389 1713 καὶ
3418 1659 3701 1727 ἀσελγείᾳ
3734 1651 3773 1727 ᾖ

2093 1747 2382 1812 ἔπραξαν.
2415 1748 2596 1812 Δεῖξον
2622 1750 2844 1820 ἀγάπην
2873 1751 3003 1821 περὶ
3037 1750 3131 1803 τὸν
3159 1749 3516 1822 ἡμαρτηκότα
3538 1764 3550 1777 ·
3588 1750 3773 1799 πεῖσον

2093 1836 2254 1888 αὐτὸν
2285 1837 2367 1890 ὅτι
2413 1837 2712 1908 κηδόμενος
2753 1837 2849 1891 καὶ
2883 1836 3214 1910 φροντίζων,
3250 1839 3350 1891 οὐκ
3389 1833 3772 1905 ἐκπομπεῦσαι

2094 1922 2437 1994 βουλόμενος.
2468 1926 2594 1995 περὶ
2621 1936 2645 1964 °
2676 1925 2778 1996 τῆς
2805 1925 3080 1997 ἁμαρτίας
3105 1926 3268 1980 αὐτὸν
3298 1925 3732 1995 ὑπομιμνήσκεις
3754 1937 3767 1949 σ

2092 2012 2329 2082 κάτασχε
2358 2013 2543 2077 πόδας,
2563 2014 2955 2085 καταφίλησονζ
2975 2015 3049 2086 μὴ
3072 2013 3460 2084 ἐπαισχυνθῇς,
3485 2012 3535 2065 εί
3557 2027 3619 2080 γε
3642 2009 3774 2079 ἀλη-

2091 2100 2198 2165 θῶς
2228 2102 2508 2173 ἰατρεῦσαι
2542 2103 2740 2174 βούλει.
2766 2102 2954 2158 Ταῦτα
2987 2103 3082 2157 καὶ
3114 2104 3289 2174 ἰατροὶ
3325 2100 3537 2154 ποιοῦσι
3572 2098 3771 2151 πολλά-

2090 2207 2145 2243 κι
2158 2210 2172 2253 ;
2183 2208 2198 2223 ’
2216 2191 2560 2262 δυσαρέστως
2575 2193 2683 2266 γάρ
2699 2192 2921 2264 ἔχοντας
2935 2194 3061 2253 τοὺς
3078 2192 3391 2262 κάμνοντας
3412 2186 3772 2257 καταφιλοῦν-

2087 2294 2201 2342 τες,
2226 2278 2673 2349 παρακαλοῦντες
2704 2278 3184 2351 ἀναπείθουσιμό]
3220 2279 3484 2349 σωτήριον
3514 2273 3769 2339 δέξασθαι

2087 2365 2406 2437 φάρμακονο
2428 2367 2570 2422 οὕτω
2587 2369 2679 2422 καὶ
2697 2370 2761 2423 σύ
2788 2369 3031 2439 ποίησον⁸
3049 2367 3126 2439 τῷ
3148 2368 3283 2438 ἰερεῖ
3308 2366 3478 2432 δεῖξον
3506 2364 3565 2417 τὸ
3591 2363 3766 2425 ἕλκος,

2086 2452 2244 2506 τοῦτό
2261 2455 2376 2506 ἐστι
2393 2455 2714 2526 κηδομένου,
2727 2455 2888 2510 τοῦτο
2904 2454 3277 2528 προνοοῦντος,
3292 2453 3449 2506 τοῦτο
3468 2448 3771 2523 φροντίζον·

2086 2557 2196 2603 τος·
2238 2541 2313 2593 Οὐ
2334 2544 2445 2605 τοῖς
2467 2543 2650 2607 κακῶς
2672 2543 2730 2596 δέ
2762 2544 2921 2615 μόνον
2936 2544 3206 2613 λέγουσιν,
3222 2541 3356 2597 ἀλλά
3374 2542 3467 2595 καί⁵
3480 2542 3593 2602 τοῖς
3609 2536 3771 2592 ἀκού⁶

2086 2645 2204 2681 ουσι
2226 2628 2410 2692 κακῶς
2436 2628 2761 2699 λεγομένους
2781 2631 3008 2702 ἐτέρους
3034 2628 3285 2702 παραινῶ
3314 2629 3414 2691 τὰς
3441 2627 3611 2690 ἀκοὰς
3636 2629 3770 2680 ἀπο-

2088 2716 2369 2787 φράττειν,
2394 2717 2488 2770 καὶ
2513 2716 2603 2771 τὸν
2629 2719 2917 2790 προφήτην
2948 2718 3233 2790 μιμεῖσθαι
3254 2716 3344 2771 τὸν
3365 2717 3590 2784 λέγοντα
3609 2733 3622 2746 ·
3659 2714 3769 2770 Τὸν

2086 2802 2547 2858 καταλαλοῦντα
2567 2805 2760 2873 λάθρα
2788 2804 2895 2859 τὸν
2918 2806 3187 2874 πλησίον
3206 2804 3413 2867 αὐτοῦ,
3436 2804 3649 2857 τοῦτον
3670 2801 3769 2867 ἐξ-

2085 2890 2350 2945 εδίωκον.
2384 2891 2517 2945 Εἰπὲ
2546 2893 2681 2963 πρὸς
2709 2892 2800 2945 τὸν
2835 2892 3089 2963 πλησίονο
3132 2894 3318 2964 Ἔχεις
3341 2891 3620 2945 ἐπαινέσαι
3645 2891 3769 2943 τινὰ

2097 2978 2195 3032 καὶ
2241 2980 2627 3051 ἐγκωμιάσαις
2680 2980 2883 3048 ἀνοίγω
2928 2979 3029 3039 τὰς
3061 2980 3251 3043 ἀκοάς,
3294 2980 3382 3033 ἵνα
3422 2978 3663 3049 δέξωμαι
3698 2977 3765 3031 τὰ

2090 3065 2237 3139 μύρα
2257 3086 2272 3099 ’
2295 3066 2363 3121 ἂν
2402 3067 2458 3121 δέ
2500 3066 2687 3132 κακῶς
2718 3067 2907 3139 ἐθέλῃς
2941 3070 3135 3130 εἰπεῖν,
3172 3067 3504 3139 ἀποφράττω
3532 3067 3629 3137 τὴν
3657 3067 3766 3120 εἵσ-

2085 3152 2201 3206 οδον
2228 3156 2340 3217 τοῖς
2385 3156 2656 3225 ῥήμασιν·
2698 3155 2760 3208 οὐ
2808 3154 2919 3226 γάρ
2968 3154 3233 3226 ἀνέχομαι
3275 3156 3478 3225 κόπρον
3512 3156 3606 3209 καὶ
3642 3155 3766 3225 $69-

2086 3241 2245 3311 ϐορον
2270 3241 2548 3312 δέχεσθαι.
2575 3243 2641 3296 Τί
2684 3260 2775 3313 μοι
2802 3243 2864 3295 τὸ
2896 3242 3089 3313 κέρδος
3120 3245 3185 3296 ἐκ
3218 3241 3312 3295 τοῦ
3347 3242 3538 3313 μαθεῖν
3561 3242 3642 3296 δτι
3671 3260 3763 3296 ποι

2085 3328 2249 3399 νηρὸς
2282 3330 2310 3381 6
2340 3329 2522 3394 δεῖνα;
2563 3329 2821 3400 μέγιστον
2848 3329 2948 3401 μέν
2977 3326 3071 3385 οὖν
3093 3330 3202 3384 ἀπὸ
3222 3329 3412 3383 τούτου
3439 3329 3635 3399 βλάϐος
3671 3329 3765 3384 καὶ

2086 3414 2287 3487 ἐσχάτη
2318 3414 2513 3486 ζημία.
2538 3417 2671 3470 Εἰπέ
2699 3416 2833 3488 πρὸς
2856 3416 3019 3471 αὐτόν
3040 3434 3053 3449 ’
3078 3416 3517 3491 Μεριμνήσωμεν
3539 3417 3607 3469 τὰ
3626 3417 3757 3487 ῆμέ·

2083 3517 2236 3573 τερα,
2266 3501 2386 3566 πῶς
2418 3501 2524 3556 τῶν
2560 3503 3117 3575 πεπλημμελημένων
3147 3507 3280 3577 ἡμῖν
3308 3503 3539 3567 εὐθύνας
3558 3504 3759 3574 δῶμεν,

2086 3588 2180 3642 καὶ
2227 3587 2326 3661 τὴν
2362 3590 2685 3661 περιεργίαν
2716 3592 2921 3662 ταύτην
2967 3592 3059 3645 καὶ
3099 3591 3198 3663 τὴν
3231 3590 3762 3662 πολυπραγμοσύνην

2085 3677 2165 3739 εἰς
2192 3675 2292 3746 τὴν
2325 3675 2470 3746 ζωὴν
2496 3677 2594 3748 τὴν
2619 3678 2895 3750 ἡμετέραν
2926 3677 3343 3751 ἐπιδειξώμεθα.
3370 3679 3536 3733 Ποίαν
3568 3678 3761 3749 ἕξομεν

2085 3763 2401 3832 ἀπολογίαν,
2427 3763 2549 3818 τίνα
2580 3765 2932 3837 συγγνώμην,
2959 3766 3087 3819 ὅταν
3111 3766 3181 3819 τά
3206 3766 3451 3837 ἡμέτερα
3494 3766 3593 3836 μέν
3626 3767 3762 3836 μηδέ

2083 3853 2165 3914 εἰς
2188 3851 2316 3905 νοῦν
2336 3851 2726 3924 λαμϐάνωμεν,
2759 3853 2826 3907 τά
2850 3853 2907 3906 δὲ
2933 3853 3191 3925 ἀλλότρια
3212 3854 3354 3907 οὕτω
3377 3853 3763 3925 πολυπραγμο-

2083 3938 2262 4009 νῶμεν
2287 3955 2301 4004 ;
2331 3941 2441 3993 Καὶ
2476 3940 2664 4013 ὥσπερ
2694 3941 2775 4006 εἰς
2797 3942 2975 3996 οἰκίαν
3004 3942 3350 4015 παρακύψαι,
3391 3944 3485 3997 καὶ
3518 3946 3585 3997 τὰ
3614 3943 3762 3997 ἔνδον

2083 4028 2500 4099 κατασκοπῆσαι
2542 4028 2561 4067 ί
2579 4029 2868 4100 παριόντα,
2903 4031 3126 4101 αἰσχρὸν
3150 4031 3242 4084 καὶ
3265 4031 3465 4101 πολλῆς
3499 4031 3762 4102 αἰσχύνης

2081 4114 2251 4186 γέμον
2266 4131 2280 4144 ·
2310 4114 2455 4170 οὕτω
2477 4117 2571 4171 καί¹
2600 4117 2713 4187 βίον
2735 4118 3015 4191 ἀλλότριον
3037 4118 3515 4191 περιεργάζεσθαι,
3541 4120 3765 4174 ἀνελευ-

2090 4202 2282 4275 θερίας
2306 4205 2560 4275 ἐσχάτης.
2606 4206 2680 4260 Τό
2731 4206 2788 4261 δέ
2820 4206 3011 4261 τούτου
3065 4208 3621 4281 καταγελαστότερον,
3679 4209 3765 4263 ὅτι

2080 4290 2320 4344 τοιοῦτον
2342 4292 2559 4362 ἔχοντες
2586 4293 2719 4363 βίον,
2747 4296 2841 4349 καὶ
2859 4295 2968 4349 τῶν
2996 4296 3210 4351 οἰκείων
3231 4297 3578 4368 ἀμελοῦντες,
3611 4299 3762 4350 ἐπει-

2080 4377 2177 4430 δάν
2205 4379 2400 4432 ετπωσί
2432 4397 2485 4433 τι
2518 4382 2627 4435 τῶν
2655 4383 3002 4455 ἀπορρήτων,
3048 4385 3427 4456 παρακαλοῦσι
3464 4386 3557 4439 τὸν
3595 4385 3764 4438 ἀκού-

2083 4479 2270 4528 σαντα,
2300 4466 2393 4518 καὶ
2416 4466 2637 4539 ὀρκοῦσι
2670 4470 2859 4539 μηδενὶ
2891 4469 3076 4525 λοιπὸν
3104 4474 3281 4525 εἰπεῖν
3312 4473 3505 4545 ἑτέρῳ,
3533 4473 3763 4526 αὐτόθεν

2078 4551 2365 4623 δηλοῦντες
2396 4554 2479 4608 ὅτι
2527 4557 2759 4627 πρᾶγμα
2792 4557 2941 4624 ἀξιον
2975 4560 3310 4631 κατηγορίας
3359 4561 3638 4632 ἐποίησαν.
3697 4561 3762 4614 Εἰ

2079 4640 2188 4712 γάρ
2216 4644 2421 4696 ἐκεῖνον
2473 4644 2665 4715 μηδενὶ
2714 4645 2889 4698 εἰπεῖν
2938 4646 3110 4719 ἑτέρῳ
3142 4649 3483 4720 παρακαλεῖς
3504 4687 3519 4711 ,
3578 4647 3764 4721 πολλῷ

2083 4727 2282 4798 μᾶλλον
2303 4728 2362 4782 σὲ
2384 4730 2649 4801 πρότερον
2673 4731 2848 4803 τούτῳ
2874 4732 3050 4788 ταῦτα
3078 4736 3251 4789 εἰπεῖν
3278 4737 3377 4790 οὐκ
3394 4736 3581 4807 ἐχρῆν.
3612 4739 3764 4796 Kar-

2079 4817 2225 4886 εἶχες
2288 4818 2347 4869 ἐν
2396 4818 2667 4890 ἀσφαλείᾳ
2720 4817 2811 4872 τὸν
2846 4818 3032 4888 λόγον’
3062 4821 3150 4874 ὅτε
3193 4822 3355 4875 αὐτὸν
3404 4823 3721 4893 προέδωκας
3745 4864 3763 4886 ,

2078 4903 2199 4957 τότε
2230 4905 2329 4975 τῆς
2379 4906 2655 4977 σωτηρίας
2688 4906 2852 4961 αὐτοῦ
2891 4909 3231 4979 φροντίζειςς
3279 4913 3327 4965 εἰ
3363 4911 3528 4984 βούλῃ
3559 4911 3632 4983 μὴ
3674 4913 3764 4979 ἐξ·

2080 4989 2365 5061 ἐνεχθῆναι
2404 4993 2482 5056 εἰς
2514 4992 2699 5064 ἕτερον
2720 5034 2734 5059 ,
2773 4993 2910 5066 μηδέ
2958 4996 3119 5059 αὐτὸς
3150 4998 3310 5068 εἴπῃς
3331 5014 3342 5026 ·
3371 4998 3460 5051 ὅτε
3492 4998 3550 5051 δέ
3586 4999 3764 5071 ἑτέρῳ

2081 5077 2399 5149 προέδωκας
2429 5078 2522 5132 τοῦ
2562 5080 2721 5148 λόγου
2745 5080 2845 5153 τὴν
2888 5083 3155 5155 φυλακὴν,
3188 5085 3417 5156 περιττά
3457 5088 3629 5150 ποιεῖς
3668 5090 3765 5141 καὶ

2079 5162 2312 5236 ἀνόνητα
2338 5165 2752 5236 παραγγέλλων,
2781 5171 2875 5223 καὶ
2907 5171 3087 5242 ὀρκῶν
3119 5171 3260 5245 ὑπὲρ
3301 5173 3401 5244 τῆς
3448 5172 3556 5227 τῶν
3603 5175 3763 5246 εἰρη-

2082 5252 2259 5322 μένων
2295 5253 2562 5327 φυλακῆς.
2611 5255 2750 5309 Ἀλλ’
2774 5257 2873 5329 ἡδὺ
2903 5259 2964 5313 τὸ
2997 5264 3369 5332 κακηγορείν;
3404 5262 3501 5333 ἡδὺ
3532 5263 3633 5333 μὲν
3665 5259 3764 5317 οὖν

2078 5341 2138 5393 τὸ
2176 5342 2249 5414 μὴ
2282 5341 2460 5411 λέγειν
2500 5344 2706 5409 κακῶς.
2748 5346 2804 5400 Ὀ
2845 5348 2944 5418 μὲν
2977 5350 3084 5420 γὰρ
3112 5350 3281 5403 εἰπὼν
3306 5350 3507 5413 κακῶς,
3550 5351 3764 5419 ἐναγώ-

2078 5446 2191 5494 νιος
2224 5430 2408 5484 λοιπόν
2440 5432 2608 5491 ἐστιν.
2646 5433 2942 5488 ὐποπτεύει
2970 5453 3029 5489 τε
3067 5437 3159 5489 καὶ
3194 5437 3417 5497 δέδοικε,
3458 5437 3552 5490 καὶ
3591 5456 3762 5507 μεταο

2076 5520 2206 5582 νοεῖ,
2258 5518 2352 5571 καὶ
2384 5518 2658 5573 κατεσθίει
2698 5520 2795 5592 τὴν
2843 5523 3039 5577 ἐαυτοῦ
3074 5523 3335 5591 γλῶτταν.
3377 5524 3633 5588 δεδοικὼς
3666 5530 3763 5581 καὶ

2076 5599 2317 5671 τρέμων,
2351 5603 2424 5673 μή
2463 5619 2592 5655 ποτε
2615 5604 2696 5667 εἰς
2729 5604 2952 5677 ἐτέρους
2980 5605 3256 5675 ἐξενεχθὲν
3284 5606 3342 5659 τὸ
3378 5607 3529 5677 ῥῆμα
3584 5610 3769 5677 μέγαν

2079 5684 2335 5757 ἐπαγάγῃ
2385 5686 2478 5738 τὸν
2511 5686 2776 5744 κίνδυνον.
2813 5690 2909 5742 καὶ
2956 5690 3220 5760 περιττὴν
3264 5688 3463 5760 ἔχθραν
3522 5692 3621 5743 καὶ
3667 5694 3770 5745 άν-

2077 5765 2265 5839 όνητον
2302 5769 2728 5840 ἐργάσηταιτοίς
2756 5771 3071 5843 εἰρηκόσιν·
3110 5776 3138 5827 ὀ
3165 5774 3218 5827 δέ
3255 5776 3380 5846 παρ’
3411 5773 3591 5843 ἐαυτῷ
3625 5795 3731 5831 κατ
3754 5813 3773 5821 -

2142 5897 2161 5961 ξ
2190 5896 2255 5961 γῐη
2279 5896 2387 5947 aliis
2408 5899 2515 5961 περί
2546 5900 2705 5949 deest.

2145 5956 2328 6010 ‘SaVil.
2353 5966 2403 6009 cl
2426 5956 2521 6010 ddo
2547 5975 2646 6011 mss
2692 5972 3075 6023 κατασκοπῆσαι.
3106 5965 3276 6016 Morel.
3309 5977 3355 6015 el
3383 5969 3463 6017 alii
3490 5975 3733 6024 σκοπῑ,σαι
3751 6008 3765 6018 .
