4074 6218
401 310 467 363 55

389 423 465 475 De
508 419 602 474 Dei
639 416 784 472 enim
826 416 903 471 ira
945 413 1197 483 loquutus
1236 419 1291 462 et
1324 408 1531 461 illorum
1557 399 1761 474 jejunio
1788 442 1803 463 ,
1834 398 1973 451 idem

386 509 813 567 conciliationem
845 516 900 560 et
925 501 1312 559 conciliationis
1330 513 1545 554 causam
1564 496 1768 556 dicens,
1787 493 1863 545 sic
1891 491 1968 545 iu-

386 605 523 673 quit,
554 599 621 654 Et
642 599 765 652 vidit
793 596 929 651 Deus
957 611 1111 663 Opera
1132 593 1357 661 ipsorum
1378 588 1547 661 (Iona:
1576 587 1628 641 5.
1654 582 1761 656 10).
1791 581 1975 673 Qualia

386 672 584 762 opera?
604 690 747 761 quod
777 687 1194 760 jejunaverunt?
1221 683 1365 754 quod
1392 696 1607 736 saccum
1648 672 1976 732 induerunt“!

386 784 527 840 Nihil
558 784 771 847 horum,
797 780 891 836 sed
923 780 1036 834 hate
1059 778 1237 832 omnia
1266 784 1446 830 tacens
1475 770 1649 826 intulit
1677 787 1690 823 :
1724 767 1975 835 Quoniam

385 892 654 932 conversus
683 885 755 930 est
782 875 991 945 quisque
1014 890 1047 926 a
1072 872 1164 927 viis
1191 871 1295 925 suis
1325 867 1473 923 malis
1498 908 1514 932 ,
1545 876 1593 920 et
1614 864 1843 937 ρωηὶιιιὶι
1868 859 1975 913 Do-

383 967 584 1020 minum
605 964 754 1023 mali.
772 963 909 1033 quod
928 963 1054 1030 ipsis
1078 976 1132 1013 se
1150 960 1417 1028 [acturum
1436 957 1643 1010 dixerat
1659 951 1947 1023 (Ib.).Cer-

386 1057 475 1110 nis
493 1053 639 1125 quod
658 1068 765 1107 non
784 1053 1051 1122 jejunium
1073 1050 1319 1119 periculo
1338 1048 1553 1116 eripuit,
1573 1047 1663 1099 sed
1682 1045 1806 1098 vita:
1826 1059 1950 1095 mu-

382 1147 516 1201 tatio
534 1144 702 1199 Deum
716 1142 964 1197 barbaris
983 1141 1256 1210 placatum
1279 1146 1333 1192 et
1352 1138 1666 1192 benevolum
1687 1130 1950 1188 reddidit?

454 1230 650 1303 Jejunii
689 1247 807 1285 vera
839 1232 997 1284 ratio;
1020 1258 1090 1270 —-
1116 1228 1243 1284 Haec
1290 1228 1397 1282 dixi
1422 1269 1436 1291 ,
1469 1243 1576 1283 non
1613 1236 1669 1280 ut
1709 1225 1972 1295 jejunium

380 1320 907 1386 coutcmnamus,sed
926 1330 978 1374 ut
992 1319 1249 1391 jejunium
1272 1318 1626 1374 honor-emus:
1648 1318 1818 1370 honor
1831 1314 1971 1370 enim

378 1412 570 1482 jejunii
599 1427 703 1466 non
730 1412 971 1467 ciborum
989 1411 1327 1477 abstinentia,
1352 1411 1444 1465 sed
1468 1419 1804 1479 peccatorum
1829 1407 1968 1476 fuga.

384 1501 462 1555 Ita
490 1502 658 1571 utqui
683 1501 924 1556 ciborum
951 1501 1272 1556 abstinentia
1313 1510 1515 1555 tantum
1578 1498 1839 1569 jejunium
1879 1496 1975 1552 de-

383 1592 554 1656 ﬁniat,
579 1594 623 1647 is
644 1593 874 1647 maxime
899 1596 1072 1662 ipsum
1096 1592 1374 1662 vituperet.
1389 1590 1645 1661 Jejunas?
1665 1590 1971 1662 demonstra

382 1682 515 1737 mihi
561 1698 658 1753 per
682 1684 792 1753 ipsa
820 1699 1002 1753 Opera.
1034 1683 1214 1750 Qualia
1241 1724 1257 1749 ,
1289 1684 1484 1753 inquis.
1532 1682 1733 1752 Opera?
1758 1682 1813 1736 Si
1842 1695 1973 1751 pau-

382 1789 566 1845 perem
596 1773 813 1841 videris,
837 1776 1093 1830 miserere
1125 1792 1137 1827 :
1170 1775 1213 1828 si
1247 1774 1519 1828 inimicum
1550 1773 1766 1838 videris,
1791 1771 1972 1828 conci—

382 1865 517 1919 liare
544 1882 559 1918 :
588 1865 634 1919 si
663 1865 893 1919 amicum
921 1864 1256 1920 laudabiliter
1280 1876 1525 1935 agentem
1551 1863 1768 1931 videris,
1800 1879 1867 1919 ne
1896 1864 1969 1917 in-

379 1955 602 2010 videas:
634 1956 680 2010 si
721 1955 999 2010 mulierem
1042 1955 1236 2010 videris
1283 1955 1578 2025 speciosam
1604 1995 1620 2022 ,
1654 1964 1964 2025 prmtereas.

379 2044 497 2101 Non
525 2046 666 2101 enim
698 2060 761 2101 os
792 2055 994 2102 tantum
1017 2046 1222 2116 jejunet
1244 2088 1259 2113 ,
1287 2046 1380 2101 sed
1408 2056 1461 2100 et
1485 2046 1700 2112 oculus,
1733 2055 1788 2102 et
1812 2045 1968 2101 audi—

379 2146 468 2193 tus
496 2179 513 2204 ,
540 2147 597 2193 et
634 2138 831 2209 pedes,
863 2147 917 2192 et
946 2153 1134 2193 manus
1161 2177 1177 2205 ,
1209 2147 1264 2193 et
1305 2139 1482 2193 omnia
1516 2138 1757 2208 corporis
1799 2137 1968 2193 nostri

381 2230 621 2284 membra
639 2229 903 2299 jejunent.
927 2228 1179 2300 Jejuuent
1203 2246 1388 2285 manus
1408 2247 1439 2286 a
1469 2232 1650 2300 rapina
1677 2241 1731 2288 et
1745 2232 1964 2287 avaritia

378 2320 593 2374 munda:
621 2337 634 2373 :
656 2320 901 2390 jejunent
929 2321 1091 2389 pedes
1115 2320 1181 2375 ad
1213 2321 1392 2376 illicita
1418 2323 1716 2392 spectacula
1747 2308 1963 2379 cursum

376 2412 730 2479 reprimentes
758 2429 772 2464 :
795 2410 1039 2480 jejunent
1075 2411 1215 2465 oculi
1241 2411 1511 2467 discentes
1535 2429 1823 2484 numquam
1853 2416 1964 2467 for»

375 2501 544 2556 ntosis
572 2501 844 2556 obtutibus
868 2501 1095 2570 insilire,
1125 2517 1223 2557 nec
1249 2503 1452 2557 alienas
1480 2503 1693 2558 curiose
1723 2503 1962 2573 pulchri-

375 2593 592 2648 tudines
644 2601 908 2662 spectare.
956 2591 1118 2648 Cibus
1161 2594 1302 2648 enim
1345 2594 1621 2649 oculorum
1658 2596 1959 2664 spectatio:

372 2684 468 2739 sed
513 2685 558 2739 si
604 2685 875 2756 illegitima
925 2686 994 2740 sit
1028 2696 1082 2741 et
1106 2685 1639 2757 prohibita,jejunio
1687 2699 1881 2753 nocet,
1910 2700 1966 2746 et

370 2792 590 2832 omnem
620 2780 813 2833 anima:
850 2778 1075 2834 salutem
1103 2779 1363 2835 subvertit
1391 2798 1405 2836 :
1430 2781 1472 2836 si
1501 2798 1628 2838 vero
1654 2783 1886 2853 legitima
1908 2794 1963 2840 et

370 2883 674 2938 concessa,
718 2879 875 2937 ornat
922 2870 1206 2941 jejunium.
1256 2873 1463 2928 Etenim
1517 2874 1959 2931 absurdissimum

369 2970 557 3027 esset,
588 2962 764 3017 cibum
812 2963 1074 3019 sumendo
1120 2964 1281 3019 etiam
1325 2980 1355 3019 a
1398 2980 1652 3021 concessa
1692 2968 1961 3024 abstinere

369 3065 493 3105 esca
526 3067 622 3121 per
640 3051 900 3123 jejunium
923 3096 937 3118 ,
960 3054 1131 3108 oculis
1152 3063 1329 3110 autem
1354 3057 1554 3112 utendo
1579 3057 1741 3113 etiam
1772 3060 1956 3129 prohi-

365 3142 535 3196 bitam
561 3144 842 3213 attingere.
863 3143 982 3199 Non
999 3145 1237 3202 comedis
1258 3160 1446 3203 carnes
1460 3147 1485 3200 ‘I
1499 3163 1672 3218 neque
1688 3149 1956 3206 lasciviam

368 3248 467 3302 per
507 3232 692 3289 oculos
720 3233 957 3290 haurias.
989 3235 1205 3306 Jejunet
1233 3246 1287 3292 et
1313 3239 1458 3293 auris
1484 3256 1499 3294 :
1529 3240 1740 3294 aurium
1778 3251 1956 3296 autem

359 3324 627 3394 jejunium
674 3326 1032 3383 detractiones
1073 3336 1127 3383 et
1177 3329 1469 3385 calumnias
1509 3347 1615 3386 non
1658 3333 1953 3402 suscipere.

366 3418 615 3471 Auditum
661 3420 794 3473 enim
838 3436 1026 3475 vanum
1068 3437 1169 3476 non
1222 3424 1464 3494 suscipias
1491 3423 1684 3495 (Exod.
1724 3424 1816 3481 23.
1860 3427 1952 3497 1),

364 3510 556 3579 inquit.

435 3601 492 3655 5.
521 3598 734 3670 Jejunet
761 3616 971 3674 quoque
999 3617 1060 3658 os
1082 3618 1110 3656 a
1142 3604 1317 3659 verbis
1348 3603 1587 3674 turpibus
1612 3614 1668 3660 et
1690 3606 1950 3662 convicio.

360 3691 493 3759 Quae
520 3692 661 3746 enim
689 3693 884 3748 utilitas
902 3710 1021 3750 eum
1043 3696 1230 3751 avibus
1251 3696 1466 3766 quidem
1495 3707 1548 3752 et
1572 3695 1804 3767 piscibus
1833 3699 1954 3754 abs-

362 3785 650 3849 tineamus,
685 3783 877 3840 fratres
926 3802 1054 3841 vero
1094 3786 1431 3842 ntordeamus
1484 3797 1539 3843 et
1565 3788 1953 3844 comedamus?

358 3873 665 3929 Detrahens
696 3875 956 3931 fraternas
981 3892 1171 3933 carnes
1197 3878 1449 3944 comedit,
1481 3880 1708 3949 proximi
1736 3895 1949 3935 carnem

359 3967 683 4022 momordit:
726 3979 1006 4039 prepterea
1057 3981 1112 4025 et
1156 3970 1351 4026 Paulus
1394 3972 1599 4037 terruit,
1634 3972 1859 4029 dicens:
1891 3975 1952 4029 Si

354 4069 531 4113 autem
566 4076 653 4114 vos
694 4061 906 4115 invicem
945 4063 1181 4118 mordetis
1230 4074 1277 4118 et
1299 4065 1578 4131 comeditis,
1616 4067 1776 4120 videte
1799 4084 1861 4121 ne
1888 4067 1951 4121 ab

355 4152 567 4205 invicem
581 4154 949 4208 consumamini
968 4153 987 4227 (
1008 4153 1123 4209 Gal.
1144 4157 1197 4210 5.
1229 4157 1295 4213 15
1318 4157 1356 4226 ).
1383 4155 1497 4210 Non
1527 4157 1742 4212 inﬁxisti
1763 4158 1951 4216 dentes

353 4242 527 4303 carni,
555 4241 657 4297 sed
670 4244 863 4297 animae
889 4244 1245 4307 maledictum.
1271 4247 1567 4315 improbam
1590 4249 1946 4317 suspicionem

354 4332 599 4396 inﬁxisti,
634 4334 954 4395 vulnerasti.
985 4334 1275 4391 innumeris
1299 4336 1522 4392 allecisti
1546 4339 1700 4393 malis
1745 4350 1800 4394 et
1852 4342 1949 4396 tei-

352 4438 532 4492 psum,
553 4432 609 4478 et
637 4424 864 4487 illutn,et
881 4425 1015 4480 alios
1032 4426 1244 4497 plures:
1267 4429 1461 4483 etenim
1487 4429 1787 4485 audientem
1811 4432 1950 4499 pejo.

350 4530 466 4570 rem
490 4515 684 4581 fecisti,
704 4517 1000 4586 proximum
1019 4518 1378 4574 calumnians:
1402 4520 1515 4575 sive
1535 4522 1677 4576 enim
1695 4535 1947 4593 peccator

347 4607 439 4669 sit,
466 4616 583 4661 tum
608 4610 821 4677 segnior
855 4608 933 4674 ﬁt,
966 4610 1165 4677 peccati
1188 4613 1694 4668 communicatorem
1722 4624 1941 4670 nactos:

346 4699 463 4753 sive
499 4696 680 4767 justus
708 4700 795 4763 sit,
831 4699 884 4752 in
915 4702 1272 4770 arrogantiam
1302 4702 1522 4767 tollitur,
1551 4713 1608 4758 et
1640 4703 1853 4759 inﬂatur
1879 4723 1943 4761 ex

346 4792 578 4844 aliorum
612 4800 850 4859 peccato,
895 4807 1082 4862 magna
1112 4792 1178 4846 de
1201 4794 1380 4863 seipse
1405 4796 1604 4850 sentire
1636 4811 1940 4865 persuasus.

348 4883 575 4954 Insuper
619 4898 960 4938 communem
1013 4883 1266 4939 Ecclesia:
1316 4895 1513 4940 statum
1563 4887 1784 4942 laesisti:
1836 4906 1939 4944 non

344 4978 489 5031 enim
532 4990 724 5030 omnes
761 4974 1043 5031 audientes
1094 4987 1430 5046 peccatorem
1468 4978 1637 5032 solum
1666 4989 1939 5044 accusant,

343 5069 435 5124 sed
477 5067 736 5137 approbia
772 5067 1197 5123 Christianorum
1245 5070 1389 5139 genti
1438 5069 1788 5139 inﬂiguntur:
1838 5088 1941 5128 nec

343 5160 529 5216 audias
573 5158 817 5213 inﬁdeles
861 5158 1065 5225 dicere,
1114 5160 1260 5214 illum
1306 5158 1677 5217 fornicatorem
1716 5176 1839 5218 esse
1886 5172 1940 5217 et

335 5253 686 5319 dissolutum,
709 5251 803 5307 sed
827 5268 924 5322 pro
938 5267 1003 5308 eo
1018 5254 1106 5323 qui
1127 5254 1384 5324 peccavit,
1406 5253 1735 5310 Christianos
1750 5270 1937 5311 omnes

341 5345 623 5399 calomniis
655 5345 925 5400 insectari.
955 5346 1035 5400 Ad
1064 5345 1179 5401 hate
1201 5346 1293 5401 Dei
1319 5346 1542 5416 gloriam
1574 5347 1936 5417 blaspltetnari

338 5437 513 5492 fecisti
548 5456 566 5494 :
594 5437 736 5493 sicut
761 5439 905 5494 enim
948 5439 1103 5495 nobis
1146 5438 1479 5495 laudabiliter
1513 5440 1812 5495 viventibus
1843 5441 1933 5497 Dei

339 5545 536 5585 nomen
561 5529 917 5599 gloriﬁcatur,
949 5531 1028 5585 sic
1066 5532 1408 5601 peccantibus
1459 5532 1856 5602 blasphematur
1879 5544 1932 5589 et

337 5624 660 5679 cmutumelia
674 5623 922 5679 allicitur.
940 5623 1222 5691 Quartum,
1246 5625 1384 5679 male
1398 5624 1702 5681 audientem
1727 5624 1932 5696 pudore

340 5718 582 5783 sll’ecisti,
600 5725 654 5773 et
681 5717 756 5775 sic
785 5718 1227 5790 impudentiorem
1247 5717 1545 5788 reddidisti,
1577 5715 1851 5774 inimicum
1877 5730 1932 5776 et

1347 291 1439 346 AD
1478 283 1796 344 POPUIIM
1840 275 2325 336 ANTIOCIIENUM
2367 272 2597 328 llOMIL.
2640 270 2724 325 Ill.
3595 260 3662 314 ει

2084 394 2293 444 hostem
2336 388 2553 442 faciens.
2586 388 2859 453 Quintum,
2895 384 3117 452 teipsum
3152 397 3320 450 ptl‘ltzl‘.
3346 386 3399 433 ct
3430 377 3658 445 castiga-

2080 483 2239 537 tionis
2257 497 2405 535 reum
2422 481 2612 545 fecisti,
2633 478 2841 548 negotia
2859 476 2926 529 ad
2945 485 2995 529 te
3013 475 3139 527 nihil
3158 474 3431 526 attinentia
3452 481 3658 523 texens.

2080 576 2156 631 Ne
2176 574 2293 646 quis
2315 574 2456 629 enim
2475 573 2576 627 hoc
2606 571 2733 625 mihi
2764 569 2924 633 dicat,
2954 566 3104 621 Tunc
3123 563 3362 628 detraho,
3385 577 3503 616 cum
3533 560 3659 613 falsa

2079 668 2231 732 dico;
2270 667 2317 721 si
2355 674 2533 720 autem
2577 678 2699 718 vera
2743 662 2883 722 dico.
2924 659 3161 714 minime.
3201 656 3330 711 Nam
3377 656 3503 708 licet
3534 669 3658 707 vera

2079 758 2304 829 loquens
2323 756 2460 811 male
2486 755 2703 818 dixeris,
2727 761 2780 807 et
2810 752 2910 806 hoc
2938 758 3021 806 est
3044 749 3244 805 crimen
3271 765 3285 801 :
3308 746 3499 800 etenim
3534 745 3661 798 Pha-

2079 850 2264 904 riszeus
2293 850 2380 905 ille
2424 849 2702 918 publicano
2740 844 3009 900 veridicos
3060 838 3375 908 maledixit(
3410 836 3532 890 Luc.
3572 836 3657 890 l8.

2079 941 2142 997 Η
2170 939 2341 1012 );sed
2371 948 2547 995 tamen
2578 939 2677 993 hoc
2700 937 2795 1008 ipsi
2815 935 2945 989 nihil
2969 932 3183 1004 profuit.
3213 930 3423 994 Nonne,
3453 942 3657 996 quamn,

2078 1032 2388 1102 publicanus
2414 1040 2529 1085 erat
2573 1029 2880 1099 publicanus
2907 1035 2956 1079 et
2990 1030 3234 1093 peccator
3259 1019 3282 1073 Y
3313 1017 3515 1088 Cuique
3546 1032 3659 1069 cer-

2003 1135 2008 1138 '
2080 1134 2188 1177 tum
2243 1133 2325 1177 est
2370 1121 2510 1191 quod
2551 1121 2862 1189 publicanus
2894 1113 3161 1178 erat;sed
3199 1110 3449 1181 quoniam
3488 1108 3658 1177 ipsunt

2075 1213 2393 1284 vituperavit
2437 1211 2738 1266 Pltarisatus
2771 1251 2785 1276 ,
2827 1208 2956 1261 abiit
2994 1203 3242 1259 omnibus
3285 1199 3515 1255 amissis.
3570 1196 3661 1250 Vis

2078 1307 2292 1361 fratrem
2320 1303 2629 1375 corrigere?
2659 1302 2938 1372 Lacryma,
2966 1312 3060 1351 ora
3084 1296 3272 1358 Deum,
3303 1305 3543 1347 seorsum
3562 1304 3657 1357 ap-

2077 1400 2395 1469 prehensum
2426 1400 2672 1457 admone.
2705 1393 2942 1458 consnle,
2981 1389 3265 1445 exhortare
3293 1404 3306 1439 :
3339 1384 3417 1438 sic
3439 1393 3488 1438 et
3518 1382 3656 1437 Pau-

2074 1491 2158 1546 lus
2202 1491 2426 1545 faciebal
2453 1505 2470 1543 :
2503 1487 2583 1542 Ne
2610 1488 2784 1541 iterum
2811 1501 2927 1537 cum
2969 1496 3165 1545 venero,
3199 1477 3387 1548 inquit,
3430 1473 3657 1528 humilia

2075 1600 2156 1637 me
2195 1581 2334 1637 Deus
2377 1580 2516 1652 apud
2555 1596 2661 1641 vos,
2694 1588 2738 1633 et
2780 1576 2977 1647 lugeam
3006 1571 3188 1626 multos
3218 1585 3282 1623 ea:
3316 1568 3401 1634 iis,
3429 1564 3659 1637 quiante

2076 1683 2419 1745 peccaverunt,
2452 1682 2497 1726 et
2523 1688 2623 1725 non
2648 1677 2854 1741 egerunt
2880 1663 3221 1736 prrttitentiam
3257 1676 3409 1731 super
3434 1658 3657 1710 immun-

2074 1769 2223 1834 ditia,
2248 1777 2293 1820 et
2315 1765 2670 1836 fornicatione,
2689 1771 2733 1814 et
2760 1755 3077 1827 impudicitia
3101 1769 3250 1823 quam
3274 1758 3529 1822 gessentut
3574 1745 3653 1817 t2.

2074 1858 2191 1914 Cor.
2237 1857 2320 1913 l2.
2352 1856 2416 1910 2|
2466 1854 2506 1926 ).
2534 1855 2754 1911 Declara
2786 1848 3096 1904 charitatetn
3123 1859 3247 1915 erga
3277 1852 3611 1913 peccatoretn
3639 1857 3651 1891 :

2072 1948 2331 2021 persuade
2362 1948 2481 2016 ipsi,
2503 1944 2644 2016 quod
2672 1942 2956 1999 consulens
2972 1951 3022 1995 et
3047 1954 3262 2003 curans,
3282 1952 3385 1991 non
3414 1934 3649 1990 traduce-

2074 2058 2134 2097 re
2158 2040 2360 2106 volens,
2390 2036 2594 2108 peccati
2617 2037 2785 2106 ipsum
2801 2026 3654 2100 commonefacis:contprehende

2073 2134 2255 2206 pedes,
2273 2132 2535 2195 osculare,
2554 2145 2621 2184 ne
2635 2129 2944 2192 erubescas,
2961 2127 3002 2180 si
3024 2125 3180 2178 modo
3198 2139 3320 2178 vere
3337 2121 3534 2178 mederi
3552 2121 3648 2174 vis.

2064 2274 2069 2278 .
2139 2225 2419 2296 Confessio.
2457 2252 2531 2263 —
2572 2221 2698 2275 llatc
2740 2229 2793 2275 et
2835 2218 3025 2272 medici
3065 2217 3257 2271 faciunt
3304 2216 3531 2285 strpius,
3560 2214 3649 2279 qui

2069 2317 2314 2373 difﬁciles
2340 2323 2572 2385 aagrotos
2597 2312 2823 2376 habent;
2853 2309 3239 2370 deosculantes,
3261 2313 3510 2375 rogantes
3532 2318 3651 2372 per-

2069 2411 2290 2466 suadent
2330 2409 2616 2463 salutarem
2671 2418 2886 2458 sumere
2939 2400 3253 2455 ntediciuam
3282 2414 3296 2451 :
3331 2398 3398 2450 ita
3432 2408 3483 2448 tu
3515 2410 3650 2463 quo-

2067 2518 2172 2573 que
2199 2500 2298 2562 fac.
2325 2496 2590 2553 sacerdoti
2613 2496 2803 2551 vulnus
2825 2491 3101 2547 manifesta
3131 2508 3144 2542 :
3174 2490 3273 2545 hec
3291 2499 3368 2543 est
3393 2486 3648 2551 curantis,

2069 2595 2175 2649 hoc
2202 2592 2550 2663 providentis,
2589 2589 2692 2643 hoc
2732 2585 3080 2642 consulentis.
3125 2582 3242 2638 Non
3287 2580 3432 2634 Solos
3470 2587 3647 2633 autem

2066 2683 2379 2748 maledicos,
2412 2681 2507 2737 sed
2552 2689 2607 2735 et
2642 2679 2761 2733 aliis
2803 2675 3011 2731 detrahi
3068 2672 3344 2727 audientes
3390 2669 3650 2723 admoneo

2065 2791 2224 2831 aures
2249 2774 2546 2836 obstruere,
2577 2780 2633 2827 et
2652 2767 2966 2841 prophetam
2994 2765 3186 2819 imitari
3212 2763 3475 2817 dicentem
3503 2774 3520 2811 :
3544 2756 3648 2811 De-

2066 2867 2343 2921 traltentem
2375 2873 2561 2919 secreto
2591 2861 2821 2933 proximo
2842 2858 3092 2925 suo,ltunc
3115 2852 3476 2925 persequebar(
3503 2847 3646 2901 l’sal.

2066 2960 2190 3015 100.
2218 2958 2315 3030 5).
2357 2958 2452 3012 Dic
2483 2957 2745 3026 proximo,
2780 2951 2957 3006 Habes
2985 2950 3236 3019 aliquem,
3267 2962 3423 3014 quem
3461 2941 3643 2996 laudes

2063 3059 2118 3108 et
2136 3048 2522 3106 commendes?
2558 3044 2924 3114 auresaperio,
2956 3048 3291 3110 utougucnta
3324 3034 3643 3103 suscipiam;

2061 3143 2106 3198 si
2132 3156 2260 3196 vero
2308 3140 2446 3195 male
2471 3137 2599 3194 velis
2623 3137 2820 3202 dicere,
2848 3133 3028 3188 verbis
3078 3132 3375 3201 ingressum
3405 3128 3598 3181 obturo
3627 3141 3642 3178 :

2063 3250 2168 3289 non
2200 3233 2345 3288 enim
2373 3242 2579 3286 Stercus
2609 3239 2663 3284 et
2691 3241 2903 3283 coenam
2933 3224 3176 3292 accipere
3204 3220 3463 3275 sustineo.
3492 3214 3642 3284 Quod

2062 3326 2190 3380 mihi
2218 3325 2446 3390 lucrum,
2490 3322 2536 3376 si
2562 3321 2820 3384 didicero,
2849 3316 3000 3371 illotn
3031 3329 3150 3369 esse
3175 3307 3514 3381 improbum?
3537 3306 3645 3360 imo

2060 3418 2351 3472 maximum
2382 3424 2759 3469 nocumentum
2791 3424 2856 3466 ex
2904 3407 3023 3473 hoc,
3055 3416 3106 3461 et
3142 3413 3383 3459 extrema
3414 3402 3642 3470 jactura.

2062 3508 2302 3577 Loquere
2327 3506 2391 3560 ad
2423 3506 2595 3575 ipsum
2630 3520 2642 3556 :
2667 3503 2922 3557 Curemus
2953 3492 3433 3565 nostra,qu0tnodo
3462 3504 3644 3561 pecca-

2060 3608 2232 3653 torum
2274 3598 2534 3651 rationem
2575 3591 2881 3655 reddamus,
2913 3597 2968 3643 et
3014 3587 3377 3641 curiositatem
3426 3585 3562 3636 hanc
3587 3588 3643 3633 et

2057 3703 2337 3759 operosam
2368 3683 2758 3755 indagationem
2781 3681 2923 3736 circa
2942 3681 3100 3732 vitam
3124 3684 3362 3731 uestram
3383 3673 3641 3730 exhibea-

2057 3797 2194 3836 mus.
2224 3779 2393 3847 Quam
2420 3777 2561 3833 enim
2585 3773 2898 3830 habebimus
2924 3770 3345 3833 excusationem,
3370 3780 3526 3837 quam
3547 3780 3638 3819 ve-

2057 3874 2220 3934 niam,
2252 3886 2374 3925 cum
2432 3877 2611 3922 nostra
2668 3881 2735 3920 ne
2781 3865 2833 3918 in
2876 3871 3107 3917 tuentem
3144 3858 3356 3929 quidem
3405 3856 3637 3920 veniant,

2055 3964 2225 4017 aliena
2272 3975 2397 4015 vero
2423 3960 2634 4013 curiose
2664 3951 3006 4010 scrutemur?
3037 3950 3184 4005 Sicut
3214 3949 3266 4003 in
3310 3948 3525 4002 domum
3580 3961 3640 4000 se

2057 4055 2336 4119 inclinare,
2368 4062 2423 4108 et
2453 4050 2707 4106 interiora
2737 4046 3082 4103 considerare
3112 4039 3458 4111 praetereunti
3486 4047 3640 4107 turpe

2054 4159 2155 4214 εει,
2188 4155 2243 4201 et
2271 4146 2430 4200 multa
2461 4142 2749 4216 ignominia
2778 4141 2990 4211 plenum
3018 4156 3030 4192 :
3058 4137 3136 4191 sic
3161 4145 3212 4192 et
3238 4136 3379 4190 circa
3409 4135 3636 4188 alienam

2055 4241 2213 4293 vitam
2257 4246 2500 4307 satagere
2530 4234 2901 4290 illiberalitatis
2935 4241 3189 4285 extrema:
3215 4238 3316 4284 est.
3349 4226 3462 4282 lloc
3508 4242 3637 4282 vero

2054 4332 2334 4387 ridiculum
2377 4328 2542 4396 magis
2574 4336 2676 4394 est,
2702 4324 2845 4397 quod
2889 4324 3048 4379 talem
3081 4323 3338 4377 habentes
3365 4321 3549 4386 vitatu,
3582 4329 3638 4374 et

2053 4438 2141 4478 res
2186 4439 2309 4476 suas
2351 4422 2698 4491 negligentes,
2729 4434 2848 4472 cum
2876 4414 3075 4485 aliquid
3101 4428 3355 4469 arcanum
3386 4411 3637 4474 dixerint,

2051 4524 2239 4581 rogant
2259 4513 2563 4567 audientem
2586 4517 2641 4564 et
2658 4508 2924 4579 adjurant,
2948 4522 3017 4561 ne
3033 4504 3280 4574 cuiquam
3302 4503 3451 4558 alteri
3473 4502 3637 4563 dicat,

2051 4605 2176 4659 hinc
2202 4604 2555 4669 declarantes,
2586 4616 2647 4656 se
2672 4615 2785 4656 rem
2808 4592 3224 4669 reprehensione
3250 4595 3462 4666 dignam
3489 4607 3639 4648 com-

2051 4699 2280 4753 misisse.
2312 4696 2368 4752 Si
2393 4696 2535 4751 enim
2564 4693 2733 4759 illum,
2758 4701 2816 4746 ut
2842 4692 3041 4746 nemini
3069 4689 3231 4755 dicat,
3260 4701 3434 4758 rogas,
3468 4685 3636 4738 multo

2049 4791 2218 4859 magis
2249 4797 2301 4843 te
2339 4787 2568 4857 priorem
2598 4785 2720 4841 huic
2749 4784 2929 4840 dicere
2954 4798 3061 4838 non
3086 4780 3383 4852 Oportebat.
3435 4777 3488 4831 lu
3522 4783 3636 4831 tuto

2048 4897 2350 4937 sermonem
2379 4879 2618 4935 habebas
2642 4897 2654 4931 :
2685 4887 2964 4949 postquam
2984 4875 3156 4945 ipsum
3183 4869 3481 4943 prodidisti.
3507 4878 3633 4924 tunc

2048 4974 2274 5028 salutem
2309 4971 2477 5043 ipsius
2516 4985 2706 5035 curas;
2753 4969 2799 5023 si
2831 4982 2936 5023 non
2966 4967 3048 5020 vis
3074 4962 3253 5019 eﬂ‘erri
3293 4962 3363 5017 ad
3404 4960 3656 5032 alterum,

2046 5079 2219 5134 neque
2271 5064 2385 5135 ipse
2432 5063 2627 5128 dicas;
2660 5071 2940 5132 p08tquatn
2990 5071 3119 5112 vero
3147 5054 3302 5111 alteri
3350 5052 3629 5123 prodidisti

2045 5157 2310 5210 sermonis
2334 5155 2651 5220 custodiam,
2680 5150 2945 5222 superﬂua
2970 5149 3098 5204 facis
3122 5156 3177 5203 et
3196 5147 3422 5213 inutilia,
3444 5146 3631 5200 admo—

2044 5265 2178 5305 nens
2198 5257 2252 5303 et
2267 5250 2538 5305 obtestans
2549 5261 2648 5317 pro
2671 5245 2935 5301 dictorum
2950 5239 3320 5297 custodia.Sed
3336 5238 3630 5309 jucundum

2042 5341 2365 5398 detrahere?
2387 5341 2495 5395 imo
2510 5339 2801 5411 jucundum
2824 5355 2928 5393 non
2950 5337 3252 5394 detrahere.
3276 5335 3378 5404 Qui
3398 5332 3629 5389 detrahit

2041 5436 2184 5491 enim
2212 5433 2462 5504 deinceps
2485 5433 2676 5488 anxius
2701 5439 2804 5500 est,
2828 5430 3126 5500 suspicatur
3150 5439 3203 5485 et
3233 5429 3402 5491 timet,
3425 5435 3480 5483 et
3504 5440 3626 5479 eum

2044 5529 2287 5600 paenitet,
2319 5536 2372 5583 et
2405 5525 2638 5596 linguam
2663 5538 2814 5579 suam
2872 5521 3105 5589 mordet,
3136 5522 3327 5585 timens
3356 5530 3411 5575 et
3438 5517 3624 5573 tremi-

2040 5637 2221 5688 seeos,
2242 5635 2310 5675 ne
2333 5619 2473 5675 forte
2494 5618 2615 5674 aliis
2641 5617 2973 5674 enuntiatum
3000 5615 3222 5675 verbum
3251 5625 3501 5683 magnum
3527 5607 3625 5661 sibi

2042 5716 2340 5791 periculum
2368 5714 2577 5781 aﬂ‘erat,
2607 5722 2663 5770 et
2697 5709 3022 5783 superﬂuam
3051 5721 3105 5775 et
3139 5707 3378 5766 inutilem
3445 5697 3623 5761 inimio
