4074 6218
426 357 493 410 55
1134 350 1187 408 S.
1226 350 1502 407 JOANNIS
1537 344 2006 407 CHRYSOSTOMI
2049 349 2362 406 ARClllEP.
2401 348 2920 409 CONS‘I'ANTINOP.
3613 349 3679 404 56

426 467 602 520 citiam
647 464 731 528 iis,
771 463 860 534 qui
901 462 1106 529 dixere,
1139 473 1432 533 operetur:
1469 463 1560 532 qui
1603 463 1834 532 seipsum
1875 479 2001 517 vero

430 557 688 621 continet,
721 557 775 610 in
805 555 1089 610 securitate
1118 554 1343 624 plurima
1373 570 1494 609 cum
1523 554 1687 608 multa
1719 555 1863 609 vivet
1908 571 2003 609 vo-

424 651 650 719 lnptate.

499 739 756 793 Detractt'o
809 737 1032 792 vitanda.
1087 767 1156 778 —-
1199 737 1396 790 Audisti
1443 737 1768 791 sermonem?
1814 735 2002 805 inquit,

432 835 674 884 moriatur
696 833 746 883 in
773 842 819 883 te
847 847 864 884 :
891 829 1106 898 conﬁde,
1137 847 1235 882 non
1268 839 1314 881 te
1340 830 1615 896 disrumpet
1670 829 1690 900 (
1718 829 1879 882 Ecclt'.
1912 829 2004 882 19.

433 923 542 988 10).
571 921 704 985 Quid
728 931 830 984 est,
862 919 1112 972 Moriatur
1137 919 1186 971 in
1216 919 1302 971 te?
1329 919 1616 988 Exstingue
1636 919 1830 988 ipsum,
1859 918 2007 973 defo-

431 1013 562 1075 dito,
594 1027 692 1066 nec
721 1013 883 1075 exire,
915 1027 1086 1079 neque
1119 1011 1326 1078 penitus
1348 1010 1551 1064 moveri
1574 1011 1883 1079 permittas;
1914 1011 2004 1064 sed

433 1107 667 1159 maxime
695 1106 867 1171 stude,
899 1121 998 1160 nec
1021 1106 1154 1159 alios
1193 1106 1403 1174 quidem
1437 1105 1573 1158 male
1600 1104 1836 1159 dicentes
1873 1105 2006 1157 tole-

433 1212 572 1250 rare.
597 1196 747 1264 Quod
776 1196 817 1248 si
847 1195 1054 1263 quando
1080 1205 1133 1249 et
1155 1194 1475 1262 susceperis,
1496 1194 1738 1258 iufodito,
1764 1195 2009 1250 interime

434 1287 654 1351 dictum,
685 1286 934 1340 oblivioni
964 1286 1130 1352 trade,
1172 1297 1226 1338 ut
1271 1287 1334 1339 iis
1363 1287 1448 1354 qui
1487 1301 1593 1339 non
1635 1286 1897 1340 audierint
1931 1285 2006 1339 si-

405 1408 408 1412 ί
434 1376 576 1434 milis
603 1376 716 1441 fias,
740 1385 794 1431 et
822 1392 940 1429 cum
971 1380 1128 1429 inulta
1156 1391 1283 1444 pace
1303 1385 1353 1430 et
1386 1376 1670 1430 securitate
1694 1385 2007 1445 prmscutem

436 1466 697 1535 transigas
751 1465 932 1520 vitam.
967 1464 1018 1520 Si
1051 1465 1318 1519 delatores
1366 1465 1666 1529 didicerint,
1697 1466 1835 1534 quod
1868 1468 2011 1534 ipsos

437 1555 602 1623 magis
623 1571 779 1623 quam
821 1565 1097 1608 accusatos
1126 1571 1454 1621 aversemur,
1490 1566 1544 1609 et
1572 1555 1671 1624 ipsi
1703 1555 1912 1609 tandem
1944 1557 2011 1610 ab

435 1644 535 1699 bac
564 1647 699 1699 mala
749 1645 1129 1699 consuetudine
1162 1646 1438 1708 desistent,
1487 1655 1540 1699 et
1569 1657 1840 1715 peccaturo
1887 1662 2010 1700 cor-

437 1736 627 1805 rigent,
657 1748 709 1790 et
734 1735 1021 1789 laudabunt
1055 1737 1310 1805 posthmc,
1335 1747 1388 1792 et
1410 1752 1506 1790 nos
1531 1738 1673 1807 ipsos
1701 1738 1851 1806 quasi
1886 1753 2012 1792 suos

436 1836 737 1880 servatores
772 1837 824 1880 et
856 1826 1219 1880 benefactores
1267 1826 1648 1894 praedicabunt.
1696 1827 1842 1881 Sicut
1869 1829 2008 1882 enim

438 1915 752 1970 benedicere
777 1927 830 1970 et
877 1917 1090 1970 laudare
1120 1918 1384 1981 amicitiae,
1417 1919 1493 1972 sic
1519 1927 1573 1972 et
1615 1919 1934 1973 maledicere
1959 1929 2014 1973 et

436 2005 745 2060 Calumniari
769 2008 1055 2062 inimicitiae
1073 2016 1125 2062 et
1146 2009 1251 2062 odii
1279 2019 1331 2063 et
1353 2009 1661 2076 injuriarum
1694 2011 2011 2080 principium

436 2106 537 2157 est,
558 2107 714 2166 atque
742 2097 1062 2152 infinitarum
1096 2099 1478 2153 discordiarum
1508 2102 1728 2154 materia
1779 2101 1890 2155 Non
1913 2102 2012 2155 ali-

442 2187 582 2241 unde
634 2197 812 2240 nostra
859 2190 1212 2258 negliguntur,
1269 2205 1424 2258 quam
1489 2191 1627 2260 quod
1669 2191 1840 2245 aliena
1869 2202 2012 2245 sata-

440 2278 611 2345 gimus
635 2279 950 2347 curioseque
965 2289 1263 2333 scrutamur
1287 2297 1300 2333 :
1332 2296 1436 2333 non
1465 2282 1605 2333 enim
1632 2291 1782 2335 vacat
1813 2283 2011 2336 homini

443 2369 720 2435 maledico,
745 2381 794 2424 et
812 2371 1016 2426 alienos
1032 2373 1328 2440 exquirenti
1345 2389 1539 2438 mores,
1565 2377 1830 2444 propriam
1849 2392 2017 2446 quau-

438 2462 614 2531 doque
641 2463 800 2516 vitam
829 2479 1017 2517 curare
1047 2481 1060 2516 :
1091 2465 1267 2518 studio
1292 2465 1432 2519 enim
1462 2467 1604 2520 omni
1637 2467 1687 2520 in
1719 2468 2012 2522 alienorum

437 2554 798 2608 curiositatem
830 2556 1088 2624 impenso,
1122 2571 1343 2611 necesse
1367 2567 1449 2611 est
1472 2560 1646 2612 omnia
1677 2559 1789 2626 ejus
1816 2567 2016 2614 temere

439 2655 494 2700 et
522 2646 848 2716 negligenter
871 2647 1070 2716 jacere.
1101 2648 1312 2702 Etenim
1345 2649 1480 2702 bene
1506 2650 1780 2703 nobiscum
1808 2651 1887 2719 agi
1916 2666 2013 2719 pu-

443 2738 656 2792 tandum
703 2749 803 2802 est,
861 2739 904 2794 si
949 2755 1106 2794 omne
1143 2741 1307 2795 otium
1356 2740 1410 2794 in
1463 2742 1796 2810 propriorum
1833 2759 2014 2796 curam

444 2839 780 2898 peccatorum
807 2841 860 2884 et
883 2830 1135 2900 judicium
1169 2831 1532 2901 impendentes
1559 2834 1817 2901 prolicere
1843 2834 2016 2902 possi-

446 2932 564 2972 mus
593 2938 606 2973 :
631 2936 750 2974 cum
778 2937 906 2975 vero
948 2937 1158 2992 semper
1193 2923 1361 2976 aliena
1383 2937 1556 2988 cures,
1582 2923 1792 2992 quando
1817 2923 1884 2978 de
1915 2925 2018 2978 tuis

441 3010 698 3064 sollicitus
721 3013 826 3065 eris
853 3013 1005 3066 malis
1025 3014 1050 3066 ?

513 3103 564 3156 6.
609 3103 894 3173 Fugiamus
918 3105 1096 3174 igitur,
1122 3105 1322 3169 dilecti,
1351 3104 1614 3175 fugiamus
1637 3105 2014 3172 detractiones,

445 3193 586 3247 docti
615 3195 664 3246 id
695 3207 812 3248 esse
837 3205 1002 3248 totum
1045 3195 1239 3250 diaboli
1283 3197 1591 3250 barathrum
1623 3205 1676 3249 et
1707 3195 2015 3249 insidiarum

443 3285 558 3352 ejus
604 3285 900 3340 latibulum.
935 3286 1002 3341 Ut
1043 3289 1184 3341 enim
1217 3297 1394 3342 nostra
1426 3287 1774 3357 negligemus,
1812 3297 1863 3341 et
1899 3302 2020 3356 gra-

444 3379 620 3432 viores
647 3379 800 3433 nobis
831 3389 1007 3433 reatus
1032 3380 1436 3445 constituamus,
1489 3380 1541 3432 in
1588 3380 1724 3434 hanc
1769 3394 1866 3432 nos
1890 3395 2017 3432 con-

444 3464 772 3525 suetudinem
792 3471 1031 3525 diabolus
1053 3471 1229 3532 duxit;
1256 3471 1360 3525 imo
1374 3487 1499 3525 vero
1528 3488 1630 3525 non
1653 3471 1714 3524 'id
1747 3471 1814 3525 ibi
1845 3471 2016 3524 solum

445 3563 583 3617 inest
610 3563 756 3628 mali,
781 3565 919 3633 quod
949 3574 1072 3618 tunc
1099 3565 1358 3619 rationem
1404 3564 1648 3618 dabimus
1678 3579 1860 3618 eorum
1901 3580 2018 3633 qum

441 3651 693 3719 diximus,
725 3654 816 3709 sed
851 3655 1008 3708 etiam
1039 3655 1182 3725 quod
1217 3667 1432 3724 peccata
1462 3665 1642 3709 nostra
1672 3655 1748 3709 sie
1775 3657 2017 3725 graviora

445 3746 716 3813 faciemus,
753 3747 896 3801 omni
927 3763 1027 3802 nos
1055 3747 1405 3802 excusatione
1433 3750 1702 3818 prii-antes
1724 3765 1736 3800 :
1761 3748 1849 3818 qui
1877 3747 2016 3801 enim

443 3841 634 3893 acerbe
658 3841 826 3894 aliena
849 3842 1095 3911 exquirit,
1125 3841 1177 3894 in
1199 3841 1404 3894 delictis
1419 3843 1527 3894 suis
1549 3841 1745 3894 nullam
1771 3856 2019 3909 umquam

445 3930 650 3980 veniam
677 3931 1030 3984 nanciscetur.
1065 3931 1178 3984 Non
1209 3933 1349 3985 enim
1379 3939 1581 3984 tantum
1613 3948 1641 3983 a
1684 3945 2019 4001 peccatorum

451 4031 752 4076 nostrorum
798 4035 1006 4089 natura,
1054 4024 1146 4078 sed
1169 4035 1222 4078 et
1252 4041 1315 4078 ex
1343 4024 1540 4094 judicio
1566 4025 1632 4079 de
1678 4025 1798 4078 aliis
1841 4036 2021 4080 nostro

447 4114 760 4166 sententiam
792 4113 930 4168 Deus
962 4113 1196 4183 proferet
1225 4133 1236 4167 :
1271 4115 1468 4168 idcirco
1493 4114 1766 4168 admonuit
1791 4115 1974 4170 dicens
2005 4133 2019 4172 :

452 4201 628 4255 Nolite
662 4203 918 4272 judicare,
965 4221 1027 4257 ne
1065 4203 1365 4274 jutlicemini
1395 4205 1415 4276 (
1446 4204 1632 4258 Matth.
1665 4205 1715 4258 7.
1744 4206 1766 4259 1
1825 4203 1844 4276 )
1871 4223 1883 4258 :
1914 4221 2019 4259 non

447 4293 588 4346 enim
627 4295 780 4363 quale
801 4293 897 4347 fuit
923 4306 1220 4362 peccatum,
1255 4296 1359 4350 tale
1387 4297 1494 4350 illic
1521 4297 1571 4350 in
1603 4298 1829 4350 futurmn
1857 4314 2022 4368 appa-

447 4383 622 4448 rebit;
669 4385 761 4438 sed
788 4385 1070 4452 quamdam
1120 4401 1364 4456 magnam
1410 4398 1462 4442 et
1496 4389 1847 4442 inevitabilem
1877 4390 2024 4443 addi-

448 4474 643 4528 tionem
686 4491 716 4527 a
763 4475 961 4546 judicio
989 4477 1040 4530 in
1068 4493 1384 4532 conversum
1417 4479 1554 4532 facto
1602 4480 1842 4548 accipiet.
1879 4480 2024 4535 Sicut

446 4566 588 4618 enim
615 4565 877 4620 humanus
907 4577 962 4620 et
987 4567 1128 4621 mitis
1157 4577 1210 4622 et
1233 4568 1470 4622 clemens
1497 4569 1752 4638 majorem
1782 4579 2024 4638 peccato-

449 4673 563 4711 rum
607 4660 919 4727 gravitatem
956 4661 1221 4714 succidit:
1254 4662 1323 4714 ita
1364 4662 1586 4716 acerbus
1616 4671 1671 4718 et
1711 4663 1942 4716 crudelis
1971 4674 2024 4717 et

447 4749 798 4818 implacabilis
829 4765 1076 4820 magnum
1108 4753 1334 4820 propriis
1375 4754 1582 4822 pondus
1609 4755 1838 4823 peccatis
1857 4769 2021 4822 appo-

443 4841 540 4894 nit.
598 4840 949 4895 Elimiuemus
995 4841 1156 4910 igitur
1179 4858 1392 4898 omnem
1423 4859 1484 4897 ex
1512 4860 1606 4898 ore
1632 4854 1815 4899 nostro
1844 4845 2023 4898 detra-

441 4934 699 4995 ctionem,
716 4933 946 4988 scientes
967 4933 1106 5003 quod
1127 4935 1226 4990 etsi
1249 4936 1482 4990 cinerem
1503 4935 1865 4996 comedamus,
1882 4935 2024 4990 nulla

449 5024 600 5080 nobis
625 5041 828 5094 asperae
849 5025 968 5081 vita:
993 5026 1147 5096 hujus
1165 5027 1361 5081 utilitas
1383 5028 1503 5090 erit,
1531 5027 1629 5080 nisi
1652 5044 1678 5078 a
1697 5026 2026 5080 detractione

447 5113 805 5170 abstineamus
830 5133 843 5169 :
876 5132 980 5170 non
1003 5117 1145 5171 enim
1171 5133 1288 5186 qua:
1316 5118 1515 5171 intrant
1555 5116 1898 5185 coinquinant
1926 5116 2024 5168 ho-

452 5202 670 5269 minem,
699 5205 792 5259 sed
814 5222 932 5277 qua:
961 5216 1157 5262 exeunt
1184 5223 1247 5262 ex
1270 5209 1404 5278 ore(
1437 5205 1620 5260 Matth.
1649 5207 1732 5261 15.
1769 5207 1854 5260 l7.
1893 5208 1956 5260 lS
1983 5207 2021 5276 ).

449 5291 504 5344 Si
534 5295 652 5362 quis
691 5303 744 5348 te
789 5308 1140 5364 praztereunte
1175 5310 1381 5353 stercus
1424 5309 1778 5362 commoveat,
1827 5314 2022 5360 nonne,

447 5398 649 5451 quaeso,
681 5384 827 5437 illum
851 5389 1090 5444 convicio
1115 5399 1170 5444 et
1189 5392 1508 5446 contumelia
1539 5390 1738 5444 allicias
1763 5393 1786 5444 ζ’
1812 5391 1922 5444 lloe
1945 5388 2027 5442 fac

441 5483 494 5525 et
523 5489 646 5542 erga
671 5474 1028 5533 detractores.
1058 5481 1172 5535 Non
1204 5483 1345 5536 enim
1365 5483 1442 5537 sic
1471 5493 1794 5538 commotum
1823 5491 2027 5536 stercus

443 5565 588 5618 illum
650 5566 889 5620 [αξιοι-ειη
959 5573 1360 5639 sIISpicienlium
1417 5576 1621 5631 cerebri
1663 5575 2027 5630 membranam

443 5657 698 5725 percellit,
737 5658 875 5712 sicut
903 5659 1074 5715 aliena
1106 5675 1319 5731 peccata
1343 5683 1587 5732 excussa,
1611 5677 1665 5722 et
1692 5666 1796 5721 vita
1824 5667 2030 5734 impura

442 5749 725 5819 patefacta,
749 5748 1072 5809 audientium
1090 5755 1299 5811 animos
1309 5760 1626 5814 contristare
1643 5770 1697 5814 et
1718 5758 2027 5830 perturbare

2111 464 2305 517 solent.
2330 463 2703 518 Abstineamus
2724 465 2883 534 igitur
2902 478 2932 517 a
2959 462 3309 531 detractione,
3340 467 3682 539 turpiloquio,

2117 552 2466 622 blasphemia,
2490 563 2544 608 et
2572 569 2744 623 neque
2775 554 3038 624 proximo,
3063 571 3235 625 neque
3263 557 3370 610 Deo
3395 558 3681 613 maledica-

2113 659 2230 696 mus
2259 660 2273 698 :
2303 645 2448 698 multi
2467 645 2607 699 enim
2630 644 3046 699 obtrectatorum
3075 661 3139 699 eo
3165 645 3361 702 furoris
3387 648 3516 717 lapsi
3538 661 3681 717 sunt,

2115 745 2170 788 ttt
2206 749 2236 788 a
2262 736 2534 789 conservis
2561 735 2611 788 in
2658 736 2819 789 Deum
2854 737 3082 805 linguam
3114 751 3263 790 suam
3293 741 3681 794 revocaverint.

2113 825 2376 893 Quantum
2406 843 2532 881 vero
2555 828 2622 880 sit
2655 828 2754 881 hoc
2781 828 2997 893 malum,
3030 843 3094 882 ex
3121 831 3278 882 rebus
3309 846 3448 884 nunc
3476 847 3572 884 nos
3601 849 3686 885 ur.

2114 916 2358 983 gentibus
2380 916 2544 970 disce.
2580 916 2717 970 Ecce
2741 917 2882 970 enim
2911 915 3070 970 homo
3101 917 3341 987 injuriam
3364 934 3553 987 passus
3583 932 3682 986 est,

2114 1016 2166 1060 et
2186 1021 2372 1062 omnes
2396 1007 2644 1062 timemus
2671 1016 2721 1060 et
2753 1008 3050 1072 tremimus,
3083 1017 3136 1061 et
3157 1009 3242 1077 qui
3275 1010 3568 1064 intulerunt
3600 1014 3682 1066 in-

2110 1097 2325 1166 juriam,
2353 1106 2408 1150 et
2431 1099 2518 1166 qui
2536 1099 2602 1152 de
2623 1099 2764 1152 nulla
2787 1097 3089 1167 hujusmodi
3113 1114 3170 1153 re
3190 1099 3286 1152 sibi
3311 1109 3436 1153 sunt
3455 1102 3682 1167 conscii,

2120 1188 2256 1242 Deus
2283 1199 2458 1243 autem
2503 1204 2598 1258 per
2627 1190 2863 1259 singulos
2889 1189 3004 1244 dies
3033 1190 3224 1259 injuria
3254 1191 3484 1246 afficitur
3515 1210 3527 1245 :
3561 1195 3684 1262 quid

2115 1277 2236 1330 dico
2267 1293 2361 1346 per
2389 1278 2624 1348 singulos
2651 1279 2807 1334 dies?
2838 1279 2949 1334 imo
2966 1296 3092 1334 vero
3118 1296 3212 1349 per
3239 1281 3475 1351 singulas
3503 1282 3682 1348 horas,

2116 1385 2144 1421 a
2177 1369 2445 1434 divitibus,
2477 1386 2506 1423 a
2551 1372 2890 1441 pauperibus.
2929 1388 2958 1425 a
3005 1374 3218 1441 quietis,
3265 1373 3333 1427 ab
3377 1375 3600 1438 afﬂictis,
3654 1391 3684 1429 a

2120 1461 2581 1524 calumniantibus,
2606 1478 2634 1516 a
2662 1463 2977 1517 calumniam
3003 1462 3310 1530 ferentibus,
3355 1481 3521 1535 neque
3550 1467 3685 1520 ullus

2119 1568 2337 1621 usquam
2367 1553 2416 1606 id
2437 1561 2606 1608 curat.
2640 1555 2764 1610 Ideo
2791 1571 3104 1610 conservum
3132 1557 3313 1610 violari
3345 1558 3600 1626 permisit,
3632 1571 3686 1612 ut

2117 1659 2178 1696 ex
2208 1643 2442 1712 periculo
2473 1661 2567 1714 per
2579 1647 2952 1700 contumeliam
2974 1656 3160 1700 exorto
3180 1647 3352 1701 discas
3369 1647 3575 1700 Domini
3596 1648 3688 1702 bc-

2119 1734 2453 1803 niguitatem.
2485 1739 2644 1808 Atqui
2688 1737 2788 1792 hoc
2821 1753 2960 1792 nunc
3005 1739 3232 1807 primum
3272 1737 3467 1793 factum
3504 1750 3604 1806 est,
3634 1752 3688 1795 et

2117 1828 2321 1894 Solum;
2352 1845 2450 1884 nec
2471 1839 2643 1885 tamen
2673 1840 2885 1899 propter
2903 1830 3004 1885 hoc
3019 1846 3114 1885 nos
3131 1831 3289 1884 ullam
3311 1842 3688 1900 assequuturos

2118 1934 2237 1973 esse
2267 1920 2475 1975 veniam
2506 1923 2590 1976 vel
2623 1925 3018 1977 excusationem
3055 1932 3426 1992 exspectamus
3455 1941 3470 1988 ;
3523 1925 3686 1978 Deum

2119 2025 2246 2064 vero
2273 2013 2509 2080 quotidie
2537 2013 2826 2080 irritamus,
2845 2026 2898 2068 et
2921 2015 3120 2069 nullam
3153 2015 3373 2069 facimus
3389 2017 3688 2070 conversio-

2121 2117 2263 2168 nem,
2296 2115 2348 2157 et
2379 2104 2553 2158 adhuc
2578 2123 2697 2160 cum
2725 2107 2867 2159 onmi
2900 2107 3294 2175 longanimitate
3323 2109 3562 2162 sustinet.
3600 2108 3687 2164 Vi-

2119 2193 2242 2248 disti
2264 2205 2458 2264 quanta
2498 2197 2705 2250 Domini
2734 2197 2803 2250 sit
2831 2197 3110 2252 clementia
3135 2199 3159 2252 ?
3191 2198 3257 2252 Et
3284 2201 3332 2251 in
3361 2198 3459 2254 hac
3476 2197 3686 2269 quidem

2123 2287 2556 2354 prtevaricatioue
2577 2289 2664 2356 qui
2694 2297 3070 2357 peccaverunt,
3099 2288 3234 2356 capti
3267 2298 3404 2353 sunt,
3431 2300 3482 2343 et
3511 2292 3560 2342 in
3581 2304 3692 2344 car-

2120 2395 2298 2432 cerem
2327 2379 2547 2445 detrusi,
2568 2395 2856 2450 poenasque
2881 2379 3174 2444 dederunt;
3199 2380 3292 2434 sed
3321 2393 3496 2434 tamen
3520 2381 3691 2436 adhuc

2124 2469 2406 2524 timemus:
2440 2470 2662 2524 necdum
2709 2471 2854 2524 enim
2896 2470 3029 2525 facta
3065 2471 3222 2524 ltesus
3250 2471 3468 2535 audivit,
3522 2487 3691 2542 neque

2122 2559 2440 2612 sententiam
2491 2560 2806 2625 enuntiavit,
2859 2569 2912 2613 et
2960 2575 3144 2614 omnes
3187 2561 3496 2623 tremimus;
3550 2561 3690 2615 Deus

2123 2664 2247 2702 vero
2268 2650 2508 2718 quotidie
2531 2651 2881 2704 contumelias
2914 2651 2964 2704 in
2995 2666 3052 2704 se
3079 2650 3428 2713 factasaudit,
3453 2659 3506 2705 et
3537 2666 3692 2704 nemo

2121 2739 2467 2804 Convertitur,
2521 2739 2645 2794 licet
2688 2741 2775 2794 ille
2828 2741 2895 2793 sit
2921 2751 3024 2792 tam
3059 2741 3297 2794 clemens
3323 2749 3375 2794 ct
3410 2741 3568 2794 mitis.
3615 2740 3692 2794 Illi

2123 2838 2398 2896 peccatum
2429 2829 2609 2884 dicere
2649 2831 2864 2894 sufficit,
2896 2839 2949 2884 et
2976 2831 3176 2884 crimen
3209 2831 3468 2894 solvitur;
3510 2830 3562 2883 in
3592 2830 3693 2884 ho-

2124 2918 2356 2972 minibus
2397 2935 2526 2973 vero
2567 2920 2892 2974 contrarium
2943 2921 3172 2988 penitus,
3225 2934 3344 2974 cum
3389 2929 3695 2989 peccatores

2121 3010 2353 3064 confessi
2376 3011 2592 3078 fuerint,
2623 3021 2747 3065 tunc
2773 3011 2940 3080 magis
2968 3011 3256 3080 puniuntur
3279 3028 3293 3064 :
3319 3011 3458 3081 quod
3479 3011 3694 3082 quidem

2123 3112 2177 3157 et
2205 3118 2343 3157 nunc
2371 3102 2568 3158 factum
2595 3115 2697 3158 est.

2196 3192 2468 3248 Praesentis
2495 3194 2796 3248 calamitatis
2820 3193 3106 3262 descriptio.
3135 3223 3206 3232 —-
3234 3192 3367 3247 Nam
3399 3193 3451 3247 hi
3480 3192 3696 3262 quidem

2124 3283 2282 3350 ferro,
2307 3285 2380 3338 illi
2411 3300 2536 3338 vero
2563 3284 2686 3353 igni,
2715 3283 2927 3354 quidam
2954 3293 3128 3338 autem
3159 3283 3341 3338 bestiis
3371 3283 3544 3337 traditi
3575 3299 3700 3352 per-

2126 3375 2333 3439 ierunt,
2381 3390 2484 3428 non
2515 3376 2608 3428 viri
2641 3384 2840 3428 tantum
2865 3415 2879 3438 ,
2912 3374 3005 3428 sed
3061 3383 3115 3428 et
3161 3374 3310 3443 pueri
3343 3391 3357 3427 :
3389 3389 3486 3428 nec
3526 3375 3700 3427 aetatis

2125 3463 2496 3530 immaturitas,
2543 3479 2642 3519 nec
2682 3464 2859 3534 populi
2891 3463 3173 3527 tumultus,
3222 3478 3320 3517 nec
3345 3462 3484 3532 quod
3521 3463 3700 3516 furore

2124 3556 2384 3611 diabolico
2415 3557 2593 3626 perciti
2619 3557 2831 3626 quidam
2864 3557 2976 3610 haec
3006 3557 3254 3622 fecerint,
3283 3571 3380 3610 nec
3403 3554 3544 3625 quod
3570 3570 3696 3609 exa-

2124 3649 2230 3701 ctio
2275 3647 2622 3702 intolerabilis
2667 3657 2852 3713 esset,
2906 3661 3011 3700 non
3059 3655 3368 3716 paupertas,
3410 3661 3513 3700 non
3559 3645 3698 3714 quod

2124 3753 2407 3791 commune
2455 3746 2730 3805 peccatum
2780 3736 2955 3803 fuerit,
3001 3753 3104 3789 non
3153 3735 3293 3804 quod
3338 3735 3698 3805 promiserint,

2127 3845 2409 3897 numquam
2455 3843 2514 3883 se
2543 3829 2767 3899 amplius
2798 3830 2918 3883 talia
2965 3843 3207 3894 ausuros,
3245 3843 3347 3882 non
3376 3827 3516 3881 aliud
3546 3828 3701 3896 quid-

2125 3935 2280 3986 quam
2311 3919 2529 3973 omnino
2572 3920 2714 3988 ipsos
2742 3919 2969 3987 eripuit;
3016 3917 3109 3972 sed
3149 3919 3346 3987 absque
3373 3918 3517 3970 omni
3548 3917 3699 3970 venia

2127 4013 2192 4067 ad
2215 4012 2520 4067 barathrum
2539 4012 2956 4077 abducebantur,
2990 4010 3242 4065 militibus
3270 4011 3485 4062 armatis
3515 4009 3702 4062 utrim-

2126 4122 2228 4175 que
2276 4107 2419 4175 ipsos
2465 4105 2740 4174 agentibus
2769 4114 2822 4158 et
2851 4101 3258 4158 observantibus
3281 4142 3295 4164 ,
3340 4117 3405 4154 ue
3433 4101 3550 4169 quis
3580 4115 3701 4153 reos

2129 4197 2358 4264 eriperet
2381 4213 2394 4249 :
2419 4205 2472 4250 et
2500 4196 2858 4263 sequebantur
2881 4204 3096 4257 matres,
3123 4191 3304 4262 procul
3324 4191 3534 4259 quidem
3566 4188 3701 4242 ﬁlios

2127 4286 2514 4354 conSpicientes
2538 4285 2858 4348 abstractos,
2882 4283 3232 4336 calamitatem
3257 4289 3428 4334 autem
3450 4279 3702 4348 conqueri

2129 4395 2233 4433 nou
2263 4377 2552 4440 audentes;
2604 4375 2852 4430 affectum
2899 4374 3039 4428 enim
3071 4372 3312 4426 vincebat
3358 4370 3602 4432 formido.
3649 4381 3702 4423 et

2129 4481 2370 4526 naturam
2401 4469 2685 4539 superabat
2714 4479 2908 4522 metus.
2941 4466 3008 4520 Et
3033 4466 3169 4520 sicut
3194 4463 3473 4532 naufragos
3500 4479 3528 4515 a
3561 4471 3700 4516 terra

2128 4572 2443 4617 eontuentes
2473 4561 2711 4614 homines
2737 4560 2917 4613 dolent
2945 4557 3156 4628 quidem
3177 4599 3189 4621 ,
3239 4555 3490 4610 accedere
3527 4563 3702 4607 autem

2128 4665 2179 4708 et
2207 4656 2514 4708 submersos
2542 4655 2748 4721 eripere
2794 4669 2896 4704 non
2925 4651 3098 4702 valent
3125 4666 3138 4702 :
3169 4650 3234 4701 ita
3280 4648 3488 4716 quidem
3515 4656 3569 4700 et
3596 4645 3702 4710 hic,

2131 4757 2395 4816 tamquam
2424 4747 2578 4800 undis
2601 4744 2934 4814 quibusdam,
2965 4742 3186 4795 militum
3217 4742 3404 4793 timore
3431 4737 3706 4807 prohibittu

2132 4848 2328 4893 matres
2348 4881 2363 4906 ,
2392 4854 2497 4892 non
2532 4847 2730 4891 tantum
2758 4836 3010 4889 accedere
3029 4877 3042 4895 ,
3070 4844 3122 4887 et
3149 4835 3290 4902 ipsos
3315 4848 3344 4885 a
3369 4831 3706 4885 damnatione

2132 4945 2318 4984 eruere
2347 4946 2452 4984 non
2479 4928 2777 4992 audebant,
2807 4926 2900 4980 sed
2930 4936 2983 4980 et
3017 4925 3271 4977 timebant
3296 4922 3593 4991 deplorare.
3623 4920 3704 4973 Au

2135 5023 2258 5076 hinc
2279 5021 2370 5075 Dei
2396 5021 2811 5074 misericordiam
2840 5017 3101 5086 conjicitis
3121 5029 3278 5084 quam
3307 5011 3582 5067 iuefl‘abilis
3603 5012 3708 5063 sit?

2131 5128 2288 5181 quam
2317 5110 2565 5165 inﬁnita?
2603 5107 2870 5180 quomodo
2895 5121 3107 5162 omnem
3151 5105 3483 5159 transcendat
3507 5100 3710 5154 oratio-

2137 5205 2300 5261 nem?
2327 5205 2424 5260 llic
2448 5205 2659 5273 quidem
2690 5204 2756 5265 is,
2785 5202 2872 5272 qui
2903 5202 3060 5254 l:esus
3085 5209 3188 5261 est,
3217 5207 3270 5253 et
3296 5195 3534 5264 ejusdem
3557 5204 3711 5247 natu-

2131 5316 2228 5364 «ιιι,
2256 5306 2310 5352 et
2335 5299 2499 5352 semel
2523 5313 2591 5350 ex
2616 5296 2758 5349 omni
2790 5306 3030 5363 tempore
3057 5291 3157 5345 hoc
3182 5305 3368 5360 passus
3393 5296 3494 5351 est,
3522 5295 3576 5339 et
3605 5299 3713 5337 non

2131 5405 2350 5454 coram,
2383 5403 2557 5457 neque
2588 5394 2900 5456 praesens,et
2925 5389 3226 5438 cernens.et
3261 5378 3479 5433 audiens
3503 5415 3516 5439 ,
3549 5383 3604 5428 et
3636 5383 3715 5428 ta-

2135 5498 2254 5536 men
2301 5496 2458 5535 nemo
2500 5495 2712 5534 reorum
2759 5476 2963 5530 veniam
3004 5481 3322 5543 assequuntus
3351 5478 3432 5524 cst
3463 5485 3474 5520 :
3507 5466 3574 5520 de
3603 5467 3719 5518 Deo

2134 5585 2314 5627 autem
2346 5573 2473 5626 nihil
2505 5571 2691 5626 horum
2727 5569 2902 5624 dicere
2943 5567 3065 5621 licet
3111 5564 3346 5620 :etenim
3392 5569 3588 5618 tantum
3631 5567 3722 5610 est

2136 5665 2232 5721 Dei
2280 5675 2334 5719 et
2381 5663 2606 5718 hominis
2651 5663 2983 5725 discrimen,
3042 5666 3294 5726 quantum
3341 5668 3494 5708 nemo
3535 5648 3724 5702 verbis

2141 5767 2318 5827 possm
2351 5758 2649 5826 exprimere
2680 5773 2692 5809 :
2723 5752 2960 5824 quotidie
2985 5748 3304 5806 contumelia
3328 5745 3552 5800 afficitur
3582 5755 3722 5809 pra»
