4074 6218
251 292 325 348 55
1251 290 1343 346 AD
1384 290 1721 351 POPULUH
1784 292 2291 352 ANTIOCHENUM
2332 294 2569 350 IlOMIL.
2612 294 2699 348 Ill.
3644 293 3716 349 κϐ

258 417 395 481 έχων
416 450 434 476 ,
463 408 525 462 ἐν
567 405 842 479 ἀσφαλείᾳ
884 404 1054 480 πολλῇ
1089 406 1229 479 μετά
1277 407 1484 480 πολλῆς
1533 407 1791 480 βιώσεται
1837 410 1939 481 τῆς

253 498 467 571 ἠδονῆςο

324 588 627 652 Ἤκουσας
650 583 855 655 λόγον,
888 582 1080 653 φησίν;
1104 580 1516 638 ἐναποθανέτω
1536 599 1637 638 σοι
1655 600 1669 614 ·
1694 584 1926 652 θάρσει,

250 675 325 728 οὐ
354 671 441 743 μή
465 687 541 728 σε
563 670 760 740 ῥήξει.
795 668 862 722 Τί
891 670 1059 731 ἐστιν,
1091 670 1533 726 Ἐναποθανέτω
1559 684 1697 733 σοι;
1730 669 1932 723 Σϐέσον

250 761 438 825 αὐτὸν,
469 760 813 830 κατάχωσον,
840 756 917 829 μὴ
945 758 1310 828 συγχωρήσῃς
1334 755 1589 822 ἐξελθεῖν,
1623 757 1755 829 μηδὲ
1779 772 1934 826 κινη-

253 848 416 918 θῆναι
442 847 505 900 τὸ
546 847 843 917 παράπαν·
892 844 1029 899 ἀλλά
1078 844 1309 916 μάλιστα
1362 846 1460 917 μὲν
1521 842 1613 900 οὖν
1666 844 1932 908 σπούδαζε

255 935 395 1006 μηδὲ
416 933 707 1005 ἀνέχεσθαι
732 934 842 987 τῶν
861 933 1131 1002 λεγόντων
1159 933 1378 1005 ἑτέρους
1399 933 1603 997 κακῶς.
1634 933 1732 987 Ἂν
1753 934 1798 987 δ’
1825 934 1934 1004 ἀρα

253 1040 390 1076 ποτε
425 1023 521 1075 καὶ
554 1021 701 1093 δέξῃ,
737 1022 1074 1092 κατάχωσον,
1112 1020 1433 1074 ἀπόκτεινον
1464 1021 1526 1075 τὸ
1554 1020 1765 1092 λεχθὲν,
1794 1020 1932 1092 λήθῃ

253 1111 534 1182 παράδος,
572 1111 661 1163 ἴνα
693 1113 806 1175 τοῖς
839 1109 915 1180 μὴ
940 1108 1234 1179 ἀκηκοόσιν
1258 1109 1442 1179 ὅμοιος
1482 1108 1635 1182 γένῃ,
1671 1109 1765 1160 καὶ
1798 1106 1937 1178 μετά

254 1199 461 1270 πολλῆς
489 1199 591 1268 τῆς
614 1198 840 1269 εἰρήνης
865 1196 959 1249 καὶ¹
990 1196 1092 1267 τῆς
1111 1195 1412 1265 ἀσφαλείας
1448 1197 1543 1249 τὸν
1598 1195 1843 1267 παρόντα
1865 1193 1938 1247 δι-

255 1288 400 1360 άγῃς
428 1285 560 1357 βίον.
590 1286 687 1338 Ἂν
719 1283 965 1355 μάθωσιν
987 1285 1035 1338 οί
1067 1285 1386 1356 κακήγοροι,
1415 1284 1497 1337 ὅτι
1520 1283 1629 1338 τῶν
1652 1282 1936 1336 διαϐαλλο-

260 1376 441 1441 μένων
485 1374 685 1444 μᾶλλον
712 1374 874 1443 ήμεῖς
901 1372 1099 1435 αὐτούς
1120 1370 1599 1442 ἀποστρεφόμεθα,
1640 1370 1937 1425 παύσονται

257 1462 354 1515 καὶ
376 1460 531 1515 αὐτοί
567 1476 696 1514 ποτε
724 1458 828 1528 τῆς
859 1459 1102 1530 πονηρᾶς
1126 1457 1416 1529 συνηθείας
1437 1457 1661 1529 ταύτης,
1682 1459 1776 1511 καὶ
1792 1458 1933 1527 διορ-

257 1548 525 1601 θώσονται
544 1547 605 1601 τὸ
626 1547 844 1619 ἀμάρτη
854 1563 949 1617 μα,
962 1545 1059 1598 καὶ
1081 1545 1455 1598 ἐπαινέσονται
1475 1543 1615 1615 μετά
1632 1543 1825 1611 ταῦτα,
1844 1545 1938 1598 καὶ

257 1637 410 1706 ἡμᾶς
430 1634 627 1698 αὐτοὺς
652 1634 729 1696 ώς
758 1633 1010 1704 σωτῆρας
1049 1631 1228 1685 αὐτῶν
1250 1631 1572 1702 γενομένους
1600 1632 1694 1685 καὶ
1718 1631 1941 1701 εὐεργέ-

255 1740 361 1786 τας
406 1721 855 1794 ἀνακηρύξουσιν.
912 1721 1124 1793 ’Ὥσπερ
1171 1719 1281 1791 γάρ
1306 1719 1369 1773 τό
1415 1718 1596 1783 καλῶς
1637 1719 1817 1787 λέγειν
1845 1717 1938 1772 καὶ

258 1809 631 1881 ἐγκωμιάζειν
646 1809 790 1881 ἀρχὴ
806 1807 987 1877 φιλίας
1008 1808 1177 1872 ἐστὶν,
1199 1805 1344 1860 οὕτω
1361 1807 1421 1861 τὸ
1441 1807 1627 1870 κακῶς
1646 1806 1826 1875 λέγειν
1846 1806 1941 1859 καὶ

256 1898 567 1952 διαϐάλλειν
590 1896 702 1969 [Η]
744 1896 963 1969 ἔχθρας,
1000 1895 1096 1950 καὶ
1128 1894 1445 1966 ἀπεχθείας,
1488 1895 1582 1948 καί⁵
1600 1895 1709 1948 τῶν
1732 1893 1941 1966 μυρίων

260 1987 518 2058 πολέμων
556 1986 699 2058 ἀρχὴ
751 1985 849 2040 καὶ
892 1983 1150 2047 ὐπόθεσις
1186 1984 1432 2053 γέγονεν.
1475 1982 1785 2054 Οὐδαμόθεν
1832 1982 1941 2053 γάρ

261 2075 535 2146 ἑτέρωθεν
568 2072 837 2145 ἠμέληται
866 2071 937 2126 τὰ
965 2071 1232 2143 ἡμέτερα,
1258 2072 1375 2125 ἀλλ’
1404 2070 1437 2143 ἢ
1472 2073 1537 2125 ἐκ
1568 2071 1663 2125 τοῦ
1693 2072 1760 2126 τά
1789 2070 1943 2124 ἀλλό-

259 2178 391 2232 τρια
415 2161 895 2232 πολυπραγμονεῖν
916 2159 1012 2213 καὶ
1048 2156 1542 2231 περιεργάζεσθαι·
1571 2159 1631 2211 οὐ
1656 2157 1759 2228 γὰρ
1797 2154 1941 2211 ἐστιν

257 2250 550 2321 ἄνθρωπον
583 2246 1023 2320 κακηγοροῦντα,
1051 2246 1145 2301 καὶ
1180 2248 1305 2310 τοὺς
1336 2245 1648 2318 ἀλλοτρίους
1671 2245 1945 2315 πολυπρα-

256 2338 571 2409 ⁴γμονοῦντα
602 2338 770 2408 βίους,
798 2336 898 2408 τῆς
924 2335 1059 2399 ίδίας
1079 2333 1479 2406 ἐπιμεληθῆναί
1504 2350 1632 2387 ποτε
1649 2334 1815 2405 ζωῆς.
1830 2333 1943 2405 Τῆς

256 2426 372 2495 γέιρ
404 2425 641 2495 σπουδῆς
667 2424 886 2493 ἀπάσης
913 2422 1062 2493 αὐτῷ
1110 2424 1189 2486 είς
1207 2420 1305 2493 τήν
1329 2422 1532 2493 ἐτέρων
1554 2420 1941 2493 πολυπραγμο-

258 2513 434 2583 σύνην
475 2512 926 2582 ἀναλισκομένης,
971 2508 1184 2581 ἀνάγκη
1214 2509 1283 2563 τὰ
1313 2509 1480 2562 αὐτοῦ
1525 2511 1702 2563 πάντα
1756 2508 1944 2571 ἁπλῶς

258 2599 480 2653 κεῖσθαι
504 2601 595 2653 καὶ
618 2598 1001 2669 ἠμελημένως.
1040 2596 1150 2650 Καὶ
1169 2596 1276 2667 γὰρ
1307 2596 1590 2667 ἀγαπητὸν
1627 2596 1727 2668 τήν
1764 2597 1944 2649 πᾶσαν

260 2687 462 2759 σχολήν
505 2689 585 2750 είς
622 2687 724 2758 τήν
769 2684 1088 2756 ἐπιμέλειαν
1130 2683 1240 2737 τῶν
1277 2683 1495 2737 οἰκείων
1529 2684 1945 2756 ἁμαρτημάτων

253 2777 358 2829 καὶ
384 2775 484 2843 τήν
510 2774 689 2845 κρίσιν
710 2771 1089 2835 ἀναλίσκοντα,
1111 2768 1409 2841 δυνηθῆναί
1430 2787 1485 2824 τι
1509 2770 1732 2840 ποιῆσαι
1752 2771 1881 2823 πλέο
1896 2790 1911 2821 ι
1926 2788 1940 2802 ·

255 2863 391 2916 ὅταν
416 2862 475 2917 δὲ
500 2861 790 2924 διαπαντὸς
821 2858 890 2914 τὰ
911 2858 1167 2930 ἀλλότρια
1191 2857 1507 2931 φροντίζῃς,
1542 2858 1672 2911 πότε
1697 2858 1804 2911 τῶν
1838 2858 1945 2911 σῶν

258 2950 578 3024 ἐπιμελήσῃ
604 2948 826 3014 κακῶν;

330 3040 603 3108 Φύγωμεν
616 3037 818 3101 τοίνυν,
834 3034 1132 3106 ἀγαπητοὶ,
1148 3034 1410 3105 φύγωμεν
1426 3045 1452 3074 ι
1468 3033 1567 3096 τὰς
1586 3032 1943 3102 κακηγορίας.

261 3127 534 3198 μαθόντες
561 3127 635 3189 ώς
659 3123 963 3179 διαϐολικόν
999 3125 1148 3179 ἐστιν
1177 3123 1297 3176 ὅλον
1319 3120 1379 3175 τὸ
1417 3119 1709 3192 βάραθρον,
1738 3119 1947 3190 καὶτῆς

257 3215 563 3285 ἐπιϐουλῆς
596 3215 696 3287 τῆς
723 3214 936 3268 ἐκείνου
961 3212 1101 3286 αὐτη
1132 3212 1168 3285 ή
1202 3210 1415 3282 ἐνέδρα.
1438 3208 1557 3263 Ἵνα
1580 3207 1689 3280 γὰρ
1723 3209 1817 3262 καὶ
1838 3207 1947 3263 τῶν

256 3305 554 3377 ἡμετέρων
579 3302 965 3375 ἀμελήσωμεν,
992 3302 1088 3356 καὶ
1119 3298 1506 3371 χαλεπωτέρας
1530 3298 1746 3360 ἑαυτοῖς
1780 3314 1949 3350 κατα-

260 3395 556 3463 στήσωμεν
581 3391 679 3455 τὰς
702 3389 953 3454 εὐθύνας,
973 3391 1052 3453 είς
1079 3388 1281 3458 ταύτην
1309 3387 1457 3457 ἡμᾶς
1490 3382 1589 3454 τὴν
1620 3384 1949 3454 συνήθειανό

256 3479 518 3543 διάϐολος
562 3479 737 3549 ἠγαγε
758 3495 772 3509 ο
804 3477 1002 3549 μᾶλλον
1027 3476 1105 3541 δὲ,
1126 3476 1189 3529 οὐ
1215 3472 1374 3527 τοῦτο
1406 3472 1563 3544 μόνον
1597 3470 1715 3524 ἐστὶ
1747 3471 1809 3524 τὸ
1851 3488 1950 3541 χα-

258 3570 453 3633 λεπὸν,
497 3569 581 3621 ὅτι
626 3567 784 3636 λόγον
817 3567 1084 3637 δώσομεν,
1117 3558 1192 3619 ὧν
1223 3564 1527 3635 εἰρήκαμεν
1550 3561 1693 3625 τότε,
1724 3559 1838 3615 ἀλλ’
1863 3562 1947 3614 ὃτι

259 3660 360 3713 καὶ
392 3656 463 3710 τὰ
486 3656 730 3728 ἡμέτερα
759 3655 1139 3725 ἁμαρτήματα
1182 3651 1542 3724 χαλεπώτερα
1586 3649 1758 3723 ταύτῃ
1793 3649 1950 3720 ποιή-

263 3762 454 3816 σομεν,
480 3743 665 3812 πάσης
694 3742 921 3805 ἑαυτοὺς
947 3739 1381 3812 ἀποστεροῦντες
1406 3738 1720 3808 ἀπολογίας.
1758 3739 1816 3790 Ὀ
1839 3736 1948 3808 γὰρ

261 3831 486 3903 πικρῶς
508 3830 575 3883 τά
600 3829 861 3900 ἀλλότρια
882 3826 1174 3893 ἐξετάζων,
1199 3828 1257 3880 ἐν
1282 3831 1395 3891 τοῖς
1417 3826 1537 3880 καθ’
1562 3825 1753 3880 ἑαυτὸν
1777 3825 1883 3895 πλη
1893 3842 1950 3894 μ-

265 3919 584 3990 μελήμασιν
605 3918 863 3987 οὐδεμιᾶς
889 3914 1258 3969 ἀπολαύσεται
1283 3911 1615 3984 συγγνώμης
1639 3912 1789 3967 ποτέ.
1815 3913 1948 3966 Οὐδὲ

261 4009 372 4078 γὰρ
398 4006 509 4059 ἀπὸ
530 4008 631 4076 τῆς
653 4004 869 4073 φύσεως
889 4003 998 4057 τῶν
1028 4002 1584 4073 πεπλημμελημένων
1605 4003 1735 4073 ήμῖν
1768 4001 1947 4072 μόνον,

263 4094 407 4148 ἀλλὰ
430 4095 528 4146 καὶ
549 4092 657 4145 ἀπὸ
682 4092 781 4162 τῆς
808 4091 1043 4163 κρίσεως
1064 4090 1163 4162 τῆς
1194 4089 1295 4160 σῆς
1318 4090 1445 4161 περὶ
1472 4088 1673 4161 ἑτέρων
1693 4088 1829 4142 οἴσει
1852 4089 1949 4160 τήν

262 4181 451 4251 ιζῆφον
480 4182 512 4234 6
534 4179 685 4243 Θεός.
720 4178 820 4232 Διά
846 4178 1007 4232 τοῦτο
1035 4178 1312 4249 παρῄνεσε
1341 4176 1538 4245 λέγων·
1573 4176 1668 4243 Μὴ
1693 4176 1948 4244 κρίνετε,

265 4272 371 4323 ἶνα
384 4268 476 4337 μὴ
498 4266 743 4335 κριθῆτε
760 4282 777 4298 ο
795 4266 856 4320 οὐ
875 4267 986 4337 γάρ
1008 4259 1120 4319 οἷον
1140 4264 1333 4334 γέγονε
1353 4265 1415 4318 τὸ
1438 4264 1764 4336 ἁμάρτημα,
1786 4265 1954 4318 τοιού-

262 4374 362 4411 τον
394 4358 517 4409 ἐκεῖ
544 4358 795 4425 φανεῖται
822 4354 1028 4418 λοιπὸν,
1056 4353 1192 4408 ἀλλά
1221 4352 1425 4424 πολλήν
1457 4370 1578 4408 τινα
1598 4354 1693 4407 καὶ
1715 4352 1954 4425 ἀπαραί-

263 4462 436 4515 τητον
464 4442 791 4514 προσθήκην
822 4441 1054 4513 λήψεται
1077 4440 1187 4494 ἀπὸ
1206 4440 1310 4511 τῆς
1332 4441 1413 4503 είς
1441 4440 1532 4494 τὸν
1556 4440 1836 4494 σύνδουλόν
1858 4457 1953 4493 σου

262 4531 428 4603 παρὰ
468 4530 566 4584 σοῦ
596 4530 971 4601 γεγενημένης
1010 4529 1269 4602 κρίσεως.
1312 4530 1525 4600 Ὠσπερ
1563 4530 1674 4601 γὰρ
1700 4531 1731 4583 6
1765 4530 1955 4599 φιλάν-

259 4619 516 4690 Θρωπος,
532 4618 863 4687 καὶήμερος,
895 4615 989 4669 καὶ
1014 4615 1454 4686 συγγνωμονικὸς
1481 4616 1842 4686 ὑποτέμνεται
1862 4618 1956 4670 τὸν

256 4707 497 4761 πλείονα
527 4706 637 4759 τῶν
668 4705 1081 4776 ἁμαρτημάτων
1107 4704 1271 4775 ὄγκον
1293 4717 1313 4736 ⁸
1341 4703 1515 4768 οὕτως
1546 4706 1575 4758 6
1613 4704 1827 4777 πικρὸς,
1861 4705 1956 4760 καὶ

252 4794 451 4865 ὠμὸς,
479 4795 575 4847 καὶ
609 4794 983 4867 ἀπαραίτητος
1028 4793 1160 4847 πολὺ
1193 4794 1309 4856 τοῖς
1345 4792 1569 4857 οἰκείοις
1595 4793 1956 4865 ἁμαρτήμασι

254 4884 603 4957 προστίθησι
627 4884 875 4956 μέγεθος.
907 4883 1271 4955 Ἐξορίσωμεν
1293 4883 1473 4937 τοίνυν
1497 4884 1609 4937 ἀπὸ
1634 4884 1726 4937 τοῦ
1748 4884 1955 4955 στόμα·

250 4990 363 5037 τος
402 4972 561 5043 ήμῶν
592 4972 932 5044 κακηγορίαν
964 4973 1203 5037 ἃπασαν,
1236 4971 1438 5033 ειδότες
1479 4972 1561 5025 ὅτι
1605 4970 1708 5026 κᾶν
1752 4971 1959 5044 τέφραν

248 5056 571 5127 ἐσθίωμεν,
602 5057 755 5110 οὐδὲν
780 5056 972 5128 ὄφελος
995 5059 1126 5128 ἡμῖν
1148 5057 1248 5126 τῆς
1281 5055 1705 5129 σκληραγωγίας
1730 5056 1955 5128 ταύτης,

246 5143 339 5198 ἄν
368 5139 713 5211 κακηγορίας
743 5141 819 5213 μὴ
850 5140 1240 5216 ἀποσχώμεθα.
1271 5142 1346 5194 Οὐ
1373 5141 1481 5213 γὰρ
1508 5142 1576 5195 τὰ
1603 5141 1960 5214 εἰσερχόμενα

246 5226 454 5281 κοινοῖ
484 5223 577 5275 τὸν
617 5223 927 5294 ἄνθρωπον,
960 5223 1095 5278 ἀλλά
1122 5223 1192 5277 τὰ
1218 5224 1550 5295 ἐξερχόμενα
1584 5225 1693 5278 ἀπὸ
1725 5224 1819 5279 τοῦ
1842 5224 1962 5277 στό-

247 5322 475 5379 ματος.
508 5305 576 5359 Et
591 5322 675 5370 τις
701 5307 1052 5378 ἀνακινήσειε
1084 5305 1345 5379 βόρϐορον
1372 5306 1466 5360 σοῦ
1498 5308 1811 5379 παριόντος,
1840 5308 1961 5362 είπέ

249 5407 390 5461 μοι,
418 5388 479 5441 οὐ
509 5386 792 5461 λοιδορεῖς,
818 5389 911 5443 καί
937 5389 1179 5462 ὑϐρίζεις
1195 5391 1286 5443 τὸν
1304 5391 1464 5445 τοῦτο
1486 5393 1741 5446 ποιοῦντα
1758 5410 1772 5458 ;
1792 5393 1964 5447 Τοῦτο

244 5471 367 5527 καὶ
402 5470 496 5524 ἐπὶ
518 5471 630 5525 τῶν
663 5472 992 5544 κακηγόρων
1028 5473 1053 5512 δ
1084 5474 1331 5543 ποίησον.
1365 5474 1439 5526 Οὐ
1481 5475 1588 5547 γὰρ
1622 5474 1794 5539 οὓτως
1833 5478 1964 5529 ἀνα-

242 5549 593 5622 κινούμενος
618 5553 874 5628 βόρϐορος
901 5556 1127 5627 πλήττει
1154 5558 1253 5625 τήν
1274 5557 1515 5627 μήνιγγα
1536 5557 1647 5610 τῶν
1702 5559 1801 5631 τὴν
1843 5559 1960 5612 δυσ-

244 5636 443 5692 ωδίαν
469 5635 774 5708 δεχομένων
804 5638 1130 5708 ἑκείνην,ώς
1149 5638 1520 5711 ἁμαρτήματα
1549 5639 1803 5712 ἀλλότρια
1831 5641 1955 5694 ἀνα-

320 5776 357 5852 r
394 5775 493 5852 ιιι
525 5776 879 5852 13mm“-

319 5839 359 5880 ι
392 5838 496 5908 Δί.ἰί
530 5838 739 5908 ἐπὶτῶν
772 5840 1071 5908 κακηγόρων,
1110 5841 1193 5908 alii
1220 5840 1520 5908 κατηγόρων,
1542 5848 1677 5893 nolal
1711 5841 1880 5893 Monlf.
1910 5844 1961 5893 In

251 5907 434 5952 ιριιυ
452 5901 622 5963 legens
645 5903 718 5950 ἐπὶ
739 5904 807 5966 τῷ
830 5901 1100 5970 κατηγόρῳ,
1125 5905 1283 5953 minus
1302 5901 1456 5953 rel-l0.
1485 5903 1615 5953 Enn.

2049 409 2365 481 κινούμενα,
2406 410 2502 464 καὶ
2548 409 2665 480 βίος
2707 406 3018 479 ἀκάθαρτος
3062 408 3534 479 ἐκκαλυπτόμενος
3562 405 3728 462 haud

2038 498 2149 552 τῶν
2194 497 2505 552 ἀκουόντων
2532 498 2632 567 τὴν
2672 494 2850 567 ψυχὴν
2888 494 2985 548 καὶ
3015 494 3312 565 ἐξίστησιν.
3364 494 3726 567 Ἀπεχώμεθα

2037 585 2218 639 τοίνυν
2239 585 2604 656 κακηγορίας,
2631 581 3034 654 αἰσχρολογίας,
3062 581 3429 651 βλασφημίας.
3453 583 3549 637 καὶ
3586 584 3726 653 μήτε

2036 674 2131 727 τὸν
2164 673 2415 745 πλησίον,
2447 674 2586 744 μήτε
2617 672 2709 725 τὸν
2730 672 2863 723 Θεὸν
2891 670 3141 740 λέγωμεν
3164 669 3371 732 κακῶς.
3404 670 3597 723 Πολλοὶ
3616 672 3727 743 γὰρ

2040 765 2120 826 είς
2144 763 2304 816 τοῦτο
2334 763 2533 834 μανίας
2561 760 2856 826 ἐξώκειλαν
2885 759 2996 813 τῶν
3020 759 3370 829 κακηγόρων,
3397 759 3473 822 ώς
3494 759 3601 813 ἀπὸ
3617 760 3726 814 τῶν

2042 848 2343 903 συνδούλων
2365 851 2458 903 ἐπὶ
2480 849 2574 903 τὸν
2597 848 2878 918 Δεσπότην
2905 847 3210 917 ἀναστῆσαι
3236 846 3335 916 τὴν
3361 845 3605 913 γλῶτταν
3628 848 3727 917 τὴν

2041 939 2268 993 ἑαυτῶν.
2302 940 2467 992 Ὅσον
2491 939 2547 992 δὲ
2576 938 2735 991 τοῦτό
2763 939 2879 990 ἐστι
2907 936 3098 999 κακὸν,
3125 935 3233 989 ἀπὸ
3259 934 3367 987 τῶν
3391 935 3728 1004 κατεχόντων

2041 1026 2298 1097 νῦνήμᾶς
2318 1026 2554 1098 μάνθανε
2571 1025 2934 1098 πραγμάτων.
2964 1022 3095 1077 ’ἰδοὺ
3118 1021 3249 1091 γοῦν
3272 1019 3368 1075 ἀνθ
3378 1037 3557 1093 ρωπος
3579 1020 3731 1091 ὑδρία

2043 1115 2166 1185 σθη,
2189 1116 2283 1169 καὶ
2304 1116 2502 1179 πάντες
2523 1114 2836 1185 δεδοίκαμεν
2849 1112 2944 1167 καὶ
2962 1112 3259 1185 τρέμομεν,
3287 1109 3341 1162 οῖ
3362 1126 3422 1162 τε
3447 1108 3732 1179 ύϐρικότες

2042 1203 2097 1255 οῖ
2135 1220 2195 1256 τε
2232 1203 2396 1273 μηδὲν
2428 1204 2640 1264 ἑαυτοῖς
2679 1200 2979 1261 συνειδότες
3006 1198 3278 1252 τοιοῦτον⁸
3301 1200 3330 1251 ό
3362 1197 3420 1250 δέ
3457 1197 3589 1259 Θεὸς
3607 1197 3729 1250 καθ’

2043 1288 2280 1360 ἑκάστην
2299 1288 2508 1359 ἡμέραν
2527 1287 2825 1358 ὑϐρίζεται·
2839 1286 2892 1339 τί
2913 1286 3054 1354 λέγω
3071 1284 3193 1339 καθ’
3218 1284 3458 1354 ἑκάστην
3477 1285 3692 1355 ἡμέραν
3710 1300 3727 1351 ;

2044 1376 2169 1429 καθ’
2204 1375 2443 1446 ἑκάστην
2483 1375 2582 1446 μὲν
2633 1373 2752 1445 [45]
2793 1369 2887 1428 οὖν
2916 1373 3087 1445 ὦραν,
3130 1372 3286 1444 παρά
3332 1372 3729 1434 πλουτούντων,

2044 1463 2198 1535 παρά
2223 1464 2494 1534 πενήτων,
2525 1460 2680 1532 παρὰ
2704 1461 2814 1514 τῶν
2845 1463 2903 1514 ἐν
2937 1460 3143 1525 ἀνέσει,
3187 1457 3339 1530 παρά
3380 1458 3487 1512 τῶν
3514 1460 3573 1511 ἐν
3612 1457 3732 1511 θλί-

2043 1551 2156 1621 ψει,
2175 1551 2326 1622 παρὰ
2346 1551 2455 1604 τῶν
2484 1549 2922 1622 ἐπηρεαζόντων,
2941 1548 3095 1620 παρά
3119 1546 3227 1600 τῶν
3250 1547 3730 1618 ἑπηρεαζομένων,

2046 1640 2139 1694 καὶ
2172 1640 2346 1703 οὐδεὶς
2372 1638 2609 1710 οὐδαμοῦ
2643 1638 2819 1707 λόγος.
2856 1637 2956 1692 Διά
2978 1637 3138 1691 τοῦτο
3164 1636 3545 1708 συνεχώρησεν
3578 1636 3735 1708 ὑϐρι-

2050 1727 2241 1797 σθῆναι
2272 1727 2362 1780 τὸν
2393 1726 2703 1796 ὁμόδουλον,
2740 1726 2827 1780 ἵνα
2856 1726 2965 1780 ἀπὸ
2989 1724 3082 1778 τοῦ
3111 1723 3359 1778 κινδύνου
3384 1722 3481 1777 τοῦ
3518 1724 3605 1777 διά
3633 1724 3734 1795 τὴν

2048 1815 2205 1885 ὓϐριν
2233 1814 2527 1885 γενομένου
2548 1812 2751 1882 ταύτην
2772 1812 2866 1867 τοῦ
2890 1813 3161 1865 Δεσπότου
3184 1810 3283 1883 τὴν
3308 1810 3724 1884 φιλανθρωπίαν

2052 1901 2246 1973 μάθῃς.
2266 1900 2459 1953 Καίτοι
2485 1900 2645 1953 τοῦτο
2672 1900 2768 1954 νῦν
2793 1900 3011 1972 πρῶτον
3043 1899 3137 1953 καὶ
3162 1899 3322 1970 μόνον
3348 1897 3593 1967 γέγονεν,
3619 1895 3737 1951 ἀλλ’

2045 1991 2197 2061 ὅμως
2238 1989 2359 2043 οὐδὲ
2409 1989 2495 2042 διὰ
2529 1989 2688 2042 τοῦτο
2728 1989 3118 2060 προσδοκῶμεν
3158 1986 3565 2041 ἀπολαύσεσθαι
3604 2001 3736 2054 συγ-

2047 2077 2274 2151 γνώμης
2298 2078 2444 2140 τινὸς
2469 2076 2591 2130 οὐδὲ
2618 2076 2945 2145 ἀπολογίας·
2975 2076 3065 2130 τὸν
3094 2076 3150 2130 δέ
3180 2076 3314 2129 Θεὸν
3338 2074 3462 2129 καθ’
3494 2075 3735 2143 ἑκάστην

2050 2166 2455 2240 παροργίζομεν
2476 2165 2573 2237 τὴν
2599 2165 2836 2237 ἡμέραν,
2878 2166 2972 2218 καὶ
3005 2163 3263 2233 οὐδεμίαν
3297 2162 3601 2233 ποιούμεθα
3634 2160 3735 2232 τὴν

2049 2256 2405 2328 ἐπιστροφὴν,
2458 2257 2553 2310 καὶ
2581 2255 2661 2309 ἔτι
2704 2257 2862 2327 φέρει
2902 2254 3039 2325 μετά
3077 2253 3463 2326 μακροθυμίας
3494 2251 3733 2319 ἀπάσης.

2050 2339 2204 2407 Εἶδες
2234 2343 2374 2415 πόση
2398 2344 2432 2414 ή
2464 2341 2850 2413 φιλανθρωπία
2869 2340 2962 2394 τοῦ
2985 2340 3257 2393 Δεσπότου
3289 2358 3303 2406 ;
3338 2339 3530 2392 Καίτοι
3559 2354 3624 2406 γε
3645 2337 3739 2389 ἐπὶ

2049 2431 2151 2502 τῆς
2182 2432 2526 2503 παρανομίας
2552 2429 2756 2502 ταύτης
2792 2430 2844 2483 οἱ
2890 2426 3423 2501 πεπλημμεληκότες
3461 2425 3735 2486 ἑάλωσαν,

2050 2521 2143 2574 καὶ
2169 2522 2250 2584 είς
2298 2519 2674 2591 δεσμωτήριον
2714 2519 2996 2582 ἐνέπεσον,
3033 2518 3126 2571 καὶ
3170 2516 3327 2586 δίκην
3362 2514 3575 2576 ἔδοσαν,
3620 2512 3740 2567 ἀλλ’

2049 2607 2202 2677 ὅμως
2235 2607 2316 2660 ἔτι
2349 2606 2701 2676 δεδοίκαμενο
2744 2607 2841 2659 καί⁵
2888 2604 2999 2676 γὰρ
3036 2603 3190 2658 οὐπω
3228 2604 3431 2674 ἢκουσε
3471 2601 3542 2655 τά
3579 2617 3741 2670 γεγε-

2051 2694 2262 2765 νημένα
2289 2697 2319 2748 6
2362 2693 2667 2765 ὑϐρισθεὶς,
2698 2692 2820 2746 οὐδὲ
2852 2692 3035 2762 ψῆφον
3068 2692 3355 2759 ἐξήνεγκε,
3398 2690 3494 2744 καὶ
3537 2689 3743 2753 πάντες

2053 2781 2332 2853 τρέμομεν
2354 2798 2367 2811 ·
2398 2782 2428 2833 6
2463 2780 2521 2833 δὲ
2567 2779 2700 2844 Θεὸς
2738 2780 2862 2833 καθ’
2893 2780 3134 2850 ἑκάστην
3173 2777 3361 2832 ἀκούει
3399 2777 3499 2848 τὴν
3523 2775 3744 2848 ἡμέραν

2051 2868 2151 2932 τὰς
2178 2871 2260 2932 είς
2290 2868 2457 2922 αὐτὸν
2483 2869 2779 2939 γινομένας
2829 2866 3035 2940 ὕϐρεις,
3070 2867 3165 2920 καὶ
3194 2866 3374 2929 οὐδεὶς
3414 2863 3743 2935 ἐπιστρέφε-

2052 2973 2163 3015 ται.
2193 2956 2289 3010 καὶ
2329 2955 2504 3009 ταῦτα
2548 2954 2722 3019 οὕτως
2766 2954 2921 3019 ὄντος
2965 2954 3175 3027 ήμέρου
3210 2954 3305 3008 καὶ
3352 2950 3742 3024 φιλανθρώπου

2052 3041 2149 3096 τοῦ
2179 3040 2336 3097 Θεοῦ.
2377 3043 2528 3096 Ἐκεῖ
2553 3041 2652 3112 μὲν
2692 3042 2802 3113 γὰρ
2830 3043 2993 3113 ἀρκεῖ
3019 3039 3081 3093 τὸ
3121 3039 3431 3113 ἁμάρτημα
3463 3038 3744 3109 μόνονείρ

2054 3133 2201 3194 πεῖν,
2233 3130 2328 3185 καὶ
2357 3130 2515 3184 λῦσαι
2548 3130 2611 3182 τὸ
2636 3129 2890 3199 ἔγκλημα
2910 3146 2924 3159 ⁸
2953 3128 3048 3181 ἐπὶ
3066 3128 3121 3182 δὲ
3153 3128 3261 3181 τῶν
3290 3127 3595 3200 ἀνθρώπων
3618 3125 3744 3179 τούο

2056 3219 2270 3272 ναντίον
2300 3218 2446 3273 ἀπαν
2468 3233 2478 3243 ’
2514 3218 2643 3271 ὅταν
2666 3217 3077 3288 ὁμολογήσωσιν
3103 3202 3159 3269 οί
3186 3214 3594 3287 ἡμαρτηκότες,
3620 3213 3745 3267 τότε

2057 3306 2320 3378 μειζόνως
2349 3303 2667 3369 κολάζονται
2690 3322 2703 3337 ο
2744 3303 2772 3357 ὃ
2804 3299 2872 3372 δὴ
2901 3304 2996 3357 καὶ
3023 3303 3117 3357 νῦν
3152 3302 3365 3372 γέγονε.

2125 3393 2236 3445 Καὶ
2263 3394 2311 3445 οί
2350 3392 2448 3463 μὲν
2478 3391 2702 3464 σιδήρῳ,
2735 3392 2784 3443 οί
2837 3390 2895 3444 δέ
2931 3391 3085 3461 πυρὶ,
3129 3390 3179 3443 οί
3217 3389 3273 3442 δὲ
3308 3387 3521 3460 θηρίοις
3565 3403 3748 3458 παρα-

2054 3478 2302 3543 δοθέντες
2339 3478 2639 3541 ἀπώλοντο,
2681 3479 2782 3531 οὐκ
2817 3477 3010 3549 ἄνδρες
3040 3477 3097 3530 δὲ
3126 3476 3309 3548 μόνον,
3336 3475 3474 3530 ἀλλά
3495 3476 3590 3529 καὶ
3621 3476 3746 3526 παῖε

2054 3567 2162 3630 δες.
2195 3569 2305 3620 Καὶ
2329 3568 2390 3619 οὐ
2413 3566 2474 3620 τὸ
2492 3568 2590 3637 τῆς
2614 3566 2827 3636 ήλικίας
2848 3564 3044 3634 ἄωρον,
3070 3565 3169 3634 οὐχ
3192 3566 3225 3635 ή
3249 3563 3341 3616 τοῦ
3368 3564 3538 3631 δήμου
3574 3558 3748 3635 ῥύμη,

2055 3654 2116 3707 οὐ
2146 3653 2206 3706 τὸ
2243 3652 2409 3725 μανία
2449 3651 2720 3723 δαιμόνων
2758 3649 3175 3722 ἑμπλησθέντας
3217 3661 3239 3688 ο
3273 3648 3447 3703 ταῦτα
3498 3648 3746 3718 ποιῆσαι,

2056 3740 2156 3811 οὐχ
2185 3742 2219 3812 ή
2246 3739 2480 3793 δοκοῦσα
2518 3738 2816 3810 ἀπαίτησις
2856 3737 3131 3809 ἀφόρητος
3172 3733 3331 3797 εἶναι,
3361 3735 3422 3789 οὐ
3464 3734 3649 3799 πενία,
3684 3734 3748 3787 οὐ

2055 3828 2118 3881 τὸ
2149 3830 2303 3899 κοινῇ
2332 3827 2471 3898 μετὰ
2496 3827 2715 3880 πάντων
2754 3826 3041 3896 ἁμαρτεῖν,
3080 3826 3142 3878 οὐ
3177 3825 3236 3877 τὸ
3270 3822 3609 3893 ὑποσχέσθαι
3644 3840 3751 3894 μη,

2057 3912 2249 3968 δέπυτε
2275 3911 2502 3967 τοιαῦτα
2530 3912 2824 3984 τολμήσειν
2850 3911 3056 3977 λοιπὸν,
3077 3913 3178 3966 οὐκ
3207 3911 3335 3966 ἄλλο
3363 3910 3515 3965 οὐδὲν
3549 3908 3751 3972 αὐτοὺς

2056 4001 2194 4065 ὅλως
2225 3999 2476 4065 ἐξείλετο·
2518 4000 2653 4053 ἀλλὰ
2708 3998 3039 4069 συγγνώμης
3079 3997 3249 4069 χωρὶς
3289 3997 3510 4067 ἀπάσης
3545 3996 3642 4049 ἐπὶ
3689 3995 3751 4047 τὸ

2061 4088 2334 4161 βάραθρον
2380 4088 2675 4159 ἀπήγοντο,
2714 4087 3063 4159 στρατιωτῶν
3109 4086 3353 4140 ἐνόπλων
3401 4083 3752 4156 ἑκατέρωθεν

2060 4175 2259 4238 αὐτοὺς
2290 4174 2662 4246 περιαγόντων
2682 4172 2711 4213 ἀ
2736 4174 2833 4227 καὶ
2859 4172 3347 4243 παρατηρούντων,
3382 4172 3456 4242 μή
3479 4188 3564 4235 τις
3587 4169 3750 4242 ἐξαρ-

2060 4262 2210 4335 πάσῃ
2259 4262 2385 4325 τούς
2437 4261 2793 4324 καταδίκουςο
2860 4261 2956 4314 καὶ
3008 4258 3453 4332 παρηκολούθουν
3514 4257 3752 4329 μητέρες

2061 4346 2345 4421 πόρρωθεν
2371 4347 2470 4418 μὲν
2501 4345 2708 4419 ὁρῶσαι
2738 4347 2865 4411 τοὺς
2894 4345 3093 4409 παῖδας
3115 4344 3614 4415 ἀποτεμνομένους,
3637 4342 3755 4395 ὀδύ-

2065 4436 2252 4506 ρεσθαι
2275 4434 2332 4488 δέ
2363 4434 2464 4505 τὴν
2494 4433 2782 4505 συμφοράν
2812 4434 2872 4487 οὐ
2902 4433 3209 4503 τολμῶσαι·
3236 4432 3392 4486 ἐνίκα
3420 4432 3531 4503 γὰρ
3557 4431 3618 4484 τὸ
3649 4429 3755 4483 πά-

2062 4520 2152 4584 θος
2184 4523 2212 4574 ὁ
2247 4520 2430 4589 φόϐος,
2461 4520 2554 4573 καὶ
2582 4520 2682 4590 τῆς
2704 4519 2918 4589 φύσεως
2943 4518 3237 4591 ἑκράτειτὸ
3261 4518 3398 4583 δέος.
3434 4518 3542 4571 Καὶ
3578 4514 3752 4569 καθά-

2063 4626 2168 4680 περ
2198 4610 2247 4662 οί
2278 4609 2403 4672 τούς
2458 4607 2831 4676 ναυαγοῦντας
2884 4608 2993 4662 ἀπὸ
3040 4608 3144 4679 γῆς
3168 4606 3406 4680 ὁρῶντες
3437 4604 3747 4676 ἀνθρωττοι,

2062 4694 2355 4750 ὀδυνῶνται
2392 4695 2512 4766 μὲν,
2543 4693 2864 4766 προσελθεῖν
2895 4694 3070 4748 δὲκαὶ
3100 4693 3378 4758 ἐξελέσθαι
3411 4692 3534 4754 τούς
3574 4706 3749 4743 κατα-

2065 4780 2488 4852 ποντιζομένους
2526 4781 2627 4834 οὐκ
2682 4780 2929 4852 ἔχουσιν·
2989 4779 3131 4833 οὐτω
3189 4779 3252 4851 δὴ
3324 4779 3419 4832 καὶ
3491 4775 3747 4839 ἐνταῦθα,

2064 4867 2315 4940 καθάπερ
2368 4867 2475 4921 ὑπὸ
2531 4866 2793 4939 κυμάτων
2849 4867 3013 4921 τινῶν
3068 4866 3144 4937 τῷ
3201 4865 3352 4936 φόϐῳ
3402 4865 3510 4918 τῶν
3588 4880 3754 4934 στρα-

2065 4956 2275 5011 τιωτῶν
2322 4956 2708 5027 ἀνειργόμεναι
2738 4956 2793 5009 αί
2838 4955 3091 5027 μητέρες,
3123 4953 3184 5007 οὐ
3219 4954 3378 5023 μόνον
3433 4950 3752 5021 προσελθεῖν

2064 5045 2161 5098 καὶ
2209 5042 2485 5108 ἐξελέσθαι
2523 5044 2622 5114 τῆς
2666 5042 2964 5112 καταδίκης
3011 5040 3209 5102 αὐτοὺς
3264 5038 3364 5091 οὐκ
3414 5037 3746 5109 ἐτόλμησαν,

2066 5126 2203 5180 ἀλλά
2236 5126 2331 5180 καὶ
2369 5124 2640 5194 δακρῦσαι
2688 5123 2922 5177 ἔδεισαν.
2949 5118 3096 5193 Ἀρα
3126 5119 3453 5191 στοχάζεσθε
3499 5120 3753 5176 ἐντεῦθεν

2066 5209 2162 5263 τοῦ
2192 5207 2330 5263 Θεοῦ
2357 5208 2457 5280 τὴν
2482 5206 2915 5278 φιλανθρωπίαν,
2948 5203 3067 5267 πῶς
3100 5204 3328 5272 ἀφατος,
3363 5203 3480 5267 πῶς
3503 5206 3751 5277 ἄπειρος,

2069 5293 2186 5357 πῶς
2228 5293 2446 5347 ἅπαντα
2476 5289 2793 5361 ὑπερϐαίνει
2839 5287 3032 5356 λόγον;
3075 5285 3343 5341 Ἐνταῦθα
3385 5287 3485 5357 μὲν
3520 5288 3628 5360 γὰρ
3659 5289 3754 5342 καὶ

2065 5377 2165 5447 τῆς
2193 5375 2365 5445 αὐτῆς
2393 5374 2582 5435 οὐσίας
2605 5376 2633 5426 ό
2662 5370 2961 5443 ὑϐρισθεὶς,
2986 5370 3079 5423 καὶ
3110 5370 3259 5436 ἆπαξ
3281 5369 3375 5425 τοῦ
3402 5371 3603 5433 παντὸς
3622 5373 3753 5442 χρό-

2068 5475 2157 5511 νου
2192 5458 2350 5511 τοῦτο
2385 5455 2642 5521 πέπονθε,
2674 5455 2770 5507 καί
2812 5454 2876 5507 οὐ
2926 5454 3049 5507 κατ’
3086 5453 3209 5524 δψιν
3252 5453 3373 5508 οὐδὲ
3422 5451 3613 5525 παρὼν
3659 5454 3753 5507 καὶ

2002 5576 2037 5603 ,η
2068 5540 2208 5613 όρών
2242 5540 2337 5593 καὶ
2385 5537 2621 5602 ἀκούων,
2667 5537 2762 5591 καὶ
2804 5538 2955 5608 ὅμως
2992 5538 3168 5602 οὐδεὶς
3216 5537 3376 5608 ἔτυχε
3420 5533 3753 5608 συγγνώμης

2071 5625 2175 5677 τῶν
2198 5621 2638 5692 τετολμηκότωνο
2674 5621 2767 5673 ἐπὶ
2791 5620 2848 5674 δὲ
2882 5619 2976 5675 τοῦ
3004 5619 3137 5674 Θεοῦ
3165 5620 3317 5673 οὐδὲν
3356 5616 3561 5672 τούτων
3604 5616 3755 5671 ἔστιν

2069 5710 2262 5762 εἰπεῖν.
2300 5706 2412 5760 Καὶ
2445 5704 2554 5778 γάρ
2586 5704 2843 5759 τοσοῦτόν
2881 5706 2999 5757 ἐστι
3029 5703 3089 5757 τὸ
3137 5703 3306 5774 μέσον
3334 5698 3622 5771 ἀνθρώπου
3656 5702 3753 5754 καὶ

2131 5844 2157 5905 '_
2183 5842 2309 5892 Tres
2333 5853 2447 5890 mss.
2479 5842 2845 5905 ἐμπρησθέντας.

2134 5903 2163 5945 δ
2185 5905 2284 5956 Alfi
2306 5902 2630 5968 προαγόντων,
2656 5903 2737 5955 alii
2761 5902 2987 5962 ἀγόντων.
