4074 6218
269 303 337 364 fi?
1195 311 1285 364 Αι)
1331 309 1649 367 POPULUM
1683 308 2166 368 ANTIOCIIENUM
2207 307 2435 365 Milli.
2495 302 2580 365 ut.
3467 303 3543 363 33

267 430 392 475 setis
417 430 472 474 et
501 419 764 474 viticuset
793 419 1015 473 audiens
1035 462 1049 484 ,
1077 431 1130 473 et
1170 436 1342 489 neque
1371 421 1568 476 fulmen
1613 423 1846 479 immisit.

265 527 442 581 neque
466 527 614 566 utare
636 511 796 580 jussit
815 521 1016 566 terram
1047 511 1304 566 iuundare
1327 523 1380 566 et
1404 528 1591 568 omnes
1615 515 1855 568 submer-

265 617 395 672 gere
414 643 429 662 ,
467 617 639 670 neque
668 610 864 654 terram
899 603 1044 654 hiare
1065 643 1079 664 ,
1111 613 1164 656 et
1184 611 1542 656 'tetneratores
1569 603 1856 658 absorbere

263 694 559 756 mandavit,
589 687 682 746 sed
716 694 922 751 tolerat.
951 703 1002 746 et
1027 693 1398 763 longanimiter
1421 697 1547 764 agit,
1569 705 1624 748 et
1651 697 1853 749 veniam

266 800 326 838 se
357 785 603 836 daturtnn
640 785 897 851 promittit
927 787 1263 840 contumeliae
1292 787 1600 840 auctoribus
1622 824 1635 848 ,
1664 788 1706 840 si
1735 798 1857 838 tan-

262 879 378 928 tunt
409 875 775 945 ptenitentiatn
805 885 982 939 agant,
1005 885 1056 928 et
1085 891 1144 930 se
1172 891 1274 930 non
1302 878 1526 946 amplius
1550 878 1661 931 hate
1693 880 1857 930 fartu-

270 979 360 1020 ros
413 967 785 1035 polliceantur.
837 966 973 1020 νε·ιό
1027 984 1176 1022 nunc
1221 970 1549 1023 exclatnandi
1603 978 1850 1038 tempus:

267 1057 329 1122 ρ’
353 1056 394 1108 is
433 1050 668 1124 loquetur
696 1047 954 1126 .po'tcntias
986 1046 1235 1110 Domini?
1271 1060 1470 1112 auditas
1488 1059 1646 1129 (faciet
1685 1077 1855 1114 omnes

264 1154 444 1204 laudes
475 1153 583 1222 ejus
614 1146 784 1213 (Prol.
814 1144 916 1209 105
966 1154 1036 1224 9.)
1062 1155 1085 1206 ?
1123 1149 1278 1222 'Quod
1305 1143 1404 1209 IDei
1455 1156 1707 1224 itnagitu's
1749 1169 1853 1206 non

266 1251 470 1295 tantum
504 1243 816 1312 dejeccrttut
839 1284 854 1309 ,
887 1245 980 1298 sed
1012 1246 1170 1299 etiam
1201 1245 1688 1300 eonculcaveruut?
1734 1259 1852 1298 cum

265 1335 407 1386 enim
441 1352 588 1390 reum
620 1352 820 1406 nugas,
849 1353 968 1391 cum
997 1337 1282 1406 dispolies,
1320 1352 1439 1391 cum
1473 1336 1683 1398 trahas,
1731 1351 1852 1390 cum

266 1415 509 1493 tit-jicias,
544 1426 632 1480 Dei
654 1416 945 1497 imaginem
972 1429 1275 1482 co‘ncnleas.
1305 1424 1607 1484 A-udi'certc
1632 1428 1850 1481 Paulum

255 1507 532 1568 “(liuentem
563 1517 702 1584 quod
734 1516 894 1574 homo
924 1527 1028 1573 non
1053 1515 1209 1574 debet
1237 1520 1446 1589 operire
1475 1521 1652 1587 caput,
1671 1514 1854 1589 imago

265 1606 408 1659 enim
429 1615 483 1659 et
506 1607 673 1676 gloria
697 1608 786 1662 Dei
813 1618 891 1664 est
922 1610 994 1681 (l.
1017 1609 1133 1664 Cor.
1156 1611 1242 1664 ll.
1272 1611 1328 1680 7)
1354 1628 1367 1663 :
1390 1619 1444 1665 et
1471 1616 1652 1664 rursbs
1671 1611 1852 1679 ipsum

268 1697 434 1750 Deum
467 1697 732 1752 dicentem
765 1717 778 1752 :
813 1700 1085 1756 Faciamus
1126 1702 1376 1754 hominem
1405 1702 1676 1756 secundum
1720 1703 1851 1754 inm-

264 1789 431 1857 giuem
460 1797 507 1841 et
535 1789 916 1844 simifiludinem
959 1803 1181 1844 nostram
1213 1793 1230 1862 (
1247 1791 1374 1846 Gen.
1403 1795 1451 1846 l.
1479 1793 1548 1848 26
1566 1793 1608 1862 ).
1642 1793 1698 1848 Si
1727 1808 1854 1847 vero

256 1878 449 1944 dicas,
495 1891 599 1932 non
618 1895 748 1934 esse
789 1879 1024 1950 ejusdem
1049 1882 1664 1937 "substantia:hominem
1695 1893 1854 1954 atque

263 1967 432 2021 {leum
461 2009 477 2030 ,
521 1969 644 2037 quid
690 1970 842 2022 tum?
887 1968 1072 2041 Neque
1102 1972 1243 2026 e‘ni‘m
1273 1982 1347 2026 ms
1388 1981 1573 2026 statuae
1612 1965 1850 2042 ejusdem

259 2069 349 2112 est
370 2067 539 2128 atque
564 2058 858 2128 Imperator
884 2063 1222 2130 substantim,
1250 2064 1345 2117 scd
1375 2073 1548 2118 tamen
1579 2064 1712 2118 hanc
1737 2065 1849 2119 ausi

267 2151 463 2205 ltedere
509 2165 692 2221 pmuas
738 2153 1000 2208 dederunt
1032 2172 1045 2208 :
1078 2155 1156 2210 sic
1193 2164 1256 2210 'et
1294 2156 1351 2210 in
1396 2155 1719 2221 hominibus,
1745 2157 1849 2211 etsi

259 2256 374 2294 non
406 2242 648 2310 ejusdem
678 2259 797 2297 cum
833 2244 941 2299 Deo
965 2245 1273 2300 substantia:
1303 2257 1422 2300 sunt
1454 2246 1717 2313 homines,
1749 2249 1850 2302 sic-

256 2342 323 2384 ut
352 2349 522 2402 neque
551 2349 734 2389 revera
773 2345 937 2400 sunt,
984 2345 1160 2393 tamen
1207 2339 1379 2409 imago
1411 2321 1596 2394 vocati
1609 2348 1766 2406 sunt,
1798 2348 1852 2396 e‘t

259 2434 485 2491 propter
509 2428 920 2496 appellationem
950 2430 1093 2498 ipsos
1125 2430 1380 2484 honorem
1421 2432 1661 2500 recipere
1687 2444 1849 2503 opor-

262 2515 428 2567 lebat.
483 2515 561 2569 Tu
615 2533 741 2572 vero
791 2529 1012 2588 propter
1058 2521 1324 2589 paululum
1376 2522 1488 2576 auri
1543 2525 1847 2590 conculcas,

259 2606 435 2674 ongis,
465 2607 654 2673 trahis,
687 2617 740 2663 ct
767 2611 965 2664 nullam
995 2611 1166 2664 adhuc
1195 2627 1403 2681 paruam
1436 2611 1647 2668 dedisti.

334 2695 390 2748 7.
420 2697 703 2770 Contingat
735 2701 892 2770 igitur
923 2702 1077 2755 hodie
1100 2703 1389 2772 quamdam
1420 2705 1610 2759 bonam
1641 2715 1694 2762 et
1720 2706 1850 2762 dex-

258 2798 432 2843 teram
476 2791 590 2845 fieri
630 2796 1004 2849 mutationem.
1054 2795 1188 2850 illud
1215 2807 1368 2852 certe
1397 2798 1551 2854 vobis
1595 2801 1846 2869 prardico,

259 2891 314 2934 et
343 2891 655 2948 contestor,
703 2885 842 2954 quod
874 2886 973 2940 etsi
1005 2886 1120 2942 lucc
1151 2888 1467 2957 prseterierit
1492 2887 1666 2945 nubes
1690 2932 1704 2954 ,
1752 2906 1850 2946 nos

255 2983 440 3028 autem
461 2975 522 3028 ιίιι
551 2976 739 3030 eodem
761 2979 1119 3033 manserimus
1158 2987 1372 3050 torpore
1395 3022 1410 3045 ,
1440 2997 1651 3036 rursum
1681 2983 1849 3038 multo

261 3064 365 3125 his,
399 3079 522 3132 qua:
543 3067 602 3120 'in
636 3070 1040 3136 pra'seutiarum
1065 3079 1445 3139 exspectantur
1467 3111 1482 3134 ,
1526 3073 1705 3140 pejora
1751 3089 1848 3142 pa-

256 3159 460 3213 tiemur
491 3178 507 3214 :
535 3161 785 3227 quoniam
817 3170 871 3216 et
912 3177 1058 3218 nunc
1103 3176 1208 3216 non
1257 3171 1458 3218 tantum
1502 3163 1846 3234 imperatoris

253 3249 390 3302 iram
411 3289 428 3312 ,
471 3260 726 3317 quantum
769 3253 1043 3321 segnitiem
1072 3263 1305 3308 vestram
1333 3255 1516 3312 timeo.
1557 3255 1672 3312 Non
1702 3259 1846 3314 enim

247 3339 468 3394 duobus
498 3350 589 3394 aut
619 3342 787 3395 tribus
811 3343 998 3398 diebus
1035 3345 1359 3414 supplicasse
1389 3349 1542 3403 nobis
1570 3349 1635 3402 ad
1663 3349 1848 3404 defen-

247 3432 464 3484 sionem
488 3432 704 3492 sufficit.
732 3433 828 3487 sed
851 3436 1010 3489 totius
1033 3435 1154 3491 vitm
1176 3437 1518 3494 mutationem
1548 3440 1662 3496 fieri
1689 3456 1845 3511 Opor-

254 3530 358 3584 tet,
411 3531 464 3576 et
514 3537 542 3575 a
585 3525 784 3578 malitia
823 3526 1150 3583 “desistentcs
1194 3529 1244 3582 in
1291 3531 1488 3586 virtute
1531 3543 1844 3601 permanere

249 3611 532 3664 coatim:e.
565 3612 712 3666 Sicut
757 3616 899 3669 enim
940 3627 1291 3686 a‘grotantes,
1324 3620 1423 3674 nisi
1461 3633 1674 3692 semper
1695 3624 1842 3678 ordi-

247 3714 380 3758 ante
407 3705 656 3770 vixerint,
686 3706 828 3760 nulla
857 3707 984 3776 ipsis
1009 3709 1303 3780 disciplina:
1331 3726 1426 3781 per
1454 3721 1562 3768 tres
1589 3722 1682 3768 aut
1709 3729 1842 3784 qua-

251 3805 378 3849 tuor
403 3796 526 3850 dies
552 3807 776 3852 servata:
802 3799 1002 3854 utilitas
1032 3816 1046 3853 :
1079 3801 1156 3856 sic
1180 3810 1233 3856 et
1263 3812 1544 3872 peccantes
1571 3805 1670 3861 nisi
1697 3819 1843 3861 sem-

243 3902 345 3955 per
375 3886 548 3940 sobrii
577 3888 706 3952 sint,
736 3889 863 3944 nihil
899 3890 1130 3960 proderit
1157 3892 1285 3961 ipsis
1313 3893 1542 3950 duorum
1573 3896 1656 3952 vel
1683 3897 1841 3953 trium

239 3977 461 4031 dierum
479 3979 774 4033 correctio.
811 3979 876 4035 Ut
902 3982 1067 4047 enim,
1109 3982 1339 4049 dicitur,
1385 3985 1527 4040 lotus
1566 3999 1750 4057 postea
1791 3990 1840 4044 in

242 4069 363 4121 luto
396 4086 612 4124 rursum
643 4072 948 4142 inquinatus
967 4115 982 4141 ,
1029 4075 1159 4130 nihil
1203 4078 1423 4146 profecit
1451 4095 1464 4130 :
1494 4079 1572 4135 sic
1600 4092 1697 4149 per
1729 4092 1842 4139 tres

244 4161 366 4214 dies
397 4177 563 4229 agens
600 4167 960 4232 [mouentium
979 4209 994 4234 ,
1024 4179 1077 4224 et
1104 4185 1316 4225 rursum
1346 4171 1412 4226 ad
1440 4173 1622 4243 priora
1654 4189 1840 4233 rever-

248 4261 393 4315 teus,
424 4253 559 4306 nihil
594 4256 826 4311 lucratus
853 4267 955 4312 est.

321 4341 501 4398 Terra:
523 4356 685 4400 niam:
712 4351 990 4419 frt'qttentcs
1011 4351 1308 4409 Antioclrt'w.
1329 4386 1397 4395 —
1417 4356 1494 4412 Ne
1522 4358 1678 4429 igitur
1691 4361 1838 4431 quod

244 4446 468 4504 Ientpcr
494 4436 738 4505 faciams,
763 4440 863 4496 hoc
883 4451 936 4496 et
958 4459 1095 4498 nttnc
1120 4443 1391 4504 faciamus.
1424 4450 1632 4505 Etenim
1651 4461 1842 4509 teme-

251 4527 484 4579 mottbus
514 4529 710 4596 saepius
738 4535 1310 4601 comprehendentibus
1330 4580 1345 4604 ,
1388 4551 1441 4595 et
1483 4541 1622 4600 fame
1650 4555 1702 4599 et
1731 4547 1839 4600 sic"-

250 4616 445 4680 citate,
490 4619 662 4674 tribus
689 4623 770 4676 vel
800 4635 1026 4691 quatuor
1067 4629 1252 4684 diebus
1295 4633 1555 4689 Moderati
1579 4646 1636 4691 et
1683 4655 1836 4692 tuan-

245 4710 516 4764 suetiores
545 4711 664 4766 facti
691 4756 704 4774 ,
738 4731 923 4770 rursus
945 4720 1010 4772 ad
1041 4723 1210 4789 priora
1243 4725 1560 4784 redivimus.
1594 4742 1838 4799 propter-

245 4812 416 4868 eaque
445 4801 562 4854 ba-c
590 4805 918 4862 acciderunt.
954 4810 1058 4862 Sed
1099 4813 1141 4865 si
1175 4828 1282 4866 non
1319 4817 1462 4883 prius
1485 4859 1498 4880 ,
1546 4833 1687 4873 nunc
1731 4823 1836 4876 sal-

251 4896 352 4942 tem
405 4891 456 4944 in
508 4893 696 4948 eadem
749 4913 1154 4964 pertnanramus
1204 4906 1435 4970 pietate,
1487 4918 1539 4962 ot
1590 4911 1832 4965 eamdem

249 4983 712 5039 mansnettuiiuent
741 5003 1036 5058 servemus,
1066 5010 1131 5049 ne
1161 5011 1368 5053 rursum
1395 5001 1564 5054 altero
1595 5003 1831 5073 indigea-

251 5089 364 5124 mus
391 5074 624 5142 ﬂagello.
652 5080 841 5134 Annon
865 5094 1069 5150 poterat
1095 5087 1230 5141 Deus
1256 5107 1335 5152 ea,
1360 5108 1477 5160 qua:
1501 5095 1830 5164 accidet-unt,

251 5166 582 5230 prohibete?
633 5173 738 5225 Sed
785 5176 1046 5242 ίιυηιιὶδίι,
1093 5189 1148 5232 ut
1193 5195 1251 5235 se
1289 5195 1694 5241 contemnentes
1739 5202 1832 5257 per

250 5261 488 5349 cotiserti
523 5272 720 5317 lllt‘ltllll
750 5267 1103 5324 modestiores
1126 5271 1382 5329 efﬁceret.
1418 5275 1530 5330 Non
1561 5279 1686 5332 mihi
1714 5281 1831 5349 quis

252 5345 419 5412 dicat,
461 5352 606 5418 quod
657 5355 808 5410 multi
852 5361 1084 5413 sontium
1129 5362 1468 5432 cﬂttgcrunt,
1514 5369 1661 5422 multi
1703 5345 1830 5424 vero

259 5435 536 5494 insontium
589 5459 798 5512 [mnam
849 5449 1124 5504 sttbierunt
1161 5470 1174 5506 :
1206 5456 1402 5509 etenim
1450 5457 1551 5512 hoc
1591 5459 1830 5515 dicentes

257 5531 442 5586 multo:
470 5532 668 5602 saepius
708 5535 902 5601 audio,
932 5555 1036 5595 non
1080 5542 1132 5596 in
1173 5547 1420 5614 pratsenti
1454 5556 1656 5603 tantutn
1681 5552 1827 5606 sedi-

261 5618 406 5710 tione,
441 5625 622 5688 scd,et
655 5628 705 5680 in
735 5630 851 5683 aliis
881 5634 1059 5686 multis
1089 5634 1389 5704 hujusmodi
1415 5641 1662 5710 negotiis.
1690 5643 1826 5709 Quid

263 5705 404 5778 igitur
456 5717 577 5771 talia
628 5719 998 5787 objicientibus
1051 5723 1382 5783 dicendum?
1431 5705 1582 5800 Quod
1629 5705 1733 5791 etsi
1774 5734 1824 5789 itt

554 5817 823 5878 ιἠιιυι..
873 5827 985 5882 tiu.
1042 5825 1257 5887 .\t.t.\.

1962 421 2213 490 persenti
2265 420 2526 475 seditione
2574 421 2756 475 insons
2802 431 2916 473 erat
2967 419 3010 474 is
3061 421 3156 490 qui
3203 430 3390 491 captus
3437 429 3542 483 est.

1967 523 2144 566 tamen
2173 512 2315 566 aliud
2347 521 2624 577 peccatum
2670 512 2954 582 aliquando
2997 513 3210 582 gravius
3251 513 3542 577 commisit,

1964 601 2162 656 deinde
2182 617 2295 655 non
2343 613 2596 663 mutatus.
2621 616 2770 658 nunc
2801 615 2982 671 poenas
3009 602 3172 656 dedit.
3207 603 3414 657 Etenim
3439 603 3545 658 hoc

1965 693 2138 748 facere
2167 694 2304 748 licus
2325 695 2601 747 consuevit
2630 711 2643 748 :
2668 709 2793 748 cum
2827 695 3259 763 peccat-erimus,
3293 709 3406 748 non
3433 702 3538 747 sta-

1966 785 2056 837 tim
2076 795 2296 854 peccata
2327 786 2614 847 ulciscitur,
2644 785 2736 839 sed
2758 785 3009 849 remittit,
3034 785 3166 839 dans
3193 785 3347 839 nobis
3375 785 3542 853 paeni-

1966 877 2142 928 tentiae
2171 883 2382 942 tempus
2405 915 2420 938 ,
2465 887 2520 930 ttt
2567 878 2896 945 corrigantur
2925 887 2972 929 ct
3005 884 3302 938 mutentur;
3349 875 3392 928 si
3422 891 3544 928 vero

1963 966 2103 1035 quod
2124 983 2238 1020 non
2273 982 2454 1036 pinnas
2486 967 2823 1029 dederimus,
2861 976 3132 1035 peccatum
3161 965 3395 1020 deletum
3420 979 3545 1019 esse

1962 1059 2344 1123 existimantes,
2373 1060 2882 1128 contempserimus,
2908 1059 3002 1113 ubi
3035 1073 3139 1111 non
3171 1068 3431 1126 putamus,
3464 1058 3541 1110 .hi

1963 1158 2080 1218 post
2112 1149 2226 1202 inec
2260 1151 2484 1204 omnino
2513 1149 2809 1218 eapiemur.
2859 1148 2970 1202 lloc
3010 1157 3186 1202 aut-ent
3217 1147 3304 1212 fit,
3338 1155 3392 1200 ut
3421 1163 3542 1200 eum

1963 1242 2358 1310 peccaverimns
2380 1283 2394 1308 ,
2427 1252 2479 1297 et
2511 1257 2617 1296 non
2662 1241 2920 1296 fuerimus
2947 1241 3133 1308 puniti,
3160 1256 3272 1296 non
3303 1240 3542 1295 conlidu-

1963 1349 2108 1398 mus,
2162 1335 2262 1388 nisi
2311 1335 2564 1389 fuerimus
2594 1333 2800 1399 mutati,
2847 1333 3077 1388 scientes
3121 1331 3260 1403 quod
3305 1331 3393 1386 ubi
3431 1347 3542 1387 non

1964 1435 2208 1494 putamus
2235 1427 2449 1478 omnino
2493 1426 2763 1479 cademus.
2813 1424 2991 1494 Itaque
3032 1423 3074 1478 si
3119 1423 3442 1492 peccaveris,
3489 1432 3544 1477 et

1954 1517 2175 1587 ‘punitus
2203 1525 2306 1570 n‘on
2330 1508 2501 1570 fueris
2524 1559 2540 1580 ,
2573 1525 2638 1570 ne
2667 1523 2977 1571 contemnas
2997 1557 3011 1577 ,
3040 1507 3264 1579 dilecte“;
3297 1507 3390 1568 sed
3423 1521 3544 1582 pro-

1955 1613 2079 1675 'p'e‘r
2116 1605 2222 1660 hoc
2265 1607 2436 1675 ipsum
2469 1606 2634 1676 magis
2683 1608 2828 1672 time,
2875 1607 3049 1661 sciens
3078 1605 3217 1676 quod
3248 1604 3402 1659 facile
3427 1605 3542 1658 Deo

1961 1709 2063 1760 est,
2098 1699 2310 1770 quando
2341 1700 2484 1764 velit,
2520 1700 2708 1754 iterum
2753 1699 3066 1754 retribuere.
3102 1697 3224 1752 Ideo
3251 1695 3393 1752 enim
3425 1705 3540 1750 tum

1963 1799 2016 1846 te
2056 1808 2160 1845 non
2207 1791 2435 1859 punivit,
2487 1799 2544 1844 ttt
2591 1791 2788 1845 habeas
2830 1789 3154 1858 ptenitcntize
3201 1798 3428 1857 tempus.
3464 1780 3544 1841 Ne

1963 1883 2120 1952 igitur
2162 1881 2420 1944 dicamus,
2465 1880 2604 1951 quod
2650 1882 2873 1934 Crimine
2916 1890 3110 1934 carens
3153 1879 3241 1933 ille
3260 1877 3539 1942 ceciderit,

1960 1976 2096 2030 alter
2123 1990 2248 2028 vero
2268 1971 2526 2029 facinoris
2552 1975 2739 2027 aut-"tor
2764 1966 3027 2042 effugerit.
3060 1972 3318 2026 lnnocrns
3345 1971 3539 2025 clettitn

1961 2060 2195 2135 punitus,
2236 2075 2299 2120 ιιι
2343 2076 2466 2121 ante
2511 2065 2655 2129 dixi,
2706 2056 2929 2118 aliorum
2976 2068 3309 2132 peccatorum
3357 2071 3543 2129 prunas

1963 2155 2056 2209 luit
2088 2172 2102 2208 :
2135 2166 2188 2210 et
2218 2156 2306 2226 qui
2338 2165 2477 2210 nunc
2509 2145 2708 2225 effugit,
2741 2155 2838 2208 nisi
2871 2163 3103 2208 mutants
3126 2145 3321 2215 fuerit,
3353 2153 3406 2206 in
3436 2152 3543 2204 alio

1957 2248 2196 2317 capietur
2229 2239 2448 2317 laqueo.
2496 2246 2551 2301 Si
2597 2245 2674 2299 sic
2716 2239 2959 2314 disliosit‘i
3004 2245 3204 2307 simus,
3252 2249 3538 2311 numquam

1960 2339 2294 2410 propriorum
2344 2338 2719 2393 obiiviscemur
2761 2345 3135 2407 peccatorum,
3181 2336 3274 2390 sed
3323 2344 3540 2402 seinper

1961 2429 2226 2493 timentes,
2262 2429 2581 2495 trementes,
2615 2444 2682 2482 ne
2711 2427 2921 2499 quando
2950 2427 3234 2483 subeamus
3259 2421 3536 2495 judicium,

1957 2524 2064 2577 c'ito
2086 2523 2325 2591 ipsorum
2357 2521 2772 2576 recordabuntur.
2800 2510 2943 2576 Nihil
2973 2519 3110 2574 enim
3139 2519 3214 2572 sic
3239 2524 3454 2588 peccata
3485 2517 3536 2570 in

1961 2613 2276 2669 memoriam
2294 2621 2553 2669 revocare
2567 2611 2870 2675 eousuevit,
2893 2621 2952 2666 ut
2979 2626 3130 2682 poena
3145 2619 3206 2665 'et
3227 2601 3500 2678 castigatio
3519 2627 3534 2662 :

1957 2715 2009 2759 et
2055 2705 2157 2760 hoc
2200 2703 2536 2760 manifestum
2563 2719 2630 2758 ex
2679 2701 2925 2757 fratribus
2955 2692 3174 2771 Joseph.
3220 2689 3353 2754 Cum
3393 2698 3535 2753 enim

1959 2797 2031 2850 illi
2057 2795 2260 2866 :justnm
2291 2795 2686 2861 vendidi-sent,
2719 2805 2772 2848 et
2813 2792 3066 2850 tredecim
3095 2782 3218 2846 anni
3247 2791 3538 2861 materiis-

1955 2897 2109 2955 se‘nt,
2135 2879 2318 2957 puniri
2349 2887 2645 2942 metuentes
2665 2929 2681 2953 ,
2711 2896 2764 2942 et
2793 2878 2859 2942 de
2888 2886 2991 2941 vita
3020 2887 3267 2940 timentes
3287 2925 3302 2950 ,
3333 2885 3535 2955 peccati

1955 2979 2218 3034 recordati
2249 2989 2393 3043 sunt,
2425 2977 2481 3034 e‘t
2507 2979 2644 3032 inter
2669 2994 2727 3033 se
2751 2969 2998 3032 dicebant
3026 2994 3040 3031 :
3064 2965 3212 3031 Certe
3235 2981 3254 3029 ξ
3281 2965 3334 3028 in
3361 2991 3536 3044 pet-ca-

1955 3073 2018 3125 tis
2043 3072 2174 3125 enim
2204 3073 2377 3124 su'mu’s
2421 3077 2623 3140 promer
2660 3074 2866 3140 fratrem
2910 3067 3132 3121 nostrum
3159 3055 3350 3136 Josaph
3380 3064 3532 3137 (Gen.

1953 3161 2043 3216 49..
2069 3158 2184 3232 2t).
2215 3152 2374 3216 Vides
2398 3161 2662 3232 quomodo
2709 3160 2865 3214 [imor
2893 3157 2982 3214 ille
3025 3159 3169 3228 ipsos
3205 3157 3406 3227 peccati
3446 3158 3529 3210 sui

1953 3251 2401 3311 commonefecit?
2449 3255 2516 3309 Et
2559 3253 2774 3325 quando
2825 3244 3113 3323 peCcahant
3165 3241 3378 3320 quidem
3428 3263 3534 3304 non

1952 3343 2254 3404 sentiebant
2286 3366 2300 3404 :
2330 3348 2543 3420 quando
2573 3356 2698 3402 vero
2727 3334 2898 3418 puniri
2925 3337 3263 3410 metuebant,
3293 3353 3416 3399 tunc
3442 3359 3527 3398 re-

1951 3442 2154 3499 cordati
2187 3451 2329 3498 sunt.

2028 3523 2242 3587 Hordiis
2270 3533 2574 3587 exhortatio.
2601 3561 2671 3573 —-
2705 3522 2836 3587 'llarc
2875 3527 3031 3602 igitur
3056 3520 3235 3585 Omnia
3279 3528 3530 3592 scientes,

1951 3621 2112 3676 vitam
2144 3629 2349 3678 mutare
2379 3616 2602 3678 velimus
2641 3634 2692 3676 et
2722 3611 2986 3690 corrigere
3007 3662 3022 3688 ,
3055 3631 3108 3677 et
3135 3618 3259 3675 aute
3289 3621 3536 3678 instantis

1950 3715 2207 3786 angustia:
2235 3709 2600 3770 liberationem
2645 3714 2713 3771 de
2753 3702 3004 3785 religione
3033 3723 3086 3769 et
3114 3715 3312 3767 \‘i’rtute
3335 3711 3534 3780 cogite-v

1951 3823 2088 3863 ntus.
2136 3795 2209 3863 Ἐι
2255 3794 2468 3864 interim
2518 3807 2615 3861 tria
2661 3794 2813 3860 vobis
2858 3805 3105 3859 tna'ndat'a
3157 3802 3532 3858 commendare

1950 3891 2094 3966 volo,
2118 3907 2178 3955 ut
2203 3896 2319 3955 hare
2345 3886 2472 3954 mihi
2492 3884 2550 3954 in
2573 3888 2774 3970 jejunio
2803 3896 3064 3968 prastelis
3089 3915 3102 3948 :
3133 3896 3328 3952 nemini
3356 3895 3532 3951 detra-

1951 3985 2109 4057 hatis,
2160 3992 2427 4049 inimicum
2469 3983 2714 4048 habeatis
2742 3977 3031 4055 nemiuem,
3063 3985 3112 4044 el
3140 4005 3351 4045 omnem
3382 4005 3531 4059 pror-

1947 4100 2038 4140 sus
2062 4093 2130 4141 cx
2158 4089 2251 4140 ore
2281 4085 2473 4140 malam
2509 4080 2931 4154 juram‘entnt‘utn
2975 4081 3409 4137 c‘énSuctudiuem
3440 4097 3538 4135 exc

1954 4166 2180 4248 pollutis.
2211 4164 2279 4232 Ει
2309 4177 2446 4232 sicut
2471 4180 2592 4232 cum
2621 4179 2809 4231 a'ur‘u'tn
2842 4177 3151 4246 imperatum
3183 4173 3532 4236 audierimus.

1948 4260 2132 4328 abiens
2160 4272 2382 4344 quisque
2425 4271 2640 4327 domum
2680 4281 2734 4326 et
2763 4283 2980 4325 uxorem
3006 4269 3240 4335 micans,
3271 4276 3326 4324 et
3369 4267 3528 4329 filios.

1946 4374 2000 4420 et
2025 4380 2237 4428 servos,
2271 4359 2573 4420 considerat
2597 4351 2719 4418 cum
2750 4352 2852 4416 illis
2879 4357 2932 4416 et
2969 4361 3238 4416 consultat
3266 4359 3406 4416 unde
3437 4360 3531 4414 tri-

1949 4457 2130 4511 butum
2163 4443 2289 4510 illud
2317 4462 2500 4525 eroget
2529 4460 2543 4509 ':
2575 4455 2654 4509 sic
2683 4449 2737 4508 et
2762 4439 2818 4508 itt
2847 4438 3111 4508 mandatis
3137 4451 3219 4506 his
3243 4449 3531 4521 spirituali-

1947 4550 2046 4604 bus
2083 4548 2358 4603 faciamus.
2393 4534 2615 4601 Dmnum
2643 4547 2864 4616 quisque
2890 4547 3163 4615 regressus
3183 4587 3200 4612 ,
3227 4552 3448 4600 uxorem
3475 4552 3530 4598 et

1946 4640 2085 4695 filios
2115 4633 2268 4694 vocet
2291 4648 2346 4694 et
2371 4625 2511 4693 dicat
2537 4656 2551 4692 :
2579 4623 2858 4693 Tt-ibtttutit
2884 4636 3156 4707 spit‘ituale
3175 4636 3332 4691 hodie
3361 4637 3529 4704 impo-

1945 4732 2104 4784 situm
2131 4739 2235 4795 est,
2269 4730 2546 4793 tributum,
2591 4729 2804 4799 ittquam
2825 4769 2838 4791 ,
2869 4733 2963 4798 per
2990 4728 3130 4798 quod
3157 4728 3258 4782 crit
3283 4725 3525 4796 quzedam

1945 4821 2132 4876 horum
2165 4808 2420 4876 malorum
2449 4811 2642 4876 solutio
2670 4830 2723 4875 et
2750 4805 3020 4885 liberatio,
3063 4820 3354 4883 tributum,
3382 4816 3523 4885 quod

1942 4914 2278 4968 conferentes
2304 4929 2408 4966 non
2438 4920 2713 4982 pauperes,
2741 4900 2832 4966 sed
2859 4912 3077 4966 ditiores
3106 4909 3249 4971 facit,
3275 4918 3331 4961 ιιι
3356 4909 3523 4962 nemi-

1944 5021 2064 5058 nem
2098 5006 2365 5059 inimicum
2414 4992 2705 5058 habeamus
2726 5046 2740 5070 ,
2769 4995 3114 5058 detrahamus
3155 4998 3392 5064 nemini,
3425 5013 3526 5052 nec

1941 5099 2160 5151 omnino
2183 5097 2443 5166 jtttetnus.
2472 5084 2902 5159 Cotisidcretnus,
2925 5098 3105 5148 etii-am
3129 5108 3368 5162 agannts‘,
3396 5105 3524 5146 con-

1940 5188 2216 5252 sultetnus,
2245 5176 2512 5258 quomodo
2542 5186 2656 5243 hmc
2686 5185 2999 5255 impleamus
3039 5183 3320 5248 mandata;
3363 5195 3523 5236 omne

1940 5266 2307 5348 itnpettdattu'ts
2336 5280 2563 5334 studium
2585 5321 2599 5343 ,
2642 5293 2737 5332 nos
2770 5267 2906 5330 alter
2929 5277 3152 5329 alterum
3183 5289 3523 5330 commonea-

1941 5385 2078 5436 tnus,
2111 5371 2245 5425 alter
2268 5371 2493 5426 alterum
2520 5370 2847 5438 corrigamus
2867 5410 2882 5430 ,
2913 5377 2966 5419 ιιι
2996 5382 3100 5420 non
3131 5365 3398 5421 debitores
3427 5365 3522 5418 ab.

1937 5469 2122 5516 eamus
2166 5462 2326 5526 illuc,
2367 5448 2561 5516 deinde
2610 5460 2836 5514 mutuari
2880 5458 2946 5512 ab
2991 5459 3110 5512 aliis
3152 5457 3343 5521 coacti,
3388 5455 3519 5510 illud

1937 5551 2077 5621 quod
2109 5552 2336 5623 virgines
2377 5541 2533 5607 fatua:
2581 5550 2875 5622 patiantur,
2920 5559 2973 5604 et
3019 5545 3298 5605 immortali
3347 5546 3521 5600 salute

1937 5645 2262 5700 excidatuus.
2292 5645 2347 5700 Si
2377 5647 2454 5701 sic
2482 5655 2676 5700 nostra:
2715 5644 3054 5698 instituamus
3081 5641 3204 5694 vitae
3233 5638 3516 5692 rationem.

1940 5736 2061 5791 hinc
2097 5738 2247 5796 vobis
2277 5743 2514 5808 ειιιιιιιίοο
2559 5747 2612 5793 et
2655 5735 2908 5808 polliceor
2931 5774 2952 5804 ,
2979 5732 3120 5806 quod
3147 5740 3201 5784 ct
3241 5727 3524 5800 presenti:

3130 5826 3163 5879 ἰι
