4074 6218
505 338 572 390 κς)
1226 339 1276 396 S.
1314 339 1589 398 .lOANNlS
1627 341 2098 402 CllRYSUSTOMl
2135 347 2442 406 ARCHIEP.
2490 343 3021 410 CONSTANTINOP.
3099 392 3102 394 -
3703 357 3774 412 60

493 454 816 508 iralamitatis
839 457 1012 524 alqua
1035 457 1230 511 Sulllllo
1251 458 1481 522 dabitur,
1509 468 1564 515 et
1587 461 1804 514 istorum
1829 461 2084 516 malorum

499 544 786 598 Iiberatio:
827 555 882 600 et
925 547 1064 616 quod
1110 550 1357 604 omnibus
1407 552 1739 622 majus'est,
1791 553 2086 609 futurorum

501 633 706 689 fructus
751 637 1034 692 bonorum.
1085 639 1376 709 Oportebat
1421 643 1632 714 quidem
1679 659 1892 698 onmem
1939 645 2093 700 vobis

507 726 762 783 mandare
791 731 1062 791 virtutem.
1113 731 1206 785 sed
1239 732 1378 787 hunc
1423 749 1542 788 esse
1567 736 1918 792 correctionis
1953 738 2093 808 epti-

507 835 652 873 nunu
700 821 916 875 modum
955 833 1111 900 μιν»,
1161 835 1215 878 ut
1260 839 1360 894 per
1401 837 1578 895 partes
1623 829 1792 897 legem
1823 839 2095 900 acceptam

509 912 861 981 it‘llplttilltltls,
908 925 962 968 et
992 925 1100 968 tum
1145 916 1208 970 ad
1252 918 1384 973 alias
1415 933 1716 987 pergamus.
1765 919 1912 976 Sient
1953 921 2095 976 enim

2191 467 2484 522 suetudinis
2526 469 2818 524 custodiam
2860 471 3150 540 prudenter
3188 469 3622 530 exhibuerinms,
3657 485 3686 524 c
3711 487 3778 526 tm

2197 559 2396 628 majore
2427 561 2675 615 facilitate
2700 569 2754 616 et
2779 561 2844 615 ad
2873 563 3071 631 reliqua
3101 562 3398 625 veniemus,
3432 572 3484 615 et
3512 561 3576 614 ad
3607 563 3779 630 ipsum

2195 650 2486 720 disciplina:
2531 653 2785 708 verticem
2837 653 3244 723 pervenientes,
3301 661 3410 708 tum
3461 665 3781 724 pncsentem

2195 742 2354 796 vitam
2376 743 2512 798 bona
2534 759 2653 798 cum
2677 761 2770 814 spe
2792 748 3159 816 transigemus,
3185 755 3366 801 tumet
3389 746 3440 800 in
3466 745 3638 800 futura
3661 761 3782 802 cum

2201 837 2362 890 multa
2400 835 2612 891 Christo
2656 837 2844 893 ﬁducia
2873 840 3183 894 assistetuus
3213 848 3266 894 et
3294 840 3505 894 arcanis
3549 841 3788 894 fruemur

2201 929 2356 984 bonis
2385 947 2397 983 :
2429 945 2547 1000 quae
2577 947 2670 984 nos
2701 932 2912 1002 assequi
2953 932 3137 998 detur,
3171 932 3336 999 gratia
3373 940 3436 986 et
3463 931 3792 1002 benignitate

513 1019 641 1074 agro
685 1007 996 1074 proposito,
1041 1009 1270 1078 agricola
1319 1011 1568 1079 paulatim
1621 1011 1862 1075 fodiens,
1910 1011 1990 1066 sic
2034 1011 2098 1066 ad

513 1097 672 1150 ﬁnem
694 1097 836 1150 venit
863 1114 875 1149 :
901 1097 980 1152 sic
1005 1107 1060 1152 et
1085 1115 1183 1153 nos
1209 1101 1252 1154 si
1281 1101 1450 1170 legem
1477 1100 1614 1156 hanc
1644 1103 1794 1156 nobis
1821 1117 2101 1171 ponamus,

511 1195 570 1240 ut
596 1203 691 1256 per
719 1187 1190 1259 Quadragesimam
1229 1201 1546 1260 prrescntem
1581 1192 1694 1246 haec
1723 1194 1820 1246 tria
1853 1193 2100 1247 mandata

516 1279 798 1350 diligenter
834 1297 1208 1348 exerceamus,
1240 1284 1422 1353 procul
1453 1284 1613 1338 dubio
1643 1302 1761 1339 cum
1793 1287 1946 1339 bona!
1971 1299 2100 1340 eon—

2207 1022 2412 1076 Domini
2447 1025 2610 1078 nostri
2658 1024 2781 1078 Jesu
2825 1024 3059 1090 Christi,
3113 1039 3208 1092 per
3235 1039 3389 1093 quem
3434 1033 3640 1078 etcum
3687 1040 3793 1092 quo

2205 1113 2372 1182 gloria
2403 1113 2544 1168 Patri
2575 1129 2676 1168 una
2704 1131 2824 1170 cum
2856 1125 3042 1170 sancto
3067 1114 3286 1185 Spiritu,
3320 1115 3374 1169 in
3403 1115 3600 1170 szecu1a
3625 1131 3793 1171 sa-cu-

2208 1204 2400 1258 lorum.
2430 1207 2617 1260 Amen.

547 1409 3792 1432 ww

515 1505 925 1548 ΕΧῙῘΟῘΙΤΔἸΊΟ
955 1507 1037 1550 ΔΙ)
1065 1507 1358 1550 POPULUM
1385 1508 1468 1549 DE
1497 1509 1831 1552 ΡΑἸἸΕΝἹΊΔ
1863 1510 1944 1551 ET
1971 1509 2396 1562 TOLERANTIA,
2433 1514 2508 1555 AB
2538 1515 2844 1558 EXEMPLIS
2873 1515 2985 1558 J08
3027 1517 3108 1558 ET
3149 1517 3352 1560 TRIUM
3397 1516 3744 1560 PUEROBI’M
3781 1543 3796 1558 .

1627 1609 1708 1652 ΕΤ
1751 1609 1834 1654 DE
1887 1609 2302 1654 ABSTINENTIA
2347 1615 2384 1656 Δ
2423 1613 2841 1659 JURAMENTIS.

1967 1731 2336 1790 «ﬁci-:89

1070 1873 1189 1912 Hm"
1201 1875 1279 1913 LIA
1319 1874 1524 1922 QUABTA
1536 1901 1548 1914 .

593 1951 644 2002 l.
675 1949 992 2003 Benedictus
1039 1951 1182 2006 Deus
1205 1993 1220 2014 ,
1249 1953 1336 2020 qui
1381 1953 1623 2006 dolentes
1652 1951 1858 2007 animas
1899 1961 2106 2008 vestras

520 2041 827 2094 consolatus
864 2049 982 2107 est,
1029 2051 1084 2097 et
1128 2043 1436 2097 vacillantes
1481 2054 1686 2098 mentes
1733 2043 2106 2099 conﬁrmavit:

521 2135 659 2204 quod
703 2135 842 2190 enim
895 2151 1183 2206 congruam
1230 2137 1480 2206 ceperitis
1521 2138 1978 2201 consolationem,
2015 2155 2113 2209 per

524 2225 755 2278 studium
789 2225 887 2278 hoc
912 2235 964 2280 ct
995 2225 1242 2280 audiendi
1276 2226 1744 2296 promptitudinem
1776 2227 2110 2282 demonstra-

524 2317 610 2368 tis.
646 2315 760 2370 Non
792 2318 932 2371 enim
976 2317 1152 2382 datur,
1187 2321 1419 2372 animam
1468 2319 1738 2374 dolentem
1784 2329 1838 2374 et
1887 2321 2114 2375 tristitia:

526 2407 666 2461 nube
697 2421 932 2476 pressam
959 2423 1114 2477 posse
1135 2424 1252 2477 qua:
1280 2409 1529 2462 dicuntur
1553 2425 1670 2463 cum
1697 2409 2114 2480 promptitudine

524 2497 744 2562 audire;
778 2513 872 2552 vos
901 2508 1076 2552 autem
1111 2499 1267 2553 video
1293 2515 1414 2554 cum
1445 2501 1612 2554 multa
1666 2501 2035 2556 benevolentia
2063 2513 2117 2556 et

525 2591 634 2643 acri
669 2589 846 2643 studio
873 2591 1025 2643 nobis
1055 2593 1394 2646 attendentes
1440 2593 1692 2647 onmihus
1737 2594 1977 2649 tristibus
2025 2610 2117 2649 cx-

527 2682 732 2746 cussis,
778 2691 831 2735 et
873 2682 1120 2736 audiendi
1171 2683 1439 2738 desiderio
1493 2685 1775 2738 instantem
1820 2686 2114 2755 angustiam

526 2771 812 2840 repnlisse.
842 2772 1132 2841 Propterea
1167 2773 1274 2829 Deo
1297 2775 1569 2830 vobiscum
1597 2776 1798 2844 gratias
1825 2791 1943 2846 ago,
1975 2776 2114 2845 quod

527 2861 918 2932 philosophiam
952 2874 1182 2920 vestram
1214 2866 1427 2921 miseria
1460 2883 1564 2921 non
1593 2867 1811 2930 vicerit,
1846 2885 1943 2923 nec
1972 2871 2118 2938 vigo-

528 2973 641 3012 rem
665 2967 896 3012 vcstrum
927 2957 1085 3011 timor
1105 2959 1370 3015 remiserit
1385 3002 1398 3024 ,
1424 2976 1520 3015 nec
1539 2961 1866 3015 alacritatem
1885 2970 2114 3016 vestram

527 3049 840 3102 exstinxerit
869 3049 1172 3114 tribulatio,
1208 3065 1308 3104 nec
1332 3050 1646 3106 labefecerit
1675 3053 1846 3105 zelum
1879 3061 2114 3106 vestrum

529 3141 747 3210 periculi
779 3141 1104 3212 magnitudo,
1131 3157 1227 3196 nec
1255 3143 1584 3212 superaverit
1609 3159 1844 3198 amorem
1873 3145 1926 3199 in
1953 3143 2116 3198 Deum

535 3231 810 3287 hominum
839 3235 998 3287 timor
1017 3275 1031 3298 ,
1065 3249 1163 3288 nec
1193 3233 1426 3287 studium
1455 3244 1693 3288 vestrum
1727 3235 1982 3304 temporis
2011 3235 2114 3288 ini-

531 3325 705 3395 quitas
734 3325 987 3394 dejeccrit
1018 3343 1029 3379 :
1058 3341 1160 3379 non
1195 3333 1396 3378 tantum
1431 3341 1532 3378 non
1566 3325 1778 3394 dejeeit,
1804 3325 1894 3378 sed
1918 3335 1969 3378 et
1994 3339 2118 3378 cou-

541 3417 769 3470 ﬁrmavit
797 3436 810 3470 :
844 3433 946 3470 non
990 3425 1192 3470 tantum
1226 3431 1328 3469 non
1363 3417 1592 3480 remisit,
1625 3415 1716 3470 sed
1756 3426 1808 3470 et
1849 3415 2074 3470 intendit
2103 3435 2116 3469 :

537 3525 640 3562 non
673 3519 875 3562 tantum
903 3525 1008 3563 non
1038 3510 1322 3572 exstinxit,
1355 3509 1450 3563 sed
1495 3519 1548 3563 et
1588 3510 1814 3579 amplius
1854 3507 2116 3564 accendit.

535 3603 858 3657 Evacnatum
879 3601 1090 3672 quidem
1121 3603 1289 3656 forum
1309 3612 1410 3668 est,
1430 3601 1520 3656 sed
1540 3603 1761 3656 ecclesia
1787 3602 1984 3671 repleta
2011 3601 2116 3672 (a):

533 3693 660 3747 illud
695 3693 864 3747 luctus
889 3693 1133 3754 materia,
1167 3692 1284 3746 huic
1314 3691 1490 3761 gaudii
1519 3701 1570 3746 et
1597 3691 1795 3746 laetitia:
1831 3691 2120 3761 spiritualis

513 3784 762 3838 occasio.
790 3783 918 3837 Cum
955 3783 1113 3852 igitur
1141 3783 1190 3836 in
1220 3781 1390 3837 forum
1420 3792 1469 3837 te
1493 3783 1800 3850 contuleris,
1829 3781 2041 3846 dilecte,
2069 3791 2118 3836 et

535 3875 876 3928 solitudinem
903 3875 1244 3943 conspicatus
1285 3875 1630 3944 ingemueris,
1655 3875 1882 3944 confuge
1907 3873 1973 3928 ad
2011 3889 2124 3927 ma-

537 3977 702 4026 trem.
750 3975 804 4020 et
845 3968 1021 4021 statim
1071 3977 1119 4021 te
1155 3968 1490 4037 propriorum
1529 3967 1756 4021 ﬁliorum
1786 3965 2124 4021 multitudine

537 4059 917 4124 consolabitur,
949 4067 1004 4112 et
1031 4057 1321 4129 perfectum
1353 4057 1598 4114 ostendet
1629 4057 1720 4112 tibi
1749 4057 1967 4111 fratrum
1995 4057 2120 4112 cho-

539 4165 654 4204 rum
676 4192 689 4216 ,
723 4159 776 4204 ct
804 4163 1014 4203 onmem
1051 4150 1318 4203 tristitiam
1361 4149 1606 4219 repellet.
1639 4147 1695 4203 In
1742 4147 1871 4202 urbe
1911 4145 2124 4216 quidem

537 4243 680 4294 viros
710 4255 930 4295 cernere
956 4239 1325 4294 desideramus
1348 4249 1614 4310 tamquam
1643 4239 1858 4294 deserta
1891 4238 2128 4293 habitan-

539 4343 654 4396 tes;
688 4333 738 4385 in
770 4333 1048 4386 ecclesiam
1081 4347 1206 4386 vero
1233 4331 1596 4402 confugientes
1623 4331 1959 4386 multitudine
1985 4345 2128 4386 com.

539 4421 834 4490 primimur.
859 4421 925 4476 Et
944 4421 1391 4492 quemadmodum
1415 4421 1547 4476 mari
1573 4431 1848 4488 :estuante,
1873 4432 1926 4477 et
1947 4423 2128 4476 multis

541 4515 787 4584 procellis
831 4513 1038 4570 furente
1059 4557 1076 4582 ,
1114 4515 1178 4569 ad
1209 4527 1418 4585 portum
1446 4513 1732 4586 confugere
1759 4515 1916 4569 timor
1943 4531 2130 4571 onmes

539 4607 718 4676 cogit:
749 4605 825 4661 sic
867 4615 920 4661 et
965 4623 1106 4662 nunc
1154 4605 1254 4662 fori
1304 4605 1550 4676 prcccllze
1579 4615 1634 4662 et
1671 4608 1900 4663 civitatis
1959 4607 2130 4662 hiems

539 4715 730 4756 omnes
767 4701 818 4755 in
847 4701 1126 4756 ecclesiam
1157 4700 1387 4772 nmliqne
1422 4701 1838 4771 compellunt,et
1855 4697 2131 4754 charitatis

539 4795 752 4848 vinculo
771 4795 1009 4848 membra
1027 4793 1165 4848 inter
1185 4807 1243 4847 se
1266 4793 1656 4862 constringunt.
1675 4791 1884 4848 Gratias
1913 4803 2132 4860 agamus

541 4887 702 4956 igitur
735 4893 787 4939 et
815 4895 1033 4954 propter
1061 4887 1176 4938 hare
1209 4883 1320 4937 Deo
1343 4924 1358 4948 ,
1387 4883 1526 4953 quod
1558 4891 1763 4937 tantum
1809 4895 1873 4937 ex
1914 4881 2134 4934 tributa-

542 4981 684 5033 tione
716 4980 1016 5046 carpsimus
1043 4975 1461 5030 emolumentum
1481 5016 1495 5041 ,
1521 4975 1663 5046 quod
1693 4981 1891 5029 tantam
1933 4989 1994 5026 ex
2027 4981 2135 5026 ten-

543 5071 743 5124 tatione
775 5069 1052 5122 utilitatem
1083 5068 1340 5136 cepimus.
1369 5065 1476 5120 Nisi
1509 5067 1751 5128 tentatio,
1777 5079 1874 5118 nec
1895 5079 2090 5118 corona
2117 5081 2129 5118 :

546 5161 644 5214 nisi
690 5163 976 5216 certamina
999 5202 1013 5225 ,
1045 5175 1142 5214 nec
1175 5158 1387 5229 pnemia
1420 5176 1432 5211 :
1467 5158 1566 5212 nisi
1597 5157 1795 5221 stadia,
1829 5171 1927 5210 nec
1961 5155 2134 5208 hono-

547 5265 634 5302 res
679 5269 692 5302 :
741 5250 840 5304 nisi
891 5251 1195 5314 tribulatio,
1244 5263 1343 5304 nec
1395 5249 1639 5303 remissio
1688 5265 1702 5301 :
1751 5247 1852 5302 nisi
1903 5247 2088 5317 hyems
2117 5287 2131 5312 ,

550 5343 718 5394 hiems
757 5343 798 5406 ¹,
825 5357 921 5396 nec
947 5355 1122 5398 aestas.
1151 5345 1219 5398 Et
1245 5344 1346 5398 hoc
1373 5359 1475 5396 non
1500 5344 1550 5396 in
1579 5341 1883 5396 hominibus
1910 5351 2132 5402 tantum,

549 5431 642 5486 sed
671 5433 721 5484 in
751 5433 1042 5488 seminibus
1071 5451 1280 5506 quoque
1325 5435 1451 5504 ipsis
1487 5433 1678 5489 intueri
1705 5433 1849 5489 licet.
1881 5431 1949 5487 Et
1973 5433 2023 5485 in
2053 5431 2137 5486 his

2213 1874 2568 1944 eullisioncm,
2597 1881 2812 1935 multam
2844 1881 3072 1952 denique
3099 1883 3322 1952 glaciem
3353 1883 3464 1938 ﬁeri
3493 1893 3726 1954 oportet,
3757 1902 3804 1942 SI

2217 1983 2443 2025 vernans
2485 1973 2628 2040 Spica
2667 1988 2954 2042 exsurgere
3000 1973 3189 2036 debet;
3241 1975 3326 2030 ubi
3373 1991 3502 2030 vero
3549 1979 3808 2031 sementis

2219 2068 2458 2130 tempus,
2493 2073 2699 2133 tempus
2729 2072 2784 2118 et
2815 2065 3030 2134 pluvite.
3064 2065 3350 2136 Postquam
3393 2065 3554 2136 igitur
3581 2078 3636 2122 et
3663 2084 3809 2122 nunc

2219 2154 2414 2225 ingruit
2456 2154 2648 2222 hiems,
2686 2155 2856 2211 hiems
2878 2157 3196 2222 animarum,
3222 2174 3325 2212 non
3349 2160 3492 2214 acris
3521 2177 3534 2213 :
3565 2176 3810 2214 seramus

2219 2255 2269 2300 ct
2299 2261 2395 2300 nos
2427 2245 2477 2299 in
2509 2245 2610 2302 hac
2657 2245 2846 2316 hieme,
2879 2258 2936 2302 ut
2962 2250 3013 2304 in
3039 2259 3222 2306 mstate
3247 2263 3548 2308 metamus:
3575 2254 3800 2308 semine-

2217 2353 2340 2392 mus
2366 2339 2627 2411 lacrymas
2647 2381 2661 2404 ,
2690 2349 2742 2394 ut
2775 2340 3184 2395 exsultationem
3203 2351 3486 2396 metamus.
3507 2342 3622 2397 Non
3655 2359 3813 2398 incus

2220 2429 2307 2484 hic
2336 2446 2512 2484 sermo
2532 2471 2546 2496 ,
2594 2431 2901 2502 prophetica
2927 2432 3260 2489 denuntiatio
3285 2444 3368 2490 est
3391 2453 3405 2487 :
3436 2436 3536 2502 Qui
3560 2437 3814 2491 seminam

2219 2523 2272 2576 in
2303 2521 2556 2592 lacrymis,
2594 2525 2781 2593 inquit,
2813 2525 2866 2578 in
2895 2526 3232 2580 exsultatione
3257 2537 3442 2582 nictent
3475 2526 3644 2600 (Psal.
3677 2529 3810 2584 {25.

2219 2619 2295 2686 5).
2326 2616 2439 2670 Non
2468 2619 2544 2672 sic
2571 2619 2774 2672 semina
2801 2618 3065 2674 demissus
3089 2618 3263 2674 imber
3289 2622 3590 2690 germinare
3613 2631 3666 2676 et
3681 2637 3812 2676 αδδ--

2221 2724 2372 2762 scere
2401 2709 2548 2776 facit,
2580 2719 2638 2763 ut
2667 2709 2880 2778 pietatis
2901 2725 3085 2766 semen
3115 2711 3316 2766 excitat
3339 2721 3394 2766 et
3425 2727 3650 2768 vernare
3685 2714 3818 2768 facit

2221 2817 2284 2856 ex
2315 2802 2564 2873 lacrymis
2585 2819 2744 2857 ruens
2769 2803 2938 2858 imber
2967 2820 2980 2854 :
3010 2803 3097 2858 hic
3124 2805 3358 2859 animam
3387 2804 3646 2875 deterget,
3679 2805 3814 2860 irri-

2221 2903 2308 2964 gat
2335 2905 2566 2950 mentem
2587 2935 2602 2960 ,
2633 2895 2889 2950 doctrime
2917 2911 3138 2966 germen
3179 2897 3328 2953 brevi
3371 2899 3614 2968 progredi
3643 2899 3772 2953 facit
3793 2947 3814 2966 ,

2223 2999 2500 3060 propterea
2527 2999 2580 3044 et
2605 2989 2920 3060 profundum
2943 2991 3148 3045 sulcum
3179 2990 3524 3060 proscindere
3551 3005 3802 3046 necessa-

2223 3083 2360 3136 rium
2389 3100 2402 3135 :
2427 3081 2626 3136 etenim
2652 3091 2704 3136 et
2734 3080 2835 3136 hoc
2861 3081 3120 3151 propheta
3157 3081 3436 3138 admonuit
3477 3083 3548 3136 ita
3583 3081 3810 3143 dicens:

2225 3169 2426 3225 Novate
2447 3171 2580 3224 vobis
2609 3171 2807 3225 novalia
2831 3213 2846 3237 ,
2875 3181 2921 3224 et
2952 3173 3104 3226 nolite
3123 3173 3374 3225 seminare
3396 3172 3448 3226 in
3473 3172 3628 3242 spinis
3661 3170 3826 3242 (Jer.

2223 3264 2276 3317 4.
2304 3263 2380 3330 5).
2412 3261 2866 3330 Quemadmodum
2895 3262 3051 3332 igitur
3077 3263 3166 3332 qui
3195 3273 3433 3318 aratrum
3463 3263 3698 3318 immittit
3725 3265 3816 3318 in-

2227 3351 2376 3408 ferne
2402 3361 2596 3408 terram
2627 3352 2828 3418 sulcat,
2862 3361 3023 3406 tutam
3069 3353 3362 3408 seminibus
3389 3352 3686 3408 custodiam
3713 3368 3822 3421 pa-

2224 3458 2370 3512 rans,
2401 3459 2470 3498 ne
2489 3445 2630 3513 jacta
2659 3445 2710 3498 in
2738 3443 3018 3513 superﬁcie
3044 3454 3390 3508 remaneant,
3429 3443 3525 3500 sed
3569 3444 3620 3498 in
3667 3445 3826 3514 ipsos

2227 3545 2382 3592 terrm
2394 3541 2543 3592 sinus
2563 3537 2872 3602 condantur,
2894 3547 2946 3592 et
2975 3538 3026 3592 in
3043 3545 3157 3592 tuto
3185 3537 3394 3592 radices
3423 3537 3585 3606 ﬁgant
3613 3553 3626 3589 :
3657 3537 3734 3591 sic
3763 3547 3824 3592 et

2226 3647 2324 3688 nos
2345 3633 2516 3688 facere
2533 3633 2974 3700 necessarium,et
2991 3641 3256 3700 tamquam
3279 3640 3458 3686 aratro
3475 3630 3824 3685 tribulatione

2228 3734 2468 3790 utentes,
2519 3725 2696 3780 cordis
2745 3725 3062 3794 profundum
3101 3724 3346 3780 scindere
3381 3743 3393 3778 :
3427 3725 3532 3780 hoc
3575 3725 3718 3779 enim
3765 3735 3824 3778 et

2225 3819 2361 3872 alius
2388 3817 2644 3888 propheta
2667 3817 2937 3882 admonet,
2961 3819 3180 3872 dicens:
3205 3817 3433 3871 Scindite
3457 3817 3612 3871 corda
3627 3827 3818 3884 vestra,

2227 3920 2275 3966 et
2305 3927 2404 3963 non
2432 3910 2725 3963 vestimenta
2767 3919 2932 3963 vestra
2973 3907 3125 3978 (Joel
3186 3909 3242 3962 2.
3275 3909 3342 3963 15
3363 3907 3406 3981 ).
3432 3907 3606 3964 Corda
3657 3910 3822 3979 igitur

2229 4001 2553 4068 scindamus,
2589 4011 2646 4056 ut
2665 4003 2708 4056 si
2739 4017 2842 4073 qua
2871 4001 3006 4056 mala
3035 4001 3220 4066 herba,
3255 4013 3310 4057 et
3339 4003 3522 4057 dolosa
3561 4003 3823 4072 cogitatio

2231 4095 2384 4150 nobis
2428 4095 2584 4158 inest,
2618 4093 2869 4148 radicitus
2891 4105 3008 4148 eam
3031 4094 3305 4158 vellamus,
3331 4103 3382 4147 et
3411 4108 3575 4162 puras
3605 4093 3824 4163 pietatis

2231 4188 2524 4244 seminibus
2569 4197 2740 4244 terras
2769 4187 3133 4244 exhibeamus.
3163 4185 3272 4240 Nisi
3305 4185 3446 4240 enim
3489 4201 3634 4240 nunc
3663 4201 3828 4240 reno-

2232 4295 2450 4346 vemus,
2485 4280 2584 4334 nisi
2617 4295 2758 4334 nunc
2797 4279 3160 4344 seminemus,
3207 4277 3306 4332 nisi
3345 4293 3486 4332 nunc
3531 4278 3826 4332 fundamus

2233 4373 2514 4444 laerymas,
2549 4385 2668 4426 cum
2691 4371 2842 4426 adest
2875 4370 3148 4424 tribulatio
3189 4377 3244 4424 et
3279 4368 3538 4438 jejunium
3561 4411 3578 4436 ,
3605 4369 3830 4438 quando

2234 4478 2482 4532 umquam
2523 4463 2574 4515 in
2612 4461 3077 4528 compunctioncm
3105 4458 3416 4512 veniemus?
3444 4473 3568 4512 nunt
3603 4459 3824 4527 quando

2235 4553 2481 4609 remissio
2501 4561 2558 4606 et
2581 4551 2786 4606 delicia:
2813 4551 3041 4606 fuerint?
3062 4549 3168 4605 Sed
3201 4549 3302 4604 hoc
3332 4549 3447 4604 lteri
3479 4565 3581 4602 non
3609 4559 3830 4618 potest:

2235 4644 2483 4700 remissio
2511 4645 2656 4698 enim
2689 4653 2742 4698 et
2767 4642 2976 4697 delicia:
3007 4643 3058 4696 in
3091 4641 3372 4711 segnitiem
3403 4640 3662 4696 inducere
3691 4657 3836 4696 con-

2237 4745 2556 4803 sucverunt,
2585 4737 2723 4792 sicut
2751 4735 3022 4790 tribulatio
3047 4735 3112 4789 ad
3153 4733 3390 4789 studium
3431 4749 3686 4788 revocare
3711 4773 3728 4798 ,
3775 4745 3840 4788 et

2239 4841 2470 4888 mentem
2497 4831 2734 4887 exterius
2755 4831 2892 4884 circa
2923 4828 3088 4883 multa
3119 4837 3398 4897 vagantem
3427 4839 3482 4881 et
3509 4837 3842 4895 occupatam

2237 4925 2306 4980 ad
2334 4941 2454 4980 sese
2485 4933 2822 4980 convertere.
2850 4922 2927 4978 Ne
2968 4922 3124 4992 igitur
3162 4921 3230 4976 de
3260 4919 3361 4974 hac
3395 4919 3606 4974 tristitia
3638 4919 3846 4972 dolea-

2239 5031 2378 5080 mus,
2411 5016 2504 5070 sed
2537 5017 2644 5071 Deo
2671 5015 2871 5084 gratias
2909 5027 3126 5084 aganms
3155 5029 3170 5066 :
3198 5011 3422 5066 multum
3461 5011 3604 5064 enim
3633 5025 3700 5063 ex
3735 5011 3850 5063 tri-

2241 5108 2512 5164 bulatione
2541 5107 2771 5162 lucrum.
2799 5105 2930 5160 Nam
2971 5114 3022 5158 et
3061 5117 3182 5156 cum
3214 5101 3442 5171 agricola
3473 5101 3677 5154 semina
3709 5117 3852 5156 cum

2243 5205 2410 5260 nmlto
2431 5203 2614 5258 labore
2635 5201 2856 5256 collecta
2885 5197 3247 5260 seminaverit,
3273 5205 3332 5250 ut
3357 5195 3607 5250 adveniat
3637 5195 3854 5260 imber,

2241 5303 2495 5366 exoptat:
2527 5303 2580 5348 ct
2610 5294 2823 5364 ignarus
2863 5290 3127 5362 quispiam
3172 5289 3351 5342 omnia
3393 5303 3512 5358 quae
3542 5286 3676 5342 ﬁunt
3717 5303 3830 5342 cer

2242 5403 2413 5454 nens,
2468 5385 2836 5448 admirahitur,
2889 5381 3132 5451 forteque
3185 5381 3326 5450 apud
3369 5382 3603 5448 seipsum
3647 5379 3798 5433 dicet
3851 5401 3872 5436 :

2241 5482 2380 5548 Quid
2427 5481 2513 5534 hic
2559 5480 2718 5533 homo
2759 5475 2971 5530 tandem
3003 5473 3164 5527 facit?
3189 5474 3408 5528 collecta
3439 5471 3704 5540 dissipat,
3739 5488 3870 5527 nec

2245 5573 2468 5643 dissipat
2495 5581 2696 5626 tantum
2719 5609 2734 5632 ,
2765 5567 2860 5622 sed
2891 5576 2942 5620 et
2971 5577 3126 5620 teme
3151 5579 3270 5620 cum
3303 5564 3464 5616 multa
3505 5576 3634 5616 cura
3681 5577 3870 5616 com-

2245 5668 2454 5730 miscet,
2481 5681 2546 5719 ne
2573 5663 2724 5718 facile
2754 5661 2930 5728 colligi
2961 5657 3198 5726 possint;
3229 5671 3327 5709 nec
3359 5653 3674 5708 commiscet
3719 5663 3876 5706 tan-

2247 5772 2355 5818 tum
2397 5771 2586 5824 terrae,
2633 5754 2726 5808 sed
2771 5763 2824 5807 et
2865 5759 3010 5821 optat
3039 5750 3410 5805 vehementem
3451 5744 3724 5818 pluviam,
3785 5759 3878 5806 ut

552 5523 692 5576 enim
723 5520 942 5574 multam
973 5524 1182 5593 quidem
1209 5527 1440 5596 pluviam
1461 5565 1475 5590 ,
1509 5524 1730 5579 multam
1759 5537 1889 5578 vero
1917 5521 2134 5577 nubimn

612 5657 631 5730 ξ
669 5663 866 5712 Vocem,
893 5651 1062 5716 hiem,
1081 5657 1340 5719 repetitam
1361 5655 1440 5708 hic
1463 5665 1514 5708 et
1530 5655 1653 5706 infra
1679 5657 1820 5720 juxta
1843 5651 1982 5704 Savil.
2011 5653 2137 5702 inse-

549 5731 752 5769 I'Illlllus.

615 5781 692 5844 (ﬂ)
725 5785 772 5828 tn
797 5775 1068 5834 calamitate
1091 5777 1372 5830 Antiocheni
1395 5779 1453 5829 ad
1479 5779 1736 5832 ecclesiam
1769 5776 2118 5842 confugiebant
