4074 6218
391 380 454 436 ω
1359 371 1446 425 Μ)
1488 369 1804 426 rorcwu
1847 367 2335 427 ANTIOCHENUM
2399 369 2626 426 noutL.
2673 370 2755 429 tv.
3616 374 3681 433 os

387 495 627 566 projects
660 489 849 546 omnia»
873 495 1224 551 marcescant,
1257 495 1308 539 ct
1338 485 1500 538 lutum
1531 485 1674 538 tiant.
1710 485 1773 538 Et
1798 483 1978 538 turba-

388 600 473 640 tur
495 599 726 638 cernens
753 594 1036 649 erumpere
1065 579 1280 632 fulmina
1306 587 1360 631 et
1386 577 1782 631 coruscationes
1802 575 1981 630 defer»

388 680 430 731 ri
455 696 468 741 ;
498 675 732 748 agricola
760 689 889 728 vero
919 686 1022 725 non
1052 671 1159 734 ita,
1190 669 1282 723 sed
1311 669 1516 722 Iactatur
1539 677 1590 722 et
1621 669 1814 737 gaudet
1845 677 1980 720 tem-

391 780 662 837 pestatem
681 780 950 820 cernens:
982 778 1086 815 nou
1119 763 1259 816 enim
1294 760 1572 829 przcsentia
1605 759 1819 827 respicit
1842 799 1857 822 ,
1888 759 1981 812 sed

391 864 568 914 lutura
597 865 804 928 spectat
833 873 845 909 :
880 870 986 910 non
1017 853 1233 923 respicit
1262 852 1325 905 ad
1359 851 1597 917 fulmina,
1621 851 1714 904 sed
1743 851 1986 918 manipu-

392 955 474 1006 los
499 960 808 1022 computat;
835 965 941 1004 non
964 946 1347 1002 ma-rcescentia
1375 945 1598 1006 semina,
1633 944 1727 998 sed
1752 959 1980 998 vernan-

392 1056 475 1100 tes
504 1046 714 1113 spicas;
743 1059 848 1097 non
877 1055 1092 1111 gravem
1125 1039 1347 1092 imbrem
1371 1077 1386 1097 ,
1419 1037 1510 1090 sed
1539 1035 1982 1104 iucundissimum

388 1153 532 1191 arcte
561 1137 848 1205 pulverem.
883 1133 1065 1187 Itidem
1095 1140 1150 1184 et
1178 1145 1273 1183 nos
1299 1145 1403 1182 non
1432 1137 1746 1197 pra-sentem
1775 1135 1980 1195 specte-

392 1246 515 1285 tnus
544 1229 958 1289 tribulationem,
984 1233 1074 1280 aut
1093 1223 1357 1285 dolorem,
1383 1222 1474 1276 sed
1498 1222 1754 1275 orientem
1785 1236 1846 1274 cx
1872 1221 1982 1288 ipsa

393 1325 677 1378 utilitatem
703 1363 718 1388 ,
751 1337 813 1374 ex
843 1321 954 1388 ipsa
987 1327 1291 1372 nascentem
1323 1315 1548 1368 fructum
1574 1333 1586 1366 :
1615 1322 1984 1380 exspectemus

391 1431 534 1470 areae
567 1413 861 1482 manipulos
891 1429 903 1465 :
928 1412 972 1465 si
998 1409 1193 1464 ctettittt
1220 1408 1513 1477 vigilemus,
1546 1406 1767 1458 multum
1792 1419 1854 1458 ex
1887 1404 1985 1457 hoc

391 1521 634 1575 tempore
663 1506 887 1559 fructum
914 1515 1257 1572 congregare,
1280 1509 1326 1553 ct
1355 1499 1546 1552 mentis
1569 1505 1764 1550 nostrm
1793 1511 1983 1565 penum

390 1600 620 1668 implere
658 1596 984 1665 poterimus:
1016 1593 1058 1646 si
1108 1591 1416 1661 vigilemus,
1465 1603 1568 1641 non
1612 1597 1812 1640 tantum
1857 1586 1983 1638 nihil

390 1704 553 1762 grave
582 1705 647 1742 ex
677 1689 774 1742 hac
806 1686 1072 1755 patiemur
1098 1682 1435 1736 tribulatione
1459 1721 1474 1746 ,
1501 1679 1596 1734 sed
1625 1688 1677 1734 et
1707 1680 1983 1732 iumnnera

390 1783 531 1838 bona
581 1780 883 1850 capiemus;
935 1778 1014 1831 sin
1066 1791 1193 1830 vero
1247 1783 1583 1843 torpcamus,
1617 1778 1859 1826 remissio
1891 1785 1986 1824 nos

391 1875 598 1945 perdet.
629 1873 745 1928 Non
775 1872 1146 1926 advertentem
1179 1868 1319 1921 enim
1349 1875 1572 1935 utraque
1602 1863 1800 1917 hcduut
1822 1904 1836 1927 ,
1865 1878 1985 1914 rum

391 1969 680 2023 sedulitate
705 1979 832 2018 vero
865 1962 1067 2016 viventi
1107 1968 1328 2028 utraque
1365 1967 1604 2026 prosunt.
1635 1955 1697 2008 Et
1721 1956 1859 2009 sicut
1888 1969 1984 2006 au-

391 2077 510 2116 rmn
532 2058 631 2113 etsi
653 2057 804 2126 aquis
831 2055 1162 2115 immoretur,
1183 2051 1449 2119 prepriam
1480 2046 1691 2116 prarl‘ert
1714 2045 1947 2116 speciem
1969 2059 1983 2096 :

391 2155 504 2208 sive
548 2152 600 2206 in
645 2148 1016 2204 conﬂatorium
1067 2143 1359 2206 ceciderit,
1401 2140 1728 2210 Splendidius
1777 2154 1984 2194 rursum

389 2253 645 2315 apparet;
681 2243 850 2295 lutum
877 2248 1056 2293 autem
1079 2245 1128 2289 et
1152 2236 1375 2299 foenum,
1400 2235 1512 2287 sive
1533 2233 1683 2302 aquis
1702 2231 1986 2286 immisceri

389 2336 616 2398 accidat,
649 2333 750 2388 hoc
775 2331 986 2401 quidem
1011 2327 1312 2392 marcescit,
1343 2325 1468 2379 illud
1494 2341 1619 2378 vero
1640 2323 1945 2378 dissolvitur
1970 2340 1984 2376 :

389 2429 502 2482 sive
527 2426 579 2478 in
608 2425 786 2494 ignem
809 2420 1090 2485 ceciderit,
1118 2418 1218 2470 hoc
1247 2416 1461 2486 quidem
1493 2413 1861 2485 frigitur,illud
1896 2429 1990 2466 au-

391 2535 500 2575 tetu
527 2518 860 2574 comburitur
887 2533 898 2568 :
929 2515 1008 2568 sic
1047 2520 1192 2566 certe
1222 2520 1276 2565 et
1299 2510 1475 2579 justus
1501 2516 1555 2563 et
1580 2517 1830 2578 peccator
1861 2523 1873 2559 :
1902 2506 1989 2559 ille

389 2613 608 2682 quidem
654 2611 768 2663 sive
814 2606 1132 2661 remissione
1174 2604 1397 2664 fruatur,
1441 2610 1620 2654 tnanet
1647 2598 1984 2665 Splendidus,

391 2706 530 2758 sicut
579 2717 768 2757 aurum
810 2715 962 2768 aqme
1007 2699 1317 2750 immersum
1346 2712 1358 2746 :
1389 2694 1502 2770 sive
1546 2692 1595 2745 in
1642 2691 1986 2745 tentationcm

389 2795 668 2859 ceciderit,
698 2791 1028 2863 splendidior
1056 2788 1108 2842 ﬁt
1131 2830 1147 2853 ,
1179 2789 1318 2841 sicut
1348 2802 1536 2840 aurum
1567 2786 1687 2854 igne
1709 2784 1986 2838 examina-

391 2899 536 2949 tum;
589 2896 838 2955 peccator
877 2897 1005 2937 vero
1049 2883 1162 2935 sive
1208 2880 1578 2935 remissionem
1623 2878 1983 2941 nanciscatur,

396 2982 701 3038 dissolvitur
724 2989 778 3032 et
804 2975 1107 3040 marcescit,
1145 2974 1281 3028 sicut
1309 2972 1506 3028 frenum
1547 2981 1622 3025 et'
1645 2970 1810 3024 lutum
1838 2983 1991 3037 aquze

397 3080 730 3130 immorans:
765 3073 876 3126 sive
909 3069 1252 3123 velitationem
1292 3066 1590 3130 sustineat,
1633 3062 1987 3127 comburitur,

390 3179 444 3223 rt
473 3167 735 3237 perditur,
758 3165 896 3218 sicut
924 3163 1089 3216 lutum
1122 3169 1174 3215 et
1200 3159 1397 3214 fumum
1428 3157 1496 3210 ab
1521 3156 1662 3226 igne.

462 3259 520 3310 (Ξῖ
557 3255 932 3310 Ᾰίνιιηιηανιηη
966 3257 1181 3324 fructus.
1209 3281 1281 3290 ——
1309 3248 1426 3304 Non
1458 3249 1620 3318 igitur
1643 3245 1992 3301 conﬁciamut'

393 3347 758 3420 pra-sentibus-
790 3345 942 3400 malis
981 3363 997 3398 :
1045 3343 1089 3397 si
1127 3341 1267 3396 enim
1303 3341 1354 3394 in
1394 3339 1638 3410 peccatis
1657 3338 1762 3400 sis,
1790 3352 1853 3390 ea
1899 3336 1988 3390 de-

391 3447 673 3496 struuntur
695 3447 750 3491 et
771 3435 1156 3490 comburuntur
1182 3432 1333 3486 facile
1360 3446 1455 3500 per
1485 3429 1882 3483 tribulationem
1913 3428 1988 3482 :si

396 3549 528 3587 vero
569 3531 764 3584 virtute
809 3529 882 3583 sis
923 3525 1207 3598 praeditus,
1254 3523 1538 3578 illustraris
1567 3531 1638 3576 ει·
1662 3520 1992 3590 splendescis

400 3643 497 3697 per
541 3625 708 3694 ipsam
753 3639 766 3674 :
809 3621 852 3674 si
898 3619 1149 3672 continue
1177 3616 1361 3686 vigiles
1396 3613 1700 3668 et'sobritts
1743 3614 1838 3676 sis,
1883 3612 1992 3666 eris

396 3721 543 3774 υιιιηί
573 3718 770 3771 damno
796 3713 1058 3783 superior.
1089 3710 1204 3765 Non
1230 3709 1370 3763 enim
1405 3705 1753 3766 tentationmn
1780 3712 1989 3768 natura,

396 3811 489 3865 sed
519 3816 840 3863 tentatormn
883 3803 1133 3873 segnities
1158 3801 1341 3856 ruinas
1365 3797 1583 3854 efﬁcere
1609 3797 1762 3851 solet.
1814 3796 1993 3863 Itaque

395 3903 442 3956 si
495 3901 574 3954 vis
618 3897 884 3969 gaudere,
917 3905 973 3950 et
1011 3893 1323 3948 remissione
1363 3899 1416 3946 et
1462 3889 1754 3959 voluptate-
1791 3889 1985 3957 potiri,

400 4009 575 4061 nmmo
605 3990 948 4058 voluptatem,
995 3999 1168 4054 neque
1207 3981 1574 4037 remissionem
1615 3993 1852 4050 quams;
1897 3977 1991 4032 sed

399 4087 631 4139 animam
663 4079 910 4151 patientia
941 4078 1148 4148 plenam
1180 4091 1378 4145 quarrc,
1424 4083 1484 4127 et-
1517 4073 1850 4127 tolerantiam
1893 4089 1989 4125 cx-

401 4179 586 4232 bibcrc
617 4175 877 4228 valentem
910 4189 922 4224 :
954 4169 1094 4239 quod
1127 4168 1168 4220 si
1202 4167 1302 4220 ltoe
1333 4183 1435 4219 non
1466 4165 1687 4230 habeas,
1734 4180 1838 4217 non
1875 4174 1990 4216 tan-

401 4281 511 4323 tum
542 4266 764 4322 tentatio
793 4274 842 4318 te
868 4260 1158 4330 superabit,
1184 4257 1276 4312 sed
1315 4269 1369 4311 et
1406 4257 1648 4312 remissio
1689 4256 1895 4326 perdet,
1941 4263 1996 4308 et

401 4360 569 4428 magis
621 4356 854 4424 dejiciet.
916 4351 1066 4420 Quod
1123 4352 1265 4405 enim
1312 4366 1416 4403 non
1467 4350 1703 4418 gravium
1750 4349 1994 4402 incursus

400 4467 644 4514 casuum,
686 4447 777 4501 sed
821 4445 1014 4500 mentis
1059 4454 1256 4497 nostra:
1287 4451 1468 4510 torpor
1494 4440 1717 4493 salutem
1760 4449 1992 4492 nostram

401 4547 697 4607 subvertat,
725 4540 846 4594 audi
877 4538 1001 4608 quid
1034 4536 1174 4591 dicat
1198 4533 1442 4590 Christus
1485 4551 1498 4588 :
1525 4533 1835 4600 Quicumque
1853 4531 1996 4584 audit

405 4641 550 4690 verba
581 4651 690 4688 mea
721 4635 846 4690 lucc.
881 4643 925 4684 ct
954 4633 1074 4702 facit
1096 4646 1174 4691 ca,
1211 4626 1570 4681 assimilabitur
1603 4626 1709 4678 viro
1737 4624 1994 4693 prudenti,

402 4732 484 4799 qui
513 4727 785 4796 trdiﬁcavit
815 4725 1018 4776 domum
1049 4738 1191 4773 suam
1221 4735 1373 4788 super
1399 4725 1613 4785 petram,
1656 4726 1703 4769 et
1745 4715 1998 4769 descendit

403 4821 594 4889 pluvia,
625 4827 668 4871 et
706 4823 941 4869 venerunt
969 4812 1206 4883 ﬂumina,
1250 4820 1297 4864 ct
1340 4811 1588 4878 [lat-erunt
1635 4807 1785 4870 venti,
1847 4814 1892 4859 et
1931 4806 1999 4858 ir-

402 4918 613 4965 ruerunt
650 4909 704 4962 in
732 4909 939 4960 domum
965 4905 1130 4969 illaut,
1170 4913 1217 4958 et
1243 4919 1342 4956 non
1369 4901 1546 4954 cecidit
1577 4916 1597 4954 :
1625 4901 1840 4971 ftntdata
1866 4899 1999 4952 enim

400 5015 690 5071 crot'super
719 5011 910 5071 petram
941 5014 960 5053 :
986 5007 1041 5052 et
1081 5012 1288 5050 rursum
1319 5013 1332 5048 :
1368 4994 1545 5048 Otnnis
1570 4994 1658 5062 qui
1683 4993 1825 5045 audit
1852 4992 2000 5045 verba

402 5115 515 5151 mea
561 5100 690 5161 It'ttc,
737 5105 782 5146 et
831 5110 930 5145 non
967 5092 1192 5162 fucit‘ea,
1230 5088 1406 5141 sintilts
1448 5087 1537 5140 erit
1565 5087 1670 5138 viro
1694 5085 1868 5149 stulto,
1911 5084 1997 5154 qui

395 5189 674 5256 adiﬁcauit
723 5189 927 5238 domum
972 5200 1116 5237 suam
1167 5199 1318 5250 super
1363 5197 1587 5241 arettant,
1650 5187 1696 5232 ct
1747 5178 2002 5231 descendit

397 5281 595 5348 pluvia,
649 5287 696 5330 et
739 5286 973 5329 venerunt
1013 5275 1247 5344 ﬂamina,
1271 5283 1318 5325 et
1355 5274 1604 5341 flaverant
1661 5271 1809 5336 renti,
1853 5279 1899 5324 et
1927 5271 2000 5322 ir-

399 5382 620 5427 ruerunt
663 5372 714 5424 in
754 5372 956 5422 domum
986 5369 1148 5431 illam,
1201 5377 1247 5420 et
1274 5367 1471 5429 cecidit,
1521 5364 1693 5433 et'fuit
1720 5365 1868 5419 ruina
1891 5364 2002 5434 ejus

395 5481 591 5536 nutgna
645 5462 861 5530 (Matth.
905 5462 957 5515 7.
1000 5459 1214 5528 24-27).
1278 5457 1434 5512 \‘ides
1486 5456 1637 5526 quod
1673 5472 1796 5510 non~
1824 5464 2001 5510 tenta-

397 5561 610 5610 tionum
663 5557 912 5616 inliictus,
965 5553 1058 5607 sed
1105 5551 1481 5607 sedilicantium
1531 5550 1754 5603 stultitia
1793 5549 1998 5602 ruinam

399 5649 640 5702 fecerit?
685 5646 893 5700 Etenim
941 5647 1047 5700 illic
1088 5645 1282 5713 pluvia,
1333 5651 1386 5696 ct
1426 5640 1512 5695 hic
1557 5641 1730 5709 pluvia
1766 5657 1780 5693 :
1811 5651 1864 5695 et
1896 5641 2002 5694 illic

400 5742 652 5805 ﬂuiuina,
681 5749 734 5794 et
779 5738 861 5793 hic
895 5739 1108 5792 numina
1144 5755 1154 5789 :
1190 5737 1299 5790 illic
1328 5743 1606 5789 ventorum
1636 5734 1899 5799 incursus,
1947 5745 2000 5789 et

399 5831 499 5890 hic
541 5834 681 5888 idem
714 5849 726 5885 :
761 5832 847 5887 ille
891 5829 1191 5899 aediﬁcavit,
1232 5839 1285 5886 et
1327 5827 1409 5884 hic
1448 5826 1728 5883 aediﬁcavit
1761 5844 1774 5882 :
1807 5825 1992 5884 eadem

2092 484 2392 549 :editicatio,
2465 495 2521 540 et
2580 485 2782 540 eaedem
2849 494 3188 556 tentationes,
3239 492 3680 548 sed-non‘idem

2093 575 2232 641 linis,
2281 577 2530 644 qumiam
2576 593 2680 632 non
2722 578 2861 634 idem
2918 581 3358 653 fundamentum;
3401 606 3506 643 non
3541 592 3682 643 enim

2093 671 2442 724 tentatiouum
2515 681 2724 738 natura,
2789 674 2883 728 sed
2949 675 3279 732 :edilican—tis-
3331 681 3681 749 imprudcmtia

2093 761 2296 814 ruinam
2339 761 2461 816 fecit
2503 782 2518 818 :
2561 764 2756 834 alioqui
2803 767 3129 834 Oportuisset
3170 778 3222 822 et
3264 771 3478 826 domum
3522 790 3681 844 supra

2093 862 2295 920 petram
2355 853 2668 910 a-dilicatam
2721 857 2950 922 cadere;
3016 875 3158 914 nunc
3212 876 3340 915 vero
3391 863 3536 917 nihil.
3580 867 3682 920 tale

2093 964 2242 1014 paSsa
2282 959 2381 1002 est.
2424 951 2527 1004 Sed
2570 967 2636 1005 ue
2672 953 2739 1007 de
2771 953 2932 1008 domo
2968 954 3081 1008 haec
3125 956 3261 1010 dicta
3297 973 3416 1013 e~se
3449 962 3679 1028 pinetis:

2091 1040 2158 1094 de
2214 1041 2388 1094 anima
2439 1043 2580 1095 enim
2653 1059 2833 1098 sermo
2889 1057 2972 1099 est
3031 1047 3330 1102 divinormn
3402 1051 3681 1104 verborum

2090 1129 2326 1184 auditum
2382 1147 2477 1200 per
2537 1149 2698 1202 Opera
2759 1135 3181 1204 demonstrantc,
3237 1140 3320 1194 vel
3367 1142 3677 1209 repellente.

2090 1220 2178 1274 Sic
2220 1221 2451 1275 animum
2499 1238 2648 1276 suam
2694 1225 2794 1278 Job
2847 1228 3127 1280 :cdilicavit
3179 1247 3192 1283 :
3243 1229 3521 1285 descendit
3569 1233 3680 1300 pl-u-

2093 1311 2192 1376 via,
2249 1311 2384 1381 ignis
2441 1314 2581 1367 enim
2613 1315 2680 1369 de
2730 1315 2861 1369 cado
2914 1319 3128 1383 cecidit,
3177 1331 3228 1374 et
3269 1337 3458 1376 ouiues
3495 1340 3684 1392 greges

2091 1404 2386 1474 absmnpsit
2421 1405 2536 1476 (Job
2595 1409 2644 1461 l.
2707 1409 2941 1482 1649):
2975 1422 3236 1466 venerunt
3275 1414 3522 1482 ﬂuuiina,
3579 1419 3683 1472 fre-

2092 1506 2316 1563 quentes
2358 1514 2570 1567 nempe,
2615 1502 2872 1565 continui,
2921 1513 2973 1557 ct
3010 1505 3108 1557 sibi
3147 1506 3494 1562 succedentes
3535 1511 3679 1564 cala-

2095 1587 2332 1640 mitatum
2394 1591 2559 1643 nuntii
2622 1607 2633 1643 :
2695 1591 2778 1645 hic
2821 1593 3032 1662 quidem
3081 1611 3338 1665 gregum,
3404 1599 3490 1654 ille
3557 1617 3684 1656 vero

2092 1679 2440 1741 camelorum,
2489 1680 2576 1734 ille
2630 1699 2813 1738 rursus
2867 1686 3091 1740 liliorum
3138 1691 3404 1744 interitum
3449 1692 3679 1747 dicens:

2093 1768 2352 1824 ﬂeverunt
2406 1775 2568 1840 venti,
2617 1790 2796 1829 amara
2854 1779 3033 1832 uxoris
3075 1781 3281 1835 verba:
3324 1781 3442 1848 Dic,
3493 1785 3680 1853 inquit,

2093 1860 2292 1914 verbum
2345 1872 2520 1917 contra
2578 1865 2849 1921 Dominum
2875 1910 2890 1936 ,
2953 1880 3000 1923 et
3057 1889 3250 1926 morere
3287 1873 3410 1942 (Job
3450 1876 3503 1928 9..
3547 1876 3619 1946 9)
3669 1895 3679 1930 :

2093 1960 2148 2004 et
2195 1969 2298 2006 non
2340 1955 2534 2010 cecidit
2571 1959 2782 2024 domus,
2831 1977 2936 2015 non
2983 1973 3065 2016 est
3103 1965 3436 2035 supplantata
3485 1970 3681 2034 anima,

2093 2058 2198 2095 non
2245 2043 2632 2113 blasphemavit
2662 2049 2845 2118 justus
2891 2069 2903 2104 :
2953 2053 3048 2106 sed
3097 2065 3150 2108 ct
3185 2057 3382 2125 gratias
3425 2061 3551 2129 egit,
3607 2063 3685 2116 sic

2093 2133 2277 2188 dicens
2311 2153 2323 2188 :
2360 2135 2610 2193 Dominus
2659 2141 2818 2203 dedit,
2863 2143 3108 2199 Dominus
3152 2148 3380 2212 abstulit,
3413 2153 3540 2205 sicut
3583 2153 3686 2208 Do-

2094 2226 2230 2280 mino
2269 2229 2477 2297 placuit,
2511 2231 2582 2283 ita
2607 2235 2800 2302 factum
2828 2245 2901 2287 cst
2971 2236 3091 2305 (Job
3125 2239 3169 2291 Ι.
3199 2239 3312 2309 21).
3347 2241 3506 2296 Vides
3544 2247 3683 2314 quod

2094 2334 2199 2372 non
2251 2323 2598 2376 teutationutu
2661 2333 2881 2392 natura,
2935 2327 3029 2381 sed
3095 2332 3418 2398 torpentium
3482 2335 3684 2404 ignavia

2095 2411 2299 2465 ruinam
2347 2413 2525 2468 facere
2551 2416 2761 2471 solent?
2803 2433 2922 2472 nam
2970 2418 3162 2475 fortem
3201 2424 3370 2476 virum
3417 2427 3687 2481 tribulatio

2095 2505 2366 2560 fortiorem
2409 2508 2597 2561 reddit.
2628 2511 2758 2574 Quis
2801 2510 2902 2565 hoc
2945 2513 3056 2566 ait?
3107 2515 3158 2567 In
3202 2517 3542 2572 tribulatione
3586 2536 3683 2572 nu-

2096 2598 2249 2651 tritus
2275 2598 2460 2654 beatus
2491 2600 2686 2653 Paulus
2716 2601 2786 2654 ita
2814 2603 2998 2656 dicens
3028 2620 3042 2660 :
3075 2603 3371 2659 Tribulutio
3393 2610 3687 2676 patientiam

2093 2698 2334 2757 oprratttr
2354 2731 2384 2752 ν
2422 2691 2663 2758 patientia
2710 2708 2835 2745 rem.
2868 2694 3231 2760 probationem,
3293 2699 3520 2767 probatio
3574 2716 3689 2754 vero

2092 2797 2248 2848 spritu
2306 2781 2482 2849 (llam.
2516 2783 2568 2837 5.
2601 2784 2634 2836 5
2687 2784 2766 2853 4).
2819 2785 2882 2838 Et
2921 2785 3058 2839 sicut
3099 2787 3280 2843 lirmas
3305 2791 3525 2844 arbores
3563 2808 3688 2847 ven-

2097 2881 2269 2927 torum
2299 2874 2522 2944 impetus
2552 2877 2756 2930 irruens
2781 2887 2836 2932 et
2862 2877 3092 2948 ttttdiqtte
3116 2881 3324 2949 jactans
3354 2900 3459 2938 non
3489 2886 3686 2952 evellit,

2093 2966 2520 3020 sedsolidiorcs
2565 2979 2615 3022 et
2672 2969 2934 3024 lirniiorcs
2974 2969 3060 3024 his
3110 2973 3408 3028 incursibus
3457 2976 3630 3030 reddit
3671 2994 3685 3030 :

2095 3058 2171 3112 sic
2199 3069 2254 3114 et
2293 3059 2553 3114 animam.~
2569 3071 2806 3116 sanctam
2838 3071 2892 3117 et
2922 3063 3007 3132 pie
3036 3064 3305 3120 viventem
3335 3069 3688 3123 tentatitmtuu

2095 3149 2340 3204 incursus
2384 3162 2436 3206 et
2483 3152 2908 3218 tribulationum,
2966 3173 3071 3210 non
3122 3160 3490 3228 supplantant,
3531 3171 3690 3231 atque

2095 3245 2256 3299 etiam
2283 3245 2362 3298 .ad
2383 3246 2656 3316 majorem
2693 3248 2997 3316 patientiam
3025 3250 3246 3308 incitant
3279 3253 3684 3309 :sicnttet'ln-a»

2097 3347 2207 3390 tum
2251 3337 2352 3392 Job
2395 3338 2811 3407 splendidionem
2857 3351 2911 3396 et
2953 3345 3412 3399 venerabilioretn
3441 3346 3688 3401 reddide~

2098 3440 2240 3482 runt.
2290 3429 2444 3485 Nunc
2491 3430 2649 3501 igitur
2689 3433 2843 3488 nobis
2889 3435 3103 3503 quidem
3142 3436 3304 3490 homo
3340 3437 3604 3504 irascitur,
3637 3451 3690 3494 et

2097 3519 2258 3573 homo
2295 3521 2481 3576 iisdem
2519 3525 2856 3592 passionibus
2886 3526 3170 3592 obnoxius,
3214 3529 3485 3598 similique
3511 3532 3688 3584 anima

2099 3612 2370 3682 praeditus,
2411 3626 2464 3666 et
2502 3615 2802 3679 titmtituus;
2851 3626 2975 3671 tunc
3001 3627 3176 3671 autent
3219 3620 3308 3675 ille
3339 3620 3547 3674 dazmou
3581 3639 3690 3675 ma-

2100 3703 2271 3773 lignus
2313 3715 2366 3758 ct
2407 3704 2550 3759 ferus
2596 3716 2711 3760 erat
2756 3708 2942 3771 iratus,
2991 3725 3090 3762 nec
3139 3710 3453 3780 simpliciter
3489 3712 3688 3768 irasce-

2095 3795 2271 3856 batur,
2325 3797 2420 3852 scd
2471 3814 2658 3853 onmcs
2708 3800 2957 3855 movebat
3009 3813 3174 3869 artes,
3229 3819 3548 3874 omnemque
3592 3807 3687 3861 ad.

2100 3886 2314 3942 bibebat
2365 3891 2675 3955 versutiam,
2714 3901 2766 3945 ct
2810 3908 2907 3947 nec
2948 3894 3015 3947 ita
3059 3896 3270 3964 quidem
3307 3899 3434 3966 jUsli
3481 3897 3690 3954 fortitu.

2097 3979 2277 4034 dinem
2309 3983 2595 4050 superavit.
2632 3983 2694 4037 Et
2722 3983 2807 4039 bic
2830 3985 3041 4055 quidem
3071 4003 3191 4041 cum
3221 3989 3379 4042 homo
3409 3991 3498 4055 sit,
3545 4008 3688 4046 nunc

2099 4073 2366 4138 irascitur,
2416 4091 2554 4130 nunc
2596 4079 2929 4144 conciliatur,
2975 4089 3030 4133 et
3067 4089 3242 4135 tamen
3273 4082 3461 4138 timore
3497 4087 3690 4140 mortui

2099 4179 2302 4220 sumust
2369 4167 2520 4221 Tunc
2571 4185 2707 4222 vero
2745 4169 2988 4225 diabolus
3031 4182 3146 4225 erat
3199 4173 3532 4243 impugnans,
3599 4178 3688 4244 qui

2101 4274 2386 4326 numquam
2442 4259 2716 4312 hominum
2763 4271 2964 4314 natura:
3001 4262 3335 4329 conciliatur,
3364 4265 3458 4319 sed
3492 4265 3688 4321 bellttm

2100 4349 2216 4402 sine
2260 4349 2484 4414 findere,
2517 4360 2570 4404 et
2604 4367 2831 4420 pugnant
2868 4353 2984 4405 sine
3015 4352 3242 4409 induciis
3278 4357 3460 4423 generi
3508 4369 3692 4418 nostro

2102 4443 2310 4504 indixit,
2339 4451 2392 4497 et
2423 4453 2597 4497 tamen
2632 4443 2796 4512 ipsius
2821 4449 3043 4514 sagittas
3063 4446 3241 4516 justus
3270 4447 3477 4503 derisit.
3520 4453 3690 4516 Quam

2104 4536 2263 4597 igitur
2293 4551 2390 4588 nos
2425 4537 2847 4598 excusationem,
2890 4538 2973 4590 vel
3010 4539 3220 4607 qualem
3248 4542 3455 4594 veniam
3498 4541 3692 4596 habere

2103 4641 2407 4695 possumus,
2455 4626 2740 4681 humanam
2791 4630 3139 4685 tentatiouem
3172 4649 3277 4686 non
3320 4633 3569 4699 ferentes,
3603 4635 3690 4702 qui

2105 4726 2381 4784 tantopere
2429 4718 2479 4771 in
2529 4721 2694 4787 gratia
2744 4719 3200 4791 philos0pliaumr,
3249 4740 3369 4777 cum
3422 4725 3512 4777 ille
3561 4735 3686 4779 ante

2107 4813 2354 4879 gratiam.
2397 4823 2452 4864 et
2500 4813 2550 4864 in
2589 4814 2750 4867 veteri
2793 4813 3140 4870 Testamento
3169 4817 3299 4870 illud
3349 4827 3471 4871 tam-
3506 4817 3692 4872 intole-

2105 4904 2271 4958 rabile
2300 4904 2498 4959 bellum
2531 4920 2790 4974 generose
2821 4907 3046 4960 tulerit?

2176 4996 2320 5050 Bona
2359 4997 2572 5051 mutatio
2611 5014 2676 5051 ex
2715 4999 3006 5052 calamitate
3043 5009 3210 5068 parta.
3245 5029 3315 5039 —-
3343 4999 3468 5053 llt-c
3512 5001 3690 5071 igitur,

2103 5089 2301 5154 dilecti,
2337 5104 2550 5158 semper
2587 5088 2724 5143 inter
2745 5104 2843 5142 nos
2871 5089 3214 5155 disseramug
3254 5099 3309 5142 et
3333 5105 3424 5158 per
3457 5090 3554 5144 hos
3583 5107 3696 5146 ser-

2108 5196 2293 5234 mones
2337 5196 2434 5235 nos
2480 5181 2626 5248 ipsos
2665 5181 3028 5234 exhortemur.
3098 5180 3304 5234 Etenim
3364 5198 3458 5235 vos
3509 5195 3693 5249 testes,

2103 5275 2536 5342 C'IllSCicllliitqll'c
2582 5285 2789 5337 vestra,
2837 5283 3090 5343 quantum
3140 5290 3205 5329 ex
3251 5276 3349 5329 hac
3403 5277 3697 5333 tentationc

2106 5366 2346 5418 utilitatis
2385 5366 2748 5420 habuerimus.
2785 5367 3082 5419 Dissolutus
3134 5368 3278 5421 enim
3311 5370 3588 5425 modestus
3621 5372 3696 5425 fa-

2105 5467 2221 5511 ctus
2249 5467 2351 5519 est,
2385 5457 2535 5511 ferox
2565 5457 2867 5525 humanior,
2897 5457 3073 5525 segnis
3099 5459 3400 5514 studiosus:
3431 5463 3518 5531 qui
3543 5479 3695 5516 mun-

2104 5566 2263 5618 quam
2292 5548 2571 5603 ecclesiam
2601 5547 2861 5613 viderant,
2891 5549 2982 5602 sed
3021 5559 3159 5604 totos
3182 5553 3233 5604 iu
3261 5553 3478 5606 theatris
3507 5569 3693 5623 ev‘ge-

2106 5644 2231 5697 bant
2257 5642 2392 5709 dies,
2435 5658 2572 5697 nunc
2601 5644 2652 5696 in
2679 5643 2901 5697 ecclesia
2935 5653 3040 5697 tota
3083 5646 3170 5698 die
3215 5656 3506 5700 morantur.
3559 5647 3688 5700 l'ro-

2108 5745 2360 5803 ptereanc
2413 5733 2570 5804 igitur
2595 5734 2765 5799 doles,
2809 5737 2949 5804 quod
2983 5747 3031 5788 te
3073 5736 3294 5804 probum
3329 5739 3514 5788 timore
3555 5736 3692 5789 Deus

2106 5825 2334 5882 reddidit
2353 5828 2384 5881 ‘l-
2421 5827 2561 5899 quod
2610 5837 2662 5884 te
2709 5843 2803 5898 per
2839 5829 3235 5885 tribulationem
3281 5827 3344 5882 ad
3377 5839 3477 5881 tuae
3507 5828 3688 5884 saluti:
