  <div class='ocr_page' id='page_1' title='image "/cluster/home/n/w/nwhite01/storage/ocr_20150623/49/hvd.32044054086806/063.png"; bbox 0 0 4074 6218; ppageno 0'>
   <div class='ocr_carea' id='block_1_1' title="bbox 393 352 1998 419">
    <p class='ocr_par' dir='ltr' id='par_1_1' title="bbox 393 353 1988 419">
     <span class='ocr_line' id='line_1_1' title="bbox 393 353 1988 419; baseline -0.006 -1"><span class='ocrx_word' id='word_1_1' title='bbox 393 362 465 419; x_wconf 70' lang='lat'><strong>63</strong></span> <span class='ocrx_word' id='word_1_2' title='bbox 1102 359 1163 416; x_wconf 84' lang='lat' dir='ltr'><strong>S.</strong></span> <span class='ocrx_word' id='word_1_3' title='bbox 1191 356 1470 415; x_wconf 63' lang='lat' dir='ltr'><strong>JOANNIS</strong></span> <span class='ocrx_word' id='word_1_4' title='bbox 1507 353 1988 412; x_wconf 64' lang='lat' dir='ltr'><strong>CHRYSOSTOMI</strong></span> 
     </span>
    </p>
   </div>
   <div class='ocr_carea' id='block_1_2' title="bbox 2102 352 3694 419">
    <p class='ocr_par' dir='ltr' id='par_1_2' title="bbox 2102 352 3694 410">
     <span class='ocr_line' id='line_1_2' title="bbox 2102 352 3694 410; baseline 0 -4"><span class='ocrx_word' id='word_1_5' title='bbox 2102 352 2342 407; x_wconf 63' lang='lat' dir='ltr'><strong>lClill&#39;IP.</strong></span> <span class='ocrx_word' id='word_1_6' title='bbox 2382 352 2513 407; x_wconf 61' lang='lat' dir='ltr'><strong>COS</strong></span> <span class='ocrx_word' id='word_1_7' title='bbox 2523 352 2908 410; x_wconf 63' lang='lat' dir='ltr'><strong>5TANTLVOP.</strong></span> <span class='ocrx_word' id='word_1_8' title='bbox 3621 353 3694 407; x_wconf 54' lang='lat' dir='ltr'><strong>(it</strong></span> 
     </span>
    </p>
   </div>
   <div class='ocr_carea' id='block_1_3' title="bbox 395 469 1990 544">
    <p class='ocr_par' dir='ltr' id='par_1_3' title="bbox 395 469 1990 544">
     <span class='ocr_line' id='line_1_3' title="bbox 395 469 1990 544; baseline -0.006 -15"><span class='ocrx_word' id='word_1_9' title='bbox 395 491 613 530; x_wconf 79' lang='lat' dir='ltr'><strong>sensum</strong></span> <span class='ocrx_word' id='word_1_10' title='bbox 658 472 950 544; x_wconf 81' lang='lat' dir='ltr'><strong>perduxit?</strong></span> <span class='ocrx_word' id='word_1_11' title='bbox 997 472 1105 528; x_wconf 87' lang='lat' dir='ltr'><strong>Sed</strong></span> <span class='ocrx_word' id='word_1_12' title='bbox 1161 482 1443 542; x_wconf 86' lang='lat' dir='ltr'><strong>torquetur</strong></span> <span class='ocrx_word' id='word_1_13' title='bbox 1487 469 1811 523; x_wconf 83' lang='lat' dir='ltr'><strong>conscientia</strong></span> <span class='ocrx_word' id='word_1_14' title='bbox 1864 469 1990 520; x_wconf 80' lang='lat' dir='ltr'><strong>tua?</strong></span> 
     </span>
    </p>
   </div>
   <div class='ocr_carea' id='block_1_4' title="bbox 396 567 1990 638">
    <p class='ocr_par' dir='ltr' id='par_1_4' title="bbox 396 567 1990 638">
     <span class='ocr_line' id='line_1_4' title="bbox 396 567 1990 638; baseline -0.004 -15"><span class='ocrx_word' id='word_1_15' title='bbox 396 573 493 623; x_wconf 86' lang='lat' dir='ltr'><strong>sed</strong></span> <span class='ocrx_word' id='word_1_16' title='bbox 517 567 752 638; x_wconf 82' lang='lat' dir='ltr'><strong>quotidie</strong></span> <span class='ocrx_word' id='word_1_17' title='bbox 780 567 1086 636; x_wconf 70' lang='lat' dir='ltr'><strong>percellitur</strong></span> <span class='ocrx_word' id='word_1_18' title='bbox 1111 581 1262 621; x_wconf 86' lang='lat' dir='ltr'><strong>mens</strong></span> <span class='ocrx_word' id='word_1_19' title='bbox 1287 577 1376 619; x_wconf 89' lang='lat' dir='ltr'><strong>tua</strong></span> <span class='ocrx_word' id='word_1_20' title='bbox 1412 574 1641 619; x_wconf 89' lang='lat' dir='ltr'><strong>mortem</strong></span> <span class='ocrx_word' id='word_1_21' title='bbox 1671 571 1990 632; x_wconf 73' lang='lat' dir='ltr'><strong>exSpectans</strong></span> 
     </span>
    </p>
   </div>
   <div class='ocr_carea' id='block_1_5' title="bbox 398 653 1990 725">
    <p class='ocr_par' dir='ltr' id='par_1_5' title="bbox 398 653 1990 725">
     <span class='ocr_line' id='line_1_5' title="bbox 398 653 1990 725; baseline -0.006 -11"><span class='ocrx_word' id='word_1_22' title='bbox 398 671 452 714; x_wconf 87' lang='lat' dir='ltr'><strong>et</strong></span> <span class='ocrx_word' id='word_1_23' title='bbox 491 661 662 714; x_wconf 86' lang='lat' dir='ltr'><strong>minas</strong></span> <span class='ocrx_word' id='word_1_24' title='bbox 693 659 993 712; x_wconf 82' lang='lat' dir='ltr'><strong>maximas?</strong></span> <span class='ocrx_word' id='word_1_25' title='bbox 1031 660 1102 711; x_wconf 71' lang='lat' dir='ltr'><strong>At</strong></span> <span class='ocrx_word' id='word_1_26' title='bbox 1131 657 1253 712; x_wconf 80' lang='lat' dir='ltr'><strong>hinc</strong></span> <span class='ocrx_word' id='word_1_27' title='bbox 1274 671 1485 725; x_wconf 88' lang='lat' dir='ltr'><strong>quoque</strong></span> <span class='ocrx_word' id='word_1_28' title='bbox 1512 656 1666 709; x_wconf 85' lang='lat' dir='ltr'><strong>nobis</strong></span> <span class='ocrx_word' id='word_1_29' title='bbox 1696 669 1883 723; x_wconf 83' lang='lat' dir='ltr'><strong>magna</strong></span> <span class='ocrx_word' id='word_1_30' title='bbox 1923 653 1990 705; x_wconf 87' lang='lat' dir='ltr'><strong>ad</strong></span> 
     </span>
    </p>
   </div>
   <div class='ocr_carea' id='block_1_6' title="bbox 397 744 1989 815">
    <p class='ocr_par' dir='ltr' id='par_1_6' title="bbox 397 744 1989 815">
     <span class='ocr_line' id='line_1_6' title="bbox 397 744 1989 815; baseline -0.004 -13"><span class='ocrx_word' id='word_1_31' title='bbox 397 751 648 804; x_wconf 84' lang='lat' dir='ltr'><strong>virtutem</strong></span> <span class='ocrx_word' id='word_1_32' title='bbox 673 751 909 804; x_wconf 79' lang='lat' dir='ltr'><strong>accessio</strong></span> <span class='ocrx_word' id='word_1_33' title='bbox 939 751 1064 812; x_wconf 87' lang='lat' dir='ltr'><strong>erit,</strong></span> <span class='ocrx_word' id='word_1_34' title='bbox 1092 758 1369 802; x_wconf 77' lang='lat' dir='ltr'><strong>crescente</strong></span> <span class='ocrx_word' id='word_1_35' title='bbox 1399 748 1549 801; x_wconf 83' lang='lat' dir='ltr'><strong>nobis</strong></span> <span class='ocrx_word' id='word_1_36' title='bbox 1580 760 1671 815; x_wconf 83' lang='lat' dir='ltr'><strong>per</strong></span> <span class='ocrx_word' id='word_1_37' title='bbox 1693 744 1989 814; x_wconf 76' lang='lat' dir='ltr'><strong>angustiam</strong></span> 
     </span>
    </p>
   </div>
   <div class='ocr_carea' id='block_1_7' title="bbox 396 836 1991 908">
    <p class='ocr_par' dir='ltr' id='par_1_7' title="bbox 396 836 1991 908">
     <span class='ocr_line' id='line_1_7' title="bbox 396 836 1991 908; baseline -0.005 -12"><span class='ocrx_word' id='word_1_38' title='bbox 396 841 677 908; x_wconf 78' lang='lat' dir='ltr'><strong>l’eligione.</strong></span> <span class='ocrx_word' id='word_1_39' title='bbox 723 841 902 894; x_wconf 80' lang='lat' dir='ltr'><strong>Potest</strong></span> <span class='ocrx_word' id='word_1_40' title='bbox 941 842 1082 894; x_wconf 88' lang='lat' dir='ltr'><strong>enim</strong></span> <span class='ocrx_word' id='word_1_41' title='bbox 1130 841 1269 893; x_wconf 87' lang='lat' dir='ltr'><strong>Deus</strong></span> <span class='ocrx_word' id='word_1_42' title='bbox 1304 841 1485 892; x_wconf 89' lang='lat' dir='ltr'><strong>omnia</strong></span> <span class='ocrx_word' id='word_1_43' title='bbox 1521 839 1700 907; x_wconf 81' lang='lat' dir='ltr'><strong>gravia</strong></span> <span class='ocrx_word' id='word_1_44' title='bbox 1744 837 1842 890; x_wconf 81' lang='lat' dir='ltr'><strong>hac</strong></span> <span class='ocrx_word' id='word_1_45' title='bbox 1878 836 1991 905; x_wconf 81' lang='lat' dir='ltr'><strong>ipsa</strong></span> 
     </span>
    </p>
   </div>
   <div class='ocr_carea' id='block_1_8' title="bbox 396 929 1991 1002">
    <p class='ocr_par' dir='ltr' id='par_1_8' title="bbox 396 929 1991 1002">
     <span class='ocr_line' id='line_1_8' title="bbox 396 929 1991 1002; baseline -0.001 -18"><span class='ocrx_word' id='word_1_46' title='bbox 396 932 485 985; x_wconf 89' lang='lat' dir='ltr'><strong>die</strong></span> <span class='ocrx_word' id='word_1_47' title='bbox 536 933 764 996; x_wconf 83' lang='lat' dir='ltr'><strong>solvere,</strong></span> <span class='ocrx_word' id='word_1_48' title='bbox 808 933 902 986; x_wconf 88' lang='lat' dir='ltr'><strong>sed</strong></span> <span class='ocrx_word' id='word_1_49' title='bbox 935 934 1106 986; x_wconf 84' lang='lat' dir='ltr'><strong>donec</strong></span> <span class='ocrx_word' id='word_1_50' title='bbox 1137 948 1235 985; x_wconf 90' lang='lat' dir='ltr'><strong>nos</strong></span> <span class='ocrx_word' id='word_1_51' title='bbox 1273 942 1524 1002; x_wconf 87' lang='lat' dir='ltr'><strong>purgatos</strong></span> <span class='ocrx_word' id='word_1_52' title='bbox 1571 930 1771 994; x_wconf 86' lang='lat' dir='ltr'><strong>videat,</strong></span> <span class='ocrx_word' id='word_1_53' title='bbox 1817 929 1991 982; x_wconf 82' lang='lat' dir='ltr'><strong>donec</strong></span> 
     </span>
    </p>
   </div>
   <div class='ocr_carea' id='block_1_9' title="bbox 397 1022 1991 1090">
    <p class='ocr_par' dir='ltr' id='par_1_9' title="bbox 397 1022 1991 1090">
     <span class='ocr_line' id='line_1_9' title="bbox 397 1022 1991 1090; baseline -0.002 -15"><span class='ocrx_word' id='word_1_54' title='bbox 397 1024 575 1078; x_wconf 81' lang='lat' dir='ltr'><strong>videat</strong></span> <span class='ocrx_word' id='word_1_55' title='bbox 620 1024 811 1078; x_wconf 75' lang='lat' dir='ltr'><strong>factam</strong></span> <span class='ocrx_word' id='word_1_56' title='bbox 846 1025 1270 1085; x_wconf 72' lang='lat' dir='ltr'><strong>conversionem,</strong></span> <span class='ocrx_word' id='word_1_57' title='bbox 1301 1032 1356 1077; x_wconf 89' lang='lat' dir='ltr'><strong>et</strong></span> <span class='ocrx_word' id='word_1_58' title='bbox 1383 1022 1750 1090; x_wconf 74' lang='lat' dir='ltr'><strong>pmnitentiam</strong></span> <span class='ocrx_word' id='word_1_59' title='bbox 1784 1023 1991 1074; x_wconf 88' lang='lat' dir='ltr'><strong>lirmam</strong></span> 
     </span>
    </p>
   </div>
   <div class='ocr_carea' id='block_1_10' title="bbox 397 1113 1990 1179">
    <p class='ocr_par' dir='ltr' id='par_1_10' title="bbox 397 1113 1990 1179">
     <span class='ocr_line' id='line_1_10' title="bbox 397 1113 1990 1179; baseline -0.003 -10"><span class='ocrx_word' id='word_1_60' title='bbox 397 1128 452 1170; x_wconf 89' lang='lat' dir='ltr'><strong>et</strong></span> <span class='ocrx_word' id='word_1_61' title='bbox 480 1119 867 1179; x_wconf 70' lang='lat' dir='ltr'><strong>lliCOlttfllSS’lnl,</strong></span> <span class='ocrx_word' id='word_1_62' title='bbox 915 1134 1017 1169; x_wconf 84' lang='lat' dir='ltr'><strong>non</strong></span> <span class='ocrx_word' id='word_1_63' title='bbox 1057 1116 1300 1169; x_wconf 78' lang='lat' dir='ltr'><strong>dissolvit</strong></span> <span class='ocrx_word' id='word_1_64' title='bbox 1339 1116 1754 1168; x_wconf 79' lang='lat' dir='ltr'><strong>tribulationem.</strong></span> <span class='ocrx_word' id='word_1_65' title='bbox 1782 1113 1990 1167; x_wconf 82' lang='lat' dir='ltr'><strong>Etenim</strong></span> 
     </span>
    </p>
   </div>
   <div class='ocr_carea' id='block_1_11' title="bbox 398 1205 1993 1276">
    <p class='ocr_par' dir='ltr' id='par_1_11' title="bbox 398 1205 1993 1276">
     <span class='ocr_line' id='line_1_11' title="bbox 398 1205 1993 1276; baseline -0.002 -16"><span class='ocrx_word' id='word_1_66' title='bbox 398 1211 600 1262; x_wconf 76' lang='lat' dir='ltr'><strong>aurifex</strong></span> <span class='ocrx_word' id='word_1_67' title='bbox 630 1210 797 1262; x_wconf 78' lang='lat' dir='ltr'><strong>donec</strong></span> <span class='ocrx_word' id='word_1_68' title='bbox 823 1225 1008 1261; x_wconf 84' lang='lat' dir='ltr'><strong>nurum</strong></span> <span class='ocrx_word' id='word_1_69' title='bbox 1039 1209 1175 1261; x_wconf 87' lang='lat' dir='ltr'><strong>bene</strong></span> <span class='ocrx_word' id='word_1_70' title='bbox 1203 1217 1484 1276; x_wconf 87' lang='lat' dir='ltr'><strong>purgatum</strong></span> <span class='ocrx_word' id='word_1_71' title='bbox 1514 1206 1723 1262; x_wconf 68' lang='lat' dir='ltr'><strong>viderit.</strong></span> <span class='ocrx_word' id='word_1_72' title='bbox 1762 1205 1830 1259; x_wconf 89' lang='lat' dir='ltr'><strong>de</strong></span> <span class='ocrx_word' id='word_1_73' title='bbox 1865 1219 1993 1258; x_wconf 77' lang='lat' dir='ltr'><strong>con-</strong></span> 
     </span>
    </p>
   </div>
   <div class='ocr_carea' id='block_1_12' title="bbox 401 1295 1994 1354">
    <p class='ocr_par' dir='ltr' id='par_1_12' title="bbox 401 1295 1994 1354">
     <span class='ocr_line' id='line_1_12' title="bbox 401 1295 1994 1354; baseline -0.004 0"><span class='ocrx_word' id='word_1_74' title='bbox 401 1299 614 1354; x_wconf 81' lang='lat' dir='ltr'><strong>ﬂatorio</strong></span> <span class='ocrx_word' id='word_1_75' title='bbox 639 1317 742 1352; x_wconf 90' lang='lat' dir='ltr'><strong>non</strong></span> <span class='ocrx_word' id='word_1_76' title='bbox 771 1300 1004 1353; x_wconf 78' lang='lat' dir='ltr'><strong>extrahit</strong></span> <span class='ocrx_word' id='word_1_77' title='bbox 1036 1316 1048 1351; x_wconf 92' lang='lat'><strong>:</strong></span> <span class='ocrx_word' id='word_1_78' title='bbox 1083 1299 1160 1351; x_wconf 86' lang='lat' dir='ltr'><strong>sic</strong></span> <span class='ocrx_word' id='word_1_79' title='bbox 1189 1308 1242 1352; x_wconf 90' lang='lat' dir='ltr'><strong>et</strong></span> <span class='ocrx_word' id='word_1_80' title='bbox 1281 1297 1426 1351; x_wconf 81' lang='lat' dir='ltr'><strong>Deus</strong></span> <span class='ocrx_word' id='word_1_81' title='bbox 1469 1313 1572 1349; x_wconf 81' lang='lat' dir='ltr'><strong>non</strong></span> <span class='ocrx_word' id='word_1_82' title='bbox 1602 1296 1819 1349; x_wconf 88' lang='lat' dir='ltr'><strong>abducit</strong></span> <span class='ocrx_word' id='word_1_83' title='bbox 1856 1295 1994 1348; x_wconf 77' lang='lat' dir='ltr'><strong>lmnc</strong></span> 
     </span>
    </p>
   </div>
   <div class='ocr_carea' id='block_1_13' title="bbox 402 1387 1989 1457">
    <p class='ocr_par' dir='ltr' id='par_1_13' title="bbox 402 1387 1989 1457">
     <span class='ocr_line' id='line_1_13' title="bbox 402 1387 1989 1457; baseline -0.004 -11"><span class='ocrx_word' id='word_1_84' title='bbox 402 1393 619 1454; x_wconf 85' lang='lat' dir='ltr'><strong>tmbem,</strong></span> <span class='ocrx_word' id='word_1_85' title='bbox 660 1390 834 1444; x_wconf 88' lang='lat' dir='ltr'><strong>donec</strong></span> <span class='ocrx_word' id='word_1_86' title='bbox 874 1404 970 1442; x_wconf 87' lang='lat' dir='ltr'><strong>nos</strong></span> <span class='ocrx_word' id='word_1_87' title='bbox 1019 1391 1228 1457; x_wconf 84' lang='lat' dir='ltr'><strong>penitus</strong></span> <span class='ocrx_word' id='word_1_88' title='bbox 1266 1388 1649 1442; x_wconf 70' lang='lat' dir='ltr'><strong>emetalaveril.</strong></span> <span class='ocrx_word' id='word_1_89' title='bbox 1701 1387 1800 1455; x_wconf 82' lang='lat' dir='ltr'><strong>Qui</strong></span> <span class='ocrx_word' id='word_1_90' title='bbox 1847 1387 1989 1441; x_wconf 85' lang='lat' dir='ltr'><strong>enim</strong></span> 
     </span>
    </p>
   </div>
   <div class='ocr_carea' id='block_1_14' title="bbox 402 1478 1992 1550">
    <p class='ocr_par' dir='ltr' id='par_1_14' title="bbox 402 1478 1992 1550">
     <span class='ocr_line' id='line_1_14' title="bbox 402 1478 1992 1550; baseline -0.005 -12"><span class='ocrx_word' id='word_1_91' title='bbox 402 1483 748 1539; x_wconf 84' lang='lat' dir='ltr'><strong>tentationem</strong></span> <span class='ocrx_word' id='word_1_92' title='bbox 781 1481 1042 1550; x_wconf 80' lang='lat' dir='ltr'><strong>permisit,</strong></span> <span class='ocrx_word' id='word_1_93' title='bbox 1093 1481 1206 1549; x_wconf 84' lang='lat' dir='ltr'><strong>ipse</strong></span> <span class='ocrx_word' id='word_1_94' title='bbox 1247 1480 1393 1532; x_wconf 91' lang='lat' dir='ltr'><strong>novit</strong></span> <span class='ocrx_word' id='word_1_95' title='bbox 1436 1490 1489 1533; x_wconf 89' lang='lat' dir='ltr'><strong>et</strong></span> <span class='ocrx_word' id='word_1_96' title='bbox 1534 1480 1840 1532; x_wconf 84' lang='lat' dir='ltr'><strong>tentationis</strong></span> <span class='ocrx_word' id='word_1_97' title='bbox 1880 1478 1992 1531; x_wconf 82' lang='lat' dir='ltr'><strong>sol-</strong></span> 
     </span>
    </p>
   </div>
   <div class='ocr_carea' id='block_1_15' title="bbox 407 1571 1996 1643">
    <p class='ocr_par' dir='ltr' id='par_1_15' title="bbox 407 1571 1996 1643">
     <span class='ocr_line' id='line_1_15' title="bbox 407 1571 1996 1643; baseline -0.003 -15"><span class='ocrx_word' id='word_1_98' title='bbox 407 1576 593 1630; x_wconf 64' lang='lat' dir='ltr'><strong>\‘etid;e</strong></span> <span class='ocrx_word' id='word_1_99' title='bbox 645 1583 877 1643; x_wconf 84' lang='lat' dir='ltr'><strong>tempus.</strong></span> <span class='ocrx_word' id='word_1_100' title='bbox 920 1573 987 1626; x_wconf 86' lang='lat' dir='ltr'><strong>Et</strong></span> <span class='ocrx_word' id='word_1_101' title='bbox 1028 1573 1163 1626; x_wconf 81' lang='lat' dir='ltr'><strong>sicut</strong></span> <span class='ocrx_word' id='word_1_102' title='bbox 1192 1571 1520 1626; x_wconf 71' lang='lat' dir='ltr'><strong>citharmdus</strong></span> <span class='ocrx_word' id='word_1_103' title='bbox 1567 1585 1739 1640; x_wconf 87' lang='lat' dir='ltr'><strong>neque</strong></span> <span class='ocrx_word' id='word_1_104' title='bbox 1772 1585 1996 1624; x_wconf 85' lang='lat' dir='ltr'><strong>nervum</strong></span> 
     </span>
    </p>
   </div>
   <div class='ocr_carea' id='block_1_16' title="bbox 400 1661 1997 1732">
    <p class='ocr_par' dir='ltr' id='par_1_16' title="bbox 400 1661 1997 1732">
     <span class='ocr_line' id='line_1_16' title="bbox 400 1661 1997 1732; baseline -0.006 -10"><span class='ocrx_word' id='word_1_105' title='bbox 400 1667 648 1730; x_wconf 81' lang='lat' dir='ltr'><strong>intendit,</strong></span> <span class='ocrx_word' id='word_1_106' title='bbox 690 1679 749 1719; x_wconf 85' lang='lat' dir='ltr'><strong>ut</strong></span> <span class='ocrx_word' id='word_1_107' title='bbox 775 1680 883 1719; x_wconf 89' lang='lat' dir='ltr'><strong>non</strong></span> <span class='ocrx_word' id='word_1_108' title='bbox 909 1665 1209 1732; x_wconf 80' lang='lat' dir='ltr'><strong>abrumpat,</strong></span> <span class='ocrx_word' id='word_1_109' title='bbox 1256 1679 1427 1732; x_wconf 88' lang='lat' dir='ltr'><strong>neque</strong></span> <span class='ocrx_word' id='word_1_110' title='bbox 1453 1662 1676 1715; x_wconf 82' lang='lat' dir='ltr'><strong>remittit</strong></span> <span class='ocrx_word' id='word_1_111' title='bbox 1705 1661 1842 1714; x_wconf 90' lang='lat' dir='ltr'><strong>ultra</strong></span> <span class='ocrx_word' id='word_1_112' title='bbox 1882 1675 1997 1713; x_wconf 79' lang='lat' dir='ltr'><strong>mo-</strong></span> 
     </span>
    </p>
   </div>
   <div class='ocr_carea' id='block_1_17' title="bbox 403 1751 1997 1821">
    <p class='ocr_par' dir='ltr' id='par_1_17' title="bbox 403 1751 1997 1821">
     <span class='ocr_line' id='line_1_17' title="bbox 403 1751 1997 1821; baseline -0.005 -9"><span class='ocrx_word' id='word_1_113' title='bbox 403 1759 553 1821; x_wconf 88' lang='lat' dir='ltr'><strong>dmn,</strong></span> <span class='ocrx_word' id='word_1_114' title='bbox 619 1774 688 1812; x_wconf 76' lang='lat' dir='ltr'><strong>ne</strong></span> <span class='ocrx_word' id='word_1_115' title='bbox 729 1757 1022 1810; x_wconf 56' lang='lat' dir='ltr'><strong>barntonige</strong></span> <span class='ocrx_word' id='word_1_116' title='bbox 1063 1765 1380 1810; x_wconf 89' lang='lat' dir='ltr'><strong>concentum</strong></span> <span class='ocrx_word' id='word_1_117' title='bbox 1431 1754 1590 1808; x_wconf 79' lang='lat' dir='ltr'><strong>kedat</strong></span> <span class='ocrx_word' id='word_1_118' title='bbox 1623 1770 1637 1806; x_wconf 89' lang='lat'>:</span> <span class='ocrx_word' id='word_1_119' title='bbox 1666 1753 1744 1806; x_wconf 89' lang='lat' dir='ltr'><strong>sic</strong></span> <span class='ocrx_word' id='word_1_120' title='bbox 1772 1761 1826 1805; x_wconf 90' lang='lat' dir='ltr'><strong>et</strong></span> <span class='ocrx_word' id='word_1_121' title='bbox 1855 1751 1997 1806; x_wconf 87' lang='lat' dir='ltr'><strong>Deus</strong></span> 
     </span>
    </p>
   </div>
   <div class='ocr_carea' id='block_1_18' title="bbox 401 1841 1998 1920">
    <p class='ocr_par' dir='ltr' id='par_1_18' title="bbox 401 1841 1998 1920">
     <span class='ocr_line' id='line_1_18' title="bbox 401 1841 1998 1920; baseline -0.006 -16"><span class='ocrx_word' id='word_1_122' title='bbox 401 1851 528 1920; x_wconf 80' lang='lat' dir='ltr'><strong>agit,</strong></span> <span class='ocrx_word' id='word_1_123' title='bbox 564 1865 734 1917; x_wconf 90' lang='lat' dir='ltr'><strong>neque</strong></span> <span class='ocrx_word' id='word_1_124' title='bbox 758 1848 812 1901; x_wconf 91' lang='lat' dir='ltr'><strong>in</strong></span> <span class='ocrx_word' id='word_1_125' title='bbox 842 1848 1161 1902; x_wconf 89' lang='lat' dir='ltr'><strong>remissione</strong></span> <span class='ocrx_word' id='word_1_126' title='bbox 1189 1847 1463 1907; x_wconf 89' lang='lat' dir='ltr'><strong>continua,</strong></span> <span class='ocrx_word' id='word_1_127' title='bbox 1510 1859 1609 1898; x_wconf 89' lang='lat' dir='ltr'><strong>nec</strong></span> <span class='ocrx_word' id='word_1_128' title='bbox 1636 1845 1686 1897; x_wconf 93' lang='lat' dir='ltr'><strong>in</strong></span> <span class='ocrx_word' id='word_1_129' title='bbox 1715 1844 1868 1912; x_wconf 83' lang='lat' dir='ltr'><strong>longa</strong></span> <span class='ocrx_word' id='word_1_130' title='bbox 1905 1841 1998 1895; x_wconf 84' lang='lat' dir='ltr'><strong>tri-</strong></span> 
     </span>
    </p>
   </div>
   <div class='ocr_carea' id='block_1_19' title="bbox 402 1932 1998 1999">
    <p class='ocr_par' dir='ltr' id='par_1_19' title="bbox 402 1932 1998 1999">
     <span class='ocr_line' id='line_1_19' title="bbox 402 1932 1998 1999; baseline -0.008 -3"><span class='ocrx_word' id='word_1_131' title='bbox 402 1942 676 1996; x_wconf 85' lang='lat' dir='ltr'><strong>bulatione</strong></span> <span class='ocrx_word' id='word_1_132' title='bbox 728 1948 963 1992; x_wconf 76' lang='lat' dir='ltr'><strong>nostram</strong></span> <span class='ocrx_word' id='word_1_133' title='bbox 1033 1937 1311 1992; x_wconf 82' lang='lat' dir='ltr'><strong>constituit</strong></span> <span class='ocrx_word' id='word_1_134' title='bbox 1361 1936 1628 1999; x_wconf 87' lang='lat' dir='ltr'><strong>animam,</strong></span> <span class='ocrx_word' id='word_1_135' title='bbox 1700 1932 1998 1987; x_wconf 87' lang='lat' dir='ltr'><strong>secundum</strong></span> 
     </span>
    </p>
   </div>
   <div class='ocr_carea' id='block_1_20' title="bbox 400 2026 1996 2103">
    <p class='ocr_par' dir='ltr' id='par_1_20' title="bbox 400 2026 1996 2103">
     <span class='ocr_line' id='line_1_20' title="bbox 400 2026 1996 2103; baseline -0.008 -12"><span class='ocrx_word' id='word_1_136' title='bbox 400 2052 553 2091; x_wconf 83' lang='lat' dir='ltr'><strong>suam</strong></span> <span class='ocrx_word' id='word_1_137' title='bbox 593 2032 926 2103; x_wconf 87' lang='lat' dir='ltr'><strong>prudentiam</strong></span> <span class='ocrx_word' id='word_1_138' title='bbox 978 2040 1260 2099; x_wconf 84' lang='lat' dir='ltr'><strong>utrumque</strong></span> <span class='ocrx_word' id='word_1_139' title='bbox 1291 2028 1491 2082; x_wconf 77' lang='lat' dir='ltr'><strong>faciens</strong></span> <span class='ocrx_word' id='word_1_140' title='bbox 1523 2044 1537 2080; x_wconf 89' lang='lat'><strong>:</strong></span> <span class='ocrx_word' id='word_1_141' title='bbox 1565 2042 1671 2080; x_wconf 86' lang='lat' dir='ltr'><strong>non</strong></span> <span class='ocrx_word' id='word_1_142' title='bbox 1699 2026 1825 2080; x_wconf 88' lang='lat' dir='ltr'><strong>sinit</strong></span> <span class='ocrx_word' id='word_1_143' title='bbox 1852 2026 1996 2079; x_wconf 87' lang='lat' dir='ltr'><strong>enim</strong></span> 
     </span>
    </p>
   </div>
   <div class='ocr_carea' id='block_1_21' title="bbox 389 2121 1995 2196">
    <p class='ocr_par' dir='ltr' id='par_1_21' title="bbox 389 2121 1995 2196">
     <span class='ocr_line' id='line_1_21' title="bbox 389 2121 1995 2196; baseline -0.006 -13"><span class='ocrx_word' id='word_1_144' title='bbox 389 2143 502 2183; x_wconf 77' lang='lat' dir='ltr'><strong>nos</strong></span> <span class='ocrx_word' id='word_1_145' title='bbox 525 2129 774 2182; x_wconf 85' lang='lat' dir='ltr'><strong>continua</strong></span> <span class='ocrx_word' id='word_1_146' title='bbox 805 2128 958 2196; x_wconf 84' lang='lat' dir='ltr'><strong>poliri</strong></span> <span class='ocrx_word' id='word_1_147' title='bbox 988 2125 1324 2186; x_wconf 82' lang='lat' dir='ltr'><strong>remissione,</strong></span> <span class='ocrx_word' id='word_1_148' title='bbox 1373 2138 1440 2176; x_wconf 89' lang='lat' dir='ltr'><strong>ne</strong></span> <span class='ocrx_word' id='word_1_149' title='bbox 1467 2122 1740 2191; x_wconf 80' lang='lat' dir='ltr'><strong>segniores</strong></span> <span class='ocrx_word' id='word_1_150' title='bbox 1773 2121 1995 2184; x_wconf 87' lang='lat' dir='ltr'><strong>liamus;</strong></span> 
     </span>
    </p>
   </div>
   <div class='ocr_carea' id='block_1_22' title="bbox 401 2213 1996 2278">
    <p class='ocr_par' dir='ltr' id='par_1_22' title="bbox 401 2213 1996 2278">
     <span class='ocr_line' id='line_1_22' title="bbox 401 2213 1996 2278; baseline -0.006 -3"><span class='ocrx_word' id='word_1_151' title='bbox 401 2237 508 2275; x_wconf 89' lang='lat' dir='ltr'><strong>non</strong></span> <span class='ocrx_word' id='word_1_152' title='bbox 541 2220 666 2273; x_wconf 69' lang='lat' dir='ltr'><strong>sinit</strong></span> <span class='ocrx_word' id='word_1_153' title='bbox 685 2229 862 2273; x_wconf 89' lang='lat' dir='ltr'><strong>autem</strong></span> <span class='ocrx_word' id='word_1_154' title='bbox 895 2231 1104 2270; x_wconf 84' lang='lat' dir='ltr'><strong>rursum</strong></span> <span class='ocrx_word' id='word_1_155' title='bbox 1135 2216 1187 2269; x_wconf 91' lang='lat' dir='ltr'><strong>in</strong></span> <span class='ocrx_word' id='word_1_156' title='bbox 1210 2215 1460 2269; x_wconf 84' lang='lat' dir='ltr'><strong>continua</strong></span> <span class='ocrx_word' id='word_1_157' title='bbox 1484 2228 1605 2269; x_wconf 86' lang='lat' dir='ltr'><strong>esse</strong></span> <span class='ocrx_word' id='word_1_158' title='bbox 1633 2213 1996 2278; x_wconf 79' lang='lat' dir='ltr'><strong>tribulatione,</strong></span> 
     </span>
    </p>
   </div>
   <div class='ocr_carea' id='block_1_23' title="bbox 401 2306 1389 2377">
    <p class='ocr_par' dir='ltr' id='par_1_23' title="bbox 401 2306 1389 2377">
     <span class='ocr_line' id='line_1_23' title="bbox 401 2306 1389 2377; baseline -0.007 -11"><span class='ocrx_word' id='word_1_159' title='bbox 401 2327 470 2367; x_wconf 85' lang='lat' dir='ltr'><strong>ne</strong></span> <span class='ocrx_word' id='word_1_160' title='bbox 497 2309 1002 2375; x_wconf 85' lang='lat' dir='ltr'><strong>concidamus,neve</strong></span> <span class='ocrx_word' id='word_1_161' title='bbox 1024 2306 1389 2377; x_wconf 71' lang='lat' dir='ltr'><strong>desperemus.</strong></span> 
     </span>
    </p>
   </div>
   <div class='ocr_carea' id='block_1_24' title="bbox 477 2397 2003 2473">
    <p class='ocr_par' dir='ltr' id='par_1_24' title="bbox 477 2397 2003 2473">
     <span class='ocr_line' id='line_1_24' title="bbox 477 2397 2003 2473; baseline -0.007 -13"><span class='ocrx_word' id='word_1_162' title='bbox 477 2406 530 2460; x_wconf 82' lang='grc'><strong>5.</strong></span> <span class='ocrx_word' id='word_1_163' title='bbox 559 2403 659 2473; x_wconf 86' lang='lat' dir='ltr'><strong>Ipsi</strong></span> <span class='ocrx_word' id='word_1_164' title='bbox 690 2403 848 2473; x_wconf 76' lang='lat' dir='ltr'><strong>igitur</strong></span> <span class='ocrx_word' id='word_1_165' title='bbox 875 2401 1212 2456; x_wconf 88' lang='lat' dir='ltr'><strong>adversitatis</strong></span> <span class='ocrx_word' id='word_1_166' title='bbox 1234 2398 1479 2455; x_wconf 70' lang='lat' dir='ltr'><strong>ﬁnienda:</strong></span> <span class='ocrx_word' id='word_1_167' title='bbox 1499 2407 1709 2468; x_wconf 83' lang='lat' dir='ltr'><strong>tempus</strong></span> <span class='ocrx_word' id='word_1_168' title='bbox 1728 2397 2003 2467; x_wconf 83' lang='lat' dir='ltr'><strong>relinqua-</strong></span> 
     </span>
    </p>
   </div>
   <div class='ocr_carea' id='block_1_25' title="bbox 401 2489 2000 2563">
    <p class='ocr_par' dir='ltr' id='par_1_25' title="bbox 401 2489 2000 2563">
     <span class='ocr_line' id='line_1_25' title="bbox 401 2489 2000 2563; baseline -0.007 -10"><span class='ocrx_word' id='word_1_169' title='bbox 401 2513 544 2563; x_wconf 88' lang='lat' dir='ltr'><strong>mus,</strong></span> <span class='ocrx_word' id='word_1_170' title='bbox 568 2511 666 2551; x_wconf 86' lang='lat' dir='ltr'><strong>nos</strong></span> <span class='ocrx_word' id='word_1_171' title='bbox 687 2511 812 2551; x_wconf 89' lang='lat' dir='ltr'><strong>vero</strong></span> <span class='ocrx_word' id='word_1_172' title='bbox 831 2503 1035 2549; x_wconf 90' lang='lat' dir='ltr'><strong>tantum</strong></span> <span class='ocrx_word' id='word_1_173' title='bbox 1055 2507 1354 2563; x_wconf 89' lang='lat' dir='ltr'><strong>precemur,</strong></span> <span class='ocrx_word' id='word_1_174' title='bbox 1371 2506 1469 2546; x_wconf 92' lang='lat' dir='ltr'><strong>nos</strong></span> <span class='ocrx_word' id='word_1_175' title='bbox 1489 2491 1544 2545; x_wconf 92' lang='lat' dir='ltr'><strong>in</strong></span> <span class='ocrx_word' id='word_1_176' title='bbox 1565 2491 1842 2545; x_wconf 79' lang='lat' dir='ltr'><strong>sanctitate</strong></span> <span class='ocrx_word' id='word_1_177' title='bbox 1858 2489 2000 2544; x_wconf 61' lang='lat' dir='ltr'><strong>viva.</strong></span> 
     </span>
    </p>
   </div>
   <div class='ocr_carea' id='block_1_26' title="bbox 402 2580 2000 2656">
    <p class='ocr_par' dir='ltr' id='par_1_26' title="bbox 402 2580 2000 2656">
     <span class='ocr_line' id='line_1_26' title="bbox 402 2580 2000 2656; baseline -0.006 -14"><span class='ocrx_word' id='word_1_178' title='bbox 402 2603 544 2642; x_wconf 89' lang='lat' dir='ltr'><strong>mus.</strong></span> <span class='ocrx_word' id='word_1_179' title='bbox 570 2585 717 2656; x_wconf 86' lang='lat' dir='ltr'><strong>Opus</strong></span> <span class='ocrx_word' id='word_1_180' title='bbox 735 2585 878 2640; x_wconf 90' lang='lat' dir='ltr'><strong>enim</strong></span> <span class='ocrx_word' id='word_1_181' title='bbox 903 2593 1141 2639; x_wconf 87' lang='lat' dir='ltr'><strong>nostrum</strong></span> <span class='ocrx_word' id='word_1_182' title='bbox 1158 2582 1225 2637; x_wconf 81' lang='lat' dir='ltr'><strong>ad</strong></span> <span class='ocrx_word' id='word_1_183' title='bbox 1252 2581 1502 2636; x_wconf 83' lang='lat' dir='ltr'><strong>virtutem</strong></span> <span class='ocrx_word' id='word_1_184' title='bbox 1524 2581 1736 2643; x_wconf 89' lang='lat' dir='ltr'><strong>mutari,</strong></span> <span class='ocrx_word' id='word_1_185' title='bbox 1758 2580 1849 2633; x_wconf 88' lang='lat' dir='ltr'><strong>Dei</strong></span> <span class='ocrx_word' id='word_1_186' title='bbox 1873 2593 2000 2633; x_wconf 87' lang='lat' dir='ltr'><strong>vero</strong></span> 
     </span>
    </p>
   </div>
   <div class='ocr_carea' id='block_1_27' title="bbox 403 2672 2000 2749">
    <p class='ocr_par' dir='ltr' id='par_1_27' title="bbox 403 2672 2000 2749">
     <span class='ocr_line' id='line_1_27' title="bbox 403 2672 2000 2749; baseline -0.004 -16"><span class='ocrx_word' id='word_1_187' title='bbox 403 2695 560 2749; x_wconf 87' lang='lat' dir='ltr'><strong>opus,</strong></span> <span class='ocrx_word' id='word_1_188' title='bbox 594 2679 748 2733; x_wconf 85' lang='lat' dir='ltr'><strong>malis</strong></span> <span class='ocrx_word' id='word_1_189' title='bbox 787 2676 1098 2746; x_wconf 84' lang='lat' dir='ltr'><strong>urgentibus</strong></span> <span class='ocrx_word' id='word_1_190' title='bbox 1135 2677 1294 2731; x_wconf 89' lang='lat' dir='ltr'><strong>linem</strong></span> <span class='ocrx_word' id='word_1_191' title='bbox 1333 2674 1630 2743; x_wconf 88' lang='lat' dir='ltr'><strong>imponere.</strong></span> <span class='ocrx_word' id='word_1_192' title='bbox 1656 2674 1863 2726; x_wconf 81' lang='lat' dir='ltr'><strong>Etenim</strong></span> <span class='ocrx_word' id='word_1_193' title='bbox 1886 2672 2000 2741; x_wconf 88' lang='lat' dir='ltr'><strong>ipse</strong></span> 
     </span>
    </p>
   </div>
   <div class='ocr_carea' id='block_1_28' title="bbox 405 2763 1997 2838">
    <p class='ocr_par' dir='ltr' id='par_1_28' title="bbox 405 2763 1997 2838">
     <span class='ocr_line' id='line_1_28' title="bbox 405 2763 1997 2838; baseline -0.006 -14"><span class='ocrx_word' id='word_1_194' title='bbox 405 2771 596 2838; x_wconf 73' lang='lat' dir='ltr'><strong>magis,</strong></span> <span class='ocrx_word' id='word_1_195' title='bbox 640 2785 799 2838; x_wconf 86' lang='lat' dir='ltr'><strong>quam</strong></span> <span class='ocrx_word' id='word_1_196' title='bbox 840 2779 893 2822; x_wconf 92' lang='lat' dir='ltr'><strong>tu</strong></span> <span class='ocrx_word' id='word_1_197' title='bbox 912 2769 1000 2838; x_wconf 87' lang='lat' dir='ltr'><strong>qui</strong></span> <span class='ocrx_word' id='word_1_198' title='bbox 1025 2768 1265 2832; x_wconf 88' lang='lat' dir='ltr'><strong>tentaris,</strong></span> <span class='ocrx_word' id='word_1_199' title='bbox 1315 2765 1416 2820; x_wconf 90' lang='lat' dir='ltr'><strong>hoc</strong></span> <span class='ocrx_word' id='word_1_200' title='bbox 1451 2763 1751 2818; x_wconf 87' lang='lat' dir='ltr'><strong>incendium</strong></span> <span class='ocrx_word' id='word_1_201' title='bbox 1792 2763 1997 2816; x_wconf 80' lang='lat' dir='ltr'><strong>exstin-</strong></span> 
     </span>
    </p>
   </div>
   <div class='ocr_carea' id='block_1_29' title="bbox 411 2856 2000 2935">
    <p class='ocr_par' dir='ltr' id='par_1_29' title="bbox 411 2856 2000 2935">
     <span class='ocr_line' id='line_1_29' title="bbox 411 2856 2000 2935; baseline -0.006 -18"><span class='ocrx_word' id='word_1_202' title='bbox 411 2880 577 2935; x_wconf 80' lang='lat' dir='ltr'><strong>guere</strong></span> <span class='ocrx_word' id='word_1_203' title='bbox 618 2863 749 2926; x_wconf 90' lang='lat' dir='ltr'><strong>vult,</strong></span> <span class='ocrx_word' id='word_1_204' title='bbox 779 2862 872 2917; x_wconf 89' lang='lat' dir='ltr'><strong>sed</strong></span> <span class='ocrx_word' id='word_1_205' title='bbox 917 2862 1144 2916; x_wconf 88' lang='lat' dir='ltr'><strong>salutem</strong></span> <span class='ocrx_word' id='word_1_206' title='bbox 1166 2869 1307 2913; x_wconf 88' lang='lat' dir='ltr'><strong>tuam</strong></span> <span class='ocrx_word' id='word_1_207' title='bbox 1330 2868 1621 2927; x_wconf 87' lang='lat' dir='ltr'><strong>exspectat.</strong></span> <span class='ocrx_word' id='word_1_208' title='bbox 1651 2856 1801 2911; x_wconf 89' lang='lat' dir='ltr'><strong>Sicut</strong></span> <span class='ocrx_word' id='word_1_209' title='bbox 1842 2856 2000 2925; x_wconf 79' lang='lat' dir='ltr'><strong>igitur</strong></span> 
     </span>
    </p>
   </div>
   <div class='ocr_carea' id='block_1_30' title="bbox 405 2949 1999 3016">
    <p class='ocr_par' dir='ltr' id='par_1_30' title="bbox 405 2949 1999 3016">
     <span class='ocr_line' id='line_1_30' title="bbox 405 2949 1999 3016; baseline -0.005 -6"><span class='ocrx_word' id='word_1_210' title='bbox 405 2973 471 3011; x_wconf 86' lang='lat' dir='ltr'><strong>ex</strong></span> <span class='ocrx_word' id='word_1_211' title='bbox 492 2955 803 3009; x_wconf 89' lang='lat' dir='ltr'><strong>remissione</strong></span> <span class='ocrx_word' id='word_1_212' title='bbox 822 2953 1090 3008; x_wconf 86' lang='lat' dir='ltr'><strong>tribulatio</strong></span> <span class='ocrx_word' id='word_1_213' title='bbox 1107 2953 1242 3006; x_wconf 85' lang='lat' dir='ltr'><strong>facta</strong></span> <span class='ocrx_word' id='word_1_214' title='bbox 1259 2959 1362 3016; x_wconf 89' lang='lat' dir='ltr'><strong>est,</strong></span> <span class='ocrx_word' id='word_1_215' title='bbox 1385 2952 1462 3006; x_wconf 90' lang='lat' dir='ltr'><strong>sic</strong></span> <span class='ocrx_word' id='word_1_216' title='bbox 1474 2965 1538 3004; x_wconf 85' lang='lat' dir='ltr'><strong>ex</strong></span> <span class='ocrx_word' id='word_1_217' title='bbox 1559 2949 1894 3003; x_wconf 82' lang='lat' dir='ltr'><strong>tribulatione</strong></span> <span class='ocrx_word' id='word_1_218' title='bbox 1916 2964 1999 3002; x_wconf 80' lang='lat' dir='ltr'><strong>re-</strong></span> 
     </span>
    </p>
   </div>
   <div class='ocr_carea' id='block_1_31' title="bbox 414 3043 1996 3116">
    <p class='ocr_par' dir='ltr' id='par_1_31' title="bbox 414 3043 1996 3116">
     <span class='ocr_line' id='line_1_31' title="bbox 414 3043 1996 3116; baseline -0.006 -12"><span class='ocrx_word' id='word_1_219' title='bbox 414 3051 723 3104; x_wconf 77' lang='lat' dir='ltr'><strong>missionem</strong></span> <span class='ocrx_word' id='word_1_220' title='bbox 751 3055 1061 3116; x_wconf 85' lang='lat' dir='ltr'><strong>exspectare</strong></span> <span class='ocrx_word' id='word_1_221' title='bbox 1089 3046 1356 3100; x_wconf 83' lang='lat' dir='ltr'><strong>convenit.</strong></span> <span class='ocrx_word' id='word_1_222' title='bbox 1386 3043 1568 3113; x_wconf 58' lang='lat' dir='ltr'><strong>Deque</strong></span> <span class='ocrx_word' id='word_1_223' title='bbox 1597 3043 1740 3097; x_wconf 87' lang='lat' dir='ltr'><strong>enim</strong></span> <span class='ocrx_word' id='word_1_224' title='bbox 1784 3057 1996 3112; x_wconf 86' lang='lat' dir='ltr'><strong>semper</strong></span> 
     </span>
    </p>
   </div>
   <div class='ocr_carea' id='block_1_32' title="bbox 407 3132 1999 3206">
    <p class='ocr_par' dir='ltr' id='par_1_32' title="bbox 407 3132 1999 3206">
     <span class='ocr_line' id='line_1_32' title="bbox 407 3132 1999 3206; baseline -0.007 -12"><span class='ocrx_word' id='word_1_225' title='bbox 407 3141 600 3202; x_wconf 64' lang='lat' dir='ltr'><strong>Ihctlts,</strong></span> <span class='ocrx_word' id='word_1_226' title='bbox 648 3150 821 3206; x_wconf 90' lang='lat' dir='ltr'><strong>neque</strong></span> <span class='ocrx_word' id='word_1_227' title='bbox 848 3151 1061 3205; x_wconf 86' lang='lat' dir='ltr'><strong>semper</strong></span> <span class='ocrx_word' id='word_1_228' title='bbox 1084 3144 1262 3200; x_wconf 86' lang='lat' dir='ltr'><strong>aestas,</strong></span> <span class='ocrx_word' id='word_1_229' title='bbox 1310 3149 1482 3203; x_wconf 85' lang='lat' dir='ltr'><strong>neque</strong></span> <span class='ocrx_word' id='word_1_230' title='bbox 1512 3149 1723 3202; x_wconf 82' lang='lat' dir='ltr'><strong>semper</strong></span> <span class='ocrx_word' id='word_1_231' title='bbox 1747 3132 1999 3202; x_wconf 87' lang='lat' dir='ltr'><strong>procella,</strong></span> 
     </span>
    </p>
   </div>
   <div class='ocr_carea' id='block_1_33' title="bbox 406 3227 2000 3301">
    <p class='ocr_par' dir='ltr' id='par_1_33' title="bbox 406 3227 2000 3301">
     <span class='ocr_line' id='line_1_33' title="bbox 406 3227 2000 3301; baseline -0.005 -15"><span class='ocrx_word' id='word_1_232' title='bbox 406 3248 578 3301; x_wconf 69' lang='lat' dir='ltr'><strong>neque</strong></span> <span class='ocrx_word' id='word_1_233' title='bbox 608 3245 820 3301; x_wconf 84' lang='lat' dir='ltr'><strong>semper</strong></span> <span class='ocrx_word' id='word_1_234' title='bbox 857 3227 1236 3297; x_wconf 87' lang='lat' dir='ltr'><strong>tranquillitas,</strong></span> <span class='ocrx_word' id='word_1_235' title='bbox 1282 3242 1387 3280; x_wconf 92' lang='lat' dir='ltr'><strong>non</strong></span> <span class='ocrx_word' id='word_1_236' title='bbox 1428 3240 1643 3295; x_wconf 79' lang='lat' dir='ltr'><strong>semper</strong></span> <span class='ocrx_word' id='word_1_237' title='bbox 1672 3240 1798 3290; x_wconf 89' lang='lat' dir='ltr'><strong>nox,</strong></span> <span class='ocrx_word' id='word_1_238' title='bbox 1828 3238 2000 3293; x_wconf 87' lang='lat' dir='ltr'><strong>neque</strong></span> 
     </span>
    </p>
   </div>
   <div class='ocr_carea' id='block_1_34' title="bbox 404 3315 2000 3394">
    <p class='ocr_par' dir='ltr' id='par_1_34' title="bbox 404 3315 2000 3394">
     <span class='ocr_line' id='line_1_34' title="bbox 404 3315 2000 3394; baseline -0.007 -14"><span class='ocrx_word' id='word_1_239' title='bbox 404 3339 620 3394; x_wconf 83' lang='lat' dir='ltr'><strong>semper</strong></span> <span class='ocrx_word' id='word_1_240' title='bbox 657 3323 771 3378; x_wconf 89' lang='lat' dir='ltr'><strong>dies</strong></span> <span class='ocrx_word' id='word_1_241' title='bbox 800 3341 815 3377; x_wconf 88' lang='lat'><strong>:</strong></span> <span class='ocrx_word' id='word_1_242' title='bbox 847 3322 925 3376; x_wconf 88' lang='lat' dir='ltr'><strong>sic</strong></span> <span class='ocrx_word' id='word_1_243' title='bbox 960 3336 1132 3390; x_wconf 87' lang='lat' dir='ltr'><strong>neque</strong></span> <span class='ocrx_word' id='word_1_244' title='bbox 1168 3335 1382 3389; x_wconf 86' lang='lat' dir='ltr'><strong>semper</strong></span> <span class='ocrx_word' id='word_1_245' title='bbox 1422 3317 1712 3382; x_wconf 78' lang='lat' dir='ltr'><strong>tribulatio,</strong></span> <span class='ocrx_word' id='word_1_246' title='bbox 1758 3315 1852 3371; x_wconf 90' lang='lat' dir='ltr'><strong>sed</strong></span> <span class='ocrx_word' id='word_1_247' title='bbox 1897 3317 2000 3370; x_wconf 89' lang='lat' dir='ltr'><strong>erit</strong></span> 
     </span>
    </p>
   </div>
   <div class='ocr_carea' id='block_1_35' title="bbox 401 3407 2000 3482">
    <p class='ocr_par' dir='ltr' id='par_1_35' title="bbox 401 3407 2000 3482">
     <span class='ocr_line' id='line_1_35' title="bbox 401 3407 2000 3482; baseline -0.01 -7"><span class='ocrx_word' id='word_1_248' title='bbox 401 3431 457 3475; x_wconf 85' lang='lat' dir='ltr'><strong>et</strong></span> <span class='ocrx_word' id='word_1_249' title='bbox 502 3415 767 3482; x_wconf 85' lang='lat' dir='ltr'><strong>remissio,</strong></span> <span class='ocrx_word' id='word_1_250' title='bbox 815 3413 861 3468; x_wconf 87' lang='lat' dir='ltr'><strong>si</strong></span> <span class='ocrx_word' id='word_1_251' title='bbox 906 3420 1112 3466; x_wconf 84' lang='lat' dir='ltr'><strong>tantum</strong></span> <span class='ocrx_word' id='word_1_252' title='bbox 1158 3412 1211 3465; x_wconf 91' lang='lat' dir='ltr'><strong>in</strong></span> <span class='ocrx_word' id='word_1_253' title='bbox 1257 3409 1598 3464; x_wconf 85' lang='lat' dir='ltr'><strong>tribulatione</strong></span> <span class='ocrx_word' id='word_1_254' title='bbox 1647 3408 1756 3462; x_wconf 91' lang='lat' dir='ltr'><strong>Deo</strong></span> <span class='ocrx_word' id='word_1_255' title='bbox 1801 3407 2000 3477; x_wconf 82' lang='lat' dir='ltr'><strong>gratias</strong></span> 
     </span>
    </p>
   </div>
   <div class='ocr_carea' id='block_1_36' title="bbox 405 3497 1997 3581">
    <p class='ocr_par' dir='ltr' id='par_1_36' title="bbox 405 3497 1997 3581">
     <span class='ocr_line' id='line_1_36' title="bbox 405 3497 1997 3581; baseline -0.01 -15"><span class='ocrx_word' id='word_1_256' title='bbox 405 3527 618 3581; x_wconf 75' lang='lat' dir='ltr'><strong>semper</strong></span> <span class='ocrx_word' id='word_1_257' title='bbox 643 3521 882 3578; x_wconf 82' lang='lat' dir='ltr'><strong>agamus.</strong></span> <span class='ocrx_word' id='word_1_258' title='bbox 915 3503 1048 3558; x_wconf 72' lang='lat' dir='ltr'><strong>Nam</strong></span> <span class='ocrx_word' id='word_1_259' title='bbox 1077 3511 1185 3557; x_wconf 89' lang='lat' dir='ltr'><strong>tres</strong></span> <span class='ocrx_word' id='word_1_260' title='bbox 1213 3504 1266 3556; x_wconf 93' lang='lat' dir='ltr'><strong>in</strong></span> <span class='ocrx_word' id='word_1_261' title='bbox 1292 3502 1558 3554; x_wconf 79' lang='lat' dir='ltr'><strong>fornacem</strong></span> <span class='ocrx_word' id='word_1_262' title='bbox 1593 3499 1739 3569; x_wconf 89' lang='lat' dir='ltr'><strong>pueri</strong></span> <span class='ocrx_word' id='word_1_263' title='bbox 1769 3497 1997 3567; x_wconf 86' lang='lat' dir='ltr'><strong>conjecti</strong></span> 
     </span>
    </p>
   </div>
   <div class='ocr_carea' id='block_1_37' title="bbox 405 3589 1998 3664">
    <p class='ocr_par' dir='ltr' id='par_1_37' title="bbox 405 3589 1998 3664">
     <span class='ocr_line' id='line_1_37' title="bbox 405 3589 1998 3664; baseline -0.01 -7"><span class='ocrx_word' id='word_1_264' title='bbox 405 3613 570 3658; x_wconf 88' lang='lat' dir='ltr'><strong>sunt:</strong></span> <span class='ocrx_word' id='word_1_265' title='bbox 603 3610 657 3655; x_wconf 94' lang='lat' dir='ltr'><strong>et</strong></span> <span class='ocrx_word' id='word_1_266' title='bbox 680 3613 778 3653; x_wconf 89' lang='lat' dir='ltr'><strong>nec</strong></span> <span class='ocrx_word' id='word_1_267' title='bbox 803 3597 874 3652; x_wconf 86' lang='lat' dir='ltr'><strong>ita</strong></span> <span class='ocrx_word' id='word_1_268' title='bbox 905 3593 1177 3664; x_wconf 82' lang='lat' dir='ltr'><strong>religionis</strong></span> <span class='ocrx_word' id='word_1_269' title='bbox 1217 3591 1369 3646; x_wconf 87' lang='lat' dir='ltr'><strong>obliti</strong></span> <span class='ocrx_word' id='word_1_270' title='bbox 1402 3598 1547 3653; x_wconf 90' lang='lat' dir='ltr'><strong>sunt,</strong></span> <span class='ocrx_word' id='word_1_271' title='bbox 1582 3603 1683 3644; x_wconf 83' lang='lat' dir='ltr'><strong>nec</strong></span> <span class='ocrx_word' id='word_1_272' title='bbox 1721 3589 1863 3658; x_wconf 90' lang='lat' dir='ltr'><strong>ipsos</strong></span> <span class='ocrx_word' id='word_1_273' title='bbox 1889 3596 1998 3642; x_wconf 90' lang='lat' dir='ltr'><strong>ter-</strong></span> 
     </span>
    </p>
   </div>
   <div class='ocr_carea' id='block_1_38' title="bbox 408 3677 1999 3756">
    <p class='ocr_par' dir='ltr' id='par_1_38' title="bbox 408 3677 1999 3756">
     <span class='ocr_line' id='line_1_38' title="bbox 408 3677 1999 3756; baseline -0.01 -8"><span class='ocrx_word' id='word_1_274' title='bbox 408 3696 515 3749; x_wconf 87' lang='lat' dir='ltr'><strong>ruit</strong></span> <span class='ocrx_word' id='word_1_275' title='bbox 542 3693 776 3754; x_wconf 82' lang='lat' dir='ltr'><strong>liamma,</strong></span> <span class='ocrx_word' id='word_1_276' title='bbox 802 3687 896 3744; x_wconf 89' lang='lat' dir='ltr'><strong>sed</strong></span> <span class='ocrx_word' id='word_1_277' title='bbox 925 3687 1011 3754; x_wconf 82' lang='lat' dir='ltr'><strong>iis,</strong></span> <span class='ocrx_word' id='word_1_278' title='bbox 1037 3686 1128 3756; x_wconf 90' lang='lat' dir='ltr'><strong>qui</strong></span> <span class='ocrx_word' id='word_1_279' title='bbox 1153 3685 1204 3738; x_wconf 91' lang='lat' dir='ltr'><strong>in</strong></span> <span class='ocrx_word' id='word_1_280' title='bbox 1228 3682 1474 3738; x_wconf 88' lang='lat' dir='ltr'><strong>cubiculo</strong></span> <span class='ocrx_word' id='word_1_281' title='bbox 1493 3681 1764 3744; x_wconf 85' lang='lat' dir='ltr'><strong>sederent,</strong></span> <span class='ocrx_word' id='word_1_282' title='bbox 1793 3688 1848 3734; x_wconf 91' lang='lat' dir='ltr'><strong>et</strong></span> <span class='ocrx_word' id='word_1_283' title='bbox 1865 3677 1999 3733; x_wconf 84' lang='lat' dir='ltr'><strong>nihil</strong></span> 
     </span>
    </p>
   </div>
   <div class='ocr_carea' id='block_1_39' title="bbox 407 3769 1993 3858">
    <p class='ocr_par' dir='ltr' id='par_1_39' title="bbox 407 3769 1993 3858">
     <span class='ocr_line' id='line_1_39' title="bbox 407 3769 1993 3858; baseline -0.013 -15"><span class='ocrx_word' id='word_1_284' title='bbox 407 3804 570 3858; x_wconf 84' lang='lat' dir='ltr'><strong>grave</strong></span> <span class='ocrx_word' id='word_1_285' title='bbox 611 3791 940 3855; x_wconf 87' lang='lat' dir='ltr'><strong>paterentur,</strong></span> <span class='ocrx_word' id='word_1_286' title='bbox 985 3776 1298 3843; x_wconf 90' lang='lat' dir='ltr'><strong>studiosius,</strong></span> <span class='ocrx_word' id='word_1_287' title='bbox 1349 3776 1471 3845; x_wconf 87' lang='lat' dir='ltr'><strong>igne</strong></span> <span class='ocrx_word' id='word_1_288' title='bbox 1510 3774 1635 3828; x_wconf 88' lang='lat' dir='ltr'><strong>licet</strong></span> <span class='ocrx_word' id='word_1_289' title='bbox 1663 3769 1993 3836; x_wconf 82' lang='lat' dir='ltr'><strong>circumdati,</strong></span> 
     </span>
    </p>
   </div>
   <div class='ocr_carea' id='block_1_40' title="bbox 409 3861 1998 3943">
    <p class='ocr_par' dir='ltr' id='par_1_40' title="bbox 409 3861 1998 3943">
     <span class='ocr_line' id='line_1_40' title="bbox 409 3861 1998 3943; baseline -0.009 -11"><span class='ocrx_word' id='word_1_290' title='bbox 409 3892 591 3933; x_wconf 87' lang='lat' dir='ltr'><strong>sacras</strong></span> <span class='ocrx_word' id='word_1_291' title='bbox 618 3876 734 3930; x_wconf 89' lang='lat' dir='ltr'><strong>illas</strong></span> <span class='ocrx_word' id='word_1_292' title='bbox 752 3887 936 3943; x_wconf 75' lang='lat' dir='ltr'><strong>preces</strong></span> <span class='ocrx_word' id='word_1_293' title='bbox 956 3867 1288 3923; x_wconf 82' lang='lat' dir='ltr'><strong>emittebant.</strong></span> <span class='ocrx_word' id='word_1_294' title='bbox 1319 3866 1443 3920; x_wconf 83' lang='lat' dir='ltr'><strong>Ideo</strong></span> <span class='ocrx_word' id='word_1_295' title='bbox 1461 3880 1643 3918; x_wconf 90' lang='lat' dir='ltr'><strong>murus</strong></span> <span class='ocrx_word' id='word_1_296' title='bbox 1674 3863 1804 3933; x_wconf 87' lang='lat' dir='ltr'><strong>ipsis</strong></span> <span class='ocrx_word' id='word_1_297' title='bbox 1826 3861 1998 3917; x_wconf 75' lang='lat' dir='ltr'><strong>lactus</strong></span> 
     </span>
    </p>
   </div>
   <div class='ocr_carea' id='block_1_41' title="bbox 411 3952 1998 4035">
    <p class='ocr_par' dir='ltr' id='par_1_41' title="bbox 411 3952 1998 4035">
     <span class='ocr_line' id='line_1_41' title="bbox 411 3952 1998 4035; baseline -0.01 -13"><span class='ocrx_word' id='word_1_298' title='bbox 411 3976 495 4022; x_wconf 80' lang='lat' dir='ltr'><strong>est</strong></span> <span class='ocrx_word' id='word_1_299' title='bbox 523 3965 678 4035; x_wconf 83' lang='lat' dir='ltr'><strong>ignis,</strong></span> <span class='ocrx_word' id='word_1_300' title='bbox 708 3973 761 4017; x_wconf 91' lang='lat' dir='ltr'><strong>et</strong></span> <span class='ocrx_word' id='word_1_301' title='bbox 789 3960 950 4014; x_wconf 89' lang='lat' dir='ltr'><strong>vestis</strong></span> <span class='ocrx_word' id='word_1_302' title='bbox 979 3958 1214 4021; x_wconf 84' lang='lat' dir='ltr'><strong>ﬂamma,</strong></span> <span class='ocrx_word' id='word_1_303' title='bbox 1245 3966 1300 4010; x_wconf 92' lang='lat' dir='ltr'><strong>et</strong></span> <span class='ocrx_word' id='word_1_304' title='bbox 1324 3955 1443 4009; x_wconf 76' lang='lat' dir='ltr'><strong>fons</strong></span> <span class='ocrx_word' id='word_1_305' title='bbox 1473 3954 1656 4007; x_wconf 77' lang='lat' dir='ltr'><strong>fornax</strong></span> <span class='ocrx_word' id='word_1_306' title='bbox 1687 3970 1700 4004; x_wconf 92' lang='lat'>:</span> <span class='ocrx_word' id='word_1_307' title='bbox 1733 3963 1785 4007; x_wconf 92' lang='lat' dir='ltr'><strong>et</strong></span> <span class='ocrx_word' id='word_1_308' title='bbox 1810 3952 1998 4021; x_wconf 75' lang='lat' dir='ltr'><strong>ligatos</strong></span> 
     </span>
    </p>
   </div>
   <div class='ocr_carea' id='block_1_42' title="bbox 411 4046 1998 4126">
    <p class='ocr_par' dir='ltr' id='par_1_42' title="bbox 411 4046 1998 4126">
     <span class='ocr_line' id='line_1_42' title="bbox 411 4046 1998 4126; baseline -0.011 -12"><span class='ocrx_word' id='word_1_309' title='bbox 411 4071 663 4126; x_wconf 85' lang='lat' dir='ltr'><strong>acceptos</strong></span> <span class='ocrx_word' id='word_1_310' title='bbox 691 4054 898 4109; x_wconf 88' lang='lat' dir='ltr'><strong>solutos</strong></span> <span class='ocrx_word' id='word_1_311' title='bbox 919 4050 1166 4116; x_wconf 89' lang='lat' dir='ltr'><strong>reddidit,</strong></span> <span class='ocrx_word' id='word_1_312' title='bbox 1213 4048 1454 4103; x_wconf 88' lang='lat' dir='ltr'><strong>mortalia</strong></span> <span class='ocrx_word' id='word_1_313' title='bbox 1490 4046 1724 4114; x_wconf 82' lang='lat' dir='ltr'><strong>suscepit</strong></span> <span class='ocrx_word' id='word_1_314' title='bbox 1753 4059 1998 4114; x_wconf 89' lang='lat' dir='ltr'><strong>corpora,</strong></span> 
     </span>
    </p>
   </div>
   <div class='ocr_carea' id='block_1_43' title="bbox 413 4136 2003 4217">
    <p class='ocr_par' dir='ltr' id='par_1_43' title="bbox 413 4136 2003 4217">
     <span class='ocr_line' id='line_1_43' title="bbox 413 4136 2003 4217; baseline -0.009 -14"><span class='ocrx_word' id='word_1_315' title='bbox 413 4160 469 4203; x_wconf 90' lang='lat' dir='ltr'><strong>et</strong></span> <span class='ocrx_word' id='word_1_316' title='bbox 527 4160 794 4217; x_wconf 80' lang='lat' dir='ltr'><strong>tamquam</strong></span> <span class='ocrx_word' id='word_1_317' title='bbox 837 4142 1226 4198; x_wconf 87' lang='lat' dir='ltr'><strong>immortalibus</strong></span> <span class='ocrx_word' id='word_1_318' title='bbox 1275 4137 1563 4202; x_wconf 85' lang='lat' dir='ltr'><strong>abstinuit;</strong></span> <span class='ocrx_word' id='word_1_319' title='bbox 1623 4151 1730 4189; x_wconf 92' lang='lat' dir='ltr'><strong>non</strong></span> <span class='ocrx_word' id='word_1_320' title='bbox 1786 4136 2003 4206; x_wconf 79' lang='lat' dir='ltr'><strong>agnovit</strong></span> 
     </span>
    </p>
   </div>
   <div class='ocr_carea' id='block_1_44' title="bbox 418 4227 2002 4306">
    <p class='ocr_par' dir='ltr' id='par_1_44' title="bbox 418 4227 2002 4306">
     <span class='ocr_line' id='line_1_44' title="bbox 418 4227 2002 4306; baseline -0.01 -11"><span class='ocrx_word' id='word_1_321' title='bbox 418 4251 690 4304; x_wconf 87' lang='lat' dir='ltr'><strong>naturam,</strong></span> <span class='ocrx_word' id='word_1_322' title='bbox 739 4235 834 4292; x_wconf 89' lang='lat' dir='ltr'><strong>sed</strong></span> <span class='ocrx_word' id='word_1_323' title='bbox 877 4235 1054 4306; x_wconf 86' lang='lat' dir='ltr'><strong>pietati</strong></span> <span class='ocrx_word' id='word_1_324' title='bbox 1104 4230 1458 4288; x_wconf 85' lang='lat' dir='ltr'><strong>reverentiam</strong></span> <span class='ocrx_word' id='word_1_325' title='bbox 1509 4227 1792 4284; x_wconf 81' lang='lat' dir='ltr'><strong>exhibuit:</strong></span> <span class='ocrx_word' id='word_1_326' title='bbox 1835 4227 2002 4280; x_wconf 79' lang='lat' dir='ltr'><strong>vinxit</strong></span> 
     </span>
    </p>
   </div>
   <div class='ocr_carea' id='block_1_45' title="bbox 418 4315 1999 4400">
    <p class='ocr_par' dir='ltr' id='par_1_45' title="bbox 418 4315 1999 4400">
     <span class='ocr_line' id='line_1_45' title="bbox 418 4315 1999 4400; baseline -0.009 -15"><span class='ocrx_word' id='word_1_327' title='bbox 418 4329 579 4400; x_wconf 89' lang='lat' dir='ltr'><strong>pedes</strong></span> <span class='ocrx_word' id='word_1_328' title='bbox 608 4337 886 4398; x_wconf 69' lang='lat' dir='ltr'><strong>tyrannus,</strong></span> <span class='ocrx_word' id='word_1_329' title='bbox 916 4334 972 4381; x_wconf 90' lang='lat' dir='ltr'><strong>et</strong></span> <span class='ocrx_word' id='word_1_330' title='bbox 998 4324 1132 4396; x_wconf 86' lang='lat' dir='ltr'><strong>ignis</strong></span> <span class='ocrx_word' id='word_1_331' title='bbox 1159 4324 1264 4377; x_wconf 93' lang='lat' dir='ltr'><strong>vim</strong></span> <span class='ocrx_word' id='word_1_332' title='bbox 1294 4321 1456 4392; x_wconf 88' lang='lat' dir='ltr'><strong>pedes</strong></span> <span class='ocrx_word' id='word_1_333' title='bbox 1481 4321 1785 4374; x_wconf 87' lang='lat' dir='ltr'><strong>vinxerunt.</strong></span> <span class='ocrx_word' id='word_1_334' title='bbox 1817 4315 1862 4371; x_wconf 91' lang='grc'>0</span> <span class='ocrx_word' id='word_1_335' title='bbox 1887 4332 1999 4371; x_wconf 90' lang='lat' dir='ltr'><strong>rem</strong></span> 
     </span>
    </p>
   </div>
   <div class='ocr_carea' id='block_1_46' title="bbox 416 4413 2002 4485">
    <p class='ocr_par' dir='ltr' id='par_1_46' title="bbox 416 4413 2002 4485">
     <span class='ocr_line' id='line_1_46' title="bbox 416 4413 2002 4485; baseline -0.01 -7"><span class='ocrx_word' id='word_1_336' title='bbox 416 4422 810 4478; x_wconf 79' lang='lat' dir='ltr'><strong>admirabilem!</strong></span> <span class='ocrx_word' id='word_1_337' title='bbox 834 4420 1040 4476; x_wconf 88' lang='lat' dir='ltr'><strong>vinctos</strong></span> <span class='ocrx_word' id='word_1_338' title='bbox 1054 4418 1210 4473; x_wconf 90' lang='lat' dir='ltr'><strong>solvit</strong></span> <span class='ocrx_word' id='word_1_339' title='bbox 1229 4416 1462 4480; x_wconf 76' lang='lat' dir='ltr'><strong>ﬂamma,</strong></span> <span class='ocrx_word' id='word_1_340' title='bbox 1490 4423 1544 4470; x_wconf 89' lang='lat' dir='ltr'><strong>et</strong></span> <span class='ocrx_word' id='word_1_341' title='bbox 1571 4415 1682 4485; x_wconf 74' lang='lat' dir='ltr'><strong>ipsa</strong></span> <span class='ocrx_word' id='word_1_342' title='bbox 1702 4414 1770 4469; x_wconf 88' lang='lat' dir='ltr'><strong>de</strong></span> <span class='ocrx_word' id='word_1_343' title='bbox 1798 4413 2002 4482; x_wconf 89' lang='lat' dir='ltr'><strong>reliquo</strong></span> 
     </span>
    </p>
   </div>
   <div class='ocr_carea' id='block_1_47' title="bbox 416 4508 1999 4569">
    <p class='ocr_par' dir='ltr' id='par_1_47' title="bbox 416 4508 1999 4569">
     <span class='ocr_line' id='line_1_47' title="bbox 416 4508 1999 4569; baseline -0.007 0"><span class='ocrx_word' id='word_1_344' title='bbox 416 4531 445 4569; x_wconf 90' lang='lat' dir='ltr'><strong>a</strong></span> <span class='ocrx_word' id='word_1_345' title='bbox 475 4514 664 4569; x_wconf 89' lang='lat' dir='ltr'><strong>vinctis</strong></span> <span class='ocrx_word' id='word_1_346' title='bbox 701 4513 877 4567; x_wconf 86' lang='lat' dir='ltr'><strong>vincta</strong></span> <span class='ocrx_word' id='word_1_347' title='bbox 927 4520 1010 4566; x_wconf 88' lang='lat' dir='ltr'><strong>est</strong></span> <span class='ocrx_word' id='word_1_348' title='bbox 1041 4527 1056 4564; x_wconf 89' lang='lat'><strong>:</strong></span> <span class='ocrx_word' id='word_1_349' title='bbox 1087 4508 1310 4563; x_wconf 81' lang='lat' dir='ltr'><strong>mutavit</strong></span> <span class='ocrx_word' id='word_1_350' title='bbox 1351 4508 1493 4562; x_wconf 89' lang='lat' dir='ltr'><strong>enim</strong></span> <span class='ocrx_word' id='word_1_351' title='bbox 1535 4522 1711 4561; x_wconf 89' lang='lat' dir='ltr'><strong>rerum</strong></span> <span class='ocrx_word' id='word_1_352' title='bbox 1757 4514 1999 4559; x_wconf 90' lang='lat' dir='ltr'><strong>naturam</strong></span> 
     </span>
    </p>
   </div>
   <div class='ocr_carea' id='block_1_48' title="bbox 415 4599 2002 4672">
    <p class='ocr_par' dir='ltr' id='par_1_48' title="bbox 415 4599 2002 4672">
     <span class='ocr_line' id='line_1_48' title="bbox 415 4599 2002 4672; baseline -0.009 -9"><span class='ocrx_word' id='word_1_353' title='bbox 415 4604 934 4663; x_wconf 80' lang='lat' dir='ltr'><strong>adulescentulorum</strong></span> <span class='ocrx_word' id='word_1_354' title='bbox 985 4602 1184 4672; x_wconf 84' lang='lat' dir='ltr'><strong>pietas;</strong></span> <span class='ocrx_word' id='word_1_355' title='bbox 1245 4599 1354 4653; x_wconf 92' lang='lat' dir='ltr'><strong>imo</strong></span> <span class='ocrx_word' id='word_1_356' title='bbox 1411 4613 1538 4653; x_wconf 89' lang='lat' dir='ltr'><strong>vero</strong></span> <span class='ocrx_word' id='word_1_357' title='bbox 1591 4613 1696 4651; x_wconf 92' lang='lat' dir='ltr'><strong>non</strong></span> <span class='ocrx_word' id='word_1_358' title='bbox 1760 4605 2002 4650; x_wconf 88' lang='lat' dir='ltr'><strong>naturam</strong></span> 
     </span>
    </p>
   </div>
   <div class='ocr_carea' id='block_1_49' title="bbox 416 4688 2001 4765">
    <p class='ocr_par' dir='ltr' id='par_1_49' title="bbox 416 4688 2001 4765">
     <span class='ocr_line' id='line_1_49' title="bbox 416 4688 2001 4765; baseline -0.011 -9"><span class='ocrx_word' id='word_1_359' title='bbox 416 4699 657 4765; x_wconf 88' lang='lat' dir='ltr'><strong>mutavit,</strong></span> <span class='ocrx_word' id='word_1_360' title='bbox 704 4695 798 4752; x_wconf 91' lang='lat' dir='ltr'><strong>sed</strong></span> <span class='ocrx_word' id='word_1_361' title='bbox 841 4693 982 4765; x_wconf 89' lang='lat' dir='ltr'><strong>quod</strong></span> <span class='ocrx_word' id='word_1_362' title='bbox 1029 4700 1144 4749; x_wconf 86' lang='lat' dir='ltr'><strong>erat</strong></span> <span class='ocrx_word' id='word_1_363' title='bbox 1168 4690 1478 4752; x_wconf 86' lang='lat' dir='ltr'><strong>mirabilius,</strong></span> <span class='ocrx_word' id='word_1_364' title='bbox 1512 4688 1870 4759; x_wconf 83' lang='lat' dir='ltr'><strong>permanentis</strong></span> <span class='ocrx_word' id='word_1_365' title='bbox 1905 4703 2001 4740; x_wconf 89' lang='lat' dir='ltr'><strong>na-</strong></span> 
     </span>
    </p>
   </div>
   <div class='ocr_carea' id='block_1_50' title="bbox 418 4779 2002 4860">
    <p class='ocr_par' dir='ltr' id='par_1_50' title="bbox 418 4779 2002 4860">
     <span class='ocr_line' id='line_1_50' title="bbox 418 4779 2002 4860; baseline -0.011 -10"><span class='ocrx_word' id='word_1_366' title='bbox 418 4806 549 4850; x_wconf 85' lang='lat' dir='ltr'><strong>tur:e</strong></span> <span class='ocrx_word' id='word_1_367' title='bbox 587 4793 691 4848; x_wconf 86' lang='lat' dir='ltr'><strong>vim</strong></span> <span class='ocrx_word' id='word_1_368' title='bbox 722 4790 1010 4860; x_wconf 75' lang='lat' dir='ltr'><strong>repressit:</strong></span> <span class='ocrx_word' id='word_1_369' title='bbox 1041 4800 1146 4840; x_wconf 93' lang='lat' dir='ltr'><strong>non</strong></span> <span class='ocrx_word' id='word_1_370' title='bbox 1175 4785 1318 4839; x_wconf 91' lang='lat' dir='ltr'><strong>enim</strong></span> <span class='ocrx_word' id='word_1_371' title='bbox 1358 4784 1532 4853; x_wconf 87' lang='lat' dir='ltr'><strong>ignem</strong></span> <span class='ocrx_word' id='word_1_372' title='bbox 1577 4781 1864 4845; x_wconf 75' lang='lat' dir='ltr'><strong>exstinxit,</strong></span> <span class='ocrx_word' id='word_1_373' title='bbox 1909 4779 2002 4834; x_wconf 83' lang='lat' dir='ltr'><strong>sed</strong></span> 
     </span>
    </p>
   </div>
   <div class='ocr_carea' id='block_1_51' title="bbox 415 4871 2004 4944">
    <p class='ocr_par' dir='ltr' id='par_1_51' title="bbox 415 4871 2004 4944">
     <span class='ocr_line' id='line_1_51' title="bbox 415 4871 2004 4944; baseline -0.012 -1"><span class='ocrx_word' id='word_1_374' title='bbox 415 4889 690 4944; x_wconf 88' lang='lat' dir='ltr'><strong>ardentem</strong></span> <span class='ocrx_word' id='word_1_375' title='bbox 735 4881 1059 4938; x_wconf 80' lang='lat' dir='ltr'><strong>inefﬁcacem</strong></span> <span class='ocrx_word' id='word_1_376' title='bbox 1100 4876 1369 4933; x_wconf 85' lang='lat' dir='ltr'><strong>reddidit:</strong></span> <span class='ocrx_word' id='word_1_377' title='bbox 1398 4884 1456 4930; x_wconf 92' lang='lat' dir='ltr'><strong>et</strong></span> <span class='ocrx_word' id='word_1_378' title='bbox 1477 4872 1618 4944; x_wconf 89' lang='lat' dir='ltr'><strong>quod</strong></span> <span class='ocrx_word' id='word_1_379' title='bbox 1645 4881 1728 4927; x_wconf 90' lang='lat' dir='ltr'><strong>est</strong></span> <span class='ocrx_word' id='word_1_380' title='bbox 1761 4871 2004 4926; x_wconf 85' lang='lat' dir='ltr'><strong>mirabile</strong></span> 
     </span>
    </p>
   </div>
   <div class='ocr_carea' id='block_1_52' title="bbox 419 4962 2004 5048">
    <p class='ocr_par' dir='ltr' id='par_1_52' title="bbox 419 4962 2004 5048">
     <span class='ocr_line' id='line_1_52' title="bbox 419 4962 2004 5048; baseline -0.008 -17"><span class='ocrx_word' id='word_1_381' title='bbox 419 4995 482 5031; x_wconf 86' lang='lat' dir='ltr'><strong>ac</strong></span> <span class='ocrx_word' id='word_1_382' title='bbox 503 4975 844 5048; x_wconf 83' lang='lat' dir='ltr'><strong>stupendum,</strong></span> <span class='ocrx_word' id='word_1_383' title='bbox 874 4987 980 5027; x_wconf 89' lang='lat' dir='ltr'><strong>non</strong></span> <span class='ocrx_word' id='word_1_384' title='bbox 1012 4972 1063 5024; x_wconf 90' lang='lat' dir='ltr'><strong>in</strong></span> <span class='ocrx_word' id='word_1_385' title='bbox 1094 4968 1291 5024; x_wconf 90' lang='lat' dir='ltr'><strong>sanctis</strong></span> <span class='ocrx_word' id='word_1_386' title='bbox 1329 4975 1531 5020; x_wconf 91' lang='lat' dir='ltr'><strong>tantum</strong></span> <span class='ocrx_word' id='word_1_387' title='bbox 1561 4963 1877 5034; x_wconf 87' lang='lat' dir='ltr'><strong>corporibus</strong></span> <span class='ocrx_word' id='word_1_388' title='bbox 1903 4962 2004 5018; x_wconf 90' lang='lat' dir='ltr'><strong>hoc</strong></span> 
     </span>
    </p>
   </div>
   <div class='ocr_carea' id='block_1_53' title="bbox 420 5055 2003 5133">
    <p class='ocr_par' dir='ltr' id='par_1_53' title="bbox 420 5055 2003 5133">
     <span class='ocr_line' id='line_1_53' title="bbox 420 5055 2003 5133; baseline -0.009 -11"><span class='ocrx_word' id='word_1_389' title='bbox 420 5069 612 5123; x_wconf 80' lang='lat' dir='ltr'><strong>factum</strong></span> <span class='ocrx_word' id='word_1_390' title='bbox 651 5077 753 5133; x_wconf 86' lang='lat' dir='ltr'><strong>est,</strong></span> <span class='ocrx_word' id='word_1_391' title='bbox 798 5064 894 5120; x_wconf 83' lang='lat' dir='ltr'><strong>scd</strong></span> <span class='ocrx_word' id='word_1_392' title='bbox 921 5072 974 5120; x_wconf 91' lang='lat' dir='ltr'><strong>et</strong></span> <span class='ocrx_word' id='word_1_393' title='bbox 1003 5063 1054 5116; x_wconf 92' lang='lat' dir='ltr'><strong>in</strong></span> <span class='ocrx_word' id='word_1_394' title='bbox 1085 5058 1416 5116; x_wconf 85' lang='lat' dir='ltr'><strong>vestimentis</strong></span> <span class='ocrx_word' id='word_1_395' title='bbox 1447 5057 1683 5127; x_wconf 91' lang='lat' dir='ltr'><strong>ipsorum</strong></span> <span class='ocrx_word' id='word_1_396' title='bbox 1711 5065 1764 5111; x_wconf 83' lang='lat' dir='ltr'><strong>et</strong></span> <span class='ocrx_word' id='word_1_397' title='bbox 1796 5055 2003 5110; x_wconf 85' lang='lat' dir='ltr'><strong>calcea-</strong></span> 
     </span>
    </p>
   </div>
   <div class='ocr_carea' id='block_1_54' title="bbox 423 5147 2005 5224">
    <p class='ocr_par' dir='ltr' id='par_1_54' title="bbox 423 5147 2005 5224">
     <span class='ocr_line' id='line_1_54' title="bbox 423 5147 2005 5224; baseline -0.009 -11"><span class='ocrx_word' id='word_1_398' title='bbox 423 5162 654 5214; x_wconf 87' lang='lat' dir='ltr'><strong>mentis:</strong></span> <span class='ocrx_word' id='word_1_399' title='bbox 683 5168 739 5215; x_wconf 85' lang='lat' dir='ltr'><strong>et</strong></span> <span class='ocrx_word' id='word_1_400' title='bbox 781 5159 918 5214; x_wconf 86' lang='lat' dir='ltr'><strong>sicut</strong></span> <span class='ocrx_word' id='word_1_401' title='bbox 948 5157 998 5211; x_wconf 91' lang='lat' dir='ltr'><strong>in</strong></span> <span class='ocrx_word' id='word_1_402' title='bbox 1025 5153 1300 5224; x_wconf 88' lang='lat' dir='ltr'><strong>apostolis,</strong></span> <span class='ocrx_word' id='word_1_403' title='bbox 1331 5151 1644 5206; x_wconf 88' lang='lat' dir='ltr'><strong>vestimenta</strong></span> <span class='ocrx_word' id='word_1_404' title='bbox 1673 5148 1816 5204; x_wconf 82' lang='lat' dir='ltr'><strong>Pauli</strong></span> <span class='ocrx_word' id='word_1_405' title='bbox 1852 5147 2005 5216; x_wconf 82' lang='lat' dir='ltr'><strong>a-gri-</strong></span> 
     </span>
    </p>
   </div>
   <div class='ocr_carea' id='block_1_55' title="bbox 422 5239 2003 5316">
    <p class='ocr_par' dir='ltr' id='par_1_55' title="bbox 422 5239 2003 5316">
     <span class='ocr_line' id='line_1_55' title="bbox 422 5239 2003 5316; baseline -0.008 -14"><span class='ocrx_word' id='word_1_406' title='bbox 422 5251 630 5304; x_wconf 81' lang='lat' dir='ltr'><strong>tudines</strong></span> <span class='ocrx_word' id='word_1_407' title='bbox 645 5257 699 5303; x_wconf 89' lang='lat' dir='ltr'><strong>et</strong></span> <span class='ocrx_word' id='word_1_408' title='bbox 721 5248 989 5303; x_wconf 73' lang='lat' dir='ltr'><strong>dtemones</strong></span> <span class='ocrx_word' id='word_1_409' title='bbox 1016 5245 1304 5316; x_wconf 86' lang='lat' dir='ltr'><strong>pellebant,</strong></span> <span class='ocrx_word' id='word_1_410' title='bbox 1324 5250 1379 5297; x_wconf 88' lang='lat' dir='ltr'><strong>et</strong></span> <span class='ocrx_word' id='word_1_411' title='bbox 1400 5241 1541 5296; x_wconf 87' lang='lat' dir='ltr'><strong>Petri</strong></span> <span class='ocrx_word' id='word_1_412' title='bbox 1563 5239 1747 5293; x_wconf 87' lang='lat' dir='ltr'><strong>umbra</strong></span> <span class='ocrx_word' id='word_1_413' title='bbox 1775 5248 2003 5293; x_wconf 88' lang='lat' dir='ltr'><strong>mortem</strong></span> 
     </span>
    </p>
   </div>
   <div class='ocr_carea' id='block_1_56' title="bbox 422 5326 2006 5408">
    <p class='ocr_par' dir='ltr' id='par_1_56' title="bbox 422 5326 2006 5408">
     <span class='ocr_line' id='line_1_56' title="bbox 422 5326 2006 5408; baseline -0.009 -14"><span class='ocrx_word' id='word_1_414' title='bbox 422 5341 636 5408; x_wconf 74' lang='lat' dir='ltr'><strong>rogabat</strong></span> <span class='ocrx_word' id='word_1_415' title='bbox 663 5355 678 5393; x_wconf 76' lang='grc' dir='ltr'><strong><em>τ</em></strong></span> <span class='ocrx_word' id='word_1_416' title='bbox 707 5339 786 5392; x_wconf 86' lang='lat' dir='ltr'><strong>sic</strong></span> <span class='ocrx_word' id='word_1_417' title='bbox 821 5340 982 5393; x_wconf 90' lang='lat' dir='ltr'><strong>etiam</strong></span> <span class='ocrx_word' id='word_1_418' title='bbox 1023 5339 1112 5392; x_wconf 87' lang='lat' dir='ltr'><strong>hic</strong></span> <span class='ocrx_word' id='word_1_419' title='bbox 1153 5350 1440 5406; x_wconf 87' lang='lat' dir='ltr'><strong>puerorum</strong></span> <span class='ocrx_word' id='word_1_420' title='bbox 1469 5333 1830 5387; x_wconf 86' lang='lat' dir='ltr'><strong>calceamenta</strong></span> <span class='ocrx_word' id='word_1_421' title='bbox 1871 5326 2006 5399; x_wconf 82' lang='lat' dir='ltr'><strong>ignis</strong></span> 
     </span>
    </p>
   </div>
   <div class='ocr_carea' id='block_1_57' title="bbox 425 5420 2009 5498">
    <p class='ocr_par' dir='ltr' id='par_1_57' title="bbox 425 5420 2009 5498">
     <span class='ocr_line' id='line_1_57' title="bbox 425 5420 2009 5498; baseline -0.007 -16"><span class='ocrx_word' id='word_1_422' title='bbox 425 5435 671 5486; x_wconf 78' lang='lat' dir='ltr'><strong>virtutem</strong></span> <span class='ocrx_word' id='word_1_423' title='bbox 689 5428 1072 5484; x_wconf 61' lang='lat' dir='ltr'><strong>castinxerunt.</strong></span> <span class='ocrx_word' id='word_1_424' title='bbox 1088 5427 1278 5483; x_wconf 82' lang='lat' dir='ltr'><strong>Nescio</strong></span> <span class='ocrx_word' id='word_1_425' title='bbox 1293 5423 1560 5498; x_wconf 91' lang='lat' dir='ltr'><strong>quomodo</strong></span> <span class='ocrx_word' id='word_1_426' title='bbox 1570 5422 1768 5477; x_wconf 87' lang='lat' dir='ltr'><strong>dicam:</strong></span> <span class='ocrx_word' id='word_1_427' title='bbox 1787 5420 2009 5473; x_wconf 83' lang='lat' dir='ltr'><strong>miracu-</strong></span> 
     </span>
    </p>
   </div>
   <div class='ocr_carea' id='block_1_58' title="bbox 422 5509 2004 5589">
    <p class='ocr_par' dir='ltr' id='par_1_58' title="bbox 422 5509 2004 5589">
     <span class='ocr_line' id='line_1_58' title="bbox 422 5509 2004 5589; baseline -0.01 -11"><span class='ocrx_word' id='word_1_428' title='bbox 422 5525 534 5578; x_wconf 85' lang='lat' dir='ltr'><strong>lntn</strong></span> <span class='ocrx_word' id='word_1_429' title='bbox 562 5535 774 5577; x_wconf 81' lang='lat' dir='ltr'><strong>omnem</strong></span> <span class='ocrx_word' id='word_1_430' title='bbox 793 5517 1073 5572; x_wconf 87' lang='lat' dir='ltr'><strong>verborum</strong></span> <span class='ocrx_word' id='word_1_431' title='bbox 1093 5518 1452 5589; x_wconf 69' lang='lat' dir='ltr'><strong>narrationem</strong></span> <span class='ocrx_word' id='word_1_432' title='bbox 1493 5511 1838 5588; x_wconf 79' lang='lat' dir='ltr'><strong>transcendit.</strong></span> <span class='ocrx_word' id='word_1_433' title='bbox 1875 5509 2004 5564; x_wconf 79' lang='lat' dir='ltr'><strong>Nam</strong></span> 
     </span>
    </p>
   </div>
   <div class='ocr_carea' id='block_1_59' title="bbox 405 5602 2005 5675">
    <p class='ocr_par' dir='ltr' id='par_1_59' title="bbox 405 5602 2005 5675">
     <span class='ocr_line' id='line_1_59' title="bbox 405 5602 2005 5675; baseline -0.011 -5"><span class='ocrx_word' id='word_1_434' title='bbox 405 5619 502 5670; x_wconf 70' lang='lat' dir='ltr'><strong>vis</strong></span> <span class='ocrx_word' id='word_1_435' title='bbox 529 5623 645 5670; x_wconf 88' lang='lat' dir='ltr'><strong>erat</strong></span> <span class='ocrx_word' id='word_1_436' title='bbox 668 5611 958 5675; x_wconf 75' lang='lat' dir='ltr'><strong>exstincta,</strong></span> <span class='ocrx_word' id='word_1_437' title='bbox 987 5618 1044 5663; x_wconf 88' lang='lat' dir='ltr'><strong>ct</strong></span> <span class='ocrx_word' id='word_1_438' title='bbox 1072 5624 1178 5662; x_wconf 91' lang='lat' dir='ltr'><strong>non</strong></span> <span class='ocrx_word' id='word_1_439' title='bbox 1205 5611 1500 5663; x_wconf 84' lang='lat' dir='ltr'><strong>exstincta:</strong></span> <span class='ocrx_word' id='word_1_440' title='bbox 1531 5622 1652 5662; x_wconf 89' lang='lat' dir='ltr'><strong>cum</strong></span> <span class='ocrx_word' id='word_1_441' title='bbox 1694 5604 1837 5659; x_wconf 90' lang='lat' dir='ltr'><strong>enim</strong></span> <span class='ocrx_word' id='word_1_442' title='bbox 1864 5602 2005 5656; x_wconf 88' lang='lat' dir='ltr'><strong>circa</strong></span> 
     </span>
    </p>
   </div>
   <div class='ocr_carea' id='block_1_60' title="bbox 423 5696 2004 5769">
    <p class='ocr_par' dir='ltr' id='par_1_60' title="bbox 423 5696 2004 5769">
     <span class='ocr_line' id='line_1_60' title="bbox 423 5696 2004 5769; baseline -0.013 -2"><span class='ocrx_word' id='word_1_443' title='bbox 423 5719 727 5767; x_wconf 73' lang='lat' dir='ltr'><strong>sanctorum</strong></span> <span class='ocrx_word' id='word_1_444' title='bbox 745 5705 954 5760; x_wconf 90' lang='lat' dir='ltr'><strong>illorum</strong></span> <span class='ocrx_word' id='word_1_445' title='bbox 982 5715 1204 5769; x_wconf 85' lang='lat' dir='ltr'><strong>corpora</strong></span> <span class='ocrx_word' id='word_1_446' title='bbox 1225 5701 1551 5765; x_wconf 75' lang='lat' dir='ltr'><strong>versabatur,</strong></span> <span class='ocrx_word' id='word_1_447' title='bbox 1571 5709 1684 5753; x_wconf 88' lang='lat' dir='ltr'><strong>erat</strong></span> <span class='ocrx_word' id='word_1_448' title='bbox 1710 5696 2004 5752; x_wconf 80' lang='lat' dir='ltr'><strong>exstincta:</strong></span> 
     </span>
    </p>
   </div>
   <div class='ocr_carea' id='block_1_61' title="bbox 426 5790 2002 5860">
    <p class='ocr_par' dir='ltr' id='par_1_61' title="bbox 426 5790 2002 5860">
     <span class='ocr_line' id='line_1_61' title="bbox 426 5790 2002 5860; baseline -0.011 -4"><span class='ocrx_word' id='word_1_449' title='bbox 426 5816 548 5856; x_wconf 90' lang='lat' dir='ltr'><strong>cum</strong></span> <span class='ocrx_word' id='word_1_450' title='bbox 577 5812 702 5854; x_wconf 86' lang='lat' dir='ltr'><strong>vero</strong></span> <span class='ocrx_word' id='word_1_451' title='bbox 745 5793 951 5852; x_wconf 87' lang='lat' dir='ltr'><strong>vincula</strong></span> <span class='ocrx_word' id='word_1_452' title='bbox 999 5791 1301 5859; x_wconf 84' lang='lat' dir='ltr'><strong>dirumpere</strong></span> <span class='ocrx_word' id='word_1_453' title='bbox 1341 5790 1594 5860; x_wconf 86' lang='lat' dir='ltr'><strong>oportuit,</strong></span> <span class='ocrx_word' id='word_1_454' title='bbox 1627 5805 1732 5844; x_wconf 90' lang='lat' dir='ltr'><strong>non</strong></span> <span class='ocrx_word' id='word_1_455' title='bbox 1761 5794 1875 5842; x_wconf 87' lang='lat' dir='ltr'><strong>erat</strong></span> <span class='ocrx_word' id='word_1_456' title='bbox 1903 5801 2002 5840; x_wconf 81' lang='lat' dir='ltr'><strong>ex-</strong></span> 
     </span>
    </p>
   </div>
   <div class='ocr_carea' id='block_1_62' title="bbox 2099 466 3684 541">
    <p class='ocr_par' dir='ltr' id='par_1_62' title="bbox 2099 466 3684 541">
     <span class='ocr_line' id='line_1_62' title="bbox 2099 466 3684 541; baseline 0.006 -23"><span class='ocrx_word' id='word_1_457' title='bbox 2099 467 2291 518; x_wconf 88' lang='lat' dir='ltr'><strong>stincta</strong></span> <span class='ocrx_word' id='word_1_458' title='bbox 2321 484 2334 517; x_wconf 92' lang='lat'><strong>:</strong></span> <span class='ocrx_word' id='word_1_459' title='bbox 2362 466 2649 535; x_wconf 86' lang='lat' dir='ltr'><strong>compedes</strong></span> <span class='ocrx_word' id='word_1_460' title='bbox 2674 467 2830 535; x_wconf 76' lang='lat' dir='ltr'><strong>igitur</strong></span> <span class='ocrx_word' id='word_1_461' title='bbox 2857 468 3074 536; x_wconf 87' lang='lat' dir='ltr'><strong>dirupit,</strong></span> <span class='ocrx_word' id='word_1_462' title='bbox 3103 478 3158 522; x_wconf 88' lang='lat' dir='ltr'><strong>et</strong></span> <span class='ocrx_word' id='word_1_463' title='bbox 3188 467 3324 522; x_wconf 77' lang='lat' dir='ltr'><strong>talos</strong></span> <span class='ocrx_word' id='word_1_464' title='bbox 3354 484 3462 522; x_wconf 84' lang='lat' dir='ltr'><strong>non</strong></span> <span class='ocrx_word' id='word_1_465' title='bbox 3493 469 3684 541; x_wconf 74' lang='lat' dir='ltr'><strong>tetigit.</strong></span> 
     </span>
    </p>
   </div>
   <div class='ocr_carea' id='block_1_63' title="bbox 2095 556 3692 629">
    <p class='ocr_par' dir='ltr' id='par_1_63' title="bbox 2095 556 3692 629">
     <span class='ocr_line' id='line_1_63' title="bbox 2095 556 3692 629; baseline 0.004 -20"><span class='ocrx_word' id='word_1_466' title='bbox 2095 556 2286 610; x_wconf 68' lang='lat' dir='ltr'><strong>Vidisti</strong></span> <span class='ocrx_word' id='word_1_467' title='bbox 2323 567 2517 626; x_wconf 82' lang='lat' dir='ltr'><strong>quanta</strong></span> <span class='ocrx_word' id='word_1_468' title='bbox 2563 558 2964 626; x_wconf 82' lang='lat' dir='ltr'><strong>propinquitas?</strong></span> <span class='ocrx_word' id='word_1_469' title='bbox 3007 557 3190 628; x_wconf 78' lang='lat' dir='ltr'><strong>Neque</strong></span> <span class='ocrx_word' id='word_1_470' title='bbox 3233 559 3282 610; x_wconf 90' lang='lat' dir='ltr'><strong>vi</strong></span> <span class='ocrx_word' id='word_1_471' title='bbox 3314 575 3409 612; x_wconf 85' lang='lat' dir='ltr'><strong>sua</strong></span> <span class='ocrx_word' id='word_1_472' title='bbox 3449 561 3692 629; x_wconf 81' lang='lat' dir='ltr'><strong>privatus</strong></span> 
     </span>
    </p>
   </div>
   <div class='ocr_carea' id='block_1_64' title="bbox 2095 647 3688 716">
    <p class='ocr_par' dir='ltr' id='par_1_64' title="bbox 2095 647 3688 716">
     <span class='ocr_line' id='line_1_64' title="bbox 2095 647 3688 716; baseline 0.003 -16"><span class='ocrx_word' id='word_1_473' title='bbox 2095 656 2177 700; x_wconf 62' lang='lat' dir='ltr'><strong>est</strong></span> <span class='ocrx_word' id='word_1_474' title='bbox 2221 647 2379 715; x_wconf 83' lang='lat' dir='ltr'><strong>ignis,</strong></span> <span class='ocrx_word' id='word_1_475' title='bbox 2410 661 2582 716; x_wconf 87' lang='lat' dir='ltr'><strong>neque</strong></span> <span class='ocrx_word' id='word_1_476' title='bbox 2619 648 2758 700; x_wconf 88' lang='lat' dir='ltr'><strong>ultra</strong></span> <span class='ocrx_word' id='word_1_477' title='bbox 2802 648 3006 700; x_wconf 89' lang='lat' dir='ltr'><strong>vincula</strong></span> <span class='ocrx_word' id='word_1_478' title='bbox 3040 648 3330 716; x_wconf 88' lang='lat' dir='ltr'><strong>procedere</strong></span> <span class='ocrx_word' id='word_1_479' title='bbox 3373 665 3539 702; x_wconf 83' lang='lat' dir='ltr'><strong>ausus</strong></span> <span class='ocrx_word' id='word_1_480' title='bbox 3571 649 3688 704; x_wconf 86' lang='lat' dir='ltr'><strong>luit.</strong></span> 
     </span>
    </p>
   </div>
   <div class='ocr_carea' id='block_1_65' title="bbox 2098 737 3688 808">
    <p class='ocr_par' dir='ltr' id='par_1_65' title="bbox 2098 737 3688 808">
     <span class='ocr_line' id='line_1_65' title="bbox 2098 737 3688 808; baseline 0.002 -19"><span class='ocrx_word' id='word_1_481' title='bbox 2098 737 2277 790; x_wconf 63' lang='lat' dir='ltr'><strong>V’inxit</strong></span> <span class='ocrx_word' id='word_1_482' title='bbox 2322 749 2597 808; x_wconf 77' lang='lat' dir='ltr'><strong>tyrannus,</strong></span> <span class='ocrx_word' id='word_1_483' title='bbox 2645 748 2700 791; x_wconf 93' lang='lat' dir='ltr'><strong>ct</strong></span> <span class='ocrx_word' id='word_1_484' title='bbox 2741 737 2950 790; x_wconf 81' lang='lat' dir='ltr'><strong>ﬂamma</strong></span> <span class='ocrx_word' id='word_1_485' title='bbox 3000 739 3239 802; x_wconf 89' lang='lat' dir='ltr'><strong>resolvit,</strong></span> <span class='ocrx_word' id='word_1_486' title='bbox 3275 749 3331 792; x_wconf 90' lang='lat' dir='ltr'><strong>ut</strong></span> <span class='ocrx_word' id='word_1_487' title='bbox 3373 749 3430 792; x_wconf 92' lang='lat' dir='ltr'><strong>et</strong></span> <span class='ocrx_word' id='word_1_488' title='bbox 3470 739 3688 793; x_wconf 83' lang='lat' dir='ltr'><strong>barbari</strong></span> 
     </span>
    </p>
   </div>
   <div class='ocr_carea' id='block_1_66' title="bbox 2094 827 3691 895">
    <p class='ocr_par' dir='ltr' id='par_1_66' title="bbox 2094 827 3691 895">
     <span class='ocr_line' id='line_1_66' title="bbox 2094 827 3691 895; baseline 0 -14"><span class='ocrx_word' id='word_1_489' title='bbox 2094 827 2468 881; x_wconf 83' lang='lat' dir='ltr'><strong>crudelitatem</strong></span> <span class='ocrx_word' id='word_1_490' title='bbox 2501 828 2698 891; x_wconf 87' lang='lat' dir='ltr'><strong>discas,</strong></span> <span class='ocrx_word' id='word_1_491' title='bbox 2747 836 2803 882; x_wconf 87' lang='lat' dir='ltr'><strong>et</strong></span> <span class='ocrx_word' id='word_1_492' title='bbox 2842 828 3091 881; x_wconf 85' lang='lat' dir='ltr'><strong>elementi</strong></span> <span class='ocrx_word' id='word_1_493' title='bbox 3134 827 3518 881; x_wconf 86' lang='lat' dir='ltr'><strong>obedientiam.</strong></span> <span class='ocrx_word' id='word_1_494' title='bbox 3575 828 3691 895; x_wconf 82' lang='lat' dir='ltr'><strong>Qua</strong></span> 
     </span>
    </p>
   </div>
   <div class='ocr_carea' id='block_1_67' title="bbox 2095 917 3692 985">
    <p class='ocr_par' dir='ltr' id='par_1_67' title="bbox 2095 917 3692 985">
     <span class='ocr_line' id='line_1_67' title="bbox 2095 917 3692 985; baseline 0.001 -17"><span class='ocrx_word' id='word_1_495' title='bbox 2095 933 2224 972; x_wconf 86' lang='lat' dir='ltr'><strong>vero</strong></span> <span class='ocrx_word' id='word_1_496' title='bbox 2244 932 2404 970; x_wconf 87' lang='lat' dir='ltr'><strong>causa</strong></span> <span class='ocrx_word' id='word_1_497' title='bbox 2433 917 2483 970; x_wconf 88' lang='lat' dir='ltr'><strong>in</strong></span> <span class='ocrx_word' id='word_1_498' title='bbox 2514 919 2686 984; x_wconf 80' lang='lat' dir='ltr'><strong>ignem</strong></span> <span class='ocrx_word' id='word_1_499' title='bbox 2719 917 2978 971; x_wconf 83' lang='lat' dir='ltr'><strong>missurus</strong></span> <span class='ocrx_word' id='word_1_500' title='bbox 3001 933 3094 971; x_wconf 89' lang='lat' dir='ltr'><strong>eos</strong></span> <span class='ocrx_word' id='word_1_501' title='bbox 3122 917 3337 985; x_wconf 69' lang='lat' dir='ltr'><strong>ligavit?</strong></span> <span class='ocrx_word' id='word_1_502' title='bbox 3362 917 3429 972; x_wconf 72' lang='lat' dir='ltr'><strong>Ut</strong></span> <span class='ocrx_word' id='word_1_503' title='bbox 3451 918 3692 971; x_wconf 82' lang='lat' dir='ltr'><strong>miracu-</strong></span> 
     </span>
    </p>
   </div>
   <div class='ocr_carea' id='block_1_68' title="bbox 2097 1007 3692 1077">
    <p class='ocr_par' dir='ltr' id='par_1_68' title="bbox 2097 1007 3692 1077">
     <span class='ocr_line' id='line_1_68' title="bbox 2097 1007 3692 1077; baseline 0.001 -15"><span class='ocrx_word' id='word_1_504' title='bbox 2097 1007 2206 1062; x_wconf 84' lang='lat' dir='ltr'><strong>lum</strong></span> <span class='ocrx_word' id='word_1_505' title='bbox 2237 1008 2388 1062; x_wconf 87' lang='lat' dir='ltr'><strong>lieret</strong></span> <span class='ocrx_word' id='word_1_506' title='bbox 2417 1007 2609 1076; x_wconf 87' lang='lat' dir='ltr'><strong>majus,</strong></span> <span class='ocrx_word' id='word_1_507' title='bbox 2655 1018 2711 1061; x_wconf 92' lang='lat' dir='ltr'><strong>ut</strong></span> <span class='ocrx_word' id='word_1_508' title='bbox 2755 1008 3048 1060; x_wconf 82' lang='lat' dir='ltr'><strong>mirabilius</strong></span> <span class='ocrx_word' id='word_1_509' title='bbox 3090 1009 3322 1076; x_wconf 87' lang='lat' dir='ltr'><strong>signum.</strong></span> <span class='ocrx_word' id='word_1_510' title='bbox 3352 1024 3420 1062; x_wconf 88' lang='lat' dir='ltr'><strong>ne</strong></span> <span class='ocrx_word' id='word_1_511' title='bbox 3470 1019 3692 1077; x_wconf 87' lang='lat' dir='ltr'><strong>putares</strong></span> 
     </span>
    </p>
   </div>
   <div class='ocr_carea' id='block_1_69' title="bbox 2097 1099 3690 1168">
    <p class='ocr_par' dir='ltr' id='par_1_69' title="bbox 2097 1099 3690 1168">
     <span class='ocr_line' id='line_1_69' title="bbox 2097 1099 3690 1168; baseline -0.002 -13"><span class='ocrx_word' id='word_1_512' title='bbox 2097 1115 2219 1155; x_wconf 71' lang='lat' dir='ltr'><strong>esse</strong></span> <span class='ocrx_word' id='word_1_513' title='bbox 2243 1101 2519 1154; x_wconf 89' lang='lat' dir='ltr'><strong>oculorum</strong></span> <span class='ocrx_word' id='word_1_514' title='bbox 2536 1116 2775 1153; x_wconf 77' lang='lat' dir='ltr'><strong>errorem</strong></span> <span class='ocrx_word' id='word_1_515' title='bbox 2800 1116 2861 1152; x_wconf 88' lang='lat' dir='ltr'><strong>ea</strong></span> <span class='ocrx_word' id='word_1_516' title='bbox 2886 1116 3004 1168; x_wconf 68' lang='lat' dir='ltr'><strong>qua:</strong></span> <span class='ocrx_word' id='word_1_517' title='bbox 3029 1099 3343 1153; x_wconf 85' lang='lat' dir='ltr'><strong>videbantur</strong></span> <span class='ocrx_word' id='word_1_518' title='bbox 3367 1117 3381 1151; x_wconf 94' lang='lat'>:</span> <span class='ocrx_word' id='word_1_519' title='bbox 3416 1101 3517 1154; x_wconf 84' lang='lat' dir='ltr'><strong>nisi</strong></span> <span class='ocrx_word' id='word_1_520' title='bbox 3545 1101 3690 1153; x_wconf 79' lang='lat' dir='ltr'><strong>enim</strong></span> 
     </span>
    </p>
   </div>
   <div class='ocr_carea' id='block_1_70' title="bbox 2097 1191 3692 1262">
    <p class='ocr_par' dir='ltr' id='par_1_70' title="bbox 2097 1191 3692 1262">
     <span class='ocr_line' id='line_1_70' title="bbox 2097 1191 3692 1262; baseline 0.001 -16"><span class='ocrx_word' id='word_1_521' title='bbox 2097 1195 2234 1262; x_wconf 85' lang='lat' dir='ltr'><strong>ignis</strong></span> <span class='ocrx_word' id='word_1_522' title='bbox 2265 1193 2351 1247; x_wconf 79' lang='lat' dir='ltr'><strong>ille</strong></span> <span class='ocrx_word' id='word_1_523' title='bbox 2375 1193 2508 1262; x_wconf 81' lang='lat' dir='ltr'><strong>ignis</strong></span> <span class='ocrx_word' id='word_1_524' title='bbox 2538 1193 2742 1254; x_wconf 75' lang='lat' dir='ltr'><strong>fuisset,</strong></span> <span class='ocrx_word' id='word_1_525' title='bbox 2771 1191 2980 1245; x_wconf 79' lang='lat' dir='ltr'><strong>vincula</strong></span> <span class='ocrx_word' id='word_1_526' title='bbox 3006 1206 3114 1244; x_wconf 85' lang='lat' dir='ltr'><strong>non</strong></span> <span class='ocrx_word' id='word_1_527' title='bbox 3141 1191 3550 1261; x_wconf 79' lang='lat' dir='ltr'><strong>absumpsisset,</strong></span> <span class='ocrx_word' id='word_1_528' title='bbox 3578 1208 3692 1247; x_wconf 85' lang='lat' dir='ltr'><strong>non</strong></span> 
     </span>
    </p>
   </div>
   <div class='ocr_carea' id='block_1_71' title="bbox 2096 1282 3690 1351">
    <p class='ocr_par' dir='ltr' id='par_1_71' title="bbox 2096 1282 3690 1351">
     <span class='ocr_line' id='line_1_71' title="bbox 2096 1282 3690 1351; baseline -0.003 -12"><span class='ocrx_word' id='word_1_529' title='bbox 2096 1286 2336 1340; x_wconf 88' lang='lat' dir='ltr'><strong>exterius</strong></span> <span class='ocrx_word' id='word_1_530' title='bbox 2379 1285 2630 1338; x_wconf 82' lang='lat' dir='ltr'><strong>sedentes</strong></span> <span class='ocrx_word' id='word_1_531' title='bbox 2673 1282 2887 1348; x_wconf 84' lang='lat' dir='ltr'><strong>milites,</strong></span> <span class='ocrx_word' id='word_1_532' title='bbox 2931 1282 3072 1351; x_wconf 89' lang='lat' dir='ltr'><strong>quod</strong></span> <span class='ocrx_word' id='word_1_533' title='bbox 3122 1282 3290 1336; x_wconf 90' lang='lat' dir='ltr'><strong>multo</strong></span> <span class='ocrx_word' id='word_1_534' title='bbox 3347 1285 3515 1351; x_wconf 79' lang='lat' dir='ltr'><strong>magis</strong></span> <span class='ocrx_word' id='word_1_535' title='bbox 3568 1283 3690 1350; x_wconf 89' lang='lat' dir='ltr'><strong>luit,</strong></span> 
     </span>
    </p>
   </div>
   <div class='ocr_carea' id='block_1_72' title="bbox 2098 1373 3693 1447">
    <p class='ocr_par' dir='ltr' id='par_1_72' title="bbox 2098 1373 3693 1447">
     <span class='ocr_line' id='line_1_72' title="bbox 2098 1373 3693 1447; baseline -0.002 -16"><span class='ocrx_word' id='word_1_536' title='bbox 2098 1379 2360 1447; x_wconf 86' lang='lat' dir='ltr'><strong>rapuisset</strong></span> <span class='ocrx_word' id='word_1_537' title='bbox 2399 1395 2413 1430; x_wconf 90' lang='lat'>:</span> <span class='ocrx_word' id='word_1_538' title='bbox 2464 1391 2605 1430; x_wconf 89' lang='lat' dir='ltr'><strong>nunc</strong></span> <span class='ocrx_word' id='word_1_539' title='bbox 2647 1385 2824 1428; x_wconf 90' lang='lat' dir='ltr'><strong>autem</strong></span> <span class='ocrx_word' id='word_1_540' title='bbox 2876 1373 3231 1428; x_wconf 76' lang='lat' dir='ltr'><strong>exterioribus</strong></span> <span class='ocrx_word' id='word_1_541' title='bbox 3270 1374 3489 1443; x_wconf 90' lang='lat' dir='ltr'><strong>quidem</strong></span> <span class='ocrx_word' id='word_1_542' title='bbox 3537 1375 3644 1429; x_wconf 89' lang='lat' dir='ltr'><strong>vim</strong></span> <span class='ocrx_word' id='word_1_543' title='bbox 3669 1415 3693 1442; x_wconf 83' lang='lat'><strong>,</strong></span> 
     </span>
    </p>
   </div>
   <div class='ocr_carea' id='block_1_73' title="bbox 2097 1462 3694 1523">
    <p class='ocr_par' dir='ltr' id='par_1_73' title="bbox 2097 1462 3694 1523">
     <span class='ocr_line' id='line_1_73' title="bbox 2097 1462 3694 1523; baseline -0.002 -1"><span class='ocrx_word' id='word_1_544' title='bbox 2097 1467 2440 1523; x_wconf 71' lang='lat' dir='ltr'><strong>interioribus</strong></span> <span class='ocrx_word' id='word_1_545' title='bbox 2463 1480 2590 1519; x_wconf 87' lang='lat' dir='ltr'><strong>vero</strong></span> <span class='ocrx_word' id='word_1_546' title='bbox 2619 1465 2976 1519; x_wconf 85' lang='lat' dir='ltr'><strong>obedientiam</strong></span> <span class='ocrx_word' id='word_1_547' title='bbox 3007 1462 3276 1517; x_wconf 85' lang='lat' dir='ltr'><strong>exhibuit.</strong></span> <span class='ocrx_word' id='word_1_548' title='bbox 3302 1463 3383 1516; x_wconf 89' lang='lat' dir='ltr'><strong>Tu</strong></span> <span class='ocrx_word' id='word_1_549' title='bbox 3405 1479 3536 1518; x_wconf 89' lang='lat' dir='ltr'><strong>vero</strong></span> <span class='ocrx_word' id='word_1_550' title='bbox 3558 1465 3694 1519; x_wconf 80' lang='lat' dir='ltr'><strong>mihi</strong></span> 
     </span>
    </p>
   </div>
   <div class='ocr_carea' id='block_1_74' title="bbox 2097 1554 3690 1626">
    <p class='ocr_par' dir='ltr' id='par_1_74' title="bbox 2097 1554 3690 1626">
     <span class='ocr_line' id='line_1_74' title="bbox 2097 1554 3690 1626; baseline -0.003 -12"><span class='ocrx_word' id='word_1_551' title='bbox 2097 1559 2377 1614; x_wconf 81' lang='lat' dir='ltr'><strong>considera</strong></span> <span class='ocrx_word' id='word_1_552' title='bbox 2425 1557 2639 1626; x_wconf 88' lang='lat' dir='ltr'><strong>ubique,</strong></span> <span class='ocrx_word' id='word_1_553' title='bbox 2685 1554 2954 1626; x_wconf 86' lang='lat' dir='ltr'><strong>quomodo</strong></span> <span class='ocrx_word' id='word_1_554' title='bbox 2995 1554 3236 1608; x_wconf 88' lang='lat' dir='ltr'><strong>diabolus</strong></span> <span class='ocrx_word' id='word_1_555' title='bbox 3283 1569 3380 1622; x_wconf 90' lang='lat' dir='ltr'><strong>per</strong></span> <span class='ocrx_word' id='word_1_556' title='bbox 3423 1570 3544 1624; x_wconf 79' lang='lat' dir='ltr'><strong>qua:</strong></span> <span class='ocrx_word' id='word_1_557' title='bbox 3594 1555 3690 1610; x_wconf 90' lang='lat' dir='ltr'><strong>Dei</strong></span> 
     </span>
    </p>
   </div>
   <div class='ocr_carea' id='block_1_75' title="bbox 2098 1646 3691 1717">
    <p class='ocr_par' dir='ltr' id='par_1_75' title="bbox 2098 1646 3691 1717">
     <span class='ocr_line' id='line_1_75' title="bbox 2098 1646 3691 1717; baseline -0.004 -13"><span class='ocrx_word' id='word_1_558' title='bbox 2098 1663 2288 1704; x_wconf 85' lang='lat' dir='ltr'><strong>servos</strong></span> <span class='ocrx_word' id='word_1_559' title='bbox 2329 1650 2622 1717; x_wconf 61' lang='lat' dir='ltr'><strong>impugnat,</strong></span> <span class='ocrx_word' id='word_1_560' title='bbox 2665 1662 2758 1716; x_wconf 89' lang='lat' dir='ltr'><strong>per</strong></span> <span class='ocrx_word' id='word_1_561' title='bbox 2799 1646 2914 1699; x_wconf 76' lang='lat' dir='ltr'><strong>hzec</strong></span> <span class='ocrx_word' id='word_1_562' title='bbox 2957 1646 3225 1714; x_wconf 88' lang='lat' dir='ltr'><strong>propriam</strong></span> <span class='ocrx_word' id='word_1_563' title='bbox 3272 1647 3379 1698; x_wconf 86' lang='lat' dir='ltr'><strong>vim</strong></span> <span class='ocrx_word' id='word_1_564' title='bbox 3424 1646 3691 1710; x_wconf 86' lang='lat' dir='ltr'><strong>destruat,</strong></span> 
     </span>
    </p>
   </div>
   <div class='ocr_carea' id='block_1_76' title="bbox 2100 1737 3692 1808">
    <p class='ocr_par' dir='ltr' id='par_1_76' title="bbox 2100 1737 3692 1808">
     <span class='ocr_line' id='line_1_76' title="bbox 2100 1737 3692 1808; baseline -0.002 -14"><span class='ocrx_word' id='word_1_565' title='bbox 2100 1756 2209 1794; x_wconf 92' lang='lat' dir='ltr'><strong>non</strong></span> <span class='ocrx_word' id='word_1_566' title='bbox 2236 1741 2423 1794; x_wconf 71' lang='lat' dir='ltr'><strong>volens</strong></span> <span class='ocrx_word' id='word_1_567' title='bbox 2463 1737 2701 1808; x_wconf 86' lang='lat' dir='ltr'><strong>quidem,</strong></span> <span class='ocrx_word' id='word_1_568' title='bbox 2734 1737 2826 1791; x_wconf 89' lang='lat' dir='ltr'><strong>sed</strong></span> <span class='ocrx_word' id='word_1_569' title='bbox 2854 1737 2943 1790; x_wconf 90' lang='lat' dir='ltr'><strong>Dei</strong></span> <span class='ocrx_word' id='word_1_570' title='bbox 2981 1737 3239 1805; x_wconf 85' lang='lat' dir='ltr'><strong>sapientia</strong></span> <span class='ocrx_word' id='word_1_571' title='bbox 3270 1747 3322 1790; x_wconf 92' lang='lat' dir='ltr'><strong>et</strong></span> <span class='ocrx_word' id='word_1_572' title='bbox 3355 1737 3692 1806; x_wconf 89' lang='lat' dir='ltr'><strong>providentia</strong></span> 
     </span>
    </p>
   </div>
   <div class='ocr_carea' id='block_1_77' title="bbox 2099 1828 3693 1899">
    <p class='ocr_par' dir='ltr' id='par_1_77' title="bbox 2099 1828 3693 1899">
     <span class='ocr_line' id='line_1_77' title="bbox 2099 1828 3693 1899; baseline -0.003 -11"><span class='ocrx_word' id='word_1_573' title='bbox 2099 1834 2240 1888; x_wconf 79' lang='lat' dir='ltr'><strong>illius</strong></span> <span class='ocrx_word' id='word_1_574' title='bbox 2285 1831 2450 1885; x_wconf 88' lang='lat' dir='ltr'><strong>armis</strong></span> <span class='ocrx_word' id='word_1_575' title='bbox 2485 1839 2538 1884; x_wconf 89' lang='lat' dir='ltr'><strong>et</strong></span> <span class='ocrx_word' id='word_1_576' title='bbox 2561 1829 2768 1884; x_wconf 89' lang='lat' dir='ltr'><strong>artibus</strong></span> <span class='ocrx_word' id='word_1_577' title='bbox 2800 1829 2853 1882; x_wconf 91' lang='lat' dir='ltr'><strong>in</strong></span> <span class='ocrx_word' id='word_1_578' title='bbox 2900 1828 3062 1898; x_wconf 89' lang='lat' dir='ltr'><strong>ipsius</strong></span> <span class='ocrx_word' id='word_1_579' title='bbox 3090 1837 3245 1897; x_wconf 90' lang='lat' dir='ltr'><strong>caput</strong></span> <span class='ocrx_word' id='word_1_580' title='bbox 3289 1837 3472 1883; x_wconf 89' lang='lat' dir='ltr'><strong>utente</strong></span> <span class='ocrx_word' id='word_1_581' title='bbox 3502 1848 3515 1882; x_wconf 89' lang='lat'><strong>:</strong></span> <span class='ocrx_word' id='word_1_582' title='bbox 3547 1829 3693 1899; x_wconf 88' lang='lat' dir='ltr'><strong>quod</strong></span> 
     </span>
    </p>
   </div>
   <div class='ocr_carea' id='block_1_78' title="bbox 2099 1918 3692 1993">
    <p class='ocr_par' dir='ltr' id='par_1_78' title="bbox 2099 1918 3692 1993">
     <span class='ocr_line' id='line_1_78' title="bbox 2099 1918 3692 1993; baseline -0.001 -17"><span class='ocrx_word' id='word_1_583' title='bbox 2099 1923 2316 1993; x_wconf 90' lang='lat' dir='ltr'><strong>quidem</strong></span> <span class='ocrx_word' id='word_1_584' title='bbox 2360 1931 2416 1976; x_wconf 90' lang='lat' dir='ltr'><strong>et</strong></span> <span class='ocrx_word' id='word_1_585' title='bbox 2453 1921 2539 1975; x_wconf 90' lang='lat' dir='ltr'><strong>hic</strong></span> <span class='ocrx_word' id='word_1_586' title='bbox 2581 1920 2775 1974; x_wconf 76' lang='lat' dir='ltr'><strong>factum</strong></span> <span class='ocrx_word' id='word_1_587' title='bbox 2821 1929 2923 1973; x_wconf 90' lang='lat' dir='ltr'><strong>est.</strong></span> <span class='ocrx_word' id='word_1_588' title='bbox 2955 1918 3206 1973; x_wconf 87' lang='lat' dir='ltr'><strong>Diabolus</strong></span> <span class='ocrx_word' id='word_1_589' title='bbox 3248 1920 3392 1974; x_wconf 90' lang='lat' dir='ltr'><strong>enim</strong></span> <span class='ocrx_word' id='word_1_590' title='bbox 3425 1920 3535 1974; x_wconf 91' lang='lat' dir='ltr'><strong>illic</strong></span> <span class='ocrx_word' id='word_1_591' title='bbox 3566 1931 3692 1975; x_wconf 87' lang='lat' dir='ltr'><strong>tunc</strong></span> 
     </span>
    </p>
   </div>
   <div class='ocr_carea' id='block_1_79' title="bbox 2101 2013 3696 2088">
    <p class='ocr_par' dir='ltr' id='par_1_79' title="bbox 2101 2013 3696 2088">
     <span class='ocr_line' id='line_1_79' title="bbox 2101 2013 3696 2088; baseline -0.001 -17"><span class='ocrx_word' id='word_1_592' title='bbox 2101 2029 2328 2088; x_wconf 80' lang='lat' dir='ltr'><strong>tyranno</strong></span> <span class='ocrx_word' id='word_1_593' title='bbox 2355 2030 2415 2070; x_wconf 90' lang='lat' dir='ltr'><strong>se</strong></span> <span class='ocrx_word' id='word_1_594' title='bbox 2452 2013 2749 2078; x_wconf 86' lang='lat' dir='ltr'><strong>insinuans,</strong></span> <span class='ocrx_word' id='word_1_595' title='bbox 2796 2029 2968 2082; x_wconf 89' lang='lat' dir='ltr'><strong>neque</strong></span> <span class='ocrx_word' id='word_1_596' title='bbox 3014 2013 3158 2068; x_wconf 89' lang='lat' dir='ltr'><strong>l&#39;erro</strong></span> <span class='ocrx_word' id='word_1_597' title='bbox 3182 2021 3489 2067; x_wconf 86' lang='lat' dir='ltr'><strong>sanctorum</strong></span> <span class='ocrx_word' id='word_1_598' title='bbox 3517 2015 3696 2084; x_wconf 70' lang='lat' dir='ltr'><strong>capita</strong></span> 
     </span>
    </p>
   </div>
   <div class='ocr_carea' id='block_1_80' title="bbox 2099 2104 3694 2178">
    <p class='ocr_par' dir='ltr' id='par_1_80' title="bbox 2099 2104 3694 2178">
     <span class='ocr_line' id='line_1_80' title="bbox 2099 2104 3694 2178; baseline -0.001 -16"><span class='ocrx_word' id='word_1_599' title='bbox 2099 2108 2337 2163; x_wconf 88' lang='lat' dir='ltr'><strong>abscindi</strong></span> <span class='ocrx_word' id='word_1_600' title='bbox 2368 2107 2630 2178; x_wconf 84' lang='lat' dir='ltr'><strong>permisit,</strong></span> <span class='ocrx_word' id='word_1_601' title='bbox 2659 2120 2831 2173; x_wconf 86' lang='lat' dir='ltr'><strong>neque</strong></span> <span class='ocrx_word' id='word_1_602' title='bbox 2861 2105 3043 2159; x_wconf 83' lang='lat' dir='ltr'><strong>bestiis</strong></span> <span class='ocrx_word' id='word_1_603' title='bbox 3066 2104 3221 2168; x_wconf 86' lang='lat' dir='ltr'><strong>tradi,</strong></span> <span class='ocrx_word' id='word_1_604' title='bbox 3250 2120 3423 2174; x_wconf 89' lang='lat' dir='ltr'><strong>neque</strong></span> <span class='ocrx_word' id='word_1_605' title='bbox 3452 2104 3562 2157; x_wconf 91' lang='lat' dir='ltr'><strong>ullo</strong></span> <span class='ocrx_word' id='word_1_606' title='bbox 3583 2104 3694 2160; x_wconf 87' lang='lat' dir='ltr'><strong>alio</strong></span> 
     </span>
    </p>
   </div>
   <div class='ocr_carea' id='block_1_81' title="bbox 2104 2198 3695 2268">
    <p class='ocr_par' dir='ltr' id='par_1_81' title="bbox 2104 2198 3695 2268">
     <span class='ocr_line' id='line_1_81' title="bbox 2104 2198 3695 2268; baseline -0.001 -12"><span class='ocrx_word' id='word_1_607' title='bbox 2104 2203 2193 2256; x_wconf 87' lang='lat' dir='ltr'><strong>tali</strong></span> <span class='ocrx_word' id='word_1_608' title='bbox 2217 2201 2377 2256; x_wconf 89' lang='lat' dir='ltr'><strong>modo</strong></span> <span class='ocrx_word' id='word_1_609' title='bbox 2407 2200 2580 2268; x_wconf 83' lang='lat' dir='ltr'><strong>puniri</strong></span> <span class='ocrx_word' id='word_1_610' title='bbox 2607 2217 2620 2253; x_wconf 93' lang='lat'>:</span> <span class='ocrx_word' id='word_1_611' title='bbox 2652 2199 2746 2252; x_wconf 91' lang='lat' dir='ltr'><strong>sed</strong></span> <span class='ocrx_word' id='word_1_612' title='bbox 2777 2200 2828 2252; x_wconf 90' lang='lat' dir='ltr'><strong>in</strong></span> <span class='ocrx_word' id='word_1_613' title='bbox 2858 2198 3031 2267; x_wconf 88' lang='lat' dir='ltr'><strong>ignem</strong></span> <span class='ocrx_word' id='word_1_614' title='bbox 3056 2198 3198 2267; x_wconf 86' lang='lat' dir='ltr'><strong>injici</strong></span> <span class='ocrx_word' id='word_1_615' title='bbox 3221 2199 3409 2262; x_wconf 85' lang='lat' dir='ltr'><strong>suasit,</strong></span> <span class='ocrx_word' id='word_1_616' title='bbox 3435 2205 3495 2252; x_wconf 88' lang='lat' dir='ltr'><strong>ut</strong></span> <span class='ocrx_word' id='word_1_617' title='bbox 3518 2213 3695 2266; x_wconf 75' lang='lat' dir='ltr'><strong>neque</strong></span> 
     </span>
    </p>
   </div>
   <div class='ocr_carea' id='block_1_82' title="bbox 2103 2289 3694 2361">
    <p class='ocr_par' dir='ltr' id='par_1_82' title="bbox 2103 2289 3694 2361">
     <span class='ocr_line' id='line_1_82' title="bbox 2103 2289 3694 2361; baseline -0.003 -15"><span class='ocrx_word' id='word_1_618' title='bbox 2103 2293 2344 2361; x_wconf 66' lang='lat' dir='ltr'><strong>reliquiae</strong></span> <span class='ocrx_word' id='word_1_619' title='bbox 2388 2291 2599 2344; x_wconf 90' lang='lat' dir='ltr'><strong>illorum</strong></span> <span class='ocrx_word' id='word_1_620' title='bbox 2635 2297 2944 2344; x_wconf 88' lang='lat' dir='ltr'><strong>sanctorum</strong></span> <span class='ocrx_word' id='word_1_621' title='bbox 2989 2298 3351 2352; x_wconf 81' lang='lat' dir='ltr'><strong>remanerent,</strong></span> <span class='ocrx_word' id='word_1_622' title='bbox 3393 2289 3525 2357; x_wconf 89' lang='lat' dir='ltr'><strong>ipsis</strong></span> <span class='ocrx_word' id='word_1_623' title='bbox 3562 2304 3694 2342; x_wconf 86' lang='lat' dir='ltr'><strong>cor-</strong></span> 
     </span>
    </p>
   </div>
   <div class='ocr_carea' id='block_1_83' title="bbox 2103 2378 3694 2452">
    <p class='ocr_par' dir='ltr' id='par_1_83' title="bbox 2103 2378 3694 2452">
     <span class='ocr_line' id='line_1_83' title="bbox 2103 2378 3694 2452; baseline -0.003 -15"><span class='ocrx_word' id='word_1_624' title='bbox 2103 2384 2322 2452; x_wconf 88' lang='lat' dir='ltr'><strong>poribus</strong></span> <span class='ocrx_word' id='word_1_625' title='bbox 2345 2381 2696 2449; x_wconf 85' lang='lat' dir='ltr'><strong>consmnptis,</strong></span> <span class='ocrx_word' id='word_1_626' title='bbox 2728 2389 2785 2433; x_wconf 92' lang='lat' dir='ltr'><strong>et</strong></span> <span class='ocrx_word' id='word_1_627' title='bbox 2823 2381 3057 2447; x_wconf 86' lang='lat' dir='ltr'><strong>ipsorum</strong></span> <span class='ocrx_word' id='word_1_628' title='bbox 3085 2378 3266 2432; x_wconf 90' lang='lat' dir='ltr'><strong>cinere</strong></span> <span class='ocrx_word' id='word_1_629' title='bbox 3295 2393 3415 2432; x_wconf 90' lang='lat' dir='ltr'><strong>cum</strong></span> <span class='ocrx_word' id='word_1_630' title='bbox 3441 2393 3694 2434; x_wconf 87' lang='lat' dir='ltr'><strong>sarmen-</strong></span> 
     </span>
    </p>
   </div>
   <div class='ocr_carea' id='block_1_84' title="bbox 2103 2470 3700 2540">
    <p class='ocr_par' dir='ltr' id='par_1_84' title="bbox 2103 2470 3700 2540">
     <span class='ocr_line' id='line_1_84' title="bbox 2103 2470 3700 2540; baseline -0.002 -10"><span class='ocrx_word' id='word_1_631' title='bbox 2103 2485 2280 2530; x_wconf 90' lang='lat' dir='ltr'><strong>torum</strong></span> <span class='ocrx_word' id='word_1_632' title='bbox 2326 2474 2507 2529; x_wconf 88' lang='lat' dir='ltr'><strong>cinere</strong></span> <span class='ocrx_word' id='word_1_633' title='bbox 2552 2471 2881 2527; x_wconf 85' lang='lat' dir='ltr'><strong>commixto:</strong></span> <span class='ocrx_word' id='word_1_634' title='bbox 2915 2471 3054 2524; x_wconf 88' lang='lat' dir='ltr'><strong>Deus</strong></span> <span class='ocrx_word' id='word_1_635' title='bbox 3100 2481 3278 2524; x_wconf 90' lang='lat' dir='ltr'><strong>autem</strong></span> <span class='ocrx_word' id='word_1_636' title='bbox 3328 2470 3429 2526; x_wconf 89' lang='lat' dir='ltr'><strong>hoc</strong></span> <span class='ocrx_word' id='word_1_637' title='bbox 3473 2471 3592 2540; x_wconf 93' lang='lat' dir='ltr'><strong>ipso</strong></span> <span class='ocrx_word' id='word_1_638' title='bbox 3624 2472 3700 2527; x_wconf 89' lang='lat' dir='ltr'><strong>ad</strong></span> 
     </span>
    </p>
   </div>
   <div class='ocr_carea' id='block_1_85' title="bbox 2102 2562 3698 2636">
    <p class='ocr_par' dir='ltr' id='par_1_85' title="bbox 2102 2562 3698 2636">
     <span class='ocr_line' id='line_1_85' title="bbox 2102 2562 3698 2636; baseline -0.003 -15"><span class='ocrx_word' id='word_1_639' title='bbox 2102 2567 2390 2636; x_wconf 80' lang='lat' dir='ltr'><strong>impietatis</strong></span> <span class='ocrx_word' id='word_1_640' title='bbox 2416 2562 2830 2620; x_wconf 83' lang='lat' dir='ltr'><strong>destructionem</strong></span> <span class='ocrx_word' id='word_1_641' title='bbox 2860 2576 2985 2616; x_wconf 86' lang='lat' dir='ltr'><strong>usus</strong></span> <span class='ocrx_word' id='word_1_642' title='bbox 3010 2569 3117 2626; x_wconf 89' lang='lat' dir='ltr'><strong>est,</strong></span> <span class='ocrx_word' id='word_1_643' title='bbox 3147 2572 3202 2616; x_wconf 90' lang='lat' dir='ltr'><strong>et</strong></span> <span class='ocrx_word' id='word_1_644' title='bbox 3238 2576 3304 2615; x_wconf 91' lang='lat' dir='ltr'><strong>eo</strong></span> <span class='ocrx_word' id='word_1_645' title='bbox 3335 2564 3494 2617; x_wconf 88' lang='lat' dir='ltr'><strong>modo</strong></span> <span class='ocrx_word' id='word_1_646' title='bbox 3531 2579 3698 2633; x_wconf 85' lang='lat' dir='ltr'><strong>quem</strong></span> 
     </span>
    </p>
   </div>
   <div class='ocr_carea' id='block_1_86' title="bbox 2101 2658 3546 2728">
    <p class='ocr_par' dir='ltr' id='par_1_86' title="bbox 2101 2658 3546 2728">
     <span class='ocr_line' id='line_1_86' title="bbox 2101 2658 3546 2728; baseline -0.012 -15"><span class='ocrx_word' id='word_1_647' title='bbox 2101 2674 2202 2728; x_wconf 79' lang='lat' dir='ltr'><strong>ego</strong></span> <span class='ocrx_word' id='word_1_648' title='bbox 2224 2674 2347 2712; x_wconf 89' lang='lat' dir='ltr'><strong>mox</strong></span> <span class='ocrx_word' id='word_1_649' title='bbox 2381 2658 2578 2714; x_wconf 87' lang='lat' dir='ltr'><strong>dicam.</strong></span> <span class='ocrx_word' id='word_1_650' title='bbox 3541 2711 3546 2718; x_wconf 16' lang='grc' dir='ltr'><strong>ἢ</strong></span> 
     </span>
    </p>
   </div>
   <div class='ocr_carea' id='block_1_87' title="bbox 2173 2743 3696 2820">
    <p class='ocr_par' dir='ltr' id='par_1_87' title="bbox 2173 2743 3696 2820">
     <span class='ocr_line' id='line_1_87' title="bbox 2173 2743 3696 2820; baseline -0.003 -18"><span class='ocrx_word' id='word_1_651' title='bbox 2173 2748 2318 2820; x_wconf 78' lang='lat' dir='ltr'><strong>Ignis</strong></span> <span class='ocrx_word' id='word_1_652' title='bbox 2342 2747 2480 2820; x_wconf 84' lang='lat' dir='ltr'><strong>apud</strong></span> <span class='ocrx_word' id='word_1_653' title='bbox 2511 2746 2696 2800; x_wconf 73' lang='lat' dir='ltr'><strong>Persas</strong></span> <span class='ocrx_word' id='word_1_654' title='bbox 2722 2746 2843 2798; x_wconf 76' lang='lat' dir='ltr'><strong>deus</strong></span> <span class='ocrx_word' id='word_1_655' title='bbox 2872 2753 3099 2814; x_wconf 84' lang='lat' dir='ltr'><strong>putatur.</strong></span> <span class='ocrx_word' id='word_1_656' title='bbox 3124 2773 3192 2782; x_wconf 90' lang='lat'><strong>—</strong></span> <span class='ocrx_word' id='word_1_657' title='bbox 3235 2743 3375 2797; x_wconf 90' lang='lat' dir='ltr'><strong>Deus</strong></span> <span class='ocrx_word' id='word_1_658' title='bbox 3400 2743 3538 2812; x_wconf 89' lang='lat' dir='ltr'><strong>apud</strong></span> <span class='ocrx_word' id='word_1_659' title='bbox 3564 2743 3696 2798; x_wconf 88' lang='lat' dir='ltr'><strong>Per-</strong></span> 
     </span>
    </p>
   </div>
   <div class='ocr_carea' id='block_1_88' title="bbox 2105 2835 3698 2911">
    <p class='ocr_par' dir='ltr' id='par_1_88' title="bbox 2105 2835 3698 2911">
     <span class='ocr_line' id='line_1_88' title="bbox 2105 2835 3698 2911; baseline -0.003 -17"><span class='ocrx_word' id='word_1_660' title='bbox 2105 2855 2193 2895; x_wconf 87' lang='lat' dir='ltr'><strong>sas</strong></span> <span class='ocrx_word' id='word_1_661' title='bbox 2227 2841 2360 2911; x_wconf 81' lang='lat' dir='ltr'><strong>ignis</strong></span> <span class='ocrx_word' id='word_1_662' title='bbox 2399 2856 2518 2893; x_wconf 71' lang='lat' dir='ltr'><strong>esse</strong></span> <span class='ocrx_word' id='word_1_663' title='bbox 2548 2847 2794 2907; x_wconf 88' lang='lat' dir='ltr'><strong>putatur,</strong></span> <span class='ocrx_word' id='word_1_664' title='bbox 2832 2836 3112 2904; x_wconf 85' lang='lat' dir='ltr'><strong>ipsumque</strong></span> <span class='ocrx_word' id='word_1_665' title='bbox 3150 2835 3321 2890; x_wconf 90' lang='lat' dir='ltr'><strong>multo</strong></span> <span class='ocrx_word' id='word_1_666' title='bbox 3347 2836 3491 2889; x_wconf 86' lang='lat' dir='ltr'><strong>cultu</strong></span> <span class='ocrx_word' id='word_1_667' title='bbox 3533 2852 3698 2890; x_wconf 87' lang='lat' dir='ltr'><strong>vene-</strong></span> 
     </span>
    </p>
   </div>
   <div class='ocr_carea' id='block_1_89' title="bbox 2103 2926 3691 2996">
    <p class='ocr_par' dir='ltr' id='par_1_89' title="bbox 2103 2926 3691 2996">
     <span class='ocr_line' id='line_1_89' title="bbox 2103 2926 3691 2996; baseline -0.003 -9"><span class='ocrx_word' id='word_1_668' title='bbox 2103 2941 2287 2987; x_wconf 87' lang='lat' dir='ltr'><strong>rantur</strong></span> <span class='ocrx_word' id='word_1_669' title='bbox 2307 2931 2467 2986; x_wconf 90' lang='lat' dir='ltr'><strong>etiam</strong></span> <span class='ocrx_word' id='word_1_670' title='bbox 2494 2943 2633 2982; x_wconf 89' lang='lat' dir='ltr'><strong>nunc</strong></span> <span class='ocrx_word' id='word_1_671' title='bbox 2659 2927 2868 2981; x_wconf 87' lang='lat' dir='ltr'><strong>barbari</strong></span> <span class='ocrx_word' id='word_1_672' title='bbox 2895 2927 3165 2996; x_wconf 84' lang='lat' dir='ltr'><strong>regionem</strong></span> <span class='ocrx_word' id='word_1_673' title='bbox 3193 2926 3338 2979; x_wconf 86' lang='lat' dir='ltr'><strong>illam</strong></span> <span class='ocrx_word' id='word_1_674' title='bbox 3370 2926 3691 2982; x_wconf 75' lang='lat' dir='ltr'><strong>habitantes.</strong></span> 
     </span>
    </p>
   </div>
   <div class='ocr_carea' id='block_1_90' title="bbox 2103 3017 3700 3092">
    <p class='ocr_par' dir='ltr' id='par_1_90' title="bbox 2103 3017 3700 3092">
     <span class='ocr_line' id='line_1_90' title="bbox 2103 3017 3700 3092; baseline -0.003 -14"><span class='ocrx_word' id='word_1_675' title='bbox 2103 3024 2302 3078; x_wconf 80' lang='lat' dir='ltr'><strong>Volens</strong></span> <span class='ocrx_word' id='word_1_676' title='bbox 2355 3023 2512 3092; x_wconf 85' lang='lat' dir='ltr'><strong>igitur</strong></span> <span class='ocrx_word' id='word_1_677' title='bbox 2564 3021 2702 3075; x_wconf 90' lang='lat' dir='ltr'><strong>Deus</strong></span> <span class='ocrx_word' id='word_1_678' title='bbox 2765 3019 3019 3073; x_wconf 83' lang='lat' dir='ltr'><strong>radicitus</strong></span> <span class='ocrx_word' id='word_1_679' title='bbox 3071 3017 3360 3088; x_wconf 89' lang='lat' dir='ltr'><strong>impietatis</strong></span> <span class='ocrx_word' id='word_1_680' title='bbox 3412 3018 3700 3073; x_wconf 82' lang='lat' dir='ltr'><strong>materiam</strong></span> 
     </span>
    </p>
   </div>
   <div class='ocr_carea' id='block_1_91' title="bbox 2102 3109 3694 3179">
    <p class='ocr_par' dir='ltr' id='par_1_91' title="bbox 2102 3109 3694 3179">
     <span class='ocr_line' id='line_1_91' title="bbox 2102 3109 3694 3179; baseline -0.004 -10"><span class='ocrx_word' id='word_1_681' title='bbox 2102 3115 2340 3175; x_wconf 76' lang='lat' dir='ltr'><strong>auferre,</strong></span> <span class='ocrx_word' id='word_1_682' title='bbox 2374 3113 2637 3166; x_wconf 86' lang='lat' dir='ltr'><strong>concessit</strong></span> <span class='ocrx_word' id='word_1_683' title='bbox 2666 3109 2965 3179; x_wconf 69' lang='lat' dir='ltr'><strong>huiusmodi</strong></span> <span class='ocrx_word' id='word_1_684' title='bbox 3006 3123 3177 3178; x_wconf 70' lang='lat' dir='ltr'><strong>preme</strong></span> <span class='ocrx_word' id='word_1_685' title='bbox 3209 3109 3424 3162; x_wconf 91' lang='lat' dir='ltr'><strong>modum</strong></span> <span class='ocrx_word' id='word_1_686' title='bbox 3444 3149 3460 3173; x_wconf 95' lang='lat'><strong>,</strong></span> <span class='ocrx_word' id='word_1_687' title='bbox 3490 3119 3547 3162; x_wconf 91' lang='lat' dir='ltr'><strong>ut</strong></span> <span class='ocrx_word' id='word_1_688' title='bbox 3581 3125 3694 3178; x_wconf 73' lang='lat' dir='ltr'><strong>pne</strong></span> 
     </span>
    </p>
   </div>
   <div class='ocr_carea' id='block_1_92' title="bbox 2102 3198 3700 3271">
    <p class='ocr_par' dir='ltr' id='par_1_92' title="bbox 2102 3198 3700 3271">
     <span class='ocr_line' id='line_1_92' title="bbox 2102 3198 3700 3271; baseline -0.006 -10"><span class='ocrx_word' id='word_1_689' title='bbox 2102 3207 2273 3260; x_wconf 86' lang='lat' dir='ltr'><strong>oculis</strong></span> <span class='ocrx_word' id='word_1_690' title='bbox 2289 3205 2527 3259; x_wconf 86' lang='lat' dir='ltr'><strong>omnium</strong></span> <span class='ocrx_word' id='word_1_691' title='bbox 2552 3205 2721 3271; x_wconf 89' lang='lat' dir='ltr'><strong>ipsum</strong></span> <span class='ocrx_word' id='word_1_692' title='bbox 2741 3200 3026 3253; x_wconf 85' lang='lat' dir='ltr'><strong>colentium</strong></span> <span class='ocrx_word' id='word_1_693' title='bbox 3049 3240 3062 3261; x_wconf 90' lang='lat'><strong>,</strong></span> <span class='ocrx_word' id='word_1_694' title='bbox 3088 3198 3260 3252; x_wconf 88' lang='lat' dir='ltr'><strong>servis</strong></span> <span class='ocrx_word' id='word_1_695' title='bbox 3282 3199 3394 3252; x_wconf 89' lang='lat' dir='ltr'><strong>suis</strong></span> <span class='ocrx_word' id='word_1_696' title='bbox 3416 3199 3700 3252; x_wconf 84' lang='lat' dir='ltr'><strong>victoriam</strong></span> 
     </span>
    </p>
   </div>
   <div class='ocr_carea' id='block_1_93' title="bbox 2103 3290 3691 3364">
    <p class='ocr_par' dir='ltr' id='par_1_93' title="bbox 2103 3290 3691 3364">
     <span class='ocr_line' id='line_1_93' title="bbox 2103 3290 3691 3364; baseline -0.008 -10"><span class='ocrx_word' id='word_1_697' title='bbox 2103 3297 2370 3354; x_wconf 83' lang='lat' dir='ltr'><strong>conferret</strong></span> <span class='ocrx_word' id='word_1_698' title='bbox 2398 3314 2409 3348; x_wconf 94' lang='lat'>:</span> <span class='ocrx_word' id='word_1_699' title='bbox 2442 3312 2535 3364; x_wconf 89' lang='lat' dir='ltr'><strong>per</strong></span> <span class='ocrx_word' id='word_1_700' title='bbox 2577 3295 2687 3362; x_wconf 87' lang='lat' dir='ltr'><strong>ipsa</strong></span> <span class='ocrx_word' id='word_1_701' title='bbox 2732 3306 2890 3360; x_wconf 86' lang='lat' dir='ltr'><strong>opera</strong></span> <span class='ocrx_word' id='word_1_702' title='bbox 2932 3291 3059 3360; x_wconf 89' lang='lat' dir='ltr'><strong>ipsis</strong></span> <span class='ocrx_word' id='word_1_703' title='bbox 3103 3290 3425 3358; x_wconf 80' lang='lat' dir='ltr'><strong>persuadere</strong></span> <span class='ocrx_word' id='word_1_704' title='bbox 3471 3290 3691 3352; x_wconf 85' lang='lat' dir='ltr'><strong>volens,</strong></span> 
     </span>
    </p>
   </div>
   <div class='ocr_carea' id='block_1_94' title="bbox 2103 3381 3699 3460">
    <p class='ocr_par' dir='ltr' id='par_1_94' title="bbox 2103 3381 3699 3460">
     <span class='ocr_line' id='line_1_94' title="bbox 2103 3381 3699 3460; baseline -0.006 -15"><span class='ocrx_word' id='word_1_705' title='bbox 2103 3391 2245 3460; x_wconf 86' lang='lat' dir='ltr'><strong>quod</strong></span> <span class='ocrx_word' id='word_1_706' title='bbox 2283 3389 2555 3460; x_wconf 78' lang='lat' dir='ltr'><strong>gentilium</strong></span> <span class='ocrx_word' id='word_1_707' title='bbox 2604 3386 2676 3440; x_wconf 88' lang='lat' dir='ltr'><strong>dii</strong></span> <span class='ocrx_word' id='word_1_708' title='bbox 2724 3399 2828 3439; x_wconf 90' lang='lat' dir='ltr'><strong>non</strong></span> <span class='ocrx_word' id='word_1_709' title='bbox 2873 3383 3044 3437; x_wconf 85' lang='lat' dir='ltr'><strong>Deum</strong></span> <span class='ocrx_word' id='word_1_710' title='bbox 3091 3391 3325 3447; x_wconf 81' lang='lat' dir='ltr'><strong>tantum,</strong></span> <span class='ocrx_word' id='word_1_711' title='bbox 3372 3381 3468 3436; x_wconf 92' lang='lat' dir='ltr'><strong>sed</strong></span> <span class='ocrx_word' id='word_1_712' title='bbox 3515 3391 3570 3436; x_wconf 86' lang='lat' dir='ltr'><strong>et</strong></span> <span class='ocrx_word' id='word_1_713' title='bbox 3599 3381 3699 3436; x_wconf 83' lang='lat' dir='ltr'><strong>Dei</strong></span> 
     </span>
    </p>
   </div>
   <div class='ocr_carea' id='block_1_95' title="bbox 2102 3481 2558 3538">
    <p class='ocr_par' dir='ltr' id='par_1_95' title="bbox 2102 3481 2558 3538">
     <span class='ocr_line' id='line_1_95' title="bbox 2102 3481 2558 3538; baseline -0.018 0"><span class='ocrx_word' id='word_1_714' title='bbox 2102 3497 2290 3538; x_wconf 86' lang='lat' dir='ltr'><strong>servos</strong></span> <span class='ocrx_word' id='word_1_715' title='bbox 2321 3481 2558 3534; x_wconf 88' lang='lat' dir='ltr'><strong>timeant.</strong></span> 
     </span>
    </p>
   </div>
   <div class='ocr_carea' id='block_1_96' title="bbox 2177 3568 3694 3636">
    <p class='ocr_par' dir='ltr' id='par_1_96' title="bbox 2177 3568 3694 3636">
     <span class='ocr_line' id='line_1_96' title="bbox 2177 3568 3694 3636; baseline -0.005 -6"><span class='ocrx_word' id='word_1_716' title='bbox 2177 3577 2230 3630; x_wconf 75' lang='grc'><strong>4.</strong></span> <span class='ocrx_word' id='word_1_717' title='bbox 2253 3574 2320 3628; x_wconf 87' lang='lat' dir='ltr'><strong>Et</strong></span> <span class='ocrx_word' id='word_1_718' title='bbox 2341 3572 2618 3628; x_wconf 84' lang='lat' dir='ltr'><strong>considera</strong></span> <span class='ocrx_word' id='word_1_719' title='bbox 2649 3568 2885 3624; x_wconf 72' lang='lat' dir='ltr'><strong>victoria:</strong></span> <span class='ocrx_word' id='word_1_720' title='bbox 2914 3582 3163 3621; x_wconf 90' lang='lat' dir='ltr'><strong>coronam</strong></span> <span class='ocrx_word' id='word_1_721' title='bbox 3184 3582 3279 3636; x_wconf 88' lang='lat' dir='ltr'><strong>per</strong></span> <span class='ocrx_word' id='word_1_722' title='bbox 3293 3568 3560 3620; x_wconf 88' lang='lat' dir='ltr'><strong>contraria</strong></span> <span class='ocrx_word' id='word_1_723' title='bbox 3580 3577 3694 3622; x_wconf 83' lang='lat' dir='ltr'><strong>tex-</strong></span> 
     </span>
    </p>
   </div>
   <div class='ocr_carea' id='block_1_97' title="bbox 2105 3657 3692 3732">
    <p class='ocr_par' dir='ltr' id='par_1_97' title="bbox 2105 3657 3692 3732">
     <span class='ocr_line' id='line_1_97' title="bbox 2105 3657 3692 3732; baseline -0.009 -9"><span class='ocrx_word' id='word_1_724' title='bbox 2105 3676 2234 3732; x_wconf 84' lang='lat' dir='ltr'><strong>tam,</strong></span> <span class='ocrx_word' id='word_1_725' title='bbox 2267 3674 2321 3720; x_wconf 92' lang='lat' dir='ltr'><strong>et</strong></span> <span class='ocrx_word' id='word_1_726' title='bbox 2342 3660 2706 3730; x_wconf 80' lang='lat' dir='ltr'><strong>lactostrOpaei</strong></span> <span class='ocrx_word' id='word_1_727' title='bbox 2739 3668 2905 3713; x_wconf 88' lang='lat' dir='ltr'><strong>testes</strong></span> <span class='ocrx_word' id='word_1_728' title='bbox 2931 3659 3074 3726; x_wconf 84' lang='lat' dir='ltr'><strong>ipsos</strong></span> <span class='ocrx_word' id='word_1_729' title='bbox 3097 3657 3359 3711; x_wconf 91' lang='lat' dir='ltr'><strong>inimicos.</strong></span> <span class='ocrx_word' id='word_1_730' title='bbox 3384 3657 3520 3711; x_wconf 73' lang='lat' dir='ltr'><strong>Misit</strong></span> <span class='ocrx_word' id='word_1_731' title='bbox 3537 3660 3692 3724; x_wconf 81' lang='lat' dir='ltr'><strong>cnim,</strong></span> 
     </span>
    </p>
   </div>
   <div class='ocr_carea' id='block_1_98' title="bbox 2104 3750 3694 3829">
    <p class='ocr_par' dir='ltr' id='par_1_98' title="bbox 2104 3750 3694 3829">
     <span class='ocr_line' id='line_1_98' title="bbox 2104 3750 3694 3829; baseline -0.007 -15"><span class='ocrx_word' id='word_1_732' title='bbox 2104 3758 2295 3829; x_wconf 85' lang='lat' dir='ltr'><strong>inquit,</strong></span> <span class='ocrx_word' id='word_1_733' title='bbox 2318 3753 2783 3810; x_wconf 75' lang='lat' dir='ltr'><strong>Nabuchodonosor</strong></span> <span class='ocrx_word' id='word_1_734' title='bbox 2801 3767 2889 3805; x_wconf 79' lang='lat' dir='ltr'><strong>rea:</strong></span> <span class='ocrx_word' id='word_1_735' title='bbox 2899 3750 2965 3803; x_wconf 88' lang='lat' dir='ltr'><strong>ad</strong></span> <span class='ocrx_word' id='word_1_736' title='bbox 2981 3750 3387 3820; x_wconf 72' lang='lat' dir='ltr'><strong>congreganda&quot;:</strong></span> <span class='ocrx_word' id='word_1_737' title='bbox 3405 3766 3574 3803; x_wconf 75' lang='lat' dir='ltr'><strong>omnes</strong></span> <span class='ocrx_word' id='word_1_738' title='bbox 3593 3768 3694 3803; x_wconf 47' lang='lat' dir='ltr'><strong>ma.</strong></span> 
     </span>
    </p>
   </div>
   <div class='ocr_carea' id='block_1_99' title="bbox 2103 3840 3695 3920">
    <p class='ocr_par' dir='ltr' id='par_1_99' title="bbox 2103 3840 3695 3920">
     <span class='ocr_line' id='line_1_99' title="bbox 2103 3840 3695 3920; baseline -0.005 -18"><span class='ocrx_word' id='word_1_739' title='bbox 2103 3851 2361 3920; x_wconf 78' lang='lat' dir='ltr'><strong>gistratus,</strong></span> <span class='ocrx_word' id='word_1_740' title='bbox 2390 3856 2436 3900; x_wconf 84' lang='lat' dir='ltr'><strong>et</strong></span> <span class='ocrx_word' id='word_1_741' title='bbox 2457 3845 2625 3909; x_wconf 76' lang='lat' dir='ltr'><strong>duces,</strong></span> <span class='ocrx_word' id='word_1_742' title='bbox 2649 3854 2692 3896; x_wconf 77' lang='lat' dir='ltr'><strong>et</strong></span> <span class='ocrx_word' id='word_1_743' title='bbox 2720 3840 2977 3911; x_wconf 65' lang='lat' dir='ltr'><strong>praesides,</strong></span> <span class='ocrx_word' id='word_1_744' title='bbox 3005 3841 3256 3909; x_wconf 76' lang='lat' dir='ltr'><strong>principes</strong></span> <span class='ocrx_word' id='word_1_745' title='bbox 3292 3849 3336 3893; x_wconf 84' lang='lat' dir='ltr'><strong>et</strong></span> <span class='ocrx_word' id='word_1_746' title='bbox 3357 3849 3620 3910; x_wconf 80' lang='lat' dir='ltr'><strong>tyrannos,</strong></span> <span class='ocrx_word' id='word_1_747' title='bbox 3649 3850 3695 3894; x_wconf 67' lang='lat' dir='ltr'><strong>rt</strong></span> 
     </span>
    </p>
   </div>
   <div class='ocr_carea' id='block_1_100' title="bbox 2103 3931 3692 4010">
    <p class='ocr_par' dir='ltr' id='par_1_100' title="bbox 2103 3931 3692 4010">
     <span class='ocr_line' id='line_1_100' title="bbox 2103 3931 3692 4010; baseline -0.007 -15"><span class='ocrx_word' id='word_1_748' title='bbox 2103 3943 2156 3995; x_wconf 80' lang='lat' dir='ltr'><strong>in</strong></span> <span class='ocrx_word' id='word_1_749' title='bbox 2187 3938 2506 4010; x_wconf 68' lang='lat' dir='ltr'><strong>potestatibus</strong></span> <span class='ocrx_word' id='word_1_750' title='bbox 2533 3936 2845 3997; x_wconf 77' lang='lat' dir='ltr'><strong>constitutos,</strong></span> <span class='ocrx_word' id='word_1_751' title='bbox 2872 3942 2917 3984; x_wconf 87' lang='lat' dir='ltr'><strong>et</strong></span> <span class='ocrx_word' id='word_1_752' title='bbox 2938 3947 3108 3984; x_wconf 77' lang='lat' dir='ltr'><strong>attines</strong></span> <span class='ocrx_word' id='word_1_753' title='bbox 3124 3931 3386 4001; x_wconf 84' lang='lat' dir='ltr'><strong>regionum</strong></span> <span class='ocrx_word' id='word_1_754' title='bbox 3404 3934 3692 4000; x_wconf 62' lang='lat' dir='ltr'><strong>praefectos,</strong></span> 
     </span>
    </p>
   </div>
   <div class='ocr_carea' id='block_1_101' title="bbox 2105 4021 3695 4091">
    <p class='ocr_par' dir='ltr' id='par_1_101' title="bbox 2105 4021 3695 4091">
     <span class='ocr_line' id='line_1_101' title="bbox 2105 4021 3695 4091; baseline -0.008 -5"><span class='ocrx_word' id='word_1_755' title='bbox 2105 4042 2158 4086; x_wconf 81' lang='lat' dir='ltr'><strong>ut</strong></span> <span class='ocrx_word' id='word_1_756' title='bbox 2190 4032 2407 4084; x_wconf 75' lang='lat' dir='ltr'><strong>venirent</strong></span> <span class='ocrx_word' id='word_1_757' title='bbox 2423 4029 2491 4081; x_wconf 88' lang='lat' dir='ltr'><strong>ad</strong></span> <span class='ocrx_word' id='word_1_758' title='bbox 2529 4042 2668 4080; x_wconf 81' lang='lat' dir='ltr'><strong>noro:</strong></span> <span class='ocrx_word' id='word_1_759' title='bbox 2696 4023 3057 4077; x_wconf 80' lang='lat' dir='ltr'><strong>dedicationem</strong></span> <span class='ocrx_word' id='word_1_760' title='bbox 3089 4032 3290 4086; x_wconf 71' lang='lat' dir='ltr'><strong>statum,</strong></span> <span class='ocrx_word' id='word_1_761' title='bbox 3327 4031 3372 4074; x_wconf 85' lang='lat' dir='ltr'><strong>et</strong></span> <span class='ocrx_word' id='word_1_762' title='bbox 3401 4021 3695 4091; x_wconf 73' lang='lat' dir='ltr'><strong>congregati</strong></span> 
     </span>
    </p>
   </div>
   <div class='ocr_carea' id='block_1_102' title="bbox 2103 4113 3695 4190">
    <p class='ocr_par' dir='ltr' id='par_1_102' title="bbox 2103 4113 3695 4190">
     <span class='ocr_line' id='line_1_102' title="bbox 2103 4113 3695 4190; baseline -0.008 -11"><span class='ocrx_word' id='word_1_763' title='bbox 2103 4134 2220 4179; x_wconf 79' lang='lat' dir='ltr'><strong>sunt</strong></span> <span class='ocrx_word' id='word_1_764' title='bbox 2246 4139 2416 4176; x_wconf 82' lang='lat' dir='ltr'><strong>omnes</strong></span> <span class='ocrx_word' id='word_1_765' title='bbox 2459 4119 2617 4190; x_wconf 85' lang='lat' dir='ltr'><strong>(Dan.</strong></span> <span class='ocrx_word' id='word_1_766' title='bbox 2645 4122 2680 4176; x_wconf 76' lang='grc' dir='ltr'>ὂ</span> <span class='ocrx_word' id='word_1_767' title='bbox 2729 4117 2808 4184; x_wconf 69' lang='lat'><strong>2).</strong></span> <span class='ocrx_word' id='word_1_768' title='bbox 2843 4114 3089 4168; x_wconf 81' lang='lat' dir='ltr'><strong>inimicus</strong></span> <span class='ocrx_word' id='word_1_769' title='bbox 3119 4113 3385 4166; x_wconf 86' lang='lat' dir='ltr'><strong>theatrum</strong></span> <span class='ocrx_word' id='word_1_770' title='bbox 3430 4122 3600 4180; x_wconf 86' lang='lat' dir='ltr'><strong>parat,</strong></span> <span class='ocrx_word' id='word_1_771' title='bbox 3630 4126 3695 4167; x_wconf 91' lang='lat' dir='ltr'><strong>ac</strong></span> 
     </span>
    </p>
   </div>
   <div class='ocr_carea' id='block_1_103' title="bbox 2105 4201 3692 4284">
    <p class='ocr_par' dir='ltr' id='par_1_103' title="bbox 2105 4201 3692 4284">
     <span class='ocr_line' id='line_1_103' title="bbox 2105 4201 3692 4284; baseline -0.008 -15"><span class='ocrx_word' id='word_1_772' title='bbox 2105 4222 2433 4284; x_wconf 81' lang='lat' dir='ltr'><strong>spectatores</strong></span> <span class='ocrx_word' id='word_1_773' title='bbox 2457 4209 2617 4280; x_wconf 89' lang='lat' dir='ltr'><strong>cogit.</strong></span> <span class='ocrx_word' id='word_1_774' title='bbox 2643 4207 2871 4260; x_wconf 87' lang='lat' dir='ltr'><strong>stadium</strong></span> <span class='ocrx_word' id='word_1_775' title='bbox 2890 4203 3153 4274; x_wconf 89' lang='lat' dir='ltr'><strong>proponit,</strong></span> <span class='ocrx_word' id='word_1_776' title='bbox 3184 4201 3299 4271; x_wconf 88' lang='lat' dir='ltr'><strong>ipse</strong></span> <span class='ocrx_word' id='word_1_777' title='bbox 3329 4203 3692 4272; x_wconf 84' lang='lat' dir='ltr'><strong>spectaculum</strong></span> 
     </span>
    </p>
   </div>
   <div class='ocr_carea' id='block_1_104' title="bbox 2105 4296 3696 4372">
    <p class='ocr_par' dir='ltr' id='par_1_104' title="bbox 2105 4296 3696 4372">
     <span class='ocr_line' id='line_1_104' title="bbox 2105 4296 3696 4372; baseline -0.007 -10"><span class='ocrx_word' id='word_1_778' title='bbox 2105 4315 2387 4372; x_wconf 87' lang='lat' dir='ltr'><strong>convocat,</strong></span> <span class='ocrx_word' id='word_1_779' title='bbox 2419 4312 2472 4359; x_wconf 89' lang='lat' dir='ltr'><strong>et</strong></span> <span class='ocrx_word' id='word_1_780' title='bbox 2503 4302 2764 4356; x_wconf 88' lang='lat' dir='ltr'><strong>theatrum</strong></span> <span class='ocrx_word' id='word_1_781' title='bbox 2787 4314 2894 4353; x_wconf 90' lang='lat' dir='ltr'><strong>non</strong></span> <span class='ocrx_word' id='word_1_782' title='bbox 2915 4297 3208 4366; x_wconf 89' lang='lat' dir='ltr'><strong>vulgarium</strong></span> <span class='ocrx_word' id='word_1_783' title='bbox 3243 4296 3538 4362; x_wconf 89' lang='lat' dir='ltr'><strong>hominum,</strong></span> <span class='ocrx_word' id='word_1_784' title='bbox 3586 4313 3696 4351; x_wconf 88' lang='lat' dir='ltr'><strong>non</strong></span> 
     </span>
    </p>
   </div>
   <div class='ocr_carea' id='block_1_105' title="bbox 2105 4389 3694 4472">
    <p class='ocr_par' dir='ltr' id='par_1_105' title="bbox 2105 4389 3694 4472">
     <span class='ocr_line' id='line_1_105' title="bbox 2105 4389 3694 4472; baseline -0.008 -17"><span class='ocrx_word' id='word_1_785' title='bbox 2105 4403 2465 4472; x_wconf 84' lang='lat' dir='ltr'><strong>privatorum,</strong></span> <span class='ocrx_word' id='word_1_786' title='bbox 2512 4398 2611 4454; x_wconf 86' lang='lat' dir='ltr'><strong>sed</strong></span> <span class='ocrx_word' id='word_1_787' title='bbox 2650 4395 2884 4449; x_wconf 85' lang='lat' dir='ltr'><strong>omnium</strong></span> <span class='ocrx_word' id='word_1_788' title='bbox 2933 4391 3312 4446; x_wconf 71' lang='lat' dir='ltr'><strong>honoratoa-nm</strong></span> <span class='ocrx_word' id='word_1_789' title='bbox 3357 4398 3410 4443; x_wconf 89' lang='lat' dir='ltr'><strong>et</strong></span> <span class='ocrx_word' id='word_1_790' title='bbox 3453 4389 3694 4444; x_wconf 89' lang='lat' dir='ltr'><strong>omnium</strong></span> 
     </span>
    </p>
   </div>
   <div class='ocr_carea' id='block_1_106' title="bbox 2106 4482 3695 4567">
    <p class='ocr_par' dir='ltr' id='par_1_106' title="bbox 2106 4482 3695 4567">
     <span class='ocr_line' id='line_1_106' title="bbox 2106 4482 3695 4567; baseline -0.01 -14"><span class='ocrx_word' id='word_1_791' title='bbox 2106 4498 2528 4567; x_wconf 80' lang='lat' dir='ltr'><strong>magistratuum,</strong></span> <span class='ocrx_word' id='word_1_792' title='bbox 2575 4502 2633 4544; x_wconf 72' lang='lat' dir='ltr'><strong>ut</strong></span> <span class='ocrx_word' id='word_1_793' title='bbox 2673 4499 2727 4545; x_wconf 87' lang='lat' dir='ltr'><strong>et</strong></span> <span class='ocrx_word' id='word_1_794' title='bbox 2767 4486 3128 4542; x_wconf 85' lang='lat' dir='ltr'><strong>testimonium</strong></span> <span class='ocrx_word' id='word_1_795' title='bbox 3171 4483 3310 4552; x_wconf 88' lang='lat' dir='ltr'><strong>apud</strong></span> <span class='ocrx_word' id='word_1_796' title='bbox 3360 4483 3556 4536; x_wconf 85' lang='lat' dir='ltr'><strong>multos</strong></span> <span class='ocrx_word' id='word_1_797' title='bbox 3589 4482 3695 4537; x_wconf 83' lang='lat' dir='ltr'><strong>lide</strong></span> 
     </span>
    </p>
   </div>
   <div class='ocr_carea' id='block_1_107' title="bbox 2105 4572 3695 4660">
    <p class='ocr_par' dir='ltr' id='par_1_107' title="bbox 2105 4572 3695 4660">
     <span class='ocr_line' id='line_1_107' title="bbox 2105 4572 3695 4660; baseline -0.011 -16"><span class='ocrx_word' id='word_1_798' title='bbox 2105 4591 2322 4660; x_wconf 80' lang='lat' dir='ltr'><strong>dignum</strong></span> <span class='ocrx_word' id='word_1_799' title='bbox 2350 4583 2744 4640; x_wconf 77' lang='lat' dir='ltr'><strong>ﬁat.Venerant</strong></span> <span class='ocrx_word' id='word_1_800' title='bbox 2767 4579 2834 4631; x_wconf 89' lang='lat' dir='ltr'><strong>ad</strong></span> <span class='ocrx_word' id='word_1_801' title='bbox 2859 4576 3001 4632; x_wconf 86' lang='lat' dir='ltr'><strong>aliud</strong></span> <span class='ocrx_word' id='word_1_802' title='bbox 3032 4574 3199 4630; x_wconf 84' lang='lat' dir='ltr'><strong>vocati</strong></span> <span class='ocrx_word' id='word_1_803' title='bbox 3227 4572 3608 4643; x_wconf 88' lang='lat' dir='ltr'><strong>spectaculum,</strong></span> <span class='ocrx_word' id='word_1_804' title='bbox 3641 4581 3695 4626; x_wconf 89' lang='lat' dir='ltr'><strong>et</strong></span> 
     </span>
    </p>
   </div>
   <div class='ocr_carea' id='block_1_108' title="bbox 2105 4667 3696 4748">
    <p class='ocr_par' dir='ltr' id='par_1_108' title="bbox 2105 4667 3696 4748">
     <span class='ocr_line' id='line_1_108' title="bbox 2105 4667 3696 4748; baseline -0.012 -11"><span class='ocrx_word' id='word_1_805' title='bbox 2105 4683 2208 4737; x_wconf 78' lang='lat' dir='ltr'><strong>alia</strong></span> <span class='ocrx_word' id='word_1_806' title='bbox 2253 4677 2565 4748; x_wconf 77' lang='lat' dir='ltr'><strong>conSpicati,</strong></span> <span class='ocrx_word' id='word_1_807' title='bbox 2608 4687 2797 4727; x_wconf 71' lang='lat' dir='ltr'><strong>euntes</strong></span> <span class='ocrx_word' id='word_1_808' title='bbox 2828 4671 3092 4724; x_wconf 87' lang='lat' dir='ltr'><strong>abierunt.</strong></span> <span class='ocrx_word' id='word_1_809' title='bbox 3140 4667 3414 4722; x_wconf 75' lang='lat' dir='ltr'><strong>Venerunt</strong></span> <span class='ocrx_word' id='word_1_810' title='bbox 3461 4674 3696 4720; x_wconf 72' lang='lat' dir='ltr'><strong>statuam</strong></span> 
     </span>
    </p>
   </div>
   <div class='ocr_carea' id='block_1_109' title="bbox 2105 4757 3697 4832">
    <p class='ocr_par' dir='ltr' id='par_1_109' title="bbox 2105 4757 3697 4832">
     <span class='ocr_line' id='line_1_109' title="bbox 2105 4757 3697 4832; baseline -0.011 -5"><span class='ocrx_word' id='word_1_811' title='bbox 2105 4769 2407 4832; x_wconf 80' lang='lat' dir='ltr'><strong>adoraturi,</strong></span> <span class='ocrx_word' id='word_1_812' title='bbox 2453 4777 2507 4821; x_wconf 89' lang='lat' dir='ltr'><strong>et</strong></span> <span class='ocrx_word' id='word_1_813' title='bbox 2543 4774 2772 4819; x_wconf 87' lang='lat' dir='ltr'><strong>statuam</strong></span> <span class='ocrx_word' id='word_1_814' title='bbox 2809 4760 3023 4832; x_wconf 87' lang='lat' dir='ltr'><strong>quidem</strong></span> <span class='ocrx_word' id='word_1_815' title='bbox 3066 4758 3400 4820; x_wconf 81' lang='lat' dir='ltr'><strong>deriserunt;</strong></span> <span class='ocrx_word' id='word_1_816' title='bbox 3447 4757 3697 4811; x_wconf 72' lang='lat' dir='ltr'><strong>abierunt</strong></span> 
     </span>
    </p>
   </div>
   <div class='ocr_carea' id='block_1_110' title="bbox 2107 4850 3697 4928">
    <p class='ocr_par' dir='ltr' id='par_1_110' title="bbox 2107 4850 3697 4928">
     <span class='ocr_line' id='line_1_110' title="bbox 2107 4850 3697 4928; baseline -0.011 -10"><span class='ocrx_word' id='word_1_817' title='bbox 2107 4878 2236 4918; x_wconf 88' lang='lat' dir='ltr'><strong>vero</strong></span> <span class='ocrx_word' id='word_1_818' title='bbox 2267 4861 2356 4916; x_wconf 89' lang='lat' dir='ltr'><strong>Dei</strong></span> <span class='ocrx_word' id='word_1_819' title='bbox 2401 4857 2687 4928; x_wconf 78' lang='lat' dir='ltr'><strong>potentiam</strong></span> <span class='ocrx_word' id='word_1_820' title='bbox 2736 4851 2978 4908; x_wconf 90' lang='lat' dir='ltr'><strong>admirati</strong></span> <span class='ocrx_word' id='word_1_821' title='bbox 3010 4867 3105 4920; x_wconf 88' lang='lat' dir='ltr'><strong>per</strong></span> <span class='ocrx_word' id='word_1_822' title='bbox 3131 4851 3278 4920; x_wconf 89' lang='lat' dir='ltr'><strong>signa</strong></span> <span class='ocrx_word' id='word_1_823' title='bbox 3308 4850 3360 4902; x_wconf 90' lang='lat' dir='ltr'><strong>in</strong></span> <span class='ocrx_word' id='word_1_824' title='bbox 3389 4852 3569 4918; x_wconf 78' lang='lat' dir='ltr'><strong>pueris</strong></span> <span class='ocrx_word' id='word_1_825' title='bbox 3597 4864 3697 4901; x_wconf 79' lang='lat' dir='ltr'><strong>ex-</strong></span> 
     </span>
    </p>
   </div>
   <div class='ocr_carea' id='block_1_111' title="bbox 2110 4937 3691 5006">
    <p class='ocr_par' dir='ltr' id='par_1_111' title="bbox 2110 4937 3691 5006">
     <span class='ocr_line' id='line_1_111' title="bbox 2110 4937 3691 5006; baseline -0.009 0"><span class='ocrx_word' id='word_1_826' title='bbox 2110 4951 2294 5006; x_wconf 89' lang='lat' dir='ltr'><strong>hibita.</strong></span> <span class='ocrx_word' id='word_1_827' title='bbox 2315 4951 2380 5004; x_wconf 86' lang='lat' dir='ltr'><strong>Et</strong></span> <span class='ocrx_word' id='word_1_828' title='bbox 2406 4947 2522 5002; x_wconf 85' lang='lat' dir='ltr'><strong>vide</strong></span> <span class='ocrx_word' id='word_1_829' title='bbox 2543 4947 2631 5001; x_wconf 88' lang='lat' dir='ltr'><strong>ubl</strong></span> <span class='ocrx_word' id='word_1_830' title='bbox 2649 4944 2875 4999; x_wconf 78' lang='lat' dir='ltr'><strong>studium</strong></span> <span class='ocrx_word' id='word_1_831' title='bbox 2899 4941 3001 4996; x_wconf 87' lang='lat' dir='ltr'><strong>hoc</strong></span> <span class='ocrx_word' id='word_1_832' title='bbox 3025 4947 3313 4994; x_wconf 89' lang='lat' dir='ltr'><strong>statuerat:</strong></span> <span class='ocrx_word' id='word_1_833' title='bbox 3337 4937 3514 4992; x_wconf 84' lang='lat' dir='ltr'><strong>nonin</strong></span> <span class='ocrx_word' id='word_1_834' title='bbox 3539 4937 3691 5001; x_wconf 86' lang='lat' dir='ltr'><strong>urbe,</strong></span> 
     </span>
    </p>
   </div>
   <div class='ocr_carea' id='block_1_112' title="bbox 2109 5032 3701 5110">
    <p class='ocr_par' dir='ltr' id='par_1_112' title="bbox 2109 5032 3701 5110">
     <span class='ocr_line' id='line_1_112' title="bbox 2109 5032 3701 5110; baseline -0.008 -12"><span class='ocrx_word' id='word_1_835' title='bbox 2109 5060 2209 5098; x_wconf 90' lang='lat' dir='ltr'><strong>nec</strong></span> <span class='ocrx_word' id='word_1_836' title='bbox 2238 5045 2288 5098; x_wconf 93' lang='lat' dir='ltr'><strong>in</strong></span> <span class='ocrx_word' id='word_1_837' title='bbox 2321 5043 2428 5096; x_wconf 92' lang='lat' dir='ltr'><strong>ullo</strong></span> <span class='ocrx_word' id='word_1_838' title='bbox 2453 5054 2605 5110; x_wconf 89' lang='lat' dir='ltr'><strong>agro,</strong></span> <span class='ocrx_word' id='word_1_839' title='bbox 2642 5039 2738 5094; x_wconf 88' lang='lat' dir='ltr'><strong>sed</strong></span> <span class='ocrx_word' id='word_1_840' title='bbox 2785 5036 2924 5108; x_wconf 85' lang='lat' dir='ltr'><strong>plani</strong></span> <span class='ocrx_word' id='word_1_841' title='bbox 2969 5045 3024 5089; x_wconf 89' lang='lat' dir='ltr'><strong>et</strong></span> <span class='ocrx_word' id='word_1_842' title='bbox 3052 5033 3176 5088; x_wconf 90' lang='lat' dir='ltr'><strong>nudi</strong></span> <span class='ocrx_word' id='word_1_843' title='bbox 3203 5032 3374 5102; x_wconf 88' lang='lat' dir='ltr'><strong>campi</strong></span> <span class='ocrx_word' id='word_1_844' title='bbox 3422 5033 3523 5086; x_wconf 91' lang='lat' dir='ltr'><strong>hoc</strong></span> <span class='ocrx_word' id='word_1_845' title='bbox 3546 5032 3701 5086; x_wconf 87' lang='lat' dir='ltr'><strong>orbis</strong></span> 
     </span>
    </p>
   </div>
   <div class='ocr_carea' id='block_1_113' title="bbox 2111 5123 3701 5201">
    <p class='ocr_par' dir='ltr' id='par_1_113' title="bbox 2111 5123 3701 5201">
     <span class='ocr_line' id='line_1_113' title="bbox 2111 5123 3701 5201; baseline -0.009 -10"><span class='ocrx_word' id='word_1_846' title='bbox 2111 5135 2372 5191; x_wconf 87' lang='lat' dir='ltr'><strong>theatrum</strong></span> <span class='ocrx_word' id='word_1_847' title='bbox 2419 5131 2760 5201; x_wconf 89' lang='lat' dir='ltr'><strong>suscipiunt:</strong></span> <span class='ocrx_word' id='word_1_848' title='bbox 2801 5127 2855 5182; x_wconf 89' lang='lat' dir='ltr'><strong>in</strong></span> <span class='ocrx_word' id='word_1_849' title='bbox 2908 5141 3097 5195; x_wconf 87' lang='lat' dir='ltr'><strong>campo</strong></span> <span class='ocrx_word' id='word_1_850' title='bbox 3139 5125 3281 5179; x_wconf 87' lang='lat' dir='ltr'><strong>enim</strong></span> <span class='ocrx_word' id='word_1_851' title='bbox 3335 5123 3490 5177; x_wconf 84' lang='lat' dir='ltr'><strong>Deira</strong></span> <span class='ocrx_word' id='word_1_852' title='bbox 3541 5133 3701 5177; x_wconf 84' lang='lat' dir='ltr'><strong>extra</strong></span> 
     </span>
    </p>
   </div>
   <div class='ocr_carea' id='block_1_114' title="bbox 2111 5215 3700 5297">
    <p class='ocr_par' dir='ltr' id='par_1_114' title="bbox 2111 5215 3700 5297">
     <span class='ocr_line' id='line_1_114' title="bbox 2111 5215 3700 5297; baseline -0.01 -14"><span class='ocrx_word' id='word_1_853' title='bbox 2111 5229 2373 5283; x_wconf 84' lang='lat' dir='ltr'><strong>civitatem</strong></span> <span class='ocrx_word' id='word_1_854' title='bbox 2404 5226 2630 5297; x_wconf 77' lang='lat' dir='ltr'><strong>efﬁgiem</strong></span> <span class='ocrx_word' id='word_1_855' title='bbox 2662 5221 2853 5286; x_wconf 82' lang='lat' dir='ltr'><strong>erexit,</strong></span> <span class='ocrx_word' id='word_1_856' title='bbox 2885 5229 2939 5274; x_wconf 92' lang='lat' dir='ltr'><strong>et</strong></span> <span class='ocrx_word' id='word_1_857' title='bbox 2977 5233 3150 5288; x_wconf 63' lang='lat' dir='ltr'><strong>|)l&#39;.&#39;l?(‘.0</strong></span> <span class='ocrx_word' id='word_1_858' title='bbox 3195 5216 3554 5285; x_wconf 86' lang='lat' dir='ltr'><strong>pertransiens</strong></span> <span class='ocrx_word' id='word_1_859' title='bbox 3581 5215 3700 5269; x_wconf 80' lang='lat' dir='ltr'><strong>cla—</strong></span> 
     </span>
    </p>
   </div>
   <div class='ocr_carea' id='block_1_115' title="bbox 2111 5308 3699 5384">
    <p class='ocr_par' dir='ltr' id='par_1_115' title="bbox 2111 5308 3699 5384">
     <span class='ocr_line' id='line_1_115' title="bbox 2111 5308 3699 5384; baseline -0.01 -8"><span class='ocrx_word' id='word_1_860' title='bbox 2111 5321 2331 5376; x_wconf 87' lang='lat' dir='ltr'><strong>tnabat:</strong></span> <span class='ocrx_word' id='word_1_861' title='bbox 2374 5318 2522 5372; x_wconf 78' lang='lat' dir='ltr'><strong>Vobis</strong></span> <span class='ocrx_word' id='word_1_862' title='bbox 2567 5317 2772 5379; x_wconf 72' lang='lat' dir='ltr'><strong>dicitur,</strong></span> <span class='ocrx_word' id='word_1_863' title='bbox 2801 5323 2994 5384; x_wconf 76' lang='lat' dir='ltr'><strong>gentes,</strong></span> <span class='ocrx_word' id='word_1_864' title='bbox 3041 5311 3218 5374; x_wconf 83' lang='lat' dir='ltr'><strong>tribus,</strong></span> <span class='ocrx_word' id='word_1_865' title='bbox 3250 5309 3443 5379; x_wconf 82' lang='lat' dir='ltr'><strong>papuli,</strong></span> <span class='ocrx_word' id='word_1_866' title='bbox 3485 5308 3699 5377; x_wconf 73' lang='lat' dir='ltr'><strong>(iugum,</strong></span> 
     </span>
    </p>
   </div>
   <div class='ocr_carea' id='block_1_116' title="bbox 2110 5399 3698 5485">
    <p class='ocr_par' dir='ltr' id='par_1_116' title="bbox 2110 5399 3698 5485">
     <span class='ocr_line' id='line_1_116' title="bbox 2110 5399 3698 5485; baseline -0.01 -18"><span class='ocrx_word' id='word_1_867' title='bbox 2110 5429 2419 5485; x_wconf 72' lang='lat' dir='ltr'><strong>quacumque</strong></span> <span class='ocrx_word' id='word_1_868' title='bbox 2432 5412 2555 5464; x_wconf 82' lang='lat' dir='ltr'><strong>hora</strong></span> <span class='ocrx_word' id='word_1_869' title='bbox 2571 5408 2830 5462; x_wconf 77' lang='lat' dir='ltr'><strong>audieritis</strong></span> <span class='ocrx_word' id='word_1_870' title='bbox 2844 5421 3010 5460; x_wconf 84' lang='lat' dir='ltr'><strong>vocem</strong></span> <span class='ocrx_word' id='word_1_871' title='bbox 3027 5399 3388 5469; x_wconf 68' lang='lat' dir='ltr'><strong>tubw,ﬁstula:,</strong></span> <span class='ocrx_word' id='word_1_872' title='bbox 3407 5409 3452 5452; x_wconf 88' lang='lat' dir='ltr'><strong>et</strong></span> <span class='ocrx_word' id='word_1_873' title='bbox 3466 5400 3509 5451; x_wconf 84' lang='lat' dir='ltr'><strong>ci</strong></span> <span class='ocrx_word' id='word_1_874' title='bbox 3515 5400 3698 5465; x_wconf 69' lang='grc' dir='ltr'><strong>αισι-α’,</strong></span> 
     </span>
    </p>
   </div>
   <div class='ocr_carea' id='block_1_117' title="bbox 2109 5489 3703 5573">
    <p class='ocr_par' dir='ltr' id='par_1_117' title="bbox 2109 5489 3703 5573">
     <span class='ocr_line' id='line_1_117' title="bbox 2109 5489 3703 5573; baseline -0.011 -14"><span class='ocrx_word' id='word_1_875' title='bbox 2109 5505 2471 5573; x_wconf 75' lang='lat' dir='ltr'><strong>sambucazque,</strong></span> <span class='ocrx_word' id='word_1_876' title='bbox 2493 5511 2537 5556; x_wconf 86' lang='lat' dir='ltr'><strong>et</strong></span> <span class='ocrx_word' id='word_1_877' title='bbox 2565 5498 2811 5570; x_wconf 74' lang='lat' dir='ltr'><strong>psalterii,</strong></span> <span class='ocrx_word' id='word_1_878' title='bbox 2839 5506 2885 5551; x_wconf 82' lang='lat' dir='ltr'><strong>et</strong></span> <span class='ocrx_word' id='word_1_879' title='bbox 2912 5493 3230 5567; x_wconf 78' lang='lat' dir='ltr'><strong>symphonia:</strong></span> <span class='ocrx_word' id='word_1_880' title='bbox 3254 5501 3300 5546; x_wconf 86' lang='lat' dir='ltr'><strong>et</strong></span> <span class='ocrx_word' id='word_1_881' title='bbox 3325 5490 3489 5545; x_wconf 79' lang='lat' dir='ltr'><strong>omnis</strong></span> <span class='ocrx_word' id='word_1_882' title='bbox 3504 5489 3703 5560; x_wconf 72' lang='lat' dir='ltr'><strong>generis</strong></span> 
     </span>
    </p>
   </div>
   <div class='ocr_carea' id='block_1_118' title="bbox 2113 5581 3701 5664">
    <p class='ocr_par' dir='ltr' id='par_1_118' title="bbox 2113 5581 3701 5664">
     <span class='ocr_line' id='line_1_118' title="bbox 2113 5581 3701 5664; baseline -0.012 -9"><span class='ocrx_word' id='word_1_883' title='bbox 2113 5601 2434 5664; x_wconf 78' lang='lat' dir='ltr'><strong>musicorum,</strong></span> <span class='ocrx_word' id='word_1_884' title='bbox 2451 5596 2682 5650; x_wconf 78' lang='lat' dir='ltr'><strong>cadentes</strong></span> <span class='ocrx_word' id='word_1_885' title='bbox 2697 5593 2904 5646; x_wconf 70' lang='lat' dir='ltr'><strong>adorata</strong></span> <span class='ocrx_word' id='word_1_886' title='bbox 2919 5600 3135 5643; x_wconf 79' lang='lat' dir='ltr'><strong>statuant</strong></span> <span class='ocrx_word' id='word_1_887' title='bbox 3162 5603 3367 5641; x_wconf 85' lang='lat' dir='ltr'><strong>auream</strong></span> <span class='ocrx_word' id='word_1_888' title='bbox 3391 5585 3539 5656; x_wconf 87' lang='lat' dir='ltr'><strong>(vere</strong></span> <span class='ocrx_word' id='word_1_889' title='bbox 3555 5581 3701 5637; x_wconf 84' lang='lat' dir='ltr'><strong>enim</strong></span> 
     </span>
    </p>
   </div>
   <div class='ocr_carea' id='block_1_119' title="bbox 2111 5682 3699 5750">
    <p class='ocr_par' dir='ltr' id='par_1_119' title="bbox 2111 5682 3699 5750">
     <span class='ocr_line' id='line_1_119' title="bbox 2111 5682 3699 5750; baseline -0.014 -3"><span class='ocrx_word' id='word_1_890' title='bbox 2111 5691 2302 5747; x_wconf 89' lang='lat' dir='ltr'><strong>cadere</strong></span> <span class='ocrx_word' id='word_1_891' title='bbox 2317 5699 2431 5745; x_wconf 83' lang='lat' dir='ltr'><strong>erat</strong></span> <span class='ocrx_word' id='word_1_892' title='bbox 2451 5687 2791 5742; x_wconf 87' lang='lat' dir='ltr'><strong>simulacrum</strong></span> <span class='ocrx_word' id='word_1_893' title='bbox 2813 5682 3081 5750; x_wconf 86' lang='lat' dir='ltr'><strong>adorare):</strong></span> <span class='ocrx_word' id='word_1_894' title='bbox 3099 5688 3145 5733; x_wconf 84' lang='lat' dir='ltr'><strong>et</strong></span> <span class='ocrx_word' id='word_1_895' title='bbox 3169 5691 3468 5747; x_wconf 69' lang='lat' dir='ltr'><strong>quicumque</strong></span> <span class='ocrx_word' id='word_1_896' title='bbox 3487 5690 3586 5727; x_wconf 78' lang='lat' dir='ltr'><strong>non</strong></span> <span class='ocrx_word' id='word_1_897' title='bbox 3609 5689 3699 5725; x_wconf 85' lang='lat' dir='ltr'><strong>ca-</strong></span> 
     </span>
    </p>
   </div>
   <div class='ocr_carea' id='block_1_120' title="bbox 2112 5765 3702 5848">
    <p class='ocr_par' dir='ltr' id='par_1_120' title="bbox 2112 5765 3702 5848">
     <span class='ocr_line' id='line_1_120' title="bbox 2112 5765 3702 5848; baseline -0.013 -10"><span class='ocrx_word' id='word_1_898' title='bbox 2112 5781 2232 5838; x_wconf 76' lang='lat' dir='ltr'><strong>dens</strong></span> <span class='ocrx_word' id='word_1_899' title='bbox 2261 5779 2560 5848; x_wconf 82' lang='lat' dir='ltr'><strong>adoravcrit,</strong></span> <span class='ocrx_word' id='word_1_900' title='bbox 2592 5778 2644 5832; x_wconf 83' lang='lat' dir='ltr'><strong>in</strong></span> <span class='ocrx_word' id='word_1_901' title='bbox 2674 5776 2848 5833; x_wconf 81' lang='lat' dir='ltr'><strong>eadem</strong></span> <span class='ocrx_word' id='word_1_902' title='bbox 2885 5774 3008 5829; x_wconf 81' lang='lat' dir='ltr'><strong>hora</strong></span> <span class='ocrx_word' id='word_1_903' title='bbox 3057 5771 3342 5843; x_wconf 81' lang='lat' dir='ltr'><strong>projicicmr</strong></span> <span class='ocrx_word' id='word_1_904' title='bbox 3369 5769 3422 5822; x_wconf 75' lang='lat' dir='ltr'><strong>in</strong></span> <span class='ocrx_word' id='word_1_905' title='bbox 3445 5765 3702 5821; x_wconf 75' lang='lat' dir='ltr'><strong>caminum</strong></span> 
     </span>
    </p>
   </div>
  </div>
