4074 6218
226 290 297 345 53
1233 284 1324 338 AD
1361 279 1695 337 PUPULUM
1735 275 2234 336 ANTIOCIIENUM
2274 276 2512 332 HOMIL.
2557 277 2641 331 Iv.
3588 294 3653 345 αι.

226 421 320 456 σου
363 403 424 456 τὸ
475 402 741 467 συνειδός;
784 401 921 456 ἀλλὰ
975 398 1329 470 τιτρώσκεταί
1369 415 1463 450 σου
1513 397 1632 451 καθ’
1663 395 1902 463 ἑκάστην

219 491 436 560 ἡμέραν
464 492 498 560 ἡ
517 489 725 542 διάνοια
755 489 981 542 θάνατον
1012 485 1384 557 προσδοκῶσα,
1415 484 1509 537 καὶ
1541 482 1770 552 ἀπειλὴν
1803 498 1899 551 με-

220 578 450 645 γίστην;
496 575 656 629 Ἀλλά
701 577 794 628 καὶ
837 574 1083 627 ἐντεῦθεν
1130 575 1260 642 ἡμῖν
1305 571 1474 641 πολλὴ
1521 571 1656 641 πρὸς
1689 570 1888 641 ἀρετὴν

218 665 461 727 ἐπίδοσις
482 663 655 727 ἔσται,
675 660 1081 732 ἐπιτεινομένης
1103 662 1234 730 ἡμῖν
1256 660 1352 730 τῆς
1373 657 1658 720 εὐλαϐείας
1684 656 1772 708 διά
1792 655 1893 724 τῆς

218 751 483 817 ἀγωνίας.
508 751 744 814 Δυνατὸς
773 750 870 820 μὲν
894 749 1002 819 γάρ
1021 751 1050 801 6
1074 748 1204 810 Θεὸς
1228 747 1443 800 ᾶπαντα
1470 744 1630 798 λῦσαι
1654 745 1893 814 σήμερον

216 840 288 891 τά
317 839 497 892 δεινά*
527 838 641 891 ἀλλ’
669 839 773 900 ἕως
789 837 854 891 ἂν
875 838 956 907 ἴδῃ
975 835 1347 906 καθαρθέντας
1380 835 1548 904 ἡμᾶς,
1580 833 1684 894 ἕως
1717 831 1780 884 ἂν
1811 829 1894 898 ἴδῃ

217 927 521 997 γενομένην
565 925 918 997 ἐπιστροφὴν,
971 925 1066 976 καὶ
1090 923 1372 994 μετάνοιαν
1404 922 1606 990 παγίαν
1626 920 1724 974 καλ⁸
1747 919 1895 972 ἀσει-

220 1031 369 1076 στον,
391 1015 452 1066 οὐ
477 1013 734 1068 καταλύει
757 1013 855 1083 τὴν
881 1012 1076 1081 θλίψιν.
1112 1011 1219 1063 Καὶ
1241 1011 1358 1082 γὰρ
1383 1011 1412 1063 δ
1441 1008 1752 1080 χρυσοχόος,
1792 1006 1896 1067 ἕως

221 1101 289 1153 ἂν
317 1100 405 1173 ῐδῃ
432 1101 496 1152 τὸ
528 1101 750 1170 χρυσίον
796 1099 976 1162 καλῶς
1017 1097 1375 1168 ἐκκαθαρθὲν,
1405 1099 1504 1150 οὐκ
1545 1097 1762 1164 ἀνασπᾷ
1801 1091 1896 1146 τοῦ

220 1191 592 1260 χωνευτηρίου
613 1206 625 1218 ·
654 1189 797 1242 οὕτω
827 1191 919 1242 καὶ
953 1190 981 1241 6
1013 1187 1143 1251 Θεὸς
1183 1189 1242 1240 ού
1266 1188 1504 1258 παράγει
1533 1186 1691 1239 τοῦτο
1723 1184 1782 1236 τὸ
1810 1184 1896 1237 νέ-

223 1295 342 1345 φος,
388 1278 494 1339 ἕως
540 1276 606 1330 ἂν
652 1279 800 1348 ἡμᾶς
831 1276 1139 1346 σωφρονίσῃ
1175 1275 1447 1338 καλῶς.⁹0
1475 1274 1584 1345 γάρ
1613 1273 1899 1342 συγχωρή-

224 1381 323 1428 σας
348 1365 443 1417 τὸν
465 1366 789 1436 πειρασμὸν,
813 1365 974 1428 αὐτὸς
999 1359 1105 1416 οἶδε
1132 1364 1223 1416 καὶ
1245 1363 1333 1416 τὸν
1356 1363 1544 1434 καιρὸν
1570 1362 1670 1432 τῆς
1692 1359 1900 1422 λύσεως

221 1455 315 1506 τοῦ
358 1453 692 1523 πειρασμοῦ.
726 1452 881 1505 Οῦτω
931 1453 1023 1504 καὶ
1067 1453 1095 1503 6
1128 1449 1427 1521 κιθαρῳδὸς
1475 1448 1596 1502 οὔτε
1643 1447 1900 1502 ἐπιτείνει

220 1541 318 1611 τὴν
351 1540 574 1611 νευράν,
599 1541 685 1592 ἴνα
719 1539 793 1611 μὴ
824 1539 1110 1612 διαρρήξη.
1138 1537 1260 1591 οῦτε
1297 1537 1437 1608 χαλᾷ
1485 1537 1626 1607 πέρα
1678 1534 1772 1588 τοῦ
1806 1533 1903 1605 μέ-

224 1644 378 1699 τρου,
411 1627 500 1679 ἴνα
535 1628 610 1696 μὴ
635 1626 938 1698 λυμήνηται
986 1626 1083 1695 τὴν
1128 1625 1446 1695 συμφωνίαν
1472 1625 1572 1695 τῆς
1604 1621 1897 1695 ἁρμονίας·

224 1714 368 1767 οὕτω
400 1715 494 1766 καὶ
520 1714 696 1777 όΘεὸς
717 1716 880 1778 ποιεῖ,
913 1712 1036 1766 οὐτε
1081 1715 1136 1766 ἐν
1185 1713 1365 1765 ἀνέσει
1391 1712 1650 1780 διηνεκεῖ,
1686 1709 1807 1762 οὐτε
1843 1712 1904 1763 ἐν

226 1801 402 1868 θλίψει
443 1803 632 1872 μακρᾷ
657 1803 755 1871 τὴν
790 1801 1060 1872 ἡμετέραν
1093 1799 1382 1870 καθίστησι
1414 1798 1612 1869 ψυχὴν,
1640 1797 1780 1852 κατά
1805 1795 1902 1868 τὴν

226 1887 394 1941 αὐτοῦ
430 1888 647 1942 σύνεσιν
694 1889 976 1960 ἀμφότερα
1001 1891 1173 1941 ταῦτα
1210 1888 1396 1940 ποιῶν.
1425 1887 1539 1940 Οὐκ
1577 1887 1767 1955 ἀφίησι
1805 1885 1903 1956 μὲν

225 1977 336 2044 γάρ
353 1974 640 2046 διηνεκοῦς
667 1976 903 2040 ἀνέσεως
927 1975 1238 2040 ἀπολαύειν,
1264 1975 1350 2027 ἵνα
1384 1975 1459 2046 μὴ
1494 1971 1778 2042 γενώμεθα
1805 1975 1904 2043 ρᾳ-

237 2061 554 2132 θομότεροι’
586 2063 686 2115 οὐκ
715 2064 906 2133 ἀφίησι
933 2063 988 2116 δὲ
1019 2065 1075 2116 ἐν
1103 2061 1280 2132 θλίψει
1315 2063 1526 2131 συνεχεῖ
1559 2055 1698 2112 εἶναι
1723 2059 1906 2127 πάλιν,

234 2151 324 2203 ενα
360 2150 436 2221 μὴ
479 2152 872 2222 καταπέσωμεν
911 2151 1044 2222 μηδέ
1073 2150 1566 2222 ἀπαγορεύσωμεν.

307 2240 380 2307 Υ.
400 2241 560 2310 Αὐτῴ
577 2241 756 2294 τοίνυν
780 2240 1198 2312 παραχωρῶμεν
1223 2241 1312 2293 τὸν
1339 2240 1526 2311 καιρὸν
1549 2243 1647 2311 τῆς
1661 2239 1903 2294 ἀπαλλα-

230 2329 334 2398 γῆς
361 2327 472 2380 τῶν
498 2328 706 2392 δεινῶν,
738 2331 899 2399 ἡμεῖς
924 2328 979 2379 δὲ
1013 2327 1300 2398 εὐχώμεθα
1336 2327 1513 2397 μόνον,
1547 2328 1705 2397 ἡμεῖς
1738 2329 1794 2380 ἐν
1818 2328 1908 2381 εύ-

232 2415 430 2483 λαϐεία
457 2413 934 2485 ζήσωμεν.ᾟμῶν
964 2415 1060 2484 μέν
1093 2413 1200 2485 γὰρ
1233 2415 1392 2485 ἔργον
1415 2415 1474 2468 τὸ
1671 2415 1907 2486 μεταϐα-

229 2504 421 2555 λέσθαι
447 2504 585 2574 πρὸς
605 2503 825 2574 ἀρετὴν,
849 2502 941 2556 τοῦ
957 2503 1092 2555 Θεοῦ
1114 2503 1169 2556 δὲ
1197 2503 1356 2574 ἔργον
1379 2503 1439 2556 τὸ
1458 2503 1618 2556 λῦσαι
1641 2503 1708 2555 τά
1724 2502 1872 2557 δεινά
1891 2521 1904 2534 ·

230 2591 326 2641 καὶ
369 2588 481 2659 γάρ
514 2590 606 2643 σοῦ
654 2590 748 2643 τοῦ
791 2588 1186 2660 πειραζομένου
1222 2591 1418 2660 μᾶλλον
1465 2589 1626 2654 αὐτὸς
1661 2590 1909 2660 βούλεται

233 2678 426 2728 σϐέσαι
463 2677 562 2747 τὴν
588 2678 763 2748 πυράν
790 2678 1016 2749 ταύτην,
1042 2677 1157 2730 ἀλλ’
1180 2679 1438 2748 ἀναμένει
1469 2695 1564 2749 σου
1599 2679 1698 2750 τὴν
1733 2695 1909 2746 σωτη-

232 2765 357 2833 ρίαν
388 2763 602 2836 Ὥσπερ
644 2760 736 2817 οὖν
785 2765 844 2831 ἐξ
893 2765 1127 2828 ἀνέσεως
1170 2766 1384 2833 ἐγένετο
1412 2767 1611 2836 θλίψις,
1646 2767 1788 2819 οὕτω
1816 2767 1911 2820 καὶ

231 2851 344 2902 ἀπὸ
378 2849 612 2918 θλίψεως
654 2852 836 2904 ἄνεσιν
885 2852 991 2922 χρὴ
1035 2853 1357 2924 προσδοκᾷν.
1392 2854 1524 2906 Οὐδὲ
1555 2855 1661 2925 γάρ
1690 2855 1776 2907 ἀεὶ
1803 2872 1912 2925 χει-

233 2939 354 3007 μὼν
409 2939 531 2990 οὐδὲ
563 2939 652 2991 ἀεὶ
677 2939 856 3009 θέρος,
889 2942 986 2993 οὐκ
1015 2942 1100 2994 ἀεὶ
1132 2941 1349 3011 κύματα
1377 2943 1497 2995 οὐδέ
1540 2943 1626 2996 ἀεὶ
1676 2943 1909 3014 γαλήνη.

230 3030 334 3078 οὐκ
359 3027 450 3079 ἀεὶ
483 3027 579 3090 νὺξ
621 3028 740 3080 οὐδὲ
767 3030 852 3081 ἀεὶ
875 3029 1058 3101 ἡμέρα
1079 3046 1093 3059 ·
1125 3029 1298 3092 οὕτως
1320 3030 1440 3083 οὐδὲ
1465 3031 1551 3082 ἀεὶ
1574 3030 1771 3100 θλῖψις,
1797 3031 1910 3084 ἀλλ’

231 3115 398 3167 ἔσται
440 3116 534 3166 καὶ
580 3115 780 3178 ἄνεσις,
818 3117 976 3186 μόνον
1005 3117 1099 3171 ἐὰν
1125 3117 1182 3168 ἐν
1209 3120 1273 3186 τῇ
1305 3117 1478 3186 θλίψει
1503 3117 1794 3181 διαπαντὸς
1820 3118 1914 3170 εὑ-

229 3203 585 3272 χαριστῶμεν
616 3204 692 3274 τῷ
724 3204 840 3274 Θεῷ
887 3205 996 3257 Καὶ
1033 3204 1140 3276 γάρ
1171 3208 1219 3257 οἰ
1252 3207 1401 3274 τρεῖς
1428 3205 1616 3269 παῖδες
1643 3207 1722 3270 εἰς
1750 3206 1917 3276 κάμι-

230 3312 323 3345 νον
365 3294 759 3364 ὲνεϐλήθησαν,
796 3295 889 3348 καὶ
920 3294 1040 3346 οὐδὲ
1067 3293 1242 3357 οὕτως
1280 3294 1604 3348 ἐπελάθοντο
1631 3295 1730 3364 τῆς
1759 3295 1913 3348 εὐλα-

231 3381 414 3444 Θείας,
442 3381 562 3434 οὐδὲ
597 3382 860 3450 ἐφόϐησεν
887 3382 1084 3444 αὐτοὺς
1111 3383 1142 3452 ἡ
1171 3381 1320 3450 φλὸξ,
1356 3381 1492 3434 ἀλλὰ
1520 3381 1628 3434 τῶν
1660 3384 1717 3435 ἐν
1751 3381 1915 3435 θαλά-

238 3487 325 3538 μῳ
359 3468 706 3538 καθημένων,
736 3470 828 3520 καὶ
860 3469 1025 3539 μηδὲν
1053 3469 1369 3539 πασχόντων
1400 3469 1589 3532 δεινὸν,
1626 3470 1917 3523 σπουδαιό-

233 3573 295 3608 τε
305 3574 401 3626 ρον
414 3555 494 3626 τῷ
512 3573 582 3607 πυ
590 3557 644 3626 ρὶ
667 3556 1045 3626 κυκλούμενοι,
1069 3557 1166 3619 τάς
1191 3557 1343 3628 ἱεράς
1361 3557 1576 3620 ἐκείνας
1601 3557 1917 3627 ἀνέπεμπον

237 3645 431 3714 εὐχάς.
472 3645 570 3696 Διά
608 3644 765 3697 τοῦτο
804 3648 982 3714 τεῖχος
1032 3647 1216 3708 αὐτοῖς
1266 3645 1483 3713 ἐγένετο
1530 3645 1592 3697 τὸ
1642 3645 1775 3715 πῦρ,
1825 3646 1919 3697 καὶ

240 3733 408 3804 στολὴ
436 3734 469 3802 ἡ
506 3731 655 3799 φλὸξ,
693 3733 784 3784 καὶ
822 3732 972 3802 πηγὴ
1000 3734 1036 3801 ἡ
1062 3733 1311 3802 κάμινος,
1347 3735 1440 3786 καὶ
1481 3731 1799 3801 δεδεμένους
1826 3733 1918 3784 λα-

237 3819 418 3871 ϐοῦσα
441 3819 767 3888 λελυμένους
804 3819 1111 3871 ἀπέδωκεν·
1153 3819 1313 3872 ἔλαϐε
1343 3819 1512 3890 θνητὰ
1549 3818 1800 3890 σώματα,
1826 3821 1920 3874 καὶ

240 3908 317 3969 ὡς
351 3907 638 3960 ἀθανάτων
665 3905 932 3976 ἀπέσχετο
949 3921 962 3936 ·
990 3906 1090 3958 οὐκ
1118 3905 1298 3974 ἐγνωει
1326 3905 1428 3977 τὴν
1453 3907 1634 3975 φύσιν,
1664 3907 1777 3960 ἀλλ’
1800 3908 1923 3979 ἡδέ-

246 3999 349 4064 σθη
379 3996 478 4067 τὴν
507 3996 788 4048 εὐλάϐειαν
813 4012 826 4026 ⁸
865 3995 1018 4065 ἔδησε
1067 3996 1192 4058 τοὺς
1236 3994 1401 4058 πόδας
1442 3997 1471 4048 6
1503 3995 1783 4066 τύραννος.
1826 3999 1920 4050 καὶ

245 4086 446 4153 ἔδησαν
476 4084 525 4136 οἱ
559 4083 716 4145 πόδες
743 4080 838 4134 τοῦ
880 4081 1050 4152 πυρὸς
1081 4082 1180 4151 τὴν
1218 4082 1587 4153 ἐνέργειαν.“Ω
1619 4082 1920 4154 παραδόξου

246 4170 614 4242 πράγματοςί
652 4171 777 4232 τοὺς
816 4168 1128 4239 δεδεμένους
1166 4169 1350 4222 ἔλυσεν
1381 4170 1413 4240 ἡ
1449 4169 1599 4238 φλὸξ.
1644 4171 1736 4222 καὶ
1783 4171 1923 4242 αὐτὴ

243 4261 435 4313 λοιπὸν
469 4257 576 4310 ὐπὸ
609 4255 719 4308 τῶν
745 4254 1042 4326 δεδεμένων
1087 4257 1321 4309 ἑδέδετο’
1368 4256 1631 4327 μετέϐαλε
1670 4259 1780 4330 γὰρ
1813 4259 1923 4315 τῶν

250 4347 597 4421 πραγμάτων
631 4344 737 4410 τὴν
767 4344 929 4413 φύσιν
959 4343 1066 4397 τῶν
1094 4344 1388 4398 νεανίσκων
1416 4345 1449 4414 ἡ
1477 4344 1754 4410 εὐλάϐεια,
1788 4347 1923 4417 μᾶλ-

249 4438 340 4488 λον
373 4434 431 4488 δὲ
463 4435 526 4486 οὐ
558 4434 655 4504 τὴν
685 4432 845 4501 φύσιν
878 4431 1189 4503 μετέϐαλεν,
1221 4431 1334 4485 ἀλλ’
1365 4432 1392 4485 ὂ
1414 4431 1592 4503 πολλῷ
1613 4432 1928 4505 θαυμαστό-

246 4541 411 4594 τερον
451 4519 540 4592 ἦν,
581 4520 847 4590 μενούσης
881 4522 980 4591 τῆς
1009 4520 1222 4589 φύσεως
1242 4519 1339 4590 τὴν
1368 4520 1644 4590 ἐνέργειαν
1674 4520 1921 4592 ἔστησεν.

247 4614 326 4664 υς.
357 4610 468 4680 γαρ
512 4609 698 4661 ἔσϐεσε
727 4608 788 4660 τὸ
827 4608 958 4678 πῦρ,
987 4606 1121 4659 ἀλλὰ
1146 4608 1433 4676 καιόμενον
1464 4609 1632 4678 ἀργὸν
1664 4609 1887 4681 ἐποίησε
1907 4627 1920 4644 ο

251 4706 347 4756 καὶ
389 4703 452 4754 τὸ
475 4701 539 4770 δὴ
570 4699 881 4769 θαυμαστὸν
917 4698 1010 4751 καὶ
1055 4696 1378 4769 παράδοξον,
1409 4698 1509 4750 οὐκ
1555 4699 1646 4751 ἐπὶ
1675 4699 1785 4752 τῶν
1816 4717 1924 4754 σω-

253 4793 445 4860 μάτων
465 4788 622 4840 τοῦτο
652 4787 759 4840 τῶν
792 4787 962 4856 ἁγίων
978 4787 1192 4854 ἐγένετο
1228 4785 1408 4855 μόνον,
1426 4785 1561 4840 ἀλλά
1588 4786 1682 4839 καὶ
1706 4788 1796 4840 ἐπὶ
1818 4788 1926 4841 τῶν

252 4877 492 4948 ἱματίων
513 4877 712 4938 αὐτῶν,
735 4877 831 4930 καὶ
872 4877 964 4928 ἐπὶ
991 4875 1100 4928 τῶν
1127 4875 1488 4945 ὑποδημάτων
1508 4893 1521 4904 ·
1554 4877 1649 4928 καὶ
1675 4875 1925 4948 καθάπερ

249 4968 346 5019 ἐπὶ
395 4965 504 5018 τῶν
553 4965 884 5028 ἀποστόλων,
921 4963 991 5016 τά
1030 4963 1220 5033 ἱμάτια
1253 4963 1466 5016 Παύλου
1509 4964 1790 5035 νοσήματα
1834 4966 1928 5018 καὶ

248 5056 519 5124 δαίμονας
565 5053 781 5123 ἤλαυνε,
823 5054 918 5105 καὶ
956 5053 1012 5104 αἰ
1057 5051 1204 5104 σκιαὶ
1232 5052 1434 5122 Πέτρου
1465 5051 1694 5106 θάνατον
1723 5053 1928 5122 ἐφυγά-

249 5143 482 5196 δευονδο
531 5142 673 5195 οὕτω
714 5141 779 5212 δὴ
820 5142 915 5194 καὶ
959 5140 1194 5194 ἐνταῦθα
1228 5140 1336 5193 τῶν
1371 5140 1575 5194 παίδων
1608 5141 1813 5196 τούτων
1859 5141 1929 5195 τά

253 5231 583 5300 ὑποδήματα
629 5231 729 5302 τὴν
770 5228 862 5282 τοῦ
911 5228 1081 5300 πυρὸς
1129 5227 1357 5298 δύναμιν
1401 5227 1641 5282 ἔσϐεσεν.
1667 5228 1781 5282 υύκ
1814 5225 1930 5284 οῖδα

253 5320 376 5380 πῶς
419 5317 590 5369 εἴπωο
625 5318 684 5370 τὸ
718 5316 825 5388 γὰρ
863 5314 1046 5386 θαῦμα
1087 5316 1266 5369 πᾶσαν
1303 5315 1618 5387 ὑπερϐαίνει
1662 5316 1820 5387 λόγου
1854 5317 1932 5370 δι-

249 5412 480 5485 ήγησιν.
512 5407 614 5462 Καὶ
650 5409 760 5480 γὰρ
784 5408 1006 5461 ἓσϐεστο
1047 5410 1080 5478 ἡ
1126 5408 1395 5475 ἐνέργεια,
1427 5407 1519 5459 καὶ
1545 5408 1644 5460 οὐκ
1670 5407 1894 5460 ἐσϐεστο
1917 5423 1930 5436 ·

250 5502 344 5550 ετε
381 5499 480 5567 μὲν
516 5497 626 5567 γάρ
656 5499 768 5560 τοῖς
807 5495 1052 5567 σώμασιν
1098 5496 1291 5566 ὡμίλει
1333 5494 1437 5548 τῶν
1486 5495 1653 5565 ἁγίων
1685 5496 1928 5561 ἐκείνων,

252 5587 487 5637 ἔςϐεστο
512 5601 525 5613 ·
560 5586 647 5636 ὅτε
691 5584 746 5636 δέ
776 5585 842 5637 τα
869 5583 1043 5654 δεσμὰ
1074 5582 1362 5654 διαρρῆξαι
1395 5582 1520 5643 ἔδει,
1551 5583 1649 5635 οὐκ
1671 5582 1893 5636 ἔσϐεστο
1914 5601 1927 5615 ο

256 5673 324 5724 τὶ
349 5671 481 5737 γοῦν
503 5672 674 5742 δεσμά
697 5672 965 5744 διέρρηξε,
989 5669 1208 5725 καὶτῶν
1233 5670 1589 5741 ἀστραγάλων
1619 5672 1714 5742 οὐχ
1735 5671 1929 5743 ἥψατο.

331 5831 352 5888 ᾗ
381 5827 528 5873 Saﬁl.
557 5828 643 5874 ούκ
669 5828 829 5887 ἔγνων,
867 5829 1035 5878 Marci.
1069 5831 1204 5888 ἔγνω,
1228 5830 1402 5878 omissa
1431 5829 1693 5888 negatione

326 5886 355 5926 ι
380 5891 477 5937 Adi
505 5892 579 5935 καὶ
604 5893 632 5946 ἡ
670 5891 836 5937 σκιά...
861 5886 1154 5953 ἐξυγάδ-ετεν.

2005 387 2160 455 Εἶδες
2189 390 2330 462 πόση
2365 393 2398 461 ἡ
2431 391 2701 459 ἑγγύτηςς
2752 387 2860 443 Καὶ
2901 391 3000 442 οὐκ
3024 391 3276 463 ἡπατηθη
3308 392 3367 444 τὸ
3395 391 3524 462 πῦρ.
3553 394 3672 448 οὐδέ

2004 479 2267 550 ἐνδοτέρω
2311 479 2416 532 τῶν
2468 479 2683 549 δεσμῶν
2730 477 3009 548 προελθεῖν
3063 481 3618 552 ἐτόλμησεν.Ἔδησεν
3646 487 3674 535 6

1997 573 2280 643 τύραννος,
2299 571 2396 623 καὶ
2427 569 2616 623 ἔλυσεν
2644 571 2676 639 ἡ
2707 569 2858 637 φλὸξ,
2893 570 2979 621 ἵνα
3014 569 3188 642 μάθῃς
3219 572 3309 624 καὶ
3338 571 3432 624 τοῦ
3463 572 3671 643 βαρσά..

1983 649 2092 729 ‘pou
2123 658 2220 728 τὴν
2254 657 2511 726 ὠμότητα
2541 658 2633 709 καὶ
2675 656 2767 708 τοῦ
2813 656 3077 725 στοιχείου
3103 657 3197 727 τὴν
3222 658 3484 727 ὑπακοήν.
3517 659 3673 721 Τίνος

1995 748 2050 801 δὲ
2072 747 2254 800 ἕνεκεν
2273 746 2481 815 ἔδησεν,
2504 746 2582 808 εἰς
2606 744 2717 814 πῦρ
2737 744 2992 814 ἐμϐαλεῖν
3017 743 3252 814 μέλλωνς
3279 746 3393 798 Ἵνα
3409 747 3467 797 τὸ
3491 746 3676 816 θαῦμα

2001 833 2182 903 μεῖξον
2205 832 2450 902 γένηται,
2473 832 2558 883 ἵνα
2578 829 3005 900 παραδοξότερον
3027 831 3088 884 τὸ
3113 833 3359 900 σημεῖον,
3384 832 3470 884 ἵνα
3497 833 3570 904 μὴ
3590 851 3678 886 νο-

2001 920 2164 991 μίσῃς
2184 917 2479 989 ὀφθαλμῶν
2525 918 2743 988 ἀπάτην
2773 913 2912 970 εἶναι
2954 918 3024 972 τά
3063 916 3335 988 ὁρώμενα.
3373 919 3435 970 Εἰ
3465 918 3571 989 γὰρ
3601 919 3676 989 μὴ

1999 1006 2110 1074 πῦρ
2138 1002 2205 1076 ἦν
2234 1007 2408 1058 ἐκεῖνο
2437 1004 2497 1058 τὸ
2533 1003 2666 1075 πῦρ,
2691 1005 2790 1058 οὐκ
2821 1004 2888 1059 ἂν
2911 1003 2978 1057 τά
2998 1004 3172 1074 δεσμά
3198 1005 3508 1073 κατέφαγεν
3527 1019 3539 1032 ·
3585 1005 3679 1058 καὶ

1997 1094 2026 1147 ὃ
2077 1094 2254 1164 πολλῷ
2306 1093 2488 1164 μεῖζον
2535 1088 2624 1162 ἦν,
2675 1094 2774 1145 οὐκ
2816 1093 2881 1146 ἂν
2917 1092 3042 1154 τοὺς
3095 1092 3291 1156 ἔξωθεν
3341 1093 3677 1162 στρατιώτας

2000 1181 2336 1253 καθημένους
2358 1183 2604 1251 ἥρπασεν
2627 1197 2640 1212 ’
2674 1181 2768 1233 νῦν
2799 1180 2876 1244 δὲ,
2912 1182 2969 1233 ἐν
2999 1180 3094 1250 μὲν
3119 1182 3233 1244 τοῖς
3259 1180 3361 1246 ἔξω
3394 1181 3491 1251 τὴν
3523 1181 3680 1233 δύνα-

2004 1287 2094 1338 μιν
2139 1267 2466 1330 ἐπεδείξατο,
2497 1270 2553 1320 ἐν
2587 1267 2642 1319 δὲ
2669 1270 2779 1330 τοῖς
2813 1267 2961 1320 ἔνδον
2987 1267 3085 1336 τὴν
3115 1268 3360 1337 ὑπακοὴν
3392 1268 3555 1334 ἔδειξε
3607 1269 3677 1321 Σὺ

2000 1356 2055 1407 δέ
2089 1372 2177 1425 μοι
2197 1349 2411 1407 ’σκόπει
2453 1353 2752 1424 πανταχοῦ,
2791 1353 2908 1415 πῶς
2932 1356 2959 1406 6
2988 1354 3231 1418 διάϐολος
3254 1356 3321 1408 δι’
3348 1349 3423 1408 ὧν
3453 1356 3679 1426 πολεμεῖ

2002 1444 2112 1504 τοῖς
2140 1441 2234 1493 τοῦ
2265 1441 2398 1493 Θεοῦ
2426 1440 2652 1504 δούλοις,
2693 1440 2782 1493 διὰ
2823 1439 3028 1492 τούτων
3071 1442 3168 1512 τὴν
3206 1442 3412 1494 οἰκείαν
3450 1442 3678 1513 δύναμιν

2003 1529 2272 1600 καθαιρεῖ,
2308 1531 2404 1597 οὐχ
2431 1527 2593 1593 ἑκὼν,
2618 1527 2754 1581 ἀλλὰ
2785 1527 2877 1580 τοῦ
2911 1526 3045 1580 Θεοῦ
3066 1528 3160 1580 τοῦ
3191 1529 3354 1597 σοφοῦ
3391 1531 3483 1582 καὶ
3506 1531 3679 1600 εὐμη-

2003 1617 2164 1687 χάνου
2195 1619 2307 1678 τοῖς
2337 1617 2522 1678 ὅπλοις
2557 1618 2667 1676 τοῖς
2689 1616 2896 1668 ἐκείνου
2933 1616 3027 1668 καὶ
3053 1618 3174 1679 ταῖς
3208 1616 3506 1686 μεθοδείαις
3534 1617 3676 1670 κατά

2000 1704 2099 1773 τῆς
2138 1702 2254 1774 [54]
2280 1703 2490 1756 ἐκείνου
2516 1703 2855 1772 κεχρημένου
2880 1702 3140 1773 κεφαλῆς.
3153 1705 3216 1755 Ὃ
3245 1703 3307 1774 δὴ
3331 1705 3419 1756 καὶ
3448 1705 3678 1757 ἐνταῦθα

2002 1791 2244 1858 γέγονεν.
2263 1789 2320 1842 Ὀ
2349 1789 2446 1860 μὲν
2463 1787 2572 1860 γὰρ
2598 1788 2841 1852 διάϐολος
2862 1789 3174 1858 ἐμπνεύσας
3195 1791 3272 1861 τῷ
3292 1791 3538 1861 τυράννῳ
3559 1792 3680 1844 τότε

2005 1877 2217 1946 ἐκείνῳ,
2257 1875 2380 1929 οῦτε
2409 1877 2612 1946 σιδήρῳ
2629 1875 2729 1939 τὰς
2756 1876 2864 1928 τῶν
2892 1876 3060 1944 ἁγίων
3091 1877 3474 1948 ἀποτμηθῆναι
3507 1895 3681 1946 κεφα-

2004 1963 2104 2026 λάς
2146 1964 2378 2032 ἀφῆκεν,
2417 1962 2540 2016 οῦτε
2593 1963 2801 2034 θηρίοις
2831 1963 3222 2034 παραδοθῆναι,
3255 1965 3376 2017 οὔτε
3407 1965 3546 2034 ἀλλῳ
3574 1965 3682 2017 τινὶ

2004 2049 2230 2120 τοιούτῳ
2258 2051 2445 2120 τρόπῳ
2473 2049 2831 2120 κολασθῆναι·
2857 2050 2971 2103 ἀλλ’
2994 2051 3074 2114 εἰς
3097 2051 3157 2103 τὸ
3183 2051 3294 2122 πῦρ
3321 2051 3679 2122 ἐμϐληθῆναι,

2008 2136 2091 2189 ἵνα
2126 2136 2258 2207 μηδέ
2287 2135 2358 2188 τά
2390 2135 2615 2205 λείψανα
2642 2137 2800 2209 μείνῃ
2829 2136 2936 2190 τῶν
2959 2138 3127 2206 ἀγίων
3153 2139 3395 2203 ἐκείνων,
3436 2138 3547 2191 τῶν
3578 2157 3683 2193 σω-

2010 2224 2197 2294 μάτων
2225 2223 2407 2286 αὐτοῖς
2431 2222 2855 2293 ἀφανισθέντων,
2903 2225 2996 2278 καὶ
3029 2224 3128 2293 τῆς
3161 2225 3363 2296 τέφρας
3405 2225 3587 2278 αὐτῶν
3613 2229 3680 2296 τῇ

2007 2314 2182 2385 τέφρᾳ
2207 2311 2315 2364 τῶν
2347 2311 2691 2382 κληματίδων
2720 2313 2820 2365 ἀνα
2830 2311 3097 2383 μιγείσης.
3117 2313 3176 2364 ὐ
3207 2312 3263 2365 δὲ
3289 2312 3420 2376 Θεὸς
3445 2312 3593 2384 αὐτῷ
3617 2315 3683 2386 δὴ

2007 2401 2180 2470 τούτῳ
2213 2399 2347 2471 πρὸς
2373 2400 2652 2470 ἀναίρεσιν
2675 2399 2775 2470 τῆς
2816 2400 3070 2464 ἀσεϐείας
3101 2401 3387 2470 ἐχρήσατο,
3421 2402 3513 2454 καὶ
3542 2403 3683 2467 πῶς,

2010 2485 2120 2556 ἐγὼ
2147 2485 2312 2554 λέγω.

2079 2574 2209 2637 Θεὸς
2244 2573 2394 2643 παρὰ
2431 2575 2542 2636 τοῖς
2573 2573 2808 2644 Πέρσαις
2847 2569 2984 2626 εἶναι
3013 2572 3285 2642 νομίζεται
3329 2574 3390 2626 τὸ
3438 2574 3566 2646 πῦρ,
3593 2575 3686 2628 καὶ

2009 2660 2240 2731 τιμῶσιν
2265 2660 2394 2712 αὐτὸ
2428 2661 2564 2730 μετὰ
2591 2660 2788 2729 πολλῆς
2815 2661 2913 2731 τῆς
2939 2660 3234 2731 θεραπείας
3263 2663 3312 2712 οἰ
3340 2661 3603 2734 βάρϐαροι
3636 2665 3688 2717 ot

2010 2748 2110 2818 τὴν
2155 2746 2338 2820 χώραν
2381 2746 2594 2816 ἐκείνην
2642 2746 2916 2811 οἰκοῦντες
2957 2747 3038 2799 ἔτι
3081 2748 3174 2800 καὶ
3215 2749 3328 2803 νῦν.
3358 2750 3686 2820 Βουλόμενος

2009 2834 2190 2887 τοίνυν
2213 2836 2241 2886 ὁ
2271 2834 2402 2897 Θεὸς
2437 2832 2733 2906 πρόρριζον
2759 2835 2965 2887 ἀνελεῖν
3003 2835 3101 2904 τῆς
3144 2835 3396 2898 ἀσεϐείας
3429 2838 3526 2908 τὴν
3555 2839 3688 2890 ὐπό-

2012 2921 2184 2983 θεσιν,
2219 2921 2594 2992 συνεχώρησεν
2627 2922 2774 2993 αὐτῷ
2802 2922 2878 2992 τῷ
2907 2921 3092 2994 τρόπῳ
3121 2925 3220 2993 τῆς
3251 2924 3522 2988 κολάσεως
3555 2926 3687 2979 ταύ-

2012 3027 2132 3080 της,
2152 3009 2238 3062 ἴνα
2255 3010 2375 3062 κατ’
2395 3008 2704 3079 όςςθαλμοὺς
2723 3009 2830 3062 τῶν
2854 3009 3262 3080 θεραπευόντων
3283 3011 3413 3064 αὐτὸ
3471 3014 3688 3066 πάντων

2012 3101 2126 3161 τοῖς
2153 3097 2318 3151 αὐτοῦ
2343 3097 2547 3159 δούλοις
2574 3096 2643 3149 τά
2673 3098 2965 3168 νικητήρια
2996 3097 3090 3167 δῷ,
3121 3096 3207 3150 διὰ
3242 3098 3349 3152 τῶν
3383 3099 3558 3170 ἔργων
3589 3101 3689 3154 αὐ·-

2013 3184 2122 3238 τῶν
2149 3185 2343 3246 πείσας
2371 3183 2586 3243 αὐτοὺς.
2632 3183 2714 3235 ὅτι
2752 3185 2800 3235 οἱ
2835 3183 2944 3235 τῶν
2976 3180 3244 3254 Ἑλλήνων
3293 3183 3404 3238 θεοὶ
3451 3187 3569 3257 οὐχὶ
3597 3187 3689 3242 τὸν

2015 3271 2148 3325 Θεὸν
2184 3271 2363 3341 μόνον,
2385 3269 2522 3323 ἀλλά
2553 3270 2790 3332 καὶτοὺς
2813 3269 2905 3321 τοῦ
2929 3269 3063 3322 Θεοῦ
3086 3271 3303 3335 δούλους
3326 3273 3616 3329 δεδοίκασι.

2085 3357 2147 3411 δ’.
2177 3358 2285 3410 Καὶ
2308 3357 2498 3410 σκόπει
2525 3355 2610 3408 διὰ
2633 3355 2740 3410 τῶν
2764 3357 3020 3409 ἐναντίων
3042 3357 3375 3429 πλεκόμενον
3401 3361 3502 3430 τῆς
3534 3361 3691 3433 νίκης

2017 3445 2112 3498 τὸν
2136 3444 2418 3513 στέφανον,
2443 3445 2538 3497 καὶ
2561 3443 2842 3514 μάρτυρας
2860 3443 2956 3497 τοῦ
2977 3445 3238 3515 τροπαίου
3255 3448 3579 3518 γενομένους
3600 3451 3693 3503 αὐ-

2017 3534 2145 3595 τοὺς
2168 3532 2292 3594 τοὺς
2310 3531 2556 3602 ἐχθρούς.
2588 3531 2924 3587 Ἀπέστειλε
2941 3533 3068 3605 γάρ,
3090 3537 3240 3602 φησί,
3256 3537 3693 3606 Ναϐουχοδονό-

2017 3634 2131 3686 σορ
2149 3622 2180 3670 ὀ
2193 3618 2494 3682 ,βασιλεὺς
2510 3619 2876 3688 συναγαγεῖν
2884 3619 3115 3686 πάντας
3137 3622 3278 3688 τοὺς
3289 3625 3412 3676 {md
3420 3642 3576 3690 τους,
3592 3625 3693 3678 καί

2019 3703 2412 3773 στρατηγοὺς,
2442 3703 2537 3756 καί
2570 3705 2895 3773 τοπάρχας,
2930 3707 3324 3776 ήγηουμένους,
3355 3712 3451 3763 καί
3479 3711 3692 3779 τιφάν-

2007 3805 2202 3859 ’νοι»ς,
2261 3792 2358 3844 καὶ
2421 3791 2562 3856 τοὺς
2605 3792 2697 3844 ἐπ’
2728 3792 3064 3858 ἐξουσιῶν,
3120 3795 3219 3848 καὶ
3263 3796 3494 3864 πάντας
3548 3799 3692 3865 τοὺς

2021 3881 2314 3950 ἄρχοντας
2344 3878 2460 3932 τῶν
2487 3879 2696 3948 χωρῶν
2731 3881 2932 3936 ἐλθεῖν
2961 3884 3049 3948 εἰς
3075 3883 3149 3937 τὰ
3173 3885 3445 3952 ἐγκαίνια
3473 3885 3582 3955 τῆς
3608 3891 3692 3941 ει-

2022 3971 2225 4034 κόνος·
2253 3968 2349 4021 καὶ
2381 3967 2786 4036 συνήχθησαν
2810 3967 3128 4034 πιίντες.⁹0
3161 3969 3355 4042 ἐχθρὸς
3388 3974 3609 4042 συνάγει
3631 3975 3695 4026 τὸ

2022 4056 2268 4127 θέατρον,
2290 4055 2384 4107 καὶ
2427 4054 2588 4118 αὐτὸς
2635 4057 2925 4126 συγκροτεῖ
2970 4057 3096 4119 τούς
3139 4055 3369 4122 θεατάς’
3417 4060 3578 4124 αὐτὸς
3622 4060 3691 4114 τὰ

2025 4144 2321 4214 σκάμματα
2357 4141 2561 4211 τίθησι,
2591 4142 2684 4195 καὶ
2719 4142 2942 4212 θέατρον
2964 4144 3024 4196 οὐ
3050 4143 3158 4197 τῶν
3184 4146 3450 4215 τυχόντων
3483 4147 3692 4220 ἀνθρωο

2024 4251 2168 4295 πων,
2187 4233 2285 4285 οὐκ
2315 4231 2535 4285 ἰδιωτῶν
2563 4247 2744 4295 τινων,
2780 4231 2914 4284 ἀλλά
2951 4231 3057 4285 τῶν
3092 4233 3324 4303 ἐντίμων
3359 4235 3452 4288 καὶ
3476 4237 3696 4291 πάντων

2022 4323 2131 4374 τῶν
2161 4324 2217 4374 ἐν
2243 4321 2454 4391 ἀρχαῖς.
2494 4320 2584 4372 ἵνα
2613 4320 2705 4372 καὶ
2742 4320 2776 4390 ἡ
2809 4320 3081 4391 μαρτυρία
3113 4320 3422 4386 ἀξιόπιστος
3466 4323 3692 4395 γένηται

2024 4409 2176 4478 παρὰ
2211 4410 2324 4468 τοῖς
2368 4405 2599 4468 πολλοῖς.
2624 4400 2825 4458 Ἦλθον
2873 4406 2957 4474 ἐφ’
2986 4406 3148 4477 ἑτέρᾳ
3185 4407 3470 4477 κληθέντες
3499 4410 3694 4464 ὑποθέ-

2025 4512 2128 4558 σει,
2152 4493 2244 4545 καὶ
2271 4493 2433 4563 ἕτερα
2463 4491 2790 4562 θεασάμενοι
2818 4492 3018 4556 πάντες
3037 4490 3503 4565 ἀπῆλθον.⁷Ηλθον
3527 4514 3694 4569 προσ-

2026 4580 2348 4650 κυνήσοντες
2377 4581 2478 4650 τὴν
2504 4579 2706 4644 εἰκόνα,
2732 4580 2826 4632 καὶ
2863 4581 2962 4650 τῆς
3010 4581 3107 4651 μὲν
3153 4582 3363 4647 εἰκόνος
3393 4586 3692 4654 καταγελά·

2029 4682 2234 4728 σαντες,
2263 4665 2626 4734 ἐκπλαγέντες
2669 4666 2726 4719 δὲ
2769 4665 2863 4720 τοῦ
2895 4667 3030 4721 Θεοῦ
3055 4669 3154 4739 τὴν
3177 4669 3424 4742 δύναμιν,
3462 4672 3548 4724 διά
3583 4672 3694 4724 τῶν

2025 4754 2104 4815 εἰς
2142 4752 2267 4815 τοὺς
2310 4752 2501 4815 παῖδας
2540 4751 2762 4815 τούτους
2795 4754 3100 4825 γενομένων
3139 4758 3399 4828 σημείων,
3430 4758 3700 4830 ἀπῆλθον..

2027 4840 2136 4893 Καὶ
2166 4839 2265 4909 ὅρα
2296 4838 2400 4892 ποῦ
2443 4839 2504 4892 τὸ
2547 4839 2757 4894 στάδιον
2795 4841 3028 4912 ἀνεῴγει
3067 4843 3250 4896 τοῦτο·
3276 4846 3374 4898 οὐκ
3412 4848 3470 4899 ἐν
3518 4848 3690 4905 πόλει.

2025 4925 2146 4979 οὐδὲ
2196 4928 2253 4978 ἐν
2296 4924 2450 4997 χώρα
2488 4927 2613 4990 τινὶ,
2648 4927 2762 4979 ἀλλ’
2789 4927 2956 4982 ὕπτια
3004 4931 3097 4983 καὶ
3141 4931 3274 5000 ψιλὰ
3298 4932 3453 4984 πεδία
3477 4933 3689 5003 δέχεται

2025 5013 2184 5066 τοῦτο
2217 5014 2314 5084 τῆς
2337 5015 2660 5085 οἰκουμένης
2681 5016 2742 5067 τὸ
2775 5015 3018 5087 θέατρον.
3038 5017 3124 5072 Ἑν
3149 5019 3254 5090 γὰρ
3293 5019 3458 5090 πεδίῳ
3490 5025 3686 5094 Δεηρᾷ.

2028 5102 2125 5170 τῆς
2160 5101 2366 5164 πόλεως
2395 5099 2514 5164 ἔξω,
2545 5102 2640 5171 τὴν
2669 5103 2849 5155 εἰκόνα
2876 5104 3090 5173 ἔστησε,
3121 5107 3212 5158 καὶ
3232 5108 3260 5160 6
3287 5107 3462 5177 κῆρυξ
3494 5113 3668 5182 παρελ

2030 5187 2137 5239 θὼν
2167 5187 2316 5239 ἐϐόα·
2351 5188 2510 5257 Ὑμῖν
2525 5191 2778 5258 λέγεται,
2803 5191 2970 5258 ἔθνη,
2987 5191 3200 5259 φυλαί,
3218 5193 3375 5256 λαοί,
3397 5195 3686 5264 γλῶσσαι.

2028 5275 2097 5328 ἐν
2139 5269 2180 5345 ᾗ
2220 5273 2300 5331 ἂν
2337 5273 2458 5343 ὥρᾳ
2497 5277 2797 5342 ἀκούσητε
2823 5275 2930 5342 τῆς
2959 5277 3164 5346 φωνῆς
3195 5277 3304 5348 τῆς
3331 5282 3670 5354 σάλπιγγος

2027 5362 2312 5432 σύριγγὸς
2341 5378 2405 5414 re
2463 5365 2560 5415 καὶ
2602 5363 2866 5430 κιθάρας,
2893 5367 3206 5433 σαμϐύκης
3230 5384 3292 5422 τε
3338 5370 3437 5424 καί
3466 5374 3684 5440 ψαλτη-

2022 5451 2182 5516 ρίου,
2211 5451 2306 5504 καί
2333 5449 2703 5519 συμφωνίας.
2733 5451 2832 5502 καὶ
2869 5455 3094 5512 παντὸς
3125 5456 3339 5524 γένους
3366 5459 3690 5527 μουσικῶν,

2032 5542 2325 5603 πεσόντες
2357 5534 2820 5605 προσκυνήσατε
2850 5535 2921 5605 τῇ
2945 5541 3131 5592 εἰκόνι
3162 5541 3237 5609 τῇ
3267 5544 3465 5611 χρυσῇ
3493 5546 3689 5611 (ὅντως

2034 5626 2145 5697 γάρ
2167 5628 2353 5679 πεσεῖν
2381 5621 2446 5697 ἦν
2476 5625 2537 5677 τὸ
2579 5623 2950 5694 προσκυνῆσαι
2988 5628 3050 5679 τὸ
3079 5629 3338 5696 είδωλον)·
3370 5631 3466 5684 καί
3491 5631 3558 5696 δς
3586 5633 3687 5684 ἐὰν

2028 5715 2115 5785 μὴ
2149 5713 2550 5782 προσκυνιξσνῃ
2581 5711 2804 5776 πεσὼν,
2843 5713 2913 5765 ἐν
2959 5713 3114 5782 αὐτῇ
3137 5715 3369 5782 τιῖῶρςι
3398 5717 3678 5784 ἐμόνιηθὴ·

2037 5819 2204 5857 σεται
2226 5816 2247 5841 υ
2285 5804 2373 5869 εἰς
2416 5802 2526 5870 τὴν
2553 5800 2797 5870 κάμινογ
2843 5799 2948 5854 τοῦ
2984 5797 3175 5868 πυρὸς
3201 5800 3316 5867 τὴν
3355 5801 3680 5870 καιομένην,

2107 5899 2126 5924 θ
2156 5889 2246 5941 Alii
2274 5890 2568 5951 ἐμπεσεῖται,
2589 5893 2749 5938 minus
2771 5889 2926 5934 rccle.
