4074 6218
315 302 390 356 σε
1277 302 1365 358 AD
1405 298 1724 356 rorULuu
1765 295 2271 351 ANTIOlLllENUM.
2317 296 2544 352 ttoutL.
2580 297 2663 352 tv.
3533 319 3606 370 66

311 426 442 494 ignis
468 424 727 474 ardentem
795 417 954 491 (Dan.
989 419 1041 472 5.
1070 415 1213 485 4-6).
1245 415 1431 468 Vidisti
1474 430 1632 484 quam
1671 412 1902 466 difllcilia

309 513 600 570 certamina
627 522 804 583 parata
825 511 954 572 sint,
978 518 1030 563 et
1060 519 1188 578 qllttl
1213 507 1518 563 insidiatum
1538 506 1902 571 necessitates,

308 623 469 678 quam
495 605 750 676 profunda
780 617 992 672 vorago,
1025 612 1076 656 et
1101 600 1442 670 prmripitimn
1474 599 1770 669 utrimque?
1800 599 1905 653 Sed

309 715 379 754 ne
425 698 705 752 timueris:
748 703 946 765 quanto
991 693 1160 764 magis
1194 691 1614 745 n'iachinamenta
1663 689 1905 743 inimicus

308 789 556 854 aluerit,
600 797 746 844 tanto
791 788 956 854 magis
986 797 1266 852 puerorum
1300 781 1658 835 fortitudinem
1687 780 1909 837 demur).-

311 887 472 936 strat.
509 878 630 934 ldco
655 878 796 931 enim
828 886 904 930 tot
933 875 1256 930 musicorum
1289 882 1576 928 οωιιευιιιιιε
1597 913 1610 930 .
1665 871 1783 926 ideo
1815 887 1906 925 ca-

313 973 496 1029 minus
536 969 752 1036 ardens,
799 977 855 1021 ιιι
887 978 939 1022 et
978 966 1218 1036 voluptas
1260 974 1314 1020 et
1349 968 1507 1020 timor
1543 963 1906 1017 aSsistentium

309 1064 524 1121 anilitas
551 1061 836 1114 obsideret.
863 1061 1032 1130 Asper
1077 1058 1398 1113 adstantium
1426 1056 1686 1126 quispiam
1715 1065 1813 1116 est,
1856 1065 1909 1108 ct

313 1153 556 1226 rigidus?
605 1151 802 1209 Molliat
832 1154 1025 1221 ipsum,
1076 1149 1264 1218 inquit,
1311 1147 1584 1201 delectans
1617 1146 1909 1200 onudsotne

316 1247 539 1302 musicae
562 1244 808 1302 melodia.
835 1242 941 1300 Sed
967 1242 1048 1296 his
1069 1241 1274 1295 insidiis
1304 1239 1545 1308 superior
1565 1237 1684 1291 est?
1713 1246 1909 1294 terreat

312 1349 373 1400 et
404 1338 657 1408 percellat
681 1336 908 1389 flamma:
936 1343 1203 1404 aspectus.
1238 1331 1305 1385 Et
1334 1342 1448 1385 erat
1494 1329 1652 1384 timor
1672 1338 1722 1382 et
1759 1328 1908 1380 volu-

317 1429 598 1503 pt_as,haee
619 1442 712 1495 per
733 1441 910 1489 aures,
939 1425 1026 1478 ille
1055 1439 1150 1495 per
1175 1422 1357 1476 oculos
1376 1420 1567 1474 animm
1589 1419 1902 1486 subrepens.

318 1521 701 1576 \fertmttamen
723 1515 1240 1574 adulescentulorum
1269 1515 1475 1568 illorum
1497 1512 1908 1582 generositatem

319 1611 516 1668 borum
557 1608 686 1663 nihil
734 1605 1041 1676 superavit;
1090 1603 1185 1661 sed
1231 1603 1370 1656 sicut
1397 1602 1447 1655 in
1487 1603 1660 1671 ignem
1689 1600 1908 1668 projecti

319 1701 594 1761 ﬂammam
641 1699 900 1761 vicerunt,
953 1696 1032 1750 sic
1075 1709 1287 1748 onmem
1332 1690 1814 1759 concupiscentiam
1858 1697 1912 1743 ct

317 1793 643 1853 anxietatem
671 1789 990 1843 deriserunt.
1017 1785 1140 1839 llarc
1161 1785 1302 1842 enim
1324 1783 1500 1836 omnia
1531 1789 1744 1850 propter
1770 1780 1912 1849 ipsos

318 1883 568 1942 diabolus
596 1887 984 1951 prtcparaverat
1015 1895 1028 1932 :
1061 1892 1166 1931 non
1193 1875 1334 1930 enim
1360 1874 1426 1928 de
1455 1872 1679 1926 subditis
1705 1871 1915 1924 dubita-

322 1978 434 2041 bat,
476 1975 569 2029 sed
599 1974 772 2042 potius
803 1972 1025 2025 multutn
1053 1967 1376 2034 eonlidebal,
1408 1967 1608 2020 nullum
1647 1964 1787 2035 regis
1814 1963 1911 2033 legi

321 2078 739 2138 repugnaturum
762 2079 880 2120 esse
905 2081 918 2117 :
938 2070 1210 2132 postquam
1230 2076 1356 2115 vero
1375 2059 1680 2113 ceciderunt
1705 2072 1911 2121 oumcs,

320 2169 379 2216 et
423 2158 550 2212 victi
578 2165 722 2222 sunt,
766 2165 891 2209 tunc
929 2154 981 2207 in
1011 2152 1240 2206 medium
1271 2150 1418 2220 pueri
1456 2149 1552 2204 soli
1578 2158 1825 2218 aguntur,
1859 2158 1916 2203 ut

320 2250 404 2305 sic
430 2263 645 2319 quoque
687 2246 905 2300 victoria
953 2245 1041 2298 fiat
1069 2243 1282 2306 clarior,
1312 2258 1432 2296 cum
1464 2241 1514 2294 in
1549 2249 1692 2294 tanta
1735 2241 1915 2294 multi-

322 2343 511 2403 tudine
541 2341 636 2412 ipsi
665 2340 897 2403 vincant,
939 2345 994 2391 et
1021 2339 1251 2390 victores
1282 2334 1652 2388 renuntientur
1688 2350 1702 2387 :
1744 2348 1917 2402 neque

320 2434 470 2492 enim
505 2443 608 2490 tam
640 2429 881 2486 mirabile
903 2428 1109 2493 fuisset,
1132 2426 1181 2486 si
1203 2425 1348 2484 nullo
1375 2425 1730 2498 supplantato,
1760 2422 1918 2495 primi

323 2523 552 2582 viriliter
576 2522 826 2590 egissent.
880 2519 992 2575 lloc
1037 2527 1212 2575 autem
1261 2516 1550 2574 maximum
1585 2525 1637 2570 et
1675 2515 1918 2568 mirabile

322 2623 432 2677 est,
455 2613 596 2682 quod
623 2611 922 2666 eadentium
953 2607 1235 2662 tunltitudo
1263 2608 1404 2676 ipsos
1435 2621 1538 2660 non
1570 2607 1777 2669 terruit,
1811 2621 1916 2660 non

323 2705 510 2761 solvit.
558 2703 670 2758 Non
718 2704 852 2757 intra
892 2716 951 2757 se
989 2701 1094 2755 tale
1124 2700 1248 2770 quid
1293 2700 1565 2763 dixerunt,
1595 2697 1736 2768 quod
1765 2696 1916 2751 muiti

322 2813 473 2867 εει-νε
515 2796 694 2856 dicere
740 2802 1130 2855 consueverunt
1161 2809 1174 2844 :
1201 2791 1254 2848 Si
1297 2792 1449 2868 primi
1498 2805 1596 2849 nos
1635 2790 1917 2861 imaginem

323 2891 696 2948 adorarcnms,
732 2886 780 2943 id
813 2895 1087 2955 peccatum
1109 2891 1284 2947 esset;
1316 2882 1361 2936 si
1392 2896 1518 2936 vero
1543 2897 1670 2940 cum
1697 2889 1772 2938 tot
1804 2880 1919 2934 mil-

324 2981 470 3044 libus
501 2981 601 3038 hoc
638 2980 914 3042 (aemilius,
946 2977 1063 3053 quis
1089 2977 1294 3030 veniam
1325 2991 1428 3028 nou
1454 2974 1641 3032 dabit?
1678 2975 1794 3045 quis
1823 2989 1916 3030 cx-

327 3072 610 3131 cosatione
633 3070 822 3139 dignos
844 3084 950 3127 non
989 3067 1223 3127 censebit
1250 3067 1273 3121 ?
1303 3066 1412 3125 Sed
1434 3065 1573 3124 nihil
1594 3066 1668 3126 illi
1699 3067 1800 3120 tale
1829 3075 1920 3119 aut

325 3165 604 3226 dixerunt,
647 3169 740 3214 aut
783 3161 1178 3229 cogitaverunt.
1229 3167 1307 3213 tot
1349 3167 1694 3230 tyrannorum
1742 3157 1920 3225 lapsus

326 3257 528 3312 intuiti.
557 3256 637 3310 Tu
663 3269 791 3310 vero
833 3252 964 3308 mihi
1004 3263 1057 3308 et
1095 3251 1530 3308 calumniantium
1581 3250 1724 3320 ipsos
1764 3249 1918 3304 mali-

324 3350 588 3420 gnitatem
617 3346 916 3410 considera,
946 3353 1000 3400 et
1029 3360 1186 3416 quam
1213 3343 1453 3413 improbe
1482 3351 1539 3400 et
1562 3340 1752 3400 acerbe
1778 3342 1920 3410 ipsos

327 3440 732 3505 accusaverim.
761 3439 915 3502 Sunt,
943 3437 1130 3506 inquit,
1149 3437 1243 3496 uiri
1261 3435 1453 3496 Judwi,
1479 3450 1602 3503 quos
1624 3432 1922 3488 constituisti

327 3552 485 3604 super
512 3545 666 3602 opera
694 3528 911 3598 regionis
937 3526 1208 3597 Babylonis
1239 3524 1396 3598 (Dan.
1421 3525 1474 3578 5.
1497 3523 1606 3591 12).
1635 3523 1748 3576 Non
1776 3523 1918 3576 enim

329 3629 510 3684 solum
551 3631 763 3696 gentem
802 3628 1309 3683 commctnorarunt,
1361 3618 1452 3672 St'tl
1483 3629 1538 3673 et
1577 3617 1834 3677 honorent
1867 3617 1923 3671 in

331 3721 650 3774 memoriam
693 3721 1096 3776 revocaverunt,
1138 3721 1190 3765 ut
1214 3709 1350 3781 regis
1381 3710 1509 3766 iram
1543 3708 1917 3774 accenderent,

334 3821 543 3871 emtum
601 3825 705 3862 non
750 3810 986 3862 dicentes
1029 3819 1047 3856 :
1088 3803 1316 3864 Servos,
1375 3802 1586 3856 civitate
1640 3807 1919 3864 carentes,

329 3902 577 3970 captivos
605 3899 871 3969 principes
917 3903 1127 3953 nostros
1157 3893 1360 3957 fecisti;
1394 3891 1446 3945 hi
1480 3907 1604 3950 vero
1632 3901 1684 3945 et
1717 3898 1924 3944 tantum

335 3994 597 4050 honorem
623 3990 942 4050 contumelia
968 3989 1228 4054 afﬁciunt,
1255 3996 1306 4041 et
1333 3987 1382 4039 in
1409 4001 1530 4043 eum
1556 3985 1644 4053 qui
1664 3999 1722 4038 se
1749 3985 1920 4036 bono-

334 4088 497 4147 tavit,
523 4085 812 4138 insolenter
857 4092 1037 4152 agunt.
1070 4081 1190 4136 ideo
1219 4080 1426 4140 dicunt,
1451 4076 1622 4132 Judtri
1647 4093 1770 4144 quos
1793 4092 1919 4130 con-

329 4174 562 4226 stituisti
581 4189 738 4242 super
757 4190 912 4241 opera
933 4174 1155 4243 regionis
1175 4172 1319 4240 Baby
1345 4172 1481 4229 onis,
1501 4183 1602 4220 non
1621 4177 1906 4234 paruerunt

330 4265 551 4318 decreto
580 4275 691 4330 tuo,
715 4274 766 4318 et
797 4265 900 4318 diis
932 4266 1036 4318 tuis
1062 4281 1166 4318 non
1205 4255 1648 4325 srrriunt.(lhid.)
1679 4254 1909 4308 Maxima

333 4357 458 4408 laus
472 4355 772 4416 accusatio,
792 4365 845 4409 et
857 4355 1089 4412 crimina
1105 4352 1293 4407 laudes
1307 4351 1520 4411 fiunt,et
1538 4348 1905 4402 testimonLum

338 4445 692 4506 indubitatum
723 4445 946 4500 inimicis
971 4445 1137 4512 ipsum
1164 4441 1576 4511 perhibentibus.
1601 4438 1736 4507 Quid
1767 4440 1922 4508 igitur

338 4539 474 4592 rex?
495 4537 657 4591 Jussit
677 4537 822 4605 ipsos
847 4537 1142 4589 inmedium
1172 4535 1276 4603 agi,
1309 4545 1366 4587 ut
1395 4533 1538 4600 ipsos
1565 4532 1794 4599 undique
1818 4538 1924 4583 ter-

337 4640 504 4684 reret.
529 4627 630 4682 Sed
655 4627 785 4682 nihil
811 4628 924 4680 illos
946 4627 1322 4689 consternavit,
1351 4640 1455 4678 non
1477 4624 1616 4694 regis
1633 4623 1797 4687 furor,
1817 4637 1920 4675 non

336 4721 484 4790 quod
524 4720 620 4774 soli
663 4721 716 4774 in
744 4730 901 4774 tanta:
933 4720 1100 4773 turbze
1123 4717 1295 4771 medio
1316 4715 1553 4773 derelicti
1584 4724 1784 4779 essent,
1817 4729 1920 4766 ιιιιιι

336 4810 481 4879 ignis
504 4819 795 4876 spectatus,
827 4824 929 4862 non
958 4817 1207 4862 canentes
1233 4806 1390 4870 lubm,
1429 4821 1533 4858 non
1564 4819 1750 4858 omnes
1781 4804 1924 4872 ipsos

331 4899 654 4954 ordetttibus
680 4898 848 4953 oculis
888 4899 1172 4961 intuentes,
1199 4897 1290 4951 sed
1321 4897 1434 4949 hare
1460 4897 1531 4948 illi
1569 4897 1744 4948 omnia
1776 4896 1921 4949 deri-

333 4990 553 5052 dentes,
573 4997 837 5056 tamquam
857 4989 907 5040 in
923 4987 1166 5056 frigidum
1198 5002 1452 5055 aquarum
1481 4987 1676 5042 {virttem
1707 4987 1922 5040 mitten-

332 5081 420 5144 di,
451 5081 508 5138 in
531 5081 793 5140 fornacem
821 5079 1043 5148 ingressi
1064 5087 1204 5142 sunt,
1228 5077 1431 5132 bea-Izun
1459 5079 1602 5131 illam
1620 5079 1923 5132 cntittemes

335 5185 530 5224 vocem
563 5188 576 5224 :
609 5168 718 5221 Diis
759 5170 856 5221 tuis
901 5184 1000 5220 non
1046 5156 1306 5230 servimus,
1359 5177 1404 5220 et
1449 5179 1664 5219 statuam
1692 5185 1920 5233 auream,

332 5275 494 5330 quam
523 5259 741 5323 nexisti,
774 5273 873 5310 non
913 5257 1185 5309 adoramus
1206 5255 1362 5328 (Dan.
1397 5258 1449 5310 5.
1483 5257 1593 5327 18).
1641 5257 1786 5311 Hanc
1818 5275 1920 5311 non

336 5361 549 5403 temere
596 5347 812 5403 recitari
841 5345 1140 5412 historiam,
1167 5346 1260 5400 sed
1288 5356 1342 5398 ut
1370 5345 1607 5411 dist-alis,
1636 5347 1773 5418 quod
1804 5348 1925 5402 licet

337 5443 493 5500 [uror
519 5440 680 5493 instet
706 5439 904 5508 regius,
959 5439 1057 5492 etsi
1090 5439 1314 5492 militum
1345 5439 1568 5500 ἱιιεὶιιίςῡ.
1623 5440 1721 5493 etsi
1751 5439 1924 5492 inimi-

335 5548 532 5586 euru
578 5532 822 5597 invidia,
872 5533 970 5586 etsi
1024 5531 1331 5601 captivitas,
1379 5532 1478 5584 etsi
1533 5532 1770 5595 orbitas,
1823 5533 1928 5589 etsi

338 5625 505 5692 ignis,
533 5625 634 5678 etsi
660 5624 864 5688 lornax,
896 5624 990 5678 etsi
1017 5625 1291 5676 innumera
1319 5624 1438 5684 alia,
1466 5622 1664 5692 jnstutn
1691 5624 1816 5676 nihil
1835 5639 1921 5676 su-

335 5729 534 5787 perare
575 5725 666 5770 aut
710 5725 910 5774 tenere
950 5715 1162 5787 poterit.
1207 5715 1262 5770 Si
1288 5717 1430 5774 enim
1475 5715 1561 5772 ubi
1587 5715 1782 5788 impius
1809 5729 1920 5774 erat

2018 427 2130 477 res,
2171 426 2275 464 non
2321 412 2737 466 Γυιιιιξιιειιόιιιιι
2781 413 3153 472 ado'esccntul.‘
3203 422 3408 490 tyranni
3457 420 3599 474 [ιιιυ-

2015 519 2148 565 rcm,
2179 502 2344 556 multo
2367 504 2532 572 magis
2559 520 2655 557 nos
2679 507 2950 561 conlidere
2979 519 3205 576 oportet,
3231 510 3518 566 ltumanum
3547 522 3601 566 et

2015 597 2195 651 mitem
2244 594 2502 650 habentes
2530 596 2929 665 Imperatorem,
2958 609 3010 652 et
3037 600 3101 651 de
3133 600 3230 654 hac
3263 603 3601 657 tribulatione

2017 687 2124 743 Deo
2146 687 2342 754 gratias
2383 702 2558 754 agere,
2601 704 2668 742 ex
2701 690 2966 757 prmdictis
2987 689 3190 753 doctos,
3223 696 3473 747 {erumnis
3502 711 3600 749 nos

2013 777 2267 833 clariores
2305 777 2442 831 efﬁci
2487 787 2541 832 et
2569 778 2708 844 apud
2751 779 2934 842 Deum,
2977 789 3030 833 et
3073 781 3210 850 apud
3259 781 3522 848 homines,
3553 789 3598 839 si

2016 867 2156 935 ipsas
2220 883 2479 937 generose
2534 869 2672 924 ferre
2732 871 2980 924 sciamus.
3053 871 3259 925 Etenim
3313 873 3410 926 nisi
3461 877 3599 929 servi

2016 960 2241 1016 fuissent
2282 961 2362 1024 hi,
2391 962 2624 1029 ipsorum
2653 963 2948 1018 libertatem
2989 980 3091 1017 non
3120 967 3553 1034 cognovissemus
3587 985 3598 996 ·

2017 1054 2118 1106 nisi
2167 1054 2356 1123 captivi
2409 1054 2655 1119 fuissunt,
2698 1073 2800 1109 non
2842 1072 3026 1110 eorum
3071 1059 3231 1111 :mimi
3272 1059 3600 1114 nobilitatem

2015 1145 2388 1199 tlidicissemus
2421 1165 2434 1199 :
2466 1147 2565 1200 nisi
2610 1148 2842 1201 inferiori
2896 1150 3060 1216 patria
3105 1151 3445 1216 excidissent,
3497 1169 3599 1206 non

2015 1238 2449 1305 Cognovissenms
2485 1254 2728 1308 superate
2750 1241 2981 1294 civitatis
3011 1257 3129 1296 csse
3165 1242 3398 1311 ipsormn
3432 1243 3599 1300 virtu-

2019 1338 2123 1382 tem
2159 1347 2172 1383 :
2208 1331 2304 1383 nisi
2334 1339 2574 1384 terrenus
2621 1348 2709 1386 rex
2755 1334 2882 1402 ipsis
2923 1334 3110 1388 fuisset
3139 1336 3326 1398 irattts,
3371 1353 3473 1391 non
3502 1354 3599 1391 au-

2015 1421 2279 1476 dissemus
2327 1423 2774 1489 bene-volentizun,
2825 1441 2984 1495 quam
3025 1427 3254 1482 cmlestis
3308 1429 3420 1484 ilex
3476 1445 3600 1499 erga

2017 1511 2161 1580 ipsos
2193 1511 2430 1581 gert-bat.

2089 1601 2142 1656 5.
2186 1602 2253 1656 Et
2279 1612 2335 1656 tu
2363 1605 2522 1672 igitur
2551 1605 2592 1658 si
2619 1605 2760 1658 illum
2792 1606 3106 1662 benevolum
3138 1607 3355 1673 habeas,
3395 1610 3521 1664 licet
3551 1613 3601 1665 iu

2019 1693 2287 1748 fornacem
2337 1696 2518 1761 cadas,
2570 1714 2635 1752 ne
2676 1697 2971 1765 desperes:
3004 1700 3140 1754 sicut
3179 1701 3222 1754 si
3271 1713 3600 1765 succenseat,

2018 1783 2141 1838 licet
2170 1784 2220 1836 in
2254 1785 2499 1853 paradiso
2527 1787 2621 1848 sis,
2653 1804 2717 1841 ne
2737 1789 2996 1842 confidas.
3037 1790 3248 1844 Etenim
3282 1792 3331 1844 in
3362 1792 3605 1860 paradiso

2017 1884 2133 1928 erat
2161 1876 2347 1941 Adam,
2372 1888 2427 1930 et
2453 1889 2727 1947 postquam
2761 1881 2922 1933 liemn
2965 1881 3213 1947 irritavit,
3255 1883 3381 1936 nihil
3416 1884 3608 1951 profuit

2020 1967 2294 2036 paradisus
2321 1987 2334 2022 :
2371 1969 2420 2022 in
2454 1969 2665 2023 fornace
2695 1981 2847 2024 erant
2878 1973 2983 2036 isti,
3015 1984 3065 2026 et
3095 1987 3371 2043 postquam
3392 1992 3451 2029 se
3473 1976 3606 2029 bene

2017 2069 2316 2129 gesserunt,
2353 2061 2483 2114 nihil
2508 2061 2676 2115 obfuit
2703 2062 2910 2120 fornaz.
2940 2064 2994 2118 lu
3023 2064 3265 2131 paradiso
3281 2077 3392 2120 erat
3414 2067 3604 2126 Adam,

2019 2158 2074 2203 ct
2101 2149 2224 2218 quia
2255 2151 2436 2220 segnis
2463 2162 2600 2215 erat,
2629 2153 2998 2222 supplantatus
3029 2155 3122 2208 [uit
3148 2174 3160 2207 :
3195 2157 3319 2210 limo
3347 2158 3607 2211 insidebat

2017 2237 2159 2306 Job,
2221 2249 2274 2294 et
2328 2242 2450 2311 quia
2499 2243 2788 2311 vigi!abat,
2854 2248 3142 2316 superavit.
3201 2249 3357 2316 Atqui
3407 2260 3606 2318 quaqu

2022 2332 2301 2401 paradisus
2346 2343 2428 2388 cst
2467 2334 2593 2389 fimo
2637 2337 2866 2390 melior?
2907 2338 2999 2392 sed
3043 2338 3176 2392 nihil
3205 2338 3303 2393 loci
3334 2341 3500 2392 virtus
3525 2340 3606 2392 in.

2021 2421 2276 2477 habitanti
2328 2424 2544 2491 profuit,
2589 2437 2864 2495 postquam
2905 2429 3139 2496 seipsum
3191 2430 3280 2483 ille
3330 2431 3602 2498 prodidit:

2021 2513 2155 2571 sicut
2183 2528 2281 2567 nec
2311 2514 2413 2570 loci
2444 2514 2619 2570 vilitas
2648 2515 2844 2571 virtute
2873 2519 3104 2587 undique
3143 2521 3400 2572 munitmu
3449 2520 3604 2575 hcsit.

2025 2603 2089 2663 Et
2115 2620 2212 2658 nos
2234 2605 2392 2674 igitur
2420 2607 2650 2660 animam
2681 2617 2915 2661 nostram
2947 2610 3287 2663 muniaums:
3317 2611 3429 2664 sive
3465 2611 3607 2664 enim

2025 2699 2366 2767 peetmiarum
2416 2701 2608 2754 nmleta
2653 2701 2948 2766 immineat,
2992 2702 3108 2757 sive
3149 2718 3312 2768 mors,
3359 2703 3607 2772 pietatem

2025 2805 2153 2842 vero
2179 2790 2388 2849 auferat
2417 2807 2595 2855 nemo,
2625 2809 2810 2847 smnus
2835 2794 3081 2848 omnibus
3113 2795 3395 2850 beatiores.
3429 2796 3538 2851 lloc.
3557 2807 3612 2850 et

2021 2880 2269 2935 (IlListus
2318 2882 2587 2938 nutudavit
2635 2884 2816 2939 dicens
2855 2903 2868 2938 :
2920 2884 3097 2939 Estote
3137 2887 3292 2957 igitur
3343 2888 3611 2952 prudentis

2022 2971 2150 3023 sicut
2188 2983 2441 3040 serpentes
2479 2972 2691 3041 (Matth.
2729 2975 2815 3030 10.
2866 2976 2974 3044 l6).
3021 2976 3166 3032 Sicut
3190 2979 3330 3031 enim
3365 2980 3453 3033 ille
3489 2983 3612 3034 reli-

2023 3077 2184 3131 quum
2207 3061 2390 3131 objicit
2417 3078 2633 3132 corpus,
2667 3074 2720 3118 ut
2751 3074 2910 3132 caput
2949 3078 3151 3127 servet,
3185 3069 3261 3122 sic
3291 3079 3344 3122 et
3377 3079 3429 3122 tu
3456 3086 3468 3122 :
3500 3072 3613 3126 sive

2026 3153 2296 3222 pecunias,
2335 3155 2447 3209 sive
2485 3170 2700 3224 corpus,
2743 3157 2856 3211 sive
2897 3170 3214 3227 praestantem
3258 3163 3449 3227 vitam,
3498 3164 3611 3217 sive

2023 3243 2205 3301 otnttia
2236 3244 2482 3300 amittere
2511 3255 2776 3313 oporteat,
2802 3255 2856 3299 ut
2887 3247 3135 3315 pietatem
3160 3264 3464 3315 conserves,
3501 3253 3606 3305 noli

2025 3335 2242 3389 tris-tari.
2274 3335 2328 3392 Si
2357 3337 2499 3390 enim
2531 3336 2674 3394 illaut
2716 3337 2915 3392 balteus
2947 3340 3277 3408 migraveris,
3311 3359 3485 3397 omna
3518 3346 3608 3398 tibi

2023 3439 2151 3485 cum
2192 3426 2377 3492 majori
2414 3427 2551 3482 ιιιιιις
2593 3428 2833 3482 claritate
2878 3431 3154 3493 retribuet,
3189 3444 3242 3486 et
3268 3449 3460 3502 corpus
3489 3451 3610 3489 cum

2024 3515 2209 3585 majori
2238 3531 2446 3571 rursum
2491 3518 2661 3586 gloria
2703 3521 2966 3585 restituet,
2997 3530 3053 3575 cl
3078 3537 3171 3590 pro
3201 3525 3440 3592 pecuniis
3477 3525 3610 3578 bona

2021 3621 2143 3673 qua:
2185 3607 2326 3661 nulla
2372 3607 2655 3662 verborum
2704 3610 2752 3662 vi
2803 3619 3023 3678 possunt
3065 3613 3312 3680 exprimi.
3344 3614 3531 3668 Nonne
3559 3617 3611 3669 iu

2025 3697 2150 3753 limo
2182 3697 2355 3752 nudus
2407 3699 2624 3754 sedebat
2650 3699 2772 3764 Job,
2807 3701 3098 3756 innumeris
3127 3704 3385 3758 mortibus
3404 3707 3612 3774 gravia.

2026 3805 2138 3843 rem
2168 3790 2439 3846 sustinens
2469 3791 2673 3844 vitam?
2703 3791 2808 3846 Sed
2831 3794 2951 3860 quia
2984 3795 3230 3863 pietatem
3262 3812 3366 3850 non
3396 3799 3609 3868 abjeeit,

2025 3880 2206 3936 orunia
2252 3896 2374 3934 cum
2422 3881 2609 3952 majori
2656 3883 2804 3952 copia
2857 3885 3063 3939 rediere
3112 3887 3317 3955 priora,
3373 3893 3612 3959 corporis

2026 3974 2295 4030 sanitaset
2319 3973 2552 4042 species,
2575 3975 2752 4028 ouinis
2773 3975 3000 4029 filiorum
3024 3987 3214 4039 ςωιιιε,
3248 3983 3612 4048 possessiones

2026 4079 2233 4129 omnes,
2257 4075 2309 4119 et
2339 4065 2482 4135 qttod
2506 4068 2740 4120 omnium
2763 4071 3072 4133 maximum,
3104 4071 3376 4140 splendida
3405 4075 3610 4142 patien-

2029 4155 2114 4212 tia:
2143 4170 2360 4210 corona.
2393 4155 2540 4213 Sicut
2569 4158 2711 4214 enim
2741 4159 2792 4213 in
2814 4159 3091 4214 arboribus
3116 4162 3325 4228 accidit,
3352 4173 3405 4217 ut
3429 4165 3472 4218 si
3495 4167 3615 4234 quis

2027 4245 2255 4305 fructum
2282 4265 2402 4302 cum
2431 4249 2570 4304 foliis
2597 4250 2821 4314 auferat,
2851 4261 2905 4305 ct
2935 4268 3113 4307 ramos
3135 4269 3320 4309 Omle
3352 4267 3612 4323 amputet,

2029 4339 2205 4394 radice
2247 4351 2514 4407 manente,
2550 4351 2656 4397 tota
2681 4358 2801 4397 cum
2834 4343 3018 4412 majori
3050 4344 3208 4399 etiam
3234 4357 3422 4401 ornatu
3454 4348 3616 4403 arhur

2029 4441 2272 4502 resurgat
2302 4450 2314 4486 :
2343 4433 2422 4488 sic
2462 4433 2674 4502 quidem
2715 4442 2770 4489 et
2807 4434 2859 4488 in
2910 4435 3084 4500 nobis,
3131 4437 3176 4490 si
3219 4439 3429 4507 pietatis
3459 4443 3609 4495 radis

2030 4532 2358 4590 permaneat,
2403 4526 2502 4578 etsi
2547 4524 2745 4578 divitia:
2785 4527 3114 4595 auferantur,
3160 4538 3216 4584 et
3243 4546 3437 4600 corpus
3485 4548 3608 4586 cor-

2029 4625 2338 4683 rmnpatur,
2386 4617 2562 4670 oumia
2613 4634 2797 4673 rursus
2841 4621 2994 4674 nobis
3039 4637 3158 4675 cum
3201 4624 3386 4691 majori
3444 4623 3611 4694 gloria

2031 4706 2274 4759 redeunt.
2302 4706 2523 4764 Omnem
2562 4707 2719 4778 igitur
2756 4711 2947 4765 anima:
2989 4713 3398 4768 sollicitudinem
3439 4726 3610 4769 etsu-

2031 4797 2284 4868 perlluam
2329 4816 2512 4853 curam
2544 4801 2874 4870 abjtcientcs,
2919 4805 2983 4858 ad
3015 4823 3110 4859 nos
3144 4808 3282 4879 ipsos
3311 4808 3610 4872 redeamus,

2029 4905 2220 4960 Corpus
2235 4901 2287 4945 et
2307 4892 2537 4946 animam
2557 4909 2807 4948 ornamus
2824 4897 3029 4950 virtutis
3045 4907 3378 4961 ortmmento,
3397 4899 3498 4966 just
3512 4900 3613 4953 tu:

2028 4997 2198 5047 arma,
2226 4982 2318 5035 sed
2343 4998 2444 5036 non
2476 5000 2622 5038 arma
2649 4987 2881 5053 peccati;
2913 4991 3150 5055 corporis
3181 4989 3344 5041 nostri
3376 4989 3611 5042 membra

2029 5075 2341 5130 exhibentes
2369 5093 2381 5128 :
2414 5085 2467 5129 et
2505 5087 2629 5131 ante
2671 5079 2847 5130 oumia
2895 5078 3124 5146 linguam
3168 5087 3224 5130 ut
3253 5078 3294 5130 si
3327 5081 3614 5146 Spi-ritualut

2029 5166 2211 5235 gratia:
2241 5168 2480 5221 ministra
2508 5168 2864 5232 instituamus,
2891 5183 3046 5222 omne
3066 5169 3208 5223 virus
3235 5179 3286 5223 ct
3317 5171 3612 5241 lttuligttila-

2033 5268 2136 5310 tem
2167 5273 2230 5311 ex
2257 5273 2352 5312 ore
2393 5258 2733 5327 projicieutes
2775 5269 2831 5313 et
2862 5260 3090 5329 turpiqu
3131 5262 3414 5316 verborum
3444 5267 3581 5317 medi
3601 5295 3613 5306 η

2033 5347 2308 5402 tationem.
2333 5351 2540 5402 Etenim
2561 5350 2611 5404 in
2643 5359 2821 5404 nostra
2853 5359 3117 5419 potestate
3143 5361 3247 5414 est,
3276 5356 3613 5426 unumquod-

2030 5455 2134 5508 que
2156 5439 2513 5494 nutmbrornm
2540 5451 2840 5499 nostrorum
2868 5443 2979 5498 sive
3007 5444 3241 5508 malitiae,
3270 5447 3614 5515 sivejuslr'tim

2033 5514 2442 5586 instrumentum
2474 5532 2664 5587 facere.
2697 5534 2835 5587 Audi
2879 5534 3036 5606 igitur
3063 5538 3331 5606 quomodo
3362 5514 3613 5609 linguam,

2034 5627 2083 5680 bi
2124 5626 2335 5696 quidem
2386 5627 2611 5694 peccati,
2659 5627 2732 5680 illi
2765 5643 2897 5681 vero
2920 5630 3138 5698 justitth
3178 5644 3325 5683 arma
3355 5628 3611 5685 fecerunt.

2035 5715 2233 5788 Lingua
2277 5717 2498 5788 ipsorum
2548 5720 2746 5791 gladius
2790 5730 2968 5775 acutus
3013 5719 3180 5790 (l’svtt.
3232 5719 3318 5774 56.
3347 5720 3424 5788 ὕ).
3475 5722 3617 5774 Alter
