4074 6218
467 372 534 427 {37
1181 353 1236 410 S.
1275 352 1549 409 JOANNIS
1587 347 2054 407 CHRYSOSTOMI
2095 349 2412 405 ARClilEP.
2457 351 2982 406 CUN‘STANTINOI‘.
3439 327 3446 334 .
3661 358 3728 412 (38

469 487 595 524 vero
618 469 830 539 quidam
858 466 924 521 de
949 481 1040 519 sua
1070 465 1194 520 dicit
1221 464 1429 533 lingua:
1457 462 1652 532 Lingua
1683 479 1789 514 mea
1817 461 2039 513 calamus

469 558 644 613 scriba:
681 559 910 612 uelociter
953 555 1207 609 scribentis
1251 554 1417 624 (Psat.
1459 553 1546 608 44.
1592 553 1673 620 ‘2).
1723 551 1811 604 illa
1841 551 2038 604 cuidem

468 662 681 720 operata
710 659 810 717 est,
839 649 952 702 hate
976 648 1205 702 divinam
1233 647 1400 715 legem
1427 646 1690 700 scribebat
1719 663 1732 696 :
1763 653 2040 712 propterea

467 745 550 795 iiia
579 741 788 811 quidem
835 739 1058 809 gladius,
1102 739 1338 791 calamus
1379 747 1552 789 autem
1599 736 1711 789 Inrc
1753 745 1885 796 erat,
1935 751 2040 787 non

466 831 754 886 secundum
781 831 1046 900 propriam
1066 839 1327 888 naturam,
1347 828 1438 878 sed
1465 825 1752 880 secundum
1782 824 2040 878 utentium

461 921 798 974 electionem.
849 919 1064 987 Lingua:
1108 918 1247 972 enim
1297 929 1480 969 tiatura
1525 925 1578 968 et
1626 915 1780 982 hujus
1807 923 1858 966 et
1903 913 2042 965 illius

464 1027 563 1064 una
598 1019 732 1074 erat,
760 1011 995 1079 operati.»
1025 1017 1199 1061 autem
1232 1023 1334 1060 non
1383 1021 1504 1060 una.
1541 1007 1602 1058 Et
1631 1005 1699 1059 de
1727 1019 1826 1058 ore
1859 1017 2044 1057 rursus

463 1103 602 1156 idem
647 1117 876 1156 cernere
918 1101 1040 1152 licet
1065 1117 1078 1152 :
1106 1099 1301 1153 etenim
1351 1097 1402 1150 hi
1451 1097 1662 1166 quidem
1691 1095 1949 1149 habebant
1981 1108 2044 1147 os

463 1192 612 1244 sanie
659 1201 712 1244 et
753 1189 1090 1256 improbitate
1137 1189 1388 1256 plenum;
1435 1195 1713 1254 prepterea
1747 1183 2036 1237 incusanda

461 1281 672 1335 dicebat
724 1297 738 1332 :
791 1281 862 1333 Us
915 1281 1140 1347 ipsorum
1199 1277 1544 1330 maledictione
1599 1285 1644 1328 et
1709 1274 2045 1326 amaritudine

465 1372 666 1444 ριεηιιηι
718 1382 788 1426 est
825 1370 994 1442 (Psal.
1021 1371 1108 1424 15.
1140 1369 1192 1426 3i
1225 1386 1240 1424 :
1269 1369 1433 1438 ipsius
1483 1383 1612 1422 vero
1659 1383 1764 1420 non
1797 1366 1918 1426 tale,
1949 1363 2042 1419 sed

469 1464 539 1518 Os
575 1479 760 1529 meum,
817 1464 1004 1533 inquit,
1046 1460 1271 1530 loquetur
1315 1461 1632 1530 sapientium,
1691 1469 1734 1511 et
1789 1459 2040 1511 meditatio

466 1557 632 1608 cordis
661 1554 755 1605 mei
783 1553 1096 1622 prudentiam
1126 1549 1292 1618 (I’sal.
1319 1550 1406 1602 48.
1441 1549 1514 1618 4).
1542 1549 1640 1601 Alii
1672 1563 1798 1600 vero
1847 1561 2031 1601 rursus

463 1663 652 1700 manus
690 1643 956 1698 habebant
998 1641 1284 1710 iniquitatis
1315 1641 1514 1709 plenas,
1563 1649 1615 1692 et
1665 1639 2037 1691 hosnecosans

461 1751 649 1792 rursus
691 1735 939 1789 diccbat:
987 1731 1054 1786 In
1093 1732 1324 1784 "canibus
1368 1733 1592 1797 ipsorum
1640 1730 1942 1799 iniquitates,
1993 1736 2040 1781 ct

465 1827 642 1880 dextra
667 1842 836 1879 eorum
865 1825 1051 1894 repleta
1078 1834 1148 1875 est
1171 1821 1452 1874 muneribus
1477 1821 1642 1894 (Psal.
1663 1822 1751 1875 ‘25.
1787 1820 1898 1890 10).
1923 1817 2042 1888 Ipse

465 1935 592 1972 vero
623 1933 808 1972 manus
847 1916 976 1970 nihil
1005 1915 1144 1969 aliud
1175 1914 1369 1979 facere,
1401 1931 1554 1983 quam
1585 1915 1637 1966 in
1671 1911 1859 1969 cmlum
1887 1912 2039 1981 erigi,

465 2019 703 2062 assuetas
735 2007 992 2072 habebat;
1025 2007 1223 2060 idcirco
1249 2015 1302 2060 et
1327 2006 1393 2059 de
1425 2006 1506 2058 liis
1533 2005 1740 2058 dicebat
1769 2022 1780 2056 :
1811 2003 2043 2057 Elevatio

467 2115 706 2152 mnuuth
745 2115 968 2152 mearum
1007 2098 1311 2165 sacriﬁcium
1355 2097 1685 2166 vespertinum
1715 2093 1884 2164 (Psal.
1915 2095 2038 2148 140.

463 2189 538 2259 ﬂ).
572 2189 626 2244 ln
665 2189 824 2244 corde
867 2203 1074 2258 quoque
1113 2189 1234 2240 licet
1275 2187 1411 2240 idem
1453 2186 1666 2252 videre;
1694 2185 2040 2256 quorumdam

463 2283 606 2336 enim
633 2297 728 2336 cor
755 2297 945 2334 vanum
973 2291 1072 2345 est,
1117 2280 1272 2350 hujus
1311 2289 1484 2333 autem
1514 2295 1727 2344 verum;
1759 2288 2042 2350 propterea

463 2374 534 2427 de
563 2373 664 2427 illis
687 2373 814 2426 dicit
839 2389 852 2424 :
885 2371 984 2426 Cor
1004 2388 1174 2426 eorum
1203 2387 1383 2424 vanum
1413 2381 1484 2424 est
1513 2370 1684 2438 (Psai.
1715 2371 1768 2424 5.
1803 2369 1895 2437 l0)
1921 2385 1935 2434 ;
1976 2368 2050 2423 de

465 2479 566 2516 suo
591 2474 790 2530 autem,
822 2461 1084 2516 Eruetavit
1119 2478 1206 2514 cor
1241 2479 1400 2516 meum
1439 2461 1638 2515 verbum
1661 2463 1842 2514 bonum
1869 2459 2038 2530 (Psal.

467 2553 554 2608 44.
585 2556 662 2622 '2).
693 2554 756 2606 Et
799 2552 864 2606 de
909 2553 1087 2606 auditu
1135 2567 1344 2605 rursum
1388 2553 1526 2605 idem
1557 2552 1736 2607 videre
1767 2553 1908 2606 licet.
1937 2551 2040 2605 Alii

465 2659 692 2711 namque
737 2643 1023 2696 bestiarum
1070 2641 1305 2695 auditum
1365 2643 1631 2696 habebant
1677 2643 1931 2697 immitem
1987 2649 2044 2695 et

465 2733 871 2804 implacabilem,
921 2743 976 2788 et
1013 2735 1156 2802 ipsos
1179 2735 1483 2802 vituperans
1509 2735 1586 2788 sic
1615 2733 1823 2788 dicebat
1851 2751 1864 2785 :
1897 2733 2044 2788 Sicut

463 2827 656 2896 aspidis
681 2826 866 2890 surda,
899 2833 944 2878 et
985 2825 1262 2878 obturantis
1301 2841 1446 2878 aures
1479 2840 1598 2878 suas
1627 2823 1796 2896 (Psal.
1823 2824 1911 2880 57.
1941 2825 1995 2893 5)
2023 2840 2038 2878 :

465 2918 632 2986 ipsius
667 2927 842 2971 autem
873 2915 1083 2970 auditus
1112 2915 1414 2970 divinorum
1463 2927 1578 2970 erat
1619 2917 1900 2970 verborum
1955 2931 2040 2970 re-

463 3009 825 3077 coplaculum,
885 3017 938 3062 et
987 3007 1087 3061 hoc
1147 3009 1316 3076 ipsum
1373 3007 1761 3073 manifestavit,
1811 3008 2040 3062 dicens:

469 3097 733 3152 Inclinatio
761 3098 814 3150 in
843 3099 1134 3167 parabolam
1160 3115 1333 3151 aurem
1359 3114 1538 3160 meam,
1568 3099 1788 3168 aperiam
1815 3099 1866 3151 in
1907 3099 2045 3167 psal-

465 3191 591 3244 terio
621 3190 1008 3258 propositionem
1031 3205 1190 3242 meam
1216 3183 1389 3256 (Psal.
1421 3184 1509 3240 48.
1541 3183 1617 3254 5).

537 3282 590 3334 6.
603 3279 810 3334 Muralis
829 3281 1205 3334 extiortatio.-
1227 3280 1350 3334 Ilaec
1373 3281 1529 3349 igitur
1546 3281 1794 3347 scientes,
1827 3297 1925 3337 nos
1945 3297 2048 3336 un-

469 3372 629 3442 dique
655 3373 848 3426 virtute
883 3373 1202 3436 muniamus,
1221 3380 1276 3426 et
1305 3373 1380 3425 sic
1413 3373 1504 3426 Dei
1525 3373 1656 3426 iram
1681 3372 1997 3442 repellentes
2028 3391 2042 3428 :

471 3476 530 3518 et
555 3463 794 3532 corporis
815 3465 980 3518 nostri
1007 3465 1241 3518 membra
1267 3465 1482 3534 justitia‘.
1508 3479 1651 3518 arma
1679 3463 1930 3519 faciamus
1947 3508 1959 3529 ,
1991 3475 2044 3520 et

473 3555 686 3617 oculos,
719 3569 924 3618 manus,
943 3555 1122 3623 pedes,
1157 3569 1270 3621 cor,
1300 3557 1530 3624 linguam
1575 3565 1624 3610 et
1665 3571 1823 3610 omne
1851 3571 2044 3624 corpus

469 3655 711 3700 nostrum
743 3655 799 3699 ut
829 3646 926 3700 soli
953 3646 1132 3700 virtuti
1159 3647 1284 3701 utile
1327 3650 1394 3700 sit
1423 3648 1756 3702 instituamus
1787 3665 1800 3702 :
1831 3658 1884 3704 et
1924 3649 2043 3702 illo-

471 3753 588 3790 rum
637 3737 792 3790 trium
818 3737 834 3768 ¹
867 3737 1238 3802 recordemur,
1284 3737 1350 3791 de
1378 3739 1566 3806 quibus
1601 3741 1665 3794 ad
1692 3741 2060 3797 vesti-amella-

469 3827 674 3880 ritatem
703 3827 861 3880 verba
889 3826 1010 3892 feci,
1041 3841 1232 3896 rogans
1262 3835 1318 3881 ut
1359 3827 1627 3882 inimicum
1651 3829 1914 3885 haberetis
1945 3846 2041 3885 ne-

473 3917 697 3982 minem,
717 3931 886 3984 neque
915 3919 1158 3986 cuiquam
1181 3933 1362 3972 eorum
1390 3920 1478 3987 qui
1503 3935 1599 3974 vos
1619 3921 1827 3974 tristitia
1854 3921 2044 3976 affece-

475 4009 602 4072 rint,
633 4007 1036 4070 maledicatis,et
1063 4010 1353 4076 improbam
1370 4009 1789 4078 juramcntorum
1820 4029 2045 4070 consue-

470 4100 706 4154 tudinem
735 4115 797 4154 ex
815 4117 907 4154 ore
933 4112 1112 4154 vestro
1141 4101 1380 4169 ejiciatis.
1411 4103 1473 4156 Et
1511 4111 1559 4157 te
1583 4103 1787 4158 duobus
1827 4107 2038 4176 quidem

468 4191 728 4246 mandatis
769 4190 826 4245 in
849 4191 954 4245 alio
981 4199 1216 4260 tempore
1242 4193 1562 4248 disseremus
1589 4209 1602 4247 :
1637 4210 1730 4263 per
1749 4195 1886 4252 hanc
1915 4213 2044 4252 vero

469 4281 850 4336 hebdomadam
889 4291 1052 4336 totam
1098 4285 1162 4338 de
1188 4283 1504 4352 juramentis
1536 4285 1685 4340 vobis
1715 4288 1972 4351 dicemus,
2007 4307 2036 4342 a

471 4370 692 4425 faciliori
719 4371 966 4426 mandato
1011 4373 1222 4427 initium
1270 4375 1520 4429 iacientes
1546 4391 1560 4427 :
1587 4391 1685 4431 nec
1721 4377 1862 4431 enim
1895 4379 2044 4434 labor

473 4462 610 4516 ullus
631 4470 710 4516 est
735 4463 1158 4533 jurameutorum
1201 4467 1637 4521 consuetudinem
1691 4468 1906 4525 vincere
1933 4512 1949 4539 ,
1995 4471 2041 4526 si

533 4639 549 4669 ι
584 4643 686 4686 sav.
709 4643 762 4687 et
781 4651 907 4687 unus
927 4637 1083 4688 codex
1107 4653 1121 4688 :
1145 4639 1321 4705 tegam.

2147 462 2368 515 velimus
2388 463 2466 514 vel
2493 479 2672 530 parum
2690 461 2992 529 impendere
3013 462 3191 526 studii,
3218 478 3313 515 nos
3335 461 3454 516 invii
3473 481 3558 518 em
3585 481 3730 518 (ξυιυ-

2154 551 2570 606 nionel‘acicntes
2591 594 2605 618 ,
2637 552 2980 605 admonentes
3002 593 3014 615 ,
3046 551 3424 617 observantes,
3465 559 3738 610 rationem

2145 652 2198 694 et
2217 658 2396 710 pinnas
2413 643 2570 707 abiis,
2591 643 2677 712 qui
2695 643 2840 696 obliti
2857 645 3064 706 iuerint,
3084 653 3401 712 repetentes.
3418 644 3542 712 Quzc
3563 648 3726 713 enim,

2147 751 2348 804 qmeso,
2369 735 2604 788 ciborum
2628 735 2960 790 abstinentia:
2979 736 3196 798 utilitas,
3219 737 3313 789 nisi
3333 737 3598 806 improbas
3614 739 3726 792 ani-

2149 825 2216 876 mi
2240 823 2650 878 consuctudines
2676 825 3038 893 expcllamus?‘
3055 825 3198 878 Ecce
3211 825 3366 878 hodie
3394 835 3556 880 totam
3579 827 3720 894 jeju-

2149 915 2218 968 nii
2243 916 2380 968 diem
2409 917 2698 984 exegimus,
2723 927 2776 970 et
2805 933 3039 970 mensam
3067 919 3115 968 in
3144 932 3360 985 vespera
3375 933 3723 988 appellemus,

2149 1023 2252 1059 non
2285 1005 2547 1059 hesterna}
2575 1007 2829 1070 similem,
2859 1007 2952 1060 Sed
2979 1014 3304 1060 immutatam
3353 1017 3406 1062 et
3452 1008 3724 1061 honestio-

2149 1113 2280 1150 rem.
2307 1096 2570 1164 Numquid
2601 1097 2758 1166 igitur
2785 1099 2900 1166 quis
2923 1108 3159 1151 nostrum
3187 1098 3364 1152 dicere
3391 1101 3547 1163 valet,
3569 1115 3626 1154 se
3650 1101 3728 1153 vi.

2152 1199 2256 1242 lam
2279 1203 2424 1242 suam
2457 1187 2612 1242 hodie
2631 1189 2766 1242 sicut
2797 1199 2848 1243 et
2871 1205 3106 1244 mensam
3140 1202 3390 1258 mutasse,
3433 1209 3491 1247 se.
3522 1195 3720 1260 impro-

2150 1279 2266 1332 bam
2295 1279 2727 1333 consuetudinem
2755 1281 2886 1334 sicut
2911 1291 2964 1336 et
2984 1297 3156 1336 escam
3179 1285 3538 1338 convertisse?
3563 1285 3720 1354 Equi-

2148 1368 2268 1422 dem
2295 1385 2398 1421 non
2427 1380 2573 1438 puto.
2601 1371 2726 1436 Qua:
2757 1369 2914 1440 igitur
2944 1373 3096 1426 nobis
3118 1373 3304 1440 jejunii
3336 1375 3561 1428 utilitas?
3601 1376 3724 1431 Ideo

2149 1459 2420 1524 exhortor,
2454 1469 2508 1513 et
2536 1459 2800 1514 eximi-tari
2855 1477 2958 1515 non
2985 1463 3248 1528 desinam,
3303 1473 3358 1516 ut
3388 1467 3720 1535 unumquod-

2149 1566 2252 1618 que
2275 1551 2578 1604 mandatum
2633 1551 2898 1619 sigillatim
2931 1563 3288 1620 assumentes,
3320 1553 3454 1608 duos
3486 1555 3566 1609 vel
3615 1566 3721 1610 tres

2147 1641 2260 1694 dies
2285 1641 2349 1694 ad
2375 1641 2543 1709 ipsum
2569 1642 2888 1710 implendum
2913 1643 3244 1712 impendatis.
3263 1645 3325 1698 Et
3354 1645 3486 1698 sicut
3507 1643 3732 1714 quidam-

2147 1745 2268 1788 sunt
2295 1735 2432 1788 inter
2452 1751 2509 1790 se
2533 1737 2768 1789 ciborum
2797 1737 3110 1790 abstinentia
3132 1738 3458 1798 :cmnlentes.
3484 1747 3534 1791 et
3557 1737 3720 1790 mira—

2147 1823 2306 1878 bilem
2327 1827 2720 1879 contentionem
2753 1824 3004 1898 facientes
3033 1843 3045 1878 :
3079 1835 3130 1880 et
3157 1825 3208 1879 lii
3235 1826 3446 1896 quidem
3487 1827 3732 1896 integros-

2145 1913 2280 1967 duos
2301 1913 2414 1967 dies
2445 1913 2738 1984 transigunt
2769 1915 2966 1985 jejuni,
3019 1915 3068 1968 hi
3097 1930 3222 1968 vero
3247 1931 3353 1968 non
3385 1917 3488 1968 vini
3519 1925 3720 1969 tantum

2147 2013 2200 2058 et
2238 2003 2363 2069 olei,
2387 2003 2480 2058 sed
2507 2015 2559 2058 et
2589 2005 2760 2060 omnis
2805 2006 2986 2060 fereuli
3015 2021 3163 2058 usum
3220 2021 3248 2058 a
3271 2021 3363 2059 sua
3388 2022 3570 2059 incnsa
3593 2006 3720 2073 reji-

2147 2095 2367 2162 cientrs,
2399 2111 2534 2166 pauc
2565 2106 2618 2150 ct
2644 2111 2775 2165 aqua
2807 2105 3018 2152 utentes
3045 2097 3338 2164 dumtaxat,
3369 2097 3720 2165 Quadi-agesi-

2147 2204 2286 2241 mam
2314 2203 2524 2242 omnem
2548 2189 2867 2257 expediunt:
2897 2189 2974 2244 sic
2993 2197 3046 2243 et
3087 2204 3183 2242 nos
3213 2199 3396 2243 mutuo
3422 2189 3722 2243 contenda-

2148 2295 2294 2345 mus,
2339 2289 2396 2333 ut
2433 2281 2852 2348 juramcutorum
2901 2281 3248 2350 frequentiam
3305 2281 3548 2334 tollamus
3582 2278 3722 2332 :hoe

2147 2363 2289 2425 enim
2319 2371 2460 2424 omni
2487 2369 2687 2440 jejunio
2717 2371 2916 2436 utilius,
2963 2371 3063 2424 hoc
3089 2370 3233 2424 omni
3263 2370 3388 2424 vita:
3439 2371 3726 2438 asperitate

2149 2459 2470 2514 fructuosius
2493 2479 2506 2515 :
2535 2469 2587 2515 et
2615 2460 2842 2515 studium
2865 2460 3004 2530 quod
3028 2460 3172 2515 circa.
3187 2462 3422 2514 ciborum
3449 2460 3719 2515 abstinen-

2153 2553 2276 2606 tiam
2301 2551 2576 2618 habemus,
2611 2552 2712 2608 hoe
2739 2553 2876 2607 circa
2900 2557 3317 2622 juramcntorum
3349 2553 3722 2608 abstinentiam

2147 2645 2492 2700 cxhibeamus
2506 2645 2774 2715 :quoniam
2796 2653 3046 2700 extrema:
3063 2645 3343 2700 dementia:
3367 2646 3567 2700 crimen
3583 2645 3721 2700 sub-

2147 2737 2303 2802 imus,
2335 2735 2596 2806 probibita
2638 2735 2849 2805 quidem
2899 2745 3320 2800 contemnentes,
3345 2737 3482 2790 circa
3511 2735 3721 2789 indilfc—
3767 2719 3784 2727 ’

2152 2828 2321 2883 rentia
2371 2843 2498 2882 vero
2549 2843 2709 2882 omne
2751 2827 2982 2882 studium
3036 2827 3391 2882 adhibentes:
3442 2827 3726 2881 comedere

2155 2920 2296 2975 enim
2324 2935 2426 2974 non
2455 2928 2534 2973 est
2563 2919 2862 2982 inhibitum,
2889 2919 3068 2987 jurare
3093 2935 3217 2974 vero
3259 2917 3576 2987 prohibitum
3604 2927 3706 2982 est;

2149 3026 2246 3066 nos
2266 3019 2439 3065 autem
2457 3026 2486 3063 a
2512 3009 2780 3064 concessis
2797 3009 3145 3074 abstinentes,
3159 3007 3423 3078 prohibita
3440 3007 3716 3062 audemus.

2150 3101 2938 3170 I’roptereaeharitatemvestra
2949 3115 2993 3156 m
3014 3113 3077 3152 ex
3121 3108 3284 3164 ortor,
3307 3109 3362 3154 ut
3383 3099 3610 3168 aliquam
3638 3099 3722 3152 fa-

2148 3191 2299 3244 ciatis
2321 3192 2688 3252 mutationem,
2716 3199 2769 3242 ct
2797 3188 2922 3242 hinc
2951 3189 3265 3258 principium
3300 3191 3450 3245 nobis
3477 3189 3725 3244 ostenda-

2149 3280 2234 3334 tis.
2258 3280 2311 3334 Si
2332 3280 2470 3333 enim
2494 3296 2612 3333 cum
2635 3288 2783 3333 tanto
2811 3294 3047 3348 pra-scus
3070 3281 3322 3350 jejunium
3352 3281 3526 3336 studio
3543 3291 3728 3336 trans-

2148 3373 2431 3442 egerimus,
2463 3372 2561 3426 hac
2591 3373 2801 3441 quidem
2844 3371 3196 3438 hebdomade,
3223 3381 3280 3426 ut
3309 3389 3374 3427 ne
3394 3375 3606 3428 omnino
3636 3373 3726 3443 ju-

2149 3477 2350 3526 remus,
2371 3462 2682 3528 efficientes,
2707 3465 2946 3532 sequenti
2972 3477 3099 3517 vero
3125 3463 3255 3516 iram
3293 3465 3684 3534 exstingui-mes
3701 3503 3720 3529 ,

2151 3553 2387 3608 ulteriori
2433 3565 2610 3608 autem
2641 3553 3020 3608 detractionem
3057 3555 3312 3608 radicitus
3358 3555 3722 3623 destruentes,

2149 3653 2202 3697 et
2225 3653 2342 3713 post
2370 3645 2534 3714 ipsam
2553 3644 2652 3696 alia
2675 3659 2860 3698 rursus
2879 3646 3026 3714 plura
3044 3645 3404 3716 corrigentes;
3433 3647 3500 3700 ita
3521 3648 3732 3703 sensim.

2153 3734 2570 3802 progredientes,
2595 3734 2846 3803 paulatim
2873 3735 2936 3789 ad
2969 3735 3137 3804 ipsum
3169 3737 3375 3790 virtutis
3399 3739 3602 3792 culmen
3623 3753 3723 3792 ve-

2152 3825 2380 3887 niemus,
2407 3839 2640 3892 przrsens
2668 3823 2926 3894 fugiemus
2945 3825 3254 3893 periculum,
3280 3827 3442 3882 Deum
3463 3828 3724 3896 placatum

2149 3914 2432 3969 reddemus
2461 3933 2474 3968 :
2503 3925 2556 3968 et
2583 3916 2872 3970 multitudo
2887 3931 3068 3970 rursus
3105 3918 3170 3971 ad
3201 3933 3298 3971 nos
3327 3925 3384 3972 et
3429 3919 3494 3971 ad
3537 3919 3725 3972 urbem
3779 3909 3782 3912 Α

2150 4005 2484 4075 regredietur
2513 4023 2526 4058 :
2563 4015 2685 4061 tunc
2715 4007 2834 4076 fuga
2857 4008 3034 4076 lapsos
3059 4007 3395 4075 docebimus,
3443 4025 3554 4065 non
3582 4010 3730 4064 loco-

2151 4113 2267 4150 rum
2297 4097 2592 4162 muuimini,
2615 4113 2713 4152 nec
2735 4097 2936 4167 refugio
2957 4109 3007 4152 et
3037 4100 3284 4163 recessui,
3306 4099 3397 4153 sed
3418 4101 3579 4154 animi
3611 4100 3728 4168 pic-

2155 4188 2244 4240 tati
2271 4195 2323 4240 et
2345 4201 2548 4240 morum
2571 4187 2750 4240 virtuti
2770 4189 2956 4242 salutis
2978 4199 3170 4243 nostra:
3201 4205 3346 4258 spem
3369 4191 3726 4244 committere.

2151 4279 2327 4348 Atque
2357 4280 2423 4332 ita
2457 4279 2566 4344 fiet,
2595 4290 2649 4333 ut
2677 4289 2730 4333 et
2757 4279 2912 4349 hujus
2937 4281 3055 4334 vine
3077 4291 3125 4334 et
3167 4281 3305 4334 illius
3351 4281 3538 4334 futura:
3589 4281 3728 4333 bona

2148 4385 2528 4438 assequamur,
2565 4369 2753 4439 quibus
2809 4385 2906 4424 nos
2935 4385 3118 4424 omnes
3161 4371 3350 4438 dignos
3393 4369 3504 4423 fieri
3551 4369 3726 4436 detur,

2149 4461 2316 4529 gratia
2349 4469 2402 4513 et
2434 4460 2753 4530 benignitate
2797 4461 3005 4515 Domini
3037 4461 3199 4514 nostri
3225 4460 3350 4514 Jesu
3372 4460 3566 4514 Christi
3589 4502 3603 4522 ,
3635 4475 3738 4529 rel-

2147 4566 2303 4618 (piem
2329 4559 2383 4604 et
2409 4565 2528 4604 cum
2565 4567 2670 4620 quo
2715 4553 2853 4606 Patri
2899 4553 3058 4622 gloria
3101 4567 3202 4605 una
3246 4555 3363 4604 eum
3399 4563 3584 4605 sancto
3609 4551 3732 4619 Spi-

2148 4641 2252 4694 ritu
2277 4657 2415 4696 nunc
2441 4651 2494 4696 et
2513 4657 2743 4711 semper,
2773 4653 2829 4697 et
2869 4644 2921 4697 in
2944 4644 3134 4698 stet-ala
3161 4645 3494 4698 smculorum.
3538 4644 3730 4699 Amen.

472 4903 697 4947 lTlDEM
741 4900 1150 4944 EXHORTATIO
1191 4901 1276 4944 ΔΙ)
1319 4903 1612 4948 POPULUM
1657 4907 1738 4948 DE
1779 4908 2106 4952 GENEROSE
2149 4911 2460 4954 FERENDIS
2527 4913 2992 4956 IMMINENTIBUS
3035 4913 3234 4966 MINIS,
3291 4914 3420 4956 CUM
3477 4913 3734 4956 ΗΑΒΕΔἹ

548 5005 720 5048 εΔΤιε
765 5002 979 5046 MULTA
1021 5003 1320 5046 EXEMPLA
1383 5005 1470 5046 EX
1511 5005 1592 5049 IIS
1635 5007 1777 5058 QUE
1819 5009 2041 5052 EVENEI

2156 5012 2237 5052 ΕΤ
2279 5012 2391 5053 ,1οΒ
2463 5013 2543 5054 ΕΤ
2585 5015 2886 5056 NINIVITIS
2938 5017 2952 5055 2
3001 5015 3169 5067 QUOD
3213 5015 3325 5058 NON
3401 5017 3732 5058 ΟΡΟΒἹἘΑΪ

548 5105 788 5148 TIMERE
829 5103 1121 5158 HORTEU,
1165 5102 1282 5164 εει)
1318 5104 1650 5148 PECCATUM
1697 5109 1711 5148 ζ
1757 5107 1911 5160 QUID
1953 5109 2041 5153 SH

2149 5111 2250 5153 LLE
2293 5111 2452 5155 Μοιιι
2499 5115 2516 5168 ;
2563 5115 2642 5155 ET
2695 5115 2774 5155 DE
2829 5117 3228 5160 JURAME‘NTIS
3269 5117 3428 5162 0M1“
3495 5117 3734 5160 ετυωο

555 5202 888 5248 ευαιεκωε
921 5204 938 5246 ζ
969 5203 1051 5246 Εἰ·
1091 5202 1157 5247 IN
1199 5203 1428 5246 TERRE
1469 5205 1720 5250 MOTUM.

1763 5374 2448 5416 —-OOO-—-—

1117 5513 1333 5553 BOIILIA
1371 5511 1427 5552 γ.

553 5630 602 5683 l.
646 5627 828 5682 Trium
859 5641 1144 5696 puerorum
1183 5637 1236 5682 et
1265 5629 1598 5699 Babylonica:
1641 5627 1868 5686 fornacis
1891 5647 2052 5686 enar-

485 5726 614 5778 ratio
648 5722 996 5792 aliquatenus,
1025 5727 1081 5776 ut
1103 5719 1328 5785 videtur,
1358 5728 1582 5776 vestram
1605 5721 2052 5780 ltericharitatem

2159 5501 2428 5555 consolata
2453 5501 2568 5566 fuit,
2595 5501 2810 5572 insuper
2826 5511 2997 5556 autent
3017 5514 3070 5556 et
3097 5503 3161 5558 de
3175 5503 3274 5559 Job
3294 5505 3596 5574 exemplum
3617 5509 3658 5572 ί,
3689 5519 3742 5562 et

2162 5597 2314 5648 limus
2343 5597 2486 5649 omni
2507 5595 2698 5649 throno
2716 5596 2858 5665 regio
2892 5596 3259 5651 venerabilior.
3277 5598 3356 5652 Ex
3381 5598 3556 5652 throni
3587 5612 3732 5652 nant-

2219 5735 2235 5768 ³
2270 5735 2462 5795 Quidam
2481 5743 2604 5798 post,
2648 5737 2733 5788 Job
2753 5735 3045 5801 exemptum,
3065 5737 3247 5789 addunt
3271 5753 3284 5789 :
3305 5739 3359 5788 Et
3381 5741 3578 5790 vulnera
3587 5734 3734 5801 justi.
