4074 6218
431 353 502 410 σο
1047 409 1058 416 ,
1215 349 1271 405 S.
1311 346 1598 404 JOANNIS
1637 344 2130 403 CIIRYSOSTOMI
2172 343 2496 400 ARCHIEP.
2538 341 3086 398 CONSTANTINOP.
3807 331 3866 386 70

430 467 660 538 κοπρίαν
709 465 835 518 ίδεῖν
873 461 966 518 τοῦ
1015 463 1137 517 Ἰὼϐ
1191 465 1368 518 πᾶσάν
1415 481 1497 526 τις
1553 463 1764 529 δέξεται
1811 461 2100 532 ὠφέλειαν,

429 554 524 606 καὶ
553 551 870 621 φιλοσοφίαν
907 551 1108 623 πολλὴν
1131 592 1146 614 ,
1187 553 1282 604 καὶ
1317 551 1662 622 παράκλησιν
1701 551 1780 612 εἰς
1824 550 2103 618 ὑπομονῆς

427 641 604 709 λόγον.
639 639 739 692 Διά
785 639 940 692 τοῦτο
971 639 1155 692 πολλοὶ¹
1197 637 1294 692 νῦν
1343 637 1556 708 μακράν
1587 654 1708 690 τινα
1752 637 1846 690 καλ⁹
1877 635 2096 689 διαπόν-

425 745 541 782 τιον
585 728 890 798 ἀποδημίαν
937 727 1246 780 στέλλονται
1277 725 1385 779 ἀπὸ
1411 726 1520 780 τῶν
1559 723 1812 796 περάτων
1849 723 1949 794 τῆς
1995 721 2120 792 γῆςδ

425 817 506 878 είς
541 815 641 886 τὴν
680 815 936 886 Ἀραϐίαν
967 815 1282 885 τρέχοντες,
1329 813 1420 866 ἴνα
1455 813 1554 884 τὴν
1602 812 1834 882 κοπρίαν
1885 809 2100 879 ἐκείνην

429 905 612 967 ἴδωσι,
651 904 744 956 καὶ
775 903 1102 972 θεασάμενοι
1151 899 1564 970 καταφιλήσωτι
1603 899 1702 970 τὴν
1743 899 1846 968 γῆν
1891 898 1991 966 τὴν
2033 894 2101 948 τὰ

426 991 725 1062 σκάμματα
776 990 871 1042 τοῦ
919 990 1234 1058 στεφανίτου
1283 987 1584 1058 δεξαμένην
1625 986 1866 1049 ἐκείνου,
1907 985 2000 1038 καὶ
2039 982 2101 1036 τὺ

425 1075 648 1146 χρυσίου
679 1076 878 1140 παντὸς
909 1075 1234 1146 τιμιώτερον
1257 1069 1417 1144 αἷμα.
1455 1073 1589 1126 Οὐδὲ
1623 1072 1730 1142 γάρ
1756 1069 1928 1134 οὕτως
1951 1068 2099 1121 ἐστὶν

424 1167 680 1238 ἁλουργὶς
707 1166 934 1237 λαμπρὰ
953 1206 968 1228 ,
1003 1165 1079 1230 ὡς
1103 1166 1164 1218 τὸ
1185 1164 1344 1235 σῶμα
1375 1164 1552 1216 ἐκεῖνο
1583 1162 1703 1216 τότε
1735 1160 2059 1215 ἀπέστιλϐεν
2080 1201 2095 1224 ,

422 1255 523 1308 οὐκ
550 1255 847 1326 ἀλλοτρίῳ,
899 1253 1012 1307 ἀλλ’
1063 1251 1250 1322 οἰκείῳ
1291 1248 1685 1320 βαπτιζόμενον
1739 1248 1957 1318 αἵματι.
1992 1248 2098 1301 Καὶ

421 1345 490 1397 τά
523 1343 810 1414 τραύματα
857 1343 914 1396 δὲ
963 1345 1146 1395 ἐκεῖνα
1181 1340 1436 1394 ἁπάντων
1466 1338 1628 1390 λίθων
1659 1333 1728 1408 ἧν
1775 1335 2096 1407 τιμιώτερα.

421 1431 792 1504 Μαργαριτῶν
837 1431 938 1501 μὲν
967 1430 1076 1500 γὰρ
1109 1428 1270 1498 φύσις
1299 1427 1452 1482 οὐδὲν
1481 1425 1576 1479 τὸν
1613 1425 1726 1495 βίον
1769 1423 1972 1494 ὠφελεῖ
2005 1425 2098 1476 τὸν

421 1519 690 1592 ἡμέτερον
711 1561 724 1584 ,
763 1519 884 1572 οὐδὲ
913 1517 1104 1588 χρείαν
1137 1518 1261 1569 τινὰ
1309 1514 1510 1586 πληροῖ
1545 1516 1658 1576 τοῖς
1685 1512 1898 1583 ἔχουσιν
1932 1512 2096 1580 ἀναγ-

421 1607 615 1660 καίαν·
651 1605 724 1660 τά
769 1606 826 1660 δὲ
880 1605 1172 1677 τραύματα
1221 1605 1404 1656 ἐκεῖνα
1457 1601 1638 1672 πάσης
1691 1595 1930 1670 ἀθυμίας
1983 1600 2097 1652 ἐστὶ

419 1696 787 1766 παράκλησις.
825 1695 934 1748 Καὶ
983 1694 1070 1746 ῖνα
1116 1691 1329 1764 μάθῃς,
1367 1691 1450 1744 ὅτι
1487 1689 1644 1744 τοῦτό
1693 1689 1840 1741 ἐστιν
1879 1687 2095 1756 ἀληθὲς,

419 1782 515 1835 ἐὰν
547 1781 792 1852 ἀποϐάλῃ
819 1799 900 1844 τις
931 1781 1044 1833 υἱὸν
1072 1781 1292 1850 γνήσιον
1324 1779 1418 1832 καὶ
1453 1777 1735 1849 μονογενῆ,
1757 1775 1928 1842 δεῖξον
1949 1773 2098 1846 αὐτῷ

423 1871 650 1946 μυρίους
703 1868 1080 1941 μαργαρίτας,
1127 1869 1222 1922 καὶ
1277 1868 1338 1921 ού
1377 1865 1749 1938 παραμυθὴσῃ
1793 1863 1854 1917 τὸ
1901 1863 2094 1928 πάθος,

417 1957 542 2010 οὑδέ
577 1957 933 2028 θεραπεύσεις
967 1957 1068 2028 τὴν
1091 1957 1282 2026 ὀδύνην
1307 1973 1320 1986 ο
1352 1955 1672 2026 ἀναμνήσας
1701 1953 1760 2006 δὲ
1797 1952 1956 2007 αὐτὸν
1989 1951 2097 2006 τῶν

416 2045 748 2116 τραυμάτων
774 2045 866 2098 τοῦ
913 2043 1032 2100 Ἰὼϐ
1052 2084 1067 2108 ,
1105 2043 1300 2116 ῥᾳδίως
1331 2042 1536 2114 δυνήσῃ
1577 2039 1930 2112 θεραπεῦσαι,
1955 2037 2098 2091 οὕτω

417 2132 591 2201 λέγων
615 2151 628 2163 ⁸
664 2134 730 2187 Τί
767 2133 982 2196 πενθεῖς
1010 2133 1058 2196 ι,
1095 2131 1389 2202 ἄνθρωπε;
1423 2131 1486 2184 σὺ
1527 2129 1626 2200 μὲν
1660 2128 1850 2181 τέκνον
1889 2125 2098 2180 ἀπέϐα-

417 2221 506 2286 λες
534 2223 622 2286 ἓν,
651 2224 680 2275 ὁ
717 2222 774 2276 δὲ
805 2223 1075 2294 μακάριος
1109 2223 1314 2285 ἐκεῖνος
1350 2219 1488 2291 μετά
1517 2218 1579 2272 τὸ
1611 2219 1722 2271 τῶν
1749 2217 1952 2271 παίδων
1981 2217 2099 2270 όλό-

415 2310 618 2382 κληρον
655 2309 1018 2384 ἀφαιρεθῆναι
1049 2309 1139 2369 τὸν
1185 2308 1351 2388 χορὸν
1398 2307 1492 2360 καὶ
1523 2305 1661 2376 αὐτῇ
1696 2308 1761 2376 τῇ
1792 2305 1952 2376 σαρκὶ
1995 2305 2098 2378 τὴν

415 2397 630 2469 πληγὴν
660 2399 906 2464 ἐδέξατο,
937 2400 1032 2452 καὶ
1059 2399 1268 2468 γυμνὸς
1319 2396 1414 2450 ἐπὶ
1455 2396 1552 2467 τῆς
1601 2395 1836 2466 κοπρίας
1863 2395 2098 2466 ἐκάθητο

417 2485 573 2556 ίχῶρι
599 2485 862 2540 πάντοθεν
887 2485 1328 2556 καταρῤεόμενος
1346 2522 1361 2548 ,
1393 2483 1531 2536 κατά
1574 2483 1769 2554 μικρὸν
1819 2481 1969 2552 αύτῷ
1997 2485 2095 2554 τῆς

417 2571 625 2642 σαρκὸς
654 2571 1054 2641 δαπανωμένης
1073 2611 1089 2638 ,
1121 2571 1154 2622 ό·
1181 2571 1388 2632 δίκαιος
1412 2609 1426 2634 ,
1458 2572 1487 2623 ὁ
1527 2569 1782 2638 ἀληθινὸς
1803 2609 1819 2632 ,
1857 2571 1886 2623 ὁ
1915 2569 2098 2622 θεοσε-⁹

414 2659 546 2728 ϐὴς,
581 2659 610 2710 ό
649 2657 988 2727 ἀπεχόμενος
1034 2655 1143 2710 ἀπὺ
1177 2655 1377 2718 παντδς
1415 2655 1654 2726 πονηροῦ
1682 2655 2038 2726 πράγματος,
2067 2657 2097 2708 ό

415 2746 509 2802 καὶ
551 2745 683 2798 Θεὸν
740 2743 994 2814 μάρτυρα
1035 2742 1136 2812 τῆς
1186 2742 1386 2812 ἀρετῆς
1434 2741 1594 2811 ἔχων.
1633 2742 1730 2793 Ἂν
1767 2741 1876 2812 γάρ
1922 2741 2096 2796 ταῦτα

413 2831 575 2900 εἴπῃς
603 2827 674 2882 τά
705 2830 926 2899 ῥήματα
951 2867 966 2892 ,
1012 2829 1193 2880 πᾶσαν
1239 2825 1469 2891 ἔσϐεσας
1511 2826 1606 2880 τοῦ
1643 2825 1964 2889 πενθοῦντος
1996 2827 2096 2898 τὴν

413 2917 691 2987 ἀθυμίαν,
731 2917 826 2969 καὶ
877 2917 1058 2970 πᾶσαν
1107 2915 1312 2979 ἀνεῖλες
1355 2915 1454 2987 τὴν
1483 2915 1714 2984 ὀδύνην,
1761 2915 1858 2968 καὶ
1887 2915 2094 2983 γίνεται

413 3003 556 3057 οὕτω
583 3002 976 3076 χρησιμώτερα
1029 3001 1383 3074 μαργαριτῶν
1425 3001 1496 3054 τὰ
1545 3001 1836 3073 τραύματα
1871 3003 1965 3057 τοῦ
2012 3003 2093 3056 δι-

415 3089 594 3144 καίου.
653 3090 1036 3162 ’Υπογράψατε
1091 3089 1268 3144 τοίνυν
1325 3091 1539 3152 ἑαυτοῖς
1590 3089 1680 3142 τὸν
1731 3089 1968 3162 ἀθλητὴν
2003 3091 2096 3143 καὶ

414 3177 606 3246 ὑμεῖς,
645 3177 739 3230 καὶ
771 3175 1024 3247 νομίζετε
1073 3175 1291 3246 βλέπειν
1338 3176 1437 3246 τὴν
1465 3175 1700 3246 κοπρίαν
1724 3176 1958 3246 ἐκείνην,
2001 3175 2096 3230 καὶ

413 3263 575 3317 αὐτὸν
600 3265 658 3317 ἐν
691 3263 842 3335 μέσῳ
865 3263 1174 3334 καθήμενον
1198 3263 1238 3302 1³·
1269 3263 1364 3333 τῆς
1393 3263 1624 3334 κοπρίας
1645 3303 1660 3327 ,
1693 3261 1786 3314 τὸν
1805 3261 2095 3333 ἀνδριάντα

411 3349 505 3404 τὸν
534 3349 791 3422 χρυσοῦν.
823 3349 916 3404 τὸν
939 3349 1178 3404 ῶάλιθον
1200 3389 1214 3412 ,
1239 3349 1328 3402 τὸν
1357 3349 1476 3412 πῶς
1503 3350 1644 3403 εἴπω
1666 3351 1765 3404 οὐκ
1799 3345 1914 3404 οἶδα
1935 3367 1948 3382 ·
1976 3351 2095 3404 οὐδὲ

412 3438 522 3509 γὰρ
566 3439 675 3510 ἐχω
716 3439 904 3510 τιμίαν
951 3439 1126 3501 οὕτως
1168 3437 1301 3509 ὓλην
1329 3438 1544 3510 εὑρεῖν,
1591 3437 1666 3502 ὼς
1703 3438 2000 3510 δυνηθῆναι
2035 3443 2096 3494 τὸ

412 3526 732 3598 ᾑμαγμένον
777 3527 954 3580 ἐκεῖνο
999 3523 1160 3595 σῶμα
1201 3523 1534 3596 παραϐαλεῖν
1565 3541 1578 3555 ’
1612 3523 1754 3578 οὕτω
1785 3527 1878 3579 καὶ
1915 3527 2096 3597 πάσης

414 3613 529 3685 [60]
563 3613 694 3682 ὕλης
721 3611 1167 3684 τιμαλφεστάτης
1205 3613 1270 3665 ἐκ
1303 3611 1499 3665 πολλοῦ
1537 3609 1633 3665 τοῦ
1674 3611 1958 3684 περιόντος
1996 3615 2095 3684 τῆς

414 3701 616 3771 σαρκὸς
667 3700 883 3772 ἐκείνης
926 3701 960 3771 ἡ
1001 3697 1162 3770 φύσις
1206 3693 1276 3770 ἦν
1315 3698 1646 3770 τιμιωτέρα,
1681 3699 1777 3752 καὶ
1818 3699 1889 3752 τὰ
1925 3700 2094 3772 τραύ-

416 3807 560 3858 ματα
592 3787 700 3840 τῶν
730 3787 972 3857 ἡλιακῶν
1000 3786 1236 3840 ἀκτίνων
1267 3786 1627 3859 φαιδρότερα·
1661 3783 1822 3842 αὗται
1857 3789 1955 3859 μὲν
1987 3787 2096 3860 γὰρ

411 3876 511 3939 τὰς
562 3873 655 3926 τοῦ
717 3873 968 3944 σώματος
1000 3871 1442 3941 καταυγάζουσιν
1473 3875 1644 3942 δψεις,
1687 3875 1869 3927 ἐκεῖνα
1913 3874 1968 3928 δὲ
1997 3876 2096 3945 τῆς

412 3961 653 4024 διανοίας
691 3961 848 4030 ἡμῶν
885 3959 1111 4028 φωτίζει
1141 3961 1208 4012 τὰ
1233 3960 1480 4030 ὄμματα,
1513 3961 1696 4015 ἐκεῖνα
1728 3961 1982 4028 καθάπαξ
2004 3962 2096 4014 τὸν

412 4051 658 4104 διάϐολον
685 4047 1065 4116 ἀπετύφλωσε.
1101 4047 1204 4100 Διά
1224 4047 1354 4115 γοῦν
1379 4046 1558 4110 τοῦτο,
1590 4047 1730 4118 μετά
1751 4049 1850 4118 τὴν
1881 4049 2100 4120 πληγὴν

415 4137 631 4207 ἐκείνην
659 4135 980 4208 ἀπεπήδησε
1007 4173 1022 4198 ,
1077 4135 1171 4188 καὶ
1201 4134 1302 4186 ούκ
1333 4134 1505 4204 ἐφάνη
1549 4133 1754 4188 λοιπόν.
1801 4137 1872 4189 Σὺ
1917 4136 1974 4190 δέ
2006 4153 2096 4205 μοι

417 4223 706 4275 κάντεῦθεν
727 4261 742 4285 ,
772 4221 1062 4291 ἀγαπητέ,
1101 4219 1338 4291 μάνθανε
1389 4219 1449 4272 τδ
1495 4219 1594 4290 τῆς
1646 4219 1876 4288 θλίψεως
1908 4221 2096 4291 κέρδος

416 4307 583 4362 πόσον
626 4309 796 4363 ἐστίν.
855 4308 1048 4361 Ἦνίκα
1109 4307 1208 4376 μὲν
1241 4307 1350 4376 γάρ
1406 4307 1653 4360 ἐπλούτει
1716 4307 1810 4361 καὶ
1857 4309 2096 4376 ἀνέσεως

415 4397 695 4468 ἀπήλαυεν
746 4398 774 4449 ό
807 4395 1050 4460 δίκαιος,
1085 4395 1391 4450 διαϐάλλειν
1449 4395 1604 4465 ἔσχεν
1651 4395 1813 4450 αύτδν
1838 4438 1852 4460 ,
1886 4397 2096 4468 ψευδῶς

419 4485 538 4558 μὲν,
573 4483 697 4558 ἔσχε
738 4485 782 4536 δ’
817 4479 910 4536 οὖν
944 4484 1092 4553 ὅμως
1126 4485 1300 4537 εἰπεῖν
1326 4501 1339 4514 ·
1373 4481 1468 4548 Μὴ
1505 4483 1731 4552 δωρεὰν
1759 4485 1999 4539 σέϐεταί
2022 4503 2097 4544 σε

415 4557 454 4626 δ’
495 4571 616 4624 Ἰὼϐ
635 4557 910 4640 ;ῨἘπειδὴ
952 4570 1009 4622 δὲ
1042 4570 1202 4624 αὐτὸν
1235 4569 1520 4641 ἐγύμνωσε
1551 4572 1645 4624 καὶ
1674 4571 1894 4643 ἐποίησε
1928 4574 2096 4647 πένη-

413 4677 486 4720 τα
509 4703 522 4724 ,
557 4658 680 4713 ούδέ
729 4657 928 4732 γρῦξαι
959 4655 1145 4710 λοιπὸν
1168 4658 1433 4728 ἐτόλμησε
1453 4675 1466 4688 ο
1490 4659 1582 4710 καὶ
1603 4660 1690 4712 ὅτε
1723 4659 1819 4728 μὲν
1843 4659 2094 4727 πλούσιος

412 4743 488 4822 ἦνε
507 4789 522 4813 ,
551 4749 862 4818 ὑπισχνεῖτο
895 4745 1146 4800 παλαίειν
1180 4745 1329 4818 αὐτῷ
1354 4787 1368 4812 ,
1403 4747 1499 4800 καὶ
1529 4747 1905 4813 ὑποσκελίζειν
1935 4751 2096 4820 ἠπεί-

413 4837 526 4891 λει·
563 4837 751 4908 ἐπειδὴ
789 4835 846 4889 δὲ
876 4835 1084 4905 πένητα
1116 4836 1444 4906 εἰργάσατο,
1484 4837 1578 4890 καὶ
1609 4837 1828 4892 πάντων
1861 4839 2094 4895 άπεστέμ

415 4941 583 4994 ρησε,
643 4923 739 4978 καὶ
787 4924 866 4987 εἰς
904 4920 1139 4992 ἐσχάτην
1192 4921 1384 4993 ὀδύνην
1439 4922 1698 4987 ἐνέϐαλε,
1745 4925 1868 4979 τότε
1906 4939 1928 4966 ο
1982 4928 2092 4981 ἀπ-

411 5011 652 5081 επήδησε
677 5027 692 5041 ο
745 5009 844 5064 καὶ
886 5009 974 5062 ὅτε
1025 5007 1124 5080 μὲν
1153 5008 1306 5077 ὑγιὲς
1361 5009 1528 5063 αὐτοῦ
1565 5010 1625 5062 τὺ
1665 5010 1823 5081 σῶμα
1859 5007 1956 5083 ἦν,
1993 5015 2092 5077 τὰς

413 5099 600 5166 χεῖρας
637 5098 888 5170 ἀντῆρεν,
915 5097 1006 5151 ὅτε
1029 5097 1086 5150 δὲ
1109 5096 1276 5150 αὑτοῦ
1309 5095 1580 5167 κατέκοψε
1611 5097 1710 5170 τὴν
1744 5099 1944 5172 σάρκα,
1969 5101 2090 5156 τότε

414 5181 616 5250 ἔφυγεν
641 5185 920 5256 ἡττηθείς.

491 5265 640 5333 Ιιὶίδες
665 5273 828 5327 πόσον
865 5273 1026 5327 πενία
1059 5272 1287 5328 πλούτου
1309 5313 1323 5338 ,
1356 5273 1450 5328 καὶ
1476 5271 1758 5346 ἀρρωστία
1807 5275 1901 5329 καὶ
1934 5276 2090 5342 νόσος

412 5354 602 5422 ὑγείας
624 5394 643 5420 ,
675 5359 770 5412 καὶ
803 5363 1107 5434 πειρασμὸς
1145 5362 1386 5427 ἀνέσεως
1435 5362 1643 5434 βέλτιον
1679 5367 1791 5430 τοῖς
1831 5366 2090 5438 νήφουσίν

411 5443 530 5497 ἐστι
556 5444 649 5496 καὶ
671 5446 1213 5518 χρησιμώτερον,κα“ι
1237 5449 1651 5523 λαμπροτέρους
1679 5451 1773 5506 καὶ
1799 5453 2090 5507 εὐτονωτέ-

415 5547 542 5602 ρους
587 5531 712 5594 τοὺς
743 5531 1040 5598 ἀθλοῦντας
1072 5542 1242 5602 ποιεῖς
1279 5540 1373 5602 Τίς
1408 5535 1514 5592 εἶδε
1540 5583 1556 5600 .
1585 5541 1668 5604 τίς
1698 5541 1929 5610 ἡκουσεν
1947 5541 2089 5596 οὔτω

412 5617 698 5690 θαυμαστά
729 5617 1117 5690 παλαίσματα;
1147 5625 1216 5678 Ol
1237 5625 1346 5678 τῶν
1371 5625 1571 5693 ἔξωθεν
1596 5626 1822 5696 ἀγώνων
1863 5627 2084 5696 πύκται,

473 5777 498 5806 ⁸
534 5777 626 5824 Λίἱί
649 5776 694 5823 τί
718 5775 912 5837 θρηνεῖς.

473 5837 498 5908 Ι)
523 5837 731 5908 Quidam
753 5836 1089 5908 'mpnyscrintl
1185 5839 1314 5908 uia-ﬁ
1347 5847 1403 5902 τῇ
1433 5842 1605 5908 κοπρία
1643 5845 1918 5906 καθήμενον.
1959 5843 2086 5896 Infra

411 5903 494 5950 alii
519 5901 786 5958 ᾑμαγμένον
809 5897 960 5946 ἐκεῖνο
979 5897 1056 5946 κάξ
1081 5897 1234 5960 τίμιον
1255 5897 1414 5960 σῶμα.

473 5963 494 5992 ⁸
527 5962 727 6023 Qui-lam
751 5971 864 6011 mss.
897 5961 1062 6021 ὀδύνην
1085 5962 1278 6023 ἢγαγεν,
1305 5977 1428 6012 τοτε.

2209 459 2431 513 ἐπειδὰν
2471 459 2818 524 κατακῷωσι
2855 459 2950 522 τὰς
2979 455 3220 525 κεφαλάς
3245 453 3352 508 τῶν
3383 451 3688 506 ἀντιπάλων
3707 489 3722 514 ,
3755 449 3872 502 τότε

2208 546 2402 601 νικῶσι
2453 547 2547 600 καὶ
2585 545 2969 614 στεφανοῦνται
2993 563 3006 576 ο
3041 536 3198 608 οὗτος
3245 541 3340 609 δὲ,
3373 541 3461 594 δτε
3499 536 3770 606 κατέκοψε
3816 533 3874 587 1:0

2208 633 2370 702 σῶμα
2397 633 2490 686 τοῦ
2520 633 2750 696 δικαίου,
2783 631 3139 692 παντοδαπῖς
3168 631 3381 682 ἕλκεσιν
3412 626 3540 680 αὐτὸ
3559 623 3872 694 διατρήσας,

2207 720 2302 771 καὶ
2357 720 2747 790 ἀσθενέστερον
2799 719 3059 788 ἐποίησε,
3107 717 3228 771 τότε
3263 714 3490 786 ἐνικήθη
3528 714 3624 767 καὶ
3674 709 3874 780 ἀνεχώ-

2211 823 2374 877 ρησε·
2407 807 2502 860 καὶ
2541 804 2729 876 ἐπειδὴ
2773 804 3032 875 διώρυξεν
3075 804 3241 858 αὐτοῦ
3281 801 3545 857 πάντοθεν
3575 801 3672 864 τὰς
3715 801 3876 854 πλευρ

2209 893 2333 966 ράς,
2382 891 2530 963 αὐτῷ
2579 892 2678 963 μὲν
2711 891 2870 944 πλέον
2895 891 3045 944 οὐδὲν
3071 889 3316 959 ἐγένετο,
3342 889 3434 942 τὸν
3456 887 3564 959 γάρ
3599 887 3877 941 ἐναποκεί-

2209 995 2370 1049 μενον
2413 979 2686 1050 θησαυρὸν
2718 978 2818 1031 οὐκ
2845 977 3209 1048 ἀπεσύλησεν,
3238 979 3372 1047 ἡμῖν
3405 976 3463 1029 δέ
3505 973 3879 1045 φανερώτερον

2205 1065 2368 1118 αὑτὸν
2397 1065 2618 1136 ἐποίησε
2647 1105 2664 1130 ,
2694 1065 2787 1118 καὶ
2839 1063 2928 1117 διὰ
2967 1067 3068 1134 τῆς
3117 1063 3388 1136 διωρυγῆς
3421 1061 3636 1130 ἐκείνης
3679 1061 3877 1112 ἔδωκεν

2207 1150 2407 1206 ἅπασιν
2434 1155 2515 1216 είς
2543 1151 2605 1204 τὸ
2636 1151 2782 1204 ἔνδον
2813 1150 3030 1221 βλέπειν
3054 1191 3068 1214 ,
3111 1151 3206 1202 καὶ
3236 1148 3674 1219 καταμανθάνειν
3711 1145 3878 1200 αὐτοῦ

2204 1238 2295 1292 τὸν
2347 1239 2573 1293 πλοῦτον
2628 1239 2844 1293 ἅπαντα
2885 1253 2898 1266 ·
2947 1238 3040 1292 καὶ
3083 1239 3172 1292 ὅτε
3219 1239 3440 1310 κρατεῖν
3487 1235 3880 1308 προσεδόκησε.

2205 1326 2326 1380 τότε
2369 1328 2490 1396 μετ’
2523 1325 2784 1397 αἰσχύνης
2832 1326 3034 1396 πολλῆς
3075 1325 3386 1396 ἀνεχώρησε
3410 1364 3426 1389 ,
3479 1325 3574 1378 καὶ
3621 1323 3882 1394 οὐδεμίαν

2205 1415 2388 1468 οὐκέτι
2431 1414 2616 1485 φωνὴν
2667 1413 2868 1483 ἀφῆκε.
2911 1413 2976 1466 Τί
3028 1413 3293 1482 γέγονεν,
3335 1408 3379 1466 ὦ
3431 1411 3690 1476 διάϐολε;
3735 1412 3882 1476 τίνος

2205 1500 2390 1556 ἕνεκεν
2427 1503 2768 1571 ἀναχωρεῖς;
2799 1500 2899 1554 ούκ
2950 1501 3166 1569 ἐγένετο
3198 1499 3376 1552 πάντα
3413 1500 3516 1553 ὅσα
3565 1499 3878 1570 ὴθέλησαςς

2205 1589 2304 1641 οὐκ
2335 1587 2544 1650 ἀνεῖλες
2577 1585 2742 1640 αὐτοῦ
2779 1587 2847 1640 τὰ
2875 1587 3123 1659 ποίμνια,
3149 1586 3220 1640 τὰ
3247 1587 3520 1658 βουκόλια,
3551 1587 3646 1650 τὰς
3679 1586 3882 1654 ἀγέλας

2203 1675 2312 1728 τῶν
2339 1676 2521 1728 ἵππων
2545 1712 2560 1739 ,
2585 1673 2694 1727 τῶν
2730 1674 3002 1744 ἡμιόνωνς
3029 1675 3152 1745 ούχὶ
3185 1675 3280 1728 καὶ
3313 1673 3404 1728 τὸν
3438 1674 3594 1745 χορὸν
3619 1674 3730 1727 τῶν
3761 1675 3882 1728 παί·

2203 1761 2307 1814 δων
2331 1761 2638 1824 ἀπώλεσας,
2665 1761 2758 1814 καὶ
2785 1760 2882 1832 τὴν
2907 1761 3082 1831 σάρκα
3117 1759 3422 1830 κατέκοψας
3447 1762 3661 1816 ἃπασαν
3683 1777 3700 1826 ς
3735 1761 3885 1824 τίνος

2203 1851 2390 1906 ’ἐνεκεν
2427 1849 2817 1921 ἀνεχώρησας;
2855 1850 2976 1902 ’Ὁτι
3003 1849 3220 1918 ἐγένετο
3267 1850 3367 1920 μὲν
3399 1851 3600 1913 πάντα,
3629 1851 3731 1902 ὅσα
3753 1849 3886 1918 ὴθέο

2203 1937 2366 2006 λησα,
2401 1937 2564 2008 φησίν
2586 1953 2597 1964 ·
2630 1937 2659 1990 ὃ
2695 1936 2753 1988 δὲ
2793 1935 3046 2004 γενέσθαι
3077 1935 3316 2005 μάλιστα
3341 1937 3662 2008 ἐϐουλόμην,
3691 1937 3786 1989 καὶ
3813 1937 3886 1990 δι’

2203 2023 2231 2076 0
2267 2024 2444 2078 πάντα
2499 2025 2679 2077 ἐκεῖνα
2711 2023 2982 2094 ἐποίησα,
3016 2023 3170 2078 τοῦτο
3209 2025 3308 2076 οὐκ
3357 2023 3592 2091 ἐγένετο·
3617 2023 3738 2077 οὐδὲ
3773 2025 3888 2096 γὰρ

2205 2111 2592 2182 ἐϐλασφήμησε
2621 2127 2635 2140 ·
2665 2110 2752 2164 διὰ
2789 2111 2898 2181 γάρ
2931 2110 3088 2163 τοῦτο
3127 2111 3304 2164 πάντα
3329 2109 3354 2150 δ
3409 2113 3592 2164 ἐκεῖνα
3630 2111 3886 2176 ἐποίουν,

2205 2200 2369 2268 φησὶν
2389 2239 2403 2260 ,
2431 2200 2514 2251 ἵνα
2539 2197 2696 2251 τοῦτο
2723 2197 2932 2272 ἐξέλθῃ.
2963 2197 3164 2250 Τούτου
3189 2197 3246 2251 δὲ
3281 2197 3356 2269 μὴ
3385 2197 3702 2268 γενομένου,
3729 2198 3888 2252 οὐδέν

2207 2301 2296 2355 μοι
2343 2285 2506 2338 πλέον
2533 2285 2643 2338 ἀπὸ
2683 2285 2784 2355 τῆς
2821 2284 3021 2354 ζημίας
3043 2285 3151 2338 τῶν
3180 2286 3478 2356 χρημάτων
3506 2285 3725 2353 ἐγένετο
3743 2325 3760 2348 ,
3789 2287 3890 2340 καὶ

2201 2371 2302 2441 τῆς
2351 2371 2458 2424 τῶν
2509 2371 2713 2424 παίδων
2753 2371 3048 2435 ἀπωλείας,
3081 2371 3178 2426 καὶ
3203 2371 3306 2442 τῆς
3336 2371 3428 2426 τοῦ
3460 2371 3712 2443 σώματος
3745 2371 3888 2444 πλη-

2202 2459 2335 2528 γῆς,
2364 2458 2500 2512 ἀλλά
2549 2459 2858 2513 τούναντίον
2892 2459 3036 2530 ἥπερ
3083 2459 3383 2530 ἐϐουλόμην
3419 2459 3607 2532 ἐξέϐη,
3633 2460 3888 2530 λαμπρό-

2201 2561 2361 2616 τερον
2385 2545 2632 2616 ἐποίησα.
2653 2545 2744 2600 τὸν
2775 2545 2986 2615 ἐχθρὸν,
3019 2546 3112 2599 καὶ
3135 2545 3484 2618 φαιδρότερον
3511 2547 3885 2618 εἰργασάμην.

2207 2633 2418 2700 Ἐγνως
2449 2633 2572 2688 ὅσον
2611 2635 2711 2704 τῆς
2753 2632 2982 2702 θλίψεως
3014 2633 3076 2686 τὸ
3117 2633 3338 2705 κέρδος,
3371 2635 3656 2704 ἀγαπητέ;
3699 2634 3890 2688 Καλὸν

2205 2719 2302 2790 μὲν
2333 2717 2440 2791 γὰρ
2470 2719 2530 2774 τὸ
2569 2720 2726 2792 σῶμα
2797 2719 2891 2772 καὶ
2925 2719 3163 2788 ὑγιαῖνον
3195 2715 3298 2790 ἦν,
3354 2721 3532 2792 πολλῷ
3579 2721 3635 2774 δὲ
3679 2721 3887 2790 σεμνόο

2203 2825 2358 2880 τερον
2385 2808 2576 2878 γέγονε
2625 2808 2973 2880 κατατμηθέν
3001 2808 3105 2862 ὑπὸ
3131 2808 3239 2864 τῶν
3263 2811 3594 2881 τραυμάτων
3619 2811 3886 2864 ἐκείνων

2203 2896 2326 2950 ἐπεὶ
2345 2897 2438 2950 καὶ
2467 2897 2588 2970 ἔρια
2627 2897 2770 2952 καλά
2801 2898 2898 2968 μὲν
2929 2898 3021 2952 καὶ
3047 2897 3152 2967 πρὸ
3183 2898 3284 2969 τῆς
3329 2898 3536 2968 βαφῆς,
3577 2899 3798 2952 ἐπειδάν
3821 2899 3890 2954 δὲ

2203 2985 2442 3056 ἁλουργά
2475 2996 2502 3025 ες
2524 2984 2769 3056 γένηται.
2799 2984 3004 3053 ἄφατον
3029 2985 3434 3056 προσλαμϐάνει
3457 2985 3518 3038 τὸ
3543 2985 3758 3050 κάλλος,
3787 2993 3894 3041 καὶ

2202 3074 2402 3146 πολλὴν
2431 3073 2530 3144 τὴν
2560 3073 2910 3144 εὐπρέπειαν.
2951 3072 3012 3126 Et
3039 3073 3095 3126 δὲ
3141 3073 3216 3144 μὴ
3249 3074 3517 3128 ἀπέδυσεν
3561 3074 3746 3134 αὑτὸν,
3782 3075 3898 3126 οὐκ

2203 3161 2280 3214 ἂν
2305 3160 2548 3231 ἔγνωμεν
2571 3159 2664 3213 τοῦ
2701 3159 3020 3230 στεφανίτου
3051 3159 3150 3231 τὴν
3187 3161 3402 3226 εὐεξίαν
3423 3179 3438 3192 ·
3475 3161 3524 3213 εἰ
3559 3161 3634 3232 μὴ
3671 3161 3899 3233 διέτρη-

2204 3266 2294 3306 σεν
2341 3249 2506 3303 αὐτοῦ
2549 3248 2611 3301 τὸ
2661 3248 2774 3321 [6|]
2805 3248 2965 3318 σῶμα
3015 3253 3138 3312 ταῖς
3179 3249 3456 3312 ὠτειλαῖς,
3511 3251 3612 3302 οὐκ
3651 3249 3718 3302 ἂν
3751 3253 3892 3304 ἀντ-

2201 3337 2452 3407 έλαμψαν
2477 3335 2690 3390 ἔνδοθεν
2719 3337 2776 3390 αἱ
2806 3337 3054 3400 ἀκτῖνες·
3089 3337 3136 3390 εί
3171 3335 3244 3408 μὴ
3289 3335 3540 3391 ἐκάθισεν
3579 3337 3744 3393 αὑτὸν
3791 3339 3896 3394 ἐπὶ

2201 3429 2299 3498 τῆς
2351 3427 2587 3499 κοπρίας
2623 3468 2638 3492 ,
2695 3426 2798 3480 οὐκ
2858 3426 2926 3481 ἀν
2985 3426 3230 3497 ἔγνωμεν
3269 3427 3433 3482 αὐτοῦ
3489 3427 3580 3482 τὸν
3631 3429 3892 3482 πλοῦτον.

2201 3515 2336 3570 Οὐδὲ
2383 3516 2492 3586 γὰρ
2539 3513 2688 3568 οὕτω.
2726 3513 2977 3586 λαμπρὸς
3005 3515 3098 3567 ἐπὶ
3137 3515 3326 3586 θρόνου
3371 3517 3678 3586 καθήμενος
3729 3517 3896 3587 βασι-

2201 3602 2366 3668 λεὺς,
2423 3602 2499 3666 ὡς
2551 3602 2756 3666 ἐκεῖνος
2807 3601 2906 3654 ἐπὶ
2950 3601 3048 3672 τῆς
3105 3604 3337 3674 κοπρίας
3401 3603 3522 3657 τότε
3575 3605 3894 3675 καθήμενος

2202 3690 2472 3762 ἐπίσημος
2519 3683 2587 3760 ἦν
2623 3689 2714 3742 καὶ
2754 3690 3093 3760 περιφανής·
3137 3691 3276 3759 μετὰ
3319 3691 3416 3760 μὲν
3447 3693 3560 3762 γὰρ
3589 3692 3704 3746 τὸν·
3727 3693 3892 3762 βασι-

2201 3778 2350 3831 λικδν
2413 3777 2602 3848 θρόνον
2651 3775 2920 3840 θάνατος,
2961 3777 3100 3848 μετὰ
3141 3777 3200 3832 δὲ
3245 3779 3342 3848 τὴν
3389 3779 3622 3851 κοπρίαν
3663 3781 3890 3851 ἐκείνην

2201 3865 2446 3936 οὐρανῶν
2475 3863 2743 3934 βασιλεία.

2276 3951 2341 4020 β’.
2366 3951 2550 4004 Ταῦτα
2571 3947 2662 4004 οὖν
2685 3951 2902 4006 ἅπαντα
2926 3952 3366 4024 ἀναλογιζόμενοι
3393 3955 3778 4027 ἀνενέγκωμεν
3815 3961 3894 4013 ἐκ

2201 4038 2302 4109 τῆς
2353 4039 2689 4111 κατεχούσης
2725 4039 2966 4112 ἀθυμίας
3010 4043 3178 4113 ἡμᾶς,
3229 4042 3340 4096 Καὶ
3383 4043 3492 4114 γὰρ
3521 4043 3723 4110 ταύτας
3755 4047 3900 4116 ὑμῖν

2204 4129 2546 4200 παρατίθημι
2594 4131 2694 4193 τὰς
2744 4132 3021 4204 ἱστορίας,
3061 4133 3164 4203 οὐχ
3189 4133 3294 4188 ἴνα.
3331 4133 3602 4204 ἐπαινῆτε.
3625 4135 3694 4190 τὰ
3729 4137 3902 4206 λεγότ

2207 4235 2372 4288 μενα,
2407 4217 2522 4270 ἀλλ’
2565 4219 2666 4272 ἵνα.
2701 4219 3016 4292 μιμήσησθε
3057 4220 3156 4290 τὴν
3193 4221 3393 4293 ἀρετὴν
3427 4223 3520 4278 καὶ
3547 4223 3902 4296 τὴνούπομο-

2203 4303 2298 4376 νην
2342 4304 2450 4358 τῶν
2476 4305 2736 4374 γενναίων
2783 4307 3006 4360 ἐκείνων
3035 4307 3246 4378 ἀνδρῶν
3265 4349 3280 4373 ,
3315 4309 3401 4362 ἴνα
3429 4309 3516 4363 διὰ
3547 4309 3658 4364 τῶν
3705 4311 3908 4382 ἔργω-δ

2203 4391 2382 4444 αὐτῶν
2439 4391 2645 4462 μάθητε
2672 4432 2686 4456 ,
2736 4393 2818 4446 ὅτι
2867 4393 3020 4447 οὐδὲν
3055 4395 3226 4450 δεινὸν
3254 4396 3362 4449 τῶν
3393 4395 3753 4468 ἀνθρωπίνων
3777 4399 3906 4452 δειο

2203 4479 2340 4543 νῶν,
2392 4479 2506 4534 ἀλλ’
2543 4481 2575 4551 ἣ
2619 4481 2863 4556 ἁμαρτία
2899 4483 3092 4552 μόνον,
3129 4483 3190 4537 οὐ
3226 4483 3420 4548 πενία,
3461 4485 3522 4538 ού
3561 4486 3756 4550 νόσος,
3783 4488 3904 4559 οὐχ

2203 4567 2401 4639 ὕϐρις,
2445 4569 2547 4624 ούκ
2579 4571 2814 4642 ἐπήρεια
2835 4609 2850 4634 ,
2884 4571 2986 4624 οὐκ
3013 4571 3232 4643 ἀτιμία,
3259 4573 3321 4626 οὐ
3349 4573 3414 4626 τὸ
3448 4573 3665 4628 πάντων
3689 4575 3908 4628 δοκοῦν

2203 4655 2430 4726 ἔσχατον
2481 4653 2619 4712 εἶναι
2657 4658 2763 4712 τῶν
2829 4657 3015 4712 κακῶν
3071 4661 3108 4716 ὁ,
3149 4660 3398 4726 θάνατος.
3451 4661 3722 4732 Ὀνόματα
3771 4663 3908 4735 γὰρ

2199 4745 2374 4798 ταῦτά
2421 4747 2538 4798 ἐστι
2589 4745 2752 4816 μόνον
2797 4749 2910 4810 τοῖς
2943 4745 3314 4816 φιλοσοφοῦσι,
3347 4748 3641 4819 συμφορῶν
3678 4749 3912 4820 ὀνόμαο-

2199 4847 2307 4894 τα,
2371 4834 2712 4904 πραγμάτων
2775 4834 2960 4906 ἔρημα
2994 4852 3007 4865 ·
3063 4836 3094 4906 ή
3143 4835 3191 4887 δ’
3240 4835 3448 4908 ἀληθὴς
3502 4837 3759 4908 συμφορά
3829 4839 3918 4893 ’τὸ

2201 4919 2576 4990 προσκροῦσαι
2615 4921 2765 4993 Θεῷ,
2815 4923 2909 4975 καὶ
2945 4922 3170 4992 ποιῆσαί
3218 4939 3272 4976 τι
3313 4923 3423 4977 τῶν
3472 4923 3546 4994 μὴ
3579 4923 3920 4980 δοκούντων

2198 5006 2366 5076 αὐτῷ.
2407 5007 2471 5060 Τί
2517 5007 2624 5080 γὰρ
2659 5008 2769 5078 ἔχει
2806 5007 2979 5062 δεινὸν
3020 5011 3048 5062 ό
3079 5008 3342 5075 θάνατος,
3383 5011 3503 5063 εἰπέ
3538 5027 3662 5081 μοις
3699 5011 3776 5065 ὃτι
3827 5031 3918 5068 σε

2197 5094 2495 5166 ταχύτερον
2557 5096 2650 5148 ἐπὶ
2701 5097 2792 5150 τὸν
2845 5097 3018 5151 εὖδιον
3096 5098 3290 5169 λιμένα
3353 5099 3717 5170 παραπέμπει
3789 5105 3924 5158 καὶ

2197 5179 2294 5252 τὴν
2337 5183 2612 5254 ἀτάραχον
2663 5183 2882 5255 ἐκείνην
2931 5185 3112 5257 ζωὴνς
3161 5185 3266 5239 κᾶν
3309 5187 3418 5258 γὰρ
3461 5186 3751 5258 ἄνθρωπος
3810 5193 3924 5264 μὴ

2197 5273 2527 5346 ἀποκτείνῃ,
2579 5275 2740 5338 αὐτὸς
2779 5276 2876 5345 τῆς
2927 5275 3142 5344 φύσεως
3182 5276 3210 5328 ό
3265 5276 3430 5346 νόμος
3489 5275 3778 5340 ἐπελθὼν,
3827 5283 3928 5334 οὐ

2193 5359 2437 5414 διαλύσει
2457 5362 2520 5415 τὸ
2547 5362 2707 5432 σῶμα
2737 5363 2846 5416 ἀπὸ
2866 5363 2967 5432 τῆς
2987 5363 3183 5434 ψυχῆς
3213 5363 3318 5418 κᾶν
3350 5363 3459 5434 γάρ
3487 5364 3559 5435 μὴ
3590 5363 3688 5416 νῦν
3721 5365 3932 5438 γένη-

2195 5467 2284 5502 ται
2331 5448 2524 5514 τοῦτο,
2578 5449 2733 5505 ἔσται
2790 5451 2987 5522 μικρὸν
3023 5450 3288 5524 ὕστερον,
3327 5452 3356 5504 ὃ
3401 5451 3495 5505 νῦν
3537 5451 3928 5522 δεδοίκαμεν.

2195 5537 2303 5590 Καὶ
2335 5537 2514 5592 ταῦτα
2540 5537 2684 5608 λέγω
2720 5539 2782 5593 ού
2809 5539 3126 5611 προσδοκῶν
3153 5557 3208 5593 τι
3227 5540 3422 5606 δεινὸν,
3453 5539 3576 5593 οὐδὲ
3603 5539 3882 5610 λυπηρόν
3909 5565 3930 5578 ·

2198 5624 2272 5695 μὴ
2325 5625 2570 5692 γένοιτο’
2607 5626 2742 5682 άλλά
2795 5627 2936 5698 ὑπὲρ
2994 5625 3103 5680 τῶν
3161 5626 3477 5680 δεδοικότων
3513 5626 3604 5680 τὸν
3647 5626 3966 5688 θάνατον,

2195 5714 2597 5785 αἰσχυνόμενος.
2630 5715 2878 5769 Τοσαῦτα
2911 5715 3250 5788 προσδοκῶν,
3280 5715 3402 5770 είπέ
3435 5731 3546 5785 μοι,
3579 5715 3764 5782 ἀγα.θά
3785 5757 3800 5776 ,

2197 5803 2329 5874 μήτε
2353 5803 2628 5876 ὀφθαλμὸς
2651 5797 2809 5868 εἶδεν,
2837 5804 2974 5875 μήτε
2995 5797 3088 5868 οὖς
3113 5804 3332 5874 ἢκουσε,
3359 5803 3496 5874 μήτε
3525 5801 3616 5854 ἐπὶ
3639 5801 3936 5876 καρδίαν

3877 5725 3958 5778 ἃ.

2253 5907 2284 5948 δ
2310 5911 2593 5958 Addidimus
2615 5911 2764 5958 πάντα
2789 5923 2816 5958 c
2845 5912 3044 5962 Savilio.
3075 5909 3210 5962 Εοιτ.

2259 5977 2280 6004 ε
2307 5969 2470 6022 (Iudex
2495 5987 2620 6023 unus
2641 5975 2872 6038 ἁὶουργίς.
