4074 6218
213 312 284 371 ω
1136 307 1224 362 AD
1266 304 1584 363 ιιοιιιιιιιιι
1626 297 2115 358 ANTIOCHENUM
2182 300 2405 356 unum
2443 299 2502 357 ν.
3426 305 3496 360 'Itl

210 444 313 501 quc.
331 426 460 498 regii
484 436 703 496 aspectu
736 423 1049 479 nullumcrit
1079 425 1439 493 spectantibus
1460 422 1686 479 lucrum,
1709 414 1803 469 sed

216 518 525 588 temporalis
551 517 828 570 dmutaxat
854 516 1163 581 delectatio,
1198 515 1392 568 nullam
1434 513 1636 566 habens
1665 511 1805 564 utili-

214 619 373 664 tatem
409 624 510 663 τοι
545 610 669 660 limo
703 607 806 661 .lub
848 615 1024 661 autem
1048 607 1184 673 viso,
1220 621 1433 659 omnem
1480 605 1600 674 quis
1633 604 1809 672 capiet

214 703 526 766 utilitatem,
556 711 610 755 et
629 699 962 770 disciplinam
994 699 1214 753 multam
1238 740 1253 763 ,
1296 708 1351 753 et
1376 695 1804 751 exhortationem

211 794 274 847 ad
305 794 576 863 tmtit‘ttlizl!
600 793 883 847 rationem.
924 791 1105 861 Itaque
1136 789 1286 844 multi
1328 804 1469 843 nunc
1513 789 1721 858 Iungam
1754 795 1809 840 et

212 886 623 940 transmarinam
692 885 1169 956 peregrinationem
1218 897 1247 936 a
1302 893 1456 937 terrm
1504 882 1694 937 ﬁnibus
1754 882 1805 937 in

212 982 467 1036 Arabiam
512 980 850 1051 suscipiunt,
914 989 973 1033 ut
1030 979 1384 1033 lin‘mmillum
1439 985 1698 1035 cernant,
1754 984 1809 1030 et

210 1072 509 1141 conspicati
538 1082 734 1126 terram
775 1070 1187 1135 tleoSculentur,
1240 1085 1356 1137 qme
1404 1068 1543 1123 illius
1590 1069 1807 1122 victoris

209 1167 505 1219 certamina
539 1175 591 1219 rt
617 1181 859 1219 cruorem
889 1164 1031 1217 omni
1059 1179 1190 1216 auro
1224 1164 1590 1232 pretiosiorem
1619 1176 1805 1214 susce-

212 1259 288 1326 pit
320 1257 419 1325 (α).
453 1257 634 1326 Neque
655 1257 796 1311 enim
829 1263 1031 1310 tzmtum
1062 1254 1294 1308 radiaret
1347 1267 1577 1322 purpura
1597 1293 1610 1313 ,
1638 1267 1808 1321 quan-

213 1358 325 1403 ltnn
357 1349 488 1404 illud
506 1364 700 1419 corpus
729 1360 853 1402 tunc
884 1346 1283 1417 resplendebat,
1315 1360 1418 1399 non
1470 1345 1644 1399 alieno
1664 1386 1679 1409 ,
1713 1344 1806 1397 sed

213 1440 435 1510 proprio
482 1440 702 1494 tinctum
741 1438 1018 1508 sanguine.
1065 1436 1252 1491 lllcera
1282 1452 1407 1489 vero
1454 1435 1539 1490 illa
1584 1434 1808 1504 gemmis

213 1532 633 1585 omnibuserant
646 1526 1323 1598 chariora.Margaritarum
1348 1528 1489 1580 enim
1513 1536 1696 1580 natura
1730 1525 1807 1579 ni-

212 1623 287 1677 hil
307 1624 646 1676 vitmnostra!
674 1620 916 1691 prodest,
946 1636 1044 1674 nec
1086 1620 1249 1672 ullum
1291 1634 1444 1672 usum
1492 1616 1809 1670 habentibus

216 1716 587 1770 necessarium
618 1713 799 1780 explet
835 1730 847 1765 :
877 1713 1053 1766 ulcera
1080 1726 1210 1763 vero
1240 1710 1324 1763 illa
1355 1719 1477 1762 sunt
1510 1708 1687 1762 omnis
1718 1707 1811 1760 tri-

209 1809 376 1861 stitiae
405 1807 720 1862 consolatio.
750 1801 824 1859 Et
851 1813 909 1857 ut
929 1803 1100 1858 discas
1123 1802 1225 1856 hnc
1254 1817 1435 1853 verum
1463 1815 1598 1863 esse,
1621 1800 1663 1851 si
1691 1799 1809 1868 quis

214 1900 386 1952 ﬁlium
417 1895 801 1951 charissimum
827 1904 880 1949 ct
924 1892 1255 1963 unigenitum
1307 1892 1531 1953 amittat,
1586 1889 1809 1944 Ostende

212 1990 462 2044 infinitas
490 1989 588 2057 ipsi
620 2000 881 2059 gemmas,
903 1994 955 2039 ct
983 2001 1088 2038 non
1132 1982 1498 2037 consolaberis
1526 1979 1768 2033 dolorem
1791 2020 1805 2042 ,

210 2096 395 2150 neque.
418 2094 672 2149 angorem
703 2078 873 2132 lenies
906 2093 919 2129 :
962 2075 1206 2129 siautem
1233 2072 1353 2127 Jobi
1384 2072 1604 2125 vulnera
1656 2068 1705 2124 ei
1756 2069 1807 2123 in

213 2171 536 2226 memoriam
569 2182 807 2233 revoces,
834 2166 989 2222 facile
1016 2164 1217 2220 mederi
1245 2164 1465 2233 poteris,
1485 2162 1562 2215 sic
1586 2161 1806 2215 dicens:

209 2262 355 2331 Quid
402 2261 571 2331 luges,
622 2259 825 2314 homo?
851 2268 906 2313 tu
948 2257 1160 2328 quidem
1192 2255 1534 2309 liliumunam
1562 2252 1806 2317 amisisti;

210 2356 408 2410 beatus
430 2364 607 2408 autem
631 2353 743 2419 ille,
773 2366 895 2407 eum
918 2350 1094 2405 omnis
1126 2349 1353 2403 ﬁliorum
1383 2355 1557 2402 coetus
1601 2346 1810 2401 ablatus

212 2444 426 2507 fuisset,
451 2442 505 2497 in
534 2443 648 2513 ipsa
673 2456 883 2514 quoque
902 2455 1062 2496 carne
1075 2440 1280 2510 plagam
1308 2438 1530 2507 accepit,
1557 2445 1612 2492 et
1639 2436 1811 2492 nudus

212 2537 269 2591 in
298 2535 431 2589 timo
460 2535 705 2600 sedebat,
738 2529 971 2604 undique
997 2533 1146 2586 sanie
1174 2530 1440 2592 diffluens,
1468 2530 1594 2584 dum
1628 2528 1813 2599 paula-

212 2630 310 2684 tim
342 2628 510 2698 ipsius
531 2642 658 2682 caro
686 2634 1111 2689 consumeretur,
1131 2621 1328 2693 justus,
1359 2637 1536 2685 verax,
1573 2622 1624 2675 in
1646 2622 1811 2676 lleum

212 2721 363 2791 pius,
393 2720 543 2775 ouiui
574 2718 709 2773 mala
740 2734 799 2773 re
835 2717 1130 2782 abstinens,
1180 2715 1343 2769 Deum
1376 2714 1581 2776 virtutis
1621 2721 1809 2767 testem

215 2811 449 2867 habens.
483 2811 538 2866 Si
565 2811 705 2864 enim
739 2808 854 2864 hzec
884 2808 1041 2863 verba
1076 2807 1296 2871 dixeris,
1344 2819 1558 2860 oniuem
1584 2802 1812 2875 lugentis

214 2903 497 2956 tristitiam
527 2900 876 2965 exstinxeris,
898 2908 952 2953 et
974 2912 1187 2952 onmem
1217 2896 1460 2951 dolorem
1490 2893 1765 2949 sustuleris
1795 2908 1811 2948 :

212 3006 269 3049 t-t
292 2996 378 3051 sic
391 2994 524 3065 justi
554 2994 771 3050 vulnera
796 2991 1095 3064 margaritis
1117 2990 1328 3044 utiliora
1369 2987 1520 3042 ﬁunt.
1549 2985 1812 3056 Imagina-

213 3088 347 3141 mini
390 3087 555 3157 igitur
582 3093 635 3139 rt
668 3100 766 3139 vos
791 3083 1040 3139 athletam
1073 3082 1243 3148 illum,
1275 3090 1327 3134 et
1366 3080 1672 3133 existimate
1719 3092 1815 3132 vos

210 3193 448 3233 cernere
480 3177 659 3231 ﬁmum
688 3175 860 3241 illum,
892 3185 947 3230 ct
970 3176 1142 3244 ipsum
1172 3174 1223 3227 in
1251 3170 1425 3226 medio
1445 3170 1696 3226 stercoris
1729 3182 1816 3222 sc-

213 3270 439 3321 dentem
470 3283 487 3320 :
510 3276 738 3322 statuam
765 3280 1004 3329 auream,
1029 3271 1375 3334 gemmatam,
1400 3262 1608 3332 qualem
1634 3260 1814 3314 dicere

215 3376 326 3413 non
362 3359 487 3412 novi
534 3375 549 3410 :
592 3373 764 3428 neque
793 3357 935 3412 enim
962 3366 1068 3411 tam
1114 3355 1401 3426 pretiosam
1447 3353 1599 3408 valeo
1643 3362 1813 3407 mate-

218 3450 359 3504 riam
410 3449 673 3513 invenire,
715 3456 772 3502 ut
828 3447 901 3502 illi
927 3457 1203 3509 cruentato
1252 3445 1464 3514 corpori
1515 3445 1811 3517 comparari

218 3539 414 3609 possit.
448 3537 539 3593 Sic
567 3538 714 3592 omni
766 3538 986 3593 materia
1020 3535 1401 3607 pretiosissima
1452 3538 1628 3590 carnis
1675 3536 1815 3589 illius

219 3641 424 3685 natura
454 3639 571 3685 erat
614 3631 782 3684 multo
818 3630 1206 3696 venerabilior,
1234 3639 1287 3684 et
1331 3630 1505 3684 ulcera
1550 3630 1815 3683 solaribus

217 3723 393 3776 radiis
437 3720 800 3790 Splendidiora
826 3739 839 3773 :
869 3720 919 3774 hi
962 3721 1104 3775 enim
1132 3719 1374 3790 corporis
1402 3719 1588 3773 oeulos
1622 3719 1815 3774 illumi-

215 3825 384 3875 nant;
422 3814 511 3868 illa
561 3829 693 3869 vero
734 3813 925 3868 mentis
960 3825 1158 3867 nostra:
1199 3811 1384 3866 oculos
1413 3812 1698 3871 illustrant.
1730 3811 1815 3865 i!la

219 3903 503 3959 diabolum
550 3906 759 3975 penitus
796 3912 1218 3960 eacmcaverunt.
1253 3903 1539 3973 Propterea
1588 3918 1817 3972 namque

220 4006 347 4066 piist
382 3996 528 4050 illam
559 3996 766 4066 plagam
794 3994 1036 4059 resilivit,
1067 4008 1164 4048 nec
1179 3992 1429 4063 deinceps
1454 3993 1716 4063 apparuit.
1737 3992 1817 4049 Tu

221 4101 384 4151 vero,
408 4084 628 4150 dilecte,
658 4095 711 4138 et
733 4086 855 4139 hinc
876 4085 1022 4140 disce
1047 4083 1399 4138 tribulationis
1416 4083 1621 4138 lucrum
1648 4100 1817 4154 quatt-

224 4187 338 4232 tutn
371 4188 478 4232 cst.
513 4177 721 4232 Etenim
748 4177 960 4247 quando
988 4176 1137 4231 dives
1164 4184 1300 4239 erat,
1332 4185 1384 4230 et
1412 4176 1521 4229 otio
1548 4175 1820 4231 fruebatur

220 4272 427 4340 justus,
451 4270 595 4323 unde
616 4279 888 4323 accusziret
911 4269 1081 4338 ipsum
1115 4266 1317 4331 habuit,
1344 4266 1671 4321 mendaciter
1697 4268 1819 4337 qui-

224 4362 352 4414 dem
376 4379 391 4421 ;
417 4376 604 4415 verum
647 4359 829 4415 habuit
847 4360 985 4415 unde
1010 4359 1234 4426 diceret,
1259 4357 1397 4412 Num
1423 4371 1472 4412 te
1513 4360 1671 4430 gratis
1704 4361 1820 4412 colit

221 4452 328 4505 Job
362 4450 486 4523 (Job
508 4450 558 4505 l.
587 4449 686 4519 9)?
714 4449 1001 4519 Postquam
1031 4464 1160 4504 vero
1182 4450 1353 4520 ipsum
1374 4450 1639 4519 spoliavit,
1659 4460 1714 4505 et
1740 4450 1821 4506 fe—

221 4548 303 4600 cit
336 4559 654 4615 pauperem,
679 4559 745 4599 nc
775 4542 983 4598 hiscere
1012 4542 1225 4612 quidem
1254 4542 1481 4612 amplius
1506 4558 1666 4597 ausus
1692 4552 1774 4597 est
1805 4560 1818 4598 :

222 4647 283 4692 et
306 4652 440 4692 cum
463 4633 617 4690 dives
641 4633 853 4705 quidem
879 4642 1042 4698 esset,
1076 4648 1198 4687 cum
1249 4633 1363 4701 ipso
1392 4647 1626 4702 pugnare
1666 4647 1822 4703 para-

220 4730 343 4794 bat,
378 4737 432 4781 et
448 4725 793 4796 supplantare
840 4724 1174 4788 minabatur;
1225 4733 1500 4795 pOStquam
1540 4738 1668 4777 vero
1698 4738 1826 4792 pau-

221 4833 423 4886 petent
444 4816 573 4871 fecit
598 4816 882 4885 omniaque
914 4814 1131 4870 abstulit
1171 4824 1225 4870 et
1252 4817 1304 4868 in
1331 4824 1630 4869 extremum
1673 4813 1825 4869 dolo-

217 4929 347 4967 rem
380 4909 610 4975 induxit,
640 4918 763 4963 tunc
791 4909 977 4963 resilitt
1007 4925 1020 4960 :
1050 4917 1101 4961 et
1140 4906 1350 4976 quando
1378 4922 1565 4961 sanum
1610 4905 1821 4978 quidem

218 5006 408 5072 ipsius
437 5010 557 5055 erat
582 5017 777 5070 corpus
795 5043 810 5066 ,
843 5015 1034 5054 manus
1060 4999 1391 5069 apponebat;
1419 5010 1474 5052 ut
1501 5015 1629 5055 vero
1660 5000 1823 5070 ipsius

208 5109 457 5150 carnem
480 5091 785 5147 vulneribus
817 5091 1071 5162 implevit,
1122 5100 1245 5144 tunc
1277 5089 1681 5161 aufugitvictus.

303 5183 599 5240 Afrumnas
612 5184 696 5251 qui
712 5184 957 5254 patienter
972 5182 1402 5253 fertmt,cluriores
1418 5182 1724 5236 evadunt.—
1735 5181 1825 5238 Vi-

210 5278 360 5333 disti
398 5285 596 5344 quanto
614 5282 893 5343 paupertas
909 5272 1128 5337 divitiis,
1150 5271 1485 5327 imbecillitas
1501 5282 1555 5328 et
1567 5274 1825 5345 :cgritndo

208 5368 492 5427 sanitate,
520 5365 739 5418 tentatio
768 5363 946 5432 quiete
974 5363 1163 5417 melior
1189 5362 1524 5432 vigilantibus
1552 5373 1605 5418 ct
1648 5365 1825 5418 utilior

210 5460 287 5516 sit
348 5466 409 5512 et
433 5456 694 5510 clariores
738 5455 1089 5524 fortiores-que
1129 5464 1425 5525 pugnantes
1472 5455 1658 5509 faciat?
1696 5456 1826 5523 Quis

212 5551 393 5611 vidit,
419 5547 540 5618 quis
562 5545 765 5599 audivit
787 5554 892 5599 tam
920 5545 1187 5599 mirabiles
1213 5544 1448 5616 pugnas?
1478 5544 1821 5601 Profanorum

280 5747 375 5811 (ι)
411 5746 539 5797 uniti
562 5747 614 5795 in
631 5745 844 5795 Arabiam
869 5745 1000 5798 ibant
1016 5753 1066 5795 ut
1091 5742 1253 5795 timum
1276 5745 1364 5796 Job
1381 5744 1623 5797 viderent.

1909 420 2259 474 certamimun
2284 422 2507 491 pugiles,
2525 436 2645 477 cum
2668 422 3095 481 adversariorum
3114 425 3286 497 capita
3308 426 3503 482 vulne—

1911 509 2099 576 rarint,
2125 520 2247 565 tunc
2275 511 2507 567 victores
2553 524 2708 578 sunt,
2761 524 2815 569 et
2852 528 3175 571 coronantur
3204 534 3218 572 :
3254 518 3339 573 hic
3367 534 3496 573 vero

1909 616 2031 656 eum
2053 603 2181 671 justi
2212 619 2407 673 corpus
2430 605 2785 673 vulnerasset,
2815 608 3136 663 omnimodis
3173 610 3385 679 replens
3410 612 3493 665 ul-

1910 693 2142 756 ceribus,
2174 704 2229 749 et
2259 694 2573 752 imbecillius
2610 697 2843 764 fecisset,
2882 708 3006 753 tunc
3028 698 3198 754 victus
3225 710 3386 756 estet
3411 719 3496 756 re.

1912 785 2158 839 trocessit
2184 802 2197 838 :
2224 795 2277 841 et
2299 797 2577 858 postquam
2606 788 2770 858 ipsius
2795 789 2959 844 latera
2988 790 3217 861 undique
3238 791 3498 859 confodit,

1911 873 2026 944 ipse
2074 877 2287 946 quidem
2319 879 2451 933 nihil
2493 881 2711 951 profecit
2741 900 2755 936 :
2785 882 3078 950 repositum
3104 885 3248 939 enim
3279 885 3497 939 thesau-

1911 981 2027 1020 rum
2053 983 2157 1022 non
2189 968 2407 1025 abstulit
2436 990 2450 1026 :
2483 972 2635 1027 nobis
2657 983 2833 1029 autem
2864 975 3036 1045 ipsum
3062 977 3341 1033 clariorem
3373 980 3465 1033 red
3484 1009 3498 1019 -

1910 1055 2066 1120 didit,
2099 1066 2152 1112 et
2182 1074 2276 1129 per
2304 1060 2447 1115 illam
2476 1057 2894 1129 confessionem,
2926 1075 2979 1119 ut
3008 1083 3197 1122 omnes
3227 1067 3497 1124 hominem

1912 1148 2223 1206 interiorem
2244 1153 2567 1223 aspicerent,
2599 1155 2741 1223 fecit,
2779 1166 2834 1213 et
2861 1174 3050 1215 omnes
3081 1160 3247 1229 ipsius
3285 1160 3499 1217 divitias

1910 1241 2180 1297 discerent
2209 1261 2222 1298 :
2254 1253 2307 1299 et
2338 1260 2458 1300 cum
2487 1248 2700 1305 vincere
2729 1251 2979 1320 Speravit,
3013 1261 3139 1307 tunc
3167 1252 3330 1308 multa
3374 1268 3497 1308 eum

1914 1330 2201 1401 ignominia
2234 1337 2474 1401 recessit,
2509 1346 2562 1392 et
2605 1339 2802 1393 nullam
2832 1342 3058 1411 amplius
3087 1358 3270 1398 vocem
3298 1345 3494 1398 emisit.

1911 1422 2047 1491 Quid
2076 1435 2253 1479 actum
2280 1437 2380 1493 est,
2412 1426 2665 1484 diabole?
2692 1446 2857 1500 quare
2881 1431 3123 1502 refugis?
3148 1432 3336 1488 Nonne
3361 1433 3495 1488 facta

1912 1524 2036 1569 sunt
2066 1530 2416 1587 quacumque
2443 1518 2699 1575 volebas?
2726 1538 2829 1575 non
2856 1522 3169 1578 iuteremisti
3199 1524 3363 1594 ipsius
3386 1528 3497 1580 ovi-

1914 1609 2004 1677 lia,
2037 1621 2300 1678 armenta,
2323 1627 2581 1682 equorum
2610 1629 2799 1685 greges
2825 1624 2879 1669 ct
2904 1617 3210 1672 mulorum?
3236 1634 3338 1673 non
3359 1619 3497 1674 ﬁliu-

1912 1717 2030 1755 rum
2059 1710 2254 1757 emtum
2289 1703 2588 1773 perdidisti,
2614 1713 2668 1759 et
2693 1721 2906 1762 carnem
2936 1722 3148 1764 omnem
3175 1709 3500 1769 vulnerasti?

1912 1807 2078 1861 quare
2108 1794 2417 1849 recessisti?
2454 1794 2714 1862 Quoniam
2741 1795 2878 1853 facta
2905 1799 3118 1870 quidem
3148 1812 3272 1858 sunt
3298 1805 3499 1866 otnuia.

1913 1897 2033 1952 quae
2053 1884 2214 1949 volui,
2237 1884 2429 1956 inquit,
2453 1886 2594 1957 quod
2616 1903 2744 1943 vero
2767 1887 2880 1944 ﬁeri
2908 1892 3140 1948 maxime
3165 1893 3426 1961 volebam,
3448 1906 3502 1951 et

1916 1983 2135 2044 propter
2161 1975 2303 2045 quod
2331 1978 2509 2031 omnia
2533 1977 2656 2045 feci,
2687 1979 2789 2035 hoc
2833 1980 3026 2037 factum
3058 1998 3162 2039 non
3184 1993 3266 2039 est
3289 2003 3302 2040 :
3328 2000 3502 2057 neque

1916 2064 2059 2118 enim
2089 2065 2478 2136 blaSpbemavit
2506 2085 2520 2121 :
2552 2079 2773 2139 propter
2800 2070 2901 2126 hoc
2930 2073 3071 2127 enim
3100 2074 3276 2129 omnia
3305 2074 3391 2130 illa
3419 2078 3501 2129 fa-

1914 2152 2141 2220 ciebam,
2163 2155 2353 2226 iuquit,
2377 2167 2433 2211 ut
2460 2157 2559 2213 hoc
2578 2160 2910 2228 procederet.
2934 2162 3046 2218 lloc
3072 2179 3178 2218 non
3203 2163 3341 2221 facto
3369 2166 3500 2221 nihil

1913 2244 2152 2302 lucrifeci
2181 2263 2245 2303 ex
2273 2248 2617 2318 pecuniarum
2644 2250 2874 2319 jactura,
2903 2262 2957 2308 et
2985 2252 3214 2309 ﬁliorum
3260 2256 3498 2321 interitu,

1915 2345 1970 2390 et
1990 2337 2232 2407 corporis
2259 2339 2441 2408 plaga,
2470 2339 2563 2394 sed
2589 2343 2911 2395 coiitrarium
2935 2384 2951 2409 ,
3002 2360 3160 2413 quam
3220 2345 3465 2400 volebam
3483 2385 3498 2408 .

1915 2429 2111 2491 evenit,
2142 2428 2558 2498 Splendidiorem
2582 2431 2787 2486 reddidi
2819 2432 3109 2500 inimicum,
3146 2448 3197 2491 et
3220 2435 3498 2492 clariorem

1914 2519 2092 2574 effeci.
2124 2520 2454 2590 Cognovisti,
2482 2531 2738 2593 quantum
2768 2523 2837 2577 sit
2859 2524 3215 2582 tribulationis
3257 2527 3462 2582 lucrum
3483 2568 3500 2590 ,

1910 2610 2548 2670 cbarissime‘lPulchrum
2566 2613 2781 2684 quidem
2805 2622 2859 2670 ct
2886 2615 3149 2687 integrum
3176 2633 3368 2688 corpus
3389 2617 3504 2676 fue-

1918 2709 2025 2767 rat,
2049 2702 2217 2756 multo
2233 2717 2364 2757 vero
2387 2703 2744 2759 venerabilius
2765 2705 2959 2759 factum
2991 2716 3093 2767 est.
3137 2708 3241 2764 illis
3270 2711 3504 2766 vulneri—

1916 2791 2017 2847 bus
2043 2793 2340 2863 perfossum
2372 2812 2385 2847 :
2414 2796 2665 2866 quoniam
2694 2805 2748 2852 et
2777 2797 2912 2852 lanae
2943 2798 3176 2868 pulchrte
3196 2801 3507 2873 quidem,et

1916 2895 2199 2956 antequam
2220 2886 2522 2956 tingantur;
2552 2898 2829 2961 postquam
2870 2907 2999 2947 vero
3026 2910 3303 2964 purpurea!
3350 2894 3501 2951 factm

1918 2977 2139 3046 fuerint,
2169 2981 2490 3036 ineffabilem
2520 2992 2738 3038 sumunt
2767 2971 3213 3056 pulchritudinem
3247 2989 3502 3043 multum-

1917 3083 2021 3138 que
2045 3069 2316 3125 decorem.
2356 3071 2462 3126 Nisi
2497 3088 2622 3128 vero
2672 3074 2845 3143 ipsum
2882 3076 3265 3147 exSpuliasset,
3311 3077 3503 3134 bonam

1919 3161 2135 3215 victoris
2162 3160 2528 3219 habitudinem
2560 3180 2665 3219 non
2697 3168 3133 3235 cognovissemus
3161 3187 3177 3223 :
3214 3167 3315 3224 nisi
3343 3170 3508 3240 ipsius

1921 3260 2119 3321 cerpus
2145 3251 2314 3324 plagis
2335 3254 2675 3324 perforasset,
2706 3258 2838 3311 radii
2870 3259 3190 3316 intrinsecus
3216 3277 3321 3316 non
3365 3264 3509 3318 relu-

1921 3344 2127 3400 xissent
2154 3361 2169 3399 :
2201 3346 2303 3401 nisi
2332 3348 2503 3416 ipsum
2532 3349 2583 3403 iu
2607 3351 2735 3405 timo
2763 3354 3146 3416 constituisset,
3188 3354 3355 3424 ipsius
3369 3356 3506 3411 divi-

1922 3436 2025 3492 tias
2046 3452 2152 3493 non
2179 3441 2637 3510 cognovissemus.
2676 3443 2860 3514 Neque
2892 3446 3035 3500 enim
3060 3455 3165 3500 tam
3199 3448 3510 3515 splendidus

1921 3529 1975 3583 in
1991 3531 2127 3584 solio
2157 3547 2248 3586 rex
2280 3532 2510 3599 sedens,
2542 3550 2699 3604 quam
2733 3536 2955 3608 insignis
2993 3547 3109 3593 erat
3165 3540 3255 3595 ille
3291 3551 3345 3595 et
3389 3542 3510 3595 illu-

1922 3624 2046 3677 stris
2066 3625 2117 3678 in
2144 3622 2269 3680 ﬁmo
2287 3643 2300 3678 :
2320 3627 2517 3681 etenim
2544 3638 2659 3695 post
2672 3629 2872 3698 regium
2892 3630 3105 3699 quidem
3127 3633 3318 3687 solium
3339 3648 3506 3702 mors,

1923 3725 2042 3784 post
2065 3715 2246 3770 ﬁmmn
2272 3725 2449 3771 autem
2477 3718 2624 3771 illum
2652 3719 2902 3773 (sclorum
2932 3737 3175 3791 regnum.

1991 3809 2046 3862 2.
2070 3809 2372 3863 Auditorum
2392 3809 2671 3881 applausus
2693 3812 2854 3881 rejici!
2871 3812 3276 3883 Clirysoslmmts.
3294 3844 3366 3855 —-—
3381 3814 3509 3872 llec

1924 3899 2081 3969 igitur
2105 3901 2278 3954 ntuuia
2309 3901 2707 3966 ratiocinantes,
2736 3919 2797 3955 ex
2828 3904 3162 3972 opprimente
3179 3907 3392 3962 tristitia
3411 3925 3509 3963 nos

1925 3992 2239 4046 relevemus.
2270 3992 2373 4046 llas
2403 3993 2600 4048 etenim
2642 3994 2793 4049 vobis
2830 3993 3078 4050 historias
3119 4013 3364 4066 appono,
3402 4016 3509 4054 non

1927 4091 1983 4137 ut
2002 4081 2141 4136 dicta
2174 4065 2419 4149 laudetis,
2448 4082 2543 4138 sed
2567 4096 2626 4138 ut
2646 4085 2893 4140 virtutem
2920 4065 3201 4141 imitemini
3222 4099 3274 4143 et
3304 4091 3511 4160 patien-

1928 4173 2053 4227 tiam
2093 4188 2476 4243 generosorum
2523 4173 2825 4244 hujusmodi
2869 4175 3102 4230 virorum
3136 4187 3233 4232 :ut
3273 4194 3367 4248 per
3396 4180 3509 4245 ipsa

1925 4265 2144 4320 discatis
2181 4281 2379 4335 opera,
2422 4267 2562 4338 quod
2611 4266 2961 4324 lmtnanorum
3003 4271 3203 4325 mdlmn
3245 4274 3315 4327 sit
3351 4250 3527 4344 grave

1929 4360 2187 4414 malortnu
2209 4401 2226 4427 ,
2258 4360 2357 4415 nisi
2397 4371 2705 4430 peccatum;
2737 4380 2840 4416 non
2874 4361 3192 4435 paupertas,
3220 4383 3326 4421 non
3352 4372 3513 4440 {egri-

1930 4452 2087 4515 tudo,
2119 4469 2221 4505 mm
2244 4454 2560 4507 contumelia
2581 4495 2597 4522 ,
2623 4471 2728 4508 non
2754 4456 3040 4519 calumnia,
3067 4473 3169 4510 non
3200 4458 3510 4529 ignominia,

1931 4559 2033 4597 non
2065 4561 2207 4599 mors
2233 4562 2351 4614 quze
2380 4548 2614 4601 omnium
2647 4549 2907 4603 malorum
2948 4558 3253 4605 extremum
3281 4568 3402 4607 esse
3430 4557 3512 4607 vi-

1928 4634 2102 4690 detur.
2138 4636 2260 4690 ll.cc
2288 4637 2432 4691 enim
2458 4638 2818 4693 calamitatum
2844 4640 3058 4693 nomina
3080 4681 3094 4700 ,
3129 4640 3511 4713 philosoiilutn-

1931 4726 2068 4780 tibus
2094 4737 2215 4781 sunt
2239 4737 2438 4781 lantmn
2466 4729 2678 4782 nomina
2706 4730 2864 4784 rebus
2885 4732 3155 4800 carentia;
3184 4749 3302 4788 vera
3332 4746 3511 4788 autem

1929 4818 2222 4884 calamitas,
2273 4819 2438 4873 Deum
2466 4818 2738 4875 offendere
2760 4861 2775 4886 ,
2819 4830 2875 4876 et
2914 4837 3101 4876 eormn
3126 4838 3244 4892 qua:
3276 4825 3373 4894 ipsi
3406 4841 3512 4878 non

1932 4910 2160 4978 placent,
2184 4910 2379 4979 aliquid
2406 4909 2600 4965 facere.
2623 4911 2759 4978 Quid
2780 4913 2945 4978 enim,
2968 4929 3166 4983 qua-so,
3185 4930 3345 4985 grave
3368 4931 3510 4969 ntere

1932 5001 2128 5057 habet?
2153 5019 2277 5057 num
2304 5003 2444 5073 quod
2487 5015 2537 5059 te
2571 5004 2799 5060 celerius
2820 5006 2886 5060 ad
2917 5008 3257 5077 tranquillum
3302 5016 3510 5076 portum

1928 5103 1983 5147 et
2032 5104 2269 5165 pacatam
2316 5096 2454 5150 illam
2497 5099 2806 5153 transmittit
2848 5100 3058 5153 vitam?
3096 5100 3338 5168 quamvis
3367 5102 3509 5155 etaim

1932 5184 2094 5239 homo
2136 5202 2242 5241 non
2278 5187 2489 5243 occidat
2512 5230 2527 5255 ,
2576 5189 2687 5259 ipsa
2718 5198 2919 5243 natura:
2950 5189 3031 5242 lex
3063 5189 3303 5259 irrepens
3335 5207 3508 5249 nonne

1930 5293 2122 5348 corpus
2146 5279 2214 5333 ab
2242 5281 2417 5334 anima
2461 5282 2737 5336 resolvet?
2775 5281 2896 5335 licet
2919 5281 3060 5336 enim
3096 5281 3196 5337 hoc
3237 5298 3378 5339 nunc
3408 5287 3510 5338 mi-

1932 5371 2074 5424 nime
2105 5371 2229 5435 ﬁat,
2268 5372 2371 5425 erit
2411 5372 2567 5440 paulo
2593 5380 2741 5441 post,
2770 5371 2910 5441 quod
2956 5387 3095 5428 nunc
3137 5374 3403 5431 timemus.
3449 5375 3507 5431 Et

1931 5461 2044 5517 hzrc
2066 5461 2207 5528 dico,
2231 5478 2334 5516 non
2357 5478 2517 5533 grave
2538 5463 2662 5531 quid
2689 5474 3005 5533 esspectaus
3033 5478 3119 5521 aut
3151 5468 3324 5536 tris:e,
3348 5469 3509 5536 absit,

1929 5554 2023 5610 sed
2051 5553 2375 5609 eruchcens
2403 5564 2628 5609 mortem
2663 5556 2957 5609 timentium
2985 5574 3164 5614 causa.
3191 5560 3292 5614 Tot
3318 5578 3511 5631 exspe-

1928 5657 2081 5703 ctans
2111 5647 2244 5702 bona
2262 5662 2379 5717 quae
2398 5661 2495 5701 nec
2510 5646 2698 5702 oculus
2713 5647 2864 5714 vidit,
2884 5665 2982 5705 nec
3004 5652 3150 5706 auris
3168 5651 3392 5718 audivit,
3413 5667 3515 5709 nec

1933 5745 1986 5801 iu
2008 5760 2100 5802 cor
2120 5742 2350 5799 hominis
2365 5739 2716 5798 ascenderunt
2739 5740 2814 5814 (Ι.
2845 5740 2961 5798 Cor.
2989 5741 3045 5798 ἃ.
3073 5742 3150 5818 9),
3173 5743 3257 5800 die
3278 5745 3514 5810 mihi,“
