4074 6218
561 254 622 304 τι
1408 253 1686 310 JOANNlS
1713 249 2184 310 cnuvsosront
2221 253 2536 316 ARCIIIEP.
2578 261 3109 328 CONSTANTINOP.
3761 288 3832 344 τε

561 361 837 418 fruendum
870 361 1049 418 dill'ers
1079 371 1132 418 et
1151 363 1370 433 negligis
1386 375 1437 418 et
1459 367 1674 434 torpes?
1691 381 1786 420 nec
1810 375 2010 420 tantum
2029 375 2137 419 tor-

558 471 670 523 pes,
697 453 788 508 sed
811 463 862 509 et
886 455 1040 508 times
1060 465 1112 508 et
1136 453 1352 509 horres?
1377 455 1440 508 Et
1458 457 1723 526 quomodo
1746 473 1846 509 non
1873 457 1962 510 tibi
1988 470 2140 525 turpe

557 555 772 616 propter
791 556 1012 601 mortem
1027 546 1228 610 dolere,
1245 563 1362 600 etnn
1381 548 1572 604 Paulus
1591 558 1806 618 propter
1825 557 2136 616 pra-sentem
2201 566 2205 570 ·

553 643 816 706 gemuerit
843 640 1000 694 vitam
1027 683 1043 708 ,
1074 652 1126 694 et
1167 639 1418 696 Romanis
1457 641 1696 694 scribens
1723 642 1912 696 dixerit
1943 661 1954 694 :
1987 641 2137 694 Crea-

555 731 1013 800 turacongemiscit
1031 771 1046 794 ,
1079 742 1124 784 et
1154 748 1245 784 nos
1270 733 1367 800 ipsi
1398 733 1604 802 spiritus
1629 733 1878 804 primitias
1903 733 2136 788 [tabentes

553 821 794 889 gemimus
819 821 993 892 (Rom.
1028 825 1080 876 8.
1111 821 1199 876 2:2.
1227 822 1298 876 23
1319 822 1378 890 )?
1409 823 1474 876 Et
1497 825 1610 878 huic
1636 824 1840 877 dicebat
1869 839 1973 876 non
2001 839 2130 877 con.

552 911 811 966 damnans
839 917 1114 980 praisentia
1139 955 1154 978 ,
1191 915 1286 968 sed
1323 913 1499 969 futura
1530 915 1858 969 desiderans.
1889 915 2129 980 Gustavi,

552 1005 658 1068 ait,
692 1005 910 1074 gratiam
935 1046 949 1069 ,
979 1015 1032 1059 et
1067 1021 1266 1058 moram
1297 1020 1399 1059 non
1432 1003 1544 1060 fero
1572 1023 1585 1059 :
1615 1005 1831 1074 spiritus
1870 1005 2130 1074 primitias

553 1096 760 1160 habeo,
806 1105 860 1149 et
898 1096 961 1149 ad
1003 1097 1266 1166 integrum
1309 1097 1502 1151 festino
1530 1115 1541 1150 :
1571 1097 1784 1150 ascendi
1822 1097 1873 1150 in
1917 1097 2128 1151 tertium

548 1189 737 1242 cadum
760 1230 774 1252 ,
808 1189 910 1241 vidi
940 1189 1160 1256 gloriam
1203 1188 1344 1240 illaut
1391 1185 1711 1241 ineffabilem
1734 1231 1747 1252 ,
1781 1186 1884 1240 vidi
1931 1187 2128 1256 regiam

548 1280 936 1348 Splendcntetn,
969 1279 1128 1332 didici
1159 1279 1348 1348 quibus
1393 1278 1477 1332 hic
1524 1279 1819 1332 itnmorans
1863 1276 2015 1331 bonis
2044 1291 2130 1330 ca-

549 1385 714 1434 ream,
747 1379 1022 1439 propterea
1049 1385 1224 1440 gemo.
1259 1369 1351 1424 Dic
1377 1369 1572 1424 etenim
1606 1367 1757 1436 mihi,
1785 1367 1829 1422 si
1851 1369 1968 1440 quis
2000 1377 2048 1422 te
2076 1367 2126 1420 in

549 1462 720 1532 regias
740 1461 978 1516 duxisset
1003 1464 1172 1526 aulas,
1195 1471 1250 1516 et
1274 1461 1339 1516 de
1367 1463 1657 1530 parietibus
1681 1478 1868 1516 aurmn
1897 1463 2128 1532 undique

547 1552 772 1621 fulgens,
802 1563 856 1606 et
882 1567 1092 1606 omnem
1119 1555 1280 1605 alium
1300 1565 1542 1607 ornatum
1570 1553 1658 1606 tibi
1678 1553 2124 1617 demonstrasset;

548 1652 728 1712 postea
758 1651 809 1696 te
839 1643 962 1696 inde
989 1643 1039 1695 in
1071 1644 1316 1712 pauperis
1342 1659 1517 1697 casam
1562 1643 1854 1698 induxisset
1880 1686 1894 1708 ,
1933 1657 1984 1698 et
2009 1657 2126 1714 post

545 1735 706 1788 breve
731 1741 936 1803 tempus
962 1736 1012 1788 itt
1037 1736 1208 1804 regias
1229 1735 1568 1790 reducturum
1601 1737 1736 1802 illas,
1760 1747 1812 1791 et
1835 1753 2124 1806 perennem

547 1825 616 1879 ibi
639 1825 965 1879 mansionem
987 1843 1044 1880 se
1065 1827 1156 1880 tibi
1179 1827 1422 1881 daturum
1447 1843 1564 1883 esse
1588 1829 1916 1894 promisisset
1938 1847 1950 1879 :
1975 1845 2124 1883 num-

544 1917 668 1986 quid
701 1933 803 1970 non
834 1917 1059 1972 deberes
1085 1919 1220 1974 affici
1249 1919 1514 1976 desiderio
1535 1962 1548 1986 ,
1579 1929 1632 1976 ct
1655 1921 1732 1974 vel
1763 1921 1904 1990 ipsos
1931 1937 2126 1991 paucos

542 2011 657 2064 dies
679 2026 819 2082 :rgre
845 2010 1027 2066 ferre?
1057 2012 1168 2067 [loc
1190 2027 1399 2082 quoque
1430 2013 1494 2066 de
1519 2014 1663 2068 cazlis
1691 2025 1741 2066 et
1768 2014 1834 2068 de
1863 2024 1997 2068 terra
2029 2029 2124 2068 eo-

542 2103 698 2170 gites,
727 2113 777 2156 et
806 2103 1092 2172 ingemisce
1120 2119 1238 2157 cum
1272 2103 1456 2164 Paulo,
1489 2120 1592 2157 non
1628 2112 1843 2174 propter
1872 2114 2119 2170 mortem,

542 2193 632 2247 sed
663 2205 876 2263 propter
899 2206 1210 2262 prmsentcm
1240 2196 1418 2248 vitam.
1453 2199 1520 2249 At
1546 2197 1611 2250 da
1640 2197 1764 2248 mihi
1784 2239 1797 2262 ,
1833 2198 2004 2266 inquis
2026 2239 2040 2262 ,
2069 2207 2126 2252 ut

543 2283 705 2338 Paulo
736 2286 922 2338 similis
956 2286 1073 2338 {iam
1100 2329 1114 2350 ,
1149 2297 1202 2340 et
1233 2304 1516 2356 numquam
1549 2299 1774 2342 mortem
1805 2290 2020 2343 timebo.
2057 2289 2124 2344 Ει

539 2373 664 2443 quid
698 2384 746 2429 le
778 2375 938 2429 l’aulo
967 2376 1193 2430 similem
1235 2378 1343 2431 tieri
1393 2378 1676 2446 prohibet?
1711 2395 1888 2433 nonne
1926 2395 2124 2448 pauper

538 2477 652 2520 erat
697 2467 825 2521 ille?
862 2483 1038 2522 nonne
1079 2469 1424 2522 tentoriorum
1462 2469 1652 2523 sutor?
1697 2485 1873 2524 nonne
1919 2470 2123 2524 idiota?

539 2559 594 2614 Si
615 2561 755 2615 enim
780 2560 930 2614 dives
959 2563 1138 2615 fui-set
1165 2578 1225 2614 ae
1258 2563 1468 2630 nobilis,
1503 2563 1808 2616 habuissent
1835 2563 1970 2618 forte
1993 2577 2121 2630 pau-

541 2667 694 2720 peres
723 2654 786 2705 ad
819 2653 981 2720 ipsius
1009 2653 1352 2708 imitationem
1384 2655 1552 2708 vocati
1578 2665 1942 2725 paupertatem
1971 2671 2120 2710 suam

539 2741 858 2798 obtendendi
888 2759 1101 2798 causam
1127 2761 1143 2808 ;
1175 2760 1316 2798 nunc
1341 2755 1515 2798 autem
1559 2747 1745 2800 horum
1777 2748 1904 2800 nihil
1942 2747 2124 2802 dicere

539 2841 732 2901 potes:
763 2835 959 2887 etenim
1005 2836 1282 2904 operarius
1327 2839 1486 2889 homo
1524 2846 1676 2904 erat,
1709 2845 1762 2892 et
1799 2839 2121 2908 quotidianis

541 2925 854 2991 pascebatur
879 2926 1166 2982 laboribus.
1200 2929 1264 2981 Et
1293 2940 1344 2981 tu
1366 2927 1576 2998 quidem
1607 2927 1674 2982 ab
1705 2929 2118 2998 initiopietatem

537 3031 563 3067 a
597 3018 899 3085 parentibus
925 3021 1220 3086 suscepisti,
1247 3037 1273 3073 a
1303 3021 1466 3090 prima
1485 3030 1638 3075 artato
1659 3021 1824 3076 sacris
1845 3037 1901 3076 es
1931 3023 2121 3077 litteris

539 3107 864 3173 innutritus;
913 3110 1002 3164 ille
1045 3126 1170 3165 vero
1206 3123 1259 3166 et
1301 3113 1641 3182 blasphemus
1687 3113 1816 3180 fuit,
1848 3125 1901 3168 et
1939 3129 2122 3182 perse—

539 3207 754 3270 quutor,
783 3209 836 3255 et
863 3205 1300 3271 contumeliosus,
1325 3215 1376 3260 et
1405 3205 1694 3260 Ecclesium
1724 3207 1950 3260 vastavit
1981 3225 1994 3272 ;
2024 3208 2118 3262 sed

542 3299 716 3346 tamen
747 3291 816 3345 ita
847 3293 1022 3347 subito
1052 3303 1284 3348 mutatus
1306 3305 1408 3360 est,
1437 3303 1698 3350 tttomnes
1724 3297 1900 3350 studio
1925 3308 1974 3352 et
2008 3297 2116 3354 fer-

538 3397 666 3437 vore
704 3385 1066 3451 saperavcrit,
1106 3393 1159 3438 et
1198 3387 1391 3439 clamat
1426 3387 1643 3450 dicens,
1685 3385 1976 3442 Imitatores
2021 3391 2119 3444 mei

537 3487 707 3536 estote,
731 3477 856 3528 sicut
886 3485 932 3530 et
961 3494 1049 3546 ego
1071 3477 1258 3532 Clu-isti
1287 3479 1359 3546 (I.
1379 3479 1494 3535 Cor.
1518 3481 1599 3535 il.
1621 3483 1693 3552 l).
1717 3482 1806 3538 Ille
1835 3485 2114 3539 Dominum

539 3571 773 3626 imitatus
798 3579 918 3636 cst,
955 3581 1005 3624 tu
1050 3587 1366 3626 conservum
1406 3590 1509 3628 non
1550 3575 1774 3630 imitaris
1798 3620 1810 3642 ,
1846 3587 1896 3631 ttt
1923 3617 1938 3643 ,
1970 3577 2056 3647 qui
2087 3593 2115 3632 a

537 3665 796 3734 principio
827 3666 876 3718 in
910 3665 1104 3735 pietate
1132 3666 1384 3720 educatus
1407 3683 1492 3730 es,
1523 3684 1666 3732 eum,
1696 3671 1782 3738 qui
1815 3680 1992 3740 postea
2024 3687 2118 3740 per

535 3759 878 3812 mutationem
924 3759 989 3811 ad
1031 3758 1184 3812 tidem
1216 3761 1481 3814 accessit?
1507 3760 1621 3816 Non
1652 3763 1788 3818 nosti
1815 3804 1830 3826 ,
1858 3763 1996 3832 quod
2025 3765 2113 3834 qui

535 3850 585 3902 in
617 3851 845 3918 peccatis
874 3859 998 3903 sunt
1026 3891 1039 3910 ,
1072 3851 1170 3903 etsi
1203 3852 1418 3914 vivunt,
1452 3854 1646 3907 mortui
1673 3855 1836 3908 sunt?
1865 3855 1951 3924 qui
1985 3871 2114 3910 vero

535 3941 584 3992 in
608 3939 811 4009 justitia
841 3950 1003 4006 sunt,
1034 3943 1132 3996 clsi
1167 3945 1358 3996 mortui
1387 3955 1546 4007 sunt,
1575 3947 1798 4002 vivunt?
1827 3949 1934 4004 Nec
1964 3965 2114 4005 meus

538 4032 624 4085 hic
652 4047 862 4094 sermo;
912 4033 1171 4086 sententia
1201 4045 1279 4088 est
1317 4034 1510 4090 Christi
1547 4037 1763 4095 Martha“.-
1792 4042 1808 4072 ¹
1841 4041 2064 4100 dicentis
2096 4060 2111 4096 :

537 4120 712 4175 Omnis
736 4123 822 4190 qui
847 4122 1006 4176 credit
1034 4123 1084 4176 in
1115 4141 1193 4177 me
1217 4167 1231 4188 ,
1263 4127 1408 4178 etiam
1437 4128 1480 4180 si
1506 4138 1730 4184 ntartuus
1763 4133 1913 4200 fuerit
1937 4173 1952 4195 ,
1989 4134 2110 4187 vivet

533 4213 708 4284 (Joan.
748 4217 834 4270 il.
865 4216 936 4270 ‘25
959 4215 997 4284 ).
1029 4216 1162 4271 Num
1190 4219 1328 4273 enim
1361 4218 1550 4274 fabula:
1589 4232 1710 4276 sunt
1745 4223 1990 4292 dogmata
2019 4241 2112 4278 no-

532 4317 640 4358 stra
658 4307 680 4360 ?
700 4307 756 4360 Si
778 4307 1106 4362 Christianus
1132 4325 1210 4374 es,
1237 4311 1446 4366 Christo
1474 4313 1631 4368 crede
1655 4331 1669 4367 :
1699 4316 1740 4368 si
1763 4315 1974 4370 Christo
1998 4333 2114 4371 crc—

531 4395 637 4463 dis,
670 4414 764 4467 per
791 4413 948 4468 opera
979 4399 1106 4454 mihi
1139 4402 1296 4456 ﬁdem
1324 4403 1650 4460 demonstra.
1681 4406 1956 4474 Quomodo
1985 4425 2112 4464 vero

535 4505 628 4556 per
644 4505 803 4559 opera
831 4492 984 4546 Iidem
1004 4493 1428 4549 demonstrabis?
1449 4495 1502 4552 Si
1527 4508 1752 4553 mortem
1774 4509 2108 4557 contemnas.

532 4581 598 4635 Et
626 4581 675 4633 in
709 4582 810 4636 hoc
835 4583 975 4636 enim
1004 4585 1069 4638 ab
1097 4585 1396 4640 inﬁdelibus
1423 4587 1735 4644 differimus.

603 4671 746 4726 Mors
776 4690 872 4726 non
910 4675 1128 4728 timenda
1156 4677 1207 4730 iu
1236 4679 1387 4730 vitam
1421 4681 1644 4748 futuram
1674 4683 2007 4750 sperantibus.
2040 4715 2112 4724 —

532 4763 738 4818 Etenim
767 4764 838 4818 illi
866 4765 1080 4836 quidem
1115 4767 1304 4821 merito
1333 4769 1520 4824 timent
1555 4781 1780 4827 mortem
1809 4815 1823 4838 ,
1865 4790 2108 4831 resurre-

527 4855 719 4910 ctionis
748 4857 887 4910 enim
919 4869 1066 4924 Spem
1097 4872 1200 4911 non
1233 4857 1462 4926 habent;
1493 4871 1546 4915 tu
1589 4878 1716 4917 vero
1748 4864 1950 4920 meliori
1993 4883 2111 4936 per-

528 4961 659 5014 gens
684 4947 764 5000 via
789 4987 804 5010 ,
846 4955 900 5000 et
927 4946 993 5001 de
1024 4947 1319 5003 futurorum
1353 4966 1446 5020 spe
1481 4954 1841 5024 philosophari
1885 4959 2066 5013 valens
2091 5001 2107 5027 ,

529 5053 630 5104 qua
661 5037 851 5108 dignus
882 5053 938 5094 es
965 5041 1116 5093 venia
1141 5082 1154 5104 ,
1185 5039 1252 5096 de
1286 5047 1674 5102 resurrectione
1701 5049 1911 5117 quidem
1939 5052 2107 5105 conli-

531 5129 700 5193 dens,
731 5133 798 5185 ita
834 5148 960 5185 vero
989 5146 1212 5188 mortem
1245 5137 1440 5190 timens
1467 5147 1521 5192 ut
1557 5139 1588 5192 ii
1629 5143 1715 5210 qui
1749 5159 1855 5197 non
1887 5147 2111 5200 credunt.

533 5225 949 5278 resurrectioni?
989 5225 1092 5280 Sed
1125 5237 1372 5294 mortem,
1404 5227 1572 5299 inquit
1593 5271 1606 5292 ,
1640 5247 1743 5286 non
1779 5234 1935 5290 timeo
1963 5253 1974 5288 :
2009 5251 2107 5290 ne-

535 5325 636 5376 quc
661 5313 793 5366 mori
816 5355 829 5375 ,
862 5317 956 5370 sed
999 5319 1135 5372 male
1172 5321 1306 5373 mori
1336 5362 1351 5386 ,
1379 5331 1429 5374 et
1461 5323 1634 5392 capite
1665 5328 1917 5380 truncari.
1947 5327 2098 5397 Igitur

534 5397 762 5453 Joannes
802 5405 939 5458 male
977 5418 1218 5464 mortuus
1247 5411 1376 5465 est?
1415 5411 1513 5467 fuit
1553 5414 1694 5470 enim
1739 5415 2102 5474 obtruncatus.

2251 369 2452 437 datus;
2501 383 2554 429 et
2601 388 2862 450 martyres
2911 386 3089 440 cuncti
3145 387 3338 444 misere
3385 395 3679 453 secundum
3733 418 3828 458 vus

2249 461 2430 518 obiere
2455 505 2469 526 ,
2505 468 2754 534 quoniam
2788 473 2906 540 igne
2941 483 3032 528 aut
3071 475 3216 531 ferro
3244 481 3402 535 vitam
3451 485 3701 546 ﬁnierunt
3730 511 3746 548 ε
3773 507 3829 550 et

2247 549 2299 603 lii
2330 554 2539 622 quidem
2573 556 2621 608 in
2655 573 2817 624 mare,
2848 561 2900 614 bi
2930 579 3053 616 vero
3083 566 3136 620 in
3165 570 3538 639 praecipitium,
3571 576 3822 639 hiantem

2247 641 2298 693 in
2325 643 2510 698 dentes
2538 644 2822 702 bestiarum
2853 651 3145 711 incidentes
3169 699 3184 722 ,
3211 660 3290 714 sic
3315 669 3510 720 mortui
3537 681 3678 725 sunt.
3707 673 3822 731 Non

2245 729 2348 786 bne
2377 743 2458 787 est
2488 737 2624 792 male
2651 741 2784 794 mori
2809 783 2823 804 ,
2857 743 2926 796 mi
2961 744 3119 800 homo
3143 789 3156 810 ,
3189 751 3418 806 violenta
3451 767 3622 816 morte
3650 763 3782 817 ﬁniri
3803 809 3818 828 ,

2243 823 2336 878 sed
2361 825 2411 878 in
2438 830 2665 894 peccatis
2692 832 2846 886 mori.
2875 835 3009 889 Audi
3042 853 3267 909 namque
3287 843 3604 912 Prophetam
3631 851 3696 906 de
3723 823 3818 908 hoc

2243 913 2358 983 ipso
2402 917 2860 987 philosmihantem
2892 933 2943 977 et
2979 925 3243 984 dicentem
3273 949 3287 982 :
3321 931 3463 989 Mors
3511 952 3823 1004 peccatorum

2241 1009 2458 1074 pessima
2487 1009 2653 1079 (Psnl.
2685 1013 2771 1066 53.
2801 1014 2914 1085 9.2).
2947 1016 3060 1070 Non
3085 1019 3236 1088 dixit,
3267 1041 3408 1078 mors
3439 1029 3664 1086 violenta
3699 1051 3820 1103 pes-

2240 1099 2394 1166 sima,
2419 1101 2510 1152 sed
2533 1103 2699 1171 quid?
2723 1104 2864 1159 Mors
2889 1120 3204 1176 peccatorum
3231 1117 3465 1183 pessima.
3485 1119 3634 1178 Juste
3656 1099 3784 1179 sane
3805 1144 3820 1188 ;

2241 1199 2516 1259 postquam
2546 1194 2687 1248 enim
2719 1195 2842 1250 hinc
2871 1199 3237 1269 migraverint,
3269 1220 3420 1274 ptena
3449 1213 3818 1282 intolerabilis,

2240 1287 2495 1332 tormenta
2515 1285 3066 1352 setnpitcrna,vcrtnis
3082 1294 3392 1362 virulentus,
3417 1301 3550 1368 ignis
3567 1303 3822 1362 inexstiu-

2239 1369 2471 1436 guibilis,
2499 1373 2729 1428 tenebrat
2755 1379 3068 1445 exlcriorcs,
3098 1383 3301 1438 vincula
3330 1387 3646 1456 insolubilia,
3685 1395 3822 1450 den-

2241 1460 2371 1514 tium
2387 1463 2602 1528 stridor,
2621 1467 2886 1522 tribulatio
2899 1480 2952 1524 et
2971 1474 3231 1543 anguSIia,
3245 1487 3297 1530 et
3313 1489 3512 1536 mter-na
3525 1482 3816 1544 damnatio.

2307 1553 2359 1608 5.
2393 1553 2520 1608 Cum
2547 1557 2704 1626 igitur
2729 1561 2854 1614 talia
2886 1576 3134 1620 maneant
3163 1579 3470 1636 peccatores
3495 1577 3632 1630 tnala
3654 1619 3670 1642 ,
3697 1595 3820 1646 qua:

2235 1643 2402 1709 possit
2441 1659 2559 1699 esse
2600 1649 2796 1702 utilitas
2820 1693 2833 1713 ,
2874 1653 2986 1707 sive
3022 1654 3200 1720 domi,
3243 1659 3354 1714 sive
3390 1661 3440 1714 in
3484 1663 3617 1718 lecto
3655 1643 3817 1724 vitam

2236 1733 2418 1786 tiniant
2443 1735 2466 1789 ?
2493 1736 2629 1791 sicut
2653 1751 2838 1793 contra
2864 1741 3022 1811 justis
3051 1747 3251 1802 nullum
3279 1750 3526 1806 damnum
3553 1772 3673 1810 esse
3703 1775 3821 1826 pos-

2235 1824 2336 1880 sit.
2363 1826 2499 1896 quod
2533 1844 2660 1883 ense
2700 1832 2782 1885 vel
2821 1833 2940 1902 igne
2983 1849 3300 1904 pr.esentem
3335 1845 3494 1897 vitam
3525 1824 3769 1903 claudant
3798 1893 3816 1914 ,

2232 1927 2350 1966 eunt
2374 1915 2438 1968 ad
2468 1917 2782 1974 immortalia
2809 1925 3038 1994 migrare
3067 1927 3201 1981 bona
3232 1930 3478 1987 debeant.
3512 1935 3644 1990 Vere
3675 1939 3818 1995 Mors

2233 2015 2548 2069 peccatorum
2579 2011 2814 2078 pessima.
2843 2011 2985 2066 Talis
3015 2025 3131 2069 erat
3158 2018 3336 2074 divitis
3365 2023 3506 2077 illius
3535 2042 3696 2090 mors,
3721 2033 3814 2097 qui

2233 2093 2485 2149 Lazarum
2510 2098 2849 2168 despexerat,
2878 2107 2965 2174 qui
2999 2107 3138 2160 domi
3169 2121 3216 2164 et
3249 2111 3297 2164 in
3327 2112 3461 2166 lecto
3490 2126 3540 2169 et
3569 2135 3724 2172 neces
3757 2141 3818 2171 a-

2233 2188 2324 2238 riis
2353 2190 2724 2246 assistentibus
2770 2196 2872 2249 vita
2915 2213 3007 2264 per
3053 2203 3322 2270 propriam
3365 2207 3532 2260 soluta
3583 2225 3818 2266 mortem

2231 2278 2511 2334 defunctus
2544 2287 2864 2346 terrebatur.
2895 2303 2961 2341 ne
2991 2305 3204 2357 parvam
3236 2295 3447 2364 quidem
3483 2306 3816 2356 consolatio-

2230 2386 2350 2423 nem
2379 2388 2443 2425 ex
2475 2375 2751 2441 prmsentis
2784 2379 2902 2430 vitm
2947 2383 3295 2449 prosperitate
3329 2391 3560 2442 nancisci
3602 2393 3812 2447 valens.

2231 2462 2293 2513 At
2339 2479 2442 2514 non
2481 2463 2552 2516 ita
2581 2463 2811 2521 Lazarus
2840 2485 2853 2530 ;
2885 2485 3064 2522 verum
3099 2473 3148 2525 in
3184 2474 3296 2542 ipso
3329 2479 3631 2544 pavimento
3661 2486 3816 2538 cani-

2231 2549 2329 2604 bus
2358 2551 2689 2610 adstantibus
2717 2567 2767 2610 et
2801 2558 2973 2613 ulcera
3005 2561 3322 2631 liogcntibus
3348 2568 3630 2625 violentam
3661 2590 3816 2627 mor-

2230 2649 2334 2694 tem
2365 2658 2586 2710 passus;
2617 2646 2741 2714 quid
2772 2649 2911 2702 enint
2957 2649 3092 2706 fame
3137 2653 3404 2711 difﬁcilius
3445 2675 3564 2715 esse
3603 2665 3815 2731 possit?

2227 2731 2497 2801 digressus
2527 2735 2668 2789 illine
2695 2741 2910 2792 mternis
2941 2743 3136 2810 potitus
3165 2757 3244 2799 est
3273 2747 3425 2802 bonis
3449 2793 3462 2813 ,
3497 2753 3546 2804 in
3579 2754 3814 2810 Abrahae

2226 2825 2347 2879 sinu
2377 2827 2630 2895 gaudens.
2666 2829 2798 2896 Quid
2827 2831 2985 2902 igitur
3015 2836 3184 2904 ipsum
3219 2841 3356 2894 laesit
3403 2845 3662 2900 violenter
3689 2865 3810 2902 ιιιο-

2226 2917 2270 2969 ri
2291 2917 2314 2969 ἲ
2339 2919 2461 2986 quid
2494 2936 2616 2974 vero
2637 2921 2786 2976 diviti
2821 2927 3012 2994 profuit
3039 2939 3208 2982 morte
3235 2947 3338 2985 non
3372 2934 3598 2989 violenta
3625 2941 3764 2993 mori
3788 2942 3813 2993 ?

2297 3005 2438 3062 Mors
2463 3011 2652 3078 injusta
2679 3014 2842 3066 minus
2874 3016 3094 3068 timenda
3111 3059 3123 3080 ,
3150 3035 3300 3089 quam
3321 3023 3484 3090 justa.
3509 3054 3579 3064 —
3604 3029 3670 3080 At.
3697 3045 3808 3083 non

2224 3099 2500 3164 violenter,
2533 3103 2721 3172 inquit,
2751 3105 2846 3159 sed
2879 3107 3070 3176 injuste
3103 3091 3235 3164 mori
3271 3113 3514 3169 timemus
3543 3133 3558 3170 :
3589 3123 3806 3188 etquod

2223 3190 2336 3242 ausi
2366 3189 2454 3242 nih
2481 3191 2495 3243 l
2523 3207 2707 3247 eorum
2741 3195 2806 3249 de
2837 3197 3031 3264 quibus
3062 3198 3114 3252 in
3146 3201 3500 3270 suspicionem
3531 3222 3803 3275 vocamur,

2221 3293 2342 3332 cum
2374 3282 2616 3336 sontibus
2644 3285 2842 3352 pariter
2867 3289 3163 3355 puniamur.
3189 3289 3321 3359 Quid
3352 3295 3450 3358 ais,
3478 3312 3657 3366 quaso
3682 3299 3705 3351 ἲ
3735 3303 3808 3353 in-

2218 3368 2361 3436 juste
2387 3371 2522 3424 mori
2553 3375 2708 3428 times
2733 3375 2755 3428 ?
2781 3391 2845 3429 an
2869 3376 3012 3446 justo
3037 3380 3237 3436 velles?
3267 3383 3331 3436 Et
3359 3386 3478 3454 quis
3511 3397 3614 3440 tam
3639 3390 3808 3446 miser

2222 3471 2272 3514 et
2303 3477 2631 3517 terunmosus
2651 3506 2666 3530 ,
2697 3475 2754 3520 ut
2777 3481 2896 3522 cum
2929 3469 3124 3538 injttSte
3151 3473 3286 3527 mori
3314 3474 3622 3544 immineat,
3654 3482 3807 3534 malit

2222 3550 2358 3618 iuste
2391 3554 2569 3608 mori?
2609 3555 2663 3610 Si
2693 3557 2834 3610 enim
2867 3571 3090 3614 mortem
3123 3573 3358 3619 metuere
3383 3577 3626 3636 oportet,
3655 3568 3804 3639 juste

2223 3643 2372 3695 nobis
2404 3643 2734 3713 ingruentem
2782 3649 2969 3704 timere
3009 3655 3259 3706 convenit
3287 3673 3300 3707 :
3328 3657 3574 3725 quoniam
3603 3660 3802 3728 injuste

2221 3734 2433 3802 quidem
2463 3747 2719 3802 mortuus,
2746 3756 2839 3808 per
2863 3739 2962 3795 hoc
2987 3744 3156 3812 ipsum
3185 3759 3302 3799 cum
3329 3751 3525 3803 sant-tis
3546 3753 3800 3806 omnibus

2219 3827 2593 3882 communicat.
2627 3831 2779 3900 Apud
2811 3833 2972 3886 Deum
3013 3836 3151 3888 enim
3199 3837 3538 3906 probatorum
3580 3853 3635 3896 et
3679 3845 3802 3898 illit-

2219 3919 2406 3970 strium
2447 3920 2626 3988 plures
2658 3921 2903 3989 injustam
2951 3925 3250 3982 sustinuere
3295 3941 3560 3997 mortem,
3589 3944 3644 3988 et
3669 3947 3798 3991 ante

2219 4021 2404 4063 omnes
2438 4009 2566 4064 Abel
2600 4029 2612 4063 :
2647 4027 2749 4066 non
2774 4013 2914 4066 enim
2943 4015 2993 4070 in
3021 4013 3236 4071 fratrem
3269 4034 3512 4087 peccans,
3541 4039 3639 4077 nec
3665 4026 3795 4078 Cain

2222 4098 2382 4164 lzcso,
2412 4101 2503 4155 sed
2534 4103 2781 4171 quoniam
2815 4105 2978 4158 Deum
3011 4106 3307 4162 hoaorabat
3333 4152 3345 4174 ,
3381 4111 3501 4166 ideo
3525 4113 3798 4184 jugulatus

2219 4201 2300 4244 est
2329 4195 2344 4260 (
2373 4191 2499 4246 Gen.
2532 4194 2564 4248 4
2589 4195 2627 4264 ).
2665 4195 2800 4249 Deus
2827 4208 3002 4252 autem
3033 4201 3304 4269 permisit,
3335 4205 3589 4273 numquid
3623 4207 3794 4274 ipsum

2219 4300 2403 4341 amans
2429 4330 2442 4352 ,
2475 4303 2541 4341 an
2569 4288 2693 4343 odio
2721 4291 2965 4346 habens?
2989 4306 3190 4349 certum
3218 4307 3297 4352 est
3323 4299 3464 4367 quod
3487 4317 3672 4356 amans
3693 4346 3708 4368 ,
3743 4313 3800 4358 ttt

2217 4379 2498 4432 clariorem
2529 4379 2626 4452 ipsi
2654 4397 2906 4436 coronam
2935 4383 3136 4440 faceret
3160 4404 3224 4442 ex
3254 4390 3596 4458 injustissima
3624 4395 3797 4450 caede.

2221 4471 2379 4526 Vides
2407 4487 2576 4542 neque
2603 4475 2912 4541 violentam,
2946 4493 3117 4547 neque
3144 4479 3389 4548 injustam
3421 4496 3645 4540 mortem
3677 4502 3802 4542 esse

2219 4562 2553 4617 metuendam
2580 4605 2595 4630 ,
2625 4565 2715 4619 sed
2762 4577 2989 4622 mortem
3028 4569 3078 4622 in
3119 4573 3388 4638 peccatis?
3427 4575 3558 4628 Abel
3603 4577 3802 4644 injuste

2217 4665 2455 4707 ntormus
2481 4663 2581 4718 est,
2611 4653 2736 4708 Cain
2769 4656 2894 4710 vixit
2923 4673 3139 4728 gemens
3163 4669 3215 4714 et
3243 4672 3473 4718 tremens
3504 4682 3518 4728 ;
3550 4679 3668 4722 uter
3697 4669 3804 4738 igi-

2219 4753 2322 4808 tur,
2353 4744 2437 4798 die
2465 4745 2614 4812 tnihi,
2647 4747 2852 4801 beatior
2881 4749 2994 4815 fuit,
3024 4751 3112 4820 qui
3140 4767 3258 4804 cum
3283 4753 3490 4822 justitia
3519 4760 3805 4827 requiem-

2217 4848 2318 4902 rat,
2343 4853 2407 4891 an
2435 4839 2524 4907 qui
2555 4841 2784 4906 peccatis
2809 4841 3058 4898 vivebat?
3088 4843 3175 4912 qni
3203 4854 3441 4898 mortuus
3469 4859 3548 4900 est
3577 4851 3802 4917 illjllsit“

2217 4943 2282 4981 an
2335 4930 2422 4998 qui
2471 4931 2610 4996 juste
2651 4932 3006 5000 puniebatur?
3043 4935 3202 4989 Vultis
3221 4933 3678 4994 cbaritativestne
3719 4943 3808 4995 dh-

2216 5033 2353 5084 cam,
2387 5021 2526 5075 unde
2553 5021 2800 5076 timemus
2831 5035 3053 5079 mortem
3078 5027 3100 5079 ?
3125 5027 3240 5081 Non
3263 5031 3502 5084 vulnerat
3528 5047 3624 5085 nos
3647 5037 3806 5102 regni

2215 5129 2397 5177 amor,
2438 5131 2540 5168 non
2580 5131 2676 5170 nos
2713 5115 3013 5172 futurorum
3053 5137 3203 5174 amor
3239 5125 3482 5178 accoudit
3513 5142 3530 5178 :
3559 5127 3812 5196 alioquin

2219 5207 2498 5273 prmsentia
2520 5207 2914 5276 deSpiccremus
2939 5212 3113 5264 omnia
3135 5253 3150 5272 .
3177 5213 3312 5268 sicut
3352 5215 3538 5271 beatus
3581 5217 3808 5272 Paulus.

2216 5295 2296 5349 Ad
2325 5295 2438 5350 inec
2465 5313 2566 5351 non
2601 5301 2848 5355 timemus
2873 5301 3170 5372 gehennam
3193 5347 3209 5370 ,
3241 5307 3360 5361 ideo
3386 5321 3615 5364 mortem
3645 5313 3820 5366 time-

2217 5405 2377 5444 mus:
2420 5391 2660 5461 supplicii
2707 5393 2847 5447 illius
2896 5395 3282 5452 intolerabilem
3330 5402 3642 5468 gravitatem
3693 5419 3814 5457 non

2216 5482 2462 5536 novimus
2487 5524 2500 5546 ,
2533 5495 2808 5552 propterea
2850 5501 2944 5554 pro
2987 5499 3204 5556 peccato
3240 5501 3463 5544 mortem
3507 5493 3761 5548 timemus
3791 5537 3844 5566 ,ε

2215 5579 2358 5643 quod
2397 5575 2440 5628 si
2481 5575 2566 5629 ille
2590 5577 2819 5630 animam
2858 5588 3091 5632 nostram
3134 5581 3292 5634 timor
3317 5591 3668 5652 occupasset,
3701 5567 3842 5642 iste'

2221 5664 2508 5737 subrepere
2533 5680 2636 5720 non
2664 5677 2941 5737 potuisset.
2975 5669 3036 5722 Et
3077 5669 3178 5724 hoc
3207 5686 3312 5724 non
3341 5673 3522 5742 procul
3549 5716 3565 5744 ,
3607 5675 3705 5731 sed
3734 5693 3814 5734 ex

532 5487 694 5560 igitur
730 5489 1028 5561 Stephanus
1067 5501 1204 5556 male
1239 5512 1478 5561 mortuus
1515 5507 1642 5562 est?
1673 5506 1767 5563 fuit
1795 5509 1935 5565 enim
1979 5510 2108 5591 lapi-

597 5647 616 5680 ⁸
649 5646 751 5708 Αῖὶἰ,
779 5647 961 5699 Maria.
