4074 6218
251 318 323 371 75
1195 315 1284 371 Μ)
1328 313 1644 370 POPULUM
1674 307 2172 366 ANTIUCIIENLIM
2237 312 2467 368 IlOMlL.
2510 314 2572 367 Υ.
3458 317 3517 378 Tt

249 433 581 497 domesticis,
608 439 665 488 et
688 446 750 487 ex
785 429 849 484 iis
869 444 988 500 qua:
1013 429 1165 485 nobis
1190 429 1495 484 acciderunt
1521 426 1604 481 his
1625 425 1831 489 diclsus,

251 524 590 580 manifestum
615 524 789 578 facere
813 521 1065 576 conabor.
1100 521 1383 591 Postquam
1410 521 1551 573 enim
1577 518 1645 571 ab
1676 517 1845 585 Impe-

254 627 435 672 ratore
460 616 599 669 datin
620 625 741 668 sunt
758 616 951 670 littera:
970 613 1226 667 tributum
1256 613 1383 674 hoc,
1406 611 1547 681 quod
1594 611 1844 664 intolera-

252 710 360 765 bile
399 724 523 764 esse
558 708 871 767 videbatur.
913 705 1158 761 conferre
1196 704 1444 772 jubentcs
1471 744 1486 768 ,
1528 717 1715 755 omnes
1755 710 1841 754 tu—

249 803 686 866 tnultnabantur,
716 816 905 855 omnes
928 799 1359 863 contendebant,
1388 813 1529 866 aegre
1560 795 1839 858 ferebant,

248 893 665 963 indignabantur
689 933 703 952 ,
749 892 894 945 inter
919 906 980 944 se
1007 897 1351 944 occurrentes
1373 887 1624 942 dicebant
1647 904 1659 939 :
1690 885 1839 940 Hand

250 986 428 1039 vitalis
467 984 623 1038 nobis
660 985 763 1037 vita
792 1025 807 1047 ,
837 983 1094 1037 subversa
1123 981 1312 1036 civitas
1337 989 1439 1044 est,
1469 978 1629 1046 hujus
1658 976 1841 1030 tributi

250 1077 677 1147 magnitudinem
707 1075 973 1129 sustinere
1000 1074 1197 1143 poterit
1225 1086 1384 1127 nemo
1415 1089 1429 1126 :
1454 1079 1510 1125 et
1536 1085 1725 1124 omnes
1748 1084 1842 1122 an-

244 1170 535 1239 gebantur,
583 1176 834 1235 tanquam
879 1165 948 1219 de
985 1162 1242 1219 extremis
1283 1163 1414 1231 ipsis
1456 1161 1836 1231 periclitantes.

245 1262 368 1316 Mox
393 1277 525 1315 vero
552 1268 829 1328 postquam
858 1266 1157 1327 perpetrata
1189 1254 1519 1317 acciderunt,
1548 1260 1603 1305 et
1625 1250 1838 1321 quidam

248 1353 441 1407 nefarii
472 1361 527 1404 et
556 1349 977 1412 sceleratissimi,
1008 1348 1212 1416 legibus
1241 1345 1571 1400 conculcatis
1593 1385 1607 1407 ,
1637 1354 1841 1398 statuas

245 1444 566 1512 dzijc-ccrunt
590 1482 606 1501 .
655 1450 709 1495 et
750 1440 941 1494 mortis
968 1438 1261 1509 periculum
1293 1436 1546 1491 omnibus
1572 1436 1840 1503 imposue-

246 1544 397 1596 runt.
431 1544 484 1589 et
509 1533 620 1603 j:un
649 1534 716 1586 de
743 1532 856 1601 ipsa
884 1532 988 1584 vita
1019 1530 1287 1595 timemus,
1318 1528 1638 1583 exacerbato
1668 1526 1841 1595 Impe-

246 1638 430 1680 ratorc
456 1642 471 1687 ;
505 1641 611 1678 non
641 1640 738 1676 nos
760 1623 988 1692 amplius
1014 1620 1358 1691 pecuniarum
1374 1620 1582 1690 jactura
1607 1619 1835 1681 mordet,

244 1717 343 1770 sed
386 1716 490 1769 alia
526 1729 627 1783 pro
669 1714 772 1767 illis
810 1727 1001 1767 omnes
1039 1711 1198 1766 audio
1234 1710 1473 1766 dicentes
1506 1728 1520 1764 :
1551 1710 1739 1779 Capiat
1785 1719 1840 1764 et

243 1806 604 1860 substantiam
645 1803 959 1874 Imperator,
989 1810 1043 1857 et
1071 1802 1213 1872 agris
1237 1811 1292 1857 et
1320 1801 1743 1871 supellectilibus
1770 1800 1836 1853 li-

246 1898 444 1952 benter
469 1895 791 1956 carebimus,
817 1893 1100 1948 dumtaxat
1126 1907 1321 1961 corpus
1346 1892 1552 1946 salvum
1582 1893 1695 1946 lore
1719 1892 1840 1962 quis

246 1989 534 2057 spondeat.
563 1987 712 2043 Sicut
737 1988 918 2055 itaque
944 1986 1250 2056 priusquam
1280 1986 1432 2041 nobis
1461 1986 1650 2040 mortis
1678 1985 1839 2039 timor

248 2081 558 2134 iiunineret
583 2120 600 2147 ,
628 2092 726 2132 nos
754 2078 1097 2147 pecuniarum
1124 2076 1318 2131 mulcta
1345 2076 1653 2142 cruciabat;
1686 2083 1838 2145 post-

243 2186 409 2240 quam
456 2185 590 2226 vero
629 2167 859 2223 nefanda
907 2176 1207 2239 perpetrata
1248 2176 1411 2231 sunt,
1453 2167 1641 2222 mortis
1681 2167 1840 2220 timor

242 2262 564 2326 succedens,
583 2262 795 2317 muletac
810 2261 1050 2315 dolorem
1072 2259 1272 2329 expulit
1293 2258 1402 2314 :sic
1426 2269 1480 2313 et
1508 2257 1553 2313 si
1579 2259 1839 2327 gehenna:

246 2368 413 2410 umor
447 2353 946 2423 comprehendisset
980 2353 1185 2407 animas
1225 2362 1435 2406 nostras
1461 2392 1476 2416 ,
1509 2368 1615 2405 non
1652 2351 1839 2405 mortis

246 2454 413 2503 timor
438 2456 784 2517 occupasset;
813 2445 907 2500 sed
933 2444 1384 2515 quemadmodum
1417 2444 1468 2497 in
1499 2442 1835 2512 corporibus,

244 2539 468 2610 quando
493 2552 590 2593 nos
616 2538 724 2593 duo
754 2538 969 2593 dolores
997 2536 1383 2607 oppresserint,
1407 2534 1714 2590 inferiorem
1741 2547 1839 2602 p0-

246 2635 451 2685 tentior
489 2629 823 2685 abscondere
863 2628 1142 2683 consuevit
1184 2645 1197 2681 :
1243 2628 1320 2682 sic
1356 2635 1410 2682 et
1451 2641 1590 2680 nunc
1639 2614 1837 2680 factum

245 2732 390 2780 esset
423 2739 438 2788 ;
470 2724 514 2776 si
546 2721 707 2776 futuri
735 2723 978 2792 supplicii
1004 2721 1164 2776 timor
1186 2722 1236 2775 in
1264 2721 1442 2775 anima
1468 2723 1836 2786 remansisset,

241 2832 466 2871 onmem
513 2816 761 2870 timorem
810 2815 1103 2870 humanum
1150 2813 1509 2869 obscurasset.
1563 2813 1748 2883 Itaque
1795 2814 1840 2868 si

238 2907 371 2976 quis
409 2905 671 2976 gchcttnm
719 2921 933 2975 semper
973 2904 1282 2960 meminisse
1329 2904 1569 2970 laboret,
1609 2915 1839 2960 mortem

239 2999 515 3054 deridebit
543 3042 557 3062 ,
589 3011 637 3053 et
670 3015 775 3054 non
807 2998 1058 3069 pra-senti
1087 3006 1289 3052 tantum
1318 2997 1560 3066 angustia
1588 2995 1843 3052 liberabi-

241 3102 359 3153 tur,
393 3090 490 3145 srd
517 3092 663 3146 etab
692 3091 777 3144 illa
807 3091 1016 3144 tlamma
1040 3089 1316 3159 eripietur.
1346 3088 1444 3157 Qui
1467 3088 1611 3143 enim
1638 3088 1840 3160 gehen-

241 3198 377 3237 nam
414 3184 671 3237 continuc
718 3183 907 3247 timet,
941 3197 1231 3250 numquam
1272 3181 1324 3234 in
1362 3181 1623 3251 gehennae
1667 3181 1840 3251 ignem

241 3274 485 3337 decidet,
505 3274 606 3327 hoc
627 3273 845 3329 assiduo
865 3275 1154 3343 castigatus
1176 3281 1340 3327 metu.
1364 3271 1653 3329 Concedite
1681 3287 1843 3340 nunc,

244 3377 303 3420 ut
346 3376 654 3434 opportune
680 3364 832 3418 vobis
859 3364 1034 3419 dicam
1070 3381 1082 3416 :
1116 3363 1327 3419 Fratres
1350 3406 1365 3429 ,
1397 3380 1459 3417 ne
1483 3364 1628 3434 pueri
1654 3364 1842 3434 eﬁicia-

244 3456 380 3511 uiui
404 3455 654 3518 sensibus,
680 3455 769 3509 sed
785 3456 977 3509 malitia
1003 3456 1226 3524 infantes
1249 3456 1356 3511 sitis
1377 3456 1423 3526 (I
1438 3495 1453 3509 .
1476 3455 1595 3512 Cor.
1627 3456 1843 3528 16.20).

320 3547 472 3603 liora
493 3565 585 3601 cur
609 3549 950 3615 despicienda.
969 3578 1040 3588 —
1060 3548 1272 3603 Etenim
1302 3548 1560 3617 puerilem
1587 3549 1840 3602 timemus

247 3656 531 3712 pavorem,
563 3650 788 3694 mortem
817 3640 1086 3703 timentes,
1105 3649 1380 3709 peccatum
1409 3648 1587 3694 autem
1627 3654 1732 3693 non
1778 3639 1845 3693 ti-

245 3744 487 3790 mentes.
508 3733 664 3788 Pueri
693 3733 834 3788 enim
860 3733 1010 3805 parvi
1055 3733 1231 3787 larvas
1258 3734 1482 3800 timent,
1516 3731 1689 3797 ignem
1735 3748 1842 3786 non

247 3827 481 3886 timent;
510 3824 604 3878 sed
643 3823 690 3877 si
712 3823 777 3877 ad
810 3824 1082 3879 lucernam
1119 3824 1297 3880 lumen
1331 3823 1613 3879 habentem
1641 3824 1840 3894 portari

241 3915 547 3983 multiiugat,
588 3914 976 3970 inconsiderate
1018 3930 1232 3971 manum
1278 3916 1575 3969 immittunt
1604 3917 1834 3970 lucerna:

246 4016 309 4059 et
342 4006 575 4059 ﬂammtc
604 4022 617 4057 :
650 4005 776 4059 dum
801 4005 1243 4061 contemnendam
1272 4006 1471 4059 larvam
1510 4004 1843 4071 horrescunt,

243 4113 381 4153 vere
408 4096 701 4152 timendum
723 4098 896 4167 ignem
928 4114 1034 4151 non
1068 4098 1291 4162 timent;
1322 4099 1400 4153 sic
1423 4096 1637 4168 quidem
1668 4109 1722 4154 et
1749 4115 1846 4155 nos

242 4191 506 4241 timemus
541 4198 934 4258 mortem,qu:e
978 4198 1065 4243 est
1108 4190 1252 4243 larva
1307 4199 1612 4259 contemptu
1664 4190 1842 4261 digna,

242 4291 533 4351 peccitnm
560 4296 689 4334 vero
719 4295 822 4334 non
876 4282 1126 4335 timemus
1145 4322 1159 4343 ,
1185 4282 1327 4351 quod
1357 4292 1439 4336 est
1483 4297 1607 4338 vere
1650 4283 1843 4337 timeu-

235 4376 400 4438 dum,
424 4383 482 4427 et
501 4372 637 4442 ignis
663 4389 811 4428 more
837 4374 1219 4427 conscientiam
1239 4373 1478 4428 devorat.
1503 4374 1570 4429 Et
1601 4374 1716 4429 haec
1739 4390 1842 4429 non

234 4481 313 4519 ex
349 4479 531 4518 rerum
583 4474 789 4529 natura,
816 4463 911 4520 sed
953 4480 1021 4519 ex
1066 4464 1360 4534 ignorantia
1405 4465 1559 4519 nobis
1601 4466 1844 4522 accidere

233 4566 650 4610 consueverunt
681 4573 693 4608 :
721 4556 860 4624 quod
901 4556 944 4609 si
980 4557 1294 4625 cogitemus,
1328 4556 1453 4625 quid
1510 4557 1721 4612 tandem
1774 4559 1845 4611 sit

234 4661 432 4711 mors,
463 4661 752 4716 numquam
786 4648 953 4716 ipsam
995 4648 1322 4703 timebimus.
1357 4647 1494 4713 Quid
1534 4647 1694 4718 igitur
1723 4659 1841 4702 tau-

227 4740 377 4794 tlem
405 4754 552 4793 mors
590 4739 714 4793 est?
741 4738 973 4808 ldipsum
1017 4739 1158 4809 quod
1208 4740 1579 4793 vestimentum
1619 4755 1841 4794 exuere.

228 4832 548 4902 Tamquam
571 4832 945 4888 vestimentum
972 4832 1116 4887 enim
1158 4847 1352 4900 corpus
1386 4833 1576 4886 anima:
1625 4832 1845 4886 circum-

221 4926 432 4978 datum
464 4932 569 4989 est,
597 4922 773 4978 ethoc
815 4923 884 4977 ad
918 4923 1084 4978 breve
1109 4933 1319 4991 tempus
1346 4937 1441 4991 per
1481 4932 1706 4978 mortem
1745 4922 1840 4977 dc-

224 5017 509 5086 posilum,
527 5016 722 5069 clarius
738 5015 930 5069 iterum
944 5030 1296 5070 resumetnus.
1318 5014 1453 5082 Quid
1470 5016 1678 5070 tandem
1700 5031 1843 5070 mors

218 5105 757 5176 est?Peregrinatio
795 5105 863 5159 ad
895 5115 1124 5176 tempus,
1169 5121 1389 5159 somnus
1430 5116 1686 5160 consueto
1726 5108 1844 5161 lon-

220 5200 389 5270 gior.
416 5197 597 5268 Itaque
641 5198 687 5252 si
726 5208 955 5254 mortem
1006 5201 1182 5266 times,
1208 5193 1336 5255 time
1378 5208 1434 5254 et
1474 5214 1720 5254 somnum
1752 5219 1764 5255 :
1798 5202 1842 5255 si

218 5298 475 5363 propter
512 5290 804 5345 morientes
848 5291 1080 5359 angeris,
1112 5301 1165 5344 et
1214 5299 1432 5361 propter
1459 5292 1800 5347 comedentes
1822 5334 1838 5359 ,

220 5396 289 5441 et
330 5393 561 5452 propter
581 5382 825 5437 bibentes
850 5397 1047 5452 angere
1080 5400 1093 5436 :
1120 5383 1260 5438 sicut
1282 5383 1425 5438 enim
1452 5382 1553 5439 hoc
1580 5385 1840 5449 naturale,

218 5480 320 5534 sic
372 5484 431 5530 et
473 5475 624 5529 illud.
649 5474 725 5529 Ne
764 5485 816 5530 te
843 5462 1102 5529 naturalia
1138 5477 1495 5544 contristent,
1525 5477 1843 5532 contristent

226 5583 289 5625 ιε
337 5567 530 5635 potius
549 5581 669 5635 quae
696 5575 821 5620 sunt
865 5582 932 5621 ex
978 5567 1117 5621 mala
1165 5568 1434 5623 voluntate
1466 5587 1479 5622 :
1509 5583 1682 5639 neque
1728 5583 1842 5623 mo-

216 5660 483 5712 rimati-tn
542 5655 825 5726 luge,sed
881 5656 932 5709 in
992 5659 1223 5727 peccatis
1269 5660 1553 5714 viventem.

310 5749 383 5801 4.
427 5745 517 5799 \‘is
557 5760 972 5801 emnmeiuorem
1016 5758 1070 5801 et
1117 5748 1274 5802 aliain
1322 5764 1571 5818 causam,
1621 5761 1838 5821 propter

578 5839 852 5902 Ριτιιοι.
900 5843 1015 5905 Gn.
1060 5846 1112 5903 Χ
1131 5844 1197 5903 LI
1212 5847 1284 5907 Χ.

1961 441 2116 493 quam
2142 438 2367 484 mortem
2400 432 2680 487 timemus?
2706 431 2819 487 Non
2848 434 3075 489 vivimus
3097 449 3216 490 cum
3241 435 3531 504 diligentia,

1953 533 2058 571 non
2112 519 2367 575 habemus
2433 522 2815 577 conscientiam
2865 538 3099 593 puram:
3138 527 3280 596 quod
3331 529 3376 581 si
3433 527 3534 583 hoc
3592 558 3595 561 ν

1949 620 2112 674 esset,
2144 610 2274 666 nihil
2316 628 2415 667 nos
2444 628 2589 668 mors
2621 613 2913 679 terruisset,
2942 629 3047 669 non
3078 616 3261 683 fames,
3293 633 3398 672 non
3440 636 3535 689 pc-

1948 704 2221 757 Cuniarmu
2256 704 2484 774 jactura,
2518 721 2623 760 nou
2652 706 2793 761 aliud
2832 706 2957 777 quid
2989 706 3271 777 ejusmodi.
3328 709 3384 763 In
3425 712 3538 766 vir-

1951 804 2061 848 tute
2082 796 2223 848 enim
2244 798 2510 852 viventem
2560 797 2749 851 horum
2797 799 2927 852 nihil
2956 798 3149 854 hedera
3184 804 3410 869 poterit,
3440 819 3538 858 nec

1951 886 2156 943 interna
2214 890 2423 958 privare
2466 891 2775 960 voluptate:
2826 893 2981 947 home
3022 892 3166 947 enim
3221 894 3535 950 innutritum

1947 981 2060 1049 spei
2093 981 2224 1034 nihil
2267 982 2316 1034 in
2352 982 2619 1036 tristitiam
2662 982 2896 1051 dejicere
2943 985 3160 1052 poterit.
3208 985 3347 1051 Quid
3392 986 3534 1041 enim

1945 1073 2204 1141 quispiam
2224 1073 2397 1127 facere
2427 1074 2611 1142 possit,
2639 1089 2743 1143 quo
2773 1072 2966 1129 fortem
2984 1075 3154 1129 virum
3181 1076 3234 1129 itt
3267 1077 3534 1133 tristitiam

1946 1163 2234 1231 conjiciat?
2265 1162 2486 1218 Auferet
2514 1165 2800 1233 pecunias?
2824 1165 2918 1220 sed
2957 1165 3115 1221 habet
3158 1167 3209 1221 in
3238 1168 3385 1222 caelis
3409 1167 3536 1222 divi-

1946 1252 2068 1306 tias.
2100 1253 2272 1307 Patria
2290 1253 2504 1321 ejiciet?
2532 1254 2625 1309 sed
2649 1254 2699 1308 in
2731 1270 3018 1324 supernam
3042 1256 3310 1313 civitatem
3338 1258 3513 1313 mittet

1946 1342 2168 1396 Vincula
2195 1342 2440 1413 injiciet?
2470 1344 2562 1399 sed
2591 1343 2750 1400 habet
2779 1347 3161 1400 conscientiam
3188 1347 3414 1401 solutam
3433 1389 3450 1413 ,
3479 1360 3534 1404 et

1944 1434 2271 1487 exteriorem
2300 1449 2404 1488 non
2423 1435 2589 1489 sentit
2607 1444 2870 1490 catenam.
2900 1438 2967 1489 At
2988 1436 3272 1491 interlicict
3291 1452 3489 1507 corpus
3508 1442 3531 1491 't

1944 1524 2037 1577 sed
2084 1524 2274 1578 iterum
2316 1534 2601 1594 resurget:
2636 1534 2690 1579 et
2723 1526 2862 1579 sicut
2902 1527 2993 1595 qui
3040 1542 3161 1580 cum
3203 1528 3389 1582 umbra
3429 1544 3529 1600 pu-

1946 1626 2094 1684 gnat,
2128 1623 2183 1669 et
2220 1630 2398 1669 aerem
2424 1615 2694 1681 verberat,
2716 1624 2996 1685 percutere
3018 1619 3213 1686 poterit
3240 1620 3533 1676 neminem:

1944 1706 2020 1759 sic
2051 1715 2103 1758 et
2129 1704 2363 1775 quicum
2388 1705 2535 1774 justo
2565 1717 2785 1776 pugnat,
2812 1724 2933 1761 cum
2968 1710 3150 1764 umbra
3184 1720 3387 1764 tantum
3434 1728 3531 1782 pu-

1942 1803 2087 1864 gnat,
2117 1805 2171 1851 et
2197 1797 2337 1850 vires
2360 1811 2484 1851 suas
2511 1797 2772 1865 dissolvit,
2794 1800 2992 1853 nullam
3016 1800 3088 1854 illi
3121 1801 3324 1872 plagam
3352 1803 3533 1860 valens

1943 1887 2201 1959 inﬂigere.
2225 1888 2407 1959 Itaque
2432 1890 2498 1945 da
2523 1891 2649 1945 mihi
2678 1891 2745 1945 de
2772 1893 3022 1947 cmlorum
3048 1909 3212 1964 regno
3239 1896 3531 1964 conlidere,

1941 1989 1995 2035 et
2019 1983 2064 2035 si
2094 1982 2178 2037 vis
2201 1981 2361 2037 hodie
2385 1998 2470 2038 mc
2487 1984 2668 2053 jugula
2693 2001 2706 2036 :
2739 1984 2902 2039 caedis
2927 1986 3148 2055 gratiam
3174 1987 3265 2041 tibi
3299 1987 3529 2053 habebo,

1941 2074 2082 2144 quod
2112 2090 2196 2129 me
2218 2075 2465 2130 celeriter
2501 2076 2567 2129 ad
2598 2077 2683 2131 illa
2722 2078 2857 2131 bona
2897 2079 3245 2134 transmittas.
3292 2080 3406 2135 Ilnc
3450 2094 3533 2136 est

1942 2167 2174 2221 maxime
2202 2167 2342 2236 quod
2385 2177 2437 2222 et
2481 2183 2580 2222 nos
2609 2169 2852 2238 lugemus
2882 2171 2924 2236 ί,
2955 2170 3142 2239 inquit,
3167 2172 3307 2241 quod
3340 2187 3498 2241 peeea
3526 2210 3529 2214 -

1944 2268 2118 2314 torttm
2149 2262 2486 2315 multitudine
2516 2261 2764 2331 prohibiti
2788 2304 2802 2323 .
2833 2279 3052 2333 regnum
3094 2263 3221 2317 illud
3247 2280 3352 2317 non
3383 2279 3529 2319 assc-

1943 2366 2188 2421 quemur.
2224 2353 2386 2421 Igitur
2435 2361 2660 2407 mortem
2708 2352 2890 2423 lugere
2927 2357 3208 2419 omittatis,
3240 2355 3362 2423 lnge
3405 2370 3531 2425 pec-

1943 2451 2084 2509 cata,
2118 2453 2177 2497 ut
2207 2444 2320 2513 ipsa
2347 2444 2550 2500 deleas.
2579 2445 2804 2516 Propter
2830 2445 2933 2501 hoc
2975 2449 3119 2501 enim
3155 2448 3365 2501 tristitia
3396 2451 3531 2502 facta

1942 2541 2047 2597 est,
2078 2549 2184 2588 non
2229 2545 2284 2588 ut
2321 2537 2391 2589 oh
2427 2536 2691 2605 jacturam
2751 2538 3120 2607 pecuniarum,
3150 2555 3257 2593 tton
3284 2539 3354 2595 ob
3389 2555 3533 2593 mor-

1944 2633 2048 2680 tem
2074 2667 2089 2692 ,
2117 2642 2216 2682 nec
2243 2627 2313 2681 ob
2333 2628 2492 2683 ullam
2521 2628 2681 2683 aliam
2703 2644 2815 2683 rem
2845 2628 3005 2684 talem
3028 2629 3324 2693 doleamus,
3353 2630 3449 2685 scd
3473 2641 3531 2686 ut

1944 2716 2058 2785 ipsa
2078 2717 2145 2771 ad
2172 2717 2398 2773 delenda
2429 2728 2645 2774 utamur
2674 2730 2931 2789 peccata;
2963 2728 3019 2775 et
3044 2720 3185 2791 quod
3224 2721 3325 2776 hoc
3348 2737 3530 2777 verum

1942 2807 2032 2871 sit,
2055 2810 2301 2877 exemplo
2329 2807 2468 2864 facio
2498 2812 2860 2866 manifestum.
2898 2812 3155 2868 Remedia
3198 2813 3533 2868 medieinalia

1947 2907 2164 2968 propter
2182 2899 2299 2953 illos
2324 2908 2529 2954 tantum
2553 2901 2769 2957 morbos
2803 2902 2939 2957 facta
2985 2911 3132 2969 sunt,
3160 2918 3297 2974 quos
3348 2904 3535 2959 tollere

1944 2999 2165 3060 queunt,
2196 3005 2302 3046 non
2350 3000 2572 3062 propter
2599 2991 2717 3047 illos
2737 3033 2751 3057 ,
2776 3008 2910 3064 quos
2954 2994 3083 3048 nihil
3124 2995 3377 3062 adjuvare
3406 3010 3535 3065 pos-

1947 3091 2092 3137 sunt.
2124 3084 2254 3162 Puta
2288 3102 2301 3136 :
2332 3084 2507 3140 adhuc
2527 3086 2669 3140 enim
2702 3087 3119 3143 manifestiorem
3157 3089 3282 3144 volo
3328 3104 3535 3143 sermo-

1946 3188 2067 3227 nem
2100 3173 2325 3230 reddere
2353 3192 2367 3229 :
2401 3176 2847 3233 medicamentum
2874 3180 3060 3234 oculos
3085 3180 3306 3236 allectos
3333 3190 3534 3236 tantum

1943 3264 2129 3334 juvare
2156 3267 2362 3330 valens,
2393 3268 2597 3321 nullunt
2638 3283 2766 3324 vero
2793 3269 2953 3323 alium
3001 3270 3248 3326 morbum
3273 3314 3287 3337 ,
3317 3281 3537 3343 propter

1946 3357 2226 3412 oculorum
2271 3360 2641 3429 :cgritudinem
2696 3370 2898 3417 tantum
2943 3361 3136 3418 factum
3181 3380 3303 3419 esse
3357 3365 3537 3421 dicere

1923 3450 2066 3520 _quis
2088 3460 2269 3520 posset
2298 3469 2312 3504 :
2343 3468 2449 3507 non
2478 3463 2698 3523 propter
2731 3455 3090 3520 stomachum,
3122 3472 3295 3526 neque
3322 3468 3538 3528 propter

1947 3558 2156 3606 mamts,
2189 3559 2362 3613 neque
2388 3554 2605 3615 propter
2622 3546 2786 3600 ullum
2817 3547 2960 3601 aliud
2990 3548 3311 3603 membrum.
3332 3549 3532 3603 Trans-

1950 3631 2182 3688 feramus
2223 3634 2385 3704 igitur
2422 3637 2720 3691 orationem
2769 3637 2834 3691 ad
2876 3637 3164 3703 tristitiam,
3195 3649 3251 3693 et
3294 3639 3534 3694 invenie-

1948 3741 2088 3792 mus,
2120 3726 2262 3797 quod
2296 3727 2346 3780 in
2378 3728 2523 3781 nullo
2550 3743 2761 3792 eorum,
2793 3744 2913 3799 qua:
2946 3730 3100 3783 nobis
3127 3730 3376 3785 accidunt
3397 3773 3409 3792 ,
3438 3748 3535 3787 nos

1949 3818 2185 3887 adjuvet,
2215 3828 2490 3887 peccatqu
2524 3835 2652 3874 vero
2686 3820 2860 3875 solum
2886 3823 3122 3893 corrigat
3148 3839 3163 3877 :
3194 3834 3399 3878 certum
3434 3824 3533 3894 igi-

1951 3920 2037 3964 tur
2060 3926 2176 3965 eatn
2201 3911 2265 3963 ad
2292 3911 2421 3966 illttd
2451 3921 2654 3966 tantum
2677 3912 3027 3969 auferendum
3058 3929 3368 3970 concessam
3395 3931 3534 3971 esse.

1949 4001 2330 4057 Percurramus
2359 4003 2717 4074 ingruentium
2742 4004 2896 4059 nobis
2921 4005 3186 4061 malorum
3216 4008 3532 4076 quodlibet,

1949 4100 2004 4145 et
2048 4093 2315 4148 tristitiam
2360 4093 2865 4163 superadducamus,
2899 4105 2953 4150 et
2988 4096 3264 4153 videamus
3296 4099 3423 4169 quid
3467 4114 3531 4151 ex

1952 4184 2051 4237 hac
2079 4185 2170 4239 flat
2213 4185 2474 4239 utilitatis.
2509 4186 2792 4242 Mulctatus
2821 4197 2903 4242 est
2945 4188 3205 4259 quiSpiam
3253 4193 3534 4260 pecuniis?

1952 4277 2188 4330 trisuitus
2207 4286 2309 4343 est,
2338 4277 2589 4331 muletam
2618 4294 2722 4333 non
2751 4280 3072 4335 emendavit.
3106 4281 3296 4337 Filium
3319 4285 3532 4339 amisit?

1950 4368 2159 4435 doluit,
2217 4381 2482 4425 mortuum
2533 4386 2638 4425 non
2720 4372 3077 4435 resuscitavit,
3129 4390 3227 4429 nec
3281 4374 3535 4431 defuncto

1950 4457 2168 4528 profuit.
2216 4459 2538 4530 Flagellatus
2584 4469 2669 4516 est
2719 4461 2874 4530 quis,
2916 4462 3082 4533 alapis
3124 4479 3317 4532 caesus,
3343 4478 3536 4523 contu-

1950 4551 2125 4604 meliis
2175 4549 2434 4606 allectus?
2458 4551 2649 4614 doluit,
2681 4567 2787 4606 nou
2817 4555 3093 4609 resarcivit
3135 4558 3532 4613 contumeliam.

1952 4646 2004 4697 In
2058 4645 2302 4699 morbum
2351 4646 2472 4716 quis
2515 4645 2721 4712 incidit,
2753 4659 2808 4702 et
2857 4650 3227 4717 aegritudinem
3286 4653 3534 4720 gravissi-

1951 4736 2134 4789 mam?
2158 4735 2345 4800 doluit,
2379 4737 2747 4805 agritudinem
2775 4755 2880 4793 non
2909 4740 3160 4808 sustulit,
3187 4743 3279 4797 sed
3310 4752 3364 4797 et
3398 4742 3535 4796 difli-

1948 4831 2190 4883 ciliorem
2219 4829 2474 4884 reddidit.
2503 4830 2664 4886 Vides
2693 4833 2882 4888 horum
2919 4833 3048 4888 nulli
3086 4836 3342 4904 prodesse
3371 4836 3537 4889 tristi—

1948 4923 2121 4976 tiam?
2145 4923 2395 4978 Peccavit
2418 4925 2557 4993 quis,
2590 4925 2829 4979 tristatus
2850 4927 2970 4981 est?
2996 4936 3269 4996 peccatum
3300 4926 3535 4993 delevit,

1946 5013 2190 5069 dissolvit
2217 5014 2474 5070 debitum.
2507 5014 2659 5071 Unde
2688 5017 2787 5071 hoc
2823 5016 3157 5071 manifestum
3176 5016 3200 5071 ?
3219 5016 3297 5071 Ex
3327 5016 3535 5073 Domini

1949 5106 2216 5161 Sententia
2252 5125 2264 5159 :
2295 5106 2362 5160 de
2403 5108 2629 5178 quodam
2679 5109 2821 5163 enim
2877 5107 3223 5177 pnevaricato
3270 5106 3533 5176 loquens.

1947 5200 2153 5254 dieehat
2188 5217 2202 5252 :
2231 5197 2448 5269 Propter
2472 5210 2731 5270 percolunt
2753 5200 3010 5270 paulisper
3032 5200 3197 5268 ipsum
3222 5201 3529 5263 contristari,

1949 5302 1994 5342 et
2019 5291 2122 5343 vidi
2161 5290 2299 5359 quod
2342 5294 2572 5344 tristatus
2600 5301 2691 5356 est,
2725 5301 2770 5344 et
2797 5292 2999 5344 incessit
3039 5303 3241 5345 moestus
3260 5335 3275 5359 ,
3302 5301 3347 5346 et
3376 5293 3539 5364 ipsius

1946 5381 2053 5434 vias
2106 5382 2302 5435 correxi
2327 5380 2487 5451 (Isai.
2532 5382 2621 5438 57.
2654 5384 2740 5435 Π.
2784 5384 2851 5437 18
2873 5384 2910 5452 ).
2944 5382 3228 5451 Propterea
3259 5394 3316 5440 et
3342 5385 3538 5441 Paulus-

1948 5473 2117 5528 dicit:
2153 5474 2280 5538 Qua:
2298 5475 2429 5529 enim
2476 5476 2751 5528 secundum
2798 5475 2961 5529 Deum
2999 5477 3202 5531 tristitia
3249 5488 3341 5539 est,
3378 5482 3528 5549 pomi-

1948 5567 2155 5621 tentiam
2204 5568 2256 5622 in
2298 5568 2512 5623 salutem
2552 5568 2781 5622 stabilem
2824 5578 3064 5640 operatur
3095 5571 3170 5642 (Ξ.
3194 5572 3385 5626 αυτ-,7.
3422 5572 3538 5643 10).

2011 5701 2027 5730 ¹
2063 5706 2167 5748 Sav.
2197 5712 2210 5747 :
2237 5706 2335 5748 Hoc
2350 5706 2421 5749 est
2437 5700 2564 5754 enim
2602 5700 2832 5762 maxime,
2858 5702 2945 5754 hoc
2984 5709 3054 5753 est
3075 5704 3202 5764 quod
3225 5711 3271 5754 et
3294 5716 3378 5752 nos
3400 5702 3526 5767 luge-

1944 5777 2065 5814 mus.
