4074 6218
561 272 620 326 75
1021 271 1024 274 ’
1279 267 1335 323 S.
1375 265 1655 323 JOANNIS
1683 267 2156 326 CHRYSOSTOMI
2197 268 2513 327 ARCillEP.
2554 274 3086 334 CONSTANTINOP.
3690 302 3744 358 τε

561 386 720 459 igitur
760 396 1038 455 postquam
1075 382 1358 439 manifeste
1385 384 1555 438 oratio
1596 381 2016 450 demonstravit,
2047 400 2146 441 που

559 494 664 548 que.
691 477 1033 548 pecuniarum
1056 475 1331 541 mulctam,
1351 489 1524 544 neque
1551 475 1948 540 contumeliam,
1977 490 2148 544 neque

556 569 914 634 calumniam,
947 582 1118 635 neque
1171 564 1397 635 ﬂagella,
1435 580 1606 634 neque
1655 565 1921 633 morbum,
1977 581 2148 631 neque

560 673 806 727 mortem,
845 677 1014 731 neque
1044 660 1184 714 aliud
1228 658 1528 728 huiusmodi
1576 659 1834 713 resarcire
1882 658 2147 712 tristitiam

560 770 742 826 posse,
771 753 864 809 sed
905 754 1075 808 solum
1114 751 1299 807 delere
1345 760 1643 820 peccatum,
1684 760 1734 804 et
1789 750 1853 804 ad
1909 747 2009 802 hoc
2056 749 2148 802 de-

555 828 871 901 struendum
912 844 1137 900 valere:
1172 850 1377 896 certum
1427 850 1510 896 est
1557 840 1698 910 quod
1744 849 1959 909 pr0pter
2007 838 2145 892 hanc

553 941 722 993 solam
755 953 971 993 causam
994 936 1130 992 facta
1153 935 1239 990 sit.
1265 935 1342 990 Ne
1370 934 1596 1003 amplius
1617 933 1778 1004 igitur
1799 932 2143 1002 pecuniarum

544 1030 813 1097 jacturam
843 1028 1138 1092 doleamus,
1168 1025 1263 1081 sed
1300 1040 1422 1080 cum
1470 1039 1754 1093 peccamus
1797 1035 1998 1079 tantum
2047 1022 2142 1075 do-

562 1122 802 1185 leamus;
834 1119 999 1174 multa
1024 1119 1166 1173 enim
1198 1117 1284 1173 hic
1310 1133 1375 1172 ex
1408 1117 1622 1171 tristitia
1656 1116 1872 1170 utilitas.
1923 1116 2146 1170 Mttlcln-

559 1224 644 1267 tus
669 1213 770 1268 es?
793 1226 864 1268 ne
889 1211 1106 1274 doleas;
1141 1224 1312 1278 neque
1353 1209 1493 1262 enim
1549 1207 1807 1278 proderit.
1857 1208 2144 1264 Peccasti?

557 1304 701 1370 dole,
735 1305 862 1358 utile
889 1317 1118 1373 namque
1140 1311 1254 1365 est;
1288 1311 1342 1356 et
1375 1302 1465 1355 Dei
1491 1300 1828 1372 prudentiam
1857 1309 1906 1354 et
1925 1302 2141 1370 sapien-

559 1397 685 1448 tiam
717 1394 1015 1449 considera.
1042 1393 1154 1447 Duo
1197 1393 1309 1446 haec
1353 1393 1509 1446 nobis
1565 1392 1771 1460 peperit
1821 1400 2096 1459 peccatum
2123 1435 2138 1458 ,

554 1487 828 1539 tristitiam
859 1494 913 1539 et
941 1495 1168 1538 mortem
1201 1502 1212 1536 :
1249 1481 1573 1551 Quacumque
1611 1482 1742 1536 enim
1769 1482 1851 1536 die
1892 1483 2140 1549 comedas,

553 1576 748 1643 inquit,
782 1585 943 1628 morte
985 1573 1214 1626 morieris
1233 1571 1456 1642 (Genﬁ.
1485 1573 1571 1638 17)
1598 1588 1611 1635 ;
1639 1580 1693 1625 ct
1720 1571 1787 1624 ad
1827 1571 2139 1638 mulierem,

554 1666 620 1720 In
649 1666 906 1720 doloribus
935 1664 1098 1732 paries
1121 1664 1253 1732 ﬁlios
1285 1663 1505 1734 (Gen.3.
1530 1662 1636 1732 16);
1665 1672 1719 1716 et
1747 1678 1841 1732 per
1865 1662 1976 1717 hmc
1999 1672 2144 1716 utra-

553 1774 658 1826 que
681 1768 955 1827 peccatum
988 1757 1224 1821 sustulit,
1259 1764 1313 1808 et
1345 1771 1373 1808 a
1419 1755 1541 1808 tiliis
1585 1762 1811 1809 matrem
1857 1754 2026 1810 deleri
2049 1771 2142 1809 cu.

555 1850 710 1904 ravit.
735 1849 888 1917 Quod
917 1849 1061 1903 enim
1109 1863 1230 1902 cum
1279 1847 1490 1901 tristitia
1545 1862 1688 1900 mors
1726 1857 1999 1916 peccatum
2047 1847 2142 1902 de-

555 1953 744 2006 struat,
775 1941 1111 1996 mauifestum
1134 1939 1348 2008 quidem
1378 1947 1432 1992 et.
1476 1954 1538 1990 ex
1587 1938 1942 2008 martyribus:
1969 1939 2139 1992 tnani«

557 2036 747 2089 festum
778 2035 905 2089 item
931 2049 997 2088 ex
1037 2033 1133 2097 iis,
1164 2047 1282 2101 qum
1308 2030 1438 2086 dixit
1463 2031 1656 2084 Paulus
1692 2030 1758 2084 ad
1791 2040 2098 2099 peccatores
2121 2075 2135 2096 ,

556 2126 634 2180 sic
662 2125 906 2196 inquiens
937 2141 952 2178 :
982 2121 1108 2177 Ideo
1138 2123 1281 2175 multi
1315 2123 1366 2173 in
1395 2121 1530 2174 rabie
1559 2122 1748 2189 inﬁrmi
1769 2132 1816 2174 et
1841 2122 2136 2188 imbecilles,

551 2229 598 2270 et
637 2215 892 2269 dormiunt
917 2214 1060 2267 multi
1087 2215 1166 2281 (1.
1197 2211 1314 2267 Cor.
1350 2213 1408 2266 11
1460 2210 1552 2282 50)
1575 2254 1588 2276 ,
1611 2213 1733 2280 quia
1767 2227 1858 2266 vos
1889 2214 2138 2282 peccatis,

548 2309 743 2377 inquit,
763 2305 1054 2365 morimini,
1087 2314 1143 2359 ut
1171 2315 1344 2358 morte
1376 2315 1587 2372 peccata
1618 2304 1914 2360 solvantur.
1962 2303 2141 2359 Intulit

557 2400 717 2468 igitur
770 2397 992 2463 dicens,
1026 2396 1088 2452 Si
1140 2396 1272 2448 enim
1323 2412 1414 2448 nos
1463 2395 1600 2462 ipsos
1636 2396 2006 2465 judicaremus,
2038 2413 2139 2450 non

551 2493 717 2557 utique
729 2489 1086 2560 judicaremur
1113 2504 1130 2542 :
1155 2487 1276 2540 dum
1305 2488 1604 2557 judicmnur
1629 2498 1794 2540 autem
1821 2505 1852 2540 a
1881 2488 2103 2542 Domino
2120 2530 2135 2556 ,

551 2581 874 2646 corripimur,
906 2588 961 2632 ut
999 2595 1099 2632 non
1124 2594 1242 2631 cum
1289 2577 1477 2630 mundo
1522 2577 1944 2648 danmemur(lb.
1969 2596 2015 2632 ν.
2045 2580 2134 2633 51.

551 2674 666 2742 3'2).
701 2672 770 2726 Et
799 2674 935 2726 sicut
961 2670 1156 2725 vermis
1183 2685 1246 2723 ex
1280 2669 1420 2739 ligno
1453 2670 1708 2732 nascitur,
1729 2680 1782 2722 et
1811 2669 1934 2722 illud
1967 2671 2134 2738 rodit,

549 2772 607 2818 et
637 2764 774 2816 tinea
808 2762 980 2816 lanam
1008 2761 1260 2827 comedit,
1283 2774 1431 2813 suam
1479 2760 1545 2812 ah
1595 2760 1704 2829 ipsa
1741 2759 2002 2829 originem
2047 2759 2139 2813 ha-

553 2855 685 2909 bens
715 2870 727 2905 :
756 2853 832 2907 sic
860 2860 914 2906 et
955 2851 1164 2906 tristitia
1194 2860 1246 2904 et
1270 2865 1413 2905 mors
1434 2851 1500 2904 de
1526 2859 1740 2917 peccato
1770 2861 1906 2905 naue
1923 2861 2065 2916 sunt,
2087 2863 2138 2906 et

553 2955 828 3014 peccatum
855 2945 1162 3000 absumunt.
1191 2942 1354 3013 Igitur
1375 2959 1441 2998 ne
1468 2944 1747 2998 timeamus
1777 2954 2022 3010 mortem,
2043 2946 2137 2998 sed

553 3047 824 3108 peccatum
856 3038 1137 3092 timeamus
1161 3036 1457 3102 dumtaxat,
1487 3045 1541 3091 et
1565 3046 1783 3105 prepter
1815 3037 1940 3091 illud
1957 3037 2140 3092 dolea-

553 3147 690 3186 nius.
721 3131 790 3186 Et
821 3131 933 3185 hac
959 3129 1079 3184 dico
1115 3145 1218 3183 non
1264 3143 1425 3199 grave
1453 3128 1738 3198 quidquam
1784 3139 2100 3199 exspectans
2119 3171 2134 3195 ,

554 3226 712 3291 absit,
741 3223 835 3278 sed
874 3225 1120 3279 timentes
1151 3238 1247 3278 vos
1290 3223 1367 3276 sic
1409 3237 1621 3291 semper
1647 3220 1785 3276 atlici
1817 3222 2038 3287 volens,
2085 3233 2138 3278 et

551 3313 748 3372 tlhristi
780 3314 950 3383 legem
981 3328 1076 3383 per
1111 3327 1274 3382 Opera
1307 3311 1530 3381 implere
1561 3330 1574 3366 :
1608 3310 1669 3366 Si
1712 3312 1823 3380 quis
1859 3313 1992 3366 enim
2036 3329 2136 3367 non

561 3409 691 3464 tollit
719 3425 917 3463 crucem
947 3425 1113 3476 etiam,
1143 3416 1188 3461 et
1211 3408 1432 3476 sequitur
1460 3423 1558 3470 me,
1588 3423 1686 3460 non
1714 3417 1785 3461 est
1812 3425 1889 3461 me
1912 3408 2094 3478 dignus
2117 3448 2132 3472 ,

551 3501 725 3570 inquit
765 3500 975 3571 (Matth.
1003 3500 1088 3555 10.
1134 3499 1250 3566 58).
1279 3497 1391 3553 Hoc
1438 3508 1612 3551 autem
1654 3498 1894 3561 dicebat,
1925 3515 2027 3552 non
2079 3510 2138 3555 ut

555 3595 755 3664 lignum
803 3595 1041 3648 humeris
1089 3593 1357 3655 feramus,
1403 3591 1497 3646 sed
1548 3603 1606 3646 ut
1653 3603 1875 3645 mortem
1925 3607 2138 3662 semper

548 3695 671 3742 ante
692 3685 876 3742 oculos
905 3684 1214 3748 habeamus,
1235 3685 1368 3738 sicut
1396 3693 1450 3738 et
1470 3683 1665 3738 Paulus
1684 3685 1922 3754 quotidie
1944 3687 2138 3739 morie-

551 3782 702 3833 lmlttt‘
733 3777 808 3851 (1.
833 3777 950 3832 Cor.
985 3778 1070 3832 13.
1104 3777 1220 3849 51),
1269 3785 1323 3831 et
1370 3787 1594 3832 mortem
1640 3777 1946 3845 deridebat,
1989 3793 2128 3847 pra:-

550 3878 866 3936 sentemque
893 3869 1053 3920 vitam
1082 3867 1485 3921 contenmebat.
1519 3866 1591 3920 Es
1622 3868 1765 3921 enim
1791 3867 1964 3933 miles,
1996 3883 2136 3922 sem-

553 3973 650 4027 per
679 3959 735 4011 in
764 3957 879 4011 acie
898 3957 1256 4019 constitutus;
1289 3956 1444 4010 miles
1477 3971 1606 4010 vero
1644 3968 1872 4011 mortem
1903 3959 2097 4013 timens
2116 4000 2132 4023 ,

553 4064 840 4117 numquam
863 4057 1078 4103 strenue
1107 4063 1166 4102 se
1185 4055 1336 4117 geret
1365 4065 1378 4100 :
1401 4047 1485 4102 sic
1507 4046 1667 4116 igitur
1691 4062 1865 4117 neque
1883 4048 2137 4103 Christia-

552 4157 653 4197 nus
685 4141 842 4195 homo
872 4139 1105 4210 pericula
1134 4140 1350 4202 timens,
1386 4152 1634 4208 magnum
1674 4138 1798 4206 quid
1821 4147 1875 4192 et
1903 4139 2132 4194 admira-

553 4233 659 4289 bile
687 4231 977 4298 exhibebit,
1009 4230 1118 4285 imo
1151 4229 1306 4285 facile
1337 4229 1705 4298 expugnabilis
1741 4231 1882 4293 erit;
1917 4230 2133 4300 intrepi-

551 4325 652 4378 dus
679 4333 861 4378 contra
905 4333 959 4380 et
1002 4322 1390 4392 magnanimus,
1422 4321 1810 4391 inexpugnatus
1855 4327 2034 4376 manet
2083 4333 2135 4376 et

550 4415 797 4471 invictus.
821 4413 964 4469 Sient
995 4413 1154 4483 igitur
1179 4413 1322 4482 pueri
1354 4421 1478 4478 tres,
1512 4413 1684 4483 ignem
1712 4429 1816 4467 non
1849 4413 2094 4468 timentes
2114 4455 2128 4479 ,

555 4508 728 4577 ignem
751 4504 1048 4576 eﬂ‘ugerunt
1080 4523 1094 4559 :
1128 4505 1206 4560 sic
1243 4515 1296 4560 et
1321 4520 1439 4570 nos,
1471 4505 1512 4557 si
1544 4515 1769 4559 mortem
1800 4519 1904 4559 non
1949 4506 2134 4560 timea-

553 4615 693 4664 mus,
718 4609 944 4654 mortem
973 4596 1304 4668 ell'ugiemus.
1337 4597 1510 4667 Ignem
1542 4611 1669 4651 vero
1695 4596 1912 4651 minime
1937 4596 2132 4651 timue-

554 4701 713 4757 runt;
745 4707 848 4744 non
888 4691 1030 4745 enim
1079 4699 1162 4744 est
1210 4689 1413 4744 crimen
1451 4688 1696 4753 incendi;
1733 4689 1826 4743 sed
1861 4699 2131 4757 peccatum

555 4788 847 4840 timuerunt
879 4801 892 4835 :
924 4782 1125 4838 crimen
1155 4781 1296 4836 enim
1337 4789 1419 4835 est
1458 4780 1784 4849 impietatem
1824 4780 1994 4849 sequi.
2026 4780 2133 4834 llos

553 4885 608 4932 et
631 4890 730 4931 nos
761 4874 1048 4938 imitemur,
1077 4881 1133 4927 et
1157 4885 1343 4926 omnes
1383 4870 1488 4926 illis
1527 4870 1773 4925 similes:
1803 4881 1856 4925 et
1895 4888 1961 4926 ne
1996 4873 2132 4942 peri-

550 4969 668 5022 cula
695 4968 995 5030 timeamus,
1021 4973 1076 5020 et
1101 4963 1411 5032 effugiemus
1434 4963 1685 5032 pericula.

625 5060 678 5114 5.
721 5057 844 5112 Non
892 5073 1004 5110 sum
1048 5054 1279 5124 equidem
1323 5054 1604 5124 prapheta,
1631 5069 1788 5122 neque
1830 5054 1969 5120 ﬁlius
2013 5071 2132 5122 pro-

555 5150 714 5218 pheta:
738 5149 911 5221 (Amos
963 5148 1014 5200 7.
1050 5147 1172 5216 14);
1203 5145 1434 5200 futurum
1475 5156 1648 5199 tamen
1675 5143 1954 5200 manifeste
1981 5146 2126 5210 scio,

552 5248 606 5292 et
636 5253 824 5308 magna
852 5249 906 5294 et
938 5239 1078 5294 clara
1112 5252 1240 5293 voce
1276 5237 1566 5306 proclamo,
1597 5235 1736 5305 quod
1766 5237 1808 5290 si
1841 5247 2124 5301 mutemnr,

552 5337 606 5382 et
655 5329 882 5398 aliquam
931 5330 1120 5385 animi!)
1179 5337 1376 5384 nostra:
1428 5343 1610 5382 curam
1666 5339 2003 5398 agamus,et
2063 5329 2132 5383 ab

558 5421 895 5493 improbitate
938 5423 1255 5479 absistamus
1279 5465 1294 5490 ,
1327 5422 1459 5478 nihil
1511 5421 1789 5478 molestum
1835 5422 2040 5492 ingruet
2079 5431 2134 5476 et

557 5514 714 5570 triste
744 5531 758 5568 :
785 5521 942 5582 atque
961 5512 1062 5568 hoc
1089 5513 1370 5570 manifeste
1396 5513 1515 5570 novi
1543 5529 1610 5568 ex
1640 5513 1729 5568 Dei
1758 5513 2060 5577 clementia,
2083 5522 2138 5569 et

560 5620 624 5659 ex
653 5603 736 5660 his
763 5618 883 5675 qum
911 5603 963 5657 in
994 5603 1154 5667 viros,
1187 5614 1237 5657 et
1259 5603 1521 5670 civitates,
1553 5612 1607 5659 et
1638 5611 1824 5674 gentes
1845 5645 1858 5666 ,
1887 5613 1940 5658 et
1965 5618 2133 5674 popu-

559 5696 640 5751 los
661 5697 890 5761 integros
909 5693 1057 5752 fecit.
1075 5693 1287 5750 Etenim
1307 5692 1656 5751 Ninivitarum
1682 5696 1884 5751 civitati
1905 5695 2133 5755 minatus

2255 397 2336 442 est
2362 388 2380 419 ¹
2405 430 2421 453 ,
2449 399 2503 443 et
2526 389 2658 446 dixit
2690 411 2704 446 :
2735 393 2912 447 Adhuc
2941 407 3039 449 tres
3063 397 3190 463 dies,
3229 409 3276 452 et
3310 400 3475 458 Ninive
3501 409 3754 466 subvertetnr

2253 478 2398 544 (Ion.
2429 481 2482 535 5.
2506 481 2589 552 4).
2617 484 2753 549 Quid
2799 487 2982 554 igitur,
3011 488 3099 541 dic
3143 490 3306 544 mihi?
3333 492 3498 550 Ninive
3545 500 3756 561 subversa

2251 580 2360 636 est,
2389 580 2443 626 et
2469 575 2596 628 urbs
2622 575 2891 631 destructa
2931 579 3067 632 fuit?
3093 581 3286 636 Contra
3343 600 3538 654 prorsus
3573 593 3757 650 accidit.

2251 672 2305 716 et
2345 666 2596 732 surrexit,
2628 678 2681 720 et
2728 669 2923 722 clarior
2960 670 3094 724 facza
3149 683 3248 735 est,
3277 685 3330 728 et
3377 688 3556 733 tantum
3593 693 3760 753 tempus

2251 754 2576 821 praeteritum
2624 757 2786 826 ipsius
2813 761 3034 829 gloriam
3059 780 3161 816 non
3189 765 3473 834 destruxit,
3502 771 3581 826 sed
3611 789 3763 830 omnes

2253 858 2370 898 eam
2397 846 2727 903 celebramus
2754 851 2927 906 adhuc
2956 869 3187 923 quoque,
3219 867 3274 910 et
3300 875 3429 911 mmc
3454 861 3761 920 admiramur:

2252 939 2500 1006 quoniam
2559 951 2740 1008 portus
2788 945 3000 1012 quidam
3049 948 3284 1016 Optimus
3329 966 3391 1004 ex
3438 952 3521 1006 illo
3570 965 3768 1026 tempore

2252 1030 2592 1096 peccantibus
2621 1033 2878 1092 omnibns’
2907 1040 3130 1105 exstitit,
3161 1041 3211 1094 in
3257 1043 3644 1112 desperationem
3691 1065 3764 1104 ca-

2252 1119 2378 1175 dere
2427 1138 2532 1176 non
2583 1127 2926 1194 permittens,
2976 1133 3070 1184 sed
3115 1148 3302 1187 ormnes
3349 1137 3411 1190 ad
3457 1141 3770 1207 paenitentiam

2251 1228 2481 1281 vocans,
2537 1228 2590 1272 ct
2626 1234 2720 1286 per
2763 1236 2824 1274 ea
2865 1238 2982 1290 quae
3014 1225 3157 1290 fecit,
3187 1237 3240 1280 et
3285 1243 3375 1295 per
3411 1246 3521 1298 quae
3551 1232 3630 1286 Dei
3674 1251 3773 1303 pro-

2250 1306 2534 1362 videntiam
2589 1324 2670 1364 est
2705 1325 3016 1381 assequnta,
3065 1321 3386 1384 persuadens
3427 1339 3682 1391 ntnnquam
3720 1327 3776 1381 de

2251 1402 2460 1468 prepria
2483 1403 2653 1458 salute
2677 1404 2982 1474 desperare,
3010 1411 3103 1463 sed
3131 1415 3290 1464 vitam
3327 1425 3558 1482 gerentes
3584 1419 3742 1472 bonam
3759 1459 3774 1482 ,

2249 1500 2306 1544 et
2329 1493 2584 1560 Optimam
2627 1509 2776 1564 Spem
2808 1511 3187 1568 proponentes,
3211 1504 3278 1558 de
3309 1505 3410 1560 ﬁne
3436 1516 3679 1578 tamquam
3703 1527 3780 1580 pe-

2249 1584 2391 1636 nitus
2416 1584 2554 1639 bono
2582 1585 2760 1641 futuro
2787 1590 3078 1647 conlidere.
3106 1593 3234 1660 Quis
3271 1597 3411 1650 enim
3435 1613 3533 1652 non
3557 1602 3782 1656 excitetur

2251 1674 2460 1730 illorum
2486 1679 2789 1748 exemplum
2813 1683 3055 1748 audiens,
3089 1687 3210 1739 licet
3234 1690 3468 1742 oumimn
3501 1693 3566 1744 sit
3584 1692 3782 1762 ignavis-

2247 1767 2457 1820 simus?
2486 1768 2659 1838 Elegit
2689 1772 2864 1841 itaque
2908 1774 3051 1830 Deus
3091 1779 3421 1846 prephetiam
3461 1785 3626 1852 potius
3659 1800 3784 1838 suam

2251 1856 2452 1911 irritam
2489 1860 2701 1928 cadere,
2723 1879 2884 1932 quam
2934 1867 3199 1923 civitatem
3245 1886 3494 1928 corruere
3524 1892 3537 1930 :
3563 1875 3658 1928 imo
3677 1891 3788 1930 vero

2248 1962 2420 2017 neque
2445 1951 2716 2020 prophetia
2744 1957 2952 2011 cecidit.
2981 1958 3036 2012 Si
3059 1961 3202 2014 enim
3233 1963 3532 2019 hominibus
3557 1966 3603 2018 in
3630 1970 3787 2021 eadem

2249 2039 2447 2093 malitia
2479 2047 2914 2111 permanentibus
2937 2064 3042 2103 non
3073 2052 3123 2104 in
3155 2067 3291 2122 opus
3333 2057 3584 2110 sententia
3607 2073 3790 2126 proces-

2249 2131 2427 2197 sisset,
2463 2149 2644 2206 posset
2687 2141 2808 2210 quis
2845 2143 2977 2197 torte
3013 2143 3155 2199 dicta
3192 2148 3466 2203 criminari
3495 2167 3508 2204 :
3538 2152 3665 2220 quod
3689 2165 3795 2205 vero

2246 2232 2462 2286 mutatis
2489 2233 2636 2301 ipsis,
2670 2244 2724 2288 et
2762 2252 2789 2288 a
2833 2238 3030 2292 malitia
3077 2239 3490 2310 desistentihus,
3513 2246 3658 2298 etiam
3682 2246 3795 2298 Deus

2245 2323 2312 2376 ab
2351 2324 2426 2377 ira
2469 2324 2750 2391 destiterit,
2785 2329 2905 2397 quis
2948 2331 3178 2399 amplius
3223 2334 3559 2402 prephetiam
3604 2351 3798 2404 carpere

2245 2415 2458 2481 poterit,
2484 2423 2537 2468 et
2557 2415 2692 2469 dicta
2719 2419 2978 2472 mendacii
2997 2412 3397 2479 cendemnare?
3416 2426 3616 2479 Etenim
3631 2428 3795 2496 legem,

2243 2520 2400 2573 quam
2419 2508 2485 2558 ab
2504 2507 2654 2562 initio
2685 2508 2823 2563 Deus
2851 2513 3058 2566 cunctis
3079 2512 3393 2571 hominibus
3413 2518 3582 2586 posuit
3603 2533 3687 2586 per
3703 2533 3803 2586 pro-

2249 2596 2458 2663 phetam
2485 2599 2727 2667 loquens,
2762 2601 2898 2657 hanc
2918 2613 2971 2657 et
2999 2613 3123 2660 tunc
3148 2609 3510 2662 conservarit.
3539 2609 3692 2677 Quam
3717 2625 3798 2662 au-

2246 2694 2348 2737 tem
2375 2687 2583 2755 legem?
2610 2689 2690 2741 Ad
2708 2708 2957 2746 summum
2997 2695 3204 2763 loquar,
3239 2696 3437 2767 inquit,
3463 2700 3530 2752 ad
3565 2709 3744 2770 gentem
3769 2711 3805 2751 et

2243 2793 2474 2848 regnum,
2504 2791 2557 2833 ut
2585 2783 2856 2849 eradicent,
2889 2796 2934 2838 et
2973 2785 3270 2852 sit/fodiam,
3293 2800 3343 2844 et
3371 2792 3578 2860 perdam
3601 2807 3620 2845 :
3642 2802 3686 2845 et
3707 2791 3802 2854 erit,

2242 2871 2287 2923 si
2326 2874 2668 2939 paenitentiam
2717 2861 2907 2946 egerint
2954 2880 3299 2944 malitiw,me
3341 2900 3542 2954 quoque
3583 2882 3809 2952 paenitebit

2242 2963 2351 3024 iraa,
2387 2980 2538 3032 quam
2580 2967 2813 3036 loquutus
2853 2972 3049 3040 fueram
3077 2973 3248 3042 facere
3281 2973 3390 3028 iiiis
3416 2974 3626 3045 (Jerem.
3660 2975 3736 3028 i8.
3764 2975 3806 3027 7.

2243 3058 2318 3124 8).
2345 3057 2493 3112 lianc
2521 3059 2679 3128 igitur
2710 3062 2877 3130 legem
2907 3064 3213 3118 custodiens
3238 3069 3568 3134 pmnitentes
3594 3067 3814 3130 salvavit,

2242 3161 2296 3201 et
2319 3165 2348 3202 a
2379 3150 2504 3203 vitio
2535 3151 2875 3208 discedentes
2900 3155 2969 3207 ab
2996 3157 3068 3209 ira
3099 3157 3375 3214 liberavit.
3395 3160 3626 3216 Noverat
3651 3161 3816 3215 barba-

2244 3257 2422 3294 rormn
2457 3243 2704 3297 virtutem
2726 3285 2740 3309 ,
2773 3254 2828 3298 ct
2855 3245 2974 3299 ideo
3005 3249 3329 3318 prophetam
3381 3252 3608 3322 urgebat
3637 3269 3650 3305 :
3679 3254 3750 3306 sic
3772 3261 3821 3306 et

2244 3340 2369 3388 tunc
2395 3334 2692 3402 agitabatur
2713 3338 2896 3393 civitas
2925 3340 3103 3394 audita
3130 3357 3268 3398 voce
3299 3345 3636 3414 prophetica,
3663 3343 3747 3399 sed
3776 3344 3818 3395 in

2244 3425 2392 3479 nullo
2422 3427 2544 3481 laesa
2574 3437 2676 3492 est,
2705 3430 2832 3499 quin
2859 3445 2888 3484 a
2919 3433 3108 3488 timore
3129 3435 3339 3503 adjnta.
3376 3439 3564 3492 Timor
3591 3440 3722 3492 enim
3747 3436 3824 3491 illo

2243 3516 2465 3571 salutem
2490 3520 2716 3588 peperit,
2747 3523 3091 3577 comminatio
3129 3527 3379 3594 periculo
3428 3531 3698 3595 liberavit,
3723 3529 3824 3581 sub

2243 3611 2501 3664 versionis
2544 3613 2804 3668 sententia
2843 3615 3244 3673 subversionem
3287 3620 3560 3675 cohibuit.
3583 3620 3628 3676 Ο
3655 3633 3825 3675 novatn

2245 3717 2356 3755 rem
2402 3713 2455 3756 et
2485 3704 2890 3761 admirabilem!
2929 3707 3268 3768 denuntiatio
3315 3725 3556 3770 mortem
3635 3711 3828 3765 minans

2245 3793 2402 3844 vitam
2454 3796 2676 3863 peperit.
2739 3796 3014 3853 Sententia
3061 3812 3355 3873 postquam
3406 3808 3518 3862 lata
3567 3808 3831 3874 fttit,tunc

2243 3881 2470 3936 invalida
2503 3881 2642 3939 facta
2671 3897 2774 3952 est,
2806 3898 2989 3943 contra
3019 3905 3177 3960 quam
3209 3895 3363 3963 apud
3397 3898 3689 3952 saeculares
3705 3896 3833 3966 judi-

2241 3991 2331 4030 ces
2362 3995 2376 4031 :
2403 3979 2541 4048 apud
2571 3979 2667 4034 hos
2691 3983 2833 4037 enim
2860 3983 2913 4038 in
2936 3986 3169 4040 medium
3200 3993 3421 4058 prolata
3443 4033 3458 4058 ,
3499 4002 3614 4046 rata
3651 3992 3706 4045 lit
3727 4005 3832 4044 sen-

2244 4070 2442 4133 tentia;
2471 4073 2610 4142 apud
2653 4075 2818 4130 Deum
2842 4088 3046 4144 contra,
3079 4081 3311 4149 proferri
3361 4087 3694 4141 sententiam
3733 4097 3835 4138 eam

2244 4160 2526 4217 invalidam
2565 4166 2727 4221 facit:
2756 4169 2856 4222 nisi
2885 4171 3024 4224 enim
3072 4173 3282 4241 prolata
3337 4176 3575 4238 fuisset,
3607 4191 3710 4231 non
3747 4173 3838 4228 uti-

2241 4268 2344 4320 (μω
2397 4263 2705 4322 peccatores
2757 4258 3059 4328 audissent;
3091 4263 3137 4317 si
3192 4280 3333 4320 vero
3384 4283 3501 4322 non
3546 4269 3839 4329 audissi-nt.

2243 4361 2414 4416 neque
2460 4350 2690 4418 egissent
2738 4353 3124 4420 paenitentiam,
3173 4372 3364 4428 neque
3408 4375 3634 4430 pmnam
3700 4374 3842 4428 repu-

2242 4441 2446 4506 lissent,
2479 4459 2576 4498 nec
2627 4443 2844 4500 fuissent
2897 4447 2982 4501 illa
3017 4450 3244 4505 mirabili
3276 4455 3473 4512 salute
3515 4461 3692 4528 potiti.
3723 4458 3848 4521 Quo-

2243 4541 2402 4594 modo
2450 4542 2593 4596 enim
2645 4559 2750 4596 non
2807 4545 3102 4610 mirabilis,
3134 4563 3256 4602 cum
3302 4551 3490 4620 judex
3539 4551 3845 4607 sententiam

2243 4633 2453 4696 tulerit,
2492 4634 2573 4711 rei
2607 4649 2733 4687 vero
2765 4651 2859 4704 per
2903 4639 3270 4706 ptenitentiam
3318 4646 3668 4700 sententiam
3694 4645 3854 4700 solve.

2243 4724 2523 4778 rint?non
2577 4725 2718 4779 enim
2775 4728 2961 4781 urbem
3019 4729 3296 4800 fugerunt,
3337 4741 3498 4791 sicut
3558 4753 3659 4790 nos
3705 4748 3852 4795 nunc,

2241 4816 2334 4870 sed
2385 4825 2694 4884 manentes,
2726 4819 2891 4886 ipsnm
2936 4832 3210 4877 nutantem
3239 4824 3581 4884 ﬁrmarunt.
3622 4829 3859 4896 Laqueus

2239 4920 2387 4978 erat,
2451 4922 2505 4967 et
2571 4915 2841 4970 munimen
2927 4915 3096 4986 ipsam
3169 4920 3552 4979 reddiderunt
3614 4937 3858 4989 :voragu

2240 5015 2354 5057 erat
2382 5013 2436 5059 et
2465 5007 2840 5075 praecipitium,
2871 5016 2926 5063 et
2970 5012 3146 5066 tutela:
3196 5017 3410 5070 turrim
3465 5018 3740 5074 fecerunt.
3766 5018 3865 5070 Au-

2241 5101 2455 5155 dierunt
2483 5104 2623 5172 quod
2647 5103 2866 5158 anliiicia
2896 5117 3147 5161 corrttent
3167 5151 3179 5169 .
3214 5125 3412 5180 neque
3443 5114 3708 5184 fugerunt
3743 5109 3862 5164 aedi-

2242 5191 2381 5256 ﬁcia,
2405 5193 2498 5249 sed
2529 5205 2742 5264 peccata
2764 5196 3013 5266 fugerunt
3037 5215 3050 5253 :
3083 5215 3186 5254 non
3211 5200 3624 5260 discesserunt
3652 5203 3868 5274 quisque

2241 5287 2307 5345 de
2327 5289 2486 5344 domo
2511 5307 2630 5352 sua,
2662 5293 2798 5347 sicut
2821 5309 2962 5348 nunc
2999 5309 3118 5361 nos,
3150 5294 3242 5349 sed
3277 5296 3561 5353 discessit
3591 5302 3816 5371 quisque
3838 5309 3863 5344 ει

2245 5382 2329 5439 via
2357 5397 2451 5437 sua
2479 5383 2637 5437 mala.
2681 5381 2818 5438 Num
2853 5385 3017 5453 enim,
3055 5386 3259 5456 inquit,
3302 5391 3463 5444 muri
3515 5391 3657 5446 iram
3715 5405 3871 5460 pepe-

2304 5525 2322 5552 ι
2358 5526 2464 5570 Sav.
2483 5525 2538 5570 et
2556 5525 2750 5583 quidam
2772 5527 2881 5571 mss.
2907 5534 2921 5570 :
2955 5525 3126 5570 urbem
3147 5525 3377 5575 minatus
3410 5531 3493 5575 est
3523 5525 3805 5580 subrertere
3829 5527 3867 5574 et

2240 5579 2369 5632 dixit
2398 5595 2416 5631 :
2439 5581 2608 5632 Adhuc
2646 5589 2744 5632 tres
2783 5583 2904 5633 dies.
2951 5585 3022 5631 sic
3056 5595 3254 5645 semper
3304 5584 3512 5636 lectum
3558 5599 3639 5640 est
3677 5591 3726 5637 iu
3771 5588 3867 5634 ι.κὶ

2240 5645 2594 5723 Interpretibus
2618 5645 2742 5696 vela
2763 5647 2930 5708 primis
2953 5645 3174 5694 Ecclesiae
3197 5648 3435 5704 saxulis,
3457 5651 3610 5712 τρεῖς,
3635 5661 3743 5712 pro,
3763 5662 3867 5696 τισι

2239 5723 2506 5772 σαρωιοντα

2556 5519 2750 5583 quidam
2772 5527 2881 5571 uss.
2907 5534 2921 5570 :
2955 5523 3126 5570 urbem
3147 5519 3377 5575 minatus
3410 5531 3493 5575 est
3523 5525 3805 5580 subrertere
3829 5527 3869 5574 et
