4074 6218
301 264 379 322 75
1331 268 1422 324 AD
1458 268 1791 327 POPULUM
1829 267 2331 330 ANTIOCHENUM
2371 271 2609 331 IIOMIL.
2654 271 2719 329 ν.
3700 276 3768 331 70

307 380 487 447 ὀδοὺς
513 380 723 435 αὐτοῦ.
758 382 857 437 Διὰ
887 383 1046 438 τοῦτο
1072 383 1167 438 καὶ
1193 384 1224 437 6
1246 383 1455 447 Παῦλος
1473 384 1576 455 εφη
1597 399 1613 414 ⁸
1658 384 1720 439 Ἠ
1746 382 1815 437 δὲ
1842 386 1994 437 κατὰ

308 470 462 525 Θεὸν
508 470 676 537 λύπη
714 488 1040 540 μετανοιαν
1079 476 1169 540 είς
1212 473 1517 542 σωτηρίαν
1544 472 1994 541 ἀμεταμέλητον

304 555 736 626 κατεργάζεται.
779 558 988 613 Οὐκοῦν
1021 559 1208 630 ἐπειδὴ
1232 559 1415 629 σαφῶς
1441 561 1469 612 6
1498 557 1654 627 λόγος
1683 558 1984 625 ἀπέδειξεν,

288 646 388 698 ὅτι
413 644 538 698 οὔτε
570 644 773 716 ζημίαν
805 650 1127 718 χρημάτων,
1170 645 1285 700 οὗθ’
1332 645 1511 717 ὕϐριν,
1550 646 1661 700 οὒτ’
1702 647 1987 717 ἐπήρειαν,

299 732 431 787 οὕτε
470 735 758 805 μάστιγας,
783 734 897 788 οὔτ’
922 736 1258 808 ἀρρωστίαν,
1296 734 1420 789 οὔτε
1448 735 1694 793 θάνατον,
1718 733 1832 787 οὔτ’
1863 734 1991 789 ἁλλο

300 820 494 874 τι“τῶν
518 821 777 875 τοιούτων
804 823 1156 894 ἐπενεχθεῖσα
1188 822 1333 892 λύπη
1358 822 1649 894 διορθῶσαι
1676 821 1877 876 δύναιτ’
1901 822 1988 886 ἂν,

303 905 428 981 [66]
472 908 587 961 ἀλλ’
632 910 907 982 ἁμαρτίαν
936 910 1196 977 ἀφανίσαι
1243 909 1430 980 μόνην,
1466 909 1561 962 καὶ
1594 908 1800 979 ταύτης
1843 910 1991 962 ἐστὶν

301 1002 630 1072 ἀναιρετικὴ
655 1042 671 1065 ,
732 1001 954 1072 εὔδηλον
1005 1001 1086 1054 ὅτι
1144 1000 1233 1054 διά
1283 1002 1487 1070 ταύτην
1525 1001 1741 1069 ἐγένετο
1796 1000 1981 1070 μόνην.

307 1090 527 1160 Μηκέτι
553 1086 646 1143 οὖν
667 1090 759 1142 ἐπὶ
786 1088 961 1161 ζημίᾳ
1011 1090 1309 1161 χρημάτων
1340 1087 1595 1158 ἀλγῶμεν
1614 1127 1631 1148 ,
1701 1088 1816 1141 ἀλλ’
1863 1088 1993 1140 ὅταν

300 1177 736 1248 ἁμαρτάνωμεν.
765 1175 1024 1247 ἀλγῶμεν
1055 1177 1234 1245 μόνον.
1274 1175 1415 1228 Πολὺ
1447 1175 1557 1247 γὰρ
1589 1177 1650 1227 τὸ
1683 1175 1873 1245 κέρδος
1908 1176 1994 1226 ἐν-

300 1263 480 1316 ταῦθα
514 1263 625 1316 ἀπὸ
653 1263 754 1333 τῆς
781 1261 978 1332 λύπης.
1012 1259 1392 1332 Ἐζημιώθηςς
1428 1261 1502 1332 μὴ
1530 1260 1992 1332 ἀθυμήσῃςόύδὲ

300 1350 414 1421 γὰρ
442 1349 767 1420 ὠφελήσεις.
806 1349 1119 1423 Ἥμαρτεςς
1153 1348 1447 1419 λυπήθητι,
1475 1347 1666 1416 ὄφελος
1707 1349 1819 1420 γάρ
1840 1364 1853 1377 ο
1897 1348 1992 1401 καὶ

301 1436 502 1489 σκόπει
534 1433 749 1488 σύνεσιν
770 1432 907 1486 Θεοῦ
938 1435 1032 1486 καὶ
1057 1434 1267 1502 σοφίαν.
1299 1432 1405 1486 Δύο
1434 1432 1609 1487 ταῦτα
1635 1432 1822 1486 ἔτεκεν
1855 1435 1991 1504 ἡμῖν

297 1525 334 1592 ἡ
371 1522 638 1592 ἁμαρτία,
654 1520 832 1590 λύπην
858 1520 954 1574 καὶ
982 1519 1207 1573 θάνατον
1225 1537 1239 1551 ⁸
1263 1512 1347 1592 ΊΓῌ
1360 1520 1469 1589 τὰρ
1497 1520 1575 1574 ἂν
1597 1519 1784 1588 ἡμέρᾳ
1808 1520 1991 1590 φάγῃ,

299 1608 462 1678 φησι,
493 1607 728 1673 θανάτῳ
777 1607 1054 1674 ἀποθανῇ
1077 1622 1092 1635 ⁶
1144 1607 1239 1660 καὶ
1279 1606 1416 1679 πρὸς
1453 1606 1554 1678 τὴν
1590 1610 1847 1676 γυναῖκα,
1890 1608 1995 1659 Ἐν

296 1698 530 1763 λύπαις
563 1695 707 1764 τέξῃ
756 1696 960 1749 τέκνα.
1022 1695 1134 1749 Kal
1178 1696 1245 1749 δι’
1273 1695 1601 1768 ἀμφοτέρων
1654 1696 1861 1752 τούτων
1892 1698 1991 1767 τὴν

298 1785 579 1856 ἁμαρτίαν
609 1785 810 1847 ἀνεῖλε,
843 1786 939 1837 καὶ
964 1784 1069 1836 ὑπὸ
1095 1783 1204 1837 τῶν
1235 1784 1440 1837 τέκνων
1475 1785 1576 1854 τὴν
1641 1784 1854 1855 μητέρα
1893 1785 1992 1837 ἀπ-

296 1871 521 1925 ολέσθαι
553 1871 1113 1941 παρεσκεύασεν.”οτι
1146 1871 1256 1943 γάρ
1278 1870 1415 1942 μετά
1443 1871 1542 1941 τῆς
1567 1870 1746 1943 λύπης
1771 1873 1865 1926 καὶ
1896 1872 1992 1926 θά-

297 1978 464 2024 νατος
505 1961 782 2032 ἁμαρτίαν
828 1962 1059 2031 ἀναιρεῖ,
1094 1959 1251 2029 δῆλον
1282 1960 1380 2030 μὲν
1420 1961 1516 2013 καὶ
1552 1960 1662 2013 ἀπὸ
1690 1959 1800 2013 τῶν
1851 1978 1992 2033 μαρο

296 2046 504 2118 τύρων,
538 2048 697 2119 δῆλον
720 2048 778 2101 δὲ
828 2050 922 2102 καὶ
952 2048 1014 2112 ἐξ
1060 2040 1135 2101 ὧν
1176 2049 1205 2100 6
1234 2046 1447 2112 Παῦλος
1480 2043 1601 2101 εἷπε
1635 2049 1772 2119 πρὸς
1810 2051 1992 2122 ἁμαρ·-

295 2139 583 2201 τὰνοντας,
611 2138 756 2191 οὓτω
794 2138 998 2206 λέγων·
1029 2138 1134 2191 Διὰ
1154 2138 1330 2191 τοῦτο
1359 2138 1430 2190 ἐν
1456 2138 1600 2208 ὑμῖν
1619 2141 1841 2194 πολλοὶ
1891 2141 1990 2195 καί

295 2225 583 2291 ἀσθενεῖς
606 2226 703 2278 καί
732 2224 1049 2293 ἄρρωστοι,
1072 2225 1169 2278 καί
1201 2223 1518 2294 κοιμῶνται
1546 2226 1741 2280 ἱκανοί
1759 2243 1773 2256 ·
1800 2228 1987 2299 ἐπειδὴ

299 2315 667 2385 ἁμαρτάνετε,
690 2314 843 2383 φησὶ,
871 2312 1181 2377 τελευτᾶτε,
1213 2312 1350 2367 ὥστε
1379 2316 1445 2383 τῇ
1466 2313 1691 2385 τελευτῇ
1721 2314 1789 2367 τά
1809 2316 1991 2386 ἀμαρ-

293 2403 526 2471 τήματα
576 2400 951 2455 διαλύσασθαι.
1006 2401 1286 2471 Ἑπήγαγε
1326 2400 1455 2470 γοῦν
1497 2401 1696 2469 λέγων’
1755 2406 1827 2457 El
1878 2404 1989 2474 γὰρ

295 2488 560 2555 ἑαυτοὺς
589 2488 983 2557 διεκρίνομεν,
1008 2491 1120 2543 οὐκ
1152 2489 1232 2543 ἂν
1249 2488 1619 2558 ἐκρινόμεθα,
1653 2491 1988 2557 κρινόμενοι

300 2577 377 2629 δὲ
418 2577 538 2631 ὑπὸ
597 2577 705 2630 τοῦ
736 2577 958 2646 Κυρίου
1011 2577 1432 2645 παιδευόμεθα,
1481 2576 1688 2645 ἵναμὴ
1745 2578 1868 2631 σὺν
1906 2576 1989 2643 τῷ

297 2668 513 2735 κόσμῳ
538 2664 1002 2735 κατακριθῶμεν.
1036 2668 1145 2720 Kal
1174 2666 1424 2734 καθάπερ
1452 2668 1481 2719 6
1519 2665 1733 2737 σκώληξ
1757 2668 1863 2721 ἀπὸ
1893 2667 1986 2721 τοῦ

297 2753 509 2821 ξύλου·
532 2756 792 2817 τίκτεται,
828 2756 921 2808 καὶ
970 2754 1244 2808 κατεσθίει
1276 2756 1337 2808 τὸ
1379 2754 1555 2820 ξύλον,
1589 2756 1683 2808 καὶ
1724 2754 1821 2826 σὴς
1856 2772 1988 2808 κατ-

297 2842 478 2895 εσθίει
498 2843 560 2896 τὸ
591 2842 757 2913 ἔριον,
792 2844 922 2914 παρ’
944 2843 1109 2897 αὐτοῦ
1138 2842 1235 2913 τὴν
1268 2844 1442 2914 ἀρχὴν
1472 2841 1610 2912 ἔχων
1630 2859 1644 2873 ’
1674 2842 1816 2895 οὕτω
1842 2842 1987 2914 λύπη

296 2930 398 2984 καὶ
424 2930 652 2993 θάνατος
690 2929 990 3001 ἐτέχθησαν
1019 2930 1125 2983 ἀπὸ
1156 2931 1254 3001 τῆς
1288 2930 1583 3001 ἁμαρτίας.
1616 2930 1711 2983 καὶ
1754 2931 1987 2999 κατέφα-

300 3035 406 3085 γον
439 3017 537 3088 τὴν
569 3018 863 3086 ἁμαρτίαν.
909 3016 1000 3087 Μὴ
1027 3017 1206 3069 τοίνυν
1234 3015 1527 3086 φοϐώμεθα
1558 3016 1812 3077 θάνατον,
1850 3016 1987 3070 ἀλλά

296 3101 601 3172 φοϐώμεθα
628 3103 901 3174 ἁμαρτίαν
928 3103 1106 3174 μόνον,
1129 3104 1223 3155 καὶ
1247 3105 1312 3154 ὅτ’
1338 3103 1555 3173 ἐκείνην
1578 3102 1851 3172 ἀλγῶμεν.
1875 3104 1985 3157 Kal

295 3190 477 3243 ταῦτα
501 3189 647 3258 λέγω
678 3191 740 3243 ού
771 3190 944 3243 δεινόν
986 3208 1038 3243 τι
1072 3190 1407 3262 προσδοκῶν,
1460 3192 1534 3260 μὴ
1572 3189 1802 3257 γένοιτο,
1850 3190 1986 3245 ἀλλὰ

297 3277 673 3348 φοϐουμένους
698 3279 842 3347 ὑμᾶς
873 3276 1046 3340 οὕτως
1092 3278 1181 3331 ἀεὶ
1218 3277 1522 3330 διακεῖσθαι
1551 3276 1743 3341 θέλων,
1773 3280 1869 3333 καὶ
1895 3280 1986 3333 τὸν

295 3365 398 3419 τοῦ
438 3364 675 3436 Χριστοῦ
710 3364 872 3434 νόμον
909 3364 1002 3416 ἐπὶ
1031 3364 1139 3417 τῶν
1162 3364 1338 3436 ἔργων
1365 3364 1605 3434 πληροῦν
1628 3382 1641 3395 ·
1703 3367 1840 3421 Ἐὰν
1874 3368 1985 3436 γάρ

295 3471 396 3520 τις
412 3452 501 3522 μὴ
526 3452 638 3520 ἄρῃ
660 3451 768 3505 τὸν
786 3450 1053 3519 σταυρὸν
1081 3451 1288 3514 αὑτοῦ,
1314 3452 1410 3503 καί
1440 3451 1832 3522 ἀκολουθήσῃ
1858 3472 1982 3523 μοι,

297 3543 492 3611 φησὶν,
537 3542 650 3594 οὐκ
703 3540 876 3594 ἐστιν
931 3539 1078 3609 ἐμοῦ
1130 3538 1321 3604 ἄξιος.
1369 3538 1541 3591 Τοῦτο
1582 3539 1627 3592 δ’
1654 3540 1843 3608 ἔλεγεν
1888 3543 1986 3614 οὐχ

299 3630 393 3683 ῖνα
414 3628 571 3693 ξύλον
592 3627 951 3698 βαστὰζωμεν
979 3627 1072 3680 ἐπὶ
1100 3626 1210 3679 τῶν
1229 3626 1417 3696 ὤμων,
1452 3625 1566 3679 ἀλλ’
1600 3626 1686 3681 ἶνα
1712 3626 1806 3681 τὸν
1828 3628 1987 3683 θάνα-

293 3732 396 3769 τον
424 3714 517 3768 ἁεῖ
532 3716 639 3787 πρὸ
669 3716 777 3769 τῶν
808 3714 1102 3786 ὀφθαλμῶν
1146 3714 1379 3785 ἔχωμεν,
1418 3713 1668 3784 καθάπερ
1697 3710 1792 3769 οὖν
1827 3717 1921 3770 καὶ
1955 3719 1984 3770 6

298 3800 517 3864 Παῦλος
548 3801 668 3853 καθ’
700 3801 913 3871 ἡμέραν
944 3799 1280 3870 ἀπέθνησκε,
1324 3800 1420 3853 καὶ
1458 3800 1727 3868 κατεγέλα
1754 3801 1853 3870 τῆς
1890 3818 1982 3854 τε·-

296 3890 518 3960 λευτῆς,
542 3890 636 3942 καὶ
665 3890 761 3942 τοῦ
790 3890 1054 3960 παρόντος
1077 3887 1366 3959 ὑπερεώρα
1387 3887 1522 3958 βίου.
1558 3889 1667 3941 Καὶ
1691 3887 1799 3957 γὰρ
1822 3905 1985 3960 στρα-

293 3976 505 4044 τιιὶιτης
532 3973 600 4042 εἷ,
627 3978 721 4030 καὶ
752 3978 1017 4046 διηνεκῶς
1061 3976 1153 4030 ἐπὶ
1177 3976 1281 4045 τῆς
1322 3976 1681 4047 παρατάξεως
1708 3976 1945 4048 ἕστηκας
1965 3993 1981 4009 '

298 4064 648 4135 στρατιώτης
663 4064 721 4117 δὲ
748 4063 979 4119 θάνατον
998 4062 1270 4127 δεδοικὼς,
1301 4063 1454 4116 οὐδὲν
1479 4062 1722 4116 οὐδέποτ’
1754 4064 1985 4135 ἐργάσε-

294 4166 391 4204 ται
413 4152 441 4190 ιι
482 4153 727 4219 γενναῖον
753 4168 767 4182 -
819 4150 1011 4222 ῶσπερ
1042 4146 1138 4204 οὖν
1180 4150 1301 4203 οὐδὲ
1342 4148 1664 4222 Χριστιανὸς
1697 4148 1983 4221 ἄνθρωπος

296 4238 585 4302 κινδύνους
604 4239 938 4309 φοϐούμενος
961 4238 1255 4311 ἐργάσεταί
1273 4256 1328 4291 τι
1359 4238 1501 4309 μέγα
1527 4239 1620 4291 καὶ
1647 4237 1980 4308 θαυμαστὸν,

296 4325 440 4379 ἀλλὰ
482 4327 620 4397 πρὸς
669 4326 879 4390 τούτοις
920 4327 1015 4380 καὶ
1064 4327 1386 4398 εὐχείρωτος
1441 4324 1628 4379 ἔσται’
1672 4326 1783 4379 ἀλλ’
1812 4327 1910 4398 οὐχ
1953 4329 1983 4381 6

295 4411 576 4485 τολμητὴς
602 4414 699 4466 καὶ
722 4413 1100 4485 μεγαλόφρων,
1118 4413 1233 4467 ἀλλ’
1248 4411 1521 4476 ἀνάλωτος
1541 4413 1690 4483 μένει
1709 4414 1798 4466 καὶ
1823 4415 1985 4468 ἀκατ-

298 4497 621 4565 αγώνιστος.
657 4498 926 4571 Καθάπερ
980 4495 1075 4554 οὖν
1113 4502 1161 4553 οἰ
1190 4499 1376 4563 παῖδες
1414 4500 1465 4552 οί
1503 4502 1653 4571 τρεῖς
1698 4498 1772 4570 μὴ
1814 4501 1981 4571 φοϐηο

295 4586 489 4650 θέντες
524 4587 587 4641 τὸ
613 4585 745 4659 πῦρ,
779 4588 981 4657 εφυγον
1009 4587 1073 4641 τὸ
1110 4586 1253 4659 πῦρ*
1281 4585 1426 4641 οὕτω
1458 4587 1555 4640 καί⁵
1589 4589 1772 4658 ἡμεῖς,
1804 4587 1870 4640 ἀν
1906 4587 1982 4659 μὴ

296 4672 629 4744 φοϐηθῶμεν
667 4672 915 4736 θάνατον,
944 4673 1341 4743 διαφευξόμεθα
1367 4673 1614 4727 θάνατον.
1649 4673 1761 4727 Ούκ
1782 4674 1983 4743 ἐφοϐή-

290 4760 476 4830 θησαν
518 4760 577 4813 δέ
620 4760 681 4813 τὸ
730 4760 863 4834 πῦρ,
894 4762 956 4815 ού
1005 4760 1115 4833 γὰρ
1157 4760 1407 4832 ἔγκλημα
1449 4760 1510 4814 τὸ
1552 4760 1785 4832 καῆναν
1844 4760 1981 4815 ἀλλά

289 4845 649 4917 ἐφοϐήθησαν
680 4848 780 4918 τὴν
824 4847 1120 4918 ἁμαρτίαν,
1158 4846 1411 4917 ιγκλημα
1447 4846 1556 4917 γὰρ
1585 4846 1644 4900 τὸ
1686 4846 1976 4918 ἀσεϐῆσαι.

289 4933 537 4997 Τούτους
578 4934 675 4988 καὶ
713 4936 878 5005 ἡμεῖς
905 4934 1239 5005 ζηλώσωμεν
1285 4934 1381 4987 καὶ
1422 4935 1549 4997 τοὺς
1593 4935 1715 4987 κατ’
1740 4935 1977 4998 ἐκείνους

316 5021 595 5085 ἅπαντας,
628 5023 723 5076 καλ⁵
772 5021 847 5094 μή
886 5021 1181 5093 φοϐώμεθα
1218 5022 1516 5086 κινδύνους,
1557 5024 1652 5076 καὶ
1690 5023 1973 5091 διαφευξὸ-

290 5114 444 5186 μεθα
466 5114 762 5179 κινδύνους.

368 5209 430 5255 ε’.
453 5204 576 5256 Οὐκ
600 5202 843 5272 εἰμίμέν
863 5203 974 5274 γὰρ
993 5200 1327 5271 προφήτης,
1349 5200 1474 5255 οὐθ’
1494 5200 1625 5265 υίὸς
1638 5201 1968 5268 προφήτου.

285 5289 358 5343 τὸ
388 5288 575 5359 μέντοι
608 5289 800 5360 μέλλον
832 5290 950 5360 μετ’
982 5287 1266 5360 ἀκριϐείας
1290 5287 1607 5358 ἐπίσταμαι,
1632 5289 1728 5340 καὶ
1761 5290 1975 5363 μεγάλῃ

287 5378 392 5432 καὶ
414 5376 648 5448 λαμπρᾷ
675 5376 784 5448 βοιῖ»
811 5380 878 5449 τῇ
919 5380 1093 5448 φωνῇ,
1137 5378 1219 5431 ὅτι
1250 5376 1299 5430 εἰ
1336 5373 1827 5447 μεταϐαλλοίμεθα,
1882 5379 1974 5431 καί

286 5480 418 5517 τινα
450 5463 770 5533 ἐπιμέλειαν
807 5464 907 5533 τῆς
934 5464 1214 5536 ἡμετέρας
1257 5460 1439 5534 ψυχῆς
1472 5460 1849 5532 ποιησώμεθα,
1878 5464 1973 5519 καὶ

286 5551 393 5619 τῆς
426 5551 695 5622 πονηρίας
732 5550 1081 5621 ἀποστῶμεν,
1108 5550 1261 5605 οὐδὲν
1296 5549 1458 5621 ἀηδὲς
1487 5547 1640 5601 ἔσται
1676 5549 1771 5603 καὶ
1803 5548 1974 5620 λυπη-

292 5639 409 5706 ρόν.
469 5639 580 5692 Καὶ
605 5638 765 5694 τοῦτο
795 5636 913 5694 οἶδα
944 5640 1129 5710 σαφῶς
1159 5638 1267 5693 ἀπὸ
1292 5637 1391 5707 τῆς
1420 5635 1512 5690 τοῦ
1538 5636 1676 5691 Θεοῦ
1702 5635 1818 5710 [67]
1854 5639 1972 5707 φιλ·

355 5782 637 5845 Ρξρτῐιεει
659 5783 809 5845 aliqua
832 5783 924 5834 (θπό
955 5800 1042 5834 του
1076 5783 1228 5840 ξύλου.

352 5843 380 5881 δ
411 5842 548 5907 [Inus
558 5841 800 5907 δεδαώς,
824 5846 1050 5895 οὐδέποτέ
1067 5862 1111 5892 τι
1136 5846 1400 5907 ἐργάσεται.
1415 5841 1569 5890 Paulo
1592 5847 1700 5903 post
1719 5847 1822 5890 tres
1842 5853 1957 5891 nm.

292 5905 582 5963 φοϐούμενος
605 5906 874 5957 ἐπιδείξεταί
899 5925 943 5956 τι
967 5910 1105 5966 μέγα.

2099 386 2413 458 ανθρωπίας
2438 389 2534 442 καὶ
2548 379 2731 458 ἀφ’ὧν
2752 387 2848 442 καὶ
2872 389 2953 453 είς
2971 389 3169 460 ἄνδρας
3192 391 3287 446 καὶ
3317 390 3503 457 πόλεις
3522 391 3619 446 καὶ
3637 391 3768 460 ιθνη

2099 478 2193 529 καὶ
2222 476 2429 547 δήμους
2450 476 2779 547 ὁλοκλήρους
2803 476 3048 546 ἐποίησε.
3085 477 3195 530 Kal
3215 477 3325 548 γὰρ
3346 479 3441 533 καὶ
3457 481 3526 550 τῇ
3550 478 3773 533 Nrqu-

2092 563 2202 616 τῶν
2224 563 2489 636 ἠπείλησε
2515 562 2690 628 πόλει,
2714 561 2810 616 καὶ
2834 558 3006 616 εἶπεν·
3028 563 3157 617 Ἔτι
3183 565 3339 632 τρεῖς
3363 566 3574 634 ἡμέραι
3597 576 3647 630 ο,
3669 568 3769 621 καὶ

2091 652 2298 706 Νινευτ
2313 651 2898 719 καταστραφήσεται.
2917 649 2983 702 Τί
3002 643 3116 711 οὖν,
3134 650 3255 703 εἰπέ
3274 668 3394 721 μοις
3413 669 3544 706 κατε
3552 654 3771 726 στράφη

2094 739 2350 810 ἡΝινευῒ,
2369 740 2462 792 καὶ
2480 739 2759 810 ἀνετράπη
2780 740 2814 809 ἡ
2832 737 3015 803 πόλις;
3032 738 3352 791 Τούναντίον
3376 739 3474 809 μὲν
3486 735 3583 794 οὖν
3603 742 3772 809 ἁπαν,

2094 830 2186 882 καὶ
2207 828 2427 899 ἀνέστη,
2449 828 2541 881 καί¹
2562 825 2916 898 λαμπροτέρα
2937 826 3153 895 γέγονε,
3182 826 3275 879 καὶ
3303 826 3495 896 χρόνος
3522 829 3775 894 τοσοῦτος

2093 915 2314 970 διελθὼν
2340 916 2440 986 τὴν
2461 914 2619 979 δόξαν
2650 915 2821 985 αὐτῆς
2845 914 2947 968 οὑκ
2973 915 3260 984 ὴφάνισεν,
3298 912 3433 967 ἀλλὰ
3458 916 3660 980 πάντες
3678 919 3776 972 αὒ-

2092 1003 2191 1073 τὴν
2223 1002 2422 1073 ᾄδομεν
2451 1000 2551 1065 ἔτι,
2580 1000 2677 1054 καὶ
2705 1000 2801 1054 νῦν
2829 1000 3207 1071 θαυμάζομεν,
3241 1001 3323 1054 ὅτι
3359 999 3522 1072 λιμήν
3547 1019 3629 1066 τις
3649 1003 3775 1075 ἀρι-

2096 1106 2220 1152 στος
2262 1090 2321 1155 ἐξ
2366 1089 2576 1141 ἐκείνου
2622 1087 2714 1141 τοῦ
2756 1088 2949 1159 χρόνου
3003 1091 3118 1151 τοῖς
3152 1088 3560 1159 ἁμαρτάνουσιν
3600 1089 3776 1145 ἅπασι

2094 1177 2338 1246 γέγονεν,
2365 1177 2464 1229 ούκ
2496 1178 2717 1246 ἀφιεῖσα
2752 1178 2829 1239 εἰς
2855 1176 3166 1244 ἀπόγνωσιν
3197 1179 3481 1245 ἐμπεσεῖν,
3513 1177 3652 1231 ἀλλὰ
3677 1196 3778 1232 κα-

2093 1264 2259 1318 λοῦσα
2285 1263 2529 1327 ἅπαντας
2553 1265 2631 1327 είς
2664 1263 2970 1332 μετάνοιαν,
3001 1263 3096 1315 καὶ
3134 1262 3202 1315 δι’
3229 1256 3304 1317 ὧν
3327 1262 3551 1335 ἔπραξε,
3584 1266 3679 1319 xal
3706 1266 3775 1319 δι’

2093 1344 2167 1404 ὧν
2189 1351 2470 1419 ἀπήλαυσε
2495 1350 2596 1418 τῆς
2616 1349 2710 1402 τοῦ
2740 1349 2874 1402 Θεοῦ
2903 1350 3183 1421 προνοίας,
3205 1349 3468 1404 πείθουσα
3502 1351 3776 1421 μηδέποτε

2093 1437 2192 1506 τῆς
2223 1438 2429 1499 οἰκείας
2469 1435 2868 1505 ἀπογινώσκειν
2898 1435 3195 1506 σωτηρίας.
3230 1436 3366 1489 ἀλλά
3402 1436 3515 1505 βίον
3554 1438 3777 1508 ἄριστον

2095 1524 2587 1591 ἐπιδεικνυμένους,
2637 1524 2732 1576 καὶ
2774 1524 2874 1594 τὴν
2924 1522 3134 1593 ἀγαθὴν
3168 1522 3361 1577 ἐλπίδα
3404 1524 3781 1597 προϐαλλομέι

2096 1628 2220 1674 νους
2268 1610 2492 1682 θαρρεῖν
2542 1612 2671 1681 περὶ
2719 1609 2812 1661 τοῦ
2867 1609 3057 1671 τέλους
3116 1608 3192 1671 ὡς
3244 1610 3502 1680 ἐσομένου
3558 1612 3776 1676 πάντως

2094 1698 2352 1769 χρηστοῦ.
2423 1698 2519 1761 Τίς
2565 1698 2672 1765 γὰρ
2713 1697 2813 1749 οὐκ
2861 1696 2926 1749 ἀν
2972 1696 3272 1767 ἀνασταίη,
3344 1698 3406 1750 τὸ
3459 1700 3584 1752 κατ’
3635 1701 3779 1753 ἐκείο

2095 1802 2215 1848 νους
2249 1784 2599 1856 παράδειγμα
2627 1782 2863 1842 ἀκούων.
2896 1781 2998 1835 κᾶν
3026 1783 3243 1838 πάντων
3272 1782 3611 1853 νωθρότατος
3640 1786 3768 1856 εἴης

2095 1872 2284 1927 Εἵλετο
2312 1872 2443 1939 γοῦν
2466 1872 2563 1943 τὴν
2586 1869 2779 1924 ἐαυτοῦ
2809 1871 3112 1942 πρόρρησιν
3133 1870 3408 1924 διαπεσεῖν
3433 1873 3463 1925 ό
3494 1872 3649 1936 Θεὸς,
3682 1875 3778 1927 καὶ

2098 1958 2173 2030 μὴ
2201 1958 2474 2011 διαπεσεῖν
2501 1957 2598 2028 τὴν
2632 1956 2787 2010 πόλιν
2807 1971 2819 1983 ·
2860 1954 3060 2026 μᾶλλον
3088 1956 3146 2009 δέ
3181 1956 3301 2010 οὐδὲ
3335 1959 3641 2028 προφητεία
3693 1958 3776 2012 δι-

2094 2047 2309 2100 έπεσεν.
2330 2046 2393 2097 Εἰ
2428 2046 2524 2115 μὲν
2556 2043 2663 2115 γὰρ
2687 2043 2780 2095 ἐπὶ¹
2805 2042 2908 2111 τῆς
2937 2042 3105 2113 αὐτῆς
3136 2044 3403 2114 πονηρίας
3431 2044 3538 2095 τῶν
3566 2044 3777 2116 ἀνθρώ·-

2096 2151 2215 2188 πων
2263 2133 2532 2203 μενόντων
2572 2130 2673 2183 οὐκ
2705 2126 2866 2198 ἐξέϐη
2900 2131 2979 2191 εἰς
3002 2127 3160 2199 ἔργον
3184 2129 3252 2182 τά
3295 2131 3393 2201 τῆς
3424 2131 3771 2199 ἀποφάσεως,

2091 2216 2235 2291 εἶχεν
2279 2219 2408 2281 ἴσως
2444 2217 2508 2270 ἄν
2535 2233 2617 2277 τις
2645 2213 2898 2282 ἐγκαλεῖν
2921 2217 3036 2277 τοῖς
3060 2214 3372 2285 εἰρημένοις
3393 2233 3405 2245 ·
3440 2217 3490 2269 εί
3515 2217 3573 2270 δέ
3608 2235 3776 2287 μετα-

2092 2305 2401 2375 ϐαλομένων
2428 2301 2627 2362 αὐτῶν,
2677 2301 2771 2353 καὶ
2803 2301 2902 2371 τῆς
2928 2300 3109 2362 αἰτίας
3141 2301 3519 2365 ἀποστάντων,
3560 2303 3774 2375 ἀπέστη

2090 2393 2185 2445 καὶ
2208 2390 2308 2459 τῆς
2334 2388 2502 2459 ὀργῆς
2534 2390 2563 2440 6
2583 2386 2737 2451 Θεὸς,
2766 2387 2850 2450 τίς
2878 2386 3164 2456 δυνήσεται
3202 2385 3386 2439 λοιπὸν
3417 2386 3773 2445 ἐπιλαϐέσθαι

2089 2479 2187 2547 τῆς
2211 2474 2563 2545 προφητείας,
2594 2474 2689 2526 καὶ
2716 2470 3057 2539 καταγνῶναι
3080 2470 3275 2540 ψεῦδος
3304 2471 3415 2525 τῶν
3436 2473 3770 2544 εἰρημένων;

2092 2566 2201 2619 Καὶ
2231 2564 2340 2634 γάρ
2374 2563 2463 2615 τὸν
2505 2563 2687 2631 νόμον,
2722 2561 2781 2614 ὃν
2821 2559 2880 2626 ἐξ
2911 2560 3088 2631 ἀρχῆς
3116 2559 3310 2630 ἔθηκεν
3337 2562 3366 2613 ὁ
3397 2560 3527 2623 Θεὸς
3554 2562 3643 2617 διὰ
3673 2564 3774 2620 τοῦ

2089 2654 2368 2723 προφήτου
2406 2651 2572 2704 πᾶσιν
2609 2646 2917 2720 ἀνθρώποις
2966 2647 3347 2718 διαλεγόμενος
3372 2685 3388 2711 ,
3455 2650 3642 2702 τοῦτον
3682 2653 3776 2708 καὶ

2088 2740 2209 2793 τότε
2237 2740 2544 2809 διετήρησε.
2581 2738 2676 2801 Τίς
2703 2734 2797 2790 οὖν
2828 2739 2977 2789 ἐστιν
3001 2738 3029 2789 6
3049 2736 3245 2805 νόμος;
3277 2735 3471 2803 Πέρας
3494 2736 3772 2805 λαλήσω,

2090 2828 2242 2896 φησὶ,
2272 2825 2370 2878 ἐπὶ
2396 2825 2572 2890 ἔθνος
2609 2825 2706 2879 καί
2739 2824 2844 2884 ἐπὶ,
2858 2824 3191 2887 ,ϐασιλείαν
3217 2822 3325 2877 τοῦ
3357 2822 3632 2891 ἐκριζοῦν
3665 2829 3773 2882 αὺ-

2088 2914 2249 2979 τοὺς,
2293 2913 2387 2967 καὶ
2418 2902 2865 2966 κατασκάἷττειν
2888 2912 2984 2964 καί
3023 2911 3392 2964 ἀπολλύειν·
3440 2911 3540 2964 καί
3578 2912 3772 2970 ἔσται,

2087 3005 2198 3057 ἐὰν
2222 3001 2690 3072 μετανοήσωσιν
2709 3000 2827 3054 ἀπὸ
2852 2999 2962 3068 τῆς
2990 2999 3220 3064 κακίας.
3237 2997 3591 3067 μετανοήσω
3610 3002 3777 3071 κάγὼ

2088 3092 2206 3145 ἀπὸ
2240 3090 2350 3159 τῆς
2373 3088 2576 3159 ὀργῆς,
2598 3086 2674 3159 ἧς
2701 3087 2981 3156 ἐλάλησα
3012 3085 3260 3154 ποιῆσαι
3286 3086 3515 3153 αὐτοῖς.
3574 3088 3776 3144 Τοῦτον

2088 3180 2267 3233 τοίνυν
2297 3178 2580 3248 φυλάττων
2608 3177 2698 3230 τὸν
2725 3176 2907 3247 νόμον,
2938 3174 3416 3247 μεταϐαλομένους
3445 3175 3640 3240 ἔσωσε,
3673 3180 3773 3234 καὶ

2089 3269 2429 3331 ἀποστάντας
2456 3268 2554 3337 τῆς
2583 3267 2780 3328 κακίας
2808 3264 3084 3336 ἀπήλλαξε
3111 3263 3211 3334 τῆς
3235 3264 3427 3335 ὀργῆς.
3480 3265 3634 3336 ᾟδει
3667 3266 3777 3323 τῶν

2093 3356 2382 3429 βαρϐάρων
2411 3356 2510 3425 τὴν
2529 3353 2855 3426 ἀρετὴν,διὰ
2886 3351 3045 3406 τοῦτο
3071 3351 3164 3404 τὸν
3198 3354 3485 3423 προφήτην
3508 3354 3777 3425 κατήπειο

2089 3462 2212 3514 γεψ
2249 3446 2392 3499 οὕτω
2423 3446 2517 3498 καὶ
2555 3444 2677 3497 τότε
2722 3443 2953 3496 ἐδονεῖτο
2998 3443 3032 3511 ἡ
3065 3441 3242 3505 πόλις,
3280 3442 3376 3512 τῆς
3424 3444 3781 3518 προφητικῆς

2088 3532 2363 3586 ἀκούουσα
2380 3532 2584 3601 φωνῆς,
2599 3530 2713 3583 ἀλλ’
2725 3529 2876 3582 ούδέν
2893 3528 3235 3600 παρεϐλάϐη,
3256 3528 3392 3583 ἀλλά
3409 3530 3502 3582 καὶ
3518 3529 3776 3602 ὠφελήθη

2088 3623 2240 3693 παρά
2278 3620 2371 3674 τοῦ
2396 3619 2584 3689 φόϐου.
2604 3620 2661 3672 ’0
2683 3619 2792 3689 γὰρ
2826 3618 2987 3688 φόϐος
3015 3619 3222 3681 ἐκεῖνος
3238 3618 3337 3687 τὴν
3363 3618 3636 3689 σωτηρίαν
3656 3620 3777 3673 ιτε-

2086 3725 2213 3761 κεν·
2245 3710 2278 3778 ἡ
2308 3707 2503 3778 ἀπειλὴ
2530 3707 2623 3759 τὸν
2649 3707 2895 3759 κίνδυνον
2916 3706 3134 3758 ἔλυσεν·
3182 3707 3215 3775 ἡ
3250 3705 3350 3774 τῆς
3381 3707 3779 3778 καταστροφῆς

2086 3794 2357 3862 ἀπόφασις
2371 3794 2469 3864 τὴν
2492 3792 2874 3863 καταστροφὴν
2901 3792 3150 3861 ἔστησεν.
3170 3791 3234 3843 Ὦ
3255 3789 3447 3844 καινοῦ
3472 3792 3568 3846 καὶ
3594 3809 3776 3864 παρα-

2085 3882 2235 3946 δόξου
2277 3881 2634 3951 πράγματος·
2691 3880 2967 3946 ἀπόφασις
3010 3877 3238 3932 θάνατον
3267 3875 3586 3947 ἀπειλοῦσα,
3627 3879 3775 3951 ζωὴν

2087 3970 2290 4026 ἔτεκεν,
2311 3968 2611 4037 Ἀπόφασις
2634 3967 2771 4037 μετά
2790 3967 2851 4020 τὸ
2872 3964 3239 4036 ἐξενεχθῆναι,
3258 3966 3379 4018 τότε
3396 3965 3599 4037 ἄκυρος
3620 3967 3774 4036 γέγον

2086 4075 2174 4110 νεν
2198 4056 2526 4119 ἀπεναντίας
2548 4057 2661 4120 τοίς
2682 4054 2879 4120 ἔξωθεν
2897 4054 3205 4118 δικάζουσιν
3226 4069 3239 4079 °
3270 4054 3364 4105 ἐπὶ
3389 4053 3488 4124 μὲν
3510 4054 3620 4127 γὰρ
3645 4055 3772 4109 τού.

2084 4162 2192 4198 των
2225 4144 2286 4198 τὸ
2318 4142 2714 4216 προενεχθῆναι
2748 4143 2845 4212 τὴν
2878 4141 3058 4212 ψῆφον
3084 4142 3162 4203 εἰς
3200 4141 3365 4210 μέσον
3400 4140 3595 4211 κυρίαν
3621 4144 3769 4196 ποιεῖ

2085 4233 2183 4303 τήν
2204 4230 2384 4301 ψῆφον
2407 4229 2683 4299 γενέσθαι,
2711 4231 2802 4281 ἐπὶ
2830 4228 2887 4282 δὲ
2914 4227 3005 4281 τοῦ
3034 4227 3169 4281 Θεοῦ
3200 4226 3508 4281 τούναντίον
3537 4228 3598 4281 τὸ
3634 4246 3772 4301 προ-

2084 4320 2367 4391 ενεχθῆναι
2382 4321 2481 4389 τὴν
2495 4320 2696 4389 ψῆφον,
2718 4318 2876 4371 τοῦτό
2894 4320 3008 4371 ἐστι
3027 4318 3088 4371 τὸ
3105 4316 3335 4387 ποιῆσαν
3353 4318 3521 4389 αὐτὴν
3543 4320 3766 4391 ἄκυρον.

2084 4411 2147 4464 Εἰ
2170 4409 2279 4481 γὰρ
2297 4409 2371 4481 μὴ
2388 4408 2719 4480 προηνέχθη,
2735 4408 2832 4460 οὐκ
2857 4406 3175 4476 ἀνήκουσαν
3197 4408 3246 4459 οί
3270 4408 3652 4479 ἡμαρτηκότες
3673 4426 3687 4438 ·
3716 4412 3767 4463 εἰ

2082 4499 2139 4552 δὲ
2168 4499 2241 4571 μὴ
2268 4499 2527 4569 ήκουσαν,
2552 4499 2652 4552 οὐκ
2686 4495 2751 4550 ἂν
2785 4494 3198 4567 ἀπεκρούσαντο
3219 4495 3317 4568 τὴν
3347 4499 3638 4569 τιμωρίαν,
3667 4498 3769 4552 οὐκ

2082 4588 2148 4642 ἂν
2166 4588 2486 4659 ἀπήλαυσαν
2515 4587 2615 4656 τῆς
2635 4586 2939 4657 παραδόξου
2965 4585 3239 4659 σωτηρίας
3256 4586 3488 4656 ἐκείνης.
3515 4587 3637 4651 Πῶς
3658 4589 3768 4660 γὰρ

2081 4678 2143 4729 οὐ
2183 4674 2502 4748 παράδοξος,
2529 4676 2659 4728 ὅταν
2698 4676 2727 4727 6
2761 4675 2859 4744 μὲν
2900 4673 3159 4745 δικαστὴς
3207 4675 3594 4744 ἀποφαίνηται,
3625 4677 3674 4728 οί
3708 4675 3765 4728 δὲ

2080 4764 2359 4818 κατάδικοι
2378 4763 2476 4834 τὴν
2498 4763 2770 4832 ἀπόφασιν
2794 4760 2961 4815 λύωσι
2984 4761 3073 4815 διὰ
3094 4764 3192 4833 τῆς
3224 4761 3541 4831 μετανοίας;
3568 4762 3629 4815 ού
3652 4761 3761 4833 γάρ

2081 4850 2278 4919 ἔφυγον
2298 4851 2397 4922 τὴν
2426 4849 2579 4903 πόλιν
2614 4849 2866 4919 καθάπερ
2895 4848 2989 4902 καὶ
3015 4850 3175 4919 ἡμεῖς
3196 4848 3311 4911 νῦν,
3345 4847 3477 4901 ἀλλὰ
3505 4848 3761 4917 μένοντες

2080 4938 2333 5010 ἔστησαν.
2353 4938 2529 5007 Παγλς
2547 4933 2635 5009 ἦν,
2659 4937 2751 4990 καὶ
2770 4940 2948 5007 τεῖχος
2973 4936 3141 5007 αὐτὴν
3156 4934 3419 5006 ἐποίησαν
3434 4950 3448 4964 ο
3482 4933 3758 5006 βάραθρον

2078 5022 2145 5098 ἦν
2179 5027 2274 5081 καὶ
2296 5028 2560 5099 κρημνὸς,
2590 5027 2685 5079 καὶ
2713 5024 2920 5096 πύργον
2950 5022 3119 5093 αὐτὴν
3154 5021 3267 5094 [68]
3298 5021 3601 5090 ἀσφαλείας
3630 5039 3761 5076 κατ-

2080 5113 2401 5167 εσκεύασαν.
2463 5114 2741 5166 Ἤκουσαν
2791 5113 2874 5165 ὃτι
2927 5112 3173 5162 πεσεῖται
3218 5107 3289 5162 τὰ
3324 5108 3756 5181 οἰκοδομήματα,

2077 5200 2172 5252 καὶ
2198 5201 2299 5254 οὐκ
2321 5200 2519 5268 ἔφυγον
2549 5199 2616 5251 τά
2639 5196 3069 5266 οἰκοδομήματα,
3110 5193 3225 5248 ἀλλ’
3252 5194 3453 5263 ιφυγον
3484 5194 3552 5248 τὰ
3580 5195 3760 5266 ἁμαρ·

2075 5290 2321 5359 τὴματαο
2351 5288 2452 5340 οὐκ
2474 5285 2791 5353 ἀπέστησαν
2824 5283 3054 5344 ἕκαστος
3083 5281 3191 5335 ἀπὸ
3236 5283 3337 5354 τῆς
3378 5282 3557 5347 οἰκίας
3586 5284 3754 5338 αὐτοῦ

2076 5375 2329 5445 καθάπερ
2375 5376 2534 5445 ἡμεῖς
2569 5372 2691 5439 νῦν,
2729 5369 2845 5424 ἀλλ’
2893 5369 3207 5439 ἀπέστησαν
3245 5372 3481 5435 tum
3523 5371 3634 5426 ἀπὸ
3657 5373 3759 5444 τῆς

2074 5463 2196 5518 ὁδοῦ
2235 5461 2403 5516 αὐτοῦ
2432 5462 2535 5532 τῆς
2559 5460 2823 5531 πονηρᾶς.
2875 5457 2966 5529 Μὴ
3008 5457 3119 5526 γὰρ
3149 5458 3198 5512 οἰ
3240 5463 3432 5529 τοῖχοι,
3461 5459 3618 5529 φησὶ,
3663 5462 3761 5531 τὴν

2074 5551 2245 5623 ὀργὴν
2305 5550 2524 5613 ιτεκονς
2584 5550 2745 5618 ἡμεῖς
2805 5546 2969 5601 αἴτιοι
3020 5547 3117 5601 τοῦ
3180 5547 3532 5618 τραύματος,
3596 5549 3760 5617 ἡμεῖς

2073 5639 2133 5691 τὸ
2183 5636 2474 5708 φάρμακον
2518 5634 3040 5706 κατασκευάσωμεν.
3102 5632 3203 5687 Διὰ
3251 5634 3410 5687 τοῦτο
3462 5630 3525 5686 οὐ
3576 5632 3761 5685 τόπων

2138 5781 2158 5808 ⁸
2187 5777 2337 5828 Savil.
2371 5784 2423 5825 el
2447 5775 2645 5839 quidam
2682 5788 2798 5824 mss.
2836 5775 3068 5833 ἠπείλησε
3109 5773 3246 5819 πόλιν
3294 5766 3651 5829 καταστρέφειν,
3680 5765 3759 5814 καί

2074 5841 2216 5889 εἶπεν.
2229 5874 2260 5885 ..
2281 5839 2348 5887 in
2370 5838 2493 5902 τρεῖς
2510 5839 2701 5902 ἡμέραι.
