  <div class='ocr_page' id='page_1' title='image "/cluster/home/n/w/nwhite01/storage/ocr_20150623/49/hvd.32044054086806/077.png"; bbox 0 0 4074 6218; ppageno 0'>
   <div class='ocr_carea' id='block_1_1' title="bbox 277 243 3752 317">
    <p class='ocr_par' dir='ltr' id='par_1_1' title="bbox 277 243 3752 317">
     <span class='ocr_line' id='line_1_1' title="bbox 277 243 3752 317; baseline 0.001 -5"><span class='ocrx_word' id='word_1_1' title='bbox 277 243 375 313; x_wconf 63' lang='lat'>~7&#39;7</span> <span class='ocrx_word' id='word_1_2' title='bbox 1086 257 1140 308; x_wconf 86' lang='lat' dir='ltr'>S.</span> <span class='ocrx_word' id='word_1_3' title='bbox 1181 255 1469 310; x_wconf 62' lang='lat' dir='ltr'>.IOANNIS</span> <span class='ocrx_word' id='word_1_4' title='bbox 1509 253 2000 312; x_wconf 70' lang='lat' dir='ltr'>CllﬂYSOSTOMl</span> <span class='ocrx_word' id='word_1_5' title='bbox 2037 255 2356 312; x_wconf 78' lang='lat' dir='ltr'>ARClllEP.</span> <span class='ocrx_word' id='word_1_6' title='bbox 2400 258 2953 316; x_wconf 64' lang='lat' dir='ltr'>CONSTA‘NTINOP.</span> <span class='ocrx_word' id='word_1_7' title='bbox 3683 263 3752 317; x_wconf 74' lang='lat'>73</span> 
     </span>
    </p>
   </div>
   <div class='ocr_carea' id='block_1_2' title="bbox 303 369 1973 444">
    <p class='ocr_par' dir='ltr' id='par_1_2' title="bbox 303 369 1973 444">
     <span class='ocr_line' id='line_1_2' title="bbox 303 369 1973 444; baseline -0.002 -18"><span class='ocrx_word' id='word_1_8' title='bbox 303 374 644 442; x_wconf 69' lang='grc' dir='ltr'>ἐναλλαγαῖς,</span> <span class='ocrx_word' id='word_1_9' title='bbox 693 369 828 426; x_wconf 83' lang='grc' dir='ltr'>ἀλλά</span> <span class='ocrx_word' id='word_1_10' title='bbox 854 371 1067 441; x_wconf 87' lang='grc' dir='ltr'>τρόπων</span> <span class='ocrx_word' id='word_1_11' title='bbox 1115 370 1383 441; x_wconf 81' lang='grc' dir='ltr'>μεταϐολῇ</span> <span class='ocrx_word' id='word_1_12' title='bbox 1427 371 1973 444; x_wconf 80' lang='grc' dir='ltr'>τήνσωτηρίανέπί-</span> 
     </span>
    </p>
   </div>
   <div class='ocr_carea' id='block_1_3' title="bbox 305 477 554 513">
    <p class='ocr_par' dir='ltr' id='par_1_3' title="bbox 305 477 554 513">
     <span class='ocr_line' id='line_1_3' title="bbox 305 477 554 513; baseline 0.008 -2"><span class='ocrx_word' id='word_1_13' title='bbox 305 477 554 513; x_wconf 73' lang='grc' dir='ltr'>στευσαν.</span> 
     </span>
    </p>
   </div>
   <div class='ocr_carea' id='block_1_4' title="bbox 373 543 1970 616">
    <p class='ocr_par' dir='ltr' id='par_1_4' title="bbox 373 543 1970 616">
     <span class='ocr_line' id='line_1_4' title="bbox 373 543 1970 616; baseline -0.001 -16"><span class='ocrx_word' id='word_1_14' title='bbox 373 543 639 608; x_wconf 80' lang='grc' dir='ltr'>ς,”’.Ταῦτα</span> <span class='ocrx_word' id='word_1_15' title='bbox 655 546 704 597; x_wconf 86' lang='grc' dir='ltr'>οἰ</span> <span class='ocrx_word' id='word_1_16' title='bbox 724 544 1006 616; x_wconf 82' lang='grc' dir='ltr'>βάρϐαροι,</span> <span class='ocrx_word' id='word_1_17' title='bbox 1025 544 1119 596; x_wconf 69' lang='grc' dir='ltr'>καὶ</span> <span class='ocrx_word' id='word_1_18' title='bbox 1147 543 1244 597; x_wconf 85' lang='grc' dir='ltr'>ούκ</span> <span class='ocrx_word' id='word_1_19' title='bbox 1269 543 1630 614; x_wconf 67' lang='grc' dir='ltr'>αἰσχυνόμεθα</span> <span class='ocrx_word' id='word_1_20' title='bbox 1655 545 1776 598; x_wconf 85' lang='grc' dir='ltr'>ούδέ</span> <span class='ocrx_word' id='word_1_21' title='bbox 1808 545 1970 613; x_wconf 83' lang='grc' dir='ltr'>ἐγκα-</span> 
     </span>
    </p>
   </div>
   <div class='ocr_carea' id='block_1_5' title="bbox 304 631 1970 703">
    <p class='ocr_par' dir='ltr' id='par_1_5' title="bbox 304 631 1970 703">
     <span class='ocr_line' id='line_1_5' title="bbox 304 631 1970 703; baseline 0.002 -20"><span class='ocrx_word' id='word_1_22' title='bbox 304 631 632 702; x_wconf 81' lang='grc' dir='ltr'>λυπτόμεθα,</span> <span class='ocrx_word' id='word_1_23' title='bbox 675 633 896 685; x_wconf 79' lang='grc' dir='ltr'>ἐκείνων</span> <span class='ocrx_word' id='word_1_24' title='bbox 949 632 1179 701; x_wconf 79' lang='grc' dir='ltr'>τρόπους</span> <span class='ocrx_word' id='word_1_25' title='bbox 1226 631 1658 702; x_wconf 86' lang='grc' dir='ltr'>μεταϐαλόντων,</span> <span class='ocrx_word' id='word_1_26' title='bbox 1691 635 1851 703; x_wconf 85' lang='grc' dir='ltr'>ἡμεῖς</span> <span class='ocrx_word' id='word_1_27' title='bbox 1885 635 1970 686; x_wconf 85' lang='grc' dir='ltr'>τό·</span> 
     </span>
    </p>
   </div>
   <div class='ocr_carea' id='block_1_6' title="bbox 235 703 1974 791">
    <p class='ocr_par' dir='ltr' id='par_1_6' title="bbox 235 703 1974 791">
     <span class='ocr_line' id='line_1_6' title="bbox 235 703 1974 791; baseline -0.001 -19"><span class='ocrx_word' id='word_1_28' title='bbox 235 703 256 716; x_wconf 31' lang='grc' dir='ltr'>ς</span> <span class='ocrx_word' id='word_1_29' title='bbox 301 738 434 784; x_wconf 83' lang='grc' dir='ltr'>πους</span> <span class='ocrx_word' id='word_1_30' title='bbox 463 720 910 788; x_wconf 78' lang='grc' dir='ltr'>ἀμείϐοντες,καὶ</span> <span class='ocrx_word' id='word_1_31' title='bbox 938 719 1243 788; x_wconf 77' lang='grc' dir='ltr'>μεθυόντων</span> <span class='ocrx_word' id='word_1_32' title='bbox 1269 717 1572 790; x_wconf 86' lang='grc' dir='ltr'>ἀνθρώπων</span> <span class='ocrx_word' id='word_1_33' title='bbox 1593 719 1730 791; x_wconf 81' lang='grc' dir='ltr'>ἔργα</span> <span class='ocrx_word' id='word_1_34' title='bbox 1760 720 1974 773; x_wconf 80' lang='grc' dir='ltr'>ποιοῦν-</span> 
     </span>
    </p>
   </div>
   <div class='ocr_carea' id='block_1_7' title="bbox 300 806 1974 877">
    <p class='ocr_par' dir='ltr' id='par_1_7' title="bbox 300 806 1974 877">
     <span class='ocr_line' id='line_1_7' title="bbox 300 806 1974 877; baseline -0.001 -17"><span class='ocrx_word' id='word_1_35' title='bbox 300 825 410 870; x_wconf 84' lang='grc' dir='ltr'>τες,</span> <span class='ocrx_word' id='word_1_36' title='bbox 445 807 540 860; x_wconf 78' lang='grc' dir='ltr'>καὶ</span> <span class='ocrx_word' id='word_1_37' title='bbox 581 806 680 868; x_wconf 80' lang='grc' dir='ltr'>τὰς</span> <span class='ocrx_word' id='word_1_38' title='bbox 723 807 909 869; x_wconf 80' lang='grc' dir='ltr'>οὐσίας</span> <span class='ocrx_word' id='word_1_39' title='bbox 943 807 1363 872; x_wconf 83' lang='grc' dir='ltr'>ὑπεκτιθέντες;</span> <span class='ocrx_word' id='word_1_40' title='bbox 1417 807 1476 858; x_wconf 81' lang='grc' dir='ltr'>Ὀ</span> <span class='ocrx_word' id='word_1_41' title='bbox 1518 807 1795 877; x_wconf 78' lang='grc' dir='ltr'>Δεσπότης</span> <span class='ocrx_word' id='word_1_42' title='bbox 1844 809 1974 877; x_wconf 84' lang='grc' dir='ltr'>ήμῖν</span> 
     </span>
    </p>
   </div>
   <div class='ocr_carea' id='block_1_8' title="bbox 301 894 1976 966">
    <p class='ocr_par' dir='ltr' id='par_1_8' title="bbox 301 894 1976 966">
     <span class='ocr_line' id='line_1_8' title="bbox 301 894 1976 966; baseline -0.001 -17"><span class='ocrx_word' id='word_1_43' title='bbox 301 897 601 966; x_wconf 77' lang='grc' dir='ltr'>ὀργίζεται,</span> <span class='ocrx_word' id='word_1_44' title='bbox 631 897 724 948; x_wconf 72' lang='grc' dir='ltr'>καὶ</span> <span class='ocrx_word' id='word_1_45' title='bbox 757 896 917 966; x_wconf 82' lang='grc' dir='ltr'>ἡμεῖς</span> <span class='ocrx_word' id='word_1_46' title='bbox 949 895 1178 964; x_wconf 89' lang='grc' dir='ltr'>ἀφέντες</span> <span class='ocrx_word' id='word_1_47' title='bbox 1225 894 1524 948; x_wconf 86' lang='grc' dir='ltr'>καταλῦσαι</span> <span class='ocrx_word' id='word_1_48' title='bbox 1557 896 1654 964; x_wconf 83' lang='grc' dir='ltr'>τὴν</span> <span class='ocrx_word' id='word_1_49' title='bbox 1685 895 1876 965; x_wconf 77' lang='grc' dir='ltr'>ὀργὴν,</span> <span class='ocrx_word' id='word_1_50' title='bbox 1907 895 1976 947; x_wconf 69' lang='grc' dir='ltr'>τὰ</span> 
     </span>
    </p>
   </div>
   <div class='ocr_carea' id='block_1_9' title="bbox 299 981 1976 1057">
    <p class='ocr_par' dir='ltr' id='par_1_9' title="bbox 299 981 1976 1057">
     <span class='ocr_line' id='line_1_9' title="bbox 299 981 1976 1057; baseline -0.003 -19"><span class='ocrx_word' id='word_1_51' title='bbox 299 988 398 1057; x_wconf 78' lang='grc' dir='ltr'>τῆς</span> <span class='ocrx_word' id='word_1_52' title='bbox 421 985 597 1046; x_wconf 83' lang='grc' dir='ltr'>οἰκίας</span> <span class='ocrx_word' id='word_1_53' title='bbox 616 995 642 1024; x_wconf 73' lang='grc' dir='ltr'>ι</span> <span class='ocrx_word' id='word_1_54' title='bbox 669 984 1098 1054; x_wconf 59' lang='grc' dir='ltr'>πριστρέφομεν</span> <span class='ocrx_word' id='word_1_55' title='bbox 1123 985 1213 1036; x_wconf 74' lang='grc' dir='ltr'>καὶ</span> <span class='ocrx_word' id='word_1_56' title='bbox 1243 983 1664 1054; x_wconf 78' lang='grc' dir='ltr'>περιερχόμεθα,</span> <span class='ocrx_word' id='word_1_57' title='bbox 1686 981 1976 1052; x_wconf 76' lang='grc' dir='ltr'>ζητοῦντες</span> 
     </span>
    </p>
   </div>
   <div class='ocr_carea' id='block_1_10' title="bbox 301 1069 1976 1142">
    <p class='ocr_par' dir='ltr' id='par_1_10' title="bbox 301 1069 1976 1142">
     <span class='ocr_line' id='line_1_10' title="bbox 301 1069 1976 1142; baseline -0.001 -18"><span class='ocrx_word' id='word_1_58' title='bbox 301 1073 405 1126; x_wconf 87' lang='grc' dir='ltr'>ποῦ</span> <span class='ocrx_word' id='word_1_59' title='bbox 435 1071 802 1141; x_wconf 81' lang='grc' dir='ltr'>καταθώμεθα</span> <span class='ocrx_word' id='word_1_60' title='bbox 823 1071 918 1142; x_wconf 83' lang='grc' dir='ltr'>τὴν</span> <span class='ocrx_word' id='word_1_61' title='bbox 939 1071 1146 1132; x_wconf 76' lang='grc' dir='ltr'>οὐσίαν,</span> <span class='ocrx_word' id='word_1_62' title='bbox 1176 1070 1294 1122; x_wconf 86' lang='grc' dir='ltr'>δέον</span> <span class='ocrx_word' id='word_1_63' title='bbox 1321 1071 1502 1140; x_wconf 79' lang='grc' dir='ltr'>ζητεῖν</span> <span class='ocrx_word' id='word_1_64' title='bbox 1543 1070 1644 1122; x_wconf 89' lang='grc' dir='ltr'>ποῦ</span> <span class='ocrx_word' id='word_1_65' title='bbox 1669 1070 1767 1141; x_wconf 75' lang='grc' dir='ltr'>τὴν</span> <span class='ocrx_word' id='word_1_66' title='bbox 1799 1069 1976 1140; x_wconf 81' lang='grc' dir='ltr'>ψυχὴν</span> 
     </span>
    </p>
   </div>
   <div class='ocr_carea' id='block_1_11' title="bbox 301 1153 1974 1229">
    <p class='ocr_par' dir='ltr' id='par_1_11' title="bbox 301 1153 1974 1229">
     <span class='ocr_line' id='line_1_11' title="bbox 301 1153 1974 1229; baseline -0.002 -19"><span class='ocrx_word' id='word_1_67' title='bbox 301 1157 817 1229; x_wconf 77' lang='grc' dir='ltr'>παρακαταθώμῖθα</span> <span class='ocrx_word' id='word_1_68' title='bbox 833 1173 846 1188; x_wconf 96' lang='grc'>·</span> <span class='ocrx_word' id='word_1_69' title='bbox 884 1156 1082 1225; x_wconf 77' lang='grc' dir='ltr'>μᾶλλον</span> <span class='ocrx_word' id='word_1_70' title='bbox 1108 1155 1164 1208; x_wconf 79' lang='grc' dir='ltr'>δὲ</span> <span class='ocrx_word' id='word_1_71' title='bbox 1187 1156 1306 1208; x_wconf 84' lang='grc' dir='ltr'>ούδέ</span> <span class='ocrx_word' id='word_1_72' title='bbox 1329 1155 1436 1226; x_wconf 81' lang='grc' dir='ltr'>χρὴ</span> <span class='ocrx_word' id='word_1_73' title='bbox 1472 1153 1675 1224; x_wconf 81' lang='grc' dir='ltr'>ζητεῖν,</span> <span class='ocrx_word' id='word_1_74' title='bbox 1707 1155 1823 1208; x_wconf 87' lang='grc' dir='ltr'>ἀλλ’</span> <span class='ocrx_word' id='word_1_75' title='bbox 1845 1156 1974 1227; x_wconf 74' lang='grc' dir='ltr'>ἀρε-</span> 
     </span>
    </p>
   </div>
   <div class='ocr_carea' id='block_1_12' title="bbox 290 1242 1972 1316">
    <p class='ocr_par' dir='ltr' id='par_1_12' title="bbox 290 1242 1972 1316">
     <span class='ocr_line' id='line_1_12' title="bbox 290 1242 1972 1316; baseline 0.014 -21"><span class='ocrx_word' id='word_1_76' title='bbox 290 1249 363 1316; x_wconf 73' lang='grc' dir='ltr'>τῇ</span> <span class='ocrx_word' id='word_1_77' title='bbox 391 1246 485 1298; x_wconf 73' lang='grc' dir='ltr'>καὶ</span> <span class='ocrx_word' id='word_1_78' title='bbox 511 1244 767 1316; x_wconf 75' lang='grc' dir='ltr'>ὀρθότητι</span> <span class='ocrx_word' id='word_1_79' title='bbox 800 1243 914 1313; x_wconf 80' lang='grc' dir='ltr'>βίου</span> <span class='ocrx_word' id='word_1_80' title='bbox 945 1245 1042 1313; x_wconf 84' lang='grc' dir='ltr'>τὴν</span> <span class='ocrx_word' id='word_1_81' title='bbox 1084 1243 1386 1312; x_wconf 83' lang='grc' dir='ltr'>ἀσφάλειαν</span> <span class='ocrx_word' id='word_1_82' title='bbox 1427 1243 1594 1312; x_wconf 65' lang='grc' dir='ltr'>αὐτῆς</span> <span class='ocrx_word' id='word_1_83' title='bbox 1627 1242 1972 1314; x_wconf 68' lang='grc' dir='ltr'>ἐγχειρίζειν-</span> 
     </span>
    </p>
   </div>
   <div class='ocr_carea' id='block_1_13' title="bbox 300 1329 1977 1402">
    <p class='ocr_par' dir='ltr' id='par_1_13' title="bbox 300 1329 1977 1402">
     <span class='ocr_line' id='line_1_13' title="bbox 300 1329 1977 1402; baseline -0.002 -16"><span class='ocrx_word' id='word_1_84' title='bbox 300 1333 436 1386; x_wconf 78' lang='grc' dir='ltr'>Θύδέ</span> <span class='ocrx_word' id='word_1_85' title='bbox 467 1332 578 1402; x_wconf 81' lang='grc' dir='ltr'>γὰρ</span> <span class='ocrx_word' id='word_1_86' title='bbox 600 1334 646 1383; x_wconf 89' lang='grc' dir='ltr'>εἰ</span> <span class='ocrx_word' id='word_1_87' title='bbox 679 1333 814 1400; x_wconf 71' lang='grc' dir='ltr'>πρὸς</span> <span class='ocrx_word' id='word_1_88' title='bbox 845 1330 1062 1400; x_wconf 75' lang='grc' dir='ltr'>οἰκέτην</span> <span class='ocrx_word' id='word_1_89' title='bbox 1091 1330 1458 1399; x_wconf 71' lang='grc' dir='ltr'>ὀργιζομένων</span> <span class='ocrx_word' id='word_1_90' title='bbox 1485 1329 1580 1383; x_wconf 65' lang='grc' dir='ltr'>καί⁵</span> <span class='ocrx_word' id='word_1_91' title='bbox 1607 1330 1977 1398; x_wconf 86' lang='grc' dir='ltr'>ἀγανακτούν-</span> 
     </span>
    </p>
   </div>
   <div class='ocr_carea' id='block_1_14' title="bbox 299 1417 1976 1490">
    <p class='ocr_par' dir='ltr' id='par_1_14' title="bbox 299 1417 1976 1490">
     <span class='ocr_line' id='line_1_14' title="bbox 299 1417 1976 1490; baseline -0.002 -18"><span class='ocrx_word' id='word_1_92' title='bbox 299 1439 407 1472; x_wconf 84' lang='grc' dir='ltr'>των</span> <span class='ocrx_word' id='word_1_93' title='bbox 461 1420 636 1490; x_wconf 83' lang='grc' dir='ltr'>ήμῶν,</span> <span class='ocrx_word' id='word_1_94' title='bbox 685 1419 746 1469; x_wconf 86' lang='grc' dir='ltr'>τὸ</span> <span class='ocrx_word' id='word_1_95' title='bbox 795 1418 932 1486; x_wconf 85' lang='grc' dir='ltr'>πρὸς</span> <span class='ocrx_word' id='word_1_96' title='bbox 977 1417 1074 1488; x_wconf 86' lang='grc' dir='ltr'>τὴν</span> <span class='ocrx_word' id='word_1_97' title='bbox 1135 1418 1301 1487; x_wconf 74' lang='grc' dir='ltr'>ὀργὴν</span> <span class='ocrx_word' id='word_1_98' title='bbox 1337 1417 1778 1485; x_wconf 86' lang='grc' dir='ltr'>ἀπολογήσασθαι</span> <span class='ocrx_word' id='word_1_99' title='bbox 1820 1418 1976 1486; x_wconf 74' lang='grc' dir='ltr'>ἀφεὶς</span> 
     </span>
    </p>
   </div>
   <div class='ocr_carea' id='block_1_15' title="bbox 301 1504 1978 1575">
    <p class='ocr_par' dir='ltr' id='par_1_15' title="bbox 301 1504 1978 1575">
     <span class='ocr_line' id='line_1_15' title="bbox 301 1504 1978 1575; baseline -0.001 -15"><span class='ocrx_word' id='word_1_100' title='bbox 301 1511 504 1568; x_wconf 86' lang='grc' dir='ltr'>ἐκεῖνος</span> <span class='ocrx_word' id='word_1_101' title='bbox 533 1508 610 1568; x_wconf 82' lang='grc' dir='ltr'>εἰς</span> <span class='ocrx_word' id='word_1_102' title='bbox 637 1505 725 1558; x_wconf 88' lang='grc' dir='ltr'>τὸν</span> <span class='ocrx_word' id='word_1_103' title='bbox 749 1506 990 1557; x_wconf 86' lang='grc' dir='ltr'>οἰκίσκον</span> <span class='ocrx_word' id='word_1_104' title='bbox 1029 1504 1118 1556; x_wconf 84' lang='grc' dir='ltr'>τὸν</span> <span class='ocrx_word' id='word_1_105' title='bbox 1145 1505 1340 1558; x_wconf 84' lang='grc' dir='ltr'>ἐαυτοῦ</span> <span class='ocrx_word' id='word_1_106' title='bbox 1371 1505 1668 1568; x_wconf 86' lang='grc' dir='ltr'>κατελθὼν,</span> <span class='ocrx_word' id='word_1_107' title='bbox 1696 1505 1763 1557; x_wconf 66' lang='grc' dir='ltr'>τὰ</span> <span class='ocrx_word' id='word_1_108' title='bbox 1787 1505 1978 1575; x_wconf 83' lang='grc' dir='ltr'>ἱμάτια</span> 
     </span>
    </p>
   </div>
   <div class='ocr_carea' id='block_1_16' title="bbox 301 1591 1978 1664">
    <p class='ocr_par' dir='ltr' id='par_1_16' title="bbox 301 1591 1978 1664">
     <span class='ocr_line' id='line_1_16' title="bbox 301 1591 1978 1664; baseline -0.005 -14"><span class='ocrx_word' id='word_1_109' title='bbox 301 1597 394 1652; x_wconf 65' lang='grc' dir='ltr'>καὶ</span> <span class='ocrx_word' id='word_1_110' title='bbox 425 1595 491 1648; x_wconf 80' lang='grc' dir='ltr'>τὰ</span> <span class='ocrx_word' id='word_1_111' title='bbox 525 1593 725 1648; x_wconf 75' lang='grc' dir='ltr'>ἔπιπλα</span> <span class='ocrx_word' id='word_1_112' title='bbox 762 1593 939 1644; x_wconf 71' lang='grc' dir='ltr'>πάντα</span> <span class='ocrx_word' id='word_1_113' title='bbox 981 1591 1302 1658; x_wconf 86' lang='grc' dir='ltr'>συναγαγὼν</span> <span class='ocrx_word' id='word_1_114' title='bbox 1367 1593 1460 1644; x_wconf 85' lang='grc' dir='ltr'>καὶ</span> <span class='ocrx_word' id='word_1_115' title='bbox 1491 1593 1829 1664; x_wconf 79' lang='grc' dir='ltr'>καταδήσας,</span> <span class='ocrx_word' id='word_1_116' title='bbox 1851 1593 1978 1658; x_wconf 64' lang='grc' dir='ltr'>περὶ</span> 
     </span>
    </p>
   </div>
   <div class='ocr_carea' id='block_1_17' title="bbox 303 1676 1980 1753">
    <p class='ocr_par' dir='ltr' id='par_1_17' title="bbox 303 1676 1980 1753">
     <span class='ocr_line' id='line_1_17' title="bbox 303 1676 1980 1753; baseline -0.011 -19"><span class='ocrx_word' id='word_1_117' title='bbox 303 1683 476 1753; x_wconf 80' lang='grc' dir='ltr'>φυγῆς</span> <span class='ocrx_word' id='word_1_118' title='bbox 507 1678 841 1741; x_wconf 86' lang='grc' dir='ltr'>ἐϐουλεύετο,</span> <span class='ocrx_word' id='word_1_119' title='bbox 880 1676 1069 1746; x_wconf 78' lang='grc' dir='ltr'>πράως</span> <span class='ocrx_word' id='word_1_120' title='bbox 1113 1676 1514 1746; x_wconf 69' lang='grc' dir='ltr'>ἀνηνέγκαμεν</span> <span class='ocrx_word' id='word_1_121' title='bbox 1567 1677 1664 1748; x_wconf 65' lang='grc' dir='ltr'>τὴν</span> <span class='ocrx_word' id='word_1_122' title='bbox 1707 1677 1980 1747; x_wconf 68' lang='grc' dir='ltr'>καταφρά-</span> 
     </span>
    </p>
   </div>
   <div class='ocr_carea' id='block_1_18' title="bbox 297 1762 1978 1842">
    <p class='ocr_par' dir='ltr' id='par_1_18' title="bbox 297 1762 1978 1842">
     <span class='ocr_line' id='line_1_18' title="bbox 297 1762 1978 1842; baseline -0.005 -18"><span class='ocrx_word' id='word_1_123' title='bbox 297 1787 454 1842; x_wconf 90' lang='grc' dir='ltr'>νησιν</span> <span class='ocrx_word' id='word_1_124' title='bbox 486 1767 707 1838; x_wconf 88' lang='grc' dir='ltr'>ταύτην.</span> <span class='ocrx_word' id='word_1_125' title='bbox 749 1762 1095 1833; x_wconf 82' lang='grc' dir='ltr'>Παυσὼμεθα</span> <span class='ocrx_word' id='word_1_126' title='bbox 1142 1763 1321 1816; x_wconf 79' lang='grc' dir='ltr'>τοίνυν</span> <span class='ocrx_word' id='word_1_127' title='bbox 1365 1764 1462 1834; x_wconf 80' lang='grc' dir='ltr'>τῆς</span> <span class='ocrx_word' id='word_1_128' title='bbox 1515 1765 1744 1835; x_wconf 82' lang='grc' dir='ltr'>ἀκαίρου</span> <span class='ocrx_word' id='word_1_129' title='bbox 1775 1764 1978 1836; x_wconf 86' lang='grc' dir='ltr'>ταύτης</span> 
     </span>
    </p>
   </div>
   <div class='ocr_carea' id='block_1_19' title="bbox 303 1851 1978 1928">
    <p class='ocr_par' dir='ltr' id='par_1_19' title="bbox 303 1851 1978 1928">
     <span class='ocr_line' id='line_1_19' title="bbox 303 1851 1978 1928; baseline -0.002 -18"><span class='ocrx_word' id='word_1_130' title='bbox 303 1859 558 1928; x_wconf 77' lang='grc' dir='ltr'>σπουδῆς.</span> <span class='ocrx_word' id='word_1_131' title='bbox 592 1855 687 1908; x_wconf 72' lang='grc' dir='ltr'>καί.</span> <span class='ocrx_word' id='word_1_132' title='bbox 719 1853 960 1922; x_wconf 88' lang='grc' dir='ltr'>εἴπωμεν</span> <span class='ocrx_word' id='word_1_133' title='bbox 994 1851 1224 1916; x_wconf 72' lang='grc' dir='ltr'>ἕκαστος</span> <span class='ocrx_word' id='word_1_134' title='bbox 1254 1853 1392 1922; x_wconf 81' lang='grc' dir='ltr'>πρὸς</span> <span class='ocrx_word' id='word_1_135' title='bbox 1411 1853 1501 1904; x_wconf 81' lang='grc' dir='ltr'>τὸν</span> <span class='ocrx_word' id='word_1_136' title='bbox 1529 1853 1692 1906; x_wconf 85' lang='grc' dir='ltr'>Θεόν·</span> <span class='ocrx_word' id='word_1_137' title='bbox 1723 1853 1845 1907; x_wconf 85' lang='grc' dir='ltr'>Ποῦ</span> <span class='ocrx_word' id='word_1_138' title='bbox 1871 1870 1978 1906; x_wconf 76' lang='grc' dir='ltr'>πο⁴</span> 
     </span>
    </p>
   </div>
   <div class='ocr_carea' id='block_1_20' title="bbox 294 1939 1982 2015">
    <p class='ocr_par' dir='ltr' id='par_1_20' title="bbox 294 1939 1982 2015">
     <span class='ocr_line' id='line_1_20' title="bbox 294 1939 1982 2015; baseline -0.001 -19"><span class='ocrx_word' id='word_1_139' title='bbox 294 1943 486 2015; x_wconf 76' lang='grc' dir='ltr'>ρευθῶ</span> <span class='ocrx_word' id='word_1_140' title='bbox 511 1941 629 1998; x_wconf 78' lang='grc' dir='ltr'>ἀπὸ</span> <span class='ocrx_word' id='word_1_141' title='bbox 659 1940 767 1994; x_wconf 80' lang='grc' dir='ltr'>τοῦ</span> <span class='ocrx_word' id='word_1_142' title='bbox 797 1939 1138 2007; x_wconf 78' lang='grc' dir='ltr'>πνεύματός</span> <span class='ocrx_word' id='word_1_143' title='bbox 1166 1953 1284 1992; x_wconf 84' lang='grc' dir='ltr'>σου</span> <span class='ocrx_word' id='word_1_144' title='bbox 1304 1979 1316 2001; x_wconf 87' lang='grc'>,</span> <span class='ocrx_word' id='word_1_145' title='bbox 1359 1939 1455 1992; x_wconf 77' lang='grc' dir='ltr'>καὶ</span> <span class='ocrx_word' id='word_1_146' title='bbox 1509 1939 1627 1992; x_wconf 82' lang='grc' dir='ltr'>ἀπὸ</span> <span class='ocrx_word' id='word_1_147' title='bbox 1659 1939 1764 1994; x_wconf 83' lang='grc' dir='ltr'>τοῦ</span> <span class='ocrx_word' id='word_1_148' title='bbox 1795 1955 1982 2008; x_wconf 72' lang='grc' dir='ltr'>προσ-</span> 
     </span>
    </p>
   </div>
   <div class='ocr_carea' id='block_1_21' title="bbox 299 2024 1981 2099">
    <p class='ocr_par' dir='ltr' id='par_1_21' title="bbox 299 2024 1981 2099">
     <span class='ocr_line' id='line_1_21' title="bbox 299 2024 1981 2099; baseline -0.003 -15"><span class='ocrx_word' id='word_1_149' title='bbox 299 2033 464 2084; x_wconf 74' lang='grc' dir='ltr'>ώπου</span> <span class='ocrx_word' id='word_1_150' title='bbox 495 2047 611 2084; x_wconf 85' lang='grc' dir='ltr'>σου</span> <span class='ocrx_word' id='word_1_151' title='bbox 637 2028 755 2082; x_wconf 76' lang='grc' dir='ltr'>ποῦ</span> <span class='ocrx_word' id='word_1_152' title='bbox 780 2027 981 2096; x_wconf 49' lang='lat' dir='ltr'>sulm;</span> <span class='ocrx_word' id='word_1_153' title='bbox 1005 2024 1390 2096; x_wconf 84' lang='grc' dir='ltr'>Μιμησώμεθα</span> <span class='ocrx_word' id='word_1_154' title='bbox 1422 2027 1521 2096; x_wconf 83' lang='grc' dir='ltr'>τὴν</span> <span class='ocrx_word' id='word_1_155' title='bbox 1554 2026 1659 2079; x_wconf 84' lang='grc' dir='ltr'>τῶν</span> <span class='ocrx_word' id='word_1_156' title='bbox 1691 2026 1981 2099; x_wconf 84' lang='grc' dir='ltr'>βαρϐάρων</span> 
     </span>
    </p>
   </div>
   <div class='ocr_carea' id='block_1_22' title="bbox 302 2110 1980 2184">
    <p class='ocr_par' dir='ltr' id='par_1_22' title="bbox 302 2110 1980 2184">
     <span class='ocr_line' id='line_1_22' title="bbox 302 2110 1980 2184; baseline -0.003 -15"><span class='ocrx_word' id='word_1_157' title='bbox 302 2115 649 2184; x_wconf 69' lang='grc' dir='ltr'>φιλοσοφίαν·</span> <span class='ocrx_word' id='word_1_158' title='bbox 695 2113 890 2166; x_wconf 84' lang='grc' dir='ltr'>ἐκεῖνοι</span> <span class='ocrx_word' id='word_1_159' title='bbox 937 2112 1022 2163; x_wconf 81' lang='grc' dir='ltr'>ἐπ’</span> <span class='ocrx_word' id='word_1_160' title='bbox 1057 2110 1272 2180; x_wconf 81' lang='grc' dir='ltr'>ἀδήλοις</span> <span class='ocrx_word' id='word_1_161' title='bbox 1321 2111 1688 2181; x_wconf 80' lang='grc' dir='ltr'>μετενόησαν·</span> <span class='ocrx_word' id='word_1_162' title='bbox 1751 2113 1812 2165; x_wconf 84' lang='grc' dir='ltr'>οὐ</span> <span class='ocrx_word' id='word_1_163' title='bbox 1872 2114 1980 2184; x_wconf 85' lang='grc' dir='ltr'>γὰρ</span> 
     </span>
    </p>
   </div>
   <div class='ocr_carea' id='block_1_23' title="bbox 301 2198 1982 2275">
    <p class='ocr_par' dir='ltr' id='par_1_23' title="bbox 301 2198 1982 2275">
     <span class='ocr_line' id='line_1_23' title="bbox 301 2198 1982 2275; baseline -0.003 -18"><span class='ocrx_word' id='word_1_164' title='bbox 301 2202 443 2275; x_wconf 76' lang='grc' dir='ltr'>εἶχεν</span> <span class='ocrx_word' id='word_1_165' title='bbox 477 2202 794 2274; x_wconf 74' lang='grc' dir='ltr'>ήάπόφασις</span> <span class='ocrx_word' id='word_1_166' title='bbox 821 2199 998 2260; x_wconf 81' lang='grc' dir='ltr'>τοῦτο,</span> <span class='ocrx_word' id='word_1_167' title='bbox 1015 2200 1097 2251; x_wconf 77' lang='grc' dir='ltr'>ὅτι</span> <span class='ocrx_word' id='word_1_168' title='bbox 1137 2198 1261 2250; x_wconf 81' lang='grc' dir='ltr'>Ἐὰν</span> <span class='ocrx_word' id='word_1_169' title='bbox 1287 2199 1673 2270; x_wconf 73' lang='grc' dir='ltr'>ἐπιστρέψητε,</span> <span class='ocrx_word' id='word_1_170' title='bbox 1700 2201 1793 2252; x_wconf 79' lang='grc' dir='ltr'>καὶ</span> <span class='ocrx_word' id='word_1_171' title='bbox 1823 2217 1982 2270; x_wconf 89' lang='grc' dir='ltr'>μετα-</span> 
     </span>
    </p>
   </div>
   <div class='ocr_carea' id='block_1_24' title="bbox 300 2286 1982 2366">
    <p class='ocr_par' dir='ltr' id='par_1_24' title="bbox 300 2286 1982 2366">
     <span class='ocr_line' id='line_1_24' title="bbox 300 2286 1982 2366; baseline -0.004 -19"><span class='ocrx_word' id='word_1_172' title='bbox 300 2297 548 2366; x_wconf 85' lang='grc' dir='ltr'>νοήσητε,</span> <span class='ocrx_word' id='word_1_173' title='bbox 594 2292 776 2360; x_wconf 85' lang='grc' dir='ltr'>στήσω</span> <span class='ocrx_word' id='word_1_174' title='bbox 839 2289 936 2359; x_wconf 78' lang='grc' dir='ltr'>τὴν</span> <span class='ocrx_word' id='word_1_175' title='bbox 985 2287 1161 2352; x_wconf 89' lang='grc' dir='ltr'>πόλιν,</span> <span class='ocrx_word' id='word_1_176' title='bbox 1216 2286 1330 2341; x_wconf 81' lang='grc' dir='ltr'>ἀλλ’</span> <span class='ocrx_word' id='word_1_177' title='bbox 1385 2287 1610 2350; x_wconf 86' lang='grc' dir='ltr'>ἁπλῶς·</span> <span class='ocrx_word' id='word_1_178' title='bbox 1663 2290 1790 2341; x_wconf 85' lang='grc' dir='ltr'>Ἔτι</span> <span class='ocrx_word' id='word_1_179' title='bbox 1826 2289 1982 2356; x_wconf 79' lang='grc' dir='ltr'>τρεῖς</span> 
     </span>
    </p>
   </div>
   <div class='ocr_carea' id='block_1_25' title="bbox 300 2371 1978 2452">
    <p class='ocr_par' dir='ltr' id='par_1_25' title="bbox 300 2371 1978 2452">
     <span class='ocr_line' id='line_1_25' title="bbox 300 2371 1978 2452; baseline -0.005 -15"><span class='ocrx_word' id='word_1_180' title='bbox 300 2381 530 2452; x_wconf 68' lang='grc' dir='ltr'>ἡμέραι,</span> <span class='ocrx_word' id='word_1_181' title='bbox 561 2379 660 2432; x_wconf 78' lang='grc' dir='ltr'>καί</span> <span class='ocrx_word' id='word_1_182' title='bbox 690 2377 894 2431; x_wconf 78' lang='grc' dir='ltr'>Νινευῒ</span> <span class='ocrx_word' id='word_1_183' title='bbox 917 2375 1500 2444; x_wconf 70' lang='grc' dir='ltr'>καταστραφήσεται.</span> <span class='ocrx_word' id='word_1_184' title='bbox 1529 2374 1594 2426; x_wconf 89' lang='grc' dir='ltr'>Τί</span> <span class='ocrx_word' id='word_1_185' title='bbox 1624 2371 1714 2428; x_wconf 85' lang='grc' dir='ltr'>οὖν</span> <span class='ocrx_word' id='word_1_186' title='bbox 1749 2377 1978 2440; x_wconf 87' lang='grc' dir='ltr'>ἐκεῖνοι;</span> 
     </span>
    </p>
   </div>
   <div class='ocr_carea' id='block_1_26' title="bbox 306 2459 1981 2534">
    <p class='ocr_par' dir='ltr' id='par_1_26' title="bbox 306 2459 1981 2534">
     <span class='ocr_line' id='line_1_26' title="bbox 306 2459 1981 2534; baseline -0.001 -13"><span class='ocrx_word' id='word_1_187' title='bbox 306 2472 398 2534; x_wconf 88' lang='grc' dir='ltr'>Τίς</span> <span class='ocrx_word' id='word_1_188' title='bbox 447 2465 609 2521; x_wconf 75' lang='grc' dir='ltr'>οἶδεν</span> <span class='ocrx_word' id='word_1_189' title='bbox 641 2467 690 2518; x_wconf 86' lang='grc' dir='ltr'>εἰ</span> <span class='ocrx_word' id='word_1_190' title='bbox 729 2461 1087 2533; x_wconf 72' lang='grc' dir='ltr'>μετανοήσει</span> <span class='ocrx_word' id='word_1_191' title='bbox 1119 2465 1151 2517; x_wconf 84' lang='grc' dir='ltr'>ό</span> <span class='ocrx_word' id='word_1_192' title='bbox 1196 2461 1341 2529; x_wconf 80' lang='grc' dir='ltr'>Θεὸς</span> <span class='ocrx_word' id='word_1_193' title='bbox 1363 2461 1481 2516; x_wconf 75' lang='grc' dir='ltr'>ἀπὸ</span> <span class='ocrx_word' id='word_1_194' title='bbox 1515 2461 1625 2529; x_wconf 86' lang='grc' dir='ltr'>τῆς</span> <span class='ocrx_word' id='word_1_195' title='bbox 1667 2465 1882 2529; x_wconf 77' lang='grc' dir='ltr'>κακίας</span> <span class='ocrx_word' id='word_1_196' title='bbox 1907 2459 1981 2532; x_wconf 85' lang='grc' dir='ltr'>ἧς</span> 
     </span>
    </p>
   </div>
   <div class='ocr_carea' id='block_1_27' title="bbox 301 2545 1981 2622">
    <p class='ocr_par' dir='ltr' id='par_1_27' title="bbox 301 2545 1981 2622">
     <span class='ocr_line' id='line_1_27' title="bbox 301 2545 1981 2622; baseline -0.004 -14"><span class='ocrx_word' id='word_1_197' title='bbox 301 2557 566 2622; x_wconf 48' lang='lat' dir='ltr'>animos</span> <span class='ocrx_word' id='word_1_198' title='bbox 595 2551 847 2620; x_wconf 80' lang='grc' dir='ltr'>ποιῆσαι</span> <span class='ocrx_word' id='word_1_199' title='bbox 868 2550 1044 2617; x_wconf 71' lang='grc' dir='ltr'>ἡμῖνξ</span> <span class='ocrx_word' id='word_1_200' title='bbox 1079 2547 1174 2611; x_wconf 87' lang='grc' dir='ltr'>Τίς</span> <span class='ocrx_word' id='word_1_201' title='bbox 1205 2545 1380 2614; x_wconf 83' lang='grc' dir='ltr'>οἷδεν;</span> <span class='ocrx_word' id='word_1_202' title='bbox 1416 2549 1530 2602; x_wconf 82' lang='grc' dir='ltr'>Ούκ</span> <span class='ocrx_word' id='word_1_203' title='bbox 1560 2549 1706 2602; x_wconf 86' lang='grc' dir='ltr'>ῖσασι</span> <span class='ocrx_word' id='word_1_204' title='bbox 1740 2550 1800 2602; x_wconf 86' lang='grc' dir='ltr'>τὸ</span> <span class='ocrx_word' id='word_1_205' title='bbox 1829 2550 1981 2614; x_wconf 87' lang='grc' dir='ltr'>τέλος</span> 
     </span>
    </p>
   </div>
   <div class='ocr_carea' id='block_1_28' title="bbox 301 2635 1980 2714">
    <p class='ocr_par' dir='ltr' id='par_1_28' title="bbox 301 2635 1980 2714">
     <span class='ocr_line' id='line_1_28' title="bbox 301 2635 1980 2714; baseline -0.003 -18"><span class='ocrx_word' id='word_1_206' title='bbox 301 2643 392 2696; x_wconf 81' lang='grc' dir='ltr'>τοῦ</span> <span class='ocrx_word' id='word_1_207' title='bbox 423 2643 768 2714; x_wconf 85' lang='grc' dir='ltr'>πράγματος,</span> <span class='ocrx_word' id='word_1_208' title='bbox 811 2637 905 2690; x_wconf 80' lang='grc' dir='ltr'>καὶ</span> <span class='ocrx_word' id='word_1_209' title='bbox 949 2637 1048 2689; x_wconf 85' lang='grc' dir='ltr'>οὐκ</span> <span class='ocrx_word' id='word_1_210' title='bbox 1094 2635 1355 2706; x_wconf 78' lang='grc' dir='ltr'>ἀμελοῦσι</span> <span class='ocrx_word' id='word_1_211' title='bbox 1383 2637 1484 2706; x_wconf 83' lang='grc' dir='ltr'>τῆς</span> <span class='ocrx_word' id='word_1_212' title='bbox 1529 2637 1844 2706; x_wconf 80' lang='grc' dir='ltr'>μετανοίας·</span> <span class='ocrx_word' id='word_1_213' title='bbox 1882 2639 1980 2691; x_wconf 80' lang='grc' dir='ltr'>οὐκ</span> 
     </span>
    </p>
   </div>
   <div class='ocr_carea' id='block_1_29' title="bbox 302 2721 1980 2796">
    <p class='ocr_par' dir='ltr' id='par_1_29' title="bbox 302 2721 1980 2796">
     <span class='ocr_line' id='line_1_29' title="bbox 302 2721 1980 2796; baseline -0.004 -13"><span class='ocrx_word' id='word_1_214' title='bbox 302 2730 618 2784; x_wconf 76' lang='grc' dir='ltr'>ἐπίστανται</span> <span class='ocrx_word' id='word_1_215' title='bbox 654 2727 750 2796; x_wconf 80' lang='grc' dir='ltr'>τῆς</span> <span class='ocrx_word' id='word_1_216' title='bbox 785 2721 878 2776; x_wconf 87' lang='grc' dir='ltr'>τοῦ</span> <span class='ocrx_word' id='word_1_217' title='bbox 912 2721 1046 2775; x_wconf 85' lang='grc' dir='ltr'>Θεοῦ</span> <span class='ocrx_word' id='word_1_218' title='bbox 1085 2721 1496 2792; x_wconf 83' lang='grc' dir='ltr'>φιλανθρωπίας</span> <span class='ocrx_word' id='word_1_219' title='bbox 1522 2723 1612 2776; x_wconf 89' lang='grc' dir='ltr'>τὸν</span> <span class='ocrx_word' id='word_1_220' title='bbox 1634 2725 1855 2792; x_wconf 90' lang='grc' dir='ltr'>τρόπον,</span> <span class='ocrx_word' id='word_1_221' title='bbox 1887 2726 1980 2778; x_wconf 82' lang='grc' dir='ltr'>καὶ</span> 
     </span>
    </p>
   </div>
   <div class='ocr_carea' id='block_1_30' title="bbox 303 2805 1981 2886">
    <p class='ocr_par' dir='ltr' id='par_1_30' title="bbox 303 2805 1981 2886">
     <span class='ocr_line' id='line_1_30' title="bbox 303 2805 1981 2886; baseline -0.005 -16"><span class='ocrx_word' id='word_1_222' title='bbox 303 2821 388 2870; x_wconf 85' lang='grc' dir='ltr'>ἐπ’</span> <span class='ocrx_word' id='word_1_223' title='bbox 415 2815 630 2886; x_wconf 84' lang='grc' dir='ltr'>ἀδήλοις</span> <span class='ocrx_word' id='word_1_224' title='bbox 663 2809 1114 2884; x_wconf 85' lang='grc' dir='ltr'>μεταϐάλλονται·</span> <span class='ocrx_word' id='word_1_225' title='bbox 1147 2809 1268 2862; x_wconf 78' lang='grc' dir='ltr'>οὐδὲ</span> <span class='ocrx_word' id='word_1_226' title='bbox 1294 2809 1404 2882; x_wconf 82' lang='grc' dir='ltr'>γὰρ</span> <span class='ocrx_word' id='word_1_227' title='bbox 1433 2805 1578 2884; x_wconf 78' lang='grc' dir='ltr'>εἶχον</span> <span class='ocrx_word' id='word_1_228' title='bbox 1603 2811 1738 2882; x_wconf 83' lang='grc' dir='ltr'>πρὸς</span> <span class='ocrx_word' id='word_1_229' title='bbox 1764 2812 1981 2883; x_wconf 88' lang='grc' dir='ltr'>ἐτέρους</span> 
     </span>
    </p>
   </div>
   <div class='ocr_carea' id='block_1_31' title="bbox 303 2897 1978 2970">
    <p class='ocr_par' dir='ltr' id='par_1_31' title="bbox 303 2897 1978 2970">
     <span class='ocr_line' id='line_1_31' title="bbox 303 2897 1978 2970; baseline -0.004 -12"><span class='ocrx_word' id='word_1_230' title='bbox 303 2905 591 2964; x_wconf 75' lang='grc' dir='ltr'>Νινευῖτας</span> <span class='ocrx_word' id='word_1_231' title='bbox 628 2901 754 2954; x_wconf 87' lang='grc' dir='ltr'>ἰδεῖν</span> <span class='ocrx_word' id='word_1_232' title='bbox 791 2899 1228 2970; x_wconf 86' lang='grc' dir='ltr'>μετανοήσαντας</span> <span class='ocrx_word' id='word_1_233' title='bbox 1265 2897 1356 2951; x_wconf 74' lang='grc' dir='ltr'>καὶ</span> <span class='ocrx_word' id='word_1_234' title='bbox 1390 2897 1681 2961; x_wconf 86' lang='grc' dir='ltr'>σωθέντας,</span> <span class='ocrx_word' id='word_1_235' title='bbox 1713 2899 1834 2951; x_wconf 68' lang='grc' dir='ltr'>οὐδὲ</span> <span class='ocrx_word' id='word_1_236' title='bbox 1882 2901 1978 2952; x_wconf 87' lang='grc' dir='ltr'>ἀν-</span> 
     </span>
    </p>
   </div>
   <div class='ocr_carea' id='block_1_32' title="bbox 302 2985 1976 3060">
    <p class='ocr_par' dir='ltr' id='par_1_32' title="bbox 302 2985 1976 3060">
     <span class='ocr_line' id='line_1_32' title="bbox 302 2985 1976 3060; baseline -0.001 -17"><span class='ocrx_word' id='word_1_237' title='bbox 302 2993 544 3060; x_wconf 83' lang='grc' dir='ltr'>έγνωσαν</span> <span class='ocrx_word' id='word_1_238' title='bbox 568 2989 872 3060; x_wconf 76' lang='grc' dir='ltr'>προφήτας,</span> <span class='ocrx_word' id='word_1_239' title='bbox 899 2985 1018 3038; x_wconf 84' lang='grc' dir='ltr'>οὐδὲ</span> <span class='ocrx_word' id='word_1_240' title='bbox 1041 2986 1280 3056; x_wconf 78' lang='grc' dir='ltr'>ήκουσαν</span> <span class='ocrx_word' id='word_1_241' title='bbox 1311 2985 1662 3056; x_wconf 88' lang='grc' dir='ltr'>πατριαρχῶν</span> <span class='ocrx_word' id='word_1_242' title='bbox 1681 3025 1696 3048; x_wconf 91' lang='grc'>,</span> <span class='ocrx_word' id='word_1_243' title='bbox 1725 2986 1827 3039; x_wconf 82' lang='grc' dir='ltr'>οὐκ</span> <span class='ocrx_word' id='word_1_244' title='bbox 1870 2989 1976 3041; x_wconf 85' lang='grc' dir='ltr'>ἀπ-</span> 
     </span>
    </p>
   </div>
   <div class='ocr_carea' id='block_1_33' title="bbox 303 3071 1979 3149">
    <p class='ocr_par' dir='ltr' id='par_1_33' title="bbox 303 3071 1979 3149">
     <span class='ocr_line' id='line_1_33' title="bbox 303 3071 1979 3149; baseline -0.002 -18"><span class='ocrx_word' id='word_1_245' title='bbox 303 3081 540 3149; x_wconf 80' lang='grc' dir='ltr'>ήλαυσαν</span> <span class='ocrx_word' id='word_1_246' title='bbox 570 3074 899 3146; x_wconf 79' lang='grc' dir='ltr'>συμϐουλῆς,</span> <span class='ocrx_word' id='word_1_247' title='bbox 927 3074 986 3125; x_wconf 85' lang='grc' dir='ltr'>οὐ</span> <span class='ocrx_word' id='word_1_248' title='bbox 1012 3076 1268 3144; x_wconf 82' lang='grc' dir='ltr'>μετέσχον</span> <span class='ocrx_word' id='word_1_249' title='bbox 1285 3073 1672 3144; x_wconf 81' lang='grc' dir='ltr'>παραινέσεως,</span> <span class='ocrx_word' id='word_1_250' title='bbox 1704 3074 1821 3126; x_wconf 81' lang='grc' dir='ltr'>ούδέ</span> <span class='ocrx_word' id='word_1_251' title='bbox 1841 3071 1979 3146; x_wconf 83' lang='grc' dir='ltr'>ἦσαν</span> 
     </span>
    </p>
   </div>
   <div class='ocr_carea' id='block_1_34' title="bbox 303 3159 1979 3226">
    <p class='ocr_par' dir='ltr' id='par_1_34' title="bbox 303 3159 1979 3226">
     <span class='ocr_line' id='line_1_34' title="bbox 303 3159 1979 3226; baseline -0.002 -7"><span class='ocrx_word' id='word_1_252' title='bbox 303 3163 625 3226; x_wconf 81' lang='grc' dir='ltr'>πεπεικότες</span> <span class='ocrx_word' id='word_1_253' title='bbox 668 3162 914 3224; x_wconf 78' lang='grc' dir='ltr'>ἑαυτοὺς,</span> <span class='ocrx_word' id='word_1_254' title='bbox 956 3161 1038 3213; x_wconf 83' lang='grc' dir='ltr'>ὃτι</span> <span class='ocrx_word' id='word_1_255' title='bbox 1067 3159 1283 3224; x_wconf 87' lang='grc' dir='ltr'>πάντως</span> <span class='ocrx_word' id='word_1_256' title='bbox 1321 3159 1696 3226; x_wconf 84' lang='grc' dir='ltr'>ἐξιλεώσονται</span> <span class='ocrx_word' id='word_1_257' title='bbox 1721 3163 1812 3215; x_wconf 89' lang='grc' dir='ltr'>τὸν</span> <span class='ocrx_word' id='word_1_258' title='bbox 1847 3163 1979 3216; x_wconf 83' lang='grc' dir='ltr'>Θεὸν</span> 
     </span>
    </p>
   </div>
   <div class='ocr_carea' id='block_1_35' title="bbox 300 3241 1982 3325">
    <p class='ocr_par' dir='ltr' id='par_1_35' title="bbox 300 3241 1982 3325">
     <span class='ocr_line' id='line_1_35' title="bbox 300 3241 1982 3325; baseline -0.004 -18"><span class='ocrx_word' id='word_1_259' title='bbox 300 3257 367 3325; x_wconf 85' lang='grc' dir='ltr'>τῇ</span> <span class='ocrx_word' id='word_1_260' title='bbox 396 3250 680 3324; x_wconf 75' lang='grc' dir='ltr'>μετανοία-</span> <span class='ocrx_word' id='word_1_261' title='bbox 712 3248 832 3302; x_wconf 83' lang='grc' dir='ltr'>οὑδέ</span> <span class='ocrx_word' id='word_1_262' title='bbox 892 3247 1001 3318; x_wconf 83' lang='grc' dir='ltr'>γὰρ</span> <span class='ocrx_word' id='word_1_263' title='bbox 1037 3241 1148 3317; x_wconf 78' lang='grc' dir='ltr'>εἶχε</span> <span class='ocrx_word' id='word_1_264' title='bbox 1177 3247 1335 3300; x_wconf 88' lang='grc' dir='ltr'>τοῦτο</span> <span class='ocrx_word' id='word_1_265' title='bbox 1361 3249 1394 3318; x_wconf 84' lang='grc' dir='ltr'>ή</span> <span class='ocrx_word' id='word_1_266' title='bbox 1428 3247 1626 3318; x_wconf 86' lang='grc' dir='ltr'>ἀπειλή</span> <span class='ocrx_word' id='word_1_267' title='bbox 1695 3249 1808 3300; x_wconf 84' lang='grc' dir='ltr'>ἀλλ’</span> <span class='ocrx_word' id='word_1_268' title='bbox 1833 3251 1982 3321; x_wconf 78' lang='grc' dir='ltr'>ἀμφ-</span> 
     </span>
    </p>
   </div>
   <div class='ocr_carea' id='block_1_36' title="bbox 301 3335 1979 3408">
    <p class='ocr_par' dir='ltr' id='par_1_36' title="bbox 301 3335 1979 3408">
     <span class='ocr_line' id='line_1_36' title="bbox 301 3335 1979 3408; baseline -0.002 -13"><span class='ocrx_word' id='word_1_269' title='bbox 301 3340 522 3395; x_wconf 79' lang='grc' dir='ltr'>έϐαλλον</span> <span class='ocrx_word' id='word_1_270' title='bbox 553 3340 647 3393; x_wconf 77' lang='grc' dir='ltr'>καὶ</span> <span class='ocrx_word' id='word_1_271' title='bbox 698 3337 1078 3407; x_wconf 80' lang='grc' dir='ltr'>ἠμφισϐήτουν</span> <span class='ocrx_word' id='word_1_272' title='bbox 1116 3336 1244 3407; x_wconf 77' lang='grc' dir='ltr'>περὶ</span> <span class='ocrx_word' id='word_1_273' title='bbox 1277 3335 1487 3400; x_wconf 87' lang='grc' dir='ltr'>τούτου,</span> <span class='ocrx_word' id='word_1_274' title='bbox 1523 3337 1614 3388; x_wconf 81' lang='grc' dir='ltr'>καί</span> <span class='ocrx_word' id='word_1_275' title='bbox 1653 3338 1802 3406; x_wconf 83' lang='grc' dir='ltr'>ὅμως</span> <span class='ocrx_word' id='word_1_276' title='bbox 1851 3355 1979 3408; x_wconf 86' lang='grc' dir='ltr'>μετ-</span> 
     </span>
    </p>
   </div>
   <div class='ocr_carea' id='block_1_37' title="bbox 301 3417 1977 3498">
    <p class='ocr_par' dir='ltr' id='par_1_37' title="bbox 301 3417 1977 3498">
     <span class='ocr_line' id='line_1_37' title="bbox 301 3417 1977 3498; baseline -0.002 -16"><span class='ocrx_word' id='word_1_277' title='bbox 301 3430 528 3498; x_wconf 84' lang='grc' dir='ltr'>ενόησαν</span> <span class='ocrx_word' id='word_1_278' title='bbox 549 3426 663 3496; x_wconf 83' lang='grc' dir='ltr'>μετ’</span> <span class='ocrx_word' id='word_1_279' title='bbox 677 3423 962 3496; x_wconf 86' lang='grc' dir='ltr'>ἀκριϐείας</span> <span class='ocrx_word' id='word_1_280' title='bbox 985 3423 1219 3494; x_wconf 85' lang='grc' dir='ltr'>ἁπάσης.</span> <span class='ocrx_word' id='word_1_281' title='bbox 1247 3421 1342 3486; x_wconf 87' lang='grc' dir='ltr'>Τίς</span> <span class='ocrx_word' id='word_1_282' title='bbox 1362 3417 1456 3476; x_wconf 82' lang='grc' dir='ltr'>οὖν</span> <span class='ocrx_word' id='word_1_283' title='bbox 1479 3423 1627 3476; x_wconf 76' lang='grc' dir='ltr'>ἔσται</span> <span class='ocrx_word' id='word_1_284' title='bbox 1647 3423 1801 3492; x_wconf 84' lang='grc' dir='ltr'>λόγος</span> <span class='ocrx_word' id='word_1_285' title='bbox 1825 3428 1977 3495; x_wconf 81' lang='grc' dir='ltr'>ἡμῖν,</span> 
     </span>
    </p>
   </div>
   <div class='ocr_carea' id='block_1_38' title="bbox 301 3511 1977 3586">
    <p class='ocr_par' dir='ltr' id='par_1_38' title="bbox 301 3511 1977 3586">
     <span class='ocr_line' id='line_1_38' title="bbox 301 3511 1977 3586; baseline -0.001 -16"><span class='ocrx_word' id='word_1_286' title='bbox 301 3521 427 3572; x_wconf 69' lang='grc' dir='ltr'>ὃταν</span> <span class='ocrx_word' id='word_1_287' title='bbox 453 3518 501 3569; x_wconf 87' lang='grc' dir='ltr'>οἰ</span> <span class='ocrx_word' id='word_1_288' title='bbox 531 3517 628 3586; x_wconf 84' lang='grc' dir='ltr'>μὲν</span> <span class='ocrx_word' id='word_1_289' title='bbox 645 3511 882 3586; x_wconf 77' lang='grc' dir='ltr'>περὶτοῦ</span> <span class='ocrx_word' id='word_1_290' title='bbox 917 3513 1104 3576; x_wconf 79' lang='grc' dir='ltr'>τέλους</span> <span class='ocrx_word' id='word_1_291' title='bbox 1134 3512 1356 3584; x_wconf 78' lang='grc' dir='ltr'>θαρρεῖν</span> <span class='ocrx_word' id='word_1_292' title='bbox 1385 3513 1484 3566; x_wconf 87' lang='grc' dir='ltr'>οὑκ</span> <span class='ocrx_word' id='word_1_293' title='bbox 1513 3513 1748 3583; x_wconf 77' lang='grc' dir='ltr'>ἔχοντες,</span> <span class='ocrx_word' id='word_1_294' title='bbox 1782 3515 1977 3568; x_wconf 77' lang='grc' dir='ltr'>τοσαύο</span> 
     </span>
    </p>
   </div>
   <div class='ocr_carea' id='block_1_39' title="bbox 300 3599 1980 3674">
    <p class='ocr_par' dir='ltr' id='par_1_39' title="bbox 300 3599 1980 3674">
     <span class='ocr_line' id='line_1_39' title="bbox 300 3599 1980 3674; baseline 0.001 -18"><span class='ocrx_word' id='word_1_295' title='bbox 300 3621 400 3674; x_wconf 85' lang='grc' dir='ltr'>την</span> <span class='ocrx_word' id='word_1_296' title='bbox 433 3599 908 3670; x_wconf 71' lang='grc' dir='ltr'>ἐπιδεδειγμένοιδ</span> <span class='ocrx_word' id='word_1_297' title='bbox 941 3601 1234 3669; x_wconf 85' lang='grc' dir='ltr'>φαίνωνται</span> <span class='ocrx_word' id='word_1_298' title='bbox 1260 3599 1357 3671; x_wconf 72' lang='grc' dir='ltr'>τήν</span> <span class='ocrx_word' id='word_1_299' title='bbox 1394 3600 1717 3672; x_wconf 79' lang='grc' dir='ltr'>μεταϐολὴν,</span> <span class='ocrx_word' id='word_1_300' title='bbox 1759 3605 1822 3656; x_wconf 75' lang='grc' dir='ltr'>σὺ</span> <span class='ocrx_word' id='word_1_301' title='bbox 1859 3603 1914 3655; x_wconf 84' lang='grc' dir='ltr'>δὲ</span> <span class='ocrx_word' id='word_1_302' title='bbox 1953 3607 1980 3657; x_wconf 84' lang='grc' dir='ltr'>ό</span> 
     </span>
    </p>
   </div>
   <div class='ocr_carea' id='block_1_40' title="bbox 301 3688 1980 3765">
    <p class='ocr_par' dir='ltr' id='par_1_40' title="bbox 301 3688 1980 3765">
     <span class='ocr_line' id='line_1_40' title="bbox 301 3688 1980 3765; baseline 0.001 -22"><span class='ocrx_word' id='word_1_303' title='bbox 301 3693 525 3765; x_wconf 77' lang='grc' dir='ltr'>θαρρεῖν</span> <span class='ocrx_word' id='word_1_304' title='bbox 546 3691 685 3762; x_wconf 77' lang='grc' dir='ltr'>ἔχων</span> <span class='ocrx_word' id='word_1_305' title='bbox 708 3689 836 3761; x_wconf 83' lang='grc' dir='ltr'>περί</span> <span class='ocrx_word' id='word_1_306' title='bbox 863 3688 960 3758; x_wconf 82' lang='grc' dir='ltr'>τῆς</span> <span class='ocrx_word' id='word_1_307' title='bbox 983 3688 1394 3758; x_wconf 82' lang='grc' dir='ltr'>φιλανθρωπίας</span> <span class='ocrx_word' id='word_1_308' title='bbox 1407 3688 1503 3742; x_wconf 81' lang='grc' dir='ltr'>τοῦ</span> <span class='ocrx_word' id='word_1_309' title='bbox 1529 3689 1663 3742; x_wconf 89' lang='grc' dir='ltr'>Θεοῦ</span> <span class='ocrx_word' id='word_1_310' title='bbox 1687 3691 1779 3743; x_wconf 74' lang='grc' dir='ltr'>καὶ</span> 
     </span>
    </p>
   </div>
   <div class='ocr_carea' id='block_1_41' title="bbox 300 3775 1980 3852">
    <p class='ocr_par' dir='ltr' id='par_1_41' title="bbox 300 3775 1980 3852">
     <span class='ocr_line' id='line_1_41' title="bbox 300 3775 1980 3852; baseline 0 -20"><span class='ocrx_word' id='word_1_311' title='bbox 300 3780 557 3841; x_wconf 76' lang='grc' dir='ltr'>πολλάκις</span> <span class='ocrx_word' id='word_1_312' title='bbox 585 3779 813 3848; x_wconf 79' lang='grc' dir='ltr'>ἐνέχυρα</span> <span class='ocrx_word' id='word_1_313' title='bbox 833 3775 1012 3830; x_wconf 83' lang='grc' dir='ltr'>λαϐὼν</span> <span class='ocrx_word' id='word_1_314' title='bbox 1034 3777 1200 3830; x_wconf 77' lang='grc' dir='ltr'>αὐτοῦ</span> <span class='ocrx_word' id='word_1_315' title='bbox 1223 3777 1320 3847; x_wconf 83' lang='grc' dir='ltr'>τῆς</span> <span class='ocrx_word' id='word_1_316' title='bbox 1343 3777 1694 3848; x_wconf 85' lang='grc' dir='ltr'>κηδεμονίας.</span> <span class='ocrx_word' id='word_1_317' title='bbox 1725 3781 1816 3832; x_wconf 74' lang='grc' dir='ltr'>καὶ</span> <span class='ocrx_word' id='word_1_318' title='bbox 1847 3797 1980 3852; x_wconf 86' lang='grc' dir='ltr'>προ-</span> 
     </span>
    </p>
   </div>
   <div class='ocr_carea' id='block_1_42' title="bbox 301 3867 1980 3941">
    <p class='ocr_par' dir='ltr' id='par_1_42' title="bbox 301 3867 1980 3941">
     <span class='ocr_line' id='line_1_42' title="bbox 301 3867 1980 3941; baseline -0.002 -18"><span class='ocrx_word' id='word_1_319' title='bbox 301 3870 484 3941; x_wconf 79' lang='grc' dir='ltr'>φητῶν</span> <span class='ocrx_word' id='word_1_320' title='bbox 516 3869 611 3922; x_wconf 77' lang='grc' dir='ltr'>καὶ</span> <span class='ocrx_word' id='word_1_321' title='bbox 634 3867 946 3920; x_wconf 83' lang='grc' dir='ltr'>ἀποστόλων</span> <span class='ocrx_word' id='word_1_322' title='bbox 968 3867 1226 3928; x_wconf 86' lang='grc' dir='ltr'>ἀκούσας,</span> <span class='ocrx_word' id='word_1_323' title='bbox 1247 3868 1340 3918; x_wconf 75' lang='grc' dir='ltr'>καὶ</span> <span class='ocrx_word' id='word_1_324' title='bbox 1367 3867 1430 3918; x_wconf 80' lang='grc' dir='ltr'>δι’</span> <span class='ocrx_word' id='word_1_325' title='bbox 1462 3867 1639 3921; x_wconf 84' lang='grc' dir='ltr'>αὐτῶν</span> <span class='ocrx_word' id='word_1_326' title='bbox 1669 3867 1980 3933; x_wconf 72' lang='grc' dir='ltr'>παιδευθεὶς</span> 
     </span>
    </p>
   </div>
   <div class='ocr_carea' id='block_1_43' title="bbox 300 3953 1979 4028">
    <p class='ocr_par' dir='ltr' id='par_1_43' title="bbox 300 3953 1979 4028">
     <span class='ocr_line' id='line_1_43' title="bbox 300 3953 1979 4028; baseline -0.001 -18"><span class='ocrx_word' id='word_1_327' title='bbox 300 3959 408 4011; x_wconf 84' lang='grc' dir='ltr'>τῶν</span> <span class='ocrx_word' id='word_1_328' title='bbox 439 3956 802 4028; x_wconf 72' lang='grc' dir='ltr'>πραγμάτων,</span> <span class='ocrx_word' id='word_1_329' title='bbox 834 3953 968 4024; x_wconf 80' lang='grc' dir='ltr'>μηδὲ</span> <span class='ocrx_word' id='word_1_330' title='bbox 999 3953 1134 4024; x_wconf 86' lang='grc' dir='ltr'>πρὸς</span> <span class='ocrx_word' id='word_1_331' title='bbox 1155 3954 1214 4004; x_wconf 89' lang='grc' dir='ltr'>τὸ</span> <span class='ocrx_word' id='word_1_332' title='bbox 1245 3953 1376 4004; x_wconf 78' lang='grc' dir='ltr'>αὐτὸ</span> <span class='ocrx_word' id='word_1_333' title='bbox 1407 3954 1507 4023; x_wconf 80' lang='grc' dir='ltr'>τῆς</span> <span class='ocrx_word' id='word_1_334' title='bbox 1523 3955 1722 4024; x_wconf 77' lang='grc' dir='ltr'>ἀρετῆς</span> <span class='ocrx_word' id='word_1_335' title='bbox 1751 3956 1979 4019; x_wconf 76' lang='grc' dir='ltr'>ἐκείνοις</span> 
     </span>
    </p>
   </div>
   <div class='ocr_carea' id='block_1_44' title="bbox 305 4035 1978 4114">
    <p class='ocr_par' dir='ltr' id='par_1_44' title="bbox 305 4035 1978 4114">
     <span class='ocr_line' id='line_1_44' title="bbox 305 4035 1978 4114; baseline 0 -20"><span class='ocrx_word' id='word_1_336' title='bbox 305 4043 499 4114; x_wconf 79' lang='grc' dir='ltr'>μέτρον</span> <span class='ocrx_word' id='word_1_337' title='bbox 521 4041 722 4111; x_wconf 81' lang='grc' dir='ltr'>φθάσαι</span> <span class='ocrx_word' id='word_1_338' title='bbox 737 4051 758 4078; x_wconf 76' lang='grc' dir='ltr'><strong><em>ο</em></strong></span> <span class='ocrx_word' id='word_1_339' title='bbox 781 4039 1195 4109; x_wconf 84' lang='grc' dir='ltr'>φιλονεικήσῃς;</span> <span class='ocrx_word' id='word_1_340' title='bbox 1225 4039 1450 4108; x_wconf 83' lang='grc' dir='ltr'>Μεγάλη</span> <span class='ocrx_word' id='word_1_341' title='bbox 1473 4039 1572 4109; x_wconf 86' lang='grc' dir='ltr'>μὲν</span> <span class='ocrx_word' id='word_1_342' title='bbox 1593 4035 1684 4091; x_wconf 83' lang='grc' dir='ltr'>οὖν</span> <span class='ocrx_word' id='word_1_343' title='bbox 1705 4040 1797 4092; x_wconf 80' lang='grc' dir='ltr'>καί</span> <span class='ocrx_word' id='word_1_344' title='bbox 1819 4041 1978 4111; x_wconf 84' lang='grc' dir='ltr'>ἡτῶν</span> 
     </span>
    </p>
   </div>
   <div class='ocr_carea' id='block_1_45' title="bbox 300 4125 1978 4200">
    <p class='ocr_par' dir='ltr' id='par_1_45' title="bbox 300 4125 1978 4200">
     <span class='ocr_line' id='line_1_45' title="bbox 300 4125 1978 4200; baseline 0.001 -21"><span class='ocrx_word' id='word_1_345' title='bbox 300 4129 602 4200; x_wconf 84' lang='grc' dir='ltr'>ἀνθρώπων</span> <span class='ocrx_word' id='word_1_346' title='bbox 622 4127 825 4180; x_wconf 84' lang='grc' dir='ltr'>τούτων</span> <span class='ocrx_word' id='word_1_347' title='bbox 842 4127 1032 4200; x_wconf 86' lang='grc' dir='ltr'>ἁρετὴ,</span> <span class='ocrx_word' id='word_1_348' title='bbox 1054 4125 1232 4195; x_wconf 77' lang='grc' dir='ltr'>πολλῷ</span> <span class='ocrx_word' id='word_1_349' title='bbox 1251 4125 1305 4178; x_wconf 81' lang='grc' dir='ltr'>δὲ</span> <span class='ocrx_word' id='word_1_350' title='bbox 1327 4125 1527 4195; x_wconf 76' lang='grc' dir='ltr'>μείζων</span> <span class='ocrx_word' id='word_1_351' title='bbox 1545 4128 1576 4196; x_wconf 84' lang='grc' dir='ltr'>ἡ</span> <span class='ocrx_word' id='word_1_352' title='bbox 1595 4127 1686 4178; x_wconf 87' lang='grc' dir='ltr'>τοῦ</span> <span class='ocrx_word' id='word_1_353' title='bbox 1703 4126 1836 4180; x_wconf 81' lang='grc' dir='ltr'>Θεοῦ</span> <span class='ocrx_word' id='word_1_354' title='bbox 1860 4129 1978 4196; x_wconf 86' lang='grc' dir='ltr'>φιλ-</span> 
     </span>
    </p>
   </div>
   <div class='ocr_carea' id='block_1_46' title="bbox 300 4213 1974 4288">
    <p class='ocr_par' dir='ltr' id='par_1_46' title="bbox 300 4213 1974 4288">
     <span class='ocr_line' id='line_1_46' title="bbox 300 4213 1974 4288; baseline -0.001 -18"><span class='ocrx_word' id='word_1_355' title='bbox 300 4217 602 4288; x_wconf 88' lang='grc' dir='ltr'>ανθρωπία,</span> <span class='ocrx_word' id='word_1_356' title='bbox 633 4215 726 4268; x_wconf 75' lang='grc' dir='ltr'>καὶ</span> <span class='ocrx_word' id='word_1_357' title='bbox 754 4214 955 4284; x_wconf 88' lang='grc' dir='ltr'>ταύτην</span> <span class='ocrx_word' id='word_1_358' title='bbox 972 4213 1244 4267; x_wconf 79' lang='grc' dir='ltr'>ἀπἀύτοῦ</span> <span class='ocrx_word' id='word_1_359' title='bbox 1269 4213 1362 4266; x_wconf 85' lang='grc' dir='ltr'>τοῦ</span> <span class='ocrx_word' id='word_1_360' title='bbox 1395 4213 1659 4284; x_wconf 88' lang='grc' dir='ltr'>μεγέθους</span> <span class='ocrx_word' id='word_1_361' title='bbox 1697 4218 1797 4283; x_wconf 86' lang='grc' dir='ltr'>τῆς</span> <span class='ocrx_word' id='word_1_362' title='bbox 1815 4217 1974 4268; x_wconf 87' lang='grc' dir='ltr'>ἀπει-</span> 
     </span>
    </p>
   </div>
   <div class='ocr_carea' id='block_1_47' title="bbox 299 4302 1974 4375">
    <p class='ocr_par' dir='ltr' id='par_1_47' title="bbox 299 4302 1974 4375">
     <span class='ocr_line' id='line_1_47' title="bbox 299 4302 1974 4375; baseline 0 -19"><span class='ocrx_word' id='word_1_363' title='bbox 299 4302 396 4374; x_wconf 79' lang='grc' dir='ltr'>λῆς</span> <span class='ocrx_word' id='word_1_364' title='bbox 417 4305 563 4356; x_wconf 80' lang='grc' dir='ltr'>ἐστιν</span> <span class='ocrx_word' id='word_1_365' title='bbox 597 4305 746 4356; x_wconf 88' lang='grc' dir='ltr'>ἰδεῖν.</span> <span class='ocrx_word' id='word_1_366' title='bbox 765 4304 863 4356; x_wconf 67' lang='grc' dir='ltr'>Διά</span> <span class='ocrx_word' id='word_1_367' title='bbox 897 4302 1010 4374; x_wconf 76' lang='grc'>[69]</span> <span class='ocrx_word' id='word_1_368' title='bbox 1044 4303 1152 4375; x_wconf 79' lang='grc' dir='ltr'>γὰρ</span> <span class='ocrx_word' id='word_1_369' title='bbox 1172 4302 1330 4356; x_wconf 84' lang='grc' dir='ltr'>τοῦτο</span> <span class='ocrx_word' id='word_1_370' title='bbox 1351 4303 1410 4355; x_wconf 89' lang='grc' dir='ltr'>ού</span> <span class='ocrx_word' id='word_1_371' title='bbox 1429 4303 1736 4374; x_wconf 82' lang='grc' dir='ltr'>προσέθηκε</span> <span class='ocrx_word' id='word_1_372' title='bbox 1754 4306 1818 4373; x_wconf 82' lang='grc' dir='ltr'>τῇ</span> <span class='ocrx_word' id='word_1_373' title='bbox 1844 4307 1974 4356; x_wconf 71' lang='grc' dir='ltr'>αποι</span> 
     </span>
    </p>
   </div>
   <div class='ocr_carea' id='block_1_48' title="bbox 301 4389 1974 4461">
    <p class='ocr_par' dir='ltr' id='par_1_48' title="bbox 301 4389 1974 4461">
     <span class='ocr_line' id='line_1_48' title="bbox 301 4389 1974 4461; baseline 0 -19"><span class='ocrx_word' id='word_1_374' title='bbox 301 4391 718 4459; x_wconf 79' lang='grc' dir='ltr'>φάσει,ὅτιἘάν</span> <span class='ocrx_word' id='word_1_375' title='bbox 749 4389 804 4442; x_wconf 83' lang='grc' dir='ltr'>δέ</span> <span class='ocrx_word' id='word_1_376' title='bbox 832 4391 1220 4461; x_wconf 84' lang='grc' dir='ltr'>μετανοήσητε.</span> <span class='ocrx_word' id='word_1_377' title='bbox 1257 4389 1533 4458; x_wconf 74' lang='grc' dir='ltr'>φείσομαι,</span> <span class='ocrx_word' id='word_1_378' title='bbox 1563 4389 1648 4442; x_wconf 77' lang='grc' dir='ltr'>ἵνα</span> <span class='ocrx_word' id='word_1_379' title='bbox 1677 4390 1974 4460; x_wconf 83' lang='grc' dir='ltr'>ἀδιόριστον</span> 
     </span>
    </p>
   </div>
   <div class='ocr_carea' id='block_1_49' title="bbox 300 4476 1973 4550">
    <p class='ocr_par' dir='ltr' id='par_1_49' title="bbox 300 4476 1973 4550">
     <span class='ocr_line' id='line_1_49' title="bbox 300 4476 1973 4550; baseline 0 -18"><span class='ocrx_word' id='word_1_380' title='bbox 300 4477 552 4548; x_wconf 83' lang='grc' dir='ltr'>ἐμϐαλὼν</span> <span class='ocrx_word' id='word_1_381' title='bbox 576 4478 885 4548; x_wconf 70' lang='grc' dir='ltr'>τὴνψῆφον,</span> <span class='ocrx_word' id='word_1_382' title='bbox 905 4479 1110 4550; x_wconf 75' lang='grc' dir='ltr'>αὐξήσῃ</span> <span class='ocrx_word' id='word_1_383' title='bbox 1136 4477 1226 4530; x_wconf 86' lang='grc' dir='ltr'>τὸν</span> <span class='ocrx_word' id='word_1_384' title='bbox 1249 4476 1431 4546; x_wconf 85' lang='grc' dir='ltr'>φόϐον,</span> <span class='ocrx_word' id='word_1_385' title='bbox 1458 4477 1551 4529; x_wconf 80' lang='grc' dir='ltr'>καὶ</span> <span class='ocrx_word' id='word_1_386' title='bbox 1575 4477 1664 4529; x_wconf 79' lang='grc' dir='ltr'>τὸν</span> <span class='ocrx_word' id='word_1_387' title='bbox 1693 4477 1853 4545; x_wconf 81' lang='grc' dir='ltr'>φόϐον</span> <span class='ocrx_word' id='word_1_388' title='bbox 1875 4481 1973 4532; x_wconf 83' lang='grc' dir='ltr'>αύ-</span> 
     </span>
    </p>
   </div>
   <div class='ocr_carea' id='block_1_50' title="bbox 301 4563 1971 4639">
    <p class='ocr_par' dir='ltr' id='par_1_50' title="bbox 301 4563 1971 4639">
     <span class='ocr_line' id='line_1_50' title="bbox 301 4563 1971 4639; baseline -0.006 -10"><span class='ocrx_word' id='word_1_389' title='bbox 301 4565 690 4639; x_wconf 72' lang='grc' dir='ltr'>ξῆσαςνταχύτε</span> <span class='ocrx_word' id='word_1_390' title='bbox 699 4582 788 4635; x_wconf 85' lang='grc' dir='ltr'>ρον</span> <span class='ocrx_word' id='word_1_391' title='bbox 805 4566 935 4636; x_wconf 80' lang='grc' dir='ltr'>πρὸς</span> <span class='ocrx_word' id='word_1_392' title='bbox 951 4566 1047 4636; x_wconf 80' lang='grc' dir='ltr'>τὴν</span> <span class='ocrx_word' id='word_1_393' title='bbox 1071 4565 1356 4636; x_wconf 88' lang='grc' dir='ltr'>μετάνοιαν</span> <span class='ocrx_word' id='word_1_394' title='bbox 1381 4563 1590 4636; x_wconf 84' lang='grc' dir='ltr'>συνωθή</span> <span class='ocrx_word' id='word_1_395' title='bbox 1601 4583 1664 4636; x_wconf 85' lang='grc' dir='ltr'>σῃ</span> <span class='ocrx_word' id='word_1_396' title='bbox 1675 4606 1686 4616; x_wconf 95' lang='grc'>.</span> <span class='ocrx_word' id='word_1_397' title='bbox 1702 4567 1809 4618; x_wconf 74' lang='grc' dir='ltr'>Καὶ</span> <span class='ocrx_word' id='word_1_398' title='bbox 1824 4569 1851 4619; x_wconf 85' lang='grc' dir='ltr'>ό</span> <span class='ocrx_word' id='word_1_399' title='bbox 1876 4568 1971 4635; x_wconf 77' lang='grc' dir='ltr'>μὲν</span> 
     </span>
    </p>
   </div>
   <div class='ocr_carea' id='block_1_51' title="bbox 299 4652 1971 4728">
    <p class='ocr_par' dir='ltr' id='par_1_51' title="bbox 299 4652 1971 4728">
     <span class='ocr_line' id='line_1_51' title="bbox 299 4652 1971 4728; baseline -0.001 -21"><span class='ocrx_word' id='word_1_400' title='bbox 299 4657 584 4728; x_wconf 78' lang='grc' dir='ltr'>προφήτης</span> <span class='ocrx_word' id='word_1_401' title='bbox 601 4653 935 4723; x_wconf 86' lang='grc' dir='ltr'>αἰσχύνεται,</span> <span class='ocrx_word' id='word_1_402' title='bbox 970 4653 1030 4705; x_wconf 88' lang='grc' dir='ltr'>τὸ</span> <span class='ocrx_word' id='word_1_403' title='bbox 1055 4652 1243 4722; x_wconf 85' lang='grc' dir='ltr'>μέλλον</span> <span class='ocrx_word' id='word_1_404' title='bbox 1269 4652 1549 4724; x_wconf 80' lang='grc' dir='ltr'>προειδὼς,</span> <span class='ocrx_word' id='word_1_405' title='bbox 1585 4653 1680 4705; x_wconf 74' lang='grc' dir='ltr'>καὶ</span> <span class='ocrx_word' id='word_1_406' title='bbox 1716 4653 1971 4724; x_wconf 79' lang='grc' dir='ltr'>στοχαζό-</span> 
     </span>
    </p>
   </div>
   <div class='ocr_carea' id='block_1_52' title="bbox 303 4737 1970 4814">
    <p class='ocr_par' dir='ltr' id='par_1_52' title="bbox 303 4737 1970 4814">
     <span class='ocr_line' id='line_1_52' title="bbox 303 4737 1970 4814; baseline -0.001 -19"><span class='ocrx_word' id='word_1_407' title='bbox 303 4760 460 4814; x_wconf 87' lang='grc' dir='ltr'>μενος</span> <span class='ocrx_word' id='word_1_408' title='bbox 496 4741 572 4805; x_wconf 85' lang='grc' dir='ltr'>ὼς</span> <span class='ocrx_word' id='word_1_409' title='bbox 621 4740 883 4794; x_wconf 86' lang='grc' dir='ltr'>ἀτέλεστα</span> <span class='ocrx_word' id='word_1_410' title='bbox 923 4741 1074 4809; x_wconf 88' lang='grc' dir='ltr'>μενεῖ</span> <span class='ocrx_word' id='word_1_411' title='bbox 1112 4739 1180 4792; x_wconf 69' lang='grc' dir='ltr'>τὰ</span> <span class='ocrx_word' id='word_1_412' title='bbox 1229 4737 1528 4810; x_wconf 76' lang='grc' dir='ltr'>εἰρημένα·</span> <span class='ocrx_word' id='word_1_413' title='bbox 1563 4742 1591 4792; x_wconf 88' lang='grc' dir='ltr'>ό</span> <span class='ocrx_word' id='word_1_414' title='bbox 1623 4739 1680 4792; x_wconf 88' lang='grc' dir='ltr'>δέ</span> <span class='ocrx_word' id='word_1_415' title='bbox 1709 4739 1840 4802; x_wconf 83' lang='grc' dir='ltr'>Θεὸς</span> <span class='ocrx_word' id='word_1_416' title='bbox 1872 4741 1970 4794; x_wconf 81' lang='grc' dir='ltr'>οὐκ</span> 
     </span>
    </p>
   </div>
   <div class='ocr_carea' id='block_1_53' title="bbox 299 4825 1968 4901">
    <p class='ocr_par' dir='ltr' id='par_1_53' title="bbox 299 4825 1968 4901">
     <span class='ocr_line' id='line_1_53' title="bbox 299 4825 1968 4901; baseline -0.001 -18"><span class='ocrx_word' id='word_1_417' title='bbox 299 4829 637 4901; x_wconf 76' lang='grc' dir='ltr'>αἰσχύνεται,</span> <span class='ocrx_word' id='word_1_418' title='bbox 667 4827 780 4880; x_wconf 87' lang='grc' dir='ltr'>ἀλλ’</span> <span class='ocrx_word' id='word_1_419' title='bbox 809 4827 865 4880; x_wconf 83' lang='grc' dir='ltr'>ἓν</span> <span class='ocrx_word' id='word_1_420' title='bbox 891 4827 1049 4898; x_wconf 90' lang='grc' dir='ltr'>μόνον</span> <span class='ocrx_word' id='word_1_421' title='bbox 1070 4827 1240 4896; x_wconf 78' lang='grc' dir='ltr'>ζητεῖ,</span> <span class='ocrx_word' id='word_1_422' title='bbox 1269 4826 1369 4896; x_wconf 83' lang='grc' dir='ltr'>τὴν</span> <span class='ocrx_word' id='word_1_423' title='bbox 1399 4826 1506 4879; x_wconf 85' lang='grc' dir='ltr'>τῶν</span> <span class='ocrx_word' id='word_1_424' title='bbox 1525 4825 1828 4897; x_wconf 82' lang='grc' dir='ltr'>ἀνθρώπων</span> <span class='ocrx_word' id='word_1_425' title='bbox 1865 4845 1968 4880; x_wconf 90' lang='grc' dir='ltr'>σω-</span> 
     </span>
    </p>
   </div>
   <div class='ocr_carea' id='block_1_54' title="bbox 298 4912 1969 4988">
    <p class='ocr_par' dir='ltr' id='par_1_54' title="bbox 298 4912 1969 4988">
     <span class='ocr_line' id='line_1_54' title="bbox 298 4912 1969 4988; baseline -0.003 -16"><span class='ocrx_word' id='word_1_426' title='bbox 298 4918 514 4988; x_wconf 82' lang='grc' dir='ltr'>τηρίαν,</span> <span class='ocrx_word' id='word_1_427' title='bbox 549 4918 644 4970; x_wconf 71' lang='grc' dir='ltr'>καὶ</span> <span class='ocrx_word' id='word_1_428' title='bbox 675 4915 767 4968; x_wconf 81' lang='grc' dir='ltr'>τὸν</span> <span class='ocrx_word' id='word_1_429' title='bbox 807 4915 1025 4984; x_wconf 83' lang='grc' dir='ltr'>οἰκέτην</span> <span class='ocrx_word' id='word_1_430' title='bbox 1056 4913 1148 4966; x_wconf 88' lang='grc' dir='ltr'>τὸν</span> <span class='ocrx_word' id='word_1_431' title='bbox 1181 4912 1374 4966; x_wconf 88' lang='grc' dir='ltr'>ἐαυτοῦ</span> <span class='ocrx_word' id='word_1_432' title='bbox 1413 4912 1735 4983; x_wconf 85' lang='grc' dir='ltr'>διορθοῦται.</span> <span class='ocrx_word' id='word_1_433' title='bbox 1793 4915 1969 4967; x_wconf 88' lang='grc' dir='ltr'>Ἐπει-</span> 
     </span>
    </p>
   </div>
   <div class='ocr_carea' id='block_1_55' title="bbox 300 5000 1968 5076">
    <p class='ocr_par' dir='ltr' id='par_1_55' title="bbox 300 5000 1968 5076">
     <span class='ocr_line' id='line_1_55' title="bbox 300 5000 1968 5076; baseline 0 -20"><span class='ocrx_word' id='word_1_434' title='bbox 300 5005 364 5075; x_wconf 78' lang='grc' dir='ltr'>δὴ</span> <span class='ocrx_word' id='word_1_435' title='bbox 395 5005 502 5076; x_wconf 81' lang='grc' dir='ltr'>γὰρ</span> <span class='ocrx_word' id='word_1_436' title='bbox 529 5007 610 5068; x_wconf 89' lang='grc' dir='ltr'>εἰς</span> <span class='ocrx_word' id='word_1_437' title='bbox 642 5003 702 5058; x_wconf 89' lang='grc' dir='ltr'>τὸ</span> <span class='ocrx_word' id='word_1_438' title='bbox 729 5004 907 5057; x_wconf 89' lang='grc' dir='ltr'>πλοῖον</span> <span class='ocrx_word' id='word_1_439' title='bbox 937 5001 1184 5074; x_wconf 77' lang='grc' dir='ltr'>εἰσῆλθεν</span> <span class='ocrx_word' id='word_1_440' title='bbox 1211 5003 1436 5064; x_wconf 85' lang='grc' dir='ltr'>ἐκεῖνος,</span> <span class='ocrx_word' id='word_1_441' title='bbox 1465 5000 1736 5072; x_wconf 81' lang='grc' dir='ltr'>διήγειρεν</span> <span class='ocrx_word' id='word_1_442' title='bbox 1767 5003 1968 5066; x_wconf 83' lang='grc' dir='ltr'>εὐθέως</span> 
     </span>
    </p>
   </div>
   <div class='ocr_carea' id='block_1_56' title="bbox 297 5089 1967 5162">
    <p class='ocr_par' dir='ltr' id='par_1_56' title="bbox 297 5089 1967 5162">
     <span class='ocr_line' id='line_1_56' title="bbox 297 5089 1967 5162; baseline 0 -19"><span class='ocrx_word' id='word_1_443' title='bbox 297 5092 397 5161; x_wconf 78' lang='grc' dir='ltr'>τὴν</span> <span class='ocrx_word' id='word_1_444' title='bbox 423 5091 722 5158; x_wconf 85' lang='grc' dir='ltr'>θάλατταν,</span> <span class='ocrx_word' id='word_1_445' title='bbox 759 5092 845 5144; x_wconf 77' lang='grc' dir='ltr'>ἵνα</span> <span class='ocrx_word' id='word_1_446' title='bbox 878 5091 1074 5162; x_wconf 79' lang='grc' dir='ltr'>μάθῃς,</span> <span class='ocrx_word' id='word_1_447' title='bbox 1120 5092 1202 5143; x_wconf 84' lang='grc' dir='ltr'>ὅτι</span> <span class='ocrx_word' id='word_1_448' title='bbox 1231 5091 1363 5142; x_wconf 82' lang='grc' dir='ltr'>ὅπου</span> <span class='ocrx_word' id='word_1_449' title='bbox 1399 5089 1664 5158; x_wconf 84' lang='grc' dir='ltr'>ἁμαρτία,</span> <span class='ocrx_word' id='word_1_450' title='bbox 1696 5091 1812 5142; x_wconf 85' lang='grc' dir='ltr'>ἐκεῖ</span> <span class='ocrx_word' id='word_1_451' title='bbox 1853 5108 1967 5161; x_wconf 80' lang='grc' dir='ltr'>χει-</span> 
     </span>
    </p>
   </div>
   <div class='ocr_carea' id='block_1_57' title="bbox 304 5175 1966 5250">
    <p class='ocr_par' dir='ltr' id='par_1_57' title="bbox 304 5175 1966 5250">
     <span class='ocr_line' id='line_1_57' title="bbox 304 5175 1966 5250; baseline 0.002 -22"><span class='ocrx_word' id='word_1_452' title='bbox 304 5177 437 5247; x_wconf 84' lang='grc' dir='ltr'>μὼν,</span> <span class='ocrx_word' id='word_1_453' title='bbox 480 5177 609 5230; x_wconf 75' lang='grc' dir='ltr'>ὅπου</span> <span class='ocrx_word' id='word_1_454' title='bbox 641 5178 913 5250; x_wconf 80' lang='grc' dir='ltr'>παρακοὴ,</span> <span class='ocrx_word' id='word_1_455' title='bbox 935 5181 1050 5231; x_wconf 87' lang='grc' dir='ltr'>ἐκεῖ</span> <span class='ocrx_word' id='word_1_456' title='bbox 1075 5175 1393 5230; x_wconf 81' lang='grc' dir='ltr'>κλυδώνιον·</span> <span class='ocrx_word' id='word_1_457' title='bbox 1427 5177 1520 5228; x_wconf 81' lang='grc' dir='ltr'>καί</span> <span class='ocrx_word' id='word_1_458' title='bbox 1553 5175 1836 5230; x_wconf 74' lang='grc' dir='ltr'>ἐσαλεύετο</span> <span class='ocrx_word' id='word_1_459' title='bbox 1867 5179 1966 5247; x_wconf 84' lang='grc' dir='ltr'>μὲν</span> 
     </span>
    </p>
   </div>
   <div class='ocr_carea' id='block_1_58' title="bbox 297 5261 1967 5336">
    <p class='ocr_par' dir='ltr' id='par_1_58' title="bbox 297 5261 1967 5336">
     <span class='ocr_line' id='line_1_58' title="bbox 297 5261 1967 5336; baseline 0.001 -19"><span class='ocrx_word' id='word_1_460' title='bbox 297 5265 331 5333; x_wconf 83' lang='grc' dir='ltr'>ἡ</span> <span class='ocrx_word' id='word_1_461' title='bbox 367 5264 517 5326; x_wconf 81' lang='grc' dir='ltr'>πόλις</span> <span class='ocrx_word' id='word_1_462' title='bbox 547 5263 635 5316; x_wconf 72' lang='grc' dir='ltr'>διὰ</span> <span class='ocrx_word' id='word_1_463' title='bbox 671 5265 739 5318; x_wconf 77' lang='grc' dir='ltr'>τὰ</span> <span class='ocrx_word' id='word_1_464' title='bbox 767 5267 1138 5336; x_wconf 84' lang='grc' dir='ltr'>ἁμαρτήματα</span> <span class='ocrx_word' id='word_1_465' title='bbox 1169 5264 1273 5317; x_wconf 87' lang='grc' dir='ltr'>τῶν</span> <span class='ocrx_word' id='word_1_466' title='bbox 1311 5261 1627 5324; x_wconf 80' lang='grc' dir='ltr'>Νινευῖτῶν,</span> <span class='ocrx_word' id='word_1_467' title='bbox 1680 5264 1967 5318; x_wconf 82' lang='grc' dir='ltr'>ἐσαλεύετο</span> 
     </span>
    </p>
   </div>
   <div class='ocr_carea' id='block_1_59' title="bbox 298 5350 1963 5424">
    <p class='ocr_par' dir='ltr' id='par_1_59' title="bbox 298 5350 1963 5424">
     <span class='ocr_line' id='line_1_59' title="bbox 298 5350 1963 5424; baseline 0.002 -22"><span class='ocrx_word' id='word_1_468' title='bbox 298 5350 353 5404; x_wconf 82' lang='grc' dir='ltr'>δὲ</span> <span class='ocrx_word' id='word_1_469' title='bbox 385 5351 444 5405; x_wconf 87' lang='grc' dir='ltr'>τὸ</span> <span class='ocrx_word' id='word_1_470' title='bbox 464 5351 646 5403; x_wconf 86' lang='grc' dir='ltr'>πλοῖον</span> <span class='ocrx_word' id='word_1_471' title='bbox 667 5351 756 5403; x_wconf 76' lang='grc' dir='ltr'>διὰ</span> <span class='ocrx_word' id='word_1_472' title='bbox 781 5352 878 5422; x_wconf 78' lang='grc' dir='ltr'>τὴν</span> <span class='ocrx_word' id='word_1_473' title='bbox 909 5355 1192 5424; x_wconf 78' lang='grc' dir='ltr'>παρακοήν</span> <span class='ocrx_word' id='word_1_474' title='bbox 1223 5351 1316 5404; x_wconf 88' lang='grc' dir='ltr'>τοῦ</span> <span class='ocrx_word' id='word_1_475' title='bbox 1349 5351 1653 5422; x_wconf 79' lang='grc' dir='ltr'>προφήτου.</span> <span class='ocrx_word' id='word_1_476' title='bbox 1734 5351 1963 5406; x_wconf 85' lang='grc' dir='ltr'>Ἐκεῖνοι</span> 
     </span>
    </p>
   </div>
   <div class='ocr_carea' id='block_1_60' title="bbox 301 5435 1962 5509">
    <p class='ocr_par' dir='ltr' id='par_1_60' title="bbox 301 5435 1962 5509">
     <span class='ocr_line' id='line_1_60' title="bbox 301 5435 1962 5509; baseline 0.001 -19"><span class='ocrx_word' id='word_1_477' title='bbox 301 5439 400 5506; x_wconf 77' lang='grc' dir='ltr'>μὲν</span> <span class='ocrx_word' id='word_1_478' title='bbox 430 5435 522 5490; x_wconf 79' lang='grc' dir='ltr'>οῦν</span> <span class='ocrx_word' id='word_1_479' title='bbox 557 5437 647 5489; x_wconf 87' lang='grc' dir='ltr'>τὸν</span> <span class='ocrx_word' id='word_1_480' title='bbox 685 5437 868 5490; x_wconf 85' lang='grc' dir='ltr'>Ἰωνᾶν</span> <span class='ocrx_word' id='word_1_481' title='bbox 898 5441 976 5500; x_wconf 85' lang='grc' dir='ltr'>εἰς</span> <span class='ocrx_word' id='word_1_482' title='bbox 1019 5440 1079 5492; x_wconf 86' lang='grc' dir='ltr'>τὸ</span> <span class='ocrx_word' id='word_1_483' title='bbox 1121 5439 1352 5507; x_wconf 87' lang='grc' dir='ltr'>πέλαγος</span> <span class='ocrx_word' id='word_1_484' title='bbox 1403 5437 1660 5508; x_wconf 70' lang='grc' dir='ltr'>ἔρριψαν,</span> <span class='ocrx_word' id='word_1_485' title='bbox 1693 5439 1788 5490; x_wconf 77' lang='grc' dir='ltr'>καὶ</span> <span class='ocrx_word' id='word_1_486' title='bbox 1833 5438 1962 5509; x_wconf 78' lang='grc' dir='ltr'>ἔστη</span> 
     </span>
    </p>
   </div>
   <div class='ocr_carea' id='block_1_61' title="bbox 297 5525 1964 5598">
    <p class='ocr_par' dir='ltr' id='par_1_61' title="bbox 297 5525 1964 5598">
     <span class='ocr_line' id='line_1_61' title="bbox 297 5525 1964 5598; baseline 0.001 -19"><span class='ocrx_word' id='word_1_487' title='bbox 297 5528 358 5580; x_wconf 81' lang='grc' dir='ltr'>τὸ</span> <span class='ocrx_word' id='word_1_488' title='bbox 382 5527 564 5580; x_wconf 81' lang='grc' dir='ltr'>πλοῖον</span> <span class='ocrx_word' id='word_1_489' title='bbox 581 5543 593 5558; x_wconf 92' lang='grc'>·</span> <span class='ocrx_word' id='word_1_490' title='bbox 613 5529 776 5596; x_wconf 77' lang='grc' dir='ltr'>ἡμεῖς</span> <span class='ocrx_word' id='word_1_491' title='bbox 801 5526 856 5579; x_wconf 79' lang='grc' dir='ltr'>δὲ</span> <span class='ocrx_word' id='word_1_492' title='bbox 887 5529 984 5596; x_wconf 74' lang='grc' dir='ltr'>τὴν</span> <span class='ocrx_word' id='word_1_493' title='bbox 1019 5529 1290 5598; x_wconf 81' lang='grc' dir='ltr'>ἁμαρτίαν</span> <span class='ocrx_word' id='word_1_494' title='bbox 1321 5525 1827 5596; x_wconf 86' lang='grc' dir='ltr'>καταποντίσωμεν,</span> <span class='ocrx_word' id='word_1_495' title='bbox 1871 5529 1964 5580; x_wconf 76' lang='grc' dir='ltr'>καὶ</span> 
     </span>
    </p>
   </div>
   <div class='ocr_carea' id='block_1_62' title="bbox 359 5645 1466 5708">
    <p class='ocr_par' dir='ltr' id='par_1_62' title="bbox 359 5645 1466 5708">
     <span class='ocr_line' id='line_1_62' title="bbox 359 5645 1466 5708; baseline -0.002 -14"><span class='ocrx_word' id='word_1_496' title='bbox 359 5651 384 5678; x_wconf 75' lang='grc'><strong><em>⁸</em></strong></span> <span class='ocrx_word' id='word_1_497' title='bbox 411 5649 556 5695; x_wconf 59' lang='lat' dir='ltr'><strong>Savil.</strong></span> <span class='ocrx_word' id='word_1_498' title='bbox 581 5655 633 5696; x_wconf 71' lang='lat' dir='ltr'><strong>cl</strong></span> <span class='ocrx_word' id='word_1_499' title='bbox 660 5645 852 5708; x_wconf 82' lang='lat' dir='ltr'>plurimi</span> <span class='ocrx_word' id='word_1_500' title='bbox 882 5661 994 5694; x_wconf 75' lang='lat' dir='ltr'>mss.</span> <span class='ocrx_word' id='word_1_501' title='bbox 1017 5649 1078 5695; x_wconf 79' lang='grc' dir='ltr'>τὰ</span> <span class='ocrx_word' id='word_1_502' title='bbox 1103 5648 1174 5694; x_wconf 78' lang='grc' dir='ltr'>ἐπὶ</span> <span class='ocrx_word' id='word_1_503' title='bbox 1196 5647 1466 5704; x_wconf 76' lang='grc' dir='ltr'>τῆς-οἰκίας.</span> 
     </span>
    </p>
   </div>
   <div class='ocr_carea' id='block_1_63' title="bbox 357 5707 1960 5770">
    <p class='ocr_par' dir='ltr' id='par_1_63' title="bbox 357 5707 1960 5770">
     <span class='ocr_line' id='line_1_63' title="bbox 357 5707 1960 5770; baseline 0.001 -15"><span class='ocrx_word' id='word_1_504' title='bbox 357 5712 385 5750; x_wconf 82' lang='lat' dir='ltr'><strong>b</strong></span> <span class='ocrx_word' id='word_1_505' title='bbox 413 5710 562 5758; x_wconf 72' lang='lat' dir='ltr'>Savil.</span> <span class='ocrx_word' id='word_1_506' title='bbox 589 5707 1066 5758; x_wconf 72' lang='lat' dir='ltr'>elmnmst&#39;cremss.</span> <span class='ocrx_word' id='word_1_507' title='bbox 1095 5709 1474 5770; x_wconf 77' lang='grc' dir='ltr'>ἐπιδεδειγμένοι.</span> <span class='ocrx_word' id='word_1_508' title='bbox 1503 5707 1672 5756; x_wconf 80' lang='lat' dir='ltr'>Morel.</span> <span class='ocrx_word' id='word_1_509' title='bbox 1701 5708 1960 5757; x_wconf 75' lang='grc' dir='ltr'>ἐπιδεικνύ-</span> 
     </span>
    </p>
   </div>
   <div class='ocr_carea' id='block_1_64' title="bbox 301 5789 446 5834">
    <p class='ocr_par' dir='ltr' id='par_1_64' title="bbox 301 5789 446 5834">
     <span class='ocr_line' id='line_1_64' title="bbox 301 5789 446 5834; baseline -0.014 -16"><span class='ocrx_word' id='word_1_510' title='bbox 301 5789 446 5834; x_wconf 66' lang='grc' dir='ltr'>μεῖναι.</span> 
     </span>
    </p>
   </div>
   <div class='ocr_carea' id='block_1_65' title="bbox 367 5829 1958 5893">
    <p class='ocr_par' dir='ltr' id='par_1_65' title="bbox 367 5829 1958 5893">
     <span class='ocr_line' id='line_1_65' title="bbox 367 5829 1958 5893; baseline 0.001 -13"><span class='ocrx_word' id='word_1_511' title='bbox 367 5839 386 5861; x_wconf 63' lang='grc' dir='ltr'><strong><em>ν</em></strong></span> <span class='ocrx_word' id='word_1_512' title='bbox 411 5832 493 5880; x_wconf 73' lang='lat' dir='ltr'>Sic</span> <span class='ocrx_word' id='word_1_513' title='bbox 515 5832 666 5879; x_wconf 72' lang='lat' dir='ltr'><strong>Savil.</strong></span> <span class='ocrx_word' id='word_1_514' title='bbox 696 5839 746 5879; x_wconf 75' lang='grc' dir='ltr'>Μ</span> <span class='ocrx_word' id='word_1_515' title='bbox 780 5845 892 5877; x_wconf 48' lang='lat' dir='ltr'>mss.</span> <span class='ocrx_word' id='word_1_516' title='bbox 921 5830 1132 5891; x_wconf 83' lang='lat' dir='ltr'>plurimi,</span> <span class='ocrx_word' id='word_1_517' title='bbox 1158 5829 1329 5877; x_wconf 80' lang='lat' dir='ltr'>Morel.</span> <span class='ocrx_word' id='word_1_518' title='bbox 1358 5841 1474 5879; x_wconf 77' lang='lat' dir='ltr'>vero</span> <span class='ocrx_word' id='word_1_519' title='bbox 1501 5830 1574 5892; x_wconf 70' lang='grc' dir='ltr'>μὲι</span> <span class='ocrx_word' id='word_1_520' title='bbox 1589 5847 1666 5893; x_wconf 90' lang='grc' dir='ltr'>ρον</span> <span class='ocrx_word' id='word_1_521' title='bbox 1693 5831 1853 5880; x_wconf 76' lang='grc' dir='ltr'>ἐλθεῖν.</span> <span class='ocrx_word' id='word_1_522' title='bbox 1883 5833 1958 5881; x_wconf 91' lang='lat' dir='ltr'><strong>ln-</strong></span> 
     </span>
    </p>
   </div>
   <div class='ocr_carea' id='block_1_66' title="bbox 304 5893 1266 5954">
    <p class='ocr_par' dir='ltr' id='par_1_66' title="bbox 304 5893 1266 5954">
     <span class='ocr_line' id='line_1_66' title="bbox 304 5893 1266 5954; baseline 0.019 -17"><span class='ocrx_word' id='word_1_523' title='bbox 304 5897 372 5944; x_wconf 69' lang='lat' dir='ltr'>fra</span> <span class='ocrx_word' id='word_1_524' title='bbox 396 5893 586 5954; x_wconf 63' lang='lat' dir='ltr'><strong>quidam</strong></span> <span class='ocrx_word' id='word_1_525' title='bbox 611 5907 722 5942; x_wconf 86' lang='lat' dir='ltr'>mss.</span> <span class='ocrx_word' id='word_1_526' title='bbox 755 5894 966 5942; x_wconf 77' lang='grc' dir='ltr'>ἐκϐαλὼν</span> <span class='ocrx_word' id='word_1_527' title='bbox 991 5894 1073 5948; x_wconf 75' lang='grc' dir='ltr'>τήν</span> <span class='ocrx_word' id='word_1_528' title='bbox 1097 5893 1266 5953; x_wconf 52' lang='grc' dir='ltr'>’πίθον-</span> 
     </span>
    </p>
   </div>
   <div class='ocr_carea' id='block_1_67' title="bbox 2087 373 3752 446">
    <p class='ocr_par' dir='ltr' id='par_1_67' title="bbox 2087 373 3752 446">
     <span class='ocr_line' id='line_1_67' title="bbox 2087 373 3752 446; baseline 0.003 -22"><span class='ocrx_word' id='word_1_529' title='bbox 2087 373 2339 442; x_wconf 87' lang='grc' dir='ltr'>στήσεται</span> <span class='ocrx_word' id='word_1_530' title='bbox 2367 374 2581 438; x_wconf 83' lang='grc' dir='ltr'>πάντως</span> <span class='ocrx_word' id='word_1_531' title='bbox 2610 377 2641 446; x_wconf 89' lang='grc' dir='ltr'>ή</span> <span class='ocrx_word' id='word_1_532' title='bbox 2665 375 2836 438; x_wconf 88' lang='grc' dir='ltr'>πόλις.</span> <span class='ocrx_word' id='word_1_533' title='bbox 2864 376 3025 428; x_wconf 84' lang='grc' dir='ltr'>Ὥστε</span> <span class='ocrx_word' id='word_1_534' title='bbox 3053 375 3152 446; x_wconf 78' lang='grc' dir='ltr'>τῆς</span> <span class='ocrx_word' id='word_1_535' title='bbox 3181 377 3357 445; x_wconf 81' lang='grc' dir='ltr'>φυγῆς</span> <span class='ocrx_word' id='word_1_536' title='bbox 3377 374 3527 428; x_wconf 67' lang='grc' dir='ltr'>οὐδὲν</span> <span class='ocrx_word' id='word_1_537' title='bbox 3561 376 3752 445; x_wconf 68' lang='grc' dir='ltr'>ὄφελος</span> 
     </span>
    </p>
   </div>
   <div class='ocr_carea' id='block_1_68' title="bbox 2084 461 3754 534">
    <p class='ocr_par' dir='ltr' id='par_1_68' title="bbox 2084 461 3754 534">
     <span class='ocr_line' id='line_1_68' title="bbox 2084 461 3754 534; baseline 0.004 -23"><span class='ocrx_word' id='word_1_538' title='bbox 2084 462 2248 529; x_wconf 80' lang='grc' dir='ltr'>ἡμῖν·</span> <span class='ocrx_word' id='word_1_539' title='bbox 2274 461 2392 514; x_wconf 79' lang='grc' dir='ltr'>οὐδὲ</span> <span class='ocrx_word' id='word_1_540' title='bbox 2423 462 2532 532; x_wconf 73' lang='grc' dir='ltr'>γὰρ</span> <span class='ocrx_word' id='word_1_541' title='bbox 2563 464 2768 516; x_wconf 89' lang='grc' dir='ltr'>ἐκεῖνον</span> <span class='ocrx_word' id='word_1_542' title='bbox 2803 462 3084 534; x_wconf 80' lang='grc' dir='ltr'>ὠφέλησεν</span> <span class='ocrx_word' id='word_1_543' title='bbox 3151 465 3182 532; x_wconf 87' lang='grc' dir='ltr'>ή</span> <span class='ocrx_word' id='word_1_544' title='bbox 3221 465 3364 534; x_wconf 82' lang='grc' dir='ltr'>φυγή</span> <span class='ocrx_word' id='word_1_545' title='bbox 3385 483 3398 494; x_wconf 91' lang='grc'>·</span> <span class='ocrx_word' id='word_1_546' title='bbox 3445 464 3754 518; x_wconf 75' lang='grc' dir='ltr'>τούναντίον</span> 
     </span>
    </p>
   </div>
   <div class='ocr_carea' id='block_1_69' title="bbox 2087 544 3752 622">
    <p class='ocr_par' dir='ltr' id='par_1_69' title="bbox 2087 544 3752 622">
     <span class='ocr_line' id='line_1_69' title="bbox 2087 544 3752 622; baseline 0.004 -25"><span class='ocrx_word' id='word_1_547' title='bbox 2087 547 2186 615; x_wconf 84' lang='grc' dir='ltr'>μὲν</span> <span class='ocrx_word' id='word_1_548' title='bbox 2217 544 2310 601; x_wconf 76' lang='grc' dir='ltr'>οὖν</span> <span class='ocrx_word' id='word_1_549' title='bbox 2342 550 2435 602; x_wconf 71' lang='grc' dir='ltr'>καὶ</span> <span class='ocrx_word' id='word_1_550' title='bbox 2461 550 2817 619; x_wconf 70' lang='grc' dir='ltr'>κατέϐλαψεν.</span> <span class='ocrx_word' id='word_1_551' title='bbox 2863 552 3068 620; x_wconf 86' lang='grc' dir='ltr'>Ἔφυγε</span> <span class='ocrx_word' id='word_1_552' title='bbox 3095 551 3224 620; x_wconf 89' lang='grc' dir='ltr'>γοῦν</span> <span class='ocrx_word' id='word_1_553' title='bbox 3254 552 3353 622; x_wconf 82' lang='grc' dir='ltr'>τὴν</span> <span class='ocrx_word' id='word_1_554' title='bbox 3392 552 3513 622; x_wconf 81' lang='grc' dir='ltr'>γῆν,</span> <span class='ocrx_word' id='word_1_555' title='bbox 3541 553 3632 606; x_wconf 79' lang='grc' dir='ltr'>καὶ</span> <span class='ocrx_word' id='word_1_556' title='bbox 3654 553 3752 605; x_wconf 74' lang='grc' dir='ltr'>οὐκ</span> 
     </span>
    </p>
   </div>
   <div class='ocr_carea' id='block_1_70' title="bbox 2075 633 3753 710">
    <p class='ocr_par' dir='ltr' id='par_1_70' title="bbox 2075 633 3753 710">
     <span class='ocr_line' id='line_1_70' title="bbox 2075 633 3753 710; baseline 0.005 -27"><span class='ocrx_word' id='word_1_557' title='bbox 2075 633 2244 701; x_wconf 76' lang='grc' dir='ltr'>ἔφυγε</span> <span class='ocrx_word' id='word_1_558' title='bbox 2271 633 2368 705; x_wconf 80' lang='grc' dir='ltr'>τήν</span> <span class='ocrx_word' id='word_1_559' title='bbox 2394 635 2561 706; x_wconf 82' lang='grc' dir='ltr'>ὀργὴν</span> <span class='ocrx_word' id='word_1_560' title='bbox 2595 636 2688 689; x_wconf 88' lang='grc' dir='ltr'>τοῦ</span> <span class='ocrx_word' id='word_1_561' title='bbox 2724 636 2888 690; x_wconf 77' lang='grc' dir='ltr'>Θεοῦ·</span> <span class='ocrx_word' id='word_1_562' title='bbox 2921 637 3088 706; x_wconf 75' lang='grc' dir='ltr'>ἔφυγε</span> <span class='ocrx_word' id='word_1_563' title='bbox 3124 638 3224 710; x_wconf 74' lang='grc' dir='ltr'>τὴν</span> <span class='ocrx_word' id='word_1_564' title='bbox 3247 638 3374 707; x_wconf 75' lang='grc' dir='ltr'>γῆν,</span> <span class='ocrx_word' id='word_1_565' title='bbox 3404 640 3495 690; x_wconf 76' lang='grc' dir='ltr'>καὶ</span> <span class='ocrx_word' id='word_1_566' title='bbox 3531 639 3622 692; x_wconf 80' lang='grc' dir='ltr'>τὸν</span> <span class='ocrx_word' id='word_1_567' title='bbox 3645 657 3753 709; x_wconf 87' lang='grc' dir='ltr'>χει-</span> 
     </span>
    </p>
   </div>
   <div class='ocr_carea' id='block_1_71' title="bbox 2079 722 3751 798">
    <p class='ocr_par' dir='ltr' id='par_1_71' title="bbox 2079 722 3751 798">
     <span class='ocr_line' id='line_1_71' title="bbox 2079 722 3751 798; baseline 0.006 -25"><span class='ocrx_word' id='word_1_568' title='bbox 2079 722 2234 792; x_wconf 89' lang='grc' dir='ltr'>μῶνα</span> <span class='ocrx_word' id='word_1_569' title='bbox 2265 724 2561 794; x_wconf 88' lang='grc' dir='ltr'>εἰσήγαγεν</span> <span class='ocrx_word' id='word_1_570' title='bbox 2591 729 2670 788; x_wconf 88' lang='grc' dir='ltr'>εἰς</span> <span class='ocrx_word' id='word_1_571' title='bbox 2700 727 2798 798; x_wconf 82' lang='grc' dir='ltr'>τὴν</span> <span class='ocrx_word' id='word_1_572' title='bbox 2824 726 3100 780; x_wconf 86' lang='grc' dir='ltr'>θάλασσαν</span> <span class='ocrx_word' id='word_1_573' title='bbox 3119 743 3132 756; x_wconf 93' lang='grc'>·</span> <span class='ocrx_word' id='word_1_574' title='bbox 3173 729 3267 781; x_wconf 74' lang='grc' dir='ltr'>καὶ</span> <span class='ocrx_word' id='word_1_575' title='bbox 3295 729 3356 780; x_wconf 79' lang='grc' dir='ltr'>οὐ</span> <span class='ocrx_word' id='word_1_576' title='bbox 3393 729 3552 798; x_wconf 88' lang='grc' dir='ltr'>μόνον</span> <span class='ocrx_word' id='word_1_577' title='bbox 3595 731 3751 793; x_wconf 79' lang='grc' dir='ltr'>αὐτὸς</span> 
     </span>
    </p>
   </div>
   <div class='ocr_carea' id='block_1_72' title="bbox 2075 809 3751 882">
    <p class='ocr_par' dir='ltr' id='par_1_72' title="bbox 2075 809 3751 882">
     <span class='ocr_line' id='line_1_72' title="bbox 2075 809 3751 882; baseline 0.004 -21"><span class='ocrx_word' id='word_1_578' title='bbox 2075 809 2226 862; x_wconf 75' lang='grc' dir='ltr'>οὐδὲν</span> <span class='ocrx_word' id='word_1_579' title='bbox 2252 809 2506 864; x_wconf 85' lang='grc' dir='ltr'>ἀπώνατο</span> <span class='ocrx_word' id='word_1_580' title='bbox 2541 812 2639 881; x_wconf 84' lang='grc' dir='ltr'>τῆς</span> <span class='ocrx_word' id='word_1_581' title='bbox 2669 813 2848 882; x_wconf 78' lang='grc' dir='ltr'>φυγῆς</span> <span class='ocrx_word' id='word_1_582' title='bbox 2879 812 3104 881; x_wconf 88' lang='grc' dir='ltr'>ἀγαθὸν,</span> <span class='ocrx_word' id='word_1_583' title='bbox 3142 813 3279 866; x_wconf 78' lang='grc' dir='ltr'>ἀλλὰ</span> <span class='ocrx_word' id='word_1_584' title='bbox 3310 815 3404 866; x_wconf 77' lang='grc' dir='ltr'>καὶ</span> <span class='ocrx_word' id='word_1_585' title='bbox 3441 816 3566 879; x_wconf 75' lang='grc' dir='ltr'>τοὺς</span> <span class='ocrx_word' id='word_1_586' title='bbox 3619 817 3751 868; x_wconf 85' lang='grc' dir='ltr'>ύπο-</span> 
     </span>
    </p>
   </div>
   <div class='ocr_carea' id='block_1_73' title="bbox 2077 896 3752 970">
    <p class='ocr_par' dir='ltr' id='par_1_73' title="bbox 2077 896 3752 970">
     <span class='ocr_line' id='line_1_73' title="bbox 2077 896 3752 970; baseline 0.005 -21"><span class='ocrx_word' id='word_1_587' title='bbox 2077 896 2404 968; x_wconf 80' lang='grc' dir='ltr'>δεξαμένους</span> <span class='ocrx_word' id='word_1_588' title='bbox 2449 899 2612 954; x_wconf 80' lang='grc' dir='ltr'>αύτὸν</span> <span class='ocrx_word' id='word_1_589' title='bbox 2639 902 2719 963; x_wconf 90' lang='grc' dir='ltr'>εἰς</span> <span class='ocrx_word' id='word_1_590' title='bbox 2755 901 2979 970; x_wconf 76' lang='grc' dir='ltr'>ἔσχατον</span> <span class='ocrx_word' id='word_1_591' title='bbox 3011 901 3232 954; x_wconf 86' lang='grc' dir='ltr'>ἐνέϐαλε</span> <span class='ocrx_word' id='word_1_592' title='bbox 3258 901 3520 955; x_wconf 87' lang='grc' dir='ltr'>κίνδυνον·</span> <span class='ocrx_word' id='word_1_593' title='bbox 3547 906 3640 956; x_wconf 80' lang='grc' dir='ltr'>καὶ</span> <span class='ocrx_word' id='word_1_594' title='bbox 3665 907 3752 957; x_wconf 83' lang='grc' dir='ltr'>ὅτε</span> 
     </span>
    </p>
   </div>
   <div class='ocr_carea' id='block_1_74' title="bbox 2081 989 3754 1060">
    <p class='ocr_par' dir='ltr' id='par_1_74' title="bbox 2081 989 3754 1060">
     <span class='ocr_line' id='line_1_74' title="bbox 2081 989 3754 1060; baseline 0.003 -18"><span class='ocrx_word' id='word_1_595' title='bbox 2081 991 2176 1058; x_wconf 79' lang='grc' dir='ltr'>μὲν</span> <span class='ocrx_word' id='word_1_596' title='bbox 2219 991 2310 1042; x_wconf 79' lang='grc' dir='ltr'>ἐπὶ</span> <span class='ocrx_word' id='word_1_597' title='bbox 2347 990 2438 1042; x_wconf 90' lang='grc' dir='ltr'>τοῦ</span> <span class='ocrx_word' id='word_1_598' title='bbox 2480 989 2664 1042; x_wconf 83' lang='grc' dir='ltr'>πλοίου</span> <span class='ocrx_word' id='word_1_599' title='bbox 2709 990 3022 1060; x_wconf 86' lang='grc' dir='ltr'>καθήμενος</span> <span class='ocrx_word' id='word_1_600' title='bbox 3053 990 3240 1054; x_wconf 80' lang='grc' dir='ltr'>ἔπλει,</span> <span class='ocrx_word' id='word_1_601' title='bbox 3285 991 3379 1044; x_wconf 75' lang='grc' dir='ltr'>καὶ</span> <span class='ocrx_word' id='word_1_602' title='bbox 3423 991 3616 1044; x_wconf 81' lang='grc' dir='ltr'>ναῦται</span> <span class='ocrx_word' id='word_1_603' title='bbox 3659 995 3754 1047; x_wconf 66' lang='grc' dir='ltr'>καλ⁵</span> 
     </span>
    </p>
   </div>
   <div class='ocr_carea' id='block_1_75' title="bbox 2079 1076 3753 1152">
    <p class='ocr_par' dir='ltr' id='par_1_75' title="bbox 2079 1076 3753 1152">
     <span class='ocr_line' id='line_1_75' title="bbox 2079 1076 3753 1152; baseline 0.004 -24"><span class='ocrx_word' id='word_1_604' title='bbox 2079 1076 2404 1150; x_wconf 83' lang='grc' dir='ltr'>κυϐερνῆται</span> <span class='ocrx_word' id='word_1_605' title='bbox 2431 1077 2706 1149; x_wconf 79' lang='grc' dir='ltr'>παρῆσαν,</span> <span class='ocrx_word' id='word_1_606' title='bbox 2729 1079 2824 1131; x_wconf 77' lang='grc' dir='ltr'>καὶ</span> <span class='ocrx_word' id='word_1_607' title='bbox 2851 1077 3038 1131; x_wconf 77' lang='grc' dir='ltr'>ἅπασα</span> <span class='ocrx_word' id='word_1_608' title='bbox 3065 1081 3164 1149; x_wconf 82' lang='grc' dir='ltr'>τῆς</span> <span class='ocrx_word' id='word_1_609' title='bbox 3188 1079 3313 1148; x_wconf 87' lang='grc' dir='ltr'>νηὸς</span> <span class='ocrx_word' id='word_1_610' title='bbox 3369 1081 3400 1149; x_wconf 86' lang='grc' dir='ltr'>ή</span> <span class='ocrx_word' id='word_1_611' title='bbox 3443 1083 3753 1152; x_wconf 76' lang='grc' dir='ltr'>κατασκευὴ</span> 
     </span>
    </p>
   </div>
   <div class='ocr_carea' id='block_1_76' title="bbox 2079 1165 3754 1236">
    <p class='ocr_par' dir='ltr' id='par_1_76' title="bbox 2079 1165 3754 1236">
     <span class='ocr_line' id='line_1_76' title="bbox 2079 1165 3754 1236; baseline 0.004 -21"><span class='ocrx_word' id='word_1_612' title='bbox 2079 1165 2208 1236; x_wconf 86' lang='grc' dir='ltr'>περί</span> <span class='ocrx_word' id='word_1_613' title='bbox 2237 1165 2345 1218; x_wconf 89' lang='grc' dir='ltr'>τῶν</span> <span class='ocrx_word' id='word_1_614' title='bbox 2369 1167 2614 1234; x_wconf 80' lang='grc' dir='ltr'>ἐσχάτων</span> <span class='ocrx_word' id='word_1_615' title='bbox 2643 1165 3014 1219; x_wconf 81' lang='grc' dir='ltr'>ἐκινδύνευσεν</span> <span class='ocrx_word' id='word_1_616' title='bbox 3037 1183 3050 1196; x_wconf 98' lang='grc'>·</span> <span class='ocrx_word' id='word_1_617' title='bbox 3088 1167 3275 1236; x_wconf 83' lang='grc' dir='ltr'>ἐπειδὴ</span> <span class='ocrx_word' id='word_1_618' title='bbox 3307 1167 3362 1219; x_wconf 79' lang='grc' dir='ltr'>δὲ</span> <span class='ocrx_word' id='word_1_619' title='bbox 3393 1169 3473 1229; x_wconf 86' lang='grc' dir='ltr'>εἰς</span> <span class='ocrx_word' id='word_1_620' title='bbox 3495 1169 3555 1220; x_wconf 84' lang='grc' dir='ltr'>τὸ</span> <span class='ocrx_word' id='word_1_621' title='bbox 3590 1170 3754 1222; x_wconf 84' lang='grc' dir='ltr'>πέλα-</span> 
     </span>
    </p>
   </div>
   <div class='ocr_carea' id='block_1_77' title="bbox 2079 1252 3752 1327">
    <p class='ocr_par' dir='ltr' id='par_1_77' title="bbox 2079 1252 3752 1327">
     <span class='ocr_line' id='line_1_77' title="bbox 2079 1252 3752 1327; baseline 0.003 -23"><span class='ocrx_word' id='word_1_622' title='bbox 2079 1270 2173 1320; x_wconf 83' lang='grc' dir='ltr'>γος</span> <span class='ocrx_word' id='word_1_623' title='bbox 2199 1252 2667 1319; x_wconf 83' lang='grc' dir='ltr'>καταποντισθεὶς,</span> <span class='ocrx_word' id='word_1_624' title='bbox 2693 1253 2786 1306; x_wconf 68' lang='grc' dir='ltr'>καὶ</span> <span class='ocrx_word' id='word_1_625' title='bbox 2817 1255 2916 1323; x_wconf 85' lang='grc' dir='ltr'>τὴν</span> <span class='ocrx_word' id='word_1_626' title='bbox 2942 1253 3218 1324; x_wconf 81' lang='grc' dir='ltr'>ἁμαρτίαν</span> <span class='ocrx_word' id='word_1_627' title='bbox 3246 1252 3332 1308; x_wconf 79' lang='grc' dir='ltr'>διὰ</span> <span class='ocrx_word' id='word_1_628' title='bbox 3360 1255 3460 1325; x_wconf 84' lang='grc' dir='ltr'>τῆς</span> <span class='ocrx_word' id='word_1_629' title='bbox 3484 1257 3752 1327; x_wconf 83' lang='grc' dir='ltr'>τιμωρίας</span> 
     </span>
    </p>
   </div>
   <div class='ocr_carea' id='block_1_78' title="bbox 2078 1338 3752 1414">
    <p class='ocr_par' dir='ltr' id='par_1_78' title="bbox 2078 1338 3752 1414">
     <span class='ocr_line' id='line_1_78' title="bbox 2078 1338 3752 1414; baseline 0.002 -22"><span class='ocrx_word' id='word_1_630' title='bbox 2078 1338 2444 1409; x_wconf 85' lang='grc' dir='ltr'>ἀποθέμενος.</span> <span class='ocrx_word' id='word_1_631' title='bbox 2475 1341 2555 1402; x_wconf 87' lang='grc' dir='ltr'>εἰς</span> <span class='ocrx_word' id='word_1_632' title='bbox 2584 1340 2644 1392; x_wconf 88' lang='grc' dir='ltr'>τὸ</span> <span class='ocrx_word' id='word_1_633' title='bbox 2672 1341 3067 1411; x_wconf 86' lang='grc' dir='ltr'>ἀτερμάτιστον</span> <span class='ocrx_word' id='word_1_634' title='bbox 3089 1340 3396 1410; x_wconf 84' lang='grc' dir='ltr'>κατηνέχθη</span> <span class='ocrx_word' id='word_1_635' title='bbox 3431 1341 3635 1402; x_wconf 88' lang='grc' dir='ltr'>πλοῖον,</span> <span class='ocrx_word' id='word_1_636' title='bbox 3653 1344 3752 1414; x_wconf 75' lang='grc' dir='ltr'>τὴν</span> 
     </span>
    </p>
   </div>
   <div class='ocr_carea' id='block_1_79' title="bbox 2079 1427 3746 1500">
    <p class='ocr_par' dir='ltr' id='par_1_79' title="bbox 2079 1427 3746 1500">
     <span class='ocr_line' id='line_1_79' title="bbox 2079 1427 3746 1500; baseline 0.004 -22"><span class='ocrx_word' id='word_1_637' title='bbox 2079 1427 2322 1498; x_wconf 85' lang='grc' dir='ltr'>γαστέρα</span> <span class='ocrx_word' id='word_1_638' title='bbox 2348 1428 2490 1498; x_wconf 82' lang='grc' dir='ltr'>φημί</span> <span class='ocrx_word' id='word_1_639' title='bbox 2517 1427 2610 1480; x_wconf 90' lang='grc' dir='ltr'>τοῦ</span> <span class='ocrx_word' id='word_1_640' title='bbox 2637 1429 2857 1498; x_wconf 85' lang='grc' dir='ltr'>κήτους,</span> <span class='ocrx_word' id='word_1_641' title='bbox 2883 1428 3083 1499; x_wconf 76' lang='grc' dir='ltr'>πολλῆς</span> <span class='ocrx_word' id='word_1_642' title='bbox 3109 1429 3390 1498; x_wconf 89' lang='grc' dir='ltr'>ἀπήλαυσε</span> <span class='ocrx_word' id='word_1_643' title='bbox 3413 1433 3512 1500; x_wconf 84' lang='grc' dir='ltr'>τῆς</span> <span class='ocrx_word' id='word_1_644' title='bbox 3533 1431 3712 1494; x_wconf 86' lang='grc' dir='ltr'>ἀδείας</span> <span class='ocrx_word' id='word_1_645' title='bbox 3733 1449 3746 1462; x_wconf 97' lang='grc'>·</span> 
     </span>
    </p>
   </div>
   <div class='ocr_carea' id='block_1_80' title="bbox 2081 1513 3754 1588">
    <p class='ocr_par' dir='ltr' id='par_1_80' title="bbox 2081 1513 3754 1588">
     <span class='ocr_line' id='line_1_80' title="bbox 2081 1513 3754 1588; baseline 0.004 -23"><span class='ocrx_word' id='word_1_646' title='bbox 2081 1514 2166 1566; x_wconf 82' lang='grc' dir='ltr'>ἵνα</span> <span class='ocrx_word' id='word_1_647' title='bbox 2201 1513 2398 1586; x_wconf 80' lang='grc' dir='ltr'>μάθῃς.</span> <span class='ocrx_word' id='word_1_648' title='bbox 2423 1515 2504 1568; x_wconf 83' lang='grc' dir='ltr'>ὅτι</span> <span class='ocrx_word' id='word_1_649' title='bbox 2531 1513 2719 1586; x_wconf 83' lang='grc' dir='ltr'>ὥσπερ</span> <span class='ocrx_word' id='word_1_650' title='bbox 2747 1515 2838 1568; x_wconf 85' lang='grc' dir='ltr'>τὸν</span> <span class='ocrx_word' id='word_1_651' title='bbox 2859 1517 2918 1568; x_wconf 88' lang='grc' dir='ltr'>ἐν</span> <span class='ocrx_word' id='word_1_652' title='bbox 2951 1517 3194 1588; x_wconf 82' lang='grc' dir='ltr'>ἁμαρτίᾳ</span> <span class='ocrx_word' id='word_1_653' title='bbox 3215 1515 3394 1580; x_wconf 81' lang='grc' dir='ltr'>ζῶντα</span> <span class='ocrx_word' id='word_1_654' title='bbox 3421 1518 3541 1570; x_wconf 82' lang='grc' dir='ltr'>ούδέ</span> <span class='ocrx_word' id='word_1_655' title='bbox 3567 1517 3754 1571; x_wconf 86' lang='grc' dir='ltr'>πλοῖον</span> 
     </span>
    </p>
   </div>
   <div class='ocr_carea' id='block_1_81' title="bbox 2078 1601 3752 1676">
    <p class='ocr_par' dir='ltr' id='par_1_81' title="bbox 2078 1601 3752 1676">
     <span class='ocr_line' id='line_1_81' title="bbox 2078 1601 3752 1676; baseline 0.005 -24"><span class='ocrx_word' id='word_1_656' title='bbox 2078 1602 2313 1670; x_wconf 81' lang='grc' dir='ltr'>ὠφελεῖ,</span> <span class='ocrx_word' id='word_1_657' title='bbox 2363 1601 2505 1656; x_wconf 79' lang='grc' dir='ltr'>οὕτω</span> <span class='ocrx_word' id='word_1_658' title='bbox 2552 1603 2643 1656; x_wconf 88' lang='grc' dir='ltr'>τὸν</span> <span class='ocrx_word' id='word_1_659' title='bbox 2687 1605 2786 1673; x_wconf 85' lang='grc' dir='ltr'>τὴν</span> <span class='ocrx_word' id='word_1_660' title='bbox 2819 1605 3091 1676; x_wconf 81' lang='grc' dir='ltr'>ἁμαρτίαν</span> <span class='ocrx_word' id='word_1_661' title='bbox 3137 1603 3473 1675; x_wconf 85' lang='grc' dir='ltr'>ἀποθέμενον</span> <span class='ocrx_word' id='word_1_662' title='bbox 3503 1607 3620 1658; x_wconf 79' lang='grc' dir='ltr'>οὐδὲ</span> <span class='ocrx_word' id='word_1_663' title='bbox 3653 1606 3752 1660; x_wconf 84' lang='grc' dir='ltr'>θά-</span> 
     </span>
    </p>
   </div>
   <div class='ocr_carea' id='block_1_82' title="bbox 2079 1688 3756 1762">
    <p class='ocr_par' dir='ltr' id='par_1_82' title="bbox 2079 1688 3756 1762">
     <span class='ocr_line' id='line_1_82' title="bbox 2079 1688 3756 1762; baseline 0.004 -22"><span class='ocrx_word' id='word_1_664' title='bbox 2079 1689 2249 1743; x_wconf 87' lang='grc' dir='ltr'>λαττα</span> <span class='ocrx_word' id='word_1_665' title='bbox 2292 1688 2607 1756; x_wconf 87' lang='grc' dir='ltr'>ἀπόλλυσιν,</span> <span class='ocrx_word' id='word_1_666' title='bbox 2661 1691 2781 1744; x_wconf 80' lang='grc' dir='ltr'>οὐδὲ</span> <span class='ocrx_word' id='word_1_667' title='bbox 2833 1691 2995 1762; x_wconf 82' lang='grc' dir='ltr'>θηρία</span> <span class='ocrx_word' id='word_1_668' title='bbox 3033 1691 3354 1762; x_wconf 83' lang='grc' dir='ltr'>διαφθείρει.</span> <span class='ocrx_word' id='word_1_669' title='bbox 3396 1693 3594 1746; x_wconf 84' lang='grc' dir='ltr'>Ἔλαϐε</span> <span class='ocrx_word' id='word_1_670' title='bbox 3621 1695 3756 1762; x_wconf 70' lang='grc' dir='ltr'>γοῦδ</span> 
     </span>
    </p>
   </div>
   <div class='ocr_carea' id='block_1_83' title="bbox 2081 1777 3752 1852">
    <p class='ocr_par' dir='ltr' id='par_1_83' title="bbox 2081 1777 3752 1852">
     <span class='ocr_line' id='line_1_83' title="bbox 2081 1777 3752 1852; baseline 0.004 -24"><span class='ocrx_word' id='word_1_671' title='bbox 2081 1777 2240 1829; x_wconf 79' lang='grc' dir='ltr'>αὑτὸν</span> <span class='ocrx_word' id='word_1_672' title='bbox 2272 1778 2340 1830; x_wconf 87' lang='grc' dir='ltr'>τὰ</span> <span class='ocrx_word' id='word_1_673' title='bbox 2372 1777 2610 1847; x_wconf 88' lang='grc' dir='ltr'>κύματα,</span> <span class='ocrx_word' id='word_1_674' title='bbox 2643 1779 2738 1831; x_wconf 80' lang='grc' dir='ltr'>καί</span> <span class='ocrx_word' id='word_1_675' title='bbox 2777 1779 2876 1831; x_wconf 81' lang='grc' dir='ltr'>οὐκ</span> <span class='ocrx_word' id='word_1_676' title='bbox 2912 1777 3235 1843; x_wconf 82' lang='grc' dir='ltr'>ἀπέπνιξεν·</span> <span class='ocrx_word' id='word_1_677' title='bbox 3283 1779 3440 1832; x_wconf 75' lang='grc' dir='ltr'>ἔλαϐε</span> <span class='ocrx_word' id='word_1_678' title='bbox 3476 1781 3536 1833; x_wconf 88' lang='grc' dir='ltr'>τὸ</span> <span class='ocrx_word' id='word_1_679' title='bbox 3567 1783 3752 1852; x_wconf 78' lang='grc' dir='ltr'>κῆτος,</span> 
     </span>
    </p>
   </div>
   <div class='ocr_carea' id='block_1_84' title="bbox 2082 1862 3753 1938">
    <p class='ocr_par' dir='ltr' id='par_1_84' title="bbox 2082 1862 3753 1938">
     <span class='ocr_line' id='line_1_84' title="bbox 2082 1862 3753 1938; baseline 0.005 -24"><span class='ocrx_word' id='word_1_680' title='bbox 2082 1862 2174 1916; x_wconf 75' lang='grc' dir='ltr'>καὶ</span> <span class='ocrx_word' id='word_1_681' title='bbox 2199 1865 2298 1916; x_wconf 79' lang='grc' dir='ltr'>οὐκ</span> <span class='ocrx_word' id='word_1_682' title='bbox 2323 1864 2549 1917; x_wconf 85' lang='grc' dir='ltr'>ἀνεῖλεν·</span> <span class='ocrx_word' id='word_1_683' title='bbox 2569 1865 2702 1919; x_wconf 89' lang='grc' dir='ltr'>ἀλλά</span> <span class='ocrx_word' id='word_1_684' title='bbox 2727 1866 2819 1918; x_wconf 71' lang='grc' dir='ltr'>καί⁵</span> <span class='ocrx_word' id='word_1_685' title='bbox 2841 1866 2902 1918; x_wconf 87' lang='grc' dir='ltr'>τὸ</span> <span class='ocrx_word' id='word_1_686' title='bbox 2922 1865 3080 1930; x_wconf 76' lang='grc' dir='ltr'>ζῶον,</span> <span class='ocrx_word' id='word_1_687' title='bbox 3110 1867 3204 1920; x_wconf 69' lang='grc' dir='ltr'>καὶ</span> <span class='ocrx_word' id='word_1_688' title='bbox 3227 1867 3290 1919; x_wconf 88' lang='grc' dir='ltr'>τὸ</span> <span class='ocrx_word' id='word_1_689' title='bbox 3321 1871 3581 1938; x_wconf 87' lang='grc' dir='ltr'>στοιχεῖον</span> <span class='ocrx_word' id='word_1_690' title='bbox 3607 1869 3753 1923; x_wconf 85' lang='grc' dir='ltr'>σώαν</span> 
     </span>
    </p>
   </div>
   <div class='ocr_carea' id='block_1_85' title="bbox 2082 1948 3754 2023">
    <p class='ocr_par' dir='ltr' id='par_1_85' title="bbox 2082 1948 3754 2023">
     <span class='ocr_line' id='line_1_85' title="bbox 2082 1948 3754 2023; baseline 0.004 -22"><span class='ocrx_word' id='word_1_691' title='bbox 2082 1948 2158 2018; x_wconf 83' lang='grc' dir='ltr'>τῷ</span> <span class='ocrx_word' id='word_1_692' title='bbox 2176 1949 2293 2020; x_wconf 82' lang='grc' dir='ltr'>Θεῷ</span> <span class='ocrx_word' id='word_1_693' title='bbox 2313 1951 2411 2022; x_wconf 88' lang='grc' dir='ltr'>τὴν</span> <span class='ocrx_word' id='word_1_694' title='bbox 2447 1952 2914 2023; x_wconf 83' lang='grc' dir='ltr'>παρακαταθήκην</span> <span class='ocrx_word' id='word_1_695' title='bbox 2949 1953 3220 2016; x_wconf 89' lang='grc' dir='ltr'>ἀπέδωκε,</span> <span class='ocrx_word' id='word_1_696' title='bbox 3259 1955 3352 2006; x_wconf 76' lang='grc' dir='ltr'>καὶ</span> <span class='ocrx_word' id='word_1_697' title='bbox 3383 1955 3472 2007; x_wconf 81' lang='grc' dir='ltr'>διὰ</span> <span class='ocrx_word' id='word_1_698' title='bbox 3533 1956 3754 2009; x_wconf 86' lang='grc' dir='ltr'>πάντων</span> 
     </span>
    </p>
   </div>
   <div class='ocr_carea' id='block_1_86' title="bbox 2082 2037 3754 2114">
    <p class='ocr_par' dir='ltr' id='par_1_86' title="bbox 2082 2037 3754 2114">
     <span class='ocr_line' id='line_1_86' title="bbox 2082 2037 3754 2114; baseline 0.004 -24"><span class='ocrx_word' id='word_1_699' title='bbox 2082 2039 2351 2108; x_wconf 80' lang='grc' dir='ltr'>ἐμάνθανε</span> <span class='ocrx_word' id='word_1_700' title='bbox 2371 2040 2752 2112; x_wconf 83' lang='grc' dir='ltr'>φιλάνθρωπος</span> <span class='ocrx_word' id='word_1_701' title='bbox 2771 2043 2864 2095; x_wconf 66' lang='grc' dir='ltr'>καὶ</span> <span class='ocrx_word' id='word_1_702' title='bbox 2885 2043 3094 2114; x_wconf 75' lang='grc' dir='ltr'>ἥμερος</span> <span class='ocrx_word' id='word_1_703' title='bbox 3123 2037 3260 2095; x_wconf 83' lang='grc' dir='ltr'>εἶναι</span> <span class='ocrx_word' id='word_1_704' title='bbox 3282 2045 3309 2095; x_wconf 88' lang='grc' dir='ltr'><strong>ὀ</strong></span> <span class='ocrx_word' id='word_1_705' title='bbox 3334 2044 3634 2114; x_wconf 76' lang='grc' dir='ltr'>προφήτης,</span> <span class='ocrx_word' id='word_1_706' title='bbox 3657 2045 3754 2096; x_wconf 76' lang='grc' dir='ltr'>καὶ</span> 
     </span>
    </p>
   </div>
   <div class='ocr_carea' id='block_1_87' title="bbox 2085 2127 3753 2202">
    <p class='ocr_par' dir='ltr' id='par_1_87' title="bbox 2085 2127 3753 2202">
     <span class='ocr_line' id='line_1_87' title="bbox 2085 2127 3753 2202; baseline 0.004 -24"><span class='ocrx_word' id='word_1_707' title='bbox 2085 2127 2223 2196; x_wconf 87' lang='grc' dir='ltr'>μήτε</span> <span class='ocrx_word' id='word_1_708' title='bbox 2267 2127 2475 2180; x_wconf 80' lang='grc' dir='ltr'>ναυτῶν</span> <span class='ocrx_word' id='word_1_709' title='bbox 2509 2130 2789 2200; x_wconf 85' lang='grc' dir='ltr'>ἀνοήτων,</span> <span class='ocrx_word' id='word_1_710' title='bbox 2827 2130 2962 2200; x_wconf 88' lang='grc' dir='ltr'>μήτε</span> <span class='ocrx_word' id='word_1_711' title='bbox 3021 2129 3281 2200; x_wconf 80' lang='grc' dir='ltr'>κυμάτων</span> <span class='ocrx_word' id='word_1_712' title='bbox 3327 2131 3566 2201; x_wconf 85' lang='grc' dir='ltr'>ἀγρίων,</span> <span class='ocrx_word' id='word_1_713' title='bbox 3612 2133 3753 2202; x_wconf 82' lang='grc' dir='ltr'>μήτε</span> 
     </span>
    </p>
   </div>
   <div class='ocr_carea' id='block_1_88' title="bbox 2083 2212 3758 2289">
    <p class='ocr_par' dir='ltr' id='par_1_88' title="bbox 2083 2212 3758 2289">
     <span class='ocr_line' id='line_1_88' title="bbox 2083 2212 3758 2289; baseline 0.004 -24"><span class='ocrx_word' id='word_1_714' title='bbox 2083 2213 2285 2285; x_wconf 86' lang='grc' dir='ltr'>θηρίων</span> <span class='ocrx_word' id='word_1_715' title='bbox 2311 2216 2588 2286; x_wconf 84' lang='grc' dir='ltr'>ὠμότερος</span> <span class='ocrx_word' id='word_1_716' title='bbox 2640 2212 2798 2270; x_wconf 82' lang='grc' dir='ltr'>εἰναι.</span> <span class='ocrx_word' id='word_1_717' title='bbox 2825 2217 2933 2270; x_wconf 77' lang='grc' dir='ltr'>Καὶ</span> <span class='ocrx_word' id='word_1_718' title='bbox 2958 2217 3066 2287; x_wconf 81' lang='grc' dir='ltr'>γὰρ</span> <span class='ocrx_word' id='word_1_719' title='bbox 3092 2218 3139 2269; x_wconf 82' lang='grc' dir='ltr'>οἱ</span> <span class='ocrx_word' id='word_1_720' title='bbox 3167 2216 3358 2270; x_wconf 84' lang='grc' dir='ltr'>ναῦται</span> <span class='ocrx_word' id='word_1_721' title='bbox 3383 2219 3482 2270; x_wconf 80' lang='grc' dir='ltr'>οὐκ</span> <span class='ocrx_word' id='word_1_722' title='bbox 3511 2221 3574 2272; x_wconf 86' lang='grc' dir='ltr'>ἐκ</span> <span class='ocrx_word' id='word_1_723' title='bbox 3605 2219 3758 2289; x_wconf 81' lang='grc' dir='ltr'>πρῶ-</span> 
     </span>
    </p>
   </div>
   <div class='ocr_carea' id='block_1_89' title="bbox 2080 2303 3756 2376">
    <p class='ocr_par' dir='ltr' id='par_1_89' title="bbox 2080 2303 3756 2376">
     <span class='ocr_line' id='line_1_89' title="bbox 2080 2303 3756 2376; baseline 0.004 -24"><span class='ocrx_word' id='word_1_724' title='bbox 2080 2319 2179 2371; x_wconf 85' lang='grc' dir='ltr'>της</span> <span class='ocrx_word' id='word_1_725' title='bbox 2205 2303 2426 2367; x_wconf 75' lang='grc' dir='ltr'>εύθέως,</span> <span class='ocrx_word' id='word_1_726' title='bbox 2470 2303 2607 2356; x_wconf 84' lang='grc' dir='ltr'>ἀλλά</span> <span class='ocrx_word' id='word_1_727' title='bbox 2657 2305 2792 2375; x_wconf 89' lang='grc' dir='ltr'>μετά</span> <span class='ocrx_word' id='word_1_728' title='bbox 2821 2305 3019 2375; x_wconf 73' lang='grc' dir='ltr'>πολλὴν</span> <span class='ocrx_word' id='word_1_729' title='bbox 3047 2305 3206 2358; x_wconf 75' lang='grc' dir='ltr'>αὑτὸν</span> <span class='ocrx_word' id='word_1_730' title='bbox 3239 2306 3482 2376; x_wconf 77' lang='grc' dir='ltr'>ἀνάγκην</span> <span class='ocrx_word' id='word_1_731' title='bbox 3511 2306 3756 2376; x_wconf 72' lang='grc' dir='ltr'>προῦδω-</span> 
     </span>
    </p>
   </div>
   <div class='ocr_carea' id='block_1_90' title="bbox 2083 2391 3753 2466">
    <p class='ocr_par' dir='ltr' id='par_1_90' title="bbox 2083 2391 3753 2466">
     <span class='ocr_line' id='line_1_90' title="bbox 2083 2391 3753 2466; baseline 0.003 -26"><span class='ocrx_word' id='word_1_732' title='bbox 2083 2407 2205 2452; x_wconf 89' lang='grc' dir='ltr'>καν,</span> <span class='ocrx_word' id='word_1_733' title='bbox 2241 2391 2389 2462; x_wconf 77' lang='grc' dir='ltr'>καὶὴ</span> <span class='ocrx_word' id='word_1_734' title='bbox 2433 2391 2668 2445; x_wconf 89' lang='grc' dir='ltr'>θάλαττα</span> <span class='ocrx_word' id='word_1_735' title='bbox 2701 2393 2757 2445; x_wconf 85' lang='grc' dir='ltr'>δέ</span> <span class='ocrx_word' id='word_1_736' title='bbox 2790 2393 2884 2446; x_wconf 73' lang='grc' dir='ltr'>καὶ</span> <span class='ocrx_word' id='word_1_737' title='bbox 2921 2393 2982 2444; x_wconf 87' lang='grc' dir='ltr'>τὸ</span> <span class='ocrx_word' id='word_1_738' title='bbox 3013 2393 3200 2463; x_wconf 87' lang='grc' dir='ltr'>θηρίον</span> <span class='ocrx_word' id='word_1_739' title='bbox 3242 2395 3379 2463; x_wconf 87' lang='grc' dir='ltr'>μετά</span> <span class='ocrx_word' id='word_1_740' title='bbox 3432 2394 3630 2464; x_wconf 80' lang='grc' dir='ltr'>πολλῆς</span> <span class='ocrx_word' id='word_1_741' title='bbox 3651 2396 3753 2466; x_wconf 75' lang='grc' dir='ltr'>τῆς</span> 
     </span>
    </p>
   </div>
   <div class='ocr_carea' id='block_1_91' title="bbox 2083 2478 3752 2552">
    <p class='ocr_par' dir='ltr' id='par_1_91' title="bbox 2083 2478 3752 2552">
     <span class='ocr_line' id='line_1_91' title="bbox 2083 2478 3752 2552; baseline 0.002 -22"><span class='ocrx_word' id='word_1_742' title='bbox 2083 2479 2294 2541; x_wconf 76' lang='grc' dir='ltr'>εὐνοίας</span> <span class='ocrx_word' id='word_1_743' title='bbox 2321 2478 2614 2547; x_wconf 79' lang='grc' dir='ltr'>ἐφύλαξαν,</span> <span class='ocrx_word' id='word_1_744' title='bbox 2661 2479 2755 2532; x_wconf 88' lang='grc' dir='ltr'>τοῦ</span> <span class='ocrx_word' id='word_1_745' title='bbox 2789 2479 2926 2532; x_wconf 87' lang='grc' dir='ltr'>Θεοῦ</span> <span class='ocrx_word' id='word_1_746' title='bbox 2969 2481 3146 2534; x_wconf 87' lang='grc' dir='ltr'>πάντα</span> <span class='ocrx_word' id='word_1_747' title='bbox 3175 2480 3349 2533; x_wconf 83' lang='grc' dir='ltr'>ταῦτα</span> <span class='ocrx_word' id='word_1_748' title='bbox 3401 2482 3752 2552; x_wconf 81' lang='grc' dir='ltr'>οἰκονομοῦν-</span> 
     </span>
    </p>
   </div>
   <div class='ocr_carea' id='block_1_92' title="bbox 2081 2567 3751 2641">
    <p class='ocr_par' dir='ltr' id='par_1_92' title="bbox 2081 2567 3751 2641">
     <span class='ocr_line' id='line_1_92' title="bbox 2081 2567 3751 2641; baseline 0.003 -23"><span class='ocrx_word' id='word_1_749' title='bbox 2081 2583 2191 2630; x_wconf 90' lang='grc' dir='ltr'>τος.</span> <span class='ocrx_word' id='word_1_750' title='bbox 2239 2567 2538 2638; x_wconf 83' lang='grc' dir='ltr'>Ἐπανῆλθε</span> <span class='ocrx_word' id='word_1_751' title='bbox 2575 2568 2775 2632; x_wconf 89' lang='grc' dir='ltr'>τοίνυν,</span> <span class='ocrx_word' id='word_1_752' title='bbox 2825 2567 3109 2641; x_wconf 80' lang='grc' dir='ltr'>ἐκήρυξεν,</span> <span class='ocrx_word' id='word_1_753' title='bbox 3154 2569 3469 2640; x_wconf 78' lang='grc' dir='ltr'>ἠπείλησεν,</span> <span class='ocrx_word' id='word_1_754' title='bbox 3513 2570 3751 2632; x_wconf 76' lang='grc' dir='ltr'>ἔπεισεν,</span> 
     </span>
    </p>
   </div>
   <div class='ocr_carea' id='block_1_93' title="bbox 2083 2651 3756 2726">
    <p class='ocr_par' dir='ltr' id='par_1_93' title="bbox 2083 2651 3756 2726">
     <span class='ocr_line' id='line_1_93' title="bbox 2083 2651 3756 2726; baseline 0.003 -23"><span class='ocrx_word' id='word_1_755' title='bbox 2083 2651 2305 2716; x_wconf 80' lang='grc' dir='ltr'>ἔσωσεν,</span> <span class='ocrx_word' id='word_1_756' title='bbox 2328 2653 2582 2724; x_wconf 86' lang='grc' dir='ltr'>ἐφόϐησε,</span> <span class='ocrx_word' id='word_1_757' title='bbox 2615 2653 2946 2726; x_wconf 85' lang='grc' dir='ltr'>διώρθωσεν,</span> <span class='ocrx_word' id='word_1_758' title='bbox 2977 2654 3293 2725; x_wconf 79' lang='grc' dir='ltr'>ἐστησεν,ἐξ</span> <span class='ocrx_word' id='word_1_759' title='bbox 3321 2655 3438 2718; x_wconf 84' lang='grc' dir='ltr'>ἐνὸς</span> <span class='ocrx_word' id='word_1_760' title='bbox 3473 2656 3566 2708; x_wconf 75' lang='grc' dir='ltr'>καί</span> <span class='ocrx_word' id='word_1_761' title='bbox 3601 2657 3756 2725; x_wconf 77' lang='grc' dir='ltr'>πρώ-</span> 
     </span>
    </p>
   </div>
   <div class='ocr_carea' id='block_1_94' title="bbox 2081 2741 3756 2812">
    <p class='ocr_par' dir='ltr' id='par_1_94' title="bbox 2081 2741 3756 2812">
     <span class='ocr_line' id='line_1_94' title="bbox 2081 2741 3756 2812; baseline 0.002 -20"><span class='ocrx_word' id='word_1_762' title='bbox 2081 2757 2175 2792; x_wconf 89' lang='grc' dir='ltr'>του</span> <span class='ocrx_word' id='word_1_763' title='bbox 2213 2741 2586 2812; x_wconf 87' lang='grc' dir='ltr'>κηρύγματος.</span> <span class='ocrx_word' id='word_1_764' title='bbox 2625 2742 2700 2794; x_wconf 83' lang='grc' dir='ltr'>Ού</span> <span class='ocrx_word' id='word_1_765' title='bbox 2733 2741 2842 2812; x_wconf 82' lang='grc' dir='ltr'>γὰρ</span> <span class='ocrx_word' id='word_1_766' title='bbox 2875 2742 3065 2812; x_wconf 85' lang='grc' dir='ltr'>ἐδεήθη</span> <span class='ocrx_word' id='word_1_767' title='bbox 3117 2741 3325 2794; x_wconf 83' lang='grc' dir='ltr'>πολλῶν</span> <span class='ocrx_word' id='word_1_768' title='bbox 3375 2742 3592 2812; x_wconf 85' lang='grc' dir='ltr'>ήμερῶν</span> <span class='ocrx_word' id='word_1_769' title='bbox 3631 2743 3756 2796; x_wconf 73' lang='grc' dir='ltr'>οὐδὲ</span> 
     </span>
    </p>
   </div>
   <div class='ocr_carea' id='block_1_95' title="bbox 2083 2827 3756 2901">
    <p class='ocr_par' dir='ltr' id='par_1_95' title="bbox 2083 2827 3756 2901">
     <span class='ocr_line' id='line_1_95' title="bbox 2083 2827 3756 2901; baseline 0.001 -21"><span class='ocrx_word' id='word_1_770' title='bbox 2083 2827 2338 2899; x_wconf 87' lang='grc' dir='ltr'>συνεχοῦς</span> <span class='ocrx_word' id='word_1_771' title='bbox 2373 2829 2701 2899; x_wconf 85' lang='grc' dir='ltr'>συμϐουλῆς,</span> <span class='ocrx_word' id='word_1_772' title='bbox 2720 2829 2854 2882; x_wconf 89' lang='grc' dir='ltr'>ἀλλά</span> <span class='ocrx_word' id='word_1_773' title='bbox 2885 2829 2950 2882; x_wconf 89' lang='grc' dir='ltr'>τά</span> <span class='ocrx_word' id='word_1_774' title='bbox 2968 2828 3098 2898; x_wconf 73' lang='grc' dir='ltr'>ψιλά</span> <span class='ocrx_word' id='word_1_775' title='bbox 3130 2831 3312 2882; x_wconf 89' lang='grc' dir='ltr'>ἐκεῖνα</span> <span class='ocrx_word' id='word_1_776' title='bbox 3343 2827 3510 2881; x_wconf 87' lang='grc' dir='ltr'>εἰπὼν</span> <span class='ocrx_word' id='word_1_777' title='bbox 3533 2831 3756 2901; x_wconf 72' lang='grc' dir='ltr'>ῥήματα</span> 
     </span>
    </p>
   </div>
   <div class='ocr_carea' id='block_1_96' title="bbox 2083 2915 3752 2987">
    <p class='ocr_par' dir='ltr' id='par_1_96' title="bbox 2083 2915 3752 2987">
     <span class='ocr_line' id='line_1_96' title="bbox 2083 2915 3752 2987; baseline 0.001 -19"><span class='ocrx_word' id='word_1_778' title='bbox 2083 2915 2288 2979; x_wconf 87' lang='grc' dir='ltr'>πάντας</span> <span class='ocrx_word' id='word_1_779' title='bbox 2323 2917 2402 2979; x_wconf 90' lang='grc' dir='ltr'>εἰς</span> <span class='ocrx_word' id='word_1_780' title='bbox 2433 2916 2715 2987; x_wconf 85' lang='grc' dir='ltr'>μετάνοιαν</span> <span class='ocrx_word' id='word_1_781' title='bbox 2744 2917 2940 2986; x_wconf 73' lang='grc' dir='ltr'>ἤγαγε.</span> <span class='ocrx_word' id='word_1_782' title='bbox 2977 2916 3077 2969; x_wconf 74' lang='grc' dir='ltr'>Δια</span> <span class='ocrx_word' id='word_1_783' title='bbox 3121 2915 3279 2968; x_wconf 88' lang='grc' dir='ltr'>τοῦτο</span> <span class='ocrx_word' id='word_1_784' title='bbox 3311 2916 3472 2968; x_wconf 85' lang='grc' dir='ltr'>αὐτὸν</span> <span class='ocrx_word' id='word_1_785' title='bbox 3519 2916 3618 2968; x_wconf 83' lang='grc' dir='ltr'>οὐκ</span> <span class='ocrx_word' id='word_1_786' title='bbox 3657 2919 3752 2969; x_wconf 79' lang='grc' dir='ltr'>εὑ-</span> 
     </span>
    </p>
   </div>
   <div class='ocr_carea' id='block_1_97' title="bbox 2083 3000 3754 3074">
    <p class='ocr_par' dir='ltr' id='par_1_97' title="bbox 2083 3000 3754 3074">
     <span class='ocr_line' id='line_1_97' title="bbox 2083 3000 3754 3074; baseline 0.001 -19"><span class='ocrx_word' id='word_1_787' title='bbox 2083 3000 2219 3066; x_wconf 88' lang='grc' dir='ltr'>θέως</span> <span class='ocrx_word' id='word_1_788' title='bbox 2252 3003 2316 3056; x_wconf 83' lang='grc' dir='ltr'>ἐκ</span> <span class='ocrx_word' id='word_1_789' title='bbox 2340 3003 2432 3056; x_wconf 88' lang='grc' dir='ltr'>τοῦ</span> <span class='ocrx_word' id='word_1_790' title='bbox 2460 3003 2642 3056; x_wconf 85' lang='grc' dir='ltr'>πλοίου</span> <span class='ocrx_word' id='word_1_791' title='bbox 2663 3006 2741 3067; x_wconf 90' lang='grc' dir='ltr'>εἰς</span> <span class='ocrx_word' id='word_1_792' title='bbox 2763 3004 2863 3074; x_wconf 86' lang='grc' dir='ltr'>τὴν</span> <span class='ocrx_word' id='word_1_793' title='bbox 2897 3003 3049 3056; x_wconf 84' lang='grc' dir='ltr'>πόλιν</span> <span class='ocrx_word' id='word_1_794' title='bbox 3075 3001 3512 3074; x_wconf 79' lang='grc' dir='ltr'>ἐχειραγώγησεν</span> <span class='ocrx_word' id='word_1_795' title='bbox 3536 3005 3563 3054; x_wconf 88' lang='grc' dir='ltr'>ό</span> <span class='ocrx_word' id='word_1_796' title='bbox 3595 3003 3754 3066; x_wconf 85' lang='grc' dir='ltr'>Θεὸς,</span> 
     </span>
    </p>
   </div>
   <div class='ocr_carea' id='block_1_98' title="bbox 2081 3091 3760 3166">
    <p class='ocr_par' dir='ltr' id='par_1_98' title="bbox 2081 3091 3760 3166">
     <span class='ocr_line' id='line_1_98' title="bbox 2081 3091 3760 3166; baseline -0.004 -18"><span class='ocrx_word' id='word_1_797' title='bbox 2081 3093 2216 3148; x_wconf 85' lang='grc' dir='ltr'>ἀλλά</span> <span class='ocrx_word' id='word_1_798' title='bbox 2249 3095 2568 3166; x_wconf 89' lang='grc' dir='ltr'>παρέδωκαν</span> <span class='ocrx_word' id='word_1_799' title='bbox 2604 3095 2653 3146; x_wconf 91' lang='grc' dir='ltr'>οἰ</span> <span class='ocrx_word' id='word_1_800' title='bbox 2686 3093 2874 3146; x_wconf 72' lang='grc' dir='ltr'>ναῦται</span> <span class='ocrx_word' id='word_1_801' title='bbox 2912 3097 2977 3163; x_wconf 83' lang='grc' dir='ltr'>τῇ</span> <span class='ocrx_word' id='word_1_802' title='bbox 3021 3093 3336 3162; x_wconf 75' lang='grc' dir='ltr'>θαλάττῃ.ή</span> <span class='ocrx_word' id='word_1_803' title='bbox 3391 3091 3628 3146; x_wconf 86' lang='grc' dir='ltr'>θάλαττα</span> <span class='ocrx_word' id='word_1_804' title='bbox 3673 3094 3760 3163; x_wconf 72' lang='grc' dir='ltr'>τῷ</span> 
     </span>
    </p>
   </div>
   <div class='ocr_carea' id='block_1_99' title="bbox 2082 3178 3758 3252">
    <p class='ocr_par' dir='ltr' id='par_1_99' title="bbox 2082 3178 3758 3252">
     <span class='ocr_line' id='line_1_99' title="bbox 2082 3178 3758 3252; baseline -0.001 -17"><span class='ocrx_word' id='word_1_805' title='bbox 2082 3183 2256 3251; x_wconf 86' lang='grc' dir='ltr'>κήτει,</span> <span class='ocrx_word' id='word_1_806' title='bbox 2283 3182 2342 3234; x_wconf 90' lang='grc' dir='ltr'>τὸ</span> <span class='ocrx_word' id='word_1_807' title='bbox 2365 3182 2526 3252; x_wconf 78' lang='grc' dir='ltr'>κῆτος</span> <span class='ocrx_word' id='word_1_808' title='bbox 2553 3180 2630 3250; x_wconf 80' lang='grc' dir='ltr'>τῷ</span> <span class='ocrx_word' id='word_1_809' title='bbox 2657 3178 2797 3250; x_wconf 84' lang='grc' dir='ltr'>Θεῷ,</span> <span class='ocrx_word' id='word_1_810' title='bbox 2824 3181 2852 3232; x_wconf 86' lang='grc' dir='ltr'>ὁ</span> <span class='ocrx_word' id='word_1_811' title='bbox 2875 3179 3006 3242; x_wconf 83' lang='grc' dir='ltr'>Θεὸς</span> <span class='ocrx_word' id='word_1_812' title='bbox 3031 3182 3145 3242; x_wconf 90' lang='grc' dir='ltr'>τοῖς</span> <span class='ocrx_word' id='word_1_813' title='bbox 3175 3179 3504 3241; x_wconf 83' lang='grc' dir='ltr'>Νινευῒταις,</span> <span class='ocrx_word' id='word_1_814' title='bbox 3540 3181 3633 3231; x_wconf 77' lang='grc' dir='ltr'>καὶ</span> <span class='ocrx_word' id='word_1_815' title='bbox 3661 3179 3758 3234; x_wconf 74' lang='grc' dir='ltr'>διὰ.</span> 
     </span>
    </p>
   </div>
   <div class='ocr_carea' id='block_1_100' title="bbox 2086 3265 3754 3338">
    <p class='ocr_par' dir='ltr' id='par_1_100' title="bbox 2086 3265 3754 3338">
     <span class='ocr_line' id='line_1_100' title="bbox 2086 3265 3754 3338; baseline -0.002 -17"><span class='ocrx_word' id='word_1_816' title='bbox 2086 3271 2302 3338; x_wconf 74' lang='grc' dir='ltr'>μακρᾶς</span> <span class='ocrx_word' id='word_1_817' title='bbox 2321 3268 2417 3338; x_wconf 84' lang='grc' dir='ltr'>τῆς</span> <span class='ocrx_word' id='word_1_818' title='bbox 2439 3266 2687 3338; x_wconf 87' lang='grc' dir='ltr'>περιόδου</span> <span class='ocrx_word' id='word_1_819' title='bbox 2715 3265 2742 3304; x_wconf 77' lang='grc' dir='ltr'><em>ά</em></span> <span class='ocrx_word' id='word_1_820' title='bbox 2771 3267 2860 3319; x_wconf 86' lang='grc' dir='ltr'>τὸν</span> <span class='ocrx_word' id='word_1_821' title='bbox 2883 3265 3095 3336; x_wconf 88' lang='grc' dir='ltr'>φυγάδα</span> <span class='ocrx_word' id='word_1_822' title='bbox 3115 3267 3478 3336; x_wconf 87' lang='grc' dir='ltr'>ἐπανήγαγεν,</span> <span class='ocrx_word' id='word_1_823' title='bbox 3508 3267 3593 3318; x_wconf 80' lang='grc' dir='ltr'>ἵνα</span> <span class='ocrx_word' id='word_1_824' title='bbox 3615 3267 3754 3318; x_wconf 81' lang='grc' dir='ltr'>πάν-</span> 
     </span>
    </p>
   </div>
   <div class='ocr_carea' id='block_1_101' title="bbox 2081 3352 3757 3425">
    <p class='ocr_par' dir='ltr' id='par_1_101' title="bbox 2081 3352 3757 3425">
     <span class='ocr_line' id='line_1_101' title="bbox 2081 3352 3757 3425; baseline -0.001 -17"><span class='ocrx_word' id='word_1_825' title='bbox 2081 3372 2179 3418; x_wconf 85' lang='grc' dir='ltr'>τας</span> <span class='ocrx_word' id='word_1_826' title='bbox 2222 3353 2506 3424; x_wconf 78' lang='grc' dir='ltr'>παιδεύσῃ,</span> <span class='ocrx_word' id='word_1_827' title='bbox 2555 3355 2636 3407; x_wconf 81' lang='grc' dir='ltr'>ὄτι</span> <span class='ocrx_word' id='word_1_828' title='bbox 2679 3352 2814 3406; x_wconf 86' lang='grc' dir='ltr'>Θεοῦ</span> <span class='ocrx_word' id='word_1_829' title='bbox 2859 3355 3046 3423; x_wconf 86' lang='grc' dir='ltr'>χεῖρας</span> <span class='ocrx_word' id='word_1_830' title='bbox 3084 3357 3272 3422; x_wconf 87' lang='grc' dir='ltr'>φυγεῖν</span> <span class='ocrx_word' id='word_1_831' title='bbox 3313 3356 3612 3425; x_wconf 87' lang='grc' dir='ltr'>ἀμήχανον,</span> <span class='ocrx_word' id='word_1_832' title='bbox 3661 3356 3757 3407; x_wconf 81' lang='grc' dir='ltr'>ὅτι</span> 
     </span>
    </p>
   </div>
   <div class='ocr_carea' id='block_1_102' title="bbox 2081 3441 3752 3512">
    <p class='ocr_par' dir='ltr' id='par_1_102' title="bbox 2081 3441 3752 3512">
     <span class='ocr_line' id='line_1_102' title="bbox 2081 3441 3752 3512; baseline -0.001 -18"><span class='ocrx_word' id='word_1_833' title='bbox 2081 3443 2322 3512; x_wconf 80' lang='grc' dir='ltr'>ὅπουπερ</span> <span class='ocrx_word' id='word_1_834' title='bbox 2355 3441 2420 3494; x_wconf 87' lang='grc' dir='ltr'>ἀν</span> <span class='ocrx_word' id='word_1_835' title='bbox 2447 3458 2530 3504; x_wconf 90' lang='grc' dir='ltr'>τις</span> <span class='ocrx_word' id='word_1_836' title='bbox 2571 3441 2854 3510; x_wconf 89' lang='grc' dir='ltr'>ἀφίκηται,</span> <span class='ocrx_word' id='word_1_837' title='bbox 2887 3441 2984 3510; x_wconf 81' lang='grc' dir='ltr'>τὴν</span> <span class='ocrx_word' id='word_1_838' title='bbox 3033 3441 3304 3511; x_wconf 81' lang='grc' dir='ltr'>ἁμαρτίαν</span> <span class='ocrx_word' id='word_1_839' title='bbox 3333 3441 3752 3512; x_wconf 80' lang='grc' dir='ltr'>ἐπισυρόμενος,</span> 
     </span>
    </p>
   </div>
   <div class='ocr_carea' id='block_1_103' title="bbox 2085 3527 3756 3601">
    <p class='ocr_par' dir='ltr' id='par_1_103' title="bbox 2085 3527 3756 3601">
     <span class='ocr_line' id='line_1_103' title="bbox 2085 3527 3756 3601; baseline -0.001 -19"><span class='ocrx_word' id='word_1_840' title='bbox 2085 3530 2252 3601; x_wconf 89' lang='grc' dir='ltr'>μυρία</span> <span class='ocrx_word' id='word_1_841' title='bbox 2284 3530 2650 3599; x_wconf 81' lang='grc' dir='ltr'>ύποστήσεται</span> <span class='ocrx_word' id='word_1_842' title='bbox 2675 3529 2744 3582; x_wconf 76' lang='grc' dir='ltr'>τὰ</span> <span class='ocrx_word' id='word_1_843' title='bbox 2775 3528 2945 3591; x_wconf 85' lang='grc' dir='ltr'>δεινὰ,</span> <span class='ocrx_word' id='word_1_844' title='bbox 2977 3528 3082 3582; x_wconf 75' lang='grc' dir='ltr'>κᾶν</span> <span class='ocrx_word' id='word_1_845' title='bbox 3100 3527 3210 3580; x_wconf 88' lang='grc' dir='ltr'>τῶν</span> <span class='ocrx_word' id='word_1_846' title='bbox 3239 3527 3539 3598; x_wconf 81' lang='grc' dir='ltr'>ἀνθρώπων</span> <span class='ocrx_word' id='word_1_847' title='bbox 3560 3528 3756 3598; x_wconf 72' lang='grc' dir='ltr'>μηδεὶς</span> 
     </span>
    </p>
   </div>
   <div class='ocr_carea' id='block_1_104' title="bbox 2081 3613 3754 3688">
    <p class='ocr_par' dir='ltr' id='par_1_104' title="bbox 2081 3613 3754 3688">
     <span class='ocr_line' id='line_1_104' title="bbox 2081 3613 3754 3688; baseline -0.001 -20"><span class='ocrx_word' id='word_1_848' title='bbox 2081 3620 2252 3688; x_wconf 82' lang='grc' dir='ltr'>παρῇ,</span> <span class='ocrx_word' id='word_1_849' title='bbox 2278 3615 2412 3687; x_wconf 75' lang='grc' dir='ltr'>αὕτη</span> <span class='ocrx_word' id='word_1_850' title='bbox 2435 3615 2764 3685; x_wconf 87' lang='grc' dir='ltr'>πανταχόθεν</span> <span class='ocrx_word' id='word_1_851' title='bbox 2787 3616 2819 3685; x_wconf 91' lang='grc' dir='ltr'>ή</span> <span class='ocrx_word' id='word_1_852' title='bbox 2851 3614 3024 3677; x_wconf 86' lang='grc' dir='ltr'>κτίσις</span> <span class='ocrx_word' id='word_1_853' title='bbox 3037 3615 3417 3685; x_wconf 85' lang='grc' dir='ltr'>ἀντιστήσεται</span> <span class='ocrx_word' id='word_1_854' title='bbox 3451 3613 3586 3684; x_wconf 79' lang='grc' dir='ltr'>μετὰ</span> <span class='ocrx_word' id='word_1_855' title='bbox 3615 3615 3754 3666; x_wconf 85' lang='grc' dir='ltr'>πολ-</span> 
     </span>
    </p>
   </div>
   <div class='ocr_carea' id='block_1_105' title="bbox 2081 3700 3756 3774">
    <p class='ocr_par' dir='ltr' id='par_1_105' title="bbox 2081 3700 3756 3774">
     <span class='ocr_line' id='line_1_105' title="bbox 2081 3700 3756 3774; baseline -0.001 -18"><span class='ocrx_word' id='word_1_856' title='bbox 2081 3704 2177 3774; x_wconf 90' lang='grc' dir='ltr'>λῆς</span> <span class='ocrx_word' id='word_1_857' title='bbox 2199 3703 2345 3774; x_wconf 80' lang='grc' dir='ltr'>αὐτῷ</span> <span class='ocrx_word' id='word_1_858' title='bbox 2365 3704 2465 3772; x_wconf 74' lang='grc' dir='ltr'>τῆς</span> <span class='ocrx_word' id='word_1_859' title='bbox 2493 3702 2871 3774; x_wconf 86' lang='grc' dir='ltr'>σφοδρότητος.</span> <span class='ocrx_word' id='word_1_860' title='bbox 2899 3700 2990 3772; x_wconf 82' lang='grc' dir='ltr'>Μὴ</span> <span class='ocrx_word' id='word_1_861' title='bbox 3014 3701 3191 3755; x_wconf 86' lang='grc' dir='ltr'>τοίνυν</span> <span class='ocrx_word' id='word_1_862' title='bbox 3219 3705 3283 3772; x_wconf 79' lang='grc' dir='ltr'>τῇ</span> <span class='ocrx_word' id='word_1_863' title='bbox 3320 3705 3464 3772; x_wconf 80' lang='grc' dir='ltr'>φυγῇ</span> <span class='ocrx_word' id='word_1_864' title='bbox 3505 3703 3612 3772; x_wconf 74' lang='grc' dir='ltr'>¹τὴν</span> <span class='ocrx_word' id='word_1_865' title='bbox 3639 3719 3756 3755; x_wconf 85' lang='grc' dir='ltr'>σω-</span> 
     </span>
    </p>
   </div>
   <div class='ocr_carea' id='block_1_106' title="bbox 2079 3789 3756 3864">
    <p class='ocr_par' dir='ltr' id='par_1_106' title="bbox 2079 3789 3756 3864">
     <span class='ocr_line' id='line_1_106' title="bbox 2079 3789 3756 3864; baseline -0.002 -18"><span class='ocrx_word' id='word_1_866' title='bbox 2079 3793 2274 3864; x_wconf 86' lang='grc' dir='ltr'>τηρίαν</span> <span class='ocrx_word' id='word_1_867' title='bbox 2301 3792 2458 3863; x_wconf 83' lang='grc' dir='ltr'>ἡμῶν</span> <span class='ocrx_word' id='word_1_868' title='bbox 2481 3791 2896 3862; x_wconf 85' lang='grc' dir='ltr'>ἐγχειρίσωμεν,</span> <span class='ocrx_word' id='word_1_869' title='bbox 2919 3789 3054 3842; x_wconf 79' lang='grc' dir='ltr'>ἀλλὰ</span> <span class='ocrx_word' id='word_1_870' title='bbox 3073 3793 3138 3860; x_wconf 82' lang='grc' dir='ltr'>τῇ</span> <span class='ocrx_word' id='word_1_871' title='bbox 3161 3789 3256 3842; x_wconf 87' lang='grc' dir='ltr'>τοῦ</span> <span class='ocrx_word' id='word_1_872' title='bbox 3285 3791 3488 3860; x_wconf 88' lang='grc' dir='ltr'>τρόπου</span> <span class='ocrx_word' id='word_1_873' title='bbox 3515 3789 3756 3859; x_wconf 81' lang='grc' dir='ltr'>μεταϐο-</span> 
     </span>
    </p>
   </div>
   <div class='ocr_carea' id='block_1_107' title="bbox 2081 3877 3758 3953">
    <p class='ocr_par' dir='ltr' id='par_1_107' title="bbox 2081 3877 3758 3953">
     <span class='ocr_line' id='line_1_107' title="bbox 2081 3877 3758 3953; baseline -0.001 -20"><span class='ocrx_word' id='word_1_874' title='bbox 2081 3881 2164 3950; x_wconf 81' lang='grc' dir='ltr'>λῇ.</span> <span class='ocrx_word' id='word_1_875' title='bbox 2187 3881 2298 3953; x_wconf 69' lang='lat'>[70]</span> <span class='ocrx_word' id='word_1_876' title='bbox 2325 3879 2414 3951; x_wconf 84' lang='grc' dir='ltr'>Μὴ</span> <span class='ocrx_word' id='word_1_877' title='bbox 2431 3879 2558 3950; x_wconf 77' lang='grc' dir='ltr'>γὰρ,</span> <span class='ocrx_word' id='word_1_878' title='bbox 2579 3878 2763 3947; x_wconf 79' lang='grc' dir='ltr'>ἐπειδὴ</span> <span class='ocrx_word' id='word_1_879' title='bbox 2784 3879 2962 3948; x_wconf 86' lang='grc' dir='ltr'>μένεις</span> <span class='ocrx_word' id='word_1_880' title='bbox 2979 3879 3036 3930; x_wconf 90' lang='grc' dir='ltr'>ἐν</span> <span class='ocrx_word' id='word_1_881' title='bbox 3059 3880 3124 3948; x_wconf 81' lang='grc' dir='ltr'>τῇ</span> <span class='ocrx_word' id='word_1_882' title='bbox 3143 3877 3318 3938; x_wconf 82' lang='grc' dir='ltr'>πόλει,</span> <span class='ocrx_word' id='word_1_883' title='bbox 3346 3877 3430 3929; x_wconf 84' lang='grc' dir='ltr'>διὰ</span> <span class='ocrx_word' id='word_1_884' title='bbox 3445 3877 3758 3948; x_wconf 87' lang='grc' dir='ltr'>τοῦτοπαρ-</span> 
     </span>
    </p>
   </div>
   <div class='ocr_carea' id='block_1_108' title="bbox 2081 3959 3758 4035">
    <p class='ocr_par' dir='ltr' id='par_1_108' title="bbox 2081 3959 3758 4035">
     <span class='ocr_line' id='line_1_108' title="bbox 2081 3959 3758 4035; baseline 0 -17"><span class='ocrx_word' id='word_1_885' title='bbox 2081 3965 2323 4031; x_wconf 75' lang='grc' dir='ltr'>οξύνεται</span> <span class='ocrx_word' id='word_1_886' title='bbox 2351 3959 2379 4010; x_wconf 82' lang='grc' dir='ltr'>ὁ</span> <span class='ocrx_word' id='word_1_887' title='bbox 2409 3965 2560 4028; x_wconf 73' lang='grc' dir='ltr'>Θεὸς,</span> <span class='ocrx_word' id='word_1_888' title='bbox 2594 3965 2680 4016; x_wconf 84' lang='grc' dir='ltr'>ἴνα</span> <span class='ocrx_word' id='word_1_889' title='bbox 2711 3963 2890 4035; x_wconf 83' lang='grc' dir='ltr'>φύγῃς</span> <span class='ocrx_word' id='word_1_890' title='bbox 2915 3963 3161 4032; x_wconf 80' lang='grc' dir='ltr'>;Ἐπειδή</span> <span class='ocrx_word' id='word_1_891' title='bbox 3183 3964 3449 4034; x_wconf 79' lang='grc' dir='ltr'>ἦμαρ-τες,</span> <span class='ocrx_word' id='word_1_892' title='bbox 3473 3963 3560 4016; x_wconf 79' lang='grc' dir='ltr'>διὰ</span> <span class='ocrx_word' id='word_1_893' title='bbox 3589 3964 3758 4018; x_wconf 79' lang='grc' dir='ltr'>τοῦτο</span> 
     </span>
    </p>
   </div>
   <div class='ocr_carea' id='block_1_109' title="bbox 2081 4049 3756 4122">
    <p class='ocr_par' dir='ltr' id='par_1_109' title="bbox 2081 4049 3756 4122">
     <span class='ocr_line' id='line_1_109' title="bbox 2081 4049 3756 4122; baseline -0.002 -14"><span class='ocrx_word' id='word_1_894' title='bbox 2081 4057 2395 4122; x_wconf 86' lang='grc' dir='ltr'>ἀγανακτεῖ.</span> <span class='ocrx_word' id='word_1_895' title='bbox 2420 4052 2627 4106; x_wconf 82' lang='grc' dir='ltr'>Οὐκοῦν</span> <span class='ocrx_word' id='word_1_896' title='bbox 2653 4052 2748 4122; x_wconf 82' lang='grc' dir='ltr'>τὴν</span> <span class='ocrx_word' id='word_1_897' title='bbox 2779 4050 3050 4121; x_wconf 88' lang='grc' dir='ltr'>ἁμαρτίαν</span> <span class='ocrx_word' id='word_1_898' title='bbox 3084 4049 3307 4112; x_wconf 86' lang='grc' dir='ltr'>ἀπόθου,</span> <span class='ocrx_word' id='word_1_899' title='bbox 3337 4052 3430 4104; x_wconf 73' lang='grc' dir='ltr'>καὶ</span> <span class='ocrx_word' id='word_1_900' title='bbox 3457 4050 3578 4103; x_wconf 80' lang='grc' dir='ltr'>ὅθεν</span> <span class='ocrx_word' id='word_1_901' title='bbox 3602 4053 3634 4120; x_wconf 87' lang='grc' dir='ltr'>ή</span> <span class='ocrx_word' id='word_1_902' title='bbox 3658 4054 3756 4104; x_wconf 85' lang='grc' dir='ltr'>αἰ-</span> 
     </span>
    </p>
   </div>
   <div class='ocr_carea' id='block_1_110' title="bbox 2076 4136 3762 4213">
    <p class='ocr_par' dir='ltr' id='par_1_110' title="bbox 2076 4136 3762 4213">
     <span class='ocr_line' id='line_1_110' title="bbox 2076 4136 3762 4213; baseline -0.003 -18"><span class='ocrx_word' id='word_1_903' title='bbox 2076 4143 2166 4195; x_wconf 84' lang='grc' dir='ltr'>τία</span> <span class='ocrx_word' id='word_1_904' title='bbox 2185 4142 2262 4212; x_wconf 82' lang='grc' dir='ltr'>τῷ</span> <span class='ocrx_word' id='word_1_905' title='bbox 2281 4141 2574 4213; x_wconf 89' lang='grc' dir='ltr'>τραύματι,</span> <span class='ocrx_word' id='word_1_906' title='bbox 2604 4139 2810 4192; x_wconf 87' lang='grc' dir='ltr'>ἐκεῖθεν</span> <span class='ocrx_word' id='word_1_907' title='bbox 2837 4138 3147 4192; x_wconf 86' lang='grc' dir='ltr'>ἀνάστειλον</span> <span class='ocrx_word' id='word_1_908' title='bbox 3189 4136 3281 4190; x_wconf 88' lang='grc' dir='ltr'>τοῦ</span> <span class='ocrx_word' id='word_1_909' title='bbox 3311 4137 3483 4190; x_wconf 88' lang='grc' dir='ltr'>κακοῦ</span> <span class='ocrx_word' id='word_1_910' title='bbox 3508 4139 3607 4208; x_wconf 86' lang='grc' dir='ltr'>τὴν</span> <span class='ocrx_word' id='word_1_911' title='bbox 3639 4158 3762 4211; x_wconf 85' lang='grc' dir='ltr'>πη-</span> 
     </span>
    </p>
   </div>
   <div class='ocr_carea' id='block_1_111' title="bbox 2077 4225 3760 4300">
    <p class='ocr_par' dir='ltr' id='par_1_111' title="bbox 2077 4225 3760 4300">
     <span class='ocr_line' id='line_1_111' title="bbox 2077 4225 3760 4300; baseline -0.003 -16"><span class='ocrx_word' id='word_1_912' title='bbox 2077 4235 2200 4300; x_wconf 83' lang='grc' dir='ltr'>γήν·</span> <span class='ocrx_word' id='word_1_913' title='bbox 2223 4231 2290 4282; x_wconf 82' lang='grc' dir='ltr'>τὰ</span> <span class='ocrx_word' id='word_1_914' title='bbox 2311 4231 2417 4300; x_wconf 85' lang='grc' dir='ltr'>γὰρ</span> <span class='ocrx_word' id='word_1_915' title='bbox 2439 4229 2656 4281; x_wconf 83' lang='grc' dir='ltr'>ἐναντία</span> <span class='ocrx_word' id='word_1_916' title='bbox 2670 4229 2781 4290; x_wconf 89' lang='grc' dir='ltr'>τοῖς</span> <span class='ocrx_word' id='word_1_917' title='bbox 2803 4225 3064 4288; x_wconf 88' lang='grc' dir='ltr'>ἐναντίοις</span> <span class='ocrx_word' id='word_1_918' title='bbox 3085 4225 3405 4296; x_wconf 87' lang='grc' dir='ltr'>θεραπεύειν</span> <span class='ocrx_word' id='word_1_919' title='bbox 3423 4227 3516 4278; x_wconf 79' lang='grc' dir='ltr'>καὶ</span> <span class='ocrx_word' id='word_1_920' title='bbox 3545 4228 3760 4298; x_wconf 79' lang='grc' dir='ltr'>ἰατρῶν</span> 
     </span>
    </p>
   </div>
   <div class='ocr_carea' id='block_1_112' title="bbox 2079 4308 3759 4386">
    <p class='ocr_par' dir='ltr' id='par_1_112' title="bbox 2079 4308 3759 4386">
     <span class='ocr_line' id='line_1_112' title="bbox 2079 4308 3759 4386; baseline -0.002 -16"><span class='ocrx_word' id='word_1_921' title='bbox 2079 4318 2264 4380; x_wconf 79' lang='grc' dir='ltr'>παῖδες</span> <span class='ocrx_word' id='word_1_922' title='bbox 2289 4317 2616 4370; x_wconf 87' lang='grc' dir='ltr'>κελεύουσιν.</span> <span class='ocrx_word' id='word_1_923' title='bbox 2661 4315 2749 4380; x_wconf 84' lang='grc' dir='ltr'>Ἐξ</span> <span class='ocrx_word' id='word_1_924' title='bbox 2783 4312 3088 4384; x_wconf 81' lang='grc' dir='ltr'>ἀδηφαγίας</span> <span class='ocrx_word' id='word_1_925' title='bbox 3118 4308 3210 4364; x_wconf 85' lang='grc' dir='ltr'>οῦν</span> <span class='ocrx_word' id='word_1_926' title='bbox 3245 4312 3433 4382; x_wconf 87' lang='grc' dir='ltr'>ἐτέχθη</span> <span class='ocrx_word' id='word_1_927' title='bbox 3475 4315 3759 4386; x_wconf 84' lang='grc' dir='ltr'>πυρετός;</span> 
     </span>
    </p>
   </div>
   <div class='ocr_carea' id='block_1_113' title="bbox 2075 4401 3762 4480">
    <p class='ocr_par' dir='ltr' id='par_1_113' title="bbox 2075 4401 3762 4480">
     <span class='ocr_line' id='line_1_113' title="bbox 2075 4401 3762 4480; baseline -0.002 -16"><span class='ocrx_word' id='word_1_928' title='bbox 2075 4412 2258 4480; x_wconf 73' lang='grc' dir='ltr'>ἀσιτία</span> <span class='ocrx_word' id='word_1_929' title='bbox 2288 4407 2630 4479; x_wconf 86' lang='grc' dir='ltr'>μεθοδεύουσι</span> <span class='ocrx_word' id='word_1_930' title='bbox 2657 4403 2716 4458; x_wconf 84' lang='grc' dir='ltr'>τὸ</span> <span class='ocrx_word' id='word_1_931' title='bbox 2748 4405 2978 4474; x_wconf 80' lang='grc' dir='ltr'>νόσημα.</span> <span class='ocrx_word' id='word_1_932' title='bbox 3036 4401 3125 4468; x_wconf 82' lang='grc' dir='ltr'>Ἐξ</span> <span class='ocrx_word' id='word_1_933' title='bbox 3154 4403 3386 4473; x_wconf 87' lang='grc' dir='ltr'>ἀθυμίας</span> <span class='ocrx_word' id='word_1_934' title='bbox 3421 4405 3762 4475; x_wconf 79' lang='grc' dir='ltr'>ἠρρώστησὲ</span> 
     </span>
    </p>
   </div>
   <div class='ocr_carea' id='block_1_114' title="bbox 2075 4489 3760 4566">
    <p class='ocr_par' dir='ltr' id='par_1_114' title="bbox 2075 4489 3760 4566">
     <span class='ocr_line' id='line_1_114' title="bbox 2075 4489 3760 4566; baseline -0.002 -16"><span class='ocrx_word' id='word_1_935' title='bbox 2075 4515 2183 4559; x_wconf 82' lang='grc' dir='ltr'>τις;</span> <span class='ocrx_word' id='word_1_936' title='bbox 2211 4496 2472 4566; x_wconf 74' lang='grc' dir='ltr'>εὐθυμίαν</span> <span class='ocrx_word' id='word_1_937' title='bbox 2513 4495 2685 4564; x_wconf 84' lang='grc' dir='ltr'>τούτῳ</span> <span class='ocrx_word' id='word_1_938' title='bbox 2707 4494 2998 4564; x_wconf 85' lang='grc' dir='ltr'>φάρμακον</span> <span class='ocrx_word' id='word_1_939' title='bbox 3046 4492 3346 4562; x_wconf 83' lang='grc' dir='ltr'>ἐπιτήδειον</span> <span class='ocrx_word' id='word_1_940' title='bbox 3393 4489 3529 4545; x_wconf 85' lang='grc' dir='ltr'>εἷναί</span> <span class='ocrx_word' id='word_1_941' title='bbox 3555 4510 3760 4560; x_wconf 80' lang='grc' dir='ltr'>φασιν.</span> 
     </span>
    </p>
   </div>
   <div class='ocr_carea' id='block_1_115' title="bbox 2076 4580 3757 4654">
    <p class='ocr_par' dir='ltr' id='par_1_115' title="bbox 2076 4580 3757 4654">
     <span class='ocr_line' id='line_1_115' title="bbox 2076 4580 3757 4654; baseline -0.004 -16"><span class='ocrx_word' id='word_1_942' title='bbox 2076 4585 2231 4638; x_wconf 68' lang='grc' dir='ltr'>Οὕτω</span> <span class='ocrx_word' id='word_1_943' title='bbox 2267 4588 2362 4637; x_wconf 74' lang='grc' dir='ltr'>καὶ</span> <span class='ocrx_word' id='word_1_944' title='bbox 2391 4584 2484 4636; x_wconf 80' lang='grc' dir='ltr'>ἐπὶ</span> <span class='ocrx_word' id='word_1_945' title='bbox 2531 4581 2637 4634; x_wconf 90' lang='grc' dir='ltr'>τῶν</span> <span class='ocrx_word' id='word_1_946' title='bbox 2673 4580 2771 4648; x_wconf 81' lang='grc' dir='ltr'>τῆς</span> <span class='ocrx_word' id='word_1_947' title='bbox 2803 4581 2979 4651; x_wconf 72' lang='grc' dir='ltr'>ψυχῆς</span> <span class='ocrx_word' id='word_1_948' title='bbox 3023 4581 3342 4650; x_wconf 85' lang='grc' dir='ltr'>νοσημάτων</span> <span class='ocrx_word' id='word_1_949' title='bbox 3387 4585 3556 4634; x_wconf 87' lang='grc' dir='ltr'>ποιεῖν</span> <span class='ocrx_word' id='word_1_950' title='bbox 3610 4587 3757 4654; x_wconf 74' lang='grc' dir='ltr'>χρή,</span> 
     </span>
    </p>
   </div>
   <div class='ocr_carea' id='block_1_116' title="bbox 2086 4665 3766 4741">
    <p class='ocr_par' dir='ltr' id='par_1_116' title="bbox 2086 4665 3766 4741">
     <span class='ocr_line' id='line_1_116' title="bbox 2086 4665 3766 4741; baseline -0.001 -19"><span class='ocrx_word' id='word_1_951' title='bbox 2086 4671 2246 4741; x_wconf 84' lang='grc' dir='ltr'>Ῥᾳθυ</span> <span class='ocrx_word' id='word_1_952' title='bbox 2256 4669 2353 4740; x_wconf 89' lang='grc' dir='ltr'>μία</span> <span class='ocrx_word' id='word_1_953' title='bbox 2377 4670 2476 4740; x_wconf 84' lang='grc' dir='ltr'>τὴν</span> <span class='ocrx_word' id='word_1_954' title='bbox 2499 4667 2666 4739; x_wconf 81' lang='grc' dir='ltr'>ὀργὴν</span> <span class='ocrx_word' id='word_1_955' title='bbox 2695 4668 2918 4737; x_wconf 84' lang='grc' dir='ltr'>’ήγειρε;</span> <span class='ocrx_word' id='word_1_956' title='bbox 2976 4665 3176 4737; x_wconf 82' lang='grc' dir='ltr'>σπουδῇ</span> <span class='ocrx_word' id='word_1_957' title='bbox 3211 4665 3413 4737; x_wconf 86' lang='grc' dir='ltr'>ταύτην</span> <span class='ocrx_word' id='word_1_958' title='bbox 3469 4670 3766 4738; x_wconf 81' lang='grc' dir='ltr'>ἀποκρου-</span> 
     </span>
    </p>
   </div>
   <div class='ocr_carea' id='block_1_117' title="bbox 2075 4753 3770 4829">
    <p class='ocr_par' dir='ltr' id='par_1_117' title="bbox 2075 4753 3770 4829">
     <span class='ocr_line' id='line_1_117' title="bbox 2075 4753 3770 4829; baseline 0 -19"><span class='ocrx_word' id='word_1_959' title='bbox 2075 4757 2315 4829; x_wconf 58' lang='grc' dir='ltr'>σῶλμεθα,</span> <span class='ocrx_word' id='word_1_960' title='bbox 2335 4758 2426 4810; x_wconf 73' lang='grc' dir='ltr'>καὶ</span> <span class='ocrx_word' id='word_1_961' title='bbox 2448 4756 2647 4826; x_wconf 82' lang='grc' dir='ltr'>πολλὴν</span> <span class='ocrx_word' id='word_1_962' title='bbox 2669 4753 3066 4824; x_wconf 77' lang='grc' dir='ltr'>ἐπιδειξώμεθα</span> <span class='ocrx_word' id='word_1_963' title='bbox 3098 4755 3198 4826; x_wconf 84' lang='grc' dir='ltr'>τὴν</span> <span class='ocrx_word' id='word_1_964' title='bbox 3233 4755 3553 4825; x_wconf 84' lang='grc' dir='ltr'>μεταϐολήν.</span> <span class='ocrx_word' id='word_1_965' title='bbox 3582 4757 3770 4826; x_wconf 80' lang='grc' dir='ltr'>Ἐχο-</span> 
     </span>
    </p>
   </div>
   <div class='ocr_carea' id='block_1_118' title="bbox 2077 4845 3766 4919">
    <p class='ocr_par' dir='ltr' id='par_1_118' title="bbox 2077 4845 3766 4919">
     <span class='ocr_line' id='line_1_118' title="bbox 2077 4845 3766 4919; baseline 0.001 -19"><span class='ocrx_word' id='word_1_966' title='bbox 2077 4865 2174 4919; x_wconf 89' lang='grc' dir='ltr'>μεν</span> <span class='ocrx_word' id='word_1_967' title='bbox 2207 4847 2396 4917; x_wconf 81' lang='grc' dir='ltr'>βοηθὸν</span> <span class='ocrx_word' id='word_1_968' title='bbox 2435 4845 2694 4917; x_wconf 88' lang='grc' dir='ltr'>μεγίστην</span> <span class='ocrx_word' id='word_1_969' title='bbox 2727 4845 2821 4899; x_wconf 68' lang='grc' dir='ltr'>καὶ</span> <span class='ocrx_word' id='word_1_970' title='bbox 2869 4845 3156 4916; x_wconf 89' lang='grc' dir='ltr'>σύμμαχον</span> <span class='ocrx_word' id='word_1_971' title='bbox 3189 4847 3285 4915; x_wconf 80' lang='grc' dir='ltr'>τὴν</span> <span class='ocrx_word' id='word_1_972' title='bbox 3324 4849 3576 4916; x_wconf 87' lang='grc' dir='ltr'>νηστείαν</span> <span class='ocrx_word' id='word_1_973' title='bbox 3599 4889 3613 4906; x_wconf 86' lang='grc'>,</span> <span class='ocrx_word' id='word_1_974' title='bbox 3647 4851 3766 4902; x_wconf 71' lang='grc' dir='ltr'>καὶ</span> 
     </span>
    </p>
   </div>
   <div class='ocr_carea' id='block_1_119' title="bbox 2077 4932 3764 5004">
    <p class='ocr_par' dir='ltr' id='par_1_119' title="bbox 2077 4932 3764 5004">
     <span class='ocr_line' id='line_1_119' title="bbox 2077 4932 3764 5004; baseline 0 -17"><span class='ocrx_word' id='word_1_975' title='bbox 2077 4933 2212 5004; x_wconf 85' lang='grc' dir='ltr'>μετά</span> <span class='ocrx_word' id='word_1_976' title='bbox 2239 4933 2338 5003; x_wconf 83' lang='grc' dir='ltr'>τῆς</span> <span class='ocrx_word' id='word_1_977' title='bbox 2360 4932 2610 5002; x_wconf 83' lang='grc' dir='ltr'>νηστείας</span> <span class='ocrx_word' id='word_1_978' title='bbox 2632 4933 2730 5002; x_wconf 79' lang='grc' dir='ltr'>τὴν</span> <span class='ocrx_word' id='word_1_979' title='bbox 2755 4932 3118 5002; x_wconf 83' lang='grc' dir='ltr'>ἐπικειμένην</span> <span class='ocrx_word' id='word_1_980' title='bbox 3142 4933 3378 4999; x_wconf 82' lang='grc' dir='ltr'>ἀγωνίαν</span> <span class='ocrx_word' id='word_1_981' title='bbox 3413 4935 3506 4986; x_wconf 80' lang='grc' dir='ltr'>καί</span> <span class='ocrx_word' id='word_1_982' title='bbox 3525 4933 3615 4986; x_wconf 82' lang='grc' dir='ltr'>τὸν</span> <span class='ocrx_word' id='word_1_983' title='bbox 3643 4936 3764 4988; x_wconf 78' lang='grc' dir='ltr'>τοῦ</span> 
     </span>
    </p>
   </div>
   <div class='ocr_carea' id='block_1_120' title="bbox 2071 5019 3770 5092">
    <p class='ocr_par' dir='ltr' id='par_1_120' title="bbox 2071 5019 3770 5092">
     <span class='ocr_line' id='line_1_120' title="bbox 2071 5019 3770 5092; baseline 0 -16"><span class='ocrx_word' id='word_1_984' title='bbox 2071 5021 2314 5076; x_wconf 87' lang='grc' dir='ltr'>κινδύνου</span> <span class='ocrx_word' id='word_1_985' title='bbox 2349 5019 2530 5090; x_wconf 86' lang='grc' dir='ltr'>φόϐον.</span> <span class='ocrx_word' id='word_1_986' title='bbox 2562 5019 2909 5090; x_wconf 79' lang='grc' dir='ltr'>Ἐπιθὼμεθα</span> <span class='ocrx_word' id='word_1_987' title='bbox 2939 5019 3115 5072; x_wconf 87' lang='grc' dir='ltr'>τοίνυν</span> <span class='ocrx_word' id='word_1_988' title='bbox 3143 5024 3207 5091; x_wconf 82' lang='grc' dir='ltr'>τῇ</span> <span class='ocrx_word' id='word_1_989' title='bbox 3231 5021 3375 5092; x_wconf 70' lang='grc' dir='ltr'>ψυχῇ</span> <span class='ocrx_word' id='word_1_990' title='bbox 3405 5021 3500 5075; x_wconf 86' lang='grc' dir='ltr'>νῦν</span> <span class='ocrx_word' id='word_1_991' title='bbox 3523 5025 3602 5084; x_wconf 85' lang='grc' dir='ltr'>εἰς</span> <span class='ocrx_word' id='word_1_992' title='bbox 3619 5040 3770 5076; x_wconf 68' lang='grc' dir='ltr'>κατ-</span> 
     </span>
    </p>
   </div>
   <div class='ocr_carea' id='block_1_121' title="bbox 2074 5105 3768 5180">
    <p class='ocr_par' dir='ltr' id='par_1_121' title="bbox 2074 5105 3768 5180">
     <span class='ocr_line' id='line_1_121' title="bbox 2074 5105 3768 5180; baseline 0.002 -19"><span class='ocrx_word' id='word_1_993' title='bbox 2074 5108 2164 5180; x_wconf 87' lang='grc' dir='ltr'>ρόν</span> <span class='ocrx_word' id='word_1_994' title='bbox 2183 5123 2198 5138; x_wconf 92' lang='grc'>·</span> <span class='ocrx_word' id='word_1_995' title='bbox 2235 5108 2329 5160; x_wconf 71' lang='grc' dir='ltr'>καὶ</span> <span class='ocrx_word' id='word_1_996' title='bbox 2355 5106 2464 5177; x_wconf 82' lang='grc' dir='ltr'>γὰρ</span> <span class='ocrx_word' id='word_1_997' title='bbox 2491 5106 2727 5168; x_wconf 80' lang='grc' dir='ltr'>εὐκόλως</span> <span class='ocrx_word' id='word_1_998' title='bbox 2760 5106 2930 5175; x_wconf 80' lang='grc' dir='ltr'>αὐτὴν</span> <span class='ocrx_word' id='word_1_999' title='bbox 2967 5105 3306 5176; x_wconf 88' lang='grc' dir='ltr'>δυνησόμεθα</span> <span class='ocrx_word' id='word_1_1000' title='bbox 3348 5110 3532 5160; x_wconf 89' lang='grc' dir='ltr'>πεῖσαι</span> <span class='ocrx_word' id='word_1_1001' title='bbox 3562 5108 3768 5164; x_wconf 79' lang='grc' dir='ltr'>πάντα</span> 
     </span>
    </p>
   </div>
   <div class='ocr_carea' id='block_1_122' title="bbox 2068 5191 3768 5266">
    <p class='ocr_par' dir='ltr' id='par_1_122' title="bbox 2068 5191 3768 5266">
     <span class='ocr_line' id='line_1_122' title="bbox 2068 5191 3768 5266; baseline -0.005 -18"><span class='ocrx_word' id='word_1_1002' title='bbox 2068 5198 2168 5249; x_wconf 84' lang='grc' dir='ltr'>ὅσα</span> <span class='ocrx_word' id='word_1_1003' title='bbox 2200 5194 2264 5248; x_wconf 81' lang='grc' dir='ltr'>ἂν</span> <span class='ocrx_word' id='word_1_1004' title='bbox 2299 5195 2559 5264; x_wconf 84' lang='grc' dir='ltr'>θέλωμεν.</span> <span class='ocrx_word' id='word_1_1005' title='bbox 2607 5193 2662 5246; x_wconf 88' lang='lat'>&#39;0</span> <span class='ocrx_word' id='word_1_1006' title='bbox 2687 5193 2794 5263; x_wconf 76' lang='grc' dir='ltr'>γὰρ</span> <span class='ocrx_word' id='word_1_1007' title='bbox 2825 5191 3076 5264; x_wconf 82' lang='grc' dir='ltr'>περιδεὴς</span> <span class='ocrx_word' id='word_1_1008' title='bbox 3105 5193 3198 5245; x_wconf 77' lang='grc' dir='ltr'>καί</span> <span class='ocrx_word' id='word_1_1009' title='bbox 3225 5193 3444 5264; x_wconf 87' lang='grc' dir='ltr'>τρέμων</span> <span class='ocrx_word' id='word_1_1010' title='bbox 3471 5195 3566 5247; x_wconf 76' lang='grc' dir='ltr'>καὶ</span> <span class='ocrx_word' id='word_1_1011' title='bbox 3607 5212 3768 5266; x_wconf 78' lang='grc' dir='ltr'>τρυ-</span> 
     </span>
    </p>
   </div>
   <div class='ocr_carea' id='block_1_123' title="bbox 2069 5278 3768 5351">
    <p class='ocr_par' dir='ltr' id='par_1_123' title="bbox 2069 5278 3768 5351">
     <span class='ocr_line' id='line_1_123' title="bbox 2069 5278 3768 5351; baseline -0.003 -17"><span class='ocrx_word' id='word_1_1012' title='bbox 2069 5282 2176 5351; x_wconf 82' lang='grc' dir='ltr'>φῆς</span> <span class='ocrx_word' id='word_1_1013' title='bbox 2213 5282 2430 5350; x_wconf 84' lang='grc' dir='ltr'>ἀπάσης</span> <span class='ocrx_word' id='word_1_1014' title='bbox 2463 5279 2900 5350; x_wconf 77' lang='grc' dir='ltr'>ἀπηλλαγμένος.</span> <span class='ocrx_word' id='word_1_1015' title='bbox 2948 5280 3041 5330; x_wconf 75' lang='grc' dir='ltr'>καὶ</span> <span class='ocrx_word' id='word_1_1016' title='bbox 3069 5278 3217 5349; x_wconf 81' lang='grc' dir='ltr'>φόϐῳ</span> <span class='ocrx_word' id='word_1_1017' title='bbox 3250 5278 3448 5344; x_wconf 71' lang='grc' dir='ltr'>συζῶν,</span> <span class='ocrx_word' id='word_1_1018' title='bbox 3500 5279 3768 5347; x_wconf 79' lang='grc' dir='ltr'>εὐκόλως</span> 
     </span>
    </p>
   </div>
   <div class='ocr_carea' id='block_1_124' title="bbox 2067 5364 3768 5436">
    <p class='ocr_par' dir='ltr' id='par_1_124' title="bbox 2067 5364 3768 5436">
     <span class='ocr_line' id='line_1_124' title="bbox 2067 5364 3768 5436; baseline 0.001 -15"><span class='ocrx_word' id='word_1_1019' title='bbox 2067 5367 2286 5422; x_wconf 88' lang='grc' dir='ltr'>δύναται</span> <span class='ocrx_word' id='word_1_1020' title='bbox 2315 5367 2644 5436; x_wconf 84' lang='grc' dir='ltr'>φιλοσοφεῖν,</span> <span class='ocrx_word' id='word_1_1021' title='bbox 2671 5365 2762 5418; x_wconf 73' lang='grc' dir='ltr'>καὶ</span> <span class='ocrx_word' id='word_1_1022' title='bbox 2803 5364 2940 5436; x_wconf 88' lang='grc' dir='ltr'>μετά</span> <span class='ocrx_word' id='word_1_1023' title='bbox 2971 5365 3170 5434; x_wconf 76' lang='grc' dir='ltr'>πολλῆς</span> <span class='ocrx_word' id='word_1_1024' title='bbox 3205 5366 3303 5436; x_wconf 84' lang='grc' dir='ltr'>τῆς</span> <span class='ocrx_word' id='word_1_1025' title='bbox 3332 5367 3636 5434; x_wconf 85' lang='grc' dir='ltr'>προθυμίας</span> <span class='ocrx_word' id='word_1_1026' title='bbox 3670 5374 3768 5427; x_wconf 72' lang='grc' dir='ltr'>τὰ</span> 
     </span>
    </p>
   </div>
   <div class='ocr_carea' id='block_1_125' title="bbox 2067 5455 3120 5528">
    <p class='ocr_par' dir='ltr' id='par_1_125' title="bbox 2067 5455 3120 5528">
     <span class='ocr_line' id='line_1_125' title="bbox 2067 5455 3120 5528; baseline -0.003 -18"><span class='ocrx_word' id='word_1_1027' title='bbox 2067 5459 2166 5522; x_wconf 72' lang='grc' dir='ltr'>τῆς</span> <span class='ocrx_word' id='word_1_1028' title='bbox 2199 5457 2400 5528; x_wconf 77' lang='grc' dir='ltr'>ἀρετῆς</span> <span class='ocrx_word' id='word_1_1029' title='bbox 2431 5455 2787 5526; x_wconf 80' lang='grc' dir='ltr'>ὑποδέχεσθαι</span> <span class='ocrx_word' id='word_1_1030' title='bbox 2811 5455 3120 5526; x_wconf 85' lang='grc' dir='ltr'>σπέρματα.</span> 
     </span>
    </p>
   </div>
   <div class='ocr_carea' id='block_1_126' title="bbox 2137 5541 3766 5614">
    <p class='ocr_par' dir='ltr' id='par_1_126' title="bbox 2137 5541 3766 5614">
     <span class='ocr_line' id='line_1_126' title="bbox 2137 5541 3766 5614; baseline 0.013 -20"><span class='ocrx_word' id='word_1_1031' title='bbox 2137 5545 2205 5609; x_wconf 80' lang='grc' dir='ltr'>ζ’.</span> <span class='ocrx_word' id='word_1_1032' title='bbox 2231 5544 2514 5614; x_wconf 88' lang='grc' dir='ltr'>Πείσωμεν</span> <span class='ocrx_word' id='word_1_1033' title='bbox 2535 5543 2715 5596; x_wconf 87' lang='grc' dir='ltr'>τοίνυν</span> <span class='ocrx_word' id='word_1_1034' title='bbox 2749 5541 2918 5611; x_wconf 77' lang='grc' dir='ltr'>αὐτὴν</span> <span class='ocrx_word' id='word_1_1035' title='bbox 2965 5542 3070 5594; x_wconf 71' lang='grc' dir='ltr'>ἀπὸ</span> <span class='ocrx_word' id='word_1_1036' title='bbox 3111 5541 3210 5612; x_wconf 74' lang='grc' dir='ltr'>τῆς</span> <span class='ocrx_word' id='word_1_1037' title='bbox 3233 5541 3532 5612; x_wconf 77' lang='grc' dir='ltr'>τῶνδρκων</span> <span class='ocrx_word' id='word_1_1038' title='bbox 3554 5543 3766 5613; x_wconf 76' lang='grc' dir='ltr'>φυγῆς</span> 
     </span>
    </p>
   </div>
   <div class='ocr_carea' id='block_1_127' title="bbox 2065 5630 3766 5705">
    <p class='ocr_par' dir='ltr' id='par_1_127' title="bbox 2065 5630 3766 5705">
     <span class='ocr_line' id='line_1_127' title="bbox 2065 5630 3766 5705; baseline 0 -21"><span class='ocrx_word' id='word_1_1039' title='bbox 2065 5632 2287 5703; x_wconf 80' lang='grc' dir='ltr'>πρώτην</span> <span class='ocrx_word' id='word_1_1040' title='bbox 2305 5633 2404 5704; x_wconf 78' lang='grc' dir='ltr'>τήν</span> <span class='ocrx_word' id='word_1_1041' title='bbox 2427 5633 2518 5684; x_wconf 75' lang='grc' dir='ltr'>ἐπὶ</span> <span class='ocrx_word' id='word_1_1042' title='bbox 2535 5632 2594 5683; x_wconf 79' lang='grc' dir='ltr'>τὸ</span> <span class='ocrx_word' id='word_1_1043' title='bbox 2617 5631 2824 5700; x_wconf 79' lang='grc' dir='ltr'>βέλτιον</span> <span class='ocrx_word' id='word_1_1044' title='bbox 2850 5630 3180 5701; x_wconf 79' lang='grc' dir='ltr'>ποιήσασθαι</span> <span class='ocrx_word' id='word_1_1045' title='bbox 3204 5631 3500 5700; x_wconf 80' lang='grc' dir='ltr'>μεταϐολήν</span> <span class='ocrx_word' id='word_1_1046' title='bbox 3519 5649 3530 5659; x_wconf 83' lang='grc'>·</span> <span class='ocrx_word' id='word_1_1047' title='bbox 3553 5634 3600 5683; x_wconf 88' lang='grc' dir='ltr'>εἰ</span> <span class='ocrx_word' id='word_1_1048' title='bbox 3623 5633 3766 5705; x_wconf 73' lang='grc' dir='ltr'>γὰρ</span> 
     </span>
    </p>
   </div>
   <div class='ocr_carea' id='block_1_128' title="bbox 2067 5715 3768 5792">
    <p class='ocr_par' dir='ltr' id='par_1_128' title="bbox 2067 5715 3768 5792">
     <span class='ocr_line' id='line_1_128' title="bbox 2067 5715 3768 5792; baseline -0.004 -19"><span class='ocrx_word' id='word_1_1049' title='bbox 2067 5721 2159 5774; x_wconf 72' lang='grc' dir='ltr'>καὶ</span> <span class='ocrx_word' id='word_1_1050' title='bbox 2215 5719 2340 5790; x_wconf 84' lang='grc' dir='ltr'>χθὲς</span> <span class='ocrx_word' id='word_1_1051' title='bbox 2370 5720 2462 5772; x_wconf 75' lang='grc' dir='ltr'>καὶ</span> <span class='ocrx_word' id='word_1_1052' title='bbox 2505 5719 2610 5792; x_wconf 85' lang='grc' dir='ltr'>πρὸ</span> <span class='ocrx_word' id='word_1_1053' title='bbox 2649 5717 2862 5788; x_wconf 76' lang='grc' dir='ltr'>ἐκείνης</span> <span class='ocrx_word' id='word_1_1054' title='bbox 2904 5718 3030 5785; x_wconf 76' lang='grc' dir='ltr'>περὶ</span> <span class='ocrx_word' id='word_1_1055' title='bbox 3063 5716 3264 5786; x_wconf 87' lang='grc' dir='ltr'>ταύτης</span> <span class='ocrx_word' id='word_1_1056' title='bbox 3301 5718 3426 5787; x_wconf 84' lang='grc' dir='ltr'>ύμῖν</span> <span class='ocrx_word' id='word_1_1057' title='bbox 3455 5715 3768 5792; x_wconf 64' lang='grc' dir='ltr'>διελέχθην</span> 
     </span>
    </p>
   </div>
   <div class='ocr_carea' id='block_1_129' title="bbox 2129 5892 2820 5958">
    <p class='ocr_par' dir='ltr' id='par_1_129' title="bbox 2129 5892 2820 5958">
     <span class='ocr_line' id='line_1_129' title="bbox 2129 5892 2820 5958; baseline -0.003 -16"><span class='ocrx_word' id='word_1_1058' title='bbox 2129 5892 2155 5932; x_wconf 68' lang='grc' dir='ltr'>ἀ</span> <span class='ocrx_word' id='word_1_1059' title='bbox 2179 5895 2272 5943; x_wconf 78' lang='lat' dir='ltr'><strong>Alii</strong></span> <span class='ocrx_word' id='word_1_1060' title='bbox 2296 5899 2476 5958; x_wconf 68' lang='grc' dir='ltr'>μακρᾶς</span> <span class='ocrx_word' id='word_1_1061' title='bbox 2499 5901 2580 5952; x_wconf 80' lang='grc' dir='ltr'>τῆς</span> <span class='ocrx_word' id='word_1_1062' title='bbox 2602 5895 2820 5950; x_wconf 78' lang='grc' dir='ltr'>μεθόδου.</span> 
     </span>
    </p>
   </div>
  </div>
