4074 6218
367 308 441 365 ’Π
1330 314 1421 370 RD
1448 314 1772 374 POPULUM
1813 316 2302 377 ANTIOCHENUM
2353 322 2580 380 HOMIL.
2627 325 2719 381 V.‘
3583 330 3664 382 ’ἴθ’

370 434 559 480 rerunt
579 422 613 479 τ
635 438 735 481 nos
774 427 1010 483 vulneris
1046 439 1292 485 auctores
1315 473 1330 499 ,
1365 446 1463 487 nos
1511 432 1957 488 medicamentum

371 532 756 587 prmparemus.
775 518 1061 594 Drap‘terea
1079 536 1184 574 non
1208 520 1445 577 locorum
1461 524 1960 594 permutationibus,

371 610 468 665 sed
495 625 704 665 morum
734 586 1073 668 convei'sioni
1100 613 1325 669 salutem
1355 615 1712 671 crediderunt.

454 702 510 756 6.
552 700 677 757 llarc
707 702 916 757 barbari
945 720 960 757 :
991 713 1047 758 et
1086 720 1187 760 nos
1215 722 1318 761 non
1357 708 1761 776 confundimur,
1790 725 1964 781 neque

373 807 475 846 nos
492 792 894 859 abscondimus,
920 795 1154 864 quando,
1183 796 1287 850 illis
1308 812 1484 853 mores
1504 800 1958 867 convertentibus,

374 898 475 937 nos
519 884 639 938 loca
677 894 1072 953 permutamus,
1105 892 1160 941 et
1188 887 1454 941 ebriorum
1487 889 1762 944 hominum
1800 905 1962 961 opera

374 974 621 1041 facimus,
653 974 1109 1046 substantiamque
1132 985 1370 1031 nostram
1396 979 1754 1049 exponimus?
1785 980 1962 1036 Domi.

378 1080 482 1119 nus
513 1065 668 1119 nobis
693 1065 968 1130 irascitur,
1001 1075 1056 1121 et
1093 1082 1192 1122 nos
1217 1068 1351 1123 iram
1382 1070 1590 1126 solvere
1632 1071 1958 1138 omittentes,

373 1171 496 1225 quae
523 1157 576 1210 in
607 1156 768 1211 domo
797 1167 923 1212 sunt
949 1159 1393 1228 circumferimus,
1423 1171 1480 1216 et
1505 1161 1789 1218 circuimus
1815 1180 1962 1233 quae-

373 1256 591 1313 rentes,
623 1247 712 1301 ubi
738 1247 1092 1303 substantiam
1118 1249 1479 1319 deponamus,
1511 1267 1630 1307 cum
1660 1264 1801 1309 esset
1828 1269 1964 1324 opus

372 1356 653 1409 quaerere,
702 1342 791 1397 ubi
830 1344 1062 1396 animam
1107 1343 1496 1412 deponeremus
1525 1363 1538 1399 :
1571 1345 1679 1399 imo
1707 1362 1835 1401 vero
1866 1361 1964 1402 nec

371 1442 586 1502 oportet
612 1448 856 1503 quzerere
874 1474 890 1498 ,
921 1434 1016 1490 sed
1044 1434 1236 1491 virtute
1264 1446 1318 1491 et
1356 1437 1480 1491 vita:
1519 1438 1835 1493 rectitudine
1864 1439 1961 1509 ipsi

371 1527 718 1581 securitatem
746 1528 1004 1597 praebere.
1034 1527 1216 1599 Neque
1254 1529 1397 1585 enim
1438 1528 1485 1585 si
1509 1545 1666 1585 servo
1692 1531 1964 1585 irascenti-

376 1616 479 1672 hus
506 1617 662 1673 nobis
679 1626 739 1674 et
765 1619 1156 1689 indignantibus
1175 1662 1191 1688 ,
1225 1620 1317 1676 ille
1341 1620 1595 1676 adversus
1621 1623 1753 1677 iram
1778 1638 1840 1678 se
1866 1639 1962 1678 ex-

372 1725 567 1765 cusare
591 1712 865 1776 omittens,
889 1711 945 1765 in
970 1711 1215 1767 cellulam
1245 1728 1394 1766 suam
1418 1712 1768 1778 descendens,
1805 1714 1963 1768 vesti-

373 1814 555 1860 menta
581 1812 637 1860 et
664 1819 852 1860 omnes
876 1805 1134 1876 colligens
1170 1806 1467 1861 sarcinulas
1490 1818 1543 1861 et
1580 1807 1835 1878 colligans
1854 1848 1869 1871 ,
1897 1808 1963 1861 de

373 1896 495 1965 t’uga
547 1894 935 1959 meditaretur,
986 1893 1132 1950 hunc
1182 1895 1350 1965 ipsius
1396 1904 1760 1966 contemptmn
1811 1894 1964 1952 facile

377 1985 662 2041 ferremus.
697 1987 1025 2042 Desistamus
1050 1988 1209 2058 igitur
1226 1989 1294 2044 ab
1319 1988 1421 2043 hoc
1440 1989 1743 2059 importuno
1763 1990 1963 2056 studio,

372 2087 431 2134 et
471 2080 714 2134 dicamus
751 2079 978 2150 quisque
1006 2081 1072 2134 ad
1101 2081 1269 2136 Deum
1300 2098 1314 2135 :
1344 2080 1457 2147 Quo
1485 2081 1566 2136 ibo
1589 2098 1621 2134 a
1649 2082 1829 2152 spiritu
1856 2091 1960 2149 tuo,

373 2180 426 2223 et
451 2186 485 2223 a
511 2170 644 2239 [acie
670 2180 757 2224 tua
781 2187 879 2242 quo
904 2172 1099 2243 fugiant
1126 2170 1305 2243 (Psal.
1333 2173 1454 2228 158.
1478 2173 1586 2242 7)?
1611 2173 1963 2229 Barbarorum

380 2261 771 2333 philosophiam
815 2263 1084 2322 imitemur.
1116 2280 1131 2316 :
1159 2263 1234 2317 illi
1274 2264 1325 2317 in
1356 2263 1572 2320 incertis
1599 2264 1962 2334 paenitentiam

374 2362 604 2423 egerunt
633 2369 649 2405 :
694 2367 798 2406 non
827 2352 971 2408 enim
1018 2352 1118 2407 hoc
1162 2352 1392 2408 habebnt
1418 2355 1683 2409 sententia
1711 2371 1730 2408 :
1753 2354 1807 2411 Si
1837 2369 1962 2409 con-

374 2443 658 2499 vertamini
702 2453 759 2498 et
786 2444 1151 2513 pmnitentiam
1180 2444 1371 2514 agatis,
1398 2443 1664 2498 civitatem
1696 2443 1960 2513 lirtnabo;

374 2533 471 2589 sed
500 2534 837 2605 simpliciter,
863 2535 1041 2589 Adhuc
1066 2545 1164 2590 tres
1188 2535 1318 2602 dies,
1348 2546 1394 2590 et
1416 2536 1603 2591 Ninive
1630 2536 1960 2592 subvertetur.

373 2623 515 2691 Quid
545 2624 708 2694 igitur
749 2625 883 2679 illi?-
909 2624 1036 2697 Quis
1065 2625 1200 2680 novit
1228 2642 1295 2680 an
1337 2626 1590 2697 paenitebit
1616 2626 1779 2682 Deum
1817 2628 1960 2696 mali,

376 2716 517 2786 quod
558 2716 797 2787 loquutus
839 2726 909 2771 est
947 2717 1117 2788 facere
1155 2719 1297 2772 nobis
1327 2716 1491 2789 (Jan.
1514 2720 1568 2775 3.
1594 2719 1798 2791 4-9)?
1835 2720 1964 2788 Quis

377 2809 570 2864 novit?
613 2808 868 2864 Nesciunt
901 2809 980 2864 rei
1019 2809 1215 2874 finem,
1252 2825 1352 2865 nec
1395 2810 1760 2881 paenitentiam
1790 2811 1963 2882 negli-

375 2910 508 2969 gunt
536 2916 551 2953 :
582 2900 824 2955 nesciunt
854 2900 946 2956 Dei
976 2899 1314 2972 benignitatis
1340 2901 1798 2966 consuetudinem,
1828 2912 1882 2957 et
1909 2902 1961 2956 in

375 2991 599 3045 incertis
622 3000 893 3046 mutantur
920 3010 935 3047 :
962 3008 1062 3050 nec
1085 2992 1226 3048 enim
1254 2991 1521 3047 habebant
1544 2992 1679 3048 alios
1700 2992 1963 3049 Ninivitas

373 3082 442 3137 ad
486 3099 625 3153 quos
666 3084 996 3154 respicerent
1042 3084 1351 3157 paenitentia
1395 3094 1513 3140 acta
1556 3094 1814 3151 servatos,
1864 3101 1965 3141 nec

376 3175 667 3246 prophetas
710 3176 980 3247 legerant,
1027 3192 1125 3233 nec
1154 3177 1482 3247 patriarchas
1518 3176 1830 3243 audierant,
1864 3193 1965 3232 nec

374 3268 456 3321 usi
478 3276 607 3320 sunt
631 3267 876 3336 consilio,
899 3283 1005 3323 non
1028 3267 1445 3324 admonitionem
1466 3269 1605 3325 nacti
1624 3278 1768 3335 sunt,
1791 3286 1964 3341 neque

369 3357 478 3412 sibi
506 3367 904 3427 persuaserant,
949 3359 1168 3414 omnino
1193 3359 1358 3414 Deum
1399 3360 1707 3430 paenitentia
1747 3361 1962 3432 placan-

369 3448 503 3503 dum
531 3463 671 3505 esse.
699 3447 884 3518 Neque
907 3449 1048 3504 enim
1077 3450 1181 3506 hoc
1210 3450 1439 3507 habebat
1461 3453 1803 3508 comminatio
1821 3495 1837 3521 ,
1865 3453 1960 3508 sed

370 3537 693 3593 dubitabant
730 3537 1106 3609 hazrebantque
1128 3580 1145 3606 ,
1190 3548 1246 3595 et
1283 3549 1458 3595 tamen
1501 3556 1623 3596 cum
1653 3546 1797 3597 omni
1841 3544 1959 3598 dili.

368 3629 553 3698 gentia
581 3628 949 3698 penitentiam
975 3639 1216 3701 egerunt.
1261 3629 1390 3698 Qua:
1435 3631 1592 3702 igitur
1630 3633 1764 3687 ratio
1809 3633 1962 3689 nobis

369 3721 497 3784 erit,
543 3734 667 3774 cum
710 3720 785 3775 illi
814 3721 1023 3791 quidem
1045 3762 1059 3785 ,
1104 3737 1203 3777 nec
1230 3722 1370 3777 unde
1394 3722 1463 3778 de
1501 3723 1605 3779 line
1632 3724 1964 3781 confiderent

370 3811 672 3876 habentes,
722 3821 924 3868 tantam
968 3812 1254 3869 exhibeant
1302 3817 1649 3872 mutationem
1688 3836 1701 3871 :
1749 3825 1802 3873 tu
1831 3834 1961 3873 vero

368 3901 464 3973 qui
489 3901 558 3956 de
578 3902 757 3958 divina
778 3904 1103 3976 benignitate
1122 3905 1390 3962 confidere
1415 3916 1585 3977 potes,
1608 3918 1661 3964 et
1681 3911 1769 3980 qui
1795 3912 1960 3967 multa

370 3992 575 4063 smpius
603 3993 826 4063 pignora
851 3994 1036 4065 cepisti
1062 3994 1177 4065 ejus
1203 3995 1344 4051 circa
1377 4006 1427 4050 te
1451 4012 1623 4062 curae,
1652 4010 1705 4054 et
1733 4002 1961 4071 prophe-

370 4093 458 4139 tas
483 4090 543 4138 et
565 4084 836 4153 apostolos
864 4084 1078 4151 audisti,
1121 4095 1177 4141 et
1214 4101 1309 4156 per
1353 4087 1495 4156 ipsas
1534 4103 1621 4143 res
1669 4089 1959 4147 instructus

368 4191 455 4243 es,
482 4191 588 4233 nec
611 4176 680 4231 ad
706 4177 949 4232 eamdem
977 4194 1097 4233 cum
1127 4178 1255 4247 ipsis
1281 4194 1584 4235 mensuram
1606 4181 1812 4237 virtutis
1839 4199 1960 4253 per-

369 4269 561 4321 venire
608 4267 943 4322 contendas?
994 4266 1179 4338 Magna
1233 4268 1391 4338 igitur
1443 4268 1633 4325 horum
1684 4271 1956 4328 hominum

370 4356 568 4423 virtus,
598 4356 769 4411 multo
792 4366 972 4413 autem
997 4358 1168 4428 major
1191 4357 1287 4413 Dei
1310 4358 1613 4429 clementia,
1644 4371 1699 4417 et
1727 4362 1864 4418 hanc
1892 4380 1955 4418 ex

371 4448 489 4516 ipsa
536 4447 800 4503 minarum
832 4449 1192 4520 magnitudine
1220 4452 1530 4518 conspicere
1556 4452 1699 4508 licet.
1751 4454 1832 4508 0b
1858 4455 1959 4512 hoc

369 4539 519 4593 enim
564 4540 843 4596 sententiae
890 4556 994 4596 non
1038 4540 1291 4598 addidit:
1326 4542 1380 4597 Si
1422 4558 1548 4598 vero
1595 4545 1956 4614 pinnitentiam

369 4630 614 4699 egeritis,
647 4645 883 4700 parcam,
915 4640 973 4686 ut
999 4632 1325 4687 indefinitam
1356 4633 1589 4689 inferens
1614 4639 1955 4703 sententiam,

371 4731 581 4775 metum
609 4730 863 4793 augeret,
904 4736 968 4777 ac
993 4733 1135 4778 metu
1160 4731 1319 4778 aucto
1343 4725 1568 4779 celerius
1592 4725 1657 4779 ad
1689 4727 1956 4794 paeniten-

370 4811 506 4865 tiam
531 4812 893 4880 compelleret.
926 4814 988 4868 Et
1014 4815 1271 4885 propheta
1298 4814 1508 4884 quidem
1533 4818 1798 4873 erubescit
1820 4819 1958 4874 futu-

365 4917 494 4957 rum
540 4903 714 4958 sciens
756 4912 813 4960 et
851 4905 1198 4976 conjectans,
1244 4907 1387 4977 quod
1431 4908 1622 4963 infecta
1669 4910 1959 4967 manebunt

362 4994 557 5059 dicta;
600 4995 741 5050 Deus
778 5004 954 5052 autem
985 5013 1091 5052 non
1138 4998 1403 5054 erubescit
1426 5040 1441 5063 ,
1486 5000 1580 5055 sed
1608 5017 1768 5055 unum
1800 5003 1957 5058 dum-

361 5093 552 5150 taxat,
583 5084 856 5142 hominum
895 5088 1096 5144 scilicet
1120 5090 1342 5145 salutem
1364 5131 1379 5155 ,
1411 5092 1629 5160 quaerit,
1663 5102 1718 5147 et
1744 5107 1955 5148 servum

358 5195 531 5234 suum
560 5179 828 5235 emendat.
863 5181 1148 5251 Postquam
1173 5181 1315 5238 enim
1342 5184 1605 5254 navigium
1635 5185 1725 5241 ille
1754 5186 1958 5256 ingres-

354 5284 464 5326 sus
491 5280 618 5333 est,
661 5272 839 5325 statim
882 5273 1130 5328 excitavit
1173 5289 1341 5340 mare,
1384 5282 1441 5328 ut
1481 5275 1656 5331 discas
1697 5279 1837 5348 quod
1864 5279 1954 5333 ubi

358 5369 653 5427 peccatum
674 5401 690 5425 ,
722 5360 793 5415 ibi
823 5362 1079 5431 procella,
1109 5362 1197 5419 ubi
1228 5363 1606 5429 inobedientia,
1636 5366 1704 5422 ibi
1735 5367 1957 5422 ﬂuctua-

356 5450 450 5502 tio
476 5465 493 5501 :
523 5457 580 5504 et
623 5451 963 5521 quatiebatur
1002 5453 1214 5524 quidem
1256 5454 1442 5511 civitas
1481 5467 1698 5528 propter
1738 5469 1954 5527 peccata

358 5539 748 5609 Ninivitarum,
791 5545 1128 5616 quatiebatur
1163 5555 1339 5603 autem
1370 5556 1424 5603 et
1448 5548 1713 5619 navigium
1741 5559 1955 5620 propter

358 5633 655 5703 prophetae
695 5636 1128 5695 inobedientiam.
1178 5638 1259 5695 llli
1300 5640 1457 5709 igitur
1481 5639 1669 5695 Jonam
1711 5641 1762 5696 in
1809 5657 1955 5697 mare

360 5724 686 5795 dejecerunt
708 5768 723 5796 ,
762 5739 813 5784 et
855 5730 1000 5788 stetit
1025 5730 1292 5804 navigium
1322 5749 1334 5786 :
1364 5747 1463 5788 nos
1490 5746 1703 5802 quoque
1741 5744 1954 5803 peccata

2072 434 2476 507 submergatnus
2495 481 2510 505 ,
2542 449 2595 494 et
2622 439 2807 496 civitas
2831 442 3048 496 omnino
3076 439 3255 498 stabit.
3306 441 3486 513 Itaque
3516 442 3663 512 luga»

2069 527 2212 581 nulla
2240 527 2394 583 nobis
2420 529 2653 594 utilitas,
2684 531 2829 607 gsicut
2874 546 2973 587 nec
3008 531 3154 587 illum
3201 532 3318 604 fuga
3363 533 3667 605 quidquam

2065 617 2296 686 adjuvit,
2341 618 2582 689 quinimo
2611 630 2666 675 et
2692 621 2828 676 lzesit
2866 638 2879 675 :
2911 623 3145 693 fugiebat
3188 639 3317 693 ergo
3344 634 3571 690 terram,
3599 635 3671 677 er

2069 710 2160 764 Dei
2189 710 2322 765 iram
2349 727 2453 766 non
2483 712 2781 783 effugiebat.
2814 714 3069 785 Fugiebat
3097 724 3318 781 terram,
3343 726 3399 771 et
3423 716 3473 769 in
3498 730 3645 769 mare

2066 808 2436 871 tempestatem
2482 802 2688 858 induxit
2731 822 2744 859 :
2792 820 2890 862 nec
2935 814 3138 860 tantum
3177 805 3378 860 nullum
3422 819 3489 860 ex
3532 804 3672 874 fuga-

2066 892 2261 948 bonum
2292 903 2480 950 nactus
2508 908 2612 962 εει,
2645 896 2738 951 sed
2765 898 2924 952 etiam
2950 913 3044 953 eos
3070 898 3159 969 qni
3188 913 3248 953 se
3277 908 3650 967 susceperunt;

2067 984 2117 1036 in
2144 995 2439 1040 extremum
2472 986 2763 1056 periculum
2790 988 3044 1055 adduxit,
3085 998 3140 1044 et
3165 989 3379 1059 quando
3401 989 3654 1058 navigans

2067 1072 2119 1126 in
2148 1073 2356 1143 navigio
2383 1076 2623 1143 sedebat,
2648 1087 2699 1132 ct
2723 1088 2897 1132 nauta:
2927 1088 2980 1133 et
3000 1080 3383 1150 gubernatores
3408 1077 3653 1144 aderant,

2066 1165 2343 1236 omnisque
2382 1168 2623 1222 nauticus
2649 1179 2936 1237 apparatus
2959 1212 2976 1235 ,
3009 1169 3077 1225 de
3106 1170 3361 1225 extremis
3390 1171 3655 1239 periclitata

2068 1258 2222 1310 batur
2253 1275 2267 1311 :
2303 1269 2577 1329 postquam
2623 1270 2799 1315 autem
2846 1262 2898 1315 in
2946 1277 3094 1317 mare
3125 1262 3413 1332 projectus,
3446 1269 3503 1316 et
3532 1277 3653 1330 peca

2065 1358 2238 1401 catum
2266 1363 2362 1418 per
2387 1350 2702 1419 supplicium
2727 1351 3023 1420 deponens,
3058 1353 3109 1406 in
3141 1353 3457 1407 immensum
3482 1352 3665 1406 deduw

2065 1449 2182 1494 ctus
2205 1450 2287 1495 est
2314 1443 2600 1512 navigium,
2631 1444 2733 1498 ceti
2762 1445 2965 1499 scilicet
2993 1454 3255 1510 ventrem,
3290 1447 3455 1499 multa
3486 1447 3654 1515 potie-

2067 1530 2222 1585 hatur
2266 1531 2525 1599 libertate,
2577 1546 2631 1589 ιιι
2674 1536 2869 1602 discas,
2919 1536 3056 1590 sicut
3097 1537 3149 1590 in
3198 1537 3428 1606 peccatis
3456 1538 3669 1593 viventi'

2066 1640 2241 1695 neque
2271 1629 2535 1697 navigium
2569 1628 2826 1698 prodest,
2873 1630 2949 1684 sic
2981 1638 3198 1700 peccato
3235 1638 3450 1684 exutum
3482 1646 3654 1700 neque

2066 1731 2212 1770 mare
2238 1716 2466 1787 perdere
2487 1759 2501 1781 ,
2537 1734 2710 1789 neque
2737 1718 2936 1774 bestias
2961 1720 3242 1775 devorare.
3273 1719 3451 1789 Ipsum
3492 1719 3650 1788 igitur

2067 1805 2223 1859 undat:
2248 1818 2616 1876 susceperunt,
2637 1824 2738 1864 nec
2763 1809 3155 1865 suffocaverunt
3178 1827 3190 1862 :
3216 1820 3365 1865 cetus
3391 1809 3644 1879 suscepit,

2066 1904 2119 1948 et
2162 1913 2266 1949 non
2315 1897 2623 1963 interemit;
2656 1914 2838 1953 verum
2870 1908 2923 1953 et
2969 1900 3202 1966 animal,
3246 1910 3299 1956 et
3329 1901 3648 1956 elementum

2068 1985 2334 2041 incolume
2358 1987 2657 2057 depositunt
2698 1990 2806 2043 Deo
2836 1990 3219 2055 reddiderunt;
3263 2003 3317 2047 et
3354 2009 3448 2063 per
3476 1994 3652 2047 omnia

2068 2077 2442 2133 instituebatur
2469 2080 2748 2149 propheta,
2778 2089 2837 2135 ut
2862 2091 3005 2135 esset
3045 2093 3352 2137 mansuetus
3380 2093 3434 2137 et
3462 2082 3663 2137 hama-

2068 2183 2188 2235 nus,
2221 2179 2274 2222 et
2299 2185 2469 2238 neque
2494 2170 2673 2224 stultis
2701 2172 2895 2237 nautis,
2925 2186 3099 2240 neque
3126 2170 3255 2227 feris
3283 2173 3455 2237 undis,
3484 2188 3663 2242 neque

2067 2259 2251 2313 bestiis
2279 2260 2551 2315 crudelior
2578 2271 2737 2316 esset.
2779 2261 2988 2315 Etenim
3018 2273 3192 2317 nautae
3229 2278 3333 2318 non
3374 2263 3429 2318 in
3457 2263 3662 2333 priuci-u

2066 2352 2155 2421 pio
2181 2351 2381 2413 statim,
2412 2350 2506 2406 sed
2539 2361 2654 2421 post
2684 2352 2906 2406 multam
2936 2354 3307 2407 necessitatem
3336 2353 3506 2423 ipsum
3531 2368 3654 2422 pro—

2066 2442 2357 2508 diderunt;
2401 2458 2547 2498 mare
2577 2459 2705 2498 vero
2750 2453 2805 2498 et
2852 2444 3021 2498 hc5tia
3050 2459 3171 2499 cum
3221 2445 3384 2499 multa
3414 2444 3661 2499 benevo-

2069 2533 2228 2588 lentia
2281 2533 2691 2600 custodierunt,
2740 2535 2851 2588 Deo
2903 2535 3018 2588 haec
3061 2534 3241 2589 omnia
3285 2533 3649 2606 dispensante.

2068 2621 2246 2676 Rediit
2288 2622 2485 2692 igitur,
2534 2623 2873 2694 praedicavit,
2923 2624 3155 2678 minatus
3201 2634 3313 2689 est,
3367 2624 3648 2694 persuasit,

2066 2712 2312 2776 Salvavit,
2343 2713 2553 2774 terruit,
2583 2712 2839 2777 correxit,
2872 2722 2928 2767 et
2963 2730 3064 2767 una
3093 2714 3371 2783 primaque
3399 2713 3657 2783 prmdica-

2067 2803 2212 2856 tione
2238 2802 2468 2857 firmavit
2500 2821 2514 2855 :
2549 2819 2721 2873 neque
2747 2804 2889 2859 enim
2928 2805 3218 2859 multorum
3262 2804 3468 2860 dierum
3514 2805 3654 2858 indi¢

2066 2893 2210 2963 gnit,
2250 2909 2420 2962 neque
2447 2894 2686 2949 continui
2714 2895 2919 2949 consilii
2944 2935 2959 2959 ,
2993 2895 3086 2950 sed
3120 2894 3261 2951 nuda
3291 2895 3376 2950 illa
3405 2896 3673 2967 loquutus.

2068 2985 2269 3050 verba,
2312 3000 2501 3040 omnes
2531 2986 2583 3040 in
2614 2987 2983 3057 paenitentiam
3028 2987 3267 3042 deduxit.
3315 2987 3439 3044 Ideo
3478 2990 3650 3059 ipsum

2068 3092 2171 3132 non
2217 3077 2398 3132 statim
2444 3077 2515 3133 de
2552 3079 2762 3150 navigio
2813 3081 2951 3134 Deus
2992 3080 3058 3133 ad
3110 3081 3292 3135 urbem
3333 3081 3519 3145 duxit,
3556 3080 3657 3134 sed

2068 3179 2245 3222 nauta:
2274 3170 2404 3223 mari
2435 3170 2786 3235 tradiderunt,
2820 3186 2968 3226 mare
2993 3180 3144 3237 ceto,
3173 3182 3324 3228 cetus
3355 3173 3484 3239 Deo,
3516 3174 3655 3228 Deus

2066 3259 2333 3327 Ninivitis,
2380 3272 2436 3317 et
2477 3278 2572 3332 per
2599 3264 2811 3333 longum
2856 3263 3137 3319 circuitum
3186 3262 3463 3334 profugum
3494 3264 3655 3319 resti-

2069 3353 2191 3419 tuit,
2235 3364 2290 3407 ut
2320 3369 2508 3409 untnes
2549 3354 2757 3421 doceat,
2803 3355 2895 3410 Dei
2940 3370 3128 3410 manus
3170 3355 3404 3425 effugere
3450 3357 3651 3425 impos-

2068 3443 2222 3499 sibile
2251 3458 2390 3499 esse.
2422 3444 2555 3499 Nam
2581 3460 2918 3516 quocumque
2944 3446 3061 3516 quis
3090 3447 3457 3515 proficiscatur
3476 3486 3489 3508 ,
3526 3463 3654 3516 per-

2066 3542 2240 3588 cntum
2273 3534 2618 3604 pertrahens,
2648 3534 2852 3591 infinita
2881 3535 3163 3590 sustinebit
3202 3535 3518 3591 detrimenta
3552 3555 3565 3590 :
3599 3547 3658 3591 ct

2065 3625 2108 3679 si
2140 3626 2413 3680 hominum
2446 3641 2601 3679 nemo
2631 3626 2808 3694 adsit,
2855 3627 2967 3696 ipsa
3004 3626 3377 3697 undecumque
3408 3637 3658 3683 creatura

2065 3731 2185 3770 cum
2216 3716 2380 3770 multa
2429 3716 2501 3771 illi
2548 3717 2763 3772 resistet
2792 3716 3147 3774 vehementia.
3192 3716 3271 3773 Ne
3315 3719 3472 3789 igitur
3514 3716 3652 3787 fuga:

2065 3806 2286 3863 salutem
2320 3816 2555 3862 nostram
2597 3808 2911 3874 credamus,
2958 3809 3054 3864 sed
3097 3824 3306 3864 morum
3351 3809 3646 3864 mutationi.

2065 3895 2199 3951 Num
2230 3897 2371 3952 enim
2411 3899 2535 3968 quia
2576 3899 2631 3953 in
2674 3900 2888 3954 civitate
2934 3914 3155 3962 manes.
3202 3908 3481 3970 propterea
3513 3901 3652 3955 Deus

2067 3989 2334 4056 irritatur,
2365 4000 2421 4043 ut
2449 3990 2658 4060 fugias?
2685 3990 2946 4058 Quoniam
2978 3992 3228 4061 peccasti,
3258 4003 3538 4062 propterea
3567 3992 3650 4047 in-

2064 4079 2332 4150 dignatur.
2383 4081 2545 4151 lgitur
2576 4091 2849 4151 peccatum
2892 4082 3132 4152 depone,
3178 4092 3234 4138 et
3274 4083 3415 4138 umlc
3442 4083 3651 4140 vulneri

2063 4188 2262 4240 causa,
2310 4174 2431 4228 inde
2477 4175 2603 4228 mali
2645 4174 2843 4229 fontem
2891 4174 3458 4244 reprime:contraria
3506 4176 3649 4231 enim

2063 4264 2345 4318 contrariis
2373 4279 2566 4318 curare
2592 4274 2648 4319 et
2678 4264 2867 4318 medici
2905 4263 3114 4334 jubent.
3154 4264 3234 4319 Ex
3269 4266 3483 4335 crapula
3523 4281 3671 4337 ergo.

2064 4363 2185 4408 nata
2211 4362 2293 4409 est
2317 4353 2516 4409 febris?
2541 4354 2715 4409 inedia
2740 4354 2985 4409 morbum
3013 4356 3307 4425 corrigunt.
3337 4356 3411 4409 lix
3440 4356 3661 4410 tristitia-

2063 4446 2183 4515 quis
2212 4445 2511 4500 infirmatus
2538 4446 2663 4500 est?
2704 4445 2943 4501 lmtitiam
2973 4445 3096 4501 huic
3124 4456 3302 4516 aptam
3334 4446 3650 4502 medicinam

2062 4551 2183 4591 esse
2223 4536 2427 4591 dicunt.
2477 4536 2567 4592 Sic
2597 4546 2652 4592 et
2683 4537 2735 4591 in
2783 4536 2978 4593 animae
3022 4538 3425 4608 egritudinibus
3472 4539 3651 4593 facere

2061 4635 2297 4694 oportet.
2331 4625 2470 4681 Iram
2494 4635 2680 4697 torpor
2704 4628 2997 4683 excitavit?
3028 4627 3286 4684 industria
3311 4627 3448 4682 hanc
3474 4628 3649 4701 repel-

2063 4716 2267 4784 lamus,
2301 4719 2630 4789 multamque
2670 4734 2780 4790 prae
2821 4720 2976 4777 nobis
3016 4719 3254 4777 feramus
3276 4720 3644 4775 mutationem.

2062 4809 2331 4877 Jejunium
2377 4810 2635 4867 habemus
2679 4812 3111 4879 auxiliatorem,
3137 4823 3193 4867 et
3231 4811 3648 4869 commilitonem

2064 4902 2355 4957 maximum
2376 4943 2391 4965 ,
2425 4913 2480 4958 et
2509 4915 2699 4975 prteter
2737 4905 3312 4976 jejuniuminstantem
3351 4906 3648 4975 angustiam

2063 5008 2117 5051 et
2141 5000 2363 5068 periculi
2398 5000 2664 5057 timorem.
2692 4999 2955 5056 Instemus
2981 5000 3139 5071 igitur
3166 5000 3357 5053 anima:
3384 4999 3487 5054 hoc
3516 5007 3649 5055 tem,-

2063 5105 2193 5158 pore
2237 5110 2250 5145 :
2296 5093 2494 5146 etenim
2542 5093 2639 5161 ipsi
2688 5092 2867 5147 omnia
2916 5106 3260 5161 quaecumque
3298 5090 3651 5157 voluerimus,

2064 5179 2218 5235 facile
2260 5183 2580 5251 persuadere
2626 5184 2937 5253 poterimus.
2987 5181 3217 5237 Paridos
3261 5182 3402 5237 enim
3443 5190 3498 5237 et
3547 5191 3654 5237 trc-

2066 5286 2257 5337 mens,
2302 5281 2359 5328 et
2403 5288 2433 5327 a
2478 5273 2682 5329 deliciis
2727 5274 2977 5329 omnibus
3023 5273 3335 5345 expeditus,
3386 5283 3555 5343 atque
3602 5275 3652 5328 io

2064 5365 2256 5418 timore
2284 5364 2506 5427 vivens,
2560 5365 2711 5420 facile
2742 5364 3116 5435 philosophari
3168 5375 3378 5435 poteSt,
3427 5376 3482 5420 et
3531 5380 3652 5421 cum

2064 5456 2223 5509 multa
2253 5455 2526 5513 alacritate
2554 5457 2765 5512 virtutis
2789 5457 2992 5513 semina
3032 5458 3327 5527 suscipere.

2136 5548 2187 5601 7.
2218 5547 2521 5603 loramenta
2547 5550 2772 5604 uitanda.
2800 5578 2871 5589 —
2900 5549 3135 5604 Primum
3172 5547 3332 5620 igitur
3353 5548 3399 5603 ci
3432 5563 3643 5619 person.

2063 5642 2318 5709 deamus,
2365 5651 2423 5696 ut
2460 5658 2489 5697 a
2528 5643 2951 5714 juramcntorutn
2982 5641 3103 5712 fuga
3134 5640 3481 5696 mutationem
3509 5636 3642 5692 inei-

2063 5735 2173 5805 piat
2203 5753 2215 5791 ε
2248 5736 2347 5792 etsi
2391 5735 2535 5791 enim
2578 5735 2691 5793 lteri
2735 5745 2790 5793 ct
2834 5732 3220 5793 nudiustertius
3247 5729 3316 5786 de
3361 5729 3458 5784 hac
3496 5723 3653 5778 rohia-
