4074 6218
419 355 487 419 7,9
1154 353 1212 410 S.
1243 354 1517 412 JOANNIS
1556 354 2026 411 CHRYSOSTOMI
2064 355 2377 412 ARCIIIEP.
2417 352 2942 414 CONSTANTINOP.
3619 358 3685 415 80

422 465 674 536 loquutus
699 479 815 521 sum
845 464 1067 520 materia
1088 507 1104 532 ,
1131 481 1304 537 neque
1330 476 1504 521 tamen
1533 467 1690 523 hodie
1716 467 1992 532 desistam,

420 571 593 624 neque
620 571 768 620 cras,
801 571 973 627 neque
1002 557 1251 627 perendie
1280 558 1464 612 eadem
1495 572 1732 613 monere.
1784 558 1850 612 Et
1875 559 1998 628 quid

423 647 544 702 dico
572 650 858 704 crastinam
896 659 988 704 aut
1033 651 1242 705 tertiam
1271 650 1456 706 diem?
1496 652 1671 706 Donec
1699 667 1794 705 vos
1822 667 2001 706 corre—

422 750 536 794 ctos
563 739 789 806 videam,
833 757 938 796 non
968 741 1219 796 absistam
1249 760 1261 794 :
1300 743 1344 796 si
1375 743 1515 796 enim
1546 743 1714 811 legem
1747 743 2000 812 praevari-

421 840 606 884 cantes
637 846 741 885 non
771 833 1123 898 erubescunt,
1157 835 1323 888 multo
1350 835 1516 903 magis
1545 849 1643 888 nos
1663 834 1910 903 jubentes
1936 849 2002 888 ne

421 923 836 990 praevaricetnini
856 967 872 989 ,
899 924 966 979 de
996 924 1259 995 frequenti
1288 925 1651 980 admonitione
1680 941 1783 978 non
1812 925 2002 980 erube-

420 1029 570 1069 scere
615 1030 709 1084 par
745 1024 844 1070 est.
897 1016 972 1070 De
1016 1016 1202 1071 iisdem
1230 1017 1372 1071 enim
1410 1017 1662 1071 continue
1691 1029 2001 1070 commone-

423 1103 634 1170 facere,
683 1123 787 1161 non
830 1107 1096 1174 dicentis,
1142 1107 1236 1162 sed
1280 1107 1606 1161 audientium
1652 1116 1734 1161 est
1778 1106 2000 1170 crimen,

420 1195 666 1252 diuturna
709 1213 871 1266 super
903 1198 1234 1267 simplicibus
1261 1206 1316 1253 et
1345 1198 1587 1252 facilibus
1615 1198 1894 1266 praeceptis
1923 1197 2003 1249 in-

418 1287 708 1358 digentium
751 1289 1048 1359 disciplina.
1089 1289 1224 1356 Quid
1253 1290 1395 1344 enim
1443 1289 1646 1343 facilius
1691 1304 1848 1358 quam
1895 1304 2000 1342 non

416 1380 641 1448 jurare?
685 1379 1100 1436 Consuetudinis
1151 1392 1352 1436 tantum
1404 1398 1538 1452 opus
1585 1393 1666 1436 est
1708 1400 1724 1436 :
1768 1399 1872 1436 non
1921 1393 2004 1437 est

421 1473 663 1540 corporis
693 1472 844 1528 labor
865 1514 880 1538 ,
913 1489 1020 1527 non
1046 1483 1128 1528 est
1156 1475 1498 1544 pecuniarum
1532 1474 1879 1544 impendium.
1915 1475 2004 1530 Vis

420 1562 631 1618 discere
672 1565 940 1635 quomodo
975 1565 1160 1619 vitium
1208 1567 1446 1635 superari
1483 1567 1697 1634 possit?
1739 1566 2005 1635 quomodo

420 1653 488 1707 ab
541 1655 782 1722 improha
840 1655 1225 1711 consuetudine
1282 1657 1493 1710 liberari
1545 1656 1744 1710 liceat?
1791 1657 1902 1721 Ego
1954 1666 2006 1709 te

420 1744 706 1812 quemdam
732 1745 936 1800 docebo
962 1747 1199 1812 modum,
1229 1763 1387 1816 quem
1415 1748 1458 1801 si
1487 1747 1751 1812 tenueris,
1784 1761 2004 1816 supera-

424 1833 507 1889 bis
533 1835 774 1890 omnino.
820 1836 953 1890 Cum
983 1837 1179 1892 videris
1226 1841 1450 1906 teipsum
1470 1879 1486 1904 ,
1515 1839 1597 1892 vcl
1626 1839 1787 1891 alium
1816 1854 2004 1908 quem-

423 1939 564 1994 que,
591 1927 672 1980 vcl
703 1941 915 1981 servum
937 1969 952 1994 ,
984 1928 1069 1984 vel
1097 1929 1259 1983 ﬁlium
1283 1970 1296 1993 ,
1328 1929 1412 1982 vel
1457 1945 1675 1984 uxorem
1719 1930 1821 1984 hoc
1865 1931 2005 1985 malo

422 2024 626 2084 captos,
657 2026 711 2070 et
735 2023 982 2071 continue
1011 2019 1480 2086 commonefactos,
1512 2036 1682 2089 neque
1711 2030 2001 2085 correctos,

421 2105 550 2175 iube
594 2121 698 2161 non
738 2117 978 2164 cauatos
1017 2109 1233 2175 cubare,
1284 2119 1339 2165 et
1381 2110 1517 2165 hanc
1563 2111 1760 2181 tibique
1803 2121 1857 2166 et
1900 2112 2006 2167 illis

423 2195 820 2250 damnationem
871 2198 1085 2266 impone
1107 2240 1123 2264 ,
1155 2199 1550 2255 damnationem
1594 2216 1699 2254 non
1729 2201 2003 2267 damnum,

423 2286 519 2341 sed
549 2288 750 2341 lucrum
779 2287 1060 2344 ferentem.
1088 2289 1234 2343 Talia
1266 2290 1409 2345 enim
1438 2299 1560 2344 sunt
1589 2292 1878 2360 spiritualia
1911 2309 1923 2346 :
1953 2301 2008 2346 et

428 2378 628 2433 lucrum
659 2377 870 2444 ferunt,
907 2389 961 2435 et
988 2382 1324 2436 celerrimam
1365 2385 1751 2438 correctionem
1783 2403 1796 2438 :
1829 2385 2004 2453 lingua

424 2472 566 2526 enim
595 2472 810 2528 assidue
839 2476 1070 2528 cruciata
1096 2517 1112 2541 ,
1145 2475 1228 2528 vel
1258 2477 1470 2531 nemine
1496 2487 1867 2532 commonente
1893 2479 2006 2532 suf-

426 2563 691 2618 ficientem
713 2567 851 2634 capit
869 2565 1281 2620 admonitionem
1307 2582 1336 2620 a
1360 2567 1444 2620 siti
1462 2583 1788 2636 compressa,
1812 2585 1841 2622 a
1868 2569 2006 2624 fame

427 2653 761 2722 angustiata;
817 2665 864 2706 et
896 2655 1020 2709 licet
1047 2657 1282 2709 omnium
1312 2658 1479 2711 simus
1505 2658 1830 2713 stolidissimi
1855 2701 1868 2722 ,
1899 2669 2004 2713 tota

430 2741 518 2798 die
546 2743 702 2812 hujus
728 2747 976 2799 tormenti
1006 2747 1366 2816 magnitudine
1392 2749 1718 2812 commoniti,
1749 2749 1854 2803 alio
1879 2765 2009 2804 eun-

428 2833 547 2887 silio
576 2844 629 2889 et
656 2834 1016 2890 admonitione
1053 2852 1157 2891 non
1202 2838 1574 2908 indigebimus.
1610 2840 1886 2895 Laudastis
1923 2842 2005 2895 di-

429 2934 515 2978 cta
535 2966 550 2990 ,
574 2940 756 2979 verum
785 2936 838 2980 et
863 2924 1017 2981 factis
1042 2927 1249 2982 laudem
1281 2929 1657 2983 demonstrate.
1688 2929 1837 2996 Quod
1864 2933 2004 2984 enim

430 3013 623 3083 alioqui
671 3015 827 3084 hujus
874 3017 1144 3070 concionis
1176 3019 1636 3074 emolumentum?
1678 3021 1731 3074 Si
1773 3020 2008 3090 quotidie

433 3105 683 3174 puerulus
709 3105 774 3158 ad
816 3105 1049 3160 scholam
1082 3118 1291 3176 pergat,
1328 3118 1508 3176 postea
1540 3110 1609 3162 nil
1647 3109 1817 3163 discat
1837 3151 1851 3173 ,
1883 3126 2007 3163 num

432 3197 497 3250 ad
528 3198 919 3251 excusationem
952 3197 1178 3252 sufﬁciat
1204 3201 1374 3265 nobis,
1411 3204 1580 3270 ipsum
1625 3201 1750 3255 illuc
1775 3202 2008 3270 quotidie

434 3288 696 3356 pergere?
728 3303 830 3339 non
860 3287 960 3341 hoc
989 3290 1158 3356 ipsum
1191 3290 1478 3342 maximum
1505 3290 1760 3344 ducemus
1785 3292 2005 3358 crimen,

433 3379 571 3444 quod
614 3395 706 3446 per
747 3379 981 3448 singulos
1028 3379 1143 3433 dies
1187 3381 1311 3435 illuc
1358 3397 1622 3451 pergens,
1668 3382 1770 3437 hoc
1817 3383 2006 3436 frustra

436 3467 634 3521 faciat?
663 3468 774 3522 Hoc
803 3479 857 3522 et
885 3468 937 3522 in
971 3470 1124 3523 nobis
1155 3471 1281 3539 ipsis
1310 3473 1601 3540 cogitemus
1623 3515 1636 3537 ,
1669 3482 1724 3526 et
1749 3474 1882 3527 intra
1913 3489 2010 3527 nos

433 3557 577 3627 ipsus
597 3559 838 3613 dicamus
863 3578 875 3612 :
900 3559 1127 3614 Tantum
1158 3563 1409 3629 temporis
1430 3563 1495 3616 ad
1519 3564 1799 3618 ecclesiam
1825 3579 2010 3618 occur-

433 3659 613 3703 rentes
633 3689 647 3712 ,
695 3651 1084 3704 terribilissima
1117 3653 1347 3707 fruentes
1376 3654 1558 3724 synaxi
1577 3693 1591 3718 ,
1627 3655 1842 3724 ipsaque
1872 3657 2010 3709 mul-

435 3751 543 3792 tum
587 3742 790 3794 lucrum
838 3742 1104 3808 habente,
1149 3743 1193 3796 si
1241 3744 1371 3798 tales
1411 3759 1622 3797 rursum
1651 3744 2008 3810 discedamus,

433 3832 618 3900 quales
643 3830 974 3896 advenimus,
1010 3833 1209 3885 nullum
1238 3833 1535 3887 defectuum
1563 3844 1864 3888 nostrorum
1894 3849 2013 3887 cor-

437 3922 672 3988 rigentes
692 3961 707 3983 ,
736 3935 855 3988 qua:
882 3921 1035 3975 nobis
1064 3923 1166 3974 erit
1205 3922 1361 3990 hujus
1401 3924 1741 3991 profectionis
1769 3925 1965 3978 utilitas
1989 3924 2012 3977 ?

439 4010 643 4064 Etenim
688 4012 851 4064 multa
882 4027 986 4065 non
1031 4025 1245 4082 propter
1274 4029 1332 4068 se
1377 4015 1542 4082 ﬁunt,
1583 4017 1675 4070 sed
1709 4028 1921 4086 propter
1949 4034 2012 4072 ea

436 4116 555 4170 qua:
598 4116 665 4155 ex
708 4101 836 4170 ipsis
883 4104 1152 4156 eveniunt.
1202 4105 1367 4170 Quale
1415 4106 1540 4159 illud
1588 4117 1667 4162 est
1701 4127 1712 4162 :
1743 4111 2013 4164 seminans

440 4207 544 4244 non
573 4191 694 4247 ideo
723 4193 982 4258 seminat,
1029 4204 1084 4247 ut
1113 4203 1312 4248 tantum
1340 4198 1588 4262 seminet,
1616 4200 1707 4253 sed
1739 4211 1792 4253 ut
1822 4210 1875 4254 et
1903 4217 2008 4256 me-

440 4292 515 4334 tat
544 4297 558 4334 :
588 4283 727 4352 quod
755 4284 855 4338 nisi
887 4286 986 4338 hoc
1015 4285 1198 4352 ﬁeret,
1235 4297 1287 4340 et
1311 4288 1560 4340 dainnum
1588 4291 1840 4344 sementis
1868 4301 2015 4361 pate-

442 4384 614 4438 retur,
644 4377 936 4434 seminibus
975 4379 1236 4434 incassum
1269 4383 1594 4449 putrefactis.
1624 4383 1880 4438 Mercator
1908 4402 2010 4438 non

443 4475 656 4535 propter
681 4467 782 4520 hoc
807 4469 1047 4536 navigat,
1079 4481 1132 4522 ut
1159 4478 1364 4523 tantum
1393 4473 1618 4542 naviget,
1649 4474 1744 4527 sed
1773 4482 1830 4526 ut
1858 4491 2011 4542 pere-

437 4555 698 4621 grinando
721 4557 1012 4612 auctiorem
1045 4559 1202 4614 faciat
1241 4576 1353 4614 rem
1389 4578 1402 4614 :
1432 4565 1570 4632 quod
1601 4565 1698 4617 nisi
1727 4565 1827 4619 hoc
1852 4566 2010 4632 adsit,

349 4680 352 4681 ν
440 4655 494 4698 et
519 4645 770 4700 damnum
800 4648 1004 4702 accidet
1029 4661 1346 4718 extremum,
1380 4667 1432 4708 et
1459 4657 1711 4710 damnosa
1756 4672 2013 4712 mercato-

441 4751 558 4790 rum
589 4739 960 4806 peregrinatio.
988 4740 1100 4795 lloc
1136 4742 1273 4798 idem
1303 4756 1355 4797 et
1385 4745 1437 4798 in
1468 4747 1618 4800 nobis
1646 4748 1770 4818 ipsis
1799 4751 2014 4802 ratioci-

441 4844 631 4883 nemur
655 4847 670 4884 :
696 4832 891 4885 etenim
921 4841 975 4886 et
1001 4849 1097 4887 nos
1123 4835 1175 4888 in
1207 4837 1482 4891 ecclesiam
1512 4842 1876 4905 convenimus,
1906 4857 2012 4896 non

443 4929 663 4989 propter
687 4922 789 4976 hoc
813 4923 984 4991 ipsum
1012 4925 1204 4988 solum,
1235 4934 1292 4980 ut
1315 4926 1400 4981 hic
1427 4929 1797 4998 immoremur,
1833 4933 1924 4988 sed
1959 4945 2016 4988 ut

441 5009 637 5080 aliquid
665 5027 913 5084 magnum
942 5023 995 5069 et
1035 5017 1304 5085 spirituale
1346 5019 1532 5074 lucrati
1562 5021 1912 5077 discedamus.
1958 5023 2013 5079 Si

443 5099 601 5169 igitur
635 5104 818 5160 inanes
846 5114 902 5160 et
929 5107 1062 5162 nihil
1101 5108 1278 5177 adepti
1307 5109 1579 5174 abeamus,
1611 5112 2014 5167 condemnatio-

443 5207 562 5244 netn
595 5196 746 5252 nobis
774 5197 875 5253 hoc
899 5200 1129 5255 studium
1155 5211 1411 5257 accerset.
1444 5203 1593 5270 Quod
1621 5220 1688 5259 ne
1719 5206 1827 5272 fiat,
1856 5217 2016 5276 utque

447 5288 648 5335 tantum
674 5285 922 5343 damnum
953 5292 1236 5360 evitemus,
1265 5293 1524 5349 abeuntes
1556 5295 1698 5363 hinc,
1730 5297 1866 5352 inter
1895 5313 2014 5354 sese

443 5375 601 5430 amici
629 5390 748 5430 cum
780 5378 900 5433 ﬁliis
929 5393 1106 5450 patres
1126 5426 1140 5450 ,
1179 5401 1300 5440 cum
1330 5388 1498 5441 servis
1524 5387 1757 5454 domini,
1789 5390 2013 5443 medita-
2072 5379 2077 5382 ’

447 5468 613 5535 mini,
643 5479 698 5524 et
725 5469 959 5526 laborate
982 5479 1247 5545 quomodo
1276 5480 1587 5550 imperatum
1616 5481 1928 5550 expediatis,
1959 5491 2016 5538 ut

443 5569 722 5632 postquam
754 5559 946 5615 iterum
985 5568 1184 5622 reversi
1223 5570 1425 5626 fueritis
1448 5613 1463 5638 ,
1515 5581 1569 5628 et
1608 5573 1675 5628 de
1703 5573 1888 5628 iisdem
1916 5589 2014 5629 nos

438 5649 727 5708 suadentes
767 5652 1075 5721 audieritis,
1113 5671 1217 5712 non
1249 5661 1448 5728 pudore
1490 5663 1787 5720 afﬁciamini
1813 5705 1828 5724 .
1872 5680 2018 5720 mor-

441 5742 601 5799 dente
629 5759 721 5799 vos
747 5745 1094 5814 conscientia,
1121 5746 1214 5802 sed
1242 5750 1534 5819 gaudeatis,
1561 5764 1614 5808 et
1645 5755 1892 5812 lzetemmi
1919 5757 2012 5812 ad-

2114 467 2420 522 monitionis
2458 468 2711 536 majorem
2747 468 2900 524 vobis
2940 477 3144 540 partem
3173 469 3434 539 expletam
3471 474 3685 541 conspi-

2103 567 2323 611 cmntes.
2368 557 2491 612 [hcc
2532 573 2637 613 non
2684 569 2887 612 tantum
2939 561 3023 615 hic
3066 560 3500 630 pbilosophemur
3532 580 3546 615 :
3577 579 3679 617 nou

2103 652 2243 705 enim
2293 653 2405 706 ha2c
2447 665 2819 708 momentanea
2864 653 3157 709 admonitio
3203 662 3369 708 totum
3411 655 3674 711 eradicarr

2104 751 2313 810 potest,
2347 757 2531 797 verum
2559 752 2614 798 et
2643 743 2786 797 domi
2827 744 2905 796 vir
2933 744 2998 796 ab
3024 759 3190 798 uxore
3214 744 3330 799 hmc
3361 745 3576 811 audiat,
3623 758 3675 800 et

2103 847 2237 885 uxor
2263 847 2291 883 a
2323 833 2545 902 conjuge
2578 851 2591 886 :
2633 844 2686 888 et
2724 834 2991 888 aemulatio
3020 834 3261 904 quaedam
3306 836 3398 890 ﬁat
3433 837 3680 892 omribus

2102 922 2168 976 ad
2197 923 2351 991 hujus
2384 923 2514 993 legis
2545 924 2908 992 impletionem
2934 925 3214 995 pervenire
3239 924 3602 994 studentibus,
3626 941 3683 981 et

2103 1013 2189 1080 qui
2239 1015 2382 1081 prius
2426 1014 2725 1083 impleverit
2750 1015 3014 1069 deﬁcienti
3053 1016 3376 1084 exprobret,
3423 1023 3481 1070 ut
3508 1018 3682 1086 ipsum

2102 1104 2270 1171 magis
2293 1104 2488 1158 excitet
2517 1123 2531 1158 :
2559 1105 2648 1174 qui
2675 1105 2874 1167 deficit,
2921 1114 2974 1158 et
3001 1107 3235 1160 nondum
3263 1108 3519 1176 implevit,
3548 1124 3682 1178 pra:-

2102 1204 2405 1248 veuientem
2449 1205 2692 1264 spectet,
2738 1205 2794 1250 et
2818 1196 2885 1249 ad
2935 1197 3104 1266 ipsum
3134 1197 3377 1252 celeriter
3405 1199 3683 1268 pervenire

2103 1284 2408 1338 contendat.
2436 1286 2491 1338 Si
2517 1285 2630 1340 hzec
2660 1285 2997 1350 meditemur,
3025 1287 3070 1341 si
3098 1287 3212 1341 hate
3236 1302 3503 1351 curemus,
3532 1288 3680 1343 brevi

2107 1378 2257 1431 nobis
2285 1387 2338 1431 et
2383 1379 2485 1432 alia
2523 1393 2778 1448 prospere
2821 1381 3032 1451 negotia
3073 1379 3388 1450 dirigentur.
3439 1381 3519 1435 Tu
3564 1397 3682 1451 qua:

2107 1467 2197 1522 Dei
2226 1477 2346 1521 sunt
2373 1467 2630 1523 meditare
2650 1510 2667 1535 ,
2695 1479 2750 1524 et
2781 1470 2894 1538 ipse
2934 1471 3039 1524 tuis
3077 1470 3390 1538 providebit.
3418 1471 3528 1526 Nec
3552 1471 3682 1525 mihi

2104 1556 2249 1611 dicas
2279 1577 2292 1612 :
2320 1557 2456 1625 Quid
2483 1574 2609 1612 vero
2630 1601 2644 1625 ,
2671 1560 2716 1613 si
2743 1561 2859 1630 quis
2896 1560 3110 1629 jurandi
3136 1563 3504 1618 necessitatem
3531 1563 3685 1619 nobis

2107 1647 2384 1715 imponat?
2427 1649 2554 1717 quid
2585 1650 2630 1704 si
2677 1664 2780 1703 non
2821 1651 3047 1704 credat?
3092 1650 3232 1707 Sane
3257 1667 3423 1717 vero,
3465 1653 3556 1708 ubi
3600 1654 3683 1708 lex

2107 1739 2380 1803 violanda,
2413 1741 2745 1794 necessitatis
2790 1742 3098 1796 meminisse
3141 1757 3246 1796 non
3290 1753 3518 1812 oportet.
3570 1744 3688 1799 lina

2106 1837 2189 1880 est
2215 1828 2355 1882 enim
2386 1830 2702 1884 inevitabilis
2729 1831 3041 1896 necessitas,
3070 1833 3231 1885 Deum
3258 1848 3361 1888 non
3389 1833 3682 1889 offendere.

2109 1916 2486 1972 Verumtamen
2523 1918 2736 1973 interim
2778 1919 2907 1972 illud
2935 1929 3160 1989 przesta,
3202 1922 3472 1991 superﬂua
3509 1924 3688 1979 recide

2103 2005 2435 2074 jurameuta,
2470 2017 2672 2062 temere
2710 2017 2765 2062 et
2805 2011 2921 2062 sine
2964 2011 3315 2077 necessitate,
3357 2011 3526 2079 domi,
3564 2029 3688 2068 eum

2107 2100 2311 2163 amicis,
2337 2115 2458 2154 cum
2485 2101 2662 2154 servis
2692 2101 2893 2170 prolata
2925 2119 2938 2155 :
2964 2105 3008 2155 si
3038 2101 3152 2156 hrcc
3177 2103 3474 2166 sustuleris,
3507 2104 3559 2158 in
3583 2105 3690 2160 illis

2109 2191 2212 2244 mei
2253 2191 2383 2245 nihil
2426 2192 2653 2260 amplius
2685 2192 2941 2262 indigebis
2973 2210 2986 2244 :
3016 2194 3187 2262 ipsum
3232 2194 3374 2247 enim
3403 2209 3465 2249 os
3503 2195 3554 2248 in
3587 2196 3689 2250 hoc

2108 2284 2482 2348 exercitatum,
2510 2291 2568 2337 ut
2589 2284 2802 2352 jurandi
2829 2282 3182 2352 frequentiam
3216 2285 3398 2338 timeat
3423 2293 3476 2339 et
3503 2285 3685 2354 fugiat,

2110 2388 2281 2442 neque
2303 2373 2345 2426 si
2373 2375 2490 2442 quis
2513 2375 2704 2428 millies
2723 2375 2977 2444 coegerit,
3001 2374 3054 2428 in
3082 2374 3222 2428 illam
3245 2375 3472 2444 amplius
3495 2375 3689 2430 cadere

2108 2464 2543 2518 consuetudinem
2584 2465 2845 2519 admittet.
2894 2465 3000 2520 Sed
3030 2475 3088 2520 ut
3117 2481 3258 2520 nunc
3297 2467 3465 2520 multo
3508 2466 3690 2521 labore

2109 2565 2163 2608 et
2189 2554 2392 2608 inﬁnita
2419 2556 2859 2610 interturhatione
2882 2599 2896 2622 ,
2930 2566 3190 2611 terrentes
3213 2599 3226 2618 ,
3262 2559 3524 2612 minantes
3542 2599 3562 2623 ,
3589 2558 3689 2611 ad-

2110 2656 2412 2711 monentes,
2443 2647 2812 2709 consulentes,
2841 2650 2929 2702 vix
2960 2652 3226 2717 potuimus
3251 2648 3302 2702 in
3331 2649 3485 2702 aliam
3519 2651 3697 2718 ipsum

2111 2739 2547 2793 consuetudinem
2599 2748 2957 2794 transmutare
3005 2757 3017 2792 :
3067 2741 3144 2794 sic
3188 2749 3242 2794 et
3283 2749 3408 2794 tunc
3451 2741 3693 2810 quidem,

2112 2831 2233 2884 licet
2263 2831 2519 2884 infinitam
2551 2831 2666 2900 quis
2697 2831 2888 2911 inferat
2916 2821 3286 2885 necessitatem
3309 2871 3323 2894 ,
3358 2832 3492 2886 hanc
3518 2841 3694 2887 trans-

2109 2921 2256 2990 gredi
2284 2921 2451 2990 legem
2478 2937 2584 2974 non
2624 2922 2817 2990 poterit
2841 2923 3166 2992 persuadere
3192 2938 3207 2986 ;
3243 2921 3334 2976 sed
3365 2923 3499 2977 sicut
3527 2940 3697 2978 vene-

2111 3029 2236 3065 nttm
2264 3013 2545 3082 quodpiam
2577 3029 2861 3082 numquam
2899 3022 3116 3082 gustare
3146 3014 3265 3083 quis
3294 3015 3484 3082 vellet,
3528 3015 3693 3069 etiam

2113 3103 2342 3157 instante
2371 3104 2720 3170 necessitate,
2752 3105 2829 3158 sic
2857 3119 3025 3173 neque
3057 3104 3355 3173 juramenta
3385 3105 3696 3159 admittere.

2112 3195 2224 3249 lloc
2260 3205 2436 3250 autem
2465 3196 2510 3249 si
2556 3199 2661 3256 fiat,
2708 3195 2857 3249 vobis
2883 3196 3120 3249 solamen
3150 3197 3272 3260 erit,
3305 3206 3358 3249 et
3387 3198 3700 3251 hortamen-

2116 3296 2222 3338 tum
2255 3285 2321 3338 ad
2351 3286 2581 3354 reliquas
2606 3287 2816 3339 virtutis
2845 3296 3022 3356 partes
3045 3287 3395 3356 attingendus.
3424 3288 3522 3355 Qui
3548 3290 3704 3342 enim

2115 3376 2246 3430 nihil
2276 3377 2537 3446 prmstitit,
2575 3381 2826 3446 torpescit
2852 3387 2905 3432 et
2949 3377 3055 3431 cito
3095 3377 3325 3432 cencidit
3353 3380 3556 3441 animo,
3602 3381 3700 3447 qui

2115 3481 2240 3520 vero
2286 3467 2384 3520 sibi
2428 3469 2670 3520 conscius
2714 3475 2831 3532 est,
2879 3468 3018 3537 quod
3057 3468 3138 3522 vel
3183 3484 3347 3522 unum
3391 3469 3703 3539 expleverit

2115 3557 2440 3616 mandatum.
2468 3574 2535 3612 ex
2565 3559 2665 3613 hoc
2691 3557 2827 3612 bene
2862 3573 3078 3627 sperare
3102 3559 3311 3625 doctus,
3351 3560 3538 3632 majori
3568 3577 3701 3616 cum

2114 3648 2290 3700 studio
2320 3647 2385 3700 ad
2424 3648 2624 3717 reliqua
2651 3649 2902 3716 procedet
2931 3665 2944 3701 :
2973 3659 3157 3720 postea
3190 3649 3331 3704 aliud
3353 3651 3599 3720 capiens,
3625 3653 3708 3707 ad

2115 3739 2257 3792 aliud
2294 3741 2539 3793 celeriter
2567 3741 2776 3802 veniet,
2811 3755 2908 3794 nec
2952 3741 3097 3810 prius
3141 3741 3400 3809 desistet,
3441 3758 3600 3812 quam
3627 3745 3710 3799 ad

2115 3829 2286 3898 ipsum
2317 3830 2526 3884 culmen
2557 3831 2852 3899 perveniat.
2885 3831 2937 3885 Si
2969 3832 3111 3886 enim
3145 3833 3195 3885 in
3229 3835 3466 3902 pecuniis
3494 3845 3712 3903 quanto

2115 3923 2232 3989 quis
2258 3921 2434 3990 plures
2459 3923 2882 3989 comparaverit,
2913 3933 3059 3976 tanto
3100 3925 3278 3993 plures
3305 3925 3451 3994 cupit
3481 3943 3494 3979 :
3525 3927 3710 3982 multo

2117 4012 2283 4079 magis
2320 4012 2368 4064 in
2399 4011 2587 4065 ofﬁciis
2629 4013 2988 4081 spiritualibus
3016 4013 3118 4068 hoc
3157 4015 3463 4084 contingere
3488 4016 3706 4072 videas.

2116 4104 2400 4171 PrOpterea
2435 4104 2625 4158 festino
2655 4115 2710 4158 et
2738 4121 2924 4174 urgeo,
2958 4115 3011 4157 ut
3042 4121 3128 4158 res
3157 4107 3467 4174 principium
3496 4109 3708 4174 capiat,

2118 4205 2171 4248 et
2212 4195 2261 4247 in
2303 4195 2492 4247 animis
2523 4196 2713 4248 vestris
2758 4195 2966 4248 virtutis
3009 4195 3405 4250 fundamentum
3443 4196 3748 4264 jaciatur,_

2118 4294 2172 4338 et
2215 4300 2496 4353 precamur
2540 4295 2593 4338 et
2632 4285 3025 4353 supplicamus,
3075 4297 3133 4339 ut
3173 4301 3281 4339 non
3322 4296 3520 4340 tantum
3567 4288 3717 4344 hora

2121 4377 2366 4442 praesenti
2411 4378 2596 4428 horum
2628 4376 2742 4428 sitis
2771 4377 3052 4429 verborum
3096 4391 3359 4431 memores
3381 4417 3397 4440 ,
3429 4393 3612 4431 verum
3648 4390 3723 4434 et

2119 4466 2260 4519 dumi
2281 4505 2297 4530 ,
2328 4475 2381 4519 et
2409 4467 2460 4518 in
2503 4465 2646 4528 foro,
2677 4475 2730 4518 et
2760 4465 3082 4535 ubicumque
3122 4467 3546 4520 commoremini.
3581 4466 3726 4523 Uti-

2119 4573 2237 4611 nam
2268 4558 2393 4610 tnihi
2421 4557 2531 4609 dari
2565 4566 2762 4624 posset,
2789 4565 2845 4610 ut
2867 4557 3137 4610 vobiscum
3164 4571 3512 4611 conversarer
3541 4560 3554 4612 !
3590 4575 3720 4614 non

2121 4649 2221 4701 huc
2249 4648 2404 4716 longo
2428 4647 2558 4700 mihi
2583 4663 2830 4701 sermone
2856 4646 3045 4702 fuisset
3064 4661 3199 4716 opus
3220 4664 3235 4701 :
3262 4663 3402 4702 nunc
3422 4665 3554 4704 vero
3575 4669 3722 4708 cum

2122 4741 2220 4793 hoc
2249 4755 2350 4792 non
2395 4739 2588 4804 liceat,
2618 4753 2710 4792 vos
2741 4754 2825 4792 me
2866 4740 3087 4793 absente
3117 4739 3400 4794 verborum
3428 4758 3729 4801 memores

2119 4842 2288 4886 estote
2314 4846 2574 4895 meorum,
2616 4841 2671 4884 et
2709 4831 2774 4884 ad
2804 4845 3038 4885 mensam
3079 4832 3327 4888 sedentes
3366 4834 3571 4904 ingredi
3614 4854 3729 4893 me

2121 4933 2318 4993 putate,
2341 4932 2396 4977 et
2419 4922 2652 4986 adstare,
2680 4931 2735 4976 et
2757 4923 2934 4976 omnia
2960 4938 3080 4992 qua:
3107 4939 3244 4978 nunc
3269 4924 3419 4978 vobis
3441 4925 3528 4978 hic
3553 4927 3729 4992 dico,

2120 5016 2366 5069 insonare
2393 5030 2406 5066 :
2447 5024 2501 5067 et
2531 5014 2845 5082 ubicumque
2875 5015 3024 5067 vobis
3067 5014 3132 5068 de
3162 5030 3247 5070 me
3277 5014 3556 5070 habebitur
3582 5035 3732 5072 ser-

2121 5124 2229 5168 mo,
2265 5123 2371 5176 pra:
2397 5106 2642 5160 omnibus
2667 5105 2822 5174 hujus
2847 5114 3171 5160 mementote
3195 5106 3450 5163 mandati.
3479 5117 3534 5162 et
3560 5107 3739 5167 hanc

2121 5202 2250 5255 mihi
2296 5202 2492 5254 amoris
2536 5199 2589 5253 in
2629 5214 2723 5252 vos
2771 5199 2875 5252 mei
2919 5197 3318 5252 retributionem
3370 5198 3576 5252 reddite
3608 5218 3626 5252 :
3674 5206 3738 5259 si

2121 5293 2222 5348 hoc
2249 5309 2341 5346 vos
2368 5293 2616 5359 implesse
2641 5291 2844 5354 videro,
2887 5299 3054 5344 totum
3082 5291 3282 5359 recepi,
3309 5291 3523 5360 dignam
3551 5292 3744 5347 latio.

2121 5400 2237 5440 rum
2265 5385 2384 5454 cepi
2413 5382 2735 5438 mercedem.
2766 5381 2836 5437 Ut
2874 5382 3030 5451 igitur
3057 5393 3108 5434 et
3133 5395 3231 5434 nos
3255 5381 3488 5437 reddatis
3519 5398 3744 5451 prum-

2123 5477 2340 5546 ptiores,
2380 5483 2434 5529 et
2454 5488 2550 5528 vos
2588 5473 2740 5527 bona!
2765 5472 2878 5540 spei
2912 5471 3237 5536 efﬁciamini,
3264 5481 3319 5527 et
3345 5473 3604 5540 majorem
3644 5481 3744 5534 ad

2123 5570 2323 5638 reliqua
2343 5565 2590 5621 mandata
2613 5564 2915 5618 facilitatem
2941 5564 3157 5632 paretis,
3182 5564 3347 5618 multo
3369 5562 3504 5617 hanc
3526 5563 3747 5634 legem

2121 5662 2297 5718 studio
2326 5660 2376 5713 in
2403 5658 2592 5713 animis
2617 5657 2807 5711 vestris
2832 5655 3102 5724 reponite,
3143 5663 3196 5709 et
3222 5664 3346 5709 tunc
3371 5653 3747 5714 admonitio-

2125 5755 2208 5810 nis
2237 5753 2510 5808 utilitatem
2543 5750 2738 5804 scietis.
2785 5747 3043 5816 Quoniam
3073 5756 3126 5802 et
3153 5760 3372 5802 aureum
3406 5744 3744 5810 vestimen-
