4074 6218
338 352 397 406 8|
1317 356 1411 411 AD
1441 356 1757 411 POPULUM
1799 358 2281 419 ASTIUCHENL‘M
2345 362 2573 418 HOMIL.
2619 362 2702 416 Vl.
3562 370 3630 427 83

341 483 452 523 tum
484 485 550 524 ex
578 486 637 524 se
663 470 945 541 pulchmm
971 469 1181 526 videtur
1200 513 1215 537 ,
1244 472 1410 525 multo
1440 473 1710 543 pulchrius
1752 484 1928 528 autem

341 560 501 613 nobis
529 561 795 615 videbitur
823 571 1006 616 nostro
1030 564 1461 633 circumpositum
1488 565 1698 634 corpori
1733 578 1749 628 ;
1779 564 1855 619 sic
1878 575 1932 620 et

339 651 437 704 Dei
467 652 718 705 mandata
744 652 960 721 pulchra
983 652 1198 722 quidem
1220 662 1361 715 sunt.
1386 654 1544 709 etiam
1567 671 1686 709 cum
1715 656 1934 709 laudau-

336 747 467 804 tur;
507 741 676 794 multo
716 751 892 795 autem
957 743 1260 812 pulchriora
1285 786 1300 809 ,
1346 761 1466 799 cum
1529 755 1583 801 et
1624 747 1927 816 explentur,

335 843 623 903 apparent.
652 832 863 887 Etenim
892 849 1035 889 nunc
1076 837 1220 889 brevi
1252 838 1506 905 temporis
1536 849 1809 892 momento
1846 839 1929 893 di-

332 933 424 978 cta
453 934 636 978 nostra
660 924 885 979 laudatis
908 941 922 990 ;
952 926 995 979 si
1022 941 1152 979 vero
1180 941 1265 981 res
1292 928 1578 996 impleatis,
1605 944 1697 997 per
1717 945 1930 983 omnem

338 1016 509 1083 diem,
534 1026 591 1071 et
619 1032 713 1086 per
735 1031 896 1071 omne
919 1027 1147 1086 tempus,
1177 1028 1231 1072 et
1257 1033 1354 1073 nos
1379 1031 1433 1073 et
1463 1035 1556 1073 vos
1583 1021 1725 1090 ipsos
1755 1022 1935 1074 lauda-

2039 473 2182 529 bitis.
2215 473 2323 529 Nec
2356 475 2454 529 hoc
2480 486 2561 530 est
2587 492 2857 546 magnum,
2885 479 3027 549 quod
3049 480 3271 537 invicem
3303 498 3398 538 nos
3426 482 3613 538 lauda-

2041 567 2216 622 bimus
2236 609 2252 633 ,
2282 568 2375 621 sed
2402 568 2540 637 quod
2572 578 2625 621 et
2657 570 2795 623 Deus
2832 585 2929 623 nos
2968 573 3220 639 suscipiet
3249 590 3261 625 :
3292 589 3388 628 nec
3420 584 3622 628 tanttnu

2038 659 2331 729 suscipiet,
2374 658 2469 714 sed
2500 668 2553 714 ct
2596 661 2803 731 magnis
2834 662 2937 715 illis
2978 663 3405 718 remunerahitur
3445 674 3499 721 et
3536 665 3615 718 in-

2039 750 2338 805 ell’abilibus
2362 751 2517 805 donis
2550 768 2562 804 :
2592 768 2706 821 quae
2740 768 2837 806 nos
2865 768 3052 807 omnes
3091 755 3300 824 assequi
3329 756 3621 826 coittingat,

2038 842 2206 909 gratia
2235 841 2445 895 Domini
2477 842 2643 896 nostri
2671 841 2796 897 Jcsu
2824 841 3060 909 Christi,
3112 858 3207 913 per
3240 860 3397 913 quem
3426 855 3479 900 et
3503 862 3625 900 cum

2041 947 2144 999 quo
2176 930 2316 986 Patri
2364 932 2532 1001 gloria
2581 948 2682 986 una
2730 949 2849 987 cum
2897 946 3082 988 sancto
3127 936 3348 1004 Spiritu,
3398 952 3537 991 nunc
3574 945 3628 990 ct

2044 1038 2274 1090 semper,
2302 1033 2354 1077 et
2382 1023 2432 1076 in
2463 1026 2657 1077 smcula
2682 1025 3020 1079 suaculorum.
3062 1027 3251 1080 Amen.

330 1247 513 1301 ριόυ
558 1248 763 1291 υτιιιε
805 1248 916 1290 EST
959 1248 1461 1290 MAGISTRATUUM
1504 1246 1729 1302 TIMOR,
1777 1248 1858 1289 ET
1901 1248 1936 1289 N

2039 1247 2222 1290 RATIO
2268 1249 2509 1303 EOBUM,
2555 1248 2697 1300 QUAE
2743 1250 2861 1290 PER
2909 1249 3062 1293 ΗΑΜ
3105 1251 3509 1294 Αεεωειιυκτ
3552 1248 3632 1292 IIS

418 1349 532 1401 ουι
576 1348 865 1390 ΝυΝΤΙυΜ
911 1347 1264 1390 δεοιτιυκιδ
1308 1346 1699 1389 IMPERATORI
1734 1347 2153 1389 AFFEREBANT
2200 1349 2215 1387 ἶ

2264 1348 2343 1389 ΕΤ
2386 1347 2555 1399 QUOD
2585 1347 2692 1399 QUI
2730 1348 2990 1391 INDIGNA
3029 1349 3303 1391 PATITL'R
3360 1351 3440 1392 ET
3466 1350 3635 1394 GRA"

419 1448 563 1491 TIAS
607 1448 754 1490 AGIT
799 1447 1232 1489 PERMIT'IENTI
1279 1446 1426 1499 DEO,
1475 1447 1594 1489 PAR
1633 1446 1734 1488 SIT
1777 1446 1839 1487 El
1884 1446 1993 1497 QUI
2020 1446 2206 1489 TALIA
2239 1446 2525 1489 PROPTER
2552 1448 2728 1491 DEUM
2767 1449 3063 1491 PATITUR.
3107 1450 3404 1494 EXEMPLA
3459 1451 3616 1494 ιιυιι-

420 1547 542 1590 SU.“
579 1551 612 1589 Δ
659 1547 884 1589 ἰἰιωυε
930 1547 1150 1590 Ρυιῖιιιε
1198 1547 1275 1588 ΕΤ
1322 1545 1605 1588 ιηόηῐυοε
1651 1546 2040 1588 ΒΑΒΥιοΝιεΑ
2087 1547 2103 1585 2

2152 1546 2231 1587 ΕΤ
2275 1547 2356 1586 DE
2400 1547 2818 1591 ABSTINENTIA
2863 1550 2899 1591 Δ
2942 1547 3361 1591 ιυιιειλιπκτιε.

1633 1663 2355 1704 «summaesummae»

989 1821 1209 1862 ποδιιιιιι
1249 1822 1319 1860 \‘l.

322 2000 333 2009 ,
417 1946 471 2002 1.
514 1945 705 2000 Multos
731 1943 944 2015 quidem
991 1942 1347 2013 impendimus
1379 1941 1938 2001 diescharitatemve-

339 2051 512 2095 stram
545 2037 925 2092 consolantes:
958 2049 1062 2089 non
1087 2042 1366 2103 propterea
1400 2044 1576 2087 tamen
1620 2035 1686 2088 ab
1714 2034 1814 2087 hac
1840 2032 1937 2086 de-

342 2131 604 2183 sistemus
628 2127 881 2189 materia;
913 2126 1005 2180 sed
1028 2125 1199 2178 donec
1227 2125 1455 2178 tristitia:
1487 2124 1677 2178 vulnus
1724 2139 1938 2177 roman-

340 2222 497 2283 serit,
545 2218 931 2274 consolationis
984 2217 1431 2271 medicamentum
1480 2216 1833 2285 imponemus.
1882 2215 1936 2269 Si

339 2313 494 2366 enim
524 2310 765 2380 corporis
791 2310 1011 2363 vulnera
1037 2323 1226 2363 curare
1274 2324 1380 2361 non
1423 2307 1673 2362 desinunt
1723 2307 1937 2372 medici,

339 2402 519 2455 donec
539 2400 797 2455 desivisse
833 2399 1072 2453 dolorem
1106 2398 1369 2451 viderint:
1423 2398 1589 2451 multo
1627 2398 1795 2466 magis
1838 2396 1939 2450 hoc

346 2495 404 2545 in
434 2491 613 2545 anima
652 2490 765 2545 ﬁeri
796 2490 1067 2544 convenit.
1116 2488 1328 2544 Etenim
1379 2490 1571 2542 animae
1620 2489 1810 2541 vulnus
1857 2498 1940 2542 est

345 2584 588 2648 tristitia,
645 2592 704 2638 et
744 2583 913 2652 ipsam
963 2582 1215 2635 continue
1268 2580 1477 2634 lenibus
1523 2579 1705 2633 fovere
1760 2579 1938 2634 verbis

341 2684 604 2744 oportet:
655 2691 754 2729 nec
792 2677 933 2729 enim
985 2677 1054 2728 ita
1107 2673 1286 2728 carnis
1335 2683 1596 2728 tumorem
1646 2671 1935 2727 calidarum

344 2768 488 2821 solet
528 2782 784 2837 aquarum
840 2774 1025 2819 natura
1075 2766 1367 2830 remittere,
1421 2775 1478 2818 ut
1510 2760 1710 2819 animae
1749 2775 1937 2819 a‘stum

344 2858 741 2911 consolantium
770 2857 920 2927 copia
949 2871 1257 2911 sermonum
1287 2855 1474 2911 sedare
1493 2856 1788 2911 consuevit.
1820 2854 1936 2909 Non

344 2947 435 3002 hic
464 2961 599 3017 opus
640 2949 881 3018 spongia,
933 2947 1070 3002 sicut
1125 2946 1366 3012 medicis,
1416 2946 1510 3001 sed
1565 2962 1663 3018 pro
1713 2947 1934 3016 spongia

346 3039 584 3107 linguam
617 3039 1000 3094 tractabimus:
1032 3053 1136 3092 non
1170 3037 1255 3092 hic
1280 3053 1415 3107 opus
1446 3039 1586 3108 igne,
1622 3053 1728 3108 quo
1771 3052 1937 3107 aquas

342 3128 859 3200 calehciamustsed
889 3145 985 3198 pro
1039 3129 1159 3199 igne
1206 3128 1433 3197 Spiritus
1478 3129 1647 3199 gratia
1703 3138 1936 3182 utemur.

342 3226 459 3291 Age
490 3222 648 3291 igitur
675 3229 728 3275 et
769 3220 930 3275 hodie
958 3220 1061 3275 hoc
1096 3220 1269 3290 ipsum
1304 3219 1577 3273 faciamus.
1628 3217 1737 3272 Nisi
1791 3217 1934 3272 enim

341 3329 445 3369 nos
473 3315 889 3368 consolationem
912 3314 1062 3367 vobis
1108 3312 1463 3375 attulerimus,
1516 3312 1656 3365 unde
1695 3311 1932 3365 solamen

338 3406 559 3461 abunde
612 3406 887 3476 capietis?
932 3406 1148 3461 Judices
1195 3414 1415 3470 terrent,
1467 3404 1586 3459 ideo
1628 3405 1935 3459 sacerdotes

339 3495 740 3552 consolentur:
786 3499 1129 3566 magistratus
1170 3495 1473 3559 tninantur,
1524 3495 1643 3550 ideo
1696 3495 1934 3550 Ecclesia

339 3589 652 3645 eoiiﬁrmet.
668 3589 876 3643 Etenim
902 3590 1005 3644 hoc
1025 3588 1075 3642 in
1091 3588 1327 3658 parvulis
1346 3587 1522 3642 evenit
1542 3603 1555 3652 ;
1580 3598 1935 3657 prmeeptores

340 3689 573 3744 terrent,
601 3687 656 3734 et
685 3679 989 3746 verberant,
1017 3688 1071 3734 et
1100 3680 1457 3750 lacrymantes
1484 3678 1552 3733 ad
1600 3689 1798 3733 matres
1843 3695 1931 3733 rc-

338 3774 820 3828 mittunt:matres
839 3787 966 3826 vero
988 3772 1111 3826 sinu
1155 3771 1508 3841 suscipientes
1556 3771 1838 3825 continent
1879 3780 1934 3825 et

338 3866 879 3932 circumplectuntur.
908 3873 962 3920 et
992 3864 1254 3935 lacrymas
1299 3863 1640 3933 detergentes
1678 3865 1932 3917 osculan-

341 3968 456 4022 tur,
486 3964 537 4009 et
580 3956 849 4011 dolentem
880 3956 1118 4026 ipsorum
1163 3954 1395 4009 animam
1446 3955 1705 4027 relevant,
1757 3955 1933 4009 verbis

341 4049 749 4118 persuadentes,
771 4047 941 4116 ipsius
964 4048 1144 4101 utilem
1167 4061 1286 4101 esse
1304 4056 1690 4115 przeceptorum
1709 4054 1930 4100 metum.

415 4138 813 4210 Hagistramum
840 4139 991 4193 timor
1014 4139 1175 4193 utilis.
1205 4167 1278 4178 —
1300 4137 1562 4204 Quoniam
1589 4138 1746 4207 igitur
1766 4146 1819 4192 et
1839 4153 1932 4191 vos

340 4240 652 4287 terruerunt
679 4233 1039 4302 magistratus,
1086 4241 1142 4287 et
1192 4230 1382 4285 anxios
1436 4230 1800 4295 reddiderunt,
1830 4230 1933 4285 Ec-

336 4322 506 4377 clesia
535 4322 837 4377 communis
865 4322 1103 4376 omnium
1119 4331 1290 4377 mater
1301 4330 1480 4376 nostra
1496 4322 1645 4376 sinus
1661 4321 1928 4391 aperiens,

340 4426 399 4471 et
421 4416 631 4486 supinis
675 4415 976 4486 suscipiens
1018 4416 1265 4470 manibus
1314 4415 1551 4487 quotidie
1600 4415 1927 4480 consolatur,

338 4509 529 4564 dicens
545 4508 729 4563 utilem
750 4522 872 4563 esse
895 4509 1300 4578 magistratuum
1323 4519 1546 4573 metum,
1562 4508 1746 4564 utilem
1768 4508 1928 4563 etiam

338 4598 469 4655 hinc
494 4598 784 4669 profectam
814 4598 1261 4654 consolationem.
1306 4598 1521 4653 Illorum
1563 4599 1705 4653 enim
1755 4606 1930 4653 metus

340 4710 448 4748 non
497 4693 625 4747 sinit
647 4706 745 4747 nos
773 4700 990 4761 torpore
1013 4691 1264 4756 dissolvi;
1296 4690 1451 4760 hujus
1471 4700 1649 4745 autem
1679 4692 1927 4746 consola-

342 4786 419 4838 tio
465 4784 567 4839 sub
597 4783 813 4838 tristitia
857 4782 1209 4838 succumbere
1249 4798 1355 4836 non
1402 4782 1695 4852 permittit:
1738 4791 1793 4838 et
1838 4800 1932 4853 per

341 4888 569 4944 utraque
597 4875 736 4930 Deus
757 4875 982 4929 salutem
1015 4883 1252 4928 nostram
1282 4874 1534 4943 diSponit.
1559 4872 1690 4928 Nam
1736 4886 1790 4930 et
1818 4891 1934 4929 ma-

334 4971 600 5037 gistratus
634 4968 749 5035 ipse
790 4967 1039 5037 armavit,
1090 4976 1148 5020 ut
1198 4966 1535 5020 lascivientes
1580 4975 1850 5022 terreant:
1878 4980 1931 5023 et

335 5036 652 5112 sacerdotes
678 5058 791 5127 ipse
821 5036 1001 5126 elegit,
1058 5065 1116 5111 ut
1167 5056 1411 5110 dolentes
1452 5058 1841 5111 consolentur:
1875 5068 1931 5114 et

338 5149 460 5204 hzec
479 5158 707 5219 utraque
736 5156 858 5218 post
877 5146 1203 5217 Scripturas,
1230 5146 1342 5217 ipsa
1365 5147 1528 5202 etiam
1557 5164 1735 5203 rerum
1760 5166 1925 5219 expc-

336 5241 535 5297 rieutia
562 5239 720 5294 docet
744 5240 790 5291 ¹.
823 5238 879 5293 Si
910 5239 1052 5294 enim
1078 5253 1199 5294 cum
1226 5253 1333 5293 non
1355 5238 1608 5293 deessent
1646 5244 1930 5310 magistra-

335 5347 450 5399 tus,
480 5344 533 5389 et
560 5334 758 5388 milites
783 5333 835 5386 in
854 5332 1020 5387 armis
1039 5343 1237 5403 praesto
1253 5343 1451 5397 essent,
1476 5334 1621 5388 furor
1639 5350 1927 5404 paucorum

334 5427 620 5483 hominum
653 5426 1074 5495 promiscuorum
1098 5434 1152 5481 et
1178 5424 1503 5480 advenarum
1545 5429 1690 5483 brevi
1719 5436 1928 5500 tempo-

334 5526 413 5577 ris
441 5529 722 5576 momento
752 5529 955 5574 tantum
976 5520 1450 5577 nobisincendium
1475 5523 1617 5590 l’ccit,
1646 5534 1700 5579 et
1728 5534 1925 5579 tantam

336 5611 591 5668 excitavit
617 5610 927 5680 procellam,
954 5609 1097 5665 etde
1125 5611 1401 5682 naufragio
1430 5623 1653 5669 cunctos
1688 5624 1928 5671 metuere

402 5764 421 5799 ³
463 5764 651 5828 Aliquot
675 5772 781 5817 uss.
810 5780 822 5815 :
853 5765 1158 5827 Experiamur
1181 5766 1371 5818 cltum“.

2046 1812 2341 1881 compulit:
2373 1811 2417 1865 si
2450 1813 2855 1881 magistratuum
2900 1822 3074 1865 metus
3118 1810 3339 1865 omnino
3386 1809 3630 1865 sublatus

2046 1904 2230 1958 fuisset
2250 1944 2264 1967 ,
2293 1902 2358 1957 ad
2384 1903 2507 1973 quid
2538 1904 2730 1957 furoris
2760 1904 2845 1958 isti
2876 1919 2979 1957 non
3020 1902 3339 1957 venissent?
3378 1917 3556 1956 nonne
3599 1918 3629 1955 a

2048 1995 2411 2050 fundamentis
2434 1995 2572 2050 hanc
2595 1997 2749 2050 nobis
2776 1996 2961 2050 urbem
2993 1995 3339 2059 evertissent,
3371 2004 3427 2051 et
3453 1995 3630 2050 omnia

2045 2085 2451 2149 confundentes,
2490 2087 2632 2156 ipsas
2659 2086 2872 2140 demum
2899 2086 3107 2140 animas
3130 2096 3339 2139 nostras
3366 2085 3621 2140 abstulis-

2043 2176 2201 2230 sent?
2227 2175 2281 2231 Si
2304 2178 2447 2231 enim
2472 2176 2741 2245 judicialia
2767 2176 3048 2231 sustuleris
3070 2175 3372 2240 tribunalia,
3406 2190 3623 2231 omnem

2043 2267 2165 2320 vita:
2194 2277 2390 2320 nostra:
2420 2267 2660 2320 ordinem
2684 2265 2967 2319 sustuleris
2993 2281 3005 2317 :
3038 2273 3093 2319 et
3126 2265 3263 2318 sicut
3283 2265 3326 2317 si
3357 2264 3621 2334 guberna-

2046 2364 2214 2413 torem
2246 2376 2274 2410 a
2302 2359 2422 2410 navi
2455 2355 2813 2426 separaveris,
2842 2355 3095 2423 scapham
3149 2354 3528 2417 submerseris,
3575 2363 3629 2407 et

2042 2450 2086 2502 si
2114 2448 2303 2503 ducem
2328 2448 2395 2502 ab
2424 2449 2662 2501 exercitu
2692 2446 2999 2511 abduxeris,
3025 2446 3233 2499 vinctos
3259 2446 3498 2500 hosﬁbus
3524 2453 3631 2498 tra.

2041 2541 2240 2595 didcris
2270 2541 2470 2595 milites
2494 2558 2506 2592 :
2537 2540 2607 2594 ita
2634 2541 2677 2593 si
2703 2540 3045 2609 magistratus
3069 2539 3135 2592 de
3155 2537 3459 2592 civitatibus
3508 2538 3629 2592 abs-

2044 2635 2251 2698 tuleris,
2308 2632 2437 2689 ieris
2477 2632 2936 2687 irrationabilibos
2988 2630 3158 2700 magis
3202 2628 3627 2683 irrationabilem

2042 2728 2296 2798 degentes
2322 2727 2503 2789 vitam,
2540 2726 2682 2781 inter
2707 2739 2805 2779 nos
2831 2723 3137 2778 mordentes
3162 2732 3217 2777 ct
3242 2736 3339 2774 nos
3364 2721 3626 2775 devorano

2042 2830 2142 2885 tes,
2166 2818 2538 2888 pauperiorem
2557 2818 2728 2881 dives,
2761 2815 3113 2870 inﬁrmiorem
3143 2810 3434 2883 potentior,
3468 2826 3623 2863 man-

2040 2913 2333 2966 suetiorem
2363 2911 2639 2965 audacior.
2674 2909 2779 2964 Sed
2813 2907 3002 2962 horum
3034 2906 3168 2961 nihil
3212 2919 3355 2959 nunc
3398 2913 3483 2957 est
3525 2918 3623 2973 per

2046 3004 2134 3057 Dei
2164 3004 2387 3073 gratiam
2413 3020 2426 3056 :
2458 3002 2509 3055 in
2540 2999 2800 3071 religione
2829 2998 2973 3054 enim
3021 2998 3261 3051 viventes
3316 2994 3444 3048 nihil
3491 3009 3625 3062 opus

2038 3092 2232 3148 horum
2263 3094 2456 3149 habent
2482 3093 2860 3148 correctione:
2909 3087 3060 3143 Iusta
3093 3091 3237 3145 enim
3276 3086 3359 3142 lea:
3401 3101 3500 3139 nou
3554 3093 3625 3137 eu

2042 3186 2225 3255 posita,
2258 3184 2539 3254 inquit(l.
2564 3183 2699 3237 Tim.
2730 3184 2781 3236 ι.
2809 3182 2886 3252 9).
2943 3179 3091 3235 Multi
3143 3194 3275 3233 vero
3320 3176 3387 3231 ad
3434 3176 3622 3229 vitium

2039 3287 2365 3346 Spectantes,
2397 3276 2497 3330 nisi
2519 3278 2659 3329 hunc
2682 3274 3051 3329 innuiuentem
3074 3271 3319 3326 timoretn
3341 3269 3622 3328 haberent.

2041 3368 2263 3424 infinitis
2333 3368 2516 3438 utique
2574 3366 2727 3420 ntalls
2796 3365 3039 3419 civitates
3093 3362 3450 3431 implessent,
3504 3373 3624 3428 qua:

2040 3458 2235 3513 Paulus
2256 3473 2466 3527 quoque
2490 3473 2815 3525 cognoscens
2837 3456 3047 3509 dicebat
3070 3470 3083 3505 :
3122 3452 3240 3507 Non
3262 3452 3394 3504 enim
3422 3458 3492 3503 est
3522 3465 3620 3519 po-

2038 3559 2208 3613 testas,
2238 3550 2333 3602 nisi
2355 3567 2384 3601 α
2410 3549 2513 3601 Deo
2535 3565 2553 3602 :
2576 3559 2621 3602 et
2651 3564 2763 3617 qua:
2785 3556 2901 3601 sunt
2930 3555 3214 3613 potestates,
3262 3560 3293 3595 a
3321 3541 3428 3594 Deo
3482 3538 3623 3593 ordi-

2039 3655 2173 3696 nata:
2195 3653 2308 3696 sum
2330 3645 2345 3708 (
2366 3643 2516 3696 Rom.
2553 3643 2639 3695 13.
2671 3642 2745 3711 1).
2774 3640 2923 3705 Quod
2954 3638 3097 3693 enim
3144 3639 3198 3691 in
3246 3635 3493 3689 domibus
3546 3632 3619 3685 fa-

2037 3736 2183 3789 ciunt
2226 3735 2488 3801 lignorum
2539 3731 2980 3801 contignationes,
3033 3729 3134 3781 hoc
3187 3725 3524 3794 magistratus
3567 3722 3621 3776 in

2037 3826 2377 3881 civitatibus:
2410 3837 2461 3878 et
2488 3825 2619 3877 sicut
2649 3824 2693 3876 si
2724 3823 2840 3876 illas
2860 3820 3159 3883 sustuleris,
3192 3815 3430 3870 dissoluti
3451 3813 3624 3883 parie-

2039 3928 2117 3972 tes
2142 3934 2234 3987 per
2254 3933 2372 3971 sese
2400 3925 2657 3970 corrmmt
2686 3933 2699 3967 :
2732 3914 2803 3967 ita
2852 3913 2895 3967 si
2945 3927 3009 3964 ex
3060 3909 3259 3964 mundo
3283 3907 3625 3976 magistratus

2040 4010 2192 4065 tollas
2208 4018 2261 4064 et
2283 4008 2471 4062 horum
2501 4018 2722 4071 metum,
2751 4014 2805 4059 et
2829 4003 3018 4058 domus
3042 4012 3093 4055 et
3122 4000 3365 4055 civitates
3392 4006 3447 4052 et
3485 4011 3621 4066 gen-

2039 4111 2116 4155 tes
2137 4115 2258 4155 cum
2288 4101 2449 4155 multa
2480 4099 2619 4153 inter
2643 4111 2701 4152 se
2723 4096 2934 4151 licentia
2958 4100 3232 4154 corruent,
3270 4088 3485 4144 nemine
3504 4086 3621 4141 exi-

2037 4201 2210 4247 stente
2238 4192 2326 4262 qui
2353 4192 2625 4245 contineat
2647 4202 2699 4244 et
2730 4188 2973 4257 repellat,
3004 4195 3059 4240 et
3090 4200 3261 4255 parua.-
3291 4183 3482 4236 tintore
3525 4196 3620 4234 eos

2037 4284 2319 4353 quiescere
2344 4282 2679 4353 persuadeat.

2106 4372 2476 4428 Erumnarum
2503 4371 2708 4426 utilitas.
2734 4367 2883 4423 —Ne
2908 4367 3065 4438 igitur
3083 4365 3380 4431 doleamus,
3423 4362 3621 4425 dilecti,

2037 4477 2251 4536 propter
2271 4464 2670 4535 magistratuum
2699 4471 2929 4525 metum;
2957 4473 3142 4513 verum
3179 4466 3235 4511 et
3279 4457 3387 4511 Deo
3424 4454 3621 4526 gratias

2035 4574 2256 4629 agamus
2280 4557 2419 4627 quod
2445 4567 2710 4625 torporetn
2735 4563 2975 4608 nostrum
3015 4549 3369 4620 corripuerit,
3419 4558 3475 4603 et
3524 4562 3622 4601 nos

2035 4650 2399 4719 diligentiores
2450 4648 2704 4703 cﬂccerit.
2750 4645 2901 4712 Quod
2958 4645 3100 4698 enim
3131 4684 3147 4707 ,
3202 4656 3417 4713 qua-so,
3464 4640 3615 4694 datu-

2037 4757 2161 4794 num
2187 4740 2380 4794 factum
2403 4750 2483 4793 est
2514 4754 2576 4792 cx
2624 4754 2751 4792 cura
2783 4746 2837 4791 et
2887 4734 3246 4790 sollicitudine
3301 4731 3439 4785 ista?
3477 4729 3616 4799 quml

2037 4834 2367 4885 honestiores
2393 4830 2513 4884 iacti
2560 4829 2727 4883 sitntts
2769 4837 2823 4881 et
2859 4824 3280 4880 mansuetiores?
3308 4820 3447 4891 quod
3495 4819 3617 4872 dili-

2035 4923 2306 4995 gentiores
2336 4933 2389 4976 et
2414 4921 2771 4976 attentiores?
2796 4920 2934 4989 quod
2962 4920 3167 4974 ebrium
3214 4925 3268 4969 et
3316 4912 3617 4968 meretricia

2034 5028 2313 5071 canentem
2342 5016 2546 5069 cantica
2598 5014 2873 5069 videmnus
2902 5011 3209 5065 neminem?
3237 5005 3379 5075 quod
3419 5002 3617 5073 suppli-

2035 5109 2589 5187 (xttioucs'continuze,
2621 5118 2672 5161 et
2700 5107 2950 5177 lacryma:
2976 5112 3032 5156 et
3055 5100 3279 5171 preces?
3310 5097 3451 5169 quod
3475 5098 3617 5152 risus

2035 5203 2389 5270 importunus,
2413 5211 2467 5255 et
2492 5200 2664 5269 turpia
2685 5199 2866 5263 verba,
2889 5205 2943 5249 et
2967 5194 3138 5247 omnis
3162 5190 3374 5245 lascivia
3397 5188 3616 5259 expulsa

2035 5295 2123 5358 sit,
2147 5302 2200 5346 et
2227 5293 2504 5346 mulierem
2533 5290 2828 5344 modestam
2877 5297 2930 5342 et
2958 5285 3178 5341 liberam
3205 5282 3393 5337 civitas
3436 5290 3623 5339 nostra

2036 5397 2143 5442 tota
2175 5402 2315 5441 nunc
2334 5383 2607 5439 imitetur?
2638 5391 2854 5452 propter
2875 5380 2990 5434 hazc
3010 5376 3201 5432 doles?
3229 5375 3367 5445 Quin
3389 5372 3620 5446 gaudere

2037 5487 2251 5549 promer
2276 5478 2391 5532 hmc
2415 5487 2468 5531 ct
2496 5477 2605 5531 Deo
2623 5474 2824 5545 gratias
2849 5487 3007 5544 agere
3034 5471 3202 5540 magis
3218 5477 3450 5539 Oportet,
3477 5465 3618 5536 quod

2037 5579 2236 5625 tantam
2262 5568 2538 5623 mollitiem
2573 5581 2858 5635 paucorum
2888 5564 3093 5619 diermu
3121 5559 3408 5616 formidine
3443 5556 3619 5612 resol-

2037 5665 2191 5718 \erit.
2223 5662 2338 5718 Non
2362 5678 2519 5731 nego,
2548 5660 2753 5732 inquit;
2785 5658 2880 5713 sed
2925 5657 2970 5711 si
2997 5656 3062 5710 ad
3090 5665 3287 5709 metum
3311 5665 3477 5720 usque
3497 5659 3616 5702 tan-

2036 5769 2143 5812 tum
2173 5755 2614 5826 pcriclitaremur,
2665 5752 2794 5810 satis
2822 5764 3063 5808 essemus
3085 5746 3325 5802 utilitatis
3378 5739 3563 5797 luenti
3596 5754 3615 5792 :
