  <div class='ocr_page' id='page_1' title='image "/cluster/home/n/w/nwhite01/storage/ocr_20150623/49/hvd.32044054086806/083.png"; bbox 0 0 4074 6218; ppageno 0'>
   <div class='ocr_carea' id='block_1_1' title="bbox 479 285 3743 408">
    <p class='ocr_par' dir='ltr' id='par_1_1' title="bbox 479 285 3743 408">
     <span class='ocr_line' id='line_1_1' title="bbox 479 285 3743 408; baseline 0.022 -71"><span class='ocrx_word' id='word_1_1' title='bbox 479 285 546 338; x_wconf 79' lang='grc'><strong>85</strong></span> <span class='ocrx_word' id='word_1_2' title='bbox 1197 292 1248 350; x_wconf 93' lang='lat' dir='ltr'><strong>S.</strong></span> <span class='ocrx_word' id='word_1_3' title='bbox 1292 294 1570 358; x_wconf 81' lang='lat' dir='ltr'><strong>JOANNIS</strong></span> <span class='ocrx_word' id='word_1_4' title='bbox 1605 302 2078 368; x_wconf 76' lang='lat' dir='ltr'><strong>CHRYSOSTOMI</strong></span> <span class='ocrx_word' id='word_1_5' title='bbox 2115 317 2428 380; x_wconf 77' lang='lat' dir='ltr'><strong>ARCHIEP.</strong></span> <span class='ocrx_word' id='word_1_6' title='bbox 2469 326 2995 391; x_wconf 78' lang='lat' dir='ltr'><strong>CONSTANTINOP.</strong></span> <span class='ocrx_word' id='word_1_7' title='bbox 3669 355 3743 408; x_wconf 70' lang='grc' dir='ltr'>ει</span> 
     </span>
    </p>
   </div>
   <div class='ocr_carea' id='block_1_2' title="bbox 477 394 2056 490">
    <p class='ocr_par' dir='ltr' id='par_1_2' title="bbox 477 394 2056 490">
     <span class='ocr_line' id='line_1_2' title="bbox 477 394 2056 490; baseline 0.023 -45"><span class='ocrx_word' id='word_1_8' title='bbox 477 407 618 446; x_wconf 87' lang='lat' dir='ltr'><strong>mmc</strong></span> <span class='ocrx_word' id='word_1_9' title='bbox 650 409 776 448; x_wconf 85' lang='lat' dir='ltr'><strong>vero</strong></span> <span class='ocrx_word' id='word_1_10' title='bbox 805 394 1052 454; x_wconf 87' lang='lat' dir='ltr'><strong>timemus</strong></span> <span class='ocrx_word' id='word_1_11' title='bbox 1083 417 1150 455; x_wconf 89' lang='lat' dir='ltr'><strong>ne</strong></span> <span class='ocrx_word' id='word_1_12' title='bbox 1189 405 1410 463; x_wconf 89' lang='lat' dir='ltr'><strong>ulterius</strong></span> <span class='ocrx_word' id='word_1_13' title='bbox 1433 411 1627 467; x_wconf 90' lang='lat' dir='ltr'><strong>malum</strong></span> <span class='ocrx_word' id='word_1_14' title='bbox 1660 420 1946 490; x_wconf 87' lang='lat' dir='ltr'><strong>procedat,</strong></span> <span class='ocrx_word' id='word_1_15' title='bbox 2001 435 2056 482; x_wconf 89' lang='lat' dir='ltr'><strong>et</strong></span> 
     </span>
    </p>
   </div>
   <div class='ocr_carea' id='block_1_3' title="bbox 475 484 2056 577">
    <p class='ocr_par' dir='ltr' id='par_1_3' title="bbox 475 484 2056 577">
     <span class='ocr_line' id='line_1_3' title="bbox 475 484 2056 577; baseline 0.023 -43"><span class='ocrx_word' id='word_1_16' title='bbox 475 484 541 536; x_wconf 91' lang='lat' dir='ltr'><strong>de</strong></span> <span class='ocrx_word' id='word_1_17' title='bbox 573 485 772 539; x_wconf 75' lang='lat' dir='ltr'><strong>ultimis</strong></span> <span class='ocrx_word' id='word_1_18' title='bbox 800 488 1165 555; x_wconf 73' lang='lat' dir='ltr'><strong>periclitemur</strong></span> <span class='ocrx_word' id='word_1_19' title='bbox 1190 510 1394 552; x_wconf 88' lang='lat' dir='ltr'><strong>omnes.</strong></span> <span class='ocrx_word' id='word_1_20' title='bbox 1420 499 1523 556; x_wconf 90' lang='lat' dir='ltr'><strong>Sed</strong></span> <span class='ocrx_word' id='word_1_21' title='bbox 1554 520 1622 560; x_wconf 90' lang='lat' dir='ltr'><strong>ne</strong></span> <span class='ocrx_word' id='word_1_22' title='bbox 1645 484 1894 577; x_wconf 89' lang='lat' dir='ltr'><strong>timeatis,</strong></span> <span class='ocrx_word' id='word_1_23' title='bbox 1921 514 2056 570; x_wconf 84' lang='lat' dir='ltr'><strong>Pau-</strong></span> 
     </span>
    </p>
   </div>
   <div class='ocr_carea' id='block_1_4' title="bbox 477 575 2056 672">
    <p class='ocr_par' dir='ltr' id='par_1_4' title="bbox 477 575 2056 672">
     <span class='ocr_line' id='line_1_4' title="bbox 477 575 2056 672; baseline 0.027 -53"><span class='ocrx_word' id='word_1_24' title='bbox 477 575 558 628; x_wconf 81' lang='lat' dir='ltr'><strong>lus</strong></span> <span class='ocrx_word' id='word_1_25' title='bbox 578 593 668 629; x_wconf 79' lang='lat' dir='ltr'><strong>vos</strong></span> <span class='ocrx_word' id='word_1_26' title='bbox 699 580 1008 638; x_wconf 74' lang='lat' dir='ltr'><strong>coiisolatur</strong></span> <span class='ocrx_word' id='word_1_27' title='bbox 1032 584 1217 640; x_wconf 89' lang='lat' dir='ltr'><strong>dicens</strong></span> <span class='ocrx_word' id='word_1_28' title='bbox 1244 607 1257 644; x_wconf 93' lang='lat'>:</span> <span class='ocrx_word' id='word_1_29' title='bbox 1292 589 1485 648; x_wconf 76' lang='lat' dir='ltr'><strong>Fidelis</strong></span> <span class='ocrx_word' id='word_1_30' title='bbox 1507 606 1578 648; x_wconf 85' lang='lat' dir='ltr'><strong>est</strong></span> <span class='ocrx_word' id='word_1_31' title='bbox 1621 597 1778 667; x_wconf 85' lang='lat' dir='ltr'><strong>Deus,</strong></span> <span class='ocrx_word' id='word_1_32' title='bbox 1826 605 1912 672; x_wconf 88' lang='lat' dir='ltr'><strong>qui</strong></span> <span class='ocrx_word' id='word_1_33' title='bbox 1955 623 2056 661; x_wconf 82' lang='lat' dir='ltr'><strong>non</strong></span> 
     </span>
    </p>
   </div>
   <div class='ocr_carea' id='block_1_5' title="bbox 471 667 2056 758">
    <p class='ocr_par' dir='ltr' id='par_1_5' title="bbox 471 667 2056 758">
     <span class='ocr_line' id='line_1_5' title="bbox 471 667 2056 758; baseline 0.021 -41"><span class='ocrx_word' id='word_1_34' title='bbox 471 667 596 717; x_wconf 78' lang='lat' dir='ltr'><strong>sinet</strong></span> <span class='ocrx_word' id='word_1_35' title='bbox 625 683 706 719; x_wconf 80' lang='lat' dir='ltr'><strong>vos</strong></span> <span class='ocrx_word' id='word_1_36' title='bbox 733 673 912 722; x_wconf 80' lang='lat' dir='ltr'><strong>(cnturi</strong></span> <span class='ocrx_word' id='word_1_37' title='bbox 938 676 1050 740; x_wconf 83' lang='lat' dir='ltr'><strong>plus</strong></span> <span class='ocrx_word' id='word_1_38' title='bbox 1072 694 1222 746; x_wconf 83' lang='lat' dir='ltr'><strong>quam</strong></span> <span class='ocrx_word' id='word_1_39' title='bbox 1247 685 1470 748; x_wconf 74' lang='lat' dir='ltr'><strong>potestis,</strong></span> <span class='ocrx_word' id='word_1_40' title='bbox 1522 687 1610 739; x_wconf 81' lang='lat' dir='ltr'><strong>sed</strong></span> <span class='ocrx_word' id='word_1_41' title='bbox 1655 692 1800 758; x_wconf 78' lang='lat' dir='ltr'><strong>faciet</strong></span> <span class='ocrx_word' id='word_1_42' title='bbox 1851 706 1899 748; x_wconf 84' lang='lat' dir='ltr'><strong>et</strong></span> <span class='ocrx_word' id='word_1_43' title='bbox 1942 714 2056 750; x_wconf 87' lang='lat' dir='ltr'><strong>cum</strong></span> 
     </span>
    </p>
   </div>
   <div class='ocr_carea' id='block_1_6' title="bbox 476 759 2047 852">
    <p class='ocr_par' dir='ltr' id='par_1_6' title="bbox 476 759 2047 852">
     <span class='ocr_line' id='line_1_6' title="bbox 476 759 2047 852; baseline 0.022 -46"><span class='ocrx_word' id='word_1_44' title='bbox 476 759 747 810; x_wconf 70' lang='lat' dir='ltr'><strong>tmtutione</strong></span> <span class='ocrx_word' id='word_1_45' title='bbox 776 775 1086 827; x_wconf 80' lang='lat' dir='ltr'><strong>prot‘cutum,</strong></span> <span class='ocrx_word' id='word_1_46' title='bbox 1118 777 1169 818; x_wconf 83' lang='lat' dir='ltr'><strong>ut</strong></span> <span class='ocrx_word' id='word_1_47' title='bbox 1214 774 1413 840; x_wconf 74' lang='lat' dir='ltr'><strong>possitis</strong></span> <span class='ocrx_word' id='word_1_48' title='bbox 1439 775 1651 840; x_wconf 73' lang='lat' dir='ltr'><strong>sufferre</strong></span> <span class='ocrx_word' id='word_1_49' title='bbox 1681 779 1754 852; x_wconf 93' lang='grc'><strong>(1.</strong></span> <span class='ocrx_word' id='word_1_50' title='bbox 1781 782 1898 836; x_wconf 78' lang='lat' dir='ltr'><strong>Cor.</strong></span> <span class='ocrx_word' id='word_1_51' title='bbox 1960 787 2047 842; x_wconf 82' lang='grc'><strong>10.</strong></span> 
     </span>
    </p>
   </div>
   <div class='ocr_carea' id='block_1_7' title="bbox 476 845 2052 939">
    <p class='ocr_par' dir='ltr' id='par_1_7' title="bbox 476 845 2052 939">
     <span class='ocr_line' id='line_1_7' title="bbox 476 845 2052 939; baseline 0.023 -43"><span class='ocrx_word' id='word_1_52' title='bbox 476 849 581 913; x_wconf 75' lang='grc'><strong>15).</strong></span> <span class='ocrx_word' id='word_1_53' title='bbox 617 845 737 916; x_wconf 77' lang='lat' dir='ltr'><strong>Ipse</strong></span> <span class='ocrx_word' id='word_1_54' title='bbox 764 853 891 904; x_wconf 84' lang='lat' dir='ltr'><strong>enim</strong></span> <span class='ocrx_word' id='word_1_55' title='bbox 917 855 1062 918; x_wconf 67' lang='lat' dir='ltr'><strong>dixit,</strong></span> <span class='ocrx_word' id='word_1_56' title='bbox 1098 856 1218 911; x_wconf 82' lang='lat' dir='ltr'><strong>Non</strong></span> <span class='ocrx_word' id='word_1_57' title='bbox 1241 869 1286 912; x_wconf 84' lang='lat' dir='ltr'><strong>te</strong></span> <span class='ocrx_word' id='word_1_58' title='bbox 1313 865 1581 930; x_wconf 77' lang='lat' dir='ltr'><strong>dimittam,</strong></span> <span class='ocrx_word' id='word_1_59' title='bbox 1602 885 1756 939; x_wconf 82' lang='lat' dir='ltr'><strong>neque</strong></span> <span class='ocrx_word' id='word_1_60' title='bbox 1772 882 1818 926; x_wconf 86' lang='lat' dir='ltr'><strong>te</strong></span> <span class='ocrx_word' id='word_1_61' title='bbox 1837 875 2052 932; x_wconf 84' lang='lat' dir='ltr'><strong>derelin-</strong></span> 
     </span>
    </p>
   </div>
   <div class='ocr_carea' id='block_1_8' title="bbox 472 937 2052 1032">
    <p class='ocr_par' dir='ltr' id='par_1_8' title="bbox 472 937 2052 1032">
     <span class='ocr_line' id='line_1_8' title="bbox 472 937 2052 1032; baseline 0.024 -48"><span class='ocrx_word' id='word_1_62' title='bbox 472 938 664 1006; x_wconf 75' lang='grc' dir='ltr'>ψιιιηι(</span> <span class='ocrx_word' id='word_1_63' title='bbox 697 937 850 992; x_wconf 63' lang='grc' dir='ltr'><strong>Πάν.</strong></span> <span class='ocrx_word' id='word_1_64' title='bbox 891 944 1058 1006; x_wconf 72' lang='lat'><strong>15.5;</strong></span> <span class='ocrx_word' id='word_1_65' title='bbox 1101 944 1253 1000; x_wconf 68' lang='lat' dir='ltr'><strong>om.</strong></span> <span class='ocrx_word' id='word_1_66' title='bbox 1286 951 1374 1007; x_wconf 75' lang='grc' dir='ltr'><strong>δι.</strong></span> <span class='ocrx_word' id='word_1_67' title='bbox 1404 953 1468 1018; x_wconf 86' lang='lat'><strong>6;</strong></span> <span class='ocrx_word' id='word_1_68' title='bbox 1500 956 1614 1010; x_wconf 84' lang='lat' dir='ltr'><strong>Jos.</strong></span> <span class='ocrx_word' id='word_1_69' title='bbox 1648 937 1697 1012; x_wconf 81' lang='grc' dir='ltr'>ι.</span> <span class='ocrx_word' id='word_1_70' title='bbox 1726 963 1800 1032; x_wconf 77' lang='grc'><strong>5).</strong></span> <span class='ocrx_word' id='word_1_71' title='bbox 1831 966 1884 1018; x_wconf 80' lang='lat' dir='ltr'><strong>si</strong></span> <span class='ocrx_word' id='word_1_72' title='bbox 1912 970 2052 1022; x_wconf 90' lang='lat' dir='ltr'><strong>enim</strong></span> 
     </span>
    </p>
   </div>
   <div class='ocr_carea' id='block_1_9' title="bbox 475 1027 2050 1121">
    <p class='ocr_par' dir='ltr' id='par_1_9' title="bbox 475 1027 2050 1121">
     <span class='ocr_line' id='line_1_9' title="bbox 475 1027 2050 1121; baseline 0.023 -46"><span class='ocrx_word' id='word_1_73' title='bbox 475 1027 634 1080; x_wconf 84' lang='lat' dir='ltr'><strong>telnts</strong></span> <span class='ocrx_word' id='word_1_74' title='bbox 667 1029 792 1095; x_wconf 80' lang='lat' dir='ltr'><strong>ipsis</strong></span> <span class='ocrx_word' id='word_1_75' title='bbox 821 1033 1082 1102; x_wconf 86' lang='lat' dir='ltr'><strong>castigare</strong></span> <span class='ocrx_word' id='word_1_76' title='bbox 1108 1039 1290 1104; x_wconf 84' lang='lat' dir='ltr'><strong>vellet,</strong></span> <span class='ocrx_word' id='word_1_77' title='bbox 1323 1051 1376 1095; x_wconf 87' lang='lat' dir='ltr'><strong>et</strong></span> <span class='ocrx_word' id='word_1_78' title='bbox 1402 1046 1661 1103; x_wconf 84' lang='lat' dir='ltr'><strong>malorum</strong></span> <span class='ocrx_word' id='word_1_79' title='bbox 1685 1055 2012 1121; x_wconf 78' lang='lat' dir='ltr'><strong>experientia</strong></span> <span class='ocrx_word' id='word_1_80' title='bbox 2037 1101 2050 1120; x_wconf 86' lang='lat'><strong>,</strong></span> 
     </span>
    </p>
   </div>
   <div class='ocr_carea' id='block_1_10' title="bbox 469 1121 2050 1219">
    <p class='ocr_par' dir='ltr' id='par_1_10' title="bbox 469 1121 2050 1219">
     <span class='ocr_line' id='line_1_10' title="bbox 469 1121 2050 1219; baseline 0.021 -47"><span class='ocrx_word' id='word_1_81' title='bbox 469 1132 576 1172; x_wconf 78' lang='lat' dir='ltr'><strong>ton</strong></span> <span class='ocrx_word' id='word_1_82' title='bbox 605 1127 681 1173; x_wconf 89' lang='lat' dir='ltr'><strong>tot</strong></span> <span class='ocrx_word' id='word_1_83' title='bbox 710 1121 897 1178; x_wconf 87' lang='lat' dir='ltr'><strong>dielms</strong></span> <span class='ocrx_word' id='word_1_84' title='bbox 931 1141 1025 1178; x_wconf 92' lang='lat' dir='ltr'><strong>nos</strong></span> <span class='ocrx_word' id='word_1_85' title='bbox 1051 1128 1227 1184; x_wconf 86' lang='lat' dir='ltr'><strong>timori</strong></span> <span class='ocrx_word' id='word_1_86' title='bbox 1258 1133 1562 1192; x_wconf 89' lang='lat' dir='ltr'><strong>tradidisset</strong></span> <span class='ocrx_word' id='word_1_87' title='bbox 1587 1159 1599 1194; x_wconf 93' lang='lat'>:</span> <span class='ocrx_word' id='word_1_88' title='bbox 1629 1158 1749 1196; x_wconf 92' lang='lat' dir='ltr'><strong>cum</strong></span> <span class='ocrx_word' id='word_1_89' title='bbox 1779 1149 1922 1202; x_wconf 89' lang='lat' dir='ltr'><strong>enim</strong></span> <span class='ocrx_word' id='word_1_90' title='bbox 1952 1167 2050 1219; x_wconf 86' lang='lat' dir='ltr'><strong>pu-</strong></span> 
     </span>
    </p>
   </div>
   <div class='ocr_carea' id='block_1_11' title="bbox 473 1210 2050 1303">
    <p class='ocr_par' dir='ltr' id='par_1_11' title="bbox 473 1210 2050 1303">
     <span class='ocr_line' id='line_1_11' title="bbox 473 1210 2050 1303; baseline 0.022 -44"><span class='ocrx_word' id='word_1_91' title='bbox 473 1210 588 1264; x_wconf 69' lang='lat' dir='ltr'><strong>iire</strong></span> <span class='ocrx_word' id='word_1_92' title='bbox 639 1212 885 1274; x_wconf 85' lang='lat' dir='ltr'><strong>noluerit,</strong></span> <span class='ocrx_word' id='word_1_93' title='bbox 920 1225 1112 1284; x_wconf 89' lang='lat' dir='ltr'><strong>terret;</strong></span> <span class='ocrx_word' id='word_1_94' title='bbox 1144 1225 1394 1290; x_wconf 89' lang='lat' dir='ltr'><strong>quoniam</strong></span> <span class='ocrx_word' id='word_1_95' title='bbox 1450 1229 1492 1281; x_wconf 91' lang='lat' dir='ltr'><strong>si</strong></span> <span class='ocrx_word' id='word_1_96' title='bbox 1543 1235 1820 1299; x_wconf 82' lang='lat' dir='ltr'><strong>puniturus</strong></span> <span class='ocrx_word' id='word_1_97' title='bbox 1873 1249 2050 1303; x_wconf 88' lang='lat' dir='ltr'><strong>esset,</strong></span> 
     </span>
    </p>
   </div>
   <div class='ocr_carea' id='block_1_12' title="bbox 475 1303 2054 1386">
    <p class='ocr_par' dir='ltr' id='par_1_12' title="bbox 475 1303 2054 1386">
     <span class='ocr_line' id='line_1_12' title="bbox 475 1303 2054 1386; baseline 0.021 -34"><span class='ocrx_word' id='word_1_98' title='bbox 475 1303 633 1355; x_wconf 84' lang='lat' dir='ltr'><strong>timor</strong></span> <span class='ocrx_word' id='word_1_99' title='bbox 658 1315 800 1360; x_wconf 85' lang='lat' dir='ltr'><strong>esset</strong></span> <span class='ocrx_word' id='word_1_100' title='bbox 828 1309 1149 1376; x_wconf 85' lang='lat' dir='ltr'><strong>superﬂuus,</strong></span> <span class='ocrx_word' id='word_1_101' title='bbox 1181 1317 1466 1384; x_wconf 64' lang='lat' dir='ltr'><strong>superﬂua:</strong></span> <span class='ocrx_word' id='word_1_102' title='bbox 1497 1324 1675 1378; x_wconf 69' lang='lat' dir='ltr'><strong>minae.</strong></span> <span class='ocrx_word' id='word_1_103' title='bbox 1723 1327 1874 1383; x_wconf 87' lang='lat' dir='ltr'><strong>Nunc</strong></span> <span class='ocrx_word' id='word_1_104' title='bbox 1925 1348 2054 1386; x_wconf 85' lang='lat' dir='ltr'><strong>vero</strong></span> 
     </span>
    </p>
   </div>
   <div class='ocr_carea' id='block_1_13' title="bbox 473 1393 2056 1489">
    <p class='ocr_par' dir='ltr' id='par_1_13' title="bbox 473 1393 2056 1489">
     <span class='ocr_line' id='line_1_13' title="bbox 473 1393 2056 1489; baseline 0.021 -45"><span class='ocrx_word' id='word_1_105' title='bbox 473 1393 764 1450; x_wconf 82' lang='lat' dir='ltr'><strong>itmumeris</strong></span> <span class='ocrx_word' id='word_1_106' title='bbox 793 1401 1056 1454; x_wconf 85' lang='lat' dir='ltr'><strong>mortibus</strong></span> <span class='ocrx_word' id='word_1_107' title='bbox 1080 1407 1379 1473; x_wconf 76' lang='lat' dir='ltr'><strong>graviorem</strong></span> <span class='ocrx_word' id='word_1_108' title='bbox 1405 1413 1564 1466; x_wconf 85' lang='lat' dir='ltr'><strong>vitam</strong></span> <span class='ocrx_word' id='word_1_109' title='bbox 1587 1419 1956 1489; x_wconf 81' lang='lat' dir='ltr'><strong>sustinuimus,</strong></span> <span class='ocrx_word' id='word_1_110' title='bbox 1979 1434 2056 1478; x_wconf 88' lang='lat' dir='ltr'><strong>tot</strong></span> 
     </span>
    </p>
   </div>
   <div class='ocr_carea' id='block_1_14' title="bbox 467 1483 2050 1576">
    <p class='ocr_par' dir='ltr' id='par_1_14' title="bbox 467 1483 2050 1576">
     <span class='ocr_line' id='line_1_14' title="bbox 467 1483 2050 1576; baseline 0.025 -46"><span class='ocrx_word' id='word_1_111' title='bbox 467 1483 656 1536; x_wconf 75' lang='lat' dir='ltr'><strong>ttt€illlS</strong></span> <span class='ocrx_word' id='word_1_112' title='bbox 679 1487 1002 1556; x_wconf 74' lang='lat' dir='ltr'><strong>trepidantes</strong></span> <span class='ocrx_word' id='word_1_113' title='bbox 1029 1503 1084 1546; x_wconf 91' lang='lat' dir='ltr'><strong>et</strong></span> <span class='ocrx_word' id='word_1_114' title='bbox 1116 1505 1424 1558; x_wconf 88' lang='lat' dir='ltr'><strong>trementes.</strong></span> <span class='ocrx_word' id='word_1_115' title='bbox 1469 1515 1523 1558; x_wconf 90' lang='lat' dir='ltr'><strong>et</strong></span> <span class='ocrx_word' id='word_1_116' title='bbox 1551 1505 1692 1576; x_wconf 88' lang='lat' dir='ltr'><strong>ipsas</strong></span> <span class='ocrx_word' id='word_1_117' title='bbox 1717 1512 1933 1566; x_wconf 83' lang='lat' dir='ltr'><strong>umbras</strong></span> <span class='ocrx_word' id='word_1_118' title='bbox 1964 1529 2050 1569; x_wconf 88' lang='lat' dir='ltr'><strong>re-</strong></span> 
     </span>
    </p>
   </div>
   <div class='ocr_carea' id='block_1_15' title="bbox 468 1573 2054 1666">
    <p class='ocr_par' dir='ltr' id='par_1_15' title="bbox 468 1573 2054 1666">
     <span class='ocr_line' id='line_1_15' title="bbox 468 1573 2054 1666; baseline 0.022 -43"><span class='ocrx_word' id='word_1_119' title='bbox 468 1573 840 1643; x_wconf 86' lang='lat' dir='ltr'><strong>lormidantes,</strong></span> <span class='ocrx_word' id='word_1_120' title='bbox 869 1591 1028 1648; x_wconf 83' lang='lat' dir='ltr'><strong>atque</strong></span> <span class='ocrx_word' id='word_1_121' title='bbox 1057 1583 1222 1653; x_wconf 83' lang='lat' dir='ltr'><strong>ipsius</strong></span> <span class='ocrx_word' id='word_1_122' title='bbox 1242 1587 1369 1642; x_wconf 88' lang='lat' dir='ltr'><strong>Cain</strong></span> <span class='ocrx_word' id='word_1_123' title='bbox 1393 1573 1605 1660; x_wconf 68' lang='lat' dir='ltr'><strong>pinnam</strong></span> <span class='ocrx_word' id='word_1_124' title='bbox 1638 1597 1865 1666; x_wconf 80' lang='lat' dir='ltr'><strong>luentes,</strong></span> <span class='ocrx_word' id='word_1_125' title='bbox 1917 1604 1970 1656; x_wconf 90' lang='lat' dir='ltr'><strong>ct</strong></span> <span class='ocrx_word' id='word_1_126' title='bbox 2021 1619 2054 1658; x_wconf 88' lang='lat' dir='ltr'><strong>e</strong></span> 
     </span>
    </p>
   </div>
   <div class='ocr_carea' id='block_1_16' title="bbox 470 1666 2050 1757">
    <p class='ocr_par' dir='ltr' id='par_1_16' title="bbox 470 1666 2050 1757">
     <span class='ocr_line' id='line_1_16' title="bbox 470 1666 2050 1757; baseline 0.021 -43"><span class='ocrx_word' id='word_1_127' title='bbox 470 1666 648 1720; x_wconf 88' lang='lat' dir='ltr'><strong>medio</strong></span> <span class='ocrx_word' id='word_1_128' title='bbox 671 1683 860 1723; x_wconf 89' lang='lat' dir='ltr'><strong>somno</strong></span> <span class='ocrx_word' id='word_1_129' title='bbox 893 1688 999 1740; x_wconf 71' lang='lat' dir='ltr'><strong>pra:</strong></span> <span class='ocrx_word' id='word_1_130' title='bbox 1029 1679 1281 1733; x_wconf 90' lang='lat' dir='ltr'><strong>continua</strong></span> <span class='ocrx_word' id='word_1_131' title='bbox 1310 1685 1578 1739; x_wconf 75' lang='lat' dir='ltr'><strong>anxietate</strong></span> <span class='ocrx_word' id='word_1_132' title='bbox 1599 1690 1932 1757; x_wconf 79' lang='lat' dir='ltr'><strong>exsilientes,</strong></span> <span class='ocrx_word' id='word_1_133' title='bbox 1983 1695 2050 1748; x_wconf 87' lang='lat' dir='ltr'><strong>ita</strong></span> 
     </span>
    </p>
   </div>
   <div class='ocr_carea' id='block_1_17' title="bbox 470 1759 2049 1852">
    <p class='ocr_par' dir='ltr' id='par_1_17' title="bbox 470 1759 2049 1852">
     <span class='ocr_line' id='line_1_17' title="bbox 470 1759 2049 1852; baseline 0.021 -46"><span class='ocrx_word' id='word_1_134' title='bbox 470 1759 593 1810; x_wconf 88' lang='lat' dir='ltr'><strong>utsi</strong></span> <span class='ocrx_word' id='word_1_135' title='bbox 623 1759 781 1813; x_wconf 89' lang='lat' dir='ltr'><strong>etiam</strong></span> <span class='ocrx_word' id='word_1_136' title='bbox 815 1763 978 1817; x_wconf 89' lang='lat' dir='ltr'><strong>Deum</strong></span> <span class='ocrx_word' id='word_1_137' title='bbox 1030 1767 1408 1838; x_wconf 85' lang='lat' dir='ltr'><strong>irritassemus,</strong></span> <span class='ocrx_word' id='word_1_138' title='bbox 1467 1792 1609 1831; x_wconf 90' lang='lat' dir='ltr'><strong>nunc</strong></span> <span class='ocrx_word' id='word_1_139' title='bbox 1657 1789 1854 1836; x_wconf 89' lang='lat' dir='ltr'><strong>tantam</strong></span> <span class='ocrx_word' id='word_1_140' title='bbox 1913 1786 2049 1852; x_wconf 84' lang='lat' dir='ltr'><strong>paSsi</strong></span> 
     </span>
    </p>
   </div>
   <div class='ocr_carea' id='block_1_18' title="bbox 471 1853 2049 1932">
    <p class='ocr_par' dir='ltr' id='par_1_18' title="bbox 471 1853 2049 1932">
     <span class='ocr_line' id='line_1_18' title="bbox 471 1853 2049 1932; baseline 0.02 -33"><span class='ocrx_word' id='word_1_141' title='bbox 471 1863 704 1917; x_wconf 71' lang='lat' dir='ltr'><strong>poenam,</strong></span> <span class='ocrx_word' id='word_1_142' title='bbox 757 1853 1175 1914; x_wconf 87' lang='lat' dir='ltr'><strong>reddidissemus</strong></span> <span class='ocrx_word' id='word_1_143' title='bbox 1225 1865 1531 1932; x_wconf 88' lang='lat' dir='ltr'><strong>propitium.</strong></span> <span class='ocrx_word' id='word_1_144' title='bbox 1589 1870 1700 1925; x_wconf 83' lang='lat' dir='ltr'><strong>Etsi</strong></span> <span class='ocrx_word' id='word_1_145' title='bbox 1745 1876 1885 1928; x_wconf 88' lang='lat' dir='ltr'><strong>enim</strong></span> <span class='ocrx_word' id='word_1_146' title='bbox 1947 1894 2049 1930; x_wconf 90' lang='lat' dir='ltr'><strong>non</strong></span> 
     </span>
    </p>
   </div>
   <div class='ocr_carea' id='block_1_19' title="bbox 468 1941 2054 2028">
    <p class='ocr_par' dir='ltr' id='par_1_19' title="bbox 468 1941 2054 2028">
     <span class='ocr_line' id='line_1_19' title="bbox 468 1941 2054 2028; baseline 0.021 -37"><span class='ocrx_word' id='word_1_147' title='bbox 468 1941 681 2009; x_wconf 87' lang='lat' dir='ltr'><strong>digmuu</strong></span> <span class='ocrx_word' id='word_1_148' title='bbox 707 1955 925 2012; x_wconf 86' lang='lat' dir='ltr'><strong>peccato</strong></span> <span class='ocrx_word' id='word_1_149' title='bbox 955 1953 1272 2019; x_wconf 89' lang='lat' dir='ltr'><strong>supplicium</strong></span> <span class='ocrx_word' id='word_1_150' title='bbox 1301 1956 1566 2028; x_wconf 90' lang='lat' dir='ltr'><strong>dedimus,</strong></span> <span class='ocrx_word' id='word_1_151' title='bbox 1603 1963 1692 2017; x_wconf 85' lang='lat' dir='ltr'><strong>Dei</strong></span> <span class='ocrx_word' id='word_1_152' title='bbox 1723 1975 1899 2021; x_wconf 89' lang='lat' dir='ltr'><strong>tamen</strong></span> <span class='ocrx_word' id='word_1_153' title='bbox 1943 1969 2054 2024; x_wconf 85' lang='lat' dir='ltr'><strong>cle-</strong></span> 
     </span>
    </p>
   </div>
   <div class='ocr_carea' id='block_1_20' title="bbox 473 2031 924 2090">
    <p class='ocr_par' dir='ltr' id='par_1_20' title="bbox 473 2031 924 2090">
     <span class='ocr_line' id='line_1_20' title="bbox 473 2031 924 2090; baseline 0.016 -9"><span class='ocrx_word' id='word_1_154' title='bbox 473 2031 684 2084; x_wconf 70' lang='lat' dir='ltr'><strong>mentim</strong></span> <span class='ocrx_word' id='word_1_155' title='bbox 711 2035 924 2090; x_wconf 77' lang='lat' dir='ltr'><strong>sul’ticit.</strong></span> 
     </span>
    </p>
   </div>
   <div class='ocr_carea' id='block_1_21' title="bbox 537 2121 2050 2202">
    <p class='ocr_par' dir='ltr' id='par_1_21' title="bbox 537 2121 2050 2202">
     <span class='ocr_line' id='line_1_21' title="bbox 537 2121 2050 2202; baseline 0.019 -28"><span class='ocrx_word' id='word_1_156' title='bbox 537 2121 592 2174; x_wconf 76' lang='lat'><strong>9..</strong></span> <span class='ocrx_word' id='word_1_157' title='bbox 637 2123 821 2178; x_wconf 83' lang='lat' dir='ltr'><strong>Nuntii</strong></span> <span class='ocrx_word' id='word_1_158' title='bbox 841 2129 1097 2186; x_wconf 74' lang='lat' dir='ltr'><strong>seditionis</strong></span> <span class='ocrx_word' id='word_1_159' title='bbox 1123 2134 1450 2192; x_wconf 73' lang='lat' dir='ltr'><strong>Antiocheme</strong></span> <span class='ocrx_word' id='word_1_160' title='bbox 1475 2142 1526 2194; x_wconf 86' lang='lat' dir='ltr'><strong>in</strong></span> <span class='ocrx_word' id='word_1_161' title='bbox 1551 2143 1631 2195; x_wconf 85' lang='lat' dir='ltr'><strong>via</strong></span> <span class='ocrx_word' id='word_1_162' title='bbox 1653 2161 1818 2200; x_wconf 87' lang='lat' dir='ltr'><strong>moras</strong></span> <span class='ocrx_word' id='word_1_163' title='bbox 1849 2150 2050 2202; x_wconf 77' lang='lat' dir='ltr'><strong>trahere</strong></span> 
     </span>
    </p>
   </div>
   <div class='ocr_carea' id='block_1_22' title="bbox 466 2219 2045 2298">
    <p class='ocr_par' dir='ltr' id='par_1_22' title="bbox 466 2219 2045 2298">
     <span class='ocr_line' id='line_1_22' title="bbox 466 2219 2045 2298; baseline 0.021 -38"><span class='ocrx_word' id='word_1_164' title='bbox 466 2224 730 2280; x_wconf 75' lang='lat' dir='ltr'><strong>rogantur.</strong></span> <span class='ocrx_word' id='word_1_165' title='bbox 761 2247 832 2256; x_wconf 85' lang='lat'><strong>—-</strong></span> <span class='ocrx_word' id='word_1_166' title='bbox 858 2219 972 2272; x_wconf 82' lang='lat' dir='ltr'><strong>Non</strong></span> <span class='ocrx_word' id='word_1_167' title='bbox 1004 2229 1204 2278; x_wconf 90' lang='lat' dir='ltr'><strong>tantum</strong></span> <span class='ocrx_word' id='word_1_168' title='bbox 1225 2238 1402 2282; x_wconf 78' lang='lat' dir='ltr'><strong>autem</strong></span> <span class='ocrx_word' id='word_1_169' title='bbox 1431 2246 1495 2284; x_wconf 79' lang='lat' dir='ltr'><strong>ex</strong></span> <span class='ocrx_word' id='word_1_170' title='bbox 1525 2232 1644 2298; x_wconf 88' lang='lat' dir='ltr'><strong>hoc,</strong></span> <span class='ocrx_word' id='word_1_171' title='bbox 1677 2236 1768 2288; x_wconf 90' lang='lat' dir='ltr'><strong>sed</strong></span> <span class='ocrx_word' id='word_1_172' title='bbox 1798 2239 1956 2290; x_wconf 89' lang='lat' dir='ltr'><strong>etiam</strong></span> <span class='ocrx_word' id='word_1_173' title='bbox 1983 2257 2045 2293; x_wconf 81' lang='lat' dir='ltr'><strong>ex</strong></span> 
     </span>
    </p>
   </div>
   <div class='ocr_carea' id='block_1_23' title="bbox 466 2301 2044 2385">
    <p class='ocr_par' dir='ltr' id='par_1_23' title="bbox 466 2301 2044 2385">
     <span class='ocr_line' id='line_1_23' title="bbox 466 2301 2044 2385; baseline 0.02 -34"><span class='ocrx_word' id='word_1_174' title='bbox 466 2301 586 2356; x_wconf 87' lang='lat' dir='ltr'><strong>aliis</strong></span> <span class='ocrx_word' id='word_1_175' title='bbox 637 2306 815 2358; x_wconf 76' lang='lat' dir='ltr'><strong>ttiultis</strong></span> <span class='ocrx_word' id='word_1_176' title='bbox 865 2311 1134 2368; x_wconf 77' lang='lat' dir='ltr'><strong>confidere</strong></span> <span class='ocrx_word' id='word_1_177' title='bbox 1181 2329 1442 2385; x_wconf 87' lang='lat' dir='ltr'><strong>oportet:</strong></span> <span class='ocrx_word' id='word_1_178' title='bbox 1497 2339 1600 2376; x_wconf 89' lang='lat' dir='ltr'><strong>non</strong></span> <span class='ocrx_word' id='word_1_179' title='bbox 1649 2325 1789 2379; x_wconf 88' lang='lat' dir='ltr'><strong>enim</strong></span> <span class='ocrx_word' id='word_1_180' title='bbox 1839 2329 2044 2383; x_wconf 87' lang='lat' dir='ltr'><strong>modica</strong></span> 
     </span>
    </p>
   </div>
   <div class='ocr_carea' id='block_1_24' title="bbox 464 2393 2044 2487">
    <p class='ocr_par' dir='ltr' id='par_1_24' title="bbox 464 2393 2044 2487">
     <span class='ocr_line' id='line_1_24' title="bbox 464 2393 2044 2487; baseline 0.018 -41"><span class='ocrx_word' id='word_1_181' title='bbox 464 2393 617 2448; x_wconf 88' lang='lat' dir='ltr'><strong>nobis</strong></span> <span class='ocrx_word' id='word_1_182' title='bbox 647 2395 798 2451; x_wconf 77' lang='lat' dir='ltr'><strong>bona:</strong></span> <span class='ocrx_word' id='word_1_183' title='bbox 825 2401 938 2469; x_wconf 84' lang='lat' dir='ltr'><strong>spei</strong></span> <span class='ocrx_word' id='word_1_184' title='bbox 961 2404 1178 2473; x_wconf 81' lang='lat' dir='ltr'><strong>pignora</strong></span> <span class='ocrx_word' id='word_1_185' title='bbox 1205 2408 1312 2476; x_wconf 88' lang='lat' dir='ltr'><strong>jam</strong></span> <span class='ocrx_word' id='word_1_186' title='bbox 1338 2411 1478 2466; x_wconf 79' lang='lat' dir='ltr'><strong>D‘eus</strong></span> <span class='ocrx_word' id='word_1_187' title='bbox 1504 2415 1671 2470; x_wconf 90' lang='lat' dir='ltr'><strong>dedit.</strong></span> <span class='ocrx_word' id='word_1_188' title='bbox 1703 2418 1766 2470; x_wconf 82' lang='lat' dir='ltr'><strong>Et</strong></span> <span class='ocrx_word' id='word_1_189' title='bbox 1791 2421 1928 2487; x_wconf 85' lang='lat' dir='ltr'><strong>quod</strong></span> <span class='ocrx_word' id='word_1_190' title='bbox 1963 2431 2044 2475; x_wconf 88' lang='lat' dir='ltr'><strong>est</strong></span> 
     </span>
    </p>
   </div>
   <div class='ocr_carea' id='block_1_25' title="bbox 461 2487 2042 2574">
    <p class='ocr_par' dir='ltr' id='par_1_25' title="bbox 461 2487 2042 2574">
     <span class='ocr_line' id='line_1_25' title="bbox 461 2487 2042 2574; baseline 0.018 -37"><span class='ocrx_word' id='word_1_191' title='bbox 461 2487 700 2541; x_wconf 87' lang='lat' dir='ltr'><strong>omnium</strong></span> <span class='ocrx_word' id='word_1_192' title='bbox 733 2493 985 2560; x_wconf 89' lang='lat' dir='ltr'><strong>primmn,</strong></span> <span class='ocrx_word' id='word_1_193' title='bbox 1021 2499 1107 2565; x_wconf 91' lang='lat' dir='ltr'><strong>qui</strong></span> <span class='ocrx_word' id='word_1_194' title='bbox 1138 2501 1335 2556; x_wconf 88' lang='lat' dir='ltr'><strong>malum</strong></span> <span class='ocrx_word' id='word_1_195' title='bbox 1363 2505 1590 2560; x_wconf 86' lang='lat' dir='ltr'><strong>attulere</strong></span> <span class='ocrx_word' id='word_1_196' title='bbox 1615 2509 1880 2574; x_wconf 77' lang='lat' dir='ltr'><strong>nuntiant,</strong></span> <span class='ocrx_word' id='word_1_197' title='bbox 1919 2513 2042 2566; x_wconf 89' lang='lat' dir='ltr'><strong>hinc</strong></span> 
     </span>
    </p>
   </div>
   <div class='ocr_carea' id='block_1_26' title="bbox 463 2579 2044 2670">
    <p class='ocr_par' dir='ltr' id='par_1_26' title="bbox 463 2579 2044 2670">
     <span class='ocr_line' id='line_1_26' title="bbox 463 2579 2044 2670; baseline 0.018 -40"><span class='ocrx_word' id='word_1_198' title='bbox 463 2579 1003 2653; x_wconf 83' lang='lat' dir='ltr'><strong>velutalatidigressi,</strong></span> <span class='ocrx_word' id='word_1_199' title='bbox 1033 2599 1084 2642; x_wconf 89' lang='lat' dir='ltr'><strong>et</strong></span> <span class='ocrx_word' id='word_1_200' title='bbox 1103 2589 1302 2646; x_wconf 89' lang='lat' dir='ltr'><strong>dudum</strong></span> <span class='ocrx_word' id='word_1_201' title='bbox 1332 2596 1396 2648; x_wconf 89' lang='lat' dir='ltr'><strong>ad</strong></span> <span class='ocrx_word' id='word_1_202' title='bbox 1421 2608 1591 2651; x_wconf 74' lang='lat' dir='ltr'><strong>castra</strong></span> <span class='ocrx_word' id='word_1_203' title='bbox 1615 2614 1672 2654; x_wconf 91' lang='lat' dir='ltr'><strong>se</strong></span> <span class='ocrx_word' id='word_1_204' title='bbox 1697 2612 2044 2670; x_wconf 81' lang='lat' dir='ltr'><strong>perventuros</strong></span> 
     </span>
    </p>
   </div>
   <div class='ocr_carea' id='block_1_27' title="bbox 459 2679 2038 2758">
    <p class='ocr_par' dir='ltr' id='par_1_27' title="bbox 459 2679 2038 2758">
     <span class='ocr_line' id='line_1_27' title="bbox 459 2679 2038 2758; baseline 0.017 -37"><span class='ocrx_word' id='word_1_205' title='bbox 459 2685 580 2724; x_wconf 86' lang='lat' dir='ltr'><strong>esse</strong></span> <span class='ocrx_word' id='word_1_206' title='bbox 619 2683 885 2739; x_wconf 73' lang='lat' dir='ltr'><strong>putantes,</strong></span> <span class='ocrx_word' id='word_1_207' title='bbox 939 2679 1078 2733; x_wconf 84' lang='lat' dir='ltr'><strong>circa</strong></span> <span class='ocrx_word' id='word_1_208' title='bbox 1110 2683 1339 2737; x_wconf 89' lang='lat' dir='ltr'><strong>medium</strong></span> <span class='ocrx_word' id='word_1_209' title='bbox 1372 2687 1546 2741; x_wconf 89' lang='lat' dir='ltr'><strong>adlmc</strong></span> <span class='ocrx_word' id='word_1_210' title='bbox 1600 2691 1700 2744; x_wconf 81' lang='lat' dir='ltr'><strong>iter</strong></span> <span class='ocrx_word' id='word_1_211' title='bbox 1729 2706 2038 2758; x_wconf 85' lang='lat' dir='ltr'><strong>morantur;</strong></span> 
     </span>
    </p>
   </div>
   <div class='ocr_carea' id='block_1_28' title="bbox 461 2765 2042 2852">
    <p class='ocr_par' dir='ltr' id='par_1_28' title="bbox 461 2765 2042 2852">
     <span class='ocr_line' id='line_1_28' title="bbox 461 2765 2042 2852; baseline 0.016 -36"><span class='ocrx_word' id='word_1_212' title='bbox 461 2773 540 2817; x_wconf 90' lang='lat' dir='ltr'><strong>tot</strong></span> <span class='ocrx_word' id='word_1_213' title='bbox 565 2765 834 2821; x_wconf 88' lang='lat' dir='ltr'><strong>obstacula</strong></span> <span class='ocrx_word' id='word_1_214' title='bbox 867 2779 920 2824; x_wconf 88' lang='lat' dir='ltr'><strong>et</strong></span> <span class='ocrx_word' id='word_1_215' title='bbox 969 2773 1342 2841; x_wconf 84' lang='lat' dir='ltr'><strong>impedimenta</strong></span> <span class='ocrx_word' id='word_1_216' title='bbox 1401 2781 1530 2847; x_wconf 86' lang='lat' dir='ltr'><strong>ipsis</strong></span> <span class='ocrx_word' id='word_1_217' title='bbox 1584 2784 1936 2852; x_wconf 84' lang='lat' dir='ltr'><strong>acciderunt,</strong></span> <span class='ocrx_word' id='word_1_218' title='bbox 1987 2798 2042 2842; x_wconf 89' lang='lat' dir='ltr'><strong>et</strong></span> 
     </span>
    </p>
   </div>
   <div class='ocr_carea' id='block_1_29' title="bbox 456 2855 2041 2940">
    <p class='ocr_par' dir='ltr' id='par_1_29' title="bbox 456 2855 2041 2940">
     <span class='ocr_line' id='line_1_29' title="bbox 456 2855 2041 2940; baseline 0.015 -32"><span class='ocrx_word' id='word_1_219' title='bbox 456 2869 625 2923; x_wconf 82' lang='lat' dir='ltr'><strong>equos</strong></span> <span class='ocrx_word' id='word_1_220' title='bbox 651 2855 998 2926; x_wconf 91' lang='lat' dir='ltr'><strong>dimittentes,</strong></span> <span class='ocrx_word' id='word_1_221' title='bbox 1023 2879 1164 2918; x_wconf 78' lang='lat' dir='ltr'><strong>llllllC</strong></span> <span class='ocrx_word' id='word_1_222' title='bbox 1186 2867 1423 2921; x_wconf 86' lang='lat' dir='ltr'><strong>vehicula</strong></span> <span class='ocrx_word' id='word_1_223' title='bbox 1445 2883 1639 2940; x_wconf 86' lang='lat' dir='ltr'><strong>agunt:</strong></span> <span class='ocrx_word' id='word_1_224' title='bbox 1666 2875 1804 2929; x_wconf 90' lang='lat' dir='ltr'><strong>unde</strong></span> <span class='ocrx_word' id='word_1_225' title='bbox 1823 2892 2041 2932; x_wconf 87' lang='lat' dir='ltr'><strong>necesse</strong></span> 
     </span>
    </p>
   </div>
   <div class='ocr_carea' id='block_1_30' title="bbox 455 2950 2035 3037">
    <p class='ocr_par' dir='ltr' id='par_1_30' title="bbox 455 2950 2035 3037">
     <span class='ocr_line' id='line_1_30' title="bbox 455 2950 2035 3037; baseline 0.015 -38"><span class='ocrx_word' id='word_1_226' title='bbox 455 2956 652 3003; x_wconf 84' lang='lat' dir='ltr'><strong>esteos</strong></span> <span class='ocrx_word' id='word_1_227' title='bbox 683 2950 807 3004; x_wconf 91' lang='lat' dir='ltr'><strong>illuc</strong></span> <span class='ocrx_word' id='word_1_228' title='bbox 825 2954 1026 3009; x_wconf 85' lang='lat' dir='ltr'><strong>tardius</strong></span> <span class='ocrx_word' id='word_1_229' title='bbox 1050 2970 1400 3025; x_wconf 88' lang='lat' dir='ltr'><strong>perventuros</strong></span> <span class='ocrx_word' id='word_1_230' title='bbox 1417 2979 1556 3018; x_wconf 84' lang='lat' dir='ltr'><strong>esse.</strong></span> <span class='ocrx_word' id='word_1_231' title='bbox 1583 2966 1869 3037; x_wconf 77' lang='lat' dir='ltr'><strong>Postquam</strong></span> <span class='ocrx_word' id='word_1_232' title='bbox 1895 2971 2035 3023; x_wconf 91' lang='lat' dir='ltr'><strong>enim</strong></span> 
     </span>
    </p>
   </div>
   <div class='ocr_carea' id='block_1_31' title="bbox 453 3039 2038 3122">
    <p class='ocr_par' dir='ltr' id='par_1_31' title="bbox 453 3039 2038 3122">
     <span class='ocr_line' id='line_1_31' title="bbox 453 3039 2038 3122; baseline 0.016 -34"><span class='ocrx_word' id='word_1_233' title='bbox 453 3039 745 3094; x_wconf 82' lang='lat' dir='ltr'><strong>antistitem</strong></span> <span class='ocrx_word' id='word_1_234' title='bbox 774 3053 1012 3098; x_wconf 86' lang='lat' dir='ltr'><strong>nostrum</strong></span> <span class='ocrx_word' id='word_1_235' title='bbox 1039 3055 1092 3100; x_wconf 89' lang='lat' dir='ltr'><strong>ct</strong></span> <span class='ocrx_word' id='word_1_236' title='bbox 1115 3063 1452 3105; x_wconf 86' lang='lat' dir='ltr'><strong>communem</strong></span> <span class='ocrx_word' id='word_1_237' title='bbox 1485 3064 1688 3122; x_wconf 85' lang='lat' dir='ltr'><strong>patrem</strong></span> <span class='ocrx_word' id='word_1_238' title='bbox 1721 3059 1860 3112; x_wconf 86' lang='lat' dir='ltr'><strong>Deus</strong></span> <span class='ocrx_word' id='word_1_239' title='bbox 1913 3059 2038 3114; x_wconf 91' lang='lat' dir='ltr'><strong>hinc</strong></span> 
     </span>
    </p>
   </div>
   <div class='ocr_carea' id='block_1_32' title="bbox 451 3129 2036 3218">
    <p class='ocr_par' dir='ltr' id='par_1_32' title="bbox 451 3129 2036 3218">
     <span class='ocr_line' id='line_1_32' title="bbox 451 3129 2036 3218; baseline 0.014 -36"><span class='ocrx_word' id='word_1_240' title='bbox 451 3129 750 3192; x_wconf 84' lang='lat' dir='ltr'><strong>suscitavit,</strong></span> <span class='ocrx_word' id='word_1_241' title='bbox 780 3143 833 3187; x_wconf 91' lang='lat' dir='ltr'><strong>et</strong></span> <span class='ocrx_word' id='word_1_242' title='bbox 883 3139 1147 3204; x_wconf 86' lang='lat' dir='ltr'><strong>persuasit</strong></span> <span class='ocrx_word' id='word_1_243' title='bbox 1194 3141 1363 3207; x_wconf 88' lang='lat' dir='ltr'><strong>abire,</strong></span> <span class='ocrx_word' id='word_1_244' title='bbox 1419 3153 1468 3198; x_wconf 86' lang='lat' dir='ltr'><strong>et</strong></span> <span class='ocrx_word' id='word_1_245' title='bbox 1519 3146 1670 3201; x_wconf 91' lang='lat' dir='ltr'><strong>obire</strong></span> <span class='ocrx_word' id='word_1_246' title='bbox 1723 3149 2036 3218; x_wconf 71' lang='lat' dir='ltr'><strong>legationem</strong></span> 
     </span>
    </p>
   </div>
   <div class='ocr_carea' id='block_1_33' title="bbox 458 3219 2038 3308">
    <p class='ocr_par' dir='ltr' id='par_1_33' title="bbox 458 3219 2038 3308">
     <span class='ocr_line' id='line_1_33' title="bbox 458 3219 2038 3308; baseline 0.018 -42"><span class='ocrx_word' id='word_1_247' title='bbox 458 3219 610 3285; x_wconf 83' lang='lat' dir='ltr'><strong>hanc,</strong></span> <span class='ocrx_word' id='word_1_248' title='bbox 645 3237 770 3274; x_wconf 80' lang='lat' dir='ltr'><strong>mox</strong></span> <span class='ocrx_word' id='word_1_249' title='bbox 811 3225 926 3278; x_wconf 90' lang='lat' dir='ltr'><strong>illos</strong></span> <span class='ocrx_word' id='word_1_250' title='bbox 964 3227 1104 3281; x_wconf 91' lang='lat' dir='ltr'><strong>circa</strong></span> <span class='ocrx_word' id='word_1_251' title='bbox 1152 3231 1382 3284; x_wconf 89' lang='lat' dir='ltr'><strong>medium</strong></span> <span class='ocrx_word' id='word_1_252' title='bbox 1429 3233 1632 3288; x_wconf 89' lang='lat' dir='ltr'><strong>itineris</strong></span> <span class='ocrx_word' id='word_1_253' title='bbox 1679 3249 2038 3308; x_wconf 75' lang='lat' dir='ltr'><strong>consequutus</strong></span> 
     </span>
    </p>
   </div>
   <div class='ocr_carea' id='block_1_34' title="bbox 451 3315 2037 3390">
    <p class='ocr_par' dir='ltr' id='par_1_34' title="bbox 451 3315 2037 3390">
     <span class='ocr_line' id='line_1_34' title="bbox 451 3315 2037 3390; baseline 0.017 -32"><span class='ocrx_word' id='word_1_254' title='bbox 451 3317 554 3374; x_wconf 87' lang='lat' dir='ltr'><strong>est,</strong></span> <span class='ocrx_word' id='word_1_255' title='bbox 587 3325 654 3364; x_wconf 91' lang='lat' dir='ltr'><strong>ne</strong></span> <span class='ocrx_word' id='word_1_256' title='bbox 679 3315 1065 3380; x_wconf 61' lang='lat' dir='ltr'><strong>praevenientcs</strong></span> <span class='ocrx_word' id='word_1_257' title='bbox 1088 3319 1260 3387; x_wconf 81' lang='lat' dir='ltr'><strong>ignem</strong></span> <span class='ocrx_word' id='word_1_258' title='bbox 1290 3324 1699 3390; x_wconf 77' lang='lat' dir='ltr'><strong>succenderant,</strong></span> <span class='ocrx_word' id='word_1_259' title='bbox 1741 3339 1794 3381; x_wconf 89' lang='lat' dir='ltr'><strong>et</strong></span> <span class='ocrx_word' id='word_1_260' title='bbox 1817 3330 1868 3381; x_wconf 92' lang='lat' dir='ltr'><strong>in</strong></span> <span class='ocrx_word' id='word_1_261' title='bbox 1912 3331 2037 3384; x_wconf 87' lang='lat' dir='ltr'><strong>reli-</strong></span> 
     </span>
    </p>
   </div>
   <div class='ocr_carea' id='block_1_35' title="bbox 451 3406 2035 3492">
    <p class='ocr_par' dir='ltr' id='par_1_35' title="bbox 451 3406 2035 3492">
     <span class='ocr_line' id='line_1_35' title="bbox 451 3406 2035 3492; baseline 0.015 -39"><span class='ocrx_word' id='word_1_262' title='bbox 451 3417 612 3469; x_wconf 89' lang='lat' dir='ltr'><strong>quum</strong></span> <span class='ocrx_word' id='word_1_263' title='bbox 637 3406 1022 3461; x_wconf 76' lang='lat' dir='ltr'><strong>correctionem</strong></span> <span class='ocrx_word' id='word_1_264' title='bbox 1044 3408 1249 3465; x_wconf 86' lang='lat' dir='ltr'><strong>doctori</strong></span> <span class='ocrx_word' id='word_1_265' title='bbox 1281 3413 1520 3469; x_wconf 89' lang='lat' dir='ltr'><strong>inutilem</strong></span> <span class='ocrx_word' id='word_1_266' title='bbox 1549 3418 1852 3486; x_wconf 86' lang='lat' dir='ltr'><strong>redderent,</strong></span> <span class='ocrx_word' id='word_1_267' title='bbox 1873 3422 2035 3492; x_wconf 87' lang='lat' dir='ltr'><strong>regiis</strong></span> 
     </span>
    </p>
   </div>
   <div class='ocr_carea' id='block_1_36' title="bbox 451 3493 2032 3568">
    <p class='ocr_par' dir='ltr' id='par_1_36' title="bbox 451 3493 2032 3568">
     <span class='ocr_line' id='line_1_36' title="bbox 451 3493 2032 3568; baseline 0.016 -26"><span class='ocrx_word' id='word_1_268' title='bbox 451 3493 672 3546; x_wconf 88' lang='lat' dir='ltr'><strong>auribus</strong></span> <span class='ocrx_word' id='word_1_269' title='bbox 701 3495 1061 3554; x_wconf 83' lang='lat' dir='ltr'><strong>inﬂammatis.</strong></span> <span class='ocrx_word' id='word_1_270' title='bbox 1086 3501 1238 3568; x_wconf 83' lang='lat' dir='ltr'><strong>Quod</strong></span> <span class='ocrx_word' id='word_1_271' title='bbox 1265 3505 1408 3559; x_wconf 89' lang='lat' dir='ltr'><strong>enim</strong></span> <span class='ocrx_word' id='word_1_272' title='bbox 1441 3521 1543 3560; x_wconf 91' lang='lat' dir='ltr'><strong>non</strong></span> <span class='ocrx_word' id='word_1_273' title='bbox 1573 3507 1688 3563; x_wconf 90' lang='lat' dir='ltr'><strong>sine</strong></span> <span class='ocrx_word' id='word_1_274' title='bbox 1709 3511 1820 3565; x_wconf 86' lang='lat' dir='ltr'><strong>Deo</strong></span> <span class='ocrx_word' id='word_1_275' title='bbox 1837 3511 2032 3567; x_wconf 81' lang='lat' dir='ltr'><strong>factum</strong></span> 
     </span>
    </p>
   </div>
   <div class='ocr_carea' id='block_1_37' title="bbox 449 3586 2034 3664">
    <p class='ocr_par' dir='ltr' id='par_1_37' title="bbox 449 3586 2034 3664">
     <span class='ocr_line' id='line_1_37' title="bbox 449 3586 2034 3664; baseline 0.016 -26"><span class='ocrx_word' id='word_1_276' title='bbox 449 3586 520 3640; x_wconf 84' lang='lat' dir='ltr'><strong>sit</strong></span> <span class='ocrx_word' id='word_1_277' title='bbox 559 3587 660 3643; x_wconf 84' lang='lat' dir='ltr'><strong>hoc</strong></span> <span class='ocrx_word' id='word_1_278' title='bbox 701 3589 1156 3662; x_wconf 88' lang='lat' dir='ltr'><strong>impedimentum,</strong></span> <span class='ocrx_word' id='word_1_279' title='bbox 1202 3597 1326 3652; x_wconf 90' lang='lat' dir='ltr'><strong>inde</strong></span> <span class='ocrx_word' id='word_1_280' title='bbox 1377 3601 1714 3656; x_wconf 81' lang='lat' dir='ltr'><strong>manifestum</strong></span> <span class='ocrx_word' id='word_1_281' title='bbox 1745 3621 1757 3656; x_wconf 91' lang='lat'>:</span> <span class='ocrx_word' id='word_1_282' title='bbox 1787 3604 2034 3664; x_wconf 84' lang='lat' dir='ltr'><strong>homines</strong></span> 
     </span>
    </p>
   </div>
   <div class='ocr_carea' id='block_1_38' title="bbox 453 3685 2028 3768">
    <p class='ocr_par' dir='ltr' id='par_1_38' title="bbox 453 3685 2028 3768">
     <span class='ocr_line' id='line_1_38' title="bbox 453 3685 2028 3768; baseline 0.014 -38"><span class='ocrx_word' id='word_1_283' title='bbox 453 3687 620 3732; x_wconf 89' lang='lat' dir='ltr'><strong>totum</strong></span> <span class='ocrx_word' id='word_1_284' title='bbox 669 3689 880 3752; x_wconf 89' lang='lat' dir='ltr'><strong>tempus</strong></span> <span class='ocrx_word' id='word_1_285' title='bbox 909 3685 962 3738; x_wconf 91' lang='lat' dir='ltr'><strong>in</strong></span> <span class='ocrx_word' id='word_1_286' title='bbox 993 3687 1187 3742; x_wconf 82' lang='lat' dir='ltr'><strong>talibus</strong></span> <span class='ocrx_word' id='word_1_287' title='bbox 1249 3693 1765 3761; x_wconf 80' lang='lat' dir='ltr'><strong>peregrinationibus</strong></span> <span class='ocrx_word' id='word_1_288' title='bbox 1820 3697 2028 3768; x_wconf 79' lang='lat' dir='ltr'><strong>impen-</strong></span> 
     </span>
    </p>
   </div>
   <div class='ocr_carea' id='block_1_39' title="bbox 447 3770 2030 3853">
    <p class='ocr_par' dir='ltr' id='par_1_39' title="bbox 447 3770 2030 3853">
     <span class='ocr_line' id='line_1_39' title="bbox 447 3770 2030 3853; baseline 0.014 -31"><span class='ocrx_word' id='word_1_289' title='bbox 447 3770 667 3836; x_wconf 88' lang='lat' dir='ltr'><strong>dentes,</strong></span> <span class='ocrx_word' id='word_1_290' title='bbox 720 3782 769 3827; x_wconf 90' lang='lat' dir='ltr'><strong>et</strong></span> <span class='ocrx_word' id='word_1_291' title='bbox 803 3774 905 3829; x_wconf 91' lang='lat' dir='ltr'><strong>hoc</strong></span> <span class='ocrx_word' id='word_1_292' title='bbox 953 3775 1184 3832; x_wconf 71' lang='lat' dir='ltr'><strong>ol‘licium</strong></span> <span class='ocrx_word' id='word_1_293' title='bbox 1216 3782 1490 3849; x_wconf 86' lang='lat' dir='ltr'><strong>habentes,</strong></span> <span class='ocrx_word' id='word_1_294' title='bbox 1539 3801 1706 3853; x_wconf 88' lang='lat' dir='ltr'><strong>equos</strong></span> <span class='ocrx_word' id='word_1_295' title='bbox 1781 3790 2030 3844; x_wconf 88' lang='lat' dir='ltr'><strong>continue</strong></span> 
     </span>
    </p>
   </div>
   <div class='ocr_carea' id='block_1_40' title="bbox 445 3861 2025 3942">
    <p class='ocr_par' dir='ltr' id='par_1_40' title="bbox 445 3861 2025 3942">
     <span class='ocr_line' id='line_1_40' title="bbox 445 3861 2025 3942; baseline 0.014 -31"><span class='ocrx_word' id='word_1_296' title='bbox 445 3861 656 3928; x_wconf 86' lang='lat' dir='ltr'><strong>agendi,</strong></span> <span class='ocrx_word' id='word_1_297' title='bbox 687 3877 826 3918; x_wconf 91' lang='lat' dir='ltr'><strong>nunc</strong></span> <span class='ocrx_word' id='word_1_298' title='bbox 851 3866 917 3918; x_wconf 89' lang='lat' dir='ltr'><strong>ab</strong></span> <span class='ocrx_word' id='word_1_299' title='bbox 945 3866 1056 3934; x_wconf 87' lang='lat' dir='ltr'><strong>ipsa</strong></span> <span class='ocrx_word' id='word_1_300' title='bbox 1083 3871 1409 3937; x_wconf 87' lang='lat' dir='ltr'><strong>equitatione</strong></span> <span class='ocrx_word' id='word_1_301' title='bbox 1435 3876 1644 3928; x_wconf 88' lang='lat' dir='ltr'><strong>contriti</strong></span> <span class='ocrx_word' id='word_1_302' title='bbox 1673 3876 1983 3932; x_wconf 83' lang='lat' dir='ltr'><strong>defecerunt</strong></span> <span class='ocrx_word' id='word_1_303' title='bbox 2011 3922 2025 3942; x_wconf 87' lang='lat'><strong>,</strong></span> 
     </span>
    </p>
   </div>
   <div class='ocr_carea' id='block_1_41' title="bbox 447 3958 2027 4025">
    <p class='ocr_par' dir='ltr' id='par_1_41' title="bbox 447 3958 2027 4025">
     <span class='ocr_line' id='line_1_41' title="bbox 447 3958 2027 4025; baseline 0.013 -21"><span class='ocrx_word' id='word_1_304' title='bbox 447 3961 644 4021; x_wconf 65' lang='lat' dir='ltr'><strong>etquai</strong></span> <span class='ocrx_word' id='word_1_305' title='bbox 688 3970 828 4009; x_wconf 69' lang='lat' dir='ltr'><strong>unum</strong></span> <span class='ocrx_word' id='word_1_306' title='bbox 869 3958 1132 4025; x_wconf 85' lang='lat' dir='ltr'><strong>accidere,</strong></span> <span class='ocrx_word' id='word_1_307' title='bbox 1179 3961 1332 4015; x_wconf 82' lang='lat' dir='ltr'><strong>Jun-.e</strong></span> <span class='ocrx_word' id='word_1_308' title='bbox 1381 3965 1539 4019; x_wconf 87' lang='lat' dir='ltr'><strong>rebus</strong></span> <span class='ocrx_word' id='word_1_309' title='bbox 1586 3970 1850 4022; x_wconf 87' lang='lat' dir='ltr'><strong>contraria</strong></span> <span class='ocrx_word' id='word_1_310' title='bbox 1894 3972 2027 4025; x_wconf 83' lang='lat' dir='ltr'><strong>facta</strong></span> 
     </span>
    </p>
   </div>
   <div class='ocr_carea' id='block_1_42' title="bbox 449 4041 2027 4121">
    <p class='ocr_par' dir='ltr' id='par_1_42' title="bbox 449 4041 2027 4121">
     <span class='ocr_line' id='line_1_42' title="bbox 449 4041 2027 4121; baseline 0.013 -27"><span class='ocrx_word' id='word_1_311' title='bbox 449 4051 574 4094; x_wconf 87' lang='lat' dir='ltr'><strong>sunt</strong></span> <span class='ocrx_word' id='word_1_312' title='bbox 597 4041 782 4113; x_wconf 78' lang='lat' dir='ltr'><strong>(lente</strong></span> <span class='ocrx_word' id='word_1_313' title='bbox 813 4045 886 4115; x_wconf 84' lang='grc'><strong>1).</strong></span> <span class='ocrx_word' id='word_1_314' title='bbox 917 4047 1064 4101; x_wconf 89' lang='lat' dir='ltr'><strong>Illum</strong></span> <span class='ocrx_word' id='word_1_315' title='bbox 1091 4052 1233 4104; x_wconf 87' lang='lat' dir='ltr'><strong>enim</strong></span> <span class='ocrx_word' id='word_1_316' title='bbox 1266 4055 1486 4121; x_wconf 84' lang='lat' dir='ltr'><strong>urgebat</strong></span> <span class='ocrx_word' id='word_1_317' title='bbox 1517 4056 1652 4110; x_wconf 87' lang='lat' dir='ltr'><strong>Deus</strong></span> <span class='ocrx_word' id='word_1_318' title='bbox 1673 4059 1820 4113; x_wconf 89' lang='lat' dir='ltr'><strong>abire</strong></span> <span class='ocrx_word' id='word_1_319' title='bbox 1843 4063 2027 4117; x_wconf 87' lang='lat' dir='ltr'><strong>uolen-</strong></span> 
     </span>
    </p>
   </div>
   <div class='ocr_carea' id='block_1_43' title="bbox 447 4131 2024 4207">
    <p class='ocr_par' dir='ltr' id='par_1_43' title="bbox 447 4131 2024 4207">
     <span class='ocr_line' id='line_1_43' title="bbox 447 4131 2024 4207; baseline 0.014 -21"><span class='ocrx_word' id='word_1_320' title='bbox 447 4144 574 4198; x_wconf 87' lang='lat' dir='ltr'><strong>tem,</strong></span> <span class='ocrx_word' id='word_1_321' title='bbox 601 4131 698 4188; x_wconf 87' lang='lat' dir='ltr'><strong>hos</strong></span> <span class='ocrx_word' id='word_1_322' title='bbox 730 4137 966 4192; x_wconf 89' lang='lat' dir='ltr'><strong>volentes</strong></span> <span class='ocrx_word' id='word_1_323' title='bbox 991 4143 1171 4194; x_wconf 86' lang='lat' dir='ltr'><strong>vetuit.</strong></span> <span class='ocrx_word' id='word_1_324' title='bbox 1205 4142 1248 4196; x_wconf 92' lang='grc' dir='ltr'><strong>Ο</strong></span> <span class='ocrx_word' id='word_1_325' title='bbox 1275 4159 1467 4198; x_wconf 84' lang='lat' dir='ltr'><strong>novum</strong></span> <span class='ocrx_word' id='word_1_326' title='bbox 1491 4156 1544 4200; x_wconf 90' lang='lat' dir='ltr'><strong>et</strong></span> <span class='ocrx_word' id='word_1_327' title='bbox 1576 4148 1890 4206; x_wconf 86' lang='lat' dir='ltr'><strong>admirabile</strong></span> <span class='ocrx_word' id='word_1_328' title='bbox 1929 4171 2024 4207; x_wconf 87' lang='lat' dir='ltr'><strong>ne-</strong></span> 
     </span>
    </p>
   </div>
   <div class='ocr_carea' id='block_1_44' title="bbox 442 4225 2025 4306">
    <p class='ocr_par' dir='ltr' id='par_1_44' title="bbox 442 4225 2025 4306">
     <span class='ocr_line' id='line_1_44' title="bbox 442 4225 2025 4306; baseline 0.015 -31"><span class='ocrx_word' id='word_1_329' title='bbox 442 4225 676 4292; x_wconf 83' lang='lat' dir='ltr'><strong>gotium!</strong></span> <span class='ocrx_word' id='word_1_330' title='bbox 711 4228 798 4282; x_wconf 90' lang='lat' dir='ltr'><strong>ille</strong></span> <span class='ocrx_word' id='word_1_331' title='bbox 818 4230 1223 4287; x_wconf 88' lang='lat' dir='ltr'><strong>subversionem</strong></span> <span class='ocrx_word' id='word_1_332' title='bbox 1252 4237 1544 4303; x_wconf 62' lang='lat' dir='ltr'><strong>pne-dieare</strong></span> <span class='ocrx_word' id='word_1_333' title='bbox 1573 4241 1805 4306; x_wconf 89' lang='lat' dir='ltr'><strong>nolebat,</strong></span> <span class='ocrx_word' id='word_1_334' title='bbox 1836 4254 1888 4296; x_wconf 90' lang='lat' dir='ltr'><strong>et</strong></span> <span class='ocrx_word' id='word_1_335' title='bbox 1949 4245 2025 4297; x_wconf 91' lang='lat' dir='ltr'><strong>in-</strong></span> 
     </span>
    </p>
   </div>
   <div class='ocr_carea' id='block_1_45' title="bbox 445 4314 2020 4388">
    <p class='ocr_par' dir='ltr' id='par_1_45' title="bbox 445 4314 2020 4388">
     <span class='ocr_line' id='line_1_45' title="bbox 445 4314 2020 4388; baseline 0.016 -25"><span class='ocrx_word' id='word_1_336' title='bbox 445 4314 610 4369; x_wconf 83' lang='lat' dir='ltr'><strong>vitum</strong></span> <span class='ocrx_word' id='word_1_337' title='bbox 629 4331 750 4370; x_wconf 90' lang='lat' dir='ltr'><strong>eum</strong></span> <span class='ocrx_word' id='word_1_338' title='bbox 779 4321 1032 4375; x_wconf 79' lang='lat' dir='ltr'><strong>excitavit</strong></span> <span class='ocrx_word' id='word_1_339' title='bbox 1061 4339 1074 4374; x_wconf 89' lang='lat'><strong>:</strong></span> <span class='ocrx_word' id='word_1_340' title='bbox 1111 4324 1160 4376; x_wconf 91' lang='lat' dir='ltr'><strong>hi</strong></span> <span class='ocrx_word' id='word_1_341' title='bbox 1189 4340 1306 4378; x_wconf 90' lang='lat' dir='ltr'><strong>cum</strong></span> <span class='ocrx_word' id='word_1_342' title='bbox 1332 4329 1602 4384; x_wconf 85' lang='lat' dir='ltr'><strong>celeritate</strong></span> <span class='ocrx_word' id='word_1_343' title='bbox 1622 4332 2020 4388; x_wconf 76' lang='lat' dir='ltr'><strong>subversiouem</strong></span> 
     </span>
    </p>
   </div>
   <div class='ocr_carea' id='block_1_46' title="bbox 442 4407 2022 4495">
    <p class='ocr_par' dir='ltr' id='par_1_46' title="bbox 442 4407 2022 4495">
     <span class='ocr_line' id='line_1_46' title="bbox 442 4407 2022 4495; baseline 0.015 -38"><span class='ocrx_word' id='word_1_344' title='bbox 442 4407 759 4463; x_wconf 85' lang='lat' dir='ltr'><strong>annuutiare</strong></span> <span class='ocrx_word' id='word_1_345' title='bbox 785 4411 1058 4478; x_wconf 80' lang='lat' dir='ltr'><strong>festinant,</strong></span> <span class='ocrx_word' id='word_1_346' title='bbox 1091 4425 1144 4469; x_wconf 90' lang='lat' dir='ltr'><strong>et</strong></span> <span class='ocrx_word' id='word_1_347' title='bbox 1171 4417 1361 4473; x_wconf 89' lang='lat' dir='ltr'><strong>invitos</strong></span> <span class='ocrx_word' id='word_1_348' title='bbox 1391 4420 1535 4489; x_wconf 85' lang='lat' dir='ltr'><strong>ipsos</strong></span> <span class='ocrx_word' id='word_1_349' title='bbox 1583 4439 1790 4478; x_wconf 88' lang='lat' dir='ltr'><strong>rursum</strong></span> <span class='ocrx_word' id='word_1_350' title='bbox 1843 4429 2022 4495; x_wconf 87' lang='lat' dir='ltr'><strong>prohi-</strong></span> 
     </span>
    </p>
   </div>
   <div class='ocr_carea' id='block_1_47' title="bbox 441 4495 2018 4586">
    <p class='ocr_par' dir='ltr' id='par_1_47' title="bbox 441 4495 2018 4586">
     <span class='ocr_line' id='line_1_47' title="bbox 441 4495 2018 4586; baseline 0.016 -39"><span class='ocrx_word' id='word_1_351' title='bbox 441 4495 574 4550; x_wconf 89' lang='lat' dir='ltr'><strong>buit.</strong></span> <span class='ocrx_word' id='word_1_352' title='bbox 603 4497 716 4564; x_wconf 87' lang='lat' dir='ltr'><strong>Qua</strong></span> <span class='ocrx_word' id='word_1_353' title='bbox 743 4501 954 4555; x_wconf 86' lang='lat' dir='ltr'><strong>tandem</strong></span> <span class='ocrx_word' id='word_1_354' title='bbox 1003 4505 1070 4559; x_wconf 89' lang='lat' dir='ltr'><strong>de</strong></span> <span class='ocrx_word' id='word_1_355' title='bbox 1119 4511 1320 4562; x_wconf 88' lang='lat' dir='ltr'><strong>causa?</strong></span> <span class='ocrx_word' id='word_1_356' title='bbox 1364 4511 1624 4575; x_wconf 83' lang='lat' dir='ltr'><strong>Quoniam</strong></span> <span class='ocrx_word' id='word_1_357' title='bbox 1672 4515 1757 4569; x_wconf 89' lang='lat' dir='ltr'><strong>hic</strong></span> <span class='ocrx_word' id='word_1_358' title='bbox 1807 4518 2018 4586; x_wconf 86' lang='lat' dir='ltr'><strong>quidem</strong></span> 
     </span>
    </p>
   </div>
   <div class='ocr_carea' id='block_1_48' title="bbox 440 4587 2016 4666">
    <p class='ocr_par' dir='ltr' id='par_1_48' title="bbox 440 4587 2016 4666">
     <span class='ocr_line' id='line_1_48' title="bbox 440 4587 2016 4666; baseline 0.016 -27"><span class='ocrx_word' id='word_1_359' title='bbox 440 4587 690 4642; x_wconf 87' lang='lat' dir='ltr'><strong>celeritas</strong></span> <span class='ocrx_word' id='word_1_360' title='bbox 717 4590 991 4661; x_wconf 84' lang='lat' dir='ltr'><strong>damnum,</strong></span> <span class='ocrx_word' id='word_1_361' title='bbox 1019 4597 1126 4652; x_wconf 91' lang='lat' dir='ltr'><strong>illic</strong></span> <span class='ocrx_word' id='word_1_362' title='bbox 1149 4615 1274 4654; x_wconf 83' lang='lat' dir='ltr'><strong>vero</strong></span> <span class='ocrx_word' id='word_1_363' title='bbox 1299 4604 1542 4657; x_wconf 87' lang='lat' dir='ltr'><strong>celeritas</strong></span> <span class='ocrx_word' id='word_1_364' title='bbox 1565 4607 1767 4661; x_wconf 89' lang='lat' dir='ltr'><strong>lucrum</strong></span> <span class='ocrx_word' id='word_1_365' title='bbox 1791 4609 2016 4666; x_wconf 84' lang='lat' dir='ltr'><strong>ferebat:</strong></span> 
     </span>
    </p>
   </div>
   <div class='ocr_carea' id='block_1_49' title="bbox 442 4678 2022 4774">
    <p class='ocr_par' dir='ltr' id='par_1_49' title="bbox 442 4678 2022 4774">
     <span class='ocr_line' id='line_1_49' title="bbox 442 4678 2022 4774; baseline 0.017 -43"><span class='ocrx_word' id='word_1_366' title='bbox 442 4678 562 4732; x_wconf 90' lang='lat' dir='ltr'><strong>ideo</strong></span> <span class='ocrx_word' id='word_1_367' title='bbox 583 4688 638 4732; x_wconf 94' lang='lat' dir='ltr'><strong>et</strong></span> <span class='ocrx_word' id='word_1_368' title='bbox 666 4681 814 4736; x_wconf 89' lang='lat' dir='ltr'><strong>illmn</strong></span> <span class='ocrx_word' id='word_1_369' title='bbox 847 4699 941 4752; x_wconf 87' lang='lat' dir='ltr'><strong>per</strong></span> <span class='ocrx_word' id='word_1_370' title='bbox 964 4697 1137 4742; x_wconf 89' lang='lat' dir='ltr'><strong>cetum</strong></span> <span class='ocrx_word' id='word_1_371' title='bbox 1191 4691 1444 4749; x_wconf 83' lang='lat' dir='ltr'><strong>festinare</strong></span> <span class='ocrx_word' id='word_1_372' title='bbox 1495 4698 1636 4765; x_wconf 76' lang='lat' dir='ltr'><strong>fecit,</strong></span> <span class='ocrx_word' id='word_1_373' title='bbox 1684 4709 1738 4754; x_wconf 89' lang='lat' dir='ltr'><strong>et</strong></span> <span class='ocrx_word' id='word_1_374' title='bbox 1787 4703 1883 4756; x_wconf 90' lang='lat' dir='ltr'><strong>hos</strong></span> <span class='ocrx_word' id='word_1_375' title='bbox 1924 4720 2022 4774; x_wconf 88' lang='lat' dir='ltr'><strong>per</strong></span> 
     </span>
    </p>
   </div>
   <div class='ocr_carea' id='block_1_50' title="bbox 438 4771 2018 4864">
    <p class='ocr_par' dir='ltr' id='par_1_50' title="bbox 438 4771 2018 4864">
     <span class='ocr_line' id='line_1_50' title="bbox 438 4771 2018 4864; baseline 0.016 -42"><span class='ocrx_word' id='word_1_376' title='bbox 438 4784 606 4838; x_wconf 83' lang='lat' dir='ltr'><strong>equos</strong></span> <span class='ocrx_word' id='word_1_377' title='bbox 633 4771 926 4840; x_wconf 88' lang='lat' dir='ltr'><strong>impedivit.</strong></span> <span class='ocrx_word' id='word_1_378' title='bbox 989 4777 1147 4834; x_wconf 87' lang='lat' dir='ltr'><strong>Vides</strong></span> <span class='ocrx_word' id='word_1_379' title='bbox 1201 4781 1296 4836; x_wconf 91' lang='lat' dir='ltr'><strong>Dei</strong></span> <span class='ocrx_word' id='word_1_380' title='bbox 1351 4785 1703 4853; x_wconf 85' lang='lat' dir='ltr'><strong>sapientiam?</strong></span> <span class='ocrx_word' id='word_1_381' title='bbox 1757 4807 1852 4860; x_wconf 87' lang='lat' dir='ltr'><strong>per</strong></span> <span class='ocrx_word' id='word_1_382' title='bbox 1900 4771 2018 4864; x_wconf 75' lang='lat' dir='ltr'><strong>qua:</strong></span> 
     </span>
    </p>
   </div>
   <div class='ocr_carea' id='block_1_51' title="bbox 435 4861 2014 4954">
    <p class='ocr_par' dir='ltr' id='par_1_51' title="bbox 435 4861 2014 4954">
     <span class='ocr_line' id='line_1_51' title="bbox 435 4861 2014 4954; baseline 0.017 -41"><span class='ocrx_word' id='word_1_383' title='bbox 435 4861 661 4931; x_wconf 86' lang='lat' dir='ltr'><strong>quisque</strong></span> <span class='ocrx_word' id='word_1_384' title='bbox 688 4865 828 4932; x_wconf 88' lang='lat' dir='ltr'><strong>quod</strong></span> <span class='ocrx_word' id='word_1_385' title='bbox 859 4871 1202 4937; x_wconf 79' lang='lat' dir='ltr'><strong>exspectabat</strong></span> <span class='ocrx_word' id='word_1_386' title='bbox 1241 4889 1300 4928; x_wconf 90' lang='lat' dir='ltr'><strong>se</strong></span> <span class='ocrx_word' id='word_1_387' title='bbox 1343 4877 1713 4946; x_wconf 79' lang='lat' dir='ltr'><strong>expediturum</strong></span> <span class='ocrx_word' id='word_1_388' title='bbox 1760 4885 2014 4954; x_wconf 82' lang='lat' dir='ltr'><strong>speravit,</strong></span> 
     </span>
    </p>
   </div>
   <div class='ocr_carea' id='block_1_52' title="bbox 435 4955 2014 5044">
    <p class='ocr_par' dir='ltr' id='par_1_52' title="bbox 435 4955 2014 5044">
     <span class='ocr_line' id='line_1_52' title="bbox 435 4955 2014 5044; baseline 0.016 -37"><span class='ocrx_word' id='word_1_389' title='bbox 435 4970 532 5023; x_wconf 85' lang='lat' dir='ltr'><strong>per</strong></span> <span class='ocrx_word' id='word_1_390' title='bbox 561 4955 678 5012; x_wconf 70' lang='lat' dir='ltr'><strong>haec</strong></span> <span class='ocrx_word' id='word_1_391' title='bbox 703 4960 925 5029; x_wconf 83' lang='lat' dir='ltr'><strong>quisque</strong></span> <span class='ocrx_word' id='word_1_392' title='bbox 949 4963 1232 5033; x_wconf 89' lang='lat' dir='ltr'><strong>impeditus</strong></span> <span class='ocrx_word' id='word_1_393' title='bbox 1259 4979 1360 5022; x_wconf 90' lang='lat' dir='ltr'><strong>est.</strong></span> <span class='ocrx_word' id='word_1_394' title='bbox 1393 4970 1496 5024; x_wconf 89' lang='lat' dir='ltr'><strong>Per</strong></span> <span class='ocrx_word' id='word_1_395' title='bbox 1521 4975 1788 5044; x_wconf 82' lang='lat' dir='ltr'><strong>navigium</strong></span> <span class='ocrx_word' id='word_1_396' title='bbox 1823 4978 1910 5031; x_wconf 89' lang='lat' dir='ltr'><strong>ille</strong></span> <span class='ocrx_word' id='word_1_397' title='bbox 1955 4995 2014 5034; x_wconf 91' lang='lat' dir='ltr'><strong>se</strong></span> 
     </span>
    </p>
   </div>
   <div class='ocr_carea' id='block_1_53' title="bbox 433 5055 2013 5126">
    <p class='ocr_par' dir='ltr' id='par_1_53' title="bbox 433 5055 2013 5126">
     <span class='ocr_line' id='line_1_53' title="bbox 433 5055 2013 5126; baseline 0.016 -28"><span class='ocrx_word' id='word_1_398' title='bbox 433 5062 719 5103; x_wconf 87' lang='lat' dir='ltr'><strong>evasurum</strong></span> <span class='ocrx_word' id='word_1_399' title='bbox 751 5055 968 5120; x_wconf 82' lang='lat' dir='ltr'><strong>putavit,</strong></span> <span class='ocrx_word' id='word_1_400' title='bbox 994 5065 1048 5110; x_wconf 87' lang='lat' dir='ltr'><strong>et</strong></span> <span class='ocrx_word' id='word_1_401' title='bbox 1081 5059 1344 5126; x_wconf 78' lang='lat' dir='ltr'><strong>navigium</strong></span> <span class='ocrx_word' id='word_1_402' title='bbox 1395 5061 1465 5114; x_wconf 88' lang='lat' dir='ltr'><strong>illi</strong></span> <span class='ocrx_word' id='word_1_403' title='bbox 1517 5065 1781 5120; x_wconf 85' lang='lat' dir='ltr'><strong>vinculum</strong></span> <span class='ocrx_word' id='word_1_404' title='bbox 1819 5071 2013 5123; x_wconf 78' lang='lat' dir='ltr'><strong>factum</strong></span> 
     </span>
    </p>
   </div>
   <div class='ocr_carea' id='block_1_54' title="bbox 443 5143 2013 5222">
    <p class='ocr_par' dir='ltr' id='par_1_54' title="bbox 443 5143 2013 5222">
     <span class='ocr_line' id='line_1_54' title="bbox 443 5143 2013 5222; baseline 0.017 -32"><span class='ocrx_word' id='word_1_405' title='bbox 443 5149 564 5194; x_wconf 87' lang='lat' dir='ltr'><strong>est:</strong></span> <span class='ocrx_word' id='word_1_406' title='bbox 594 5143 677 5196; x_wconf 86' lang='lat' dir='ltr'><strong>isti</strong></span> <span class='ocrx_word' id='word_1_407' title='bbox 709 5159 805 5212; x_wconf 89' lang='lat' dir='ltr'><strong>per</strong></span> <span class='ocrx_word' id='word_1_408' title='bbox 833 5160 998 5214; x_wconf 92' lang='lat' dir='ltr'><strong>equos</strong></span> <span class='ocrx_word' id='word_1_409' title='bbox 1051 5163 1218 5220; x_wconf 90' lang='lat' dir='ltr'><strong>ocyus</strong></span> <span class='ocrx_word' id='word_1_410' title='bbox 1262 5167 1320 5206; x_wconf 85' lang='lat' dir='ltr'><strong>se</strong></span> <span class='ocrx_word' id='word_1_411' title='bbox 1373 5152 1750 5222; x_wconf 85' lang='lat' dir='ltr'><strong>Imperatorem</strong></span> <span class='ocrx_word' id='word_1_412' title='bbox 1803 5159 2013 5216; x_wconf 84' lang='lat' dir='ltr'><strong>visuros</strong></span> 
     </span>
    </p>
   </div>
   <div class='ocr_carea' id='block_1_55' title="bbox 430 5239 2012 5316">
    <p class='ocr_par' dir='ltr' id='par_1_55' title="bbox 430 5239 2012 5316">
     <span class='ocr_line' id='line_1_55' title="bbox 430 5239 2012 5316; baseline 0.016 -35"><span class='ocrx_word' id='word_1_413' title='bbox 430 5243 801 5299; x_wconf 83' lang='lat' dir='ltr'><strong>speraverant,</strong></span> <span class='ocrx_word' id='word_1_414' title='bbox 831 5246 880 5291; x_wconf 90' lang='lat' dir='ltr'><strong>et</strong></span> <span class='ocrx_word' id='word_1_415' title='bbox 913 5240 1033 5309; x_wconf 88' lang='lat' dir='ltr'><strong>equi</strong></span> <span class='ocrx_word' id='word_1_416' title='bbox 1063 5239 1276 5297; x_wconf 87' lang='lat' dir='ltr'><strong>fuerunt</strong></span> <span class='ocrx_word' id='word_1_417' title='bbox 1303 5245 1714 5316; x_wconf 87' lang='lat' dir='ltr'><strong>impedimento:</strong></span> <span class='ocrx_word' id='word_1_418' title='bbox 1747 5250 1854 5304; x_wconf 90' lang='lat' dir='ltr'><strong>imo</strong></span> <span class='ocrx_word' id='word_1_419' title='bbox 1885 5267 2012 5306; x_wconf 90' lang='lat' dir='ltr'><strong>vero</strong></span> 
     </span>
    </p>
   </div>
   <div class='ocr_carea' id='block_1_56' title="bbox 432 5325 2008 5410">
    <p class='ocr_par' dir='ltr' id='par_1_56' title="bbox 432 5325 2008 5410">
     <span class='ocr_line' id='line_1_56' title="bbox 432 5325 2008 5410; baseline 0.016 -36"><span class='ocrx_word' id='word_1_420' title='bbox 432 5337 538 5375; x_wconf 90' lang='lat' dir='ltr'><strong>non</strong></span> <span class='ocrx_word' id='word_1_421' title='bbox 565 5325 709 5393; x_wconf 87' lang='lat' dir='ltr'><strong>equi,</strong></span> <span class='ocrx_word' id='word_1_422' title='bbox 743 5328 878 5382; x_wconf 90' lang='lat' dir='ltr'><strong>sicut</strong></span> <span class='ocrx_word' id='word_1_423' title='bbox 905 5347 1002 5386; x_wconf 87' lang='lat' dir='ltr'><strong>nec</strong></span> <span class='ocrx_word' id='word_1_424' title='bbox 1029 5333 1100 5386; x_wconf 91' lang='lat' dir='ltr'><strong>illi</strong></span> <span class='ocrx_word' id='word_1_425' title='bbox 1136 5337 1423 5406; x_wconf 82' lang='lat' dir='ltr'><strong>navigium,</strong></span> <span class='ocrx_word' id='word_1_426' title='bbox 1447 5337 1541 5392; x_wconf 89' lang='lat' dir='ltr'><strong>sed</strong></span> <span class='ocrx_word' id='word_1_427' title='bbox 1563 5339 1653 5394; x_wconf 89' lang='lat' dir='ltr'><strong>Dei</strong></span> <span class='ocrx_word' id='word_1_428' title='bbox 1680 5342 2008 5410; x_wconf 85' lang='lat' dir='ltr'><strong>providentia</strong></span> 
     </span>
    </p>
   </div>
   <div class='ocr_carea' id='block_1_57' title="bbox 433 5413 2001 5499">
    <p class='ocr_par' dir='ltr' id='par_1_57' title="bbox 433 5413 2001 5499">
     <span class='ocr_line' id='line_1_57' title="bbox 433 5413 2001 5499; baseline 0.017 -35"><span class='ocrx_word' id='word_1_429' title='bbox 433 5413 624 5482; x_wconf 89' lang='lat' dir='ltr'><strong>ubique</strong></span> <span class='ocrx_word' id='word_1_430' title='bbox 652 5416 829 5470; x_wconf 74' lang='lat' dir='ltr'><strong>ornuia</strong></span> <span class='ocrx_word' id='word_1_431' title='bbox 857 5423 1066 5490; x_wconf 83' lang='lat' dir='ltr'><strong>prepria</strong></span> <span class='ocrx_word' id='word_1_432' title='bbox 1095 5425 1409 5496; x_wconf 86' lang='lat' dir='ltr'><strong>dispensans</strong></span> <span class='ocrx_word' id='word_1_433' title='bbox 1435 5431 1714 5499; x_wconf 88' lang='lat' dir='ltr'><strong>sapientia.</strong></span> <span class='ocrx_word' id='word_1_434' title='bbox 1735 5433 1802 5488; x_wconf 87' lang='lat' dir='ltr'><strong>Et</strong></span> <span class='ocrx_word' id='word_1_435' title='bbox 1824 5435 2001 5490; x_wconf 91' lang='lat' dir='ltr'><strong>consi-</strong></span> 
     </span>
    </p>
   </div>
   <div class='ocr_carea' id='block_1_58' title="bbox 429 5503 2004 5586">
    <p class='ocr_par' dir='ltr' id='par_1_58' title="bbox 429 5503 2004 5586">
     <span class='ocr_line' id='line_1_58' title="bbox 429 5503 2004 5586; baseline 0.018 -30"><span class='ocrx_word' id='word_1_436' title='bbox 429 5503 558 5558; x_wconf 81' lang='lat' dir='ltr'><strong>dera</strong></span> <span class='ocrx_word' id='word_1_437' title='bbox 573 5507 918 5574; x_wconf 75' lang='lat' dir='ltr'><strong>providentia:</strong></span> <span class='ocrx_word' id='word_1_438' title='bbox 937 5517 1170 5580; x_wconf 88' lang='lat' dir='ltr'><strong>modum,</strong></span> <span class='ocrx_word' id='word_1_439' title='bbox 1193 5523 1458 5586; x_wconf 70' lang='lat' dir='ltr'><strong>«ptomodo</strong></span> <span class='ocrx_word' id='word_1_440' title='bbox 1474 5534 1528 5578; x_wconf 87' lang='lat' dir='ltr'><strong>et</strong></span> <span class='ocrx_word' id='word_1_441' title='bbox 1541 5527 1728 5580; x_wconf 87' lang='lat' dir='ltr'><strong>terruit</strong></span> <span class='ocrx_word' id='word_1_442' title='bbox 1743 5537 1796 5582; x_wconf 89' lang='lat' dir='ltr'><strong>et</strong></span> <span class='ocrx_word' id='word_1_443' title='bbox 1813 5543 2004 5584; x_wconf 87' lang='lat' dir='ltr'><strong>conso-</strong></span> 
     </span>
    </p>
   </div>
   <div class='ocr_carea' id='block_1_59' title="bbox 429 5597 2001 5685">
    <p class='ocr_par' dir='ltr' id='par_1_59' title="bbox 429 5597 2001 5685">
     <span class='ocr_line' id='line_1_59' title="bbox 429 5597 2001 5685; baseline 0.017 -35"><span class='ocrx_word' id='word_1_444' title='bbox 429 5597 563 5650; x_wconf 80' lang='lat' dir='ltr'><strong>latus</strong></span> <span class='ocrx_word' id='word_1_445' title='bbox 580 5609 678 5654; x_wconf 88' lang='lat' dir='ltr'><strong>est.</strong></span> <span class='ocrx_word' id='word_1_446' title='bbox 700 5598 817 5668; x_wconf 89' lang='lat' dir='ltr'><strong>Ipso</strong></span> <span class='ocrx_word' id='word_1_447' title='bbox 839 5603 979 5657; x_wconf 90' lang='lat' dir='ltr'><strong>enim</strong></span> <span class='ocrx_word' id='word_1_448' title='bbox 997 5605 1084 5661; x_wconf 82' lang='lat' dir='ltr'><strong>die</strong></span> <span class='ocrx_word' id='word_1_449' title='bbox 1099 5624 1201 5677; x_wconf 90' lang='lat' dir='ltr'><strong>quo</strong></span> <span class='ocrx_word' id='word_1_450' title='bbox 1217 5615 1391 5668; x_wconf 89' lang='lat' dir='ltr'><strong>omnia</strong></span> <span class='ocrx_word' id='word_1_451' title='bbox 1405 5615 1489 5669; x_wconf 90' lang='lat' dir='ltr'><strong>illa</strong></span> <span class='ocrx_word' id='word_1_452' title='bbox 1508 5627 1708 5685; x_wconf 85' lang='lat' dir='ltr'><strong>patrata</strong></span> <span class='ocrx_word' id='word_1_453' title='bbox 1725 5629 1849 5674; x_wconf 91' lang='lat' dir='ltr'><strong>sunt</strong></span> <span class='ocrx_word' id='word_1_454' title='bbox 1873 5619 1969 5676; x_wconf 79' lang='lat' dir='ltr'><strong>iaci</strong></span> <span class='ocrx_word' id='word_1_455' title='bbox 1985 5648 2001 5660; x_wconf 92' lang='lat'><strong><em>-</em></strong></span> 
     </span>
    </p>
   </div>
   <div class='ocr_carea' id='block_1_60' title="bbox 429 5689 2002 5781">
    <p class='ocr_par' dir='ltr' id='par_1_60' title="bbox 429 5689 2002 5781">
     <span class='ocr_line' id='line_1_60' title="bbox 429 5689 2002 5781; baseline 0.02 -43"><span class='ocrx_word' id='word_1_456' title='bbox 429 5702 581 5756; x_wconf 88' lang='lat' dir='ltr'><strong>nora,</strong></span> <span class='ocrx_word' id='word_1_457' title='bbox 609 5689 751 5760; x_wconf 84' lang='lat' dir='ltr'><strong>ipsos</strong></span> <span class='ocrx_word' id='word_1_458' title='bbox 780 5693 992 5762; x_wconf 86' lang='lat' dir='ltr'><strong>quidem</strong></span> <span class='ocrx_word' id='word_1_459' title='bbox 1020 5697 1190 5764; x_wconf 78' lang='lat' dir='ltr'><strong>exire,</strong></span> <span class='ocrx_word' id='word_1_460' title='bbox 1225 5709 1490 5774; x_wconf 87' lang='lat' dir='ltr'><strong>tamquam</strong></span> <span class='ocrx_word' id='word_1_461' title='bbox 1513 5711 1688 5765; x_wconf 89' lang='lat' dir='ltr'><strong>omnia</strong></span> <span class='ocrx_word' id='word_1_462' title='bbox 1722 5727 1840 5781; x_wconf 63' lang='lat' dir='ltr'><strong>quae</strong></span> <span class='ocrx_word' id='word_1_463' title='bbox 1865 5713 2002 5770; x_wconf 87' lang='lat' dir='ltr'><strong>acci-</strong></span> 
     </span>
    </p>
   </div>
   <div class='ocr_carea' id='block_1_61' title="bbox 2165 432 3740 528">
    <p class='ocr_par' dir='ltr' id='par_1_61' title="bbox 2165 432 3740 528">
     <span class='ocr_line' id='line_1_61' title="bbox 2165 432 3740 528; baseline 0.027 -42"><span class='ocrx_word' id='word_1_464' title='bbox 2165 432 2354 491; x_wconf 85' lang='lat' dir='ltr'><strong>derant</strong></span> <span class='ocrx_word' id='word_1_465' title='bbox 2385 439 2694 510; x_wconf 90' lang='lat' dir='ltr'><strong>lmperatori</strong></span> <span class='ocrx_word' id='word_1_466' title='bbox 2737 450 3068 508; x_wconf 86' lang='lat' dir='ltr'><strong>nuntiaturos</strong></span> <span class='ocrx_word' id='word_1_467' title='bbox 3117 459 3464 528; x_wconf 83' lang='lat' dir='ltr'><strong>permittens,</strong></span> <span class='ocrx_word' id='word_1_468' title='bbox 3511 474 3740 528; x_wconf 78' lang='lat' dir='ltr'><strong>exeumli</strong></span> 
     </span>
    </p>
   </div>
   <div class='ocr_carea' id='block_1_62' title="bbox 2162 524 3738 627">
    <p class='ocr_par' dir='ltr' id='par_1_62' title="bbox 2162 524 3738 627">
     <span class='ocr_line' id='line_1_62' title="bbox 2162 524 3738 627; baseline 0.025 -50"><span class='ocrx_word' id='word_1_469' title='bbox 2162 524 2436 584; x_wconf 87' lang='lat' dir='ltr'><strong>celeritate</strong></span> <span class='ocrx_word' id='word_1_470' title='bbox 2463 547 2650 589; x_wconf 88' lang='lat' dir='ltr'><strong>onmcs</strong></span> <span class='ocrx_word' id='word_1_471' title='bbox 2672 543 2992 608; x_wconf 89' lang='lat' dir='ltr'><strong>perterruit;</strong></span> <span class='ocrx_word' id='word_1_472' title='bbox 3025 524 3303 617; x_wconf 87' lang='lat' dir='ltr'><strong>postquam</strong></span> <span class='ocrx_word' id='word_1_473' title='bbox 3326 568 3451 608; x_wconf 84' lang='lat' dir='ltr'><strong>vero</strong></span> <span class='ocrx_word' id='word_1_474' title='bbox 3469 555 3738 627; x_wconf 81' lang='lat' dir='ltr'><strong>abierunt.</strong></span> 
     </span>
    </p>
   </div>
   <div class='ocr_carea' id='block_1_63' title="bbox 2161 617 3736 714">
    <p class='ocr_par' dir='ltr' id='par_1_63' title="bbox 2161 617 3736 714">
     <span class='ocr_line' id='line_1_63' title="bbox 2161 617 3736 714; baseline 0.025 -45"><span class='ocrx_word' id='word_1_475' title='bbox 2161 617 2364 674; x_wconf 85' lang='lat' dir='ltr'><strong>etduos</strong></span> <span class='ocrx_word' id='word_1_476' title='bbox 2387 630 2560 680; x_wconf 88' lang='lat' dir='ltr'><strong>tresve</strong></span> <span class='ocrx_word' id='word_1_477' title='bbox 2612 627 2726 682; x_wconf 90' lang='lat' dir='ltr'><strong>dies</strong></span> <span class='ocrx_word' id='word_1_478' title='bbox 2769 636 3152 701; x_wconf 88' lang='lat' dir='ltr'><strong>contriveruut,</strong></span> <span class='ocrx_word' id='word_1_479' title='bbox 3198 656 3320 698; x_wconf 88' lang='lat' dir='ltr'><strong>cum</strong></span> <span class='ocrx_word' id='word_1_480' title='bbox 3369 647 3478 714; x_wconf 83' lang='lat' dir='ltr'><strong>jam</strong></span> <span class='ocrx_word' id='word_1_481' title='bbox 3525 651 3736 708; x_wconf 81' lang='lat' dir='ltr'><strong>inanem</strong></span> 
     </span>
    </p>
   </div>
   <div class='ocr_carea' id='block_1_64' title="bbox 2163 715 3738 812">
    <p class='ocr_par' dir='ltr' id='par_1_64' title="bbox 2163 715 3738 812">
     <span class='ocr_line' id='line_1_64' title="bbox 2163 715 3738 812; baseline 0.025 -52"><span class='ocrx_word' id='word_1_482' title='bbox 2163 721 2283 764; x_wconf 88' lang='lat' dir='ltr'><strong>esse</strong></span> <span class='ocrx_word' id='word_1_483' title='bbox 2312 715 2563 768; x_wconf 86' lang='lat' dir='ltr'><strong>antistitis</strong></span> <span class='ocrx_word' id='word_1_484' title='bbox 2588 723 2752 774; x_wconf 86' lang='lat' dir='ltr'><strong>nostri</strong></span> <span class='ocrx_word' id='word_1_485' title='bbox 2785 725 3168 791; x_wconf 80' lang='lat' dir='ltr'><strong>profectionem</strong></span> <span class='ocrx_word' id='word_1_486' title='bbox 3201 736 3538 804; x_wconf 80' lang='lat' dir='ltr'><strong>putabamus,</strong></span> <span class='ocrx_word' id='word_1_487' title='bbox 3557 753 3738 812; x_wconf 82' lang='lat' dir='ltr'><strong>utpote</strong></span> 
     </span>
    </p>
   </div>
   <div class='ocr_carea' id='block_1_65' title="bbox 2163 801 3740 898">
    <p class='ocr_par' dir='ltr' id='par_1_65' title="bbox 2163 801 3740 898">
     <span class='ocr_line' id='line_1_65' title="bbox 2163 801 3740 898; baseline 0.026 -48"><span class='ocrx_word' id='word_1_488' title='bbox 2163 801 2252 867; x_wconf 94' lang='lat' dir='ltr'><strong>qui</strong></span> <span class='ocrx_word' id='word_1_489' title='bbox 2287 807 2548 869; x_wconf 87' lang='lat' dir='ltr'><strong>posterior</strong></span> <span class='ocrx_word' id='word_1_490' title='bbox 2568 822 2710 864; x_wconf 70' lang='lat' dir='ltr'><strong>esset</strong></span> <span class='ocrx_word' id='word_1_491' title='bbox 2733 812 2938 870; x_wconf 83' lang='lat' dir='ltr'><strong>futurus</strong></span> <span class='ocrx_word' id='word_1_492' title='bbox 2964 834 2976 867; x_wconf 90' lang='lat'><strong>:</strong></span> <span class='ocrx_word' id='word_1_493' title='bbox 3007 829 3130 874; x_wconf 90' lang='lat' dir='ltr'><strong>tunc</strong></span> <span class='ocrx_word' id='word_1_494' title='bbox 3170 837 3367 880; x_wconf 87' lang='lat' dir='ltr'><strong>metum</strong></span> <span class='ocrx_word' id='word_1_495' title='bbox 3397 828 3658 898; x_wconf 80' lang='lat' dir='ltr'><strong>dissolvit,</strong></span> <span class='ocrx_word' id='word_1_496' title='bbox 3686 847 3740 890; x_wconf 90' lang='lat' dir='ltr'><strong>et</strong></span> 
     </span>
    </p>
   </div>
   <div class='ocr_carea' id='block_1_66' title="bbox 2163 898 3740 980">
    <p class='ocr_par' dir='ltr' id='par_1_66' title="bbox 2163 898 3740 980">
     <span class='ocr_line' id='line_1_66' title="bbox 2163 898 3740 980; baseline 0.025 -39"><span class='ocrx_word' id='word_1_497' title='bbox 2163 906 2259 945; x_wconf 92' lang='lat' dir='ltr'><strong>nos</strong></span> <span class='ocrx_word' id='word_1_498' title='bbox 2284 898 2584 953; x_wconf 72' lang='lat' dir='ltr'><strong>(fOllSttialUS</strong></span> <span class='ocrx_word' id='word_1_499' title='bbox 2611 911 2711 966; x_wconf 88' lang='lat' dir='ltr'><strong>est,</strong></span> <span class='ocrx_word' id='word_1_500' title='bbox 2745 904 2880 969; x_wconf 85' lang='lat' dir='ltr'><strong>illos,</strong></span> <span class='ocrx_word' id='word_1_501' title='bbox 2919 909 3058 964; x_wconf 87' lang='lat' dir='ltr'><strong>sicut</strong></span> <span class='ocrx_word' id='word_1_502' title='bbox 3103 912 3243 976; x_wconf 74' lang='lat' dir='ltr'><strong>dixi,</strong></span> <span class='ocrx_word' id='word_1_503' title='bbox 3271 917 3446 973; x_wconf 88' lang='lat' dir='ltr'><strong>media</strong></span> <span class='ocrx_word' id='word_1_504' title='bbox 3493 919 3740 980; x_wconf 89' lang='lat' dir='ltr'><strong>detinens</strong></span> 
     </span>
    </p>
   </div>
   <div class='ocr_carea' id='block_1_67' title="bbox 2161 983 3740 1074">
    <p class='ocr_par' dir='ltr' id='par_1_67' title="bbox 2161 983 3740 1074">
     <span class='ocr_line' id='line_1_67' title="bbox 2161 983 3740 1074; baseline 0.021 -40"><span class='ocrx_word' id='word_1_505' title='bbox 2161 983 2266 1048; x_wconf 88' lang='lat' dir='ltr'><strong>via,</strong></span> <span class='ocrx_word' id='word_1_506' title='bbox 2297 985 2640 1058; x_wconf 81' lang='lat' dir='ltr'><strong>efticieusquc</strong></span> <span class='ocrx_word' id='word_1_507' title='bbox 2662 1002 2718 1045; x_wconf 93' lang='lat' dir='ltr'><strong>ut</strong></span> <span class='ocrx_word' id='word_1_508' title='bbox 2747 995 2780 1047; x_wconf 91' lang='lat' dir='ltr'><strong>ii</strong></span> <span class='ocrx_word' id='word_1_509' title='bbox 2822 997 2910 1064; x_wconf 91' lang='lat' dir='ltr'><strong>qui</strong></span> <span class='ocrx_word' id='word_1_510' title='bbox 2935 999 3081 1054; x_wconf 91' lang='lat' dir='ltr'><strong>illinc</strong></span> <span class='ocrx_word' id='word_1_511' title='bbox 3109 1003 3174 1056; x_wconf 89' lang='lat' dir='ltr'><strong>ad</strong></span> <span class='ocrx_word' id='word_1_512' title='bbox 3203 1021 3299 1058; x_wconf 90' lang='lat' dir='ltr'><strong>nos</strong></span> <span class='ocrx_word' id='word_1_513' title='bbox 3332 1009 3740 1074; x_wconf 79' lang='lat' dir='ltr'><strong>proﬁcisceban-</strong></span> 
     </span>
    </p>
   </div>
   <div class='ocr_carea' id='block_1_68' title="bbox 2161 1077 3736 1170">
    <p class='ocr_par' dir='ltr' id='par_1_68' title="bbox 2161 1077 3736 1170">
     <span class='ocr_line' id='line_1_68' title="bbox 2161 1077 3736 1170; baseline 0.022 -46"><span class='ocrx_word' id='word_1_514' title='bbox 2161 1082 2265 1140; x_wconf 90' lang='lat' dir='ltr'><strong>tur,</strong></span> <span class='ocrx_word' id='word_1_515' title='bbox 2293 1077 2500 1132; x_wconf 83' lang='lat' dir='ltr'><strong>illorum</strong></span> <span class='ocrx_word' id='word_1_516' title='bbox 2537 1098 2630 1150; x_wconf 86' lang='lat' dir='ltr'><strong>per</strong></span> <span class='ocrx_word' id='word_1_517' title='bbox 2651 1085 2788 1139; x_wconf 88' lang='lat' dir='ltr'><strong>viam</strong></span> <span class='ocrx_word' id='word_1_518' title='bbox 2828 1105 3096 1146; x_wconf 70' lang='lat' dir='ltr'><strong>arrnmnas</strong></span> <span class='ocrx_word' id='word_1_519' title='bbox 3139 1097 3292 1150; x_wconf 78' lang='lat' dir='ltr'><strong>nobis</strong></span> <span class='ocrx_word' id='word_1_520' title='bbox 3335 1107 3736 1170; x_wconf 88' lang='lat' dir='ltr'><strong>annuntiarent,</strong></span> 
     </span>
    </p>
   </div>
   <div class='ocr_carea' id='block_1_69' title="bbox 2161 1176 3739 1260">
    <p class='ocr_par' dir='ltr' id='par_1_69' title="bbox 2161 1176 3739 1260">
     <span class='ocr_line' id='line_1_69' title="bbox 2161 1176 3739 1260; baseline 0.022 -44"><span class='ocrx_word' id='word_1_521' title='bbox 2161 1176 2212 1217; x_wconf 89' lang='lat' dir='ltr'><strong>ut</strong></span> <span class='ocrx_word' id='word_1_522' title='bbox 2241 1182 2526 1237; x_wconf 87' lang='lat' dir='ltr'><strong>parumper</strong></span> <span class='ocrx_word' id='word_1_523' title='bbox 2553 1177 2945 1244; x_wconf 86' lang='lat' dir='ltr'><strong>respiraremus</strong></span> <span class='ocrx_word' id='word_1_524' title='bbox 2971 1199 2982 1234; x_wconf 94' lang='lat'>:</span> <span class='ocrx_word' id='word_1_525' title='bbox 3015 1187 3159 1252; x_wconf 91' lang='lat' dir='ltr'><strong>quod</strong></span> <span class='ocrx_word' id='word_1_526' title='bbox 3190 1199 3243 1240; x_wconf 90' lang='lat' dir='ltr'><strong>et</strong></span> <span class='ocrx_word' id='word_1_527' title='bbox 3283 1191 3475 1245; x_wconf 76' lang='lat' dir='ltr'><strong>factum</strong></span> <span class='ocrx_word' id='word_1_528' title='bbox 3523 1205 3637 1260; x_wconf 88' lang='lat' dir='ltr'><strong>est,</strong></span> <span class='ocrx_word' id='word_1_529' title='bbox 3686 1208 3739 1251; x_wconf 81' lang='lat' dir='ltr'><strong>et</strong></span> 
     </span>
    </p>
   </div>
   <div class='ocr_carea' id='block_1_70' title="bbox 2161 1265 3734 1348">
    <p class='ocr_par' dir='ltr' id='par_1_70' title="bbox 2161 1265 3734 1348">
     <span class='ocr_line' id='line_1_70' title="bbox 2161 1265 3734 1348; baseline 0.021 -40"><span class='ocrx_word' id='word_1_530' title='bbox 2161 1272 2402 1326; x_wconf 84' lang='lat' dir='ltr'><strong>magnam</strong></span> <span class='ocrx_word' id='word_1_531' title='bbox 2427 1265 2750 1322; x_wconf 86' lang='lat' dir='ltr'><strong>anxietatum</strong></span> <span class='ocrx_word' id='word_1_532' title='bbox 2779 1279 2981 1338; x_wconf 88' lang='lat' dir='ltr'><strong>partem</strong></span> <span class='ocrx_word' id='word_1_533' title='bbox 3011 1273 3375 1344; x_wconf 88' lang='lat' dir='ltr'><strong>deposuimus.</strong></span> <span class='ocrx_word' id='word_1_534' title='bbox 3405 1281 3498 1337; x_wconf 83' lang='lat' dir='ltr'><strong>llis</strong></span> <span class='ocrx_word' id='word_1_535' title='bbox 3517 1287 3734 1348; x_wconf 87' lang='lat' dir='ltr'><strong>auditis.</strong></span> 
     </span>
    </p>
   </div>
   <div class='ocr_carea' id='block_1_71' title="bbox 2162 1347 3736 1446">
    <p class='ocr_par' dir='ltr' id='par_1_71' title="bbox 2162 1347 3736 1446">
     <span class='ocr_line' id='line_1_71' title="bbox 2162 1347 3736 1446; baseline 0.022 -46"><span class='ocrx_word' id='word_1_536' title='bbox 2162 1347 2349 1404; x_wconf 88' lang='lat' dir='ltr'><strong>horum</strong></span> <span class='ocrx_word' id='word_1_537' title='bbox 2380 1364 2651 1411; x_wconf 89' lang='lat' dir='ltr'><strong>auctorem</strong></span> <span class='ocrx_word' id='word_1_538' title='bbox 2683 1361 3022 1421; x_wconf 87' lang='lat' dir='ltr'><strong>adoravimus</strong></span> <span class='ocrx_word' id='word_1_539' title='bbox 3049 1367 3236 1433; x_wconf 86' lang='lat' dir='ltr'><strong>Deum,</strong></span> <span class='ocrx_word' id='word_1_540' title='bbox 3265 1373 3354 1442; x_wconf 91' lang='lat' dir='ltr'><strong>qui</strong></span> <span class='ocrx_word' id='word_1_541' title='bbox 3386 1385 3532 1442; x_wconf 90' lang='lat' dir='ltr'><strong>patre</strong></span> <span class='ocrx_word' id='word_1_542' title='bbox 3549 1380 3736 1446; x_wconf 87' lang='lat' dir='ltr'><strong>quovis</strong></span> 
     </span>
    </p>
   </div>
   <div class='ocr_carea' id='block_1_72' title="bbox 2163 1441 3742 1534">
    <p class='ocr_par' dir='ltr' id='par_1_72' title="bbox 2163 1441 3742 1534">
     <span class='ocr_line' id='line_1_72' title="bbox 2163 1441 3742 1534; baseline 0.02 -40"><span class='ocrx_word' id='word_1_543' title='bbox 2163 1441 2467 1513; x_wconf 84' lang='lat' dir='ltr'><strong>diligentius</strong></span> <span class='ocrx_word' id='word_1_544' title='bbox 2500 1463 2688 1506; x_wconf 89' lang='lat' dir='ltr'><strong>omnes</strong></span> <span class='ocrx_word' id='word_1_545' title='bbox 2710 1467 2795 1508; x_wconf 88' lang='lat' dir='ltr'><strong>res</strong></span> <span class='ocrx_word' id='word_1_546' title='bbox 2816 1467 3028 1512; x_wconf 89' lang='lat' dir='ltr'><strong>nostras</strong></span> <span class='ocrx_word' id='word_1_547' title='bbox 3055 1475 3192 1516; x_wconf 90' lang='lat' dir='ltr'><strong>nunc</strong></span> <span class='ocrx_word' id='word_1_548' title='bbox 3217 1463 3503 1534; x_wconf 86' lang='lat' dir='ltr'><strong>disposuit,</strong></span> <span class='ocrx_word' id='word_1_549' title='bbox 3557 1469 3742 1525; x_wconf 84' lang='lat' dir='ltr'><strong>invisi-</strong></span> 
     </span>
    </p>
   </div>
   <div class='ocr_carea' id='block_1_73' title="bbox 2160 1535 3718 1630">
    <p class='ocr_par' dir='ltr' id='par_1_73' title="bbox 2160 1535 3718 1630">
     <span class='ocr_line' id='line_1_73' title="bbox 2160 1535 3718 1630; baseline 0.02 -40"><span class='ocrx_word' id='word_1_550' title='bbox 2160 1535 2250 1590; x_wconf 85' lang='lat' dir='ltr'><strong>bili</strong></span> <span class='ocrx_word' id='word_1_551' title='bbox 2289 1536 2503 1604; x_wconf 84' lang='lat' dir='ltr'><strong>quidem</strong></span> <span class='ocrx_word' id='word_1_552' title='bbox 2539 1541 2588 1594; x_wconf 85' lang='lat' dir='ltr'><strong>vi</strong></span> <span class='ocrx_word' id='word_1_553' title='bbox 2631 1544 2901 1614; x_wconf 87' lang='lat' dir='ltr'><strong>improbos</strong></span> <span class='ocrx_word' id='word_1_554' title='bbox 2933 1551 3062 1606; x_wconf 87' lang='lat' dir='ltr'><strong>istos</strong></span> <span class='ocrx_word' id='word_1_555' title='bbox 3086 1556 3350 1612; x_wconf 85' lang='lat' dir='ltr'><strong>cohibens</strong></span> <span class='ocrx_word' id='word_1_556' title='bbox 3371 1563 3615 1630; x_wconf 82' lang='lat' dir='ltr'><strong>tmutios,</strong></span> <span class='ocrx_word' id='word_1_557' title='bbox 3661 1577 3718 1621; x_wconf 87' lang='lat' dir='ltr'><strong>et</strong></span> 
     </span>
    </p>
   </div>
   <div class='ocr_carea' id='block_1_74' title="bbox 2164 1633 3740 1728">
    <p class='ocr_par' dir='ltr' id='par_1_74' title="bbox 2164 1633 3740 1728">
     <span class='ocr_line' id='line_1_74' title="bbox 2164 1633 3740 1728; baseline 0.023 -53"><span class='ocrx_word' id='word_1_558' title='bbox 2164 1633 2364 1680; x_wconf 89' lang='lat' dir='ltr'><strong>tantum</strong></span> <span class='ocrx_word' id='word_1_559' title='bbox 2418 1645 2524 1685; x_wconf 91' lang='lat' dir='ltr'><strong>non</strong></span> <span class='ocrx_word' id='word_1_560' title='bbox 2578 1633 2780 1702; x_wconf 88' lang='lat' dir='ltr'><strong>dicens,</strong></span> <span class='ocrx_word' id='word_1_561' title='bbox 2813 1637 2950 1704; x_wconf 85' lang='lat' dir='ltr'><strong>Quid</strong></span> <span class='ocrx_word' id='word_1_562' title='bbox 3005 1642 3312 1701; x_wconf 72' lang='lat' dir='ltr'><strong>festinat-is?</strong></span> <span class='ocrx_word' id='word_1_563' title='bbox 3331 1652 3523 1719; x_wconf 86' lang='lat' dir='ltr'><strong>quidve</strong></span> <span class='ocrx_word' id='word_1_564' title='bbox 3547 1670 3740 1728; x_wconf 83' lang='lat' dir='ltr'><strong>prope-</strong></span> 
     </span>
    </p>
   </div>
   <div class='ocr_carea' id='block_1_75' title="bbox 2159 1717 3735 1800">
    <p class='ocr_par' dir='ltr' id='par_1_75' title="bbox 2159 1717 3735 1800">
     <span class='ocr_line' id='line_1_75' title="bbox 2159 1717 3735 1800; baseline 0.022 -34"><span class='ocrx_word' id='word_1_565' title='bbox 2159 1720 2286 1768; x_wconf 87' lang='lat' dir='ltr'><strong>ratis</strong></span> <span class='ocrx_word' id='word_1_566' title='bbox 2311 1717 2592 1776; x_wconf 32' lang='lat' dir='ltr'><strong>civitatem.</strong></span> <span class='ocrx_word' id='word_1_567' title='bbox 2613 1725 2766 1780; x_wconf 88' lang='lat' dir='ltr'><strong>talem</strong></span> <span class='ocrx_word' id='word_1_568' title='bbox 2786 1729 3098 1788; x_wconf 76' lang='lat' dir='ltr'><strong>subvertere</strong></span> <span class='ocrx_word' id='word_1_569' title='bbox 3128 1738 3401 1794; x_wconf 87' lang='lat' dir='ltr'><strong>volentes?</strong></span> <span class='ocrx_word' id='word_1_570' title='bbox 3445 1758 3568 1796; x_wconf 91' lang='lat' dir='ltr'><strong>num</strong></span> <span class='ocrx_word' id='word_1_571' title='bbox 3598 1745 3735 1800; x_wconf 81' lang='lat' dir='ltr'><strong>bona</strong></span> 
     </span>
    </p>
   </div>
   <div class='ocr_carea' id='block_1_76' title="bbox 2158 1808 3742 1891">
    <p class='ocr_par' dir='ltr' id='par_1_76' title="bbox 2158 1808 3742 1891">
     <span class='ocr_line' id='line_1_76' title="bbox 2158 1808 3742 1891; baseline 0.021 -34"><span class='ocrx_word' id='word_1_572' title='bbox 2158 1808 2266 1875; x_wconf 88' lang='lat' dir='ltr'><strong>regi</strong></span> <span class='ocrx_word' id='word_1_573' title='bbox 2289 1811 2468 1863; x_wconf 89' lang='lat' dir='ltr'><strong>tmutia</strong></span> <span class='ocrx_word' id='word_1_574' title='bbox 2484 1813 2722 1870; x_wconf 79' lang='lat' dir='ltr'><strong>all&#39;ertis?</strong></span> <span class='ocrx_word' id='word_1_575' title='bbox 2751 1818 2960 1878; x_wconf 77' lang='lat' dir='ltr'><strong>Mantele</strong></span> <span class='ocrx_word' id='word_1_576' title='bbox 2979 1824 3115 1890; x_wconf 84' lang='lat' dir='ltr'><strong>istic,</strong></span> <span class='ocrx_word' id='word_1_577' title='bbox 3131 1827 3302 1884; x_wconf 89' lang='lat' dir='ltr'><strong>donec</strong></span> <span class='ocrx_word' id='word_1_578' title='bbox 3317 1845 3528 1887; x_wconf 88' lang='lat' dir='ltr'><strong>servum</strong></span> <span class='ocrx_word' id='word_1_579' title='bbox 3557 1852 3742 1891; x_wconf 86' lang='lat' dir='ltr'><strong>meum</strong></span> 
     </span>
    </p>
   </div>
   <div class='ocr_carea' id='block_1_77' title="bbox 2158 1903 3748 1986">
    <p class='ocr_par' dir='ltr' id='par_1_77' title="bbox 2158 1903 3748 1986">
     <span class='ocr_line' id='line_1_77' title="bbox 2158 1903 3748 1986; baseline 0.024 -41"><span class='ocrx_word' id='word_1_580' title='bbox 2158 1903 2422 1966; x_wconf 88' lang='lat' dir='ltr'><strong>tamquam</strong></span> <span class='ocrx_word' id='word_1_581' title='bbox 2447 1903 2707 1961; x_wconf 89' lang='lat' dir='ltr'><strong>medicum</strong></span> <span class='ocrx_word' id='word_1_582' title='bbox 2731 1912 2988 1977; x_wconf 89' lang='lat' dir='ltr'><strong>Optimum</strong></span> <span class='ocrx_word' id='word_1_583' title='bbox 3021 1922 3350 1986; x_wconf 70' lang='lat' dir='ltr'><strong>praevenire,</strong></span> <span class='ocrx_word' id='word_1_584' title='bbox 3401 1933 3457 1978; x_wconf 89' lang='lat' dir='ltr'><strong>et</strong></span> <span class='ocrx_word' id='word_1_585' title='bbox 3499 1936 3748 1982; x_wconf 77' lang='lat' dir='ltr'><strong>vestrum</strong></span> 
     </span>
    </p>
   </div>
   <div class='ocr_carea' id='block_1_78' title="bbox 2155 1998 3738 2084">
    <p class='ocr_par' dir='ltr' id='par_1_78' title="bbox 2155 1998 3738 2084">
     <span class='ocr_line' id='line_1_78' title="bbox 2155 1998 3738 2084; baseline 0.022 -48"><span class='ocrx_word' id='word_1_586' title='bbox 2155 1998 2475 2056; x_wconf 62' lang='lat' dir='ltr'><strong>pragvertere</strong></span> <span class='ocrx_word' id='word_1_587' title='bbox 2502 2011 2714 2051; x_wconf 90' lang='lat' dir='ltr'><strong>cursum</strong></span> <span class='ocrx_word' id='word_1_588' title='bbox 2735 1999 2942 2056; x_wconf 77' lang='lat' dir='ltr'><strong>iaciam.</strong></span> <span class='ocrx_word' id='word_1_589' title='bbox 2972 2005 3026 2058; x_wconf 87' lang='lat' dir='ltr'><strong>Si</strong></span> <span class='ocrx_word' id='word_1_590' title='bbox 3059 2023 3188 2061; x_wconf 88' lang='lat' dir='ltr'><strong>vero</strong></span> <span class='ocrx_word' id='word_1_591' title='bbox 3233 2023 3484 2068; x_wconf 88' lang='lat' dir='ltr'><strong>nascente</strong></span> <span class='ocrx_word' id='word_1_592' title='bbox 3531 2032 3738 2084; x_wconf 70' lang='lat' dir='ltr'><strong>praeva-</strong></span> 
     </span>
    </p>
   </div>
   <div class='ocr_carea' id='block_1_79' title="bbox 2155 2078 3732 2164">
    <p class='ocr_par' dir='ltr' id='par_1_79' title="bbox 2155 2078 3732 2164">
     <span class='ocr_line' id='line_1_79' title="bbox 2155 2078 3732 2164; baseline 0.019 -34"><span class='ocrx_word' id='word_1_593' title='bbox 2155 2078 2428 2136; x_wconf 87' lang='lat' dir='ltr'><strong>ricationis</strong></span> <span class='ocrx_word' id='word_1_594' title='bbox 2475 2085 2686 2154; x_wconf 87' lang='lat' dir='ltr'><strong>ulcere,</strong></span> <span class='ocrx_word' id='word_1_595' title='bbox 2741 2099 2882 2146; x_wconf 87' lang='lat' dir='ltr'><strong>tanta</strong></span> <span class='ocrx_word' id='word_1_596' title='bbox 2939 2099 3268 2164; x_wconf 84' lang='lat' dir='ltr'><strong>providentia</strong></span> <span class='ocrx_word' id='word_1_597' title='bbox 3325 2103 3564 2160; x_wconf 76' lang='lat' dir='ltr'><strong>exhibita</strong></span> <span class='ocrx_word' id='word_1_598' title='bbox 3611 2119 3732 2163; x_wconf 85' lang='lat' dir='ltr'><strong>est:</strong></span> 
     </span>
    </p>
   </div>
   <div class='ocr_carea' id='block_1_80' title="bbox 2155 2172 3736 2266">
    <p class='ocr_par' dir='ltr' id='par_1_80' title="bbox 2155 2172 3736 2266">
     <span class='ocr_line' id='line_1_80' title="bbox 2155 2172 3736 2266; baseline 0.02 -44"><span class='ocrx_word' id='word_1_599' title='bbox 2155 2172 2511 2242; x_wconf 76' lang='lat' dir='ltr'><strong>multomagis</strong></span> <span class='ocrx_word' id='word_1_600' title='bbox 2533 2190 2654 2247; x_wconf 87' lang='lat' dir='ltr'><strong>p0st</strong></span> <span class='ocrx_word' id='word_1_601' title='bbox 2698 2187 3126 2256; x_wconf 84' lang='lat' dir='ltr'><strong>conversionem,</strong></span> <span class='ocrx_word' id='word_1_602' title='bbox 3181 2204 3296 2259; x_wconf 91' lang='lat' dir='ltr'><strong>post</strong></span> <span class='ocrx_word' id='word_1_603' title='bbox 3345 2196 3736 2266; x_wconf 66' lang='lat' dir='ltr'><strong>paenitentiam,</strong></span> 
     </span>
    </p>
   </div>
   <div class='ocr_carea' id='block_1_81' title="bbox 2155 2270 3732 2355">
    <p class='ocr_par' dir='ltr' id='par_1_81' title="bbox 2155 2270 3732 2355">
     <span class='ocr_line' id='line_1_81' title="bbox 2155 2270 3732 2355; baseline 0.017 -40"><span class='ocrx_word' id='word_1_604' title='bbox 2155 2270 2274 2328; x_wconf 91' lang='lat' dir='ltr'><strong>post</strong></span> <span class='ocrx_word' id='word_1_605' title='bbox 2315 2275 2517 2322; x_wconf 89' lang='lat' dir='ltr'><strong>tantum</strong></span> <span class='ocrx_word' id='word_1_606' title='bbox 2559 2271 2824 2339; x_wconf 90' lang='lat' dir='ltr'><strong>timorem,</strong></span> <span class='ocrx_word' id='word_1_607' title='bbox 2863 2287 2981 2344; x_wconf 91' lang='lat' dir='ltr'><strong>post</strong></span> <span class='ocrx_word' id='word_1_608' title='bbox 3007 2279 3268 2351; x_wconf 84' lang='lat' dir='ltr'><strong>Iacrymas</strong></span> <span class='ocrx_word' id='word_1_609' title='bbox 3299 2293 3359 2339; x_wconf 82' lang='lat' dir='ltr'><strong>et</strong></span> <span class='ocrx_word' id='word_1_610' title='bbox 3383 2301 3588 2355; x_wconf 86' lang='lat' dir='ltr'><strong>preces,</strong></span> <span class='ocrx_word' id='word_1_611' title='bbox 3617 2307 3732 2343; x_wconf 55' lang='lat' dir='ltr'><strong>ma~</strong></span> 
     </span>
    </p>
   </div>
   <div class='ocr_carea' id='block_1_82' title="bbox 2147 2351 3732 2452">
    <p class='ocr_par' dir='ltr' id='par_1_82' title="bbox 2147 2351 3732 2452">
     <span class='ocr_line' id='line_1_82' title="bbox 2147 2351 3732 2452; baseline 0.021 -48"><span class='ocrx_word' id='word_1_612' title='bbox 2147 2351 2320 2419; x_wconf 87' lang='lat' dir='ltr'><strong>jorem</strong></span> <span class='ocrx_word' id='word_1_613' title='bbox 2355 2357 2653 2414; x_wconf 89' lang='lat' dir='ltr'><strong>libertatem</strong></span> <span class='ocrx_word' id='word_1_614' title='bbox 2677 2379 3088 2436; x_wconf 87' lang='lat' dir='ltr'><strong>consequemur.</strong></span> <span class='ocrx_word' id='word_1_615' title='bbox 3119 2373 3286 2429; x_wconf 81' lang='lat' dir='ltr'><strong>Jonas</strong></span> <span class='ocrx_word' id='word_1_616' title='bbox 3322 2379 3463 2431; x_wconf 83' lang='lat' dir='ltr'><strong>enim</strong></span> <span class='ocrx_word' id='word_1_617' title='bbox 3492 2397 3732 2452; x_wconf 78' lang='lat' dir='ltr'><strong>congrue</strong></span> 
     </span>
    </p>
   </div>
   <div class='ocr_carea' id='block_1_83' title="bbox 2154 2446 3734 2533">
    <p class='ocr_par' dir='ltr' id='par_1_83' title="bbox 2154 2446 3734 2533">
     <span class='ocr_line' id='line_1_83' title="bbox 2154 2446 3734 2533; baseline 0.021 -37"><span class='ocrx_word' id='word_1_618' title='bbox 2154 2446 2466 2514; x_wconf 87' lang='lat' dir='ltr'><strong>pellebatur,</strong></span> <span class='ocrx_word' id='word_1_619' title='bbox 2497 2461 2554 2504; x_wconf 90' lang='lat' dir='ltr'><strong>ut</strong></span> <span class='ocrx_word' id='word_1_620' title='bbox 2581 2453 2646 2506; x_wconf 90' lang='lat' dir='ltr'><strong>ad</strong></span> <span class='ocrx_word' id='word_1_621' title='bbox 2675 2458 3044 2524; x_wconf 67' lang='lat' dir='ltr'><strong>paenitentiam</strong></span> <span class='ocrx_word' id='word_1_622' title='bbox 3093 2463 3406 2533; x_wconf 88' lang='lat' dir='ltr'><strong>induceret;</strong></span> <span class='ocrx_word' id='word_1_623' title='bbox 3459 2487 3554 2526; x_wconf 88' lang='lat' dir='ltr'><strong>vos</strong></span> <span class='ocrx_word' id='word_1_624' title='bbox 3599 2446 3734 2529; x_wconf 59' lang='lat' dir='ltr'><strong>iero</strong></span> 
     </span>
    </p>
   </div>
   <div class='ocr_carea' id='block_1_84' title="bbox 2146 2536 3728 2627">
    <p class='ocr_par' dir='ltr' id='par_1_84' title="bbox 2146 2536 3728 2627">
     <span class='ocr_line' id='line_1_84' title="bbox 2146 2536 3728 2627; baseline 0.02 -42"><span class='ocrx_word' id='word_1_625' title='bbox 2146 2536 2254 2601; x_wconf 91' lang='lat' dir='ltr'><strong>jam</strong></span> <span class='ocrx_word' id='word_1_626' title='bbox 2280 2537 2595 2596; x_wconf 78' lang='lat' dir='ltr'><strong>exhibuistis</strong></span> <span class='ocrx_word' id='word_1_627' title='bbox 2629 2549 2996 2614; x_wconf 76' lang='lat' dir='ltr'><strong>pteniteutiam</strong></span> <span class='ocrx_word' id='word_1_628' title='bbox 3043 2563 3096 2608; x_wconf 90' lang='lat' dir='ltr'><strong>et</strong></span> <span class='ocrx_word' id='word_1_629' title='bbox 3136 2573 3379 2627; x_wconf 87' lang='lat' dir='ltr'><strong>magnam</strong></span> <span class='ocrx_word' id='word_1_630' title='bbox 3415 2566 3728 2618; x_wconf 82' lang='lat' dir='ltr'><strong>conversio-</strong></span> 
     </span>
    </p>
   </div>
   <div class='ocr_carea' id='block_1_85' title="bbox 2149 2817 3730 2908">
    <p class='ocr_par' dir='ltr' id='par_1_85' title="bbox 2149 2817 3730 2908">
     <span class='ocr_line' id='line_1_85' title="bbox 2149 2817 3730 2908; baseline 0.022 -48"><span class='ocrx_word' id='word_1_631' title='bbox 2149 2819 2354 2876; x_wconf 87' lang='lat' dir='ltr'><strong>patrem</strong></span> <span class='ocrx_word' id='word_1_632' title='bbox 2383 2817 2674 2884; x_wconf 89' lang='lat' dir='ltr'><strong>suscitavit,</strong></span> <span class='ocrx_word' id='word_1_633' title='bbox 2708 2829 2764 2876; x_wconf 91' lang='lat' dir='ltr'><strong>et</strong></span> <span class='ocrx_word' id='word_1_634' title='bbox 2787 2825 2998 2892; x_wconf 91' lang='lat' dir='ltr'><strong>quidem</strong></span> <span class='ocrx_word' id='word_1_635' title='bbox 3029 2843 3148 2882; x_wconf 91' lang='lat' dir='ltr'><strong>cum</strong></span> <span class='ocrx_word' id='word_1_636' title='bbox 3177 2833 3342 2887; x_wconf 88' lang='lat' dir='ltr'><strong>multa</strong></span> <span class='ocrx_word' id='word_1_637' title='bbox 3378 2847 3557 2892; x_wconf 87' lang='lat' dir='ltr'><strong>essent</strong></span> <span class='ocrx_word' id='word_1_638' title='bbox 3608 2857 3730 2908; x_wconf 77' lang='lat' dir='ltr'><strong>qua:</strong></span> 
     </span>
    </p>
   </div>
   <div class='ocr_carea' id='block_1_86' title="bbox 2147 2901 3726 2993">
    <p class='ocr_par' dir='ltr' id='par_1_86' title="bbox 2147 2901 3726 2993">
     <span class='ocr_line' id='line_1_86' title="bbox 2147 2901 3726 2993; baseline 0.02 -41"><span class='ocrx_word' id='word_1_639' title='bbox 2147 2901 2528 2969; x_wconf 87' lang='lat' dir='ltr'><strong>prohiberent;</strong></span> <span class='ocrx_word' id='word_1_640' title='bbox 2561 2909 2605 2962; x_wconf 91' lang='lat' dir='ltr'><strong>si</strong></span> <span class='ocrx_word' id='word_1_641' title='bbox 2631 2927 2758 2966; x_wconf 87' lang='lat' dir='ltr'><strong>vero</strong></span> <span class='ocrx_word' id='word_1_642' title='bbox 2783 2929 2888 2968; x_wconf 89' lang='lat' dir='ltr'><strong>non</strong></span> <span class='ocrx_word' id='word_1_643' title='bbox 2920 2922 3250 2989; x_wconf 84' lang='lat' dir='ltr'><strong>pepercisset</strong></span> <span class='ocrx_word' id='word_1_644' title='bbox 3279 2925 3292 2954; x_wconf 89' lang='grc'>¹</span> <span class='ocrx_word' id='word_1_645' title='bbox 3321 2926 3480 2980; x_wconf 84' lang='lat' dir='ltr'><strong>saluti</strong></span> <span class='ocrx_word' id='word_1_646' title='bbox 3503 2939 3726 2993; x_wconf 72' lang='lat' dir='ltr'><strong>nostrm,</strong></span> 
     </span>
    </p>
   </div>
   <div class='ocr_carea' id='block_1_87' title="bbox 2146 2995 3723 3074">
    <p class='ocr_par' dir='ltr' id='par_1_87' title="bbox 2146 2995 3723 3074">
     <span class='ocr_line' id='line_1_87' title="bbox 2146 2995 3723 3074; baseline 0.018 -31"><span class='ocrx_word' id='word_1_647' title='bbox 2146 3007 2252 3046; x_wconf 91' lang='lat' dir='ltr'><strong>non</strong></span> <span class='ocrx_word' id='word_1_648' title='bbox 2283 2995 2356 3048; x_wconf 89' lang='lat' dir='ltr'><strong>illi</strong></span> <span class='ocrx_word' id='word_1_649' title='bbox 2387 3003 2760 3068; x_wconf 89' lang='lat' dir='ltr'><strong>persuasisset,</strong></span> <span class='ocrx_word' id='word_1_650' title='bbox 2793 3007 2957 3063; x_wconf 88' lang='lat' dir='ltr'><strong>sedet</strong></span> <span class='ocrx_word' id='word_1_651' title='bbox 2979 3011 3241 3066; x_wconf 85' lang='lat' dir='ltr'><strong>volentem</strong></span> <span class='ocrx_word' id='word_1_652' title='bbox 3273 3015 3423 3070; x_wconf 84' lang='lat' dir='ltr'><strong>exire</strong></span> <span class='ocrx_word' id='word_1_653' title='bbox 3445 3019 3723 3074; x_wconf 85' lang='lat' dir='ltr'><strong>vetuisset.</strong></span> 
     </span>
    </p>
   </div>
   <div class='ocr_carea' id='block_1_88' title="bbox 2213 3085 3729 3178">
    <p class='ocr_par' dir='ltr' id='par_1_88' title="bbox 2213 3085 3729 3178">
     <span class='ocr_line' id='line_1_88' title="bbox 2213 3085 3729 3178; baseline 0.017 -40"><span class='ocrx_word' id='word_1_654' title='bbox 2213 3085 2266 3139; x_wconf 80' lang='grc'><strong>5.</strong></span> <span class='ocrx_word' id='word_1_655' title='bbox 2298 3085 2567 3144; x_wconf 82' lang='lat' dir='ltr'><strong>Theodosii</strong></span> <span class='ocrx_word' id='word_1_656' title='bbox 2594 3092 2646 3146; x_wconf 85' lang='lat' dir='ltr'><strong>in</strong></span> <span class='ocrx_word' id='word_1_657' title='bbox 2667 3093 2917 3150; x_wconf 84' lang='lat' dir='ltr'><strong>Paschate</strong></span> <span class='ocrx_word' id='word_1_658' title='bbox 2935 3100 3292 3155; x_wconf 83' lang='lat' dir='ltr'><strong>clementia.-—</strong></span> <span class='ocrx_word' id='word_1_659' title='bbox 3313 3105 3552 3162; x_wconf 87' lang='lat' dir='ltr'><strong>Tertium</strong></span> <span class='ocrx_word' id='word_1_660' title='bbox 3570 3109 3729 3178; x_wconf 86' lang='lat' dir='ltr'><strong>quid-</strong></span> 
     </span>
    </p>
   </div>
   <div class='ocr_carea' id='block_1_89' title="bbox 2143 3179 3730 3270">
    <p class='ocr_par' dir='ltr' id='par_1_89' title="bbox 2143 3179 3730 3270">
     <span class='ocr_line' id='line_1_89' title="bbox 2143 3179 3730 3270; baseline 0.017 -40"><span class='ocrx_word' id='word_1_661' title='bbox 2143 3179 2281 3245; x_wconf 91' lang='lat' dir='ltr'><strong>piam</strong></span> <span class='ocrx_word' id='word_1_662' title='bbox 2301 3184 2532 3250; x_wconf 86' lang='lat' dir='ltr'><strong>suppetit</strong></span> <span class='ocrx_word' id='word_1_663' title='bbox 2551 3185 2852 3256; x_wconf 89' lang='lat' dir='ltr'><strong>dicendum,</strong></span> <span class='ocrx_word' id='word_1_664' title='bbox 2881 3192 3023 3260; x_wconf 92' lang='lat' dir='ltr'><strong>quod</strong></span> <span class='ocrx_word' id='word_1_665' title='bbox 3055 3194 3298 3250; x_wconf 82' lang='lat' dir='ltr'><strong>ﬁduciam</strong></span> <span class='ocrx_word' id='word_1_666' title='bbox 3329 3200 3480 3253; x_wconf 90' lang='lat' dir='ltr'><strong>vobis</strong></span> <span class='ocrx_word' id='word_1_667' title='bbox 3513 3202 3730 3270; x_wconf 77' lang='lat' dir='ltr'><strong>pariat,</strong></span> 
     </span>
    </p>
   </div>
   <div class='ocr_carea' id='block_1_90' title="bbox 2142 3277 3724 3353">
    <p class='ocr_par' dir='ltr' id='par_1_90' title="bbox 2142 3277 3724 3353">
     <span class='ocr_line' id='line_1_90' title="bbox 2142 3277 3724 3353; baseline 0.018 -34"><span class='ocrx_word' id='word_1_668' title='bbox 2142 3283 2380 3336; x_wconf 62' lang='lat' dir='ltr'><strong>praesens</strong></span> <span class='ocrx_word' id='word_1_669' title='bbox 2421 3289 2614 3344; x_wconf 90' lang='lat' dir='ltr'><strong>nempe</strong></span> <span class='ocrx_word' id='word_1_670' title='bbox 2643 3277 2987 3349; x_wconf 89' lang='lat' dir='ltr'><strong>solemnitas,</strong></span> <span class='ocrx_word' id='word_1_671' title='bbox 3035 3299 3192 3353; x_wconf 88' lang='lat' dir='ltr'><strong>quam</strong></span> <span class='ocrx_word' id='word_1_672' title='bbox 3222 3295 3278 3340; x_wconf 89' lang='lat' dir='ltr'><strong>et</strong></span> <span class='ocrx_word' id='word_1_673' title='bbox 3319 3287 3560 3344; x_wconf 70' lang='lat' dir='ltr'><strong>infideles</strong></span> <span class='ocrx_word' id='word_1_674' title='bbox 3613 3291 3724 3347; x_wconf 75' lang='lat' dir='ltr'><strong>fere</strong></span> 
     </span>
    </p>
   </div>
   <div class='ocr_carea' id='block_1_91' title="bbox 2141 3371 3724 3448">
    <p class='ocr_par' dir='ltr' id='par_1_91' title="bbox 2141 3371 3724 3448">
     <span class='ocr_line' id='line_1_91' title="bbox 2141 3371 3724 3448; baseline 0.017 -38"><span class='ocrx_word' id='word_1_675' title='bbox 2141 3373 2326 3413; x_wconf 86' lang='lat' dir='ltr'><strong>omnes</strong></span> <span class='ocrx_word' id='word_1_676' title='bbox 2349 3373 2682 3428; x_wconf 87' lang='lat' dir='ltr'><strong>reverentur,</strong></span> <span class='ocrx_word' id='word_1_677' title='bbox 2712 3377 2766 3422; x_wconf 89' lang='lat' dir='ltr'><strong>et</strong></span> <span class='ocrx_word' id='word_1_678' title='bbox 2790 3371 2874 3424; x_wconf 92' lang='lat' dir='ltr'><strong>hic</strong></span> <span class='ocrx_word' id='word_1_679' title='bbox 2895 3372 3007 3441; x_wconf 88' lang='lat' dir='ltr'><strong>ipse</strong></span> <span class='ocrx_word' id='word_1_680' title='bbox 3029 3375 3308 3444; x_wconf 88' lang='lat' dir='ltr'><strong>religiosus</strong></span> <span class='ocrx_word' id='word_1_681' title='bbox 3331 3378 3624 3448; x_wconf 86' lang='lat' dir='ltr'><strong>imperator</strong></span> <span class='ocrx_word' id='word_1_682' title='bbox 3643 3383 3724 3438; x_wconf 88' lang='lat' dir='ltr'><strong>sic</strong></span> 
     </span>
    </p>
   </div>
   <div class='ocr_carea' id='block_1_92' title="bbox 2140 3451 3723 3539">
    <p class='ocr_par' dir='ltr' id='par_1_92' title="bbox 2140 3451 3723 3539">
     <span class='ocr_line' id='line_1_92' title="bbox 2140 3451 3723 3539; baseline 0.018 -40"><span class='ocrx_word' id='word_1_683' title='bbox 2140 3451 2380 3517; x_wconf 73' lang='lat' dir='ltr'><strong>suspexit</strong></span> <span class='ocrx_word' id='word_1_684' title='bbox 2405 3462 2460 3505; x_wconf 90' lang='lat' dir='ltr'><strong>et</strong></span> <span class='ocrx_word' id='word_1_685' title='bbox 2491 3453 2792 3526; x_wconf 86' lang='lat' dir='ltr'><strong>honoravit,</strong></span> <span class='ocrx_word' id='word_1_686' title='bbox 2845 3469 2902 3513; x_wconf 91' lang='lat' dir='ltr'><strong>ut</strong></span> <span class='ocrx_word' id='word_1_687' title='bbox 2927 3476 3114 3518; x_wconf 72' lang='lat' dir='ltr'><strong>ouures</strong></span> <span class='ocrx_word' id='word_1_688' title='bbox 3140 3475 3263 3520; x_wconf 88' lang='lat' dir='ltr'><strong>ante</strong></span> <span class='ocrx_word' id='word_1_689' title='bbox 3288 3481 3348 3522; x_wconf 86' lang='lat' dir='ltr'><strong>se</strong></span> <span class='ocrx_word' id='word_1_690' title='bbox 3372 3483 3491 3522; x_wconf 91' lang='lat' dir='ltr'><strong>cum</strong></span> <span class='ocrx_word' id='word_1_691' title='bbox 3523 3470 3723 3539; x_wconf 85' lang='lat' dir='ltr'><strong>pietate</strong></span> 
     </span>
    </p>
   </div>
   <div class='ocr_carea' id='block_1_93' title="bbox 2141 3539 3720 3628">
    <p class='ocr_par' dir='ltr' id='par_1_93' title="bbox 2141 3539 3720 3628">
     <span class='ocr_line' id='line_1_93' title="bbox 2141 3539 3720 3628; baseline 0.014 -34"><span class='ocrx_word' id='word_1_692' title='bbox 2141 3539 2462 3608; x_wconf 88' lang='lat' dir='ltr'><strong>imperantes</strong></span> <span class='ocrx_word' id='word_1_693' title='bbox 2485 3552 2831 3616; x_wconf 86' lang='lat' dir='ltr'><strong>Superaverit.</strong></span> <span class='ocrx_word' id='word_1_694' title='bbox 2869 3553 3086 3610; x_wconf 89' lang='lat' dir='ltr'><strong>Talibus</strong></span> <span class='ocrx_word' id='word_1_695' title='bbox 3117 3563 3346 3628; x_wconf 85' lang='lat' dir='ltr'><strong>namque</strong></span> <span class='ocrx_word' id='word_1_696' title='bbox 3371 3560 3556 3617; x_wconf 88' lang='lat' dir='ltr'><strong>diebus</strong></span> <span class='ocrx_word' id='word_1_697' title='bbox 3597 3579 3720 3618; x_wconf 86' lang='lat' dir='ltr'><strong>cum</strong></span> 
     </span>
    </p>
   </div>
   <div class='ocr_carea' id='block_1_94' title="bbox 2137 3632 3722 3715">
    <p class='ocr_par' dir='ltr' id='par_1_94' title="bbox 2137 3632 3722 3715">
     <span class='ocr_line' id='line_1_94' title="bbox 2137 3632 3722 3715; baseline 0.017 -33"><span class='ocrx_word' id='word_1_698' title='bbox 2137 3632 2412 3696; x_wconf 71' lang='lat' dir='ltr'><strong>epistolam</strong></span> <span class='ocrx_word' id='word_1_699' title='bbox 2449 3637 2514 3688; x_wconf 90' lang='lat' dir='ltr'><strong>ad</strong></span> <span class='ocrx_word' id='word_1_700' title='bbox 2541 3639 2895 3696; x_wconf 87' lang='lat' dir='ltr'><strong>solemuitatis</strong></span> <span class='ocrx_word' id='word_1_701' title='bbox 2927 3642 3182 3700; x_wconf 89' lang='lat' dir='ltr'><strong>honorem</strong></span> <span class='ocrx_word' id='word_1_702' title='bbox 3223 3649 3482 3715; x_wconf 91' lang='lat' dir='ltr'><strong>misisset,</strong></span> <span class='ocrx_word' id='word_1_703' title='bbox 3529 3667 3722 3708; x_wconf 87' lang='lat' dir='ltr'><strong>omnes</strong></span> 
     </span>
    </p>
   </div>
   <div class='ocr_carea' id='block_1_95' title="bbox 2139 3720 3726 3810">
    <p class='ocr_par' dir='ltr' id='par_1_95' title="bbox 2139 3720 3726 3810">
     <span class='ocr_line' id='line_1_95' title="bbox 2139 3720 3726 3810; baseline 0.015 -37"><span class='ocrx_word' id='word_1_704' title='bbox 2139 3720 2248 3775; x_wconf 78' lang='lat' dir='ltr'><strong>fere</strong></span> <span class='ocrx_word' id='word_1_705' title='bbox 2267 3737 2534 3780; x_wconf 82' lang='lat' dir='ltr'><strong>carcerem</strong></span> <span class='ocrx_word' id='word_1_706' title='bbox 2580 3728 2880 3786; x_wconf 81' lang='lat' dir='ltr'><strong>habitantes</strong></span> <span class='ocrx_word' id='word_1_707' title='bbox 2901 3733 3120 3790; x_wconf 89' lang='lat' dir='ltr'><strong>dimisit.</strong></span> <span class='ocrx_word' id='word_1_708' title='bbox 3155 3737 3221 3791; x_wconf 83' lang='lat' dir='ltr'><strong>Et</strong></span> <span class='ocrx_word' id='word_1_709' title='bbox 3271 3739 3409 3796; x_wconf 87' lang='lat' dir='ltr'><strong>hanc</strong></span> <span class='ocrx_word' id='word_1_710' title='bbox 3435 3743 3726 3810; x_wconf 80' lang='lat' dir='ltr'><strong>epistolam</strong></span> 
     </span>
    </p>
   </div>
   <div class='ocr_carea' id='block_1_96' title="bbox 2135 3812 3720 3902">
    <p class='ocr_par' dir='ltr' id='par_1_96' title="bbox 2135 3812 3720 3902">
     <span class='ocr_line' id='line_1_96' title="bbox 2135 3812 3720 3902; baseline 0.016 -38"><span class='ocrx_word' id='word_1_711' title='bbox 2135 3812 2399 3868; x_wconf 89' lang='lat' dir='ltr'><strong>admissus</strong></span> <span class='ocrx_word' id='word_1_712' title='bbox 2429 3818 2649 3872; x_wconf 88' lang='lat' dir='ltr'><strong>antistes</strong></span> <span class='ocrx_word' id='word_1_713' title='bbox 2681 3831 2862 3876; x_wconf 87' lang='lat' dir='ltr'><strong>noster</strong></span> <span class='ocrx_word' id='word_1_714' title='bbox 2891 3839 3070 3880; x_wconf 88' lang='lat' dir='ltr'><strong>coram</strong></span> <span class='ocrx_word' id='word_1_715' title='bbox 3103 3827 3424 3896; x_wconf 87' lang='lat' dir='ltr'><strong>lmperatore</strong></span> <span class='ocrx_word' id='word_1_716' title='bbox 3451 3833 3623 3902; x_wconf 83' lang='lat' dir='ltr'><strong>leget,</strong></span> <span class='ocrx_word' id='word_1_717' title='bbox 3661 3845 3720 3890; x_wconf 89' lang='lat' dir='ltr'><strong>et</strong></span> 
     </span>
    </p>
   </div>
   <div class='ocr_carea' id='block_1_97' title="bbox 2135 3903 3714 3991">
    <p class='ocr_par' dir='ltr' id='par_1_97' title="bbox 2135 3903 3714 3991">
     <span class='ocr_line' id='line_1_97' title="bbox 2135 3903 3714 3991; baseline 0.015 -37"><span class='ocrx_word' id='word_1_718' title='bbox 2135 3903 2464 3972; x_wconf 89' lang='lat' dir='ltr'><strong>propriarum</strong></span> <span class='ocrx_word' id='word_1_719' title='bbox 2489 3906 2662 3978; x_wconf 81' lang='lat' dir='ltr'><strong>legum</strong></span> <span class='ocrx_word' id='word_1_720' title='bbox 2691 3913 3150 3980; x_wconf 81' lang='lat' dir='ltr'><strong>eommonei‘aciet,</strong></span> <span class='ocrx_word' id='word_1_721' title='bbox 3174 3918 3388 3975; x_wconf 87' lang='lat' dir='ltr'><strong>etdicet</strong></span> <span class='ocrx_word' id='word_1_722' title='bbox 3411 3921 3477 3976; x_wconf 88' lang='lat' dir='ltr'><strong>ad</strong></span> <span class='ocrx_word' id='word_1_723' title='bbox 3505 3923 3676 3991; x_wconf 87' lang='lat' dir='ltr'><strong>ipsum</strong></span> <span class='ocrx_word' id='word_1_724' title='bbox 3700 3941 3714 3976; x_wconf 87' lang='lat'><strong>:</strong></span> 
     </span>
    </p>
   </div>
   <div class='ocr_carea' id='block_1_98' title="bbox 2134 3993 3714 4070">
    <p class='ocr_par' dir='ltr' id='par_1_98' title="bbox 2134 3993 3714 4070">
     <span class='ocr_line' id='line_1_98' title="bbox 2134 3993 3714 4070; baseline 0.014 -22"><span class='ocrx_word' id='word_1_725' title='bbox 2134 3993 2210 4048; x_wconf 90' lang='lat' dir='ltr'><strong>Tu</strong></span> <span class='ocrx_word' id='word_1_726' title='bbox 2235 3997 2462 4065; x_wconf 88' lang='lat' dir='ltr'><strong>teipsum</strong></span> <span class='ocrx_word' id='word_1_727' title='bbox 2491 4002 2796 4070; x_wconf 78' lang='lat' dir='ltr'><strong>exhortare,</strong></span> <span class='ocrx_word' id='word_1_728' title='bbox 2820 4015 2873 4060; x_wconf 90' lang='lat' dir='ltr'><strong>et</strong></span> <span class='ocrx_word' id='word_1_729' title='bbox 2905 4007 2976 4060; x_wconf 91' lang='lat' dir='ltr'><strong>tui</strong></span> <span class='ocrx_word' id='word_1_730' title='bbox 3009 4009 3290 4066; x_wconf 87' lang='lat' dir='ltr'><strong>recordare</strong></span> <span class='ocrx_word' id='word_1_731' title='bbox 3324 4029 3337 4065; x_wconf 91' lang='lat'><strong>:</strong></span> <span class='ocrx_word' id='word_1_732' title='bbox 3363 4011 3714 4070; x_wconf 88' lang='lat' dir='ltr'><strong>domesticum</strong></span> 
     </span>
    </p>
   </div>
   <div class='ocr_carea' id='block_1_99' title="bbox 2133 4083 3712 4169">
    <p class='ocr_par' dir='ltr' id='par_1_99' title="bbox 2133 4083 3712 4169">
     <span class='ocr_line' id='line_1_99' title="bbox 2133 4083 3712 4169; baseline 0.015 -32"><span class='ocrx_word' id='word_1_733' title='bbox 2133 4083 2297 4141; x_wconf 89' lang='lat' dir='ltr'><strong>babes</strong></span> <span class='ocrx_word' id='word_1_734' title='bbox 2328 4087 2668 4148; x_wconf 87' lang='lat' dir='ltr'><strong>humanitatis</strong></span> <span class='ocrx_word' id='word_1_735' title='bbox 2685 4097 2985 4166; x_wconf 87' lang='lat' dir='ltr'><strong>exemplum</strong></span> <span class='ocrx_word' id='word_1_736' title='bbox 3013 4117 3026 4152; x_wconf 87' lang='lat'><strong>:</strong></span> <span class='ocrx_word' id='word_1_737' title='bbox 3051 4101 3247 4169; x_wconf 89' lang='lat' dir='ltr'><strong>justam</strong></span> <span class='ocrx_word' id='word_1_738' title='bbox 3272 4104 3484 4158; x_wconf 88' lang='lat' dir='ltr'><strong>noluisti</strong></span> <span class='ocrx_word' id='word_1_739' title='bbox 3511 4107 3712 4161; x_wconf 64' lang='lat' dir='ltr'><strong>caedem</strong></span> 
     </span>
    </p>
   </div>
   <div class='ocr_carea' id='block_1_100' title="bbox 2131 4181 3711 4258">
    <p class='ocr_par' dir='ltr' id='par_1_100' title="bbox 2131 4181 3711 4258">
     <span class='ocr_line' id='line_1_100' title="bbox 2131 4181 3711 4258; baseline 0.016 -29"><span class='ocrx_word' id='word_1_740' title='bbox 2131 4181 2488 4248; x_wconf 88' lang='lat' dir='ltr'><strong>committere,</strong></span> <span class='ocrx_word' id='word_1_741' title='bbox 2520 4192 2574 4237; x_wconf 91' lang='lat' dir='ltr'><strong>et</strong></span> <span class='ocrx_word' id='word_1_742' title='bbox 2595 4185 2844 4252; x_wconf 85' lang='lat' dir='ltr'><strong>injustam</strong></span> <span class='ocrx_word' id='word_1_743' title='bbox 2881 4199 3091 4258; x_wconf 88' lang='lat' dir='ltr'><strong>patrare</strong></span> <span class='ocrx_word' id='word_1_744' title='bbox 3155 4194 3485 4250; x_wconf 86' lang='lat' dir='ltr'><strong>sustinebis?</strong></span> <span class='ocrx_word' id='word_1_745' title='bbox 3523 4199 3711 4253; x_wconf 65' lang='lat' dir='ltr'><strong>convio</strong></span> 
     </span>
    </p>
   </div>
   <div class='ocr_carea' id='block_1_101' title="bbox 2129 4275 3714 4356">
    <p class='ocr_par' dir='ltr' id='par_1_101' title="bbox 2129 4275 3714 4356">
     <span class='ocr_line' id='line_1_101' title="bbox 2129 4275 3714 4356; baseline 0.014 -35"><span class='ocrx_word' id='word_1_746' title='bbox 2129 4278 2248 4322; x_wconf 90' lang='lat' dir='ltr'><strong>ctos</strong></span> <span class='ocrx_word' id='word_1_747' title='bbox 2275 4279 2328 4324; x_wconf 91' lang='lat' dir='ltr'><strong>et</strong></span> <span class='ocrx_word' id='word_1_748' title='bbox 2353 4275 2736 4331; x_wconf 88' lang='lat' dir='ltr'><strong>condemnatos</strong></span> <span class='ocrx_word' id='word_1_749' title='bbox 2767 4278 3072 4336; x_wconf 84' lang='lat' dir='ltr'><strong>festivitatis</strong></span> <span class='ocrx_word' id='word_1_750' title='bbox 3112 4288 3407 4340; x_wconf 85' lang='lat' dir='ltr'><strong>reverentia</strong></span> <span class='ocrx_word' id='word_1_751' title='bbox 3438 4287 3714 4356; x_wconf 77' lang='lat' dir='ltr'><strong>dimisisti,</strong></span> 
     </span>
    </p>
   </div>
   <div class='ocr_carea' id='block_1_102' title="bbox 2128 4362 3720 4447">
    <p class='ocr_par' dir='ltr' id='par_1_102' title="bbox 2128 4362 3720 4447">
     <span class='ocr_line' id='line_1_102' title="bbox 2128 4362 3720 4447; baseline 0.015 -36"><span class='ocrx_word' id='word_1_752' title='bbox 2128 4371 2181 4412; x_wconf 89' lang='lat' dir='ltr'><strong>et</strong></span> <span class='ocrx_word' id='word_1_753' title='bbox 2231 4362 2469 4418; x_wconf 82' lang='lat' dir='ltr'><strong>insentes</strong></span> <span class='ocrx_word' id='word_1_754' title='bbox 2501 4367 2734 4437; x_wconf 81' lang='lat' dir='ltr'><strong>nihilque</strong></span> <span class='ocrx_word' id='word_1_755' title='bbox 2763 4385 2922 4426; x_wconf 91' lang='lat' dir='ltr'><strong>ausos</strong></span> <span class='ocrx_word' id='word_1_756' title='bbox 2955 4375 3333 4429; x_wconf 91' lang='lat' dir='ltr'><strong>condcmnabis</strong></span> <span class='ocrx_word' id='word_1_757' title='bbox 3357 4417 3371 4440; x_wconf 92' lang='lat'><strong>,</strong></span> <span class='ocrx_word' id='word_1_758' title='bbox 3416 4381 3720 4447; x_wconf 64' lang='lat' dir='ltr'><strong>praesertim~</strong></span> 
     </span>
    </p>
   </div>
   <div class='ocr_carea' id='block_1_103' title="bbox 2128 4451 3716 4535">
    <p class='ocr_par' dir='ltr' id='par_1_103' title="bbox 2128 4451 3716 4535">
     <span class='ocr_line' id='line_1_103' title="bbox 2128 4451 3716 4535; baseline 0.015 -33"><span class='ocrx_word' id='word_1_759' title='bbox 2128 4451 2464 4507; x_wconf 87' lang='lat' dir='ltr'><strong>solemnitate</strong></span> <span class='ocrx_word' id='word_1_760' title='bbox 2509 4459 2815 4524; x_wconf 63' lang='lat' dir='ltr'><strong>praesente?</strong></span> <span class='ocrx_word' id='word_1_761' title='bbox 2858 4459 3221 4532; x_wconf 84' lang='lat' dir='ltr'><strong>Nequaquam,</strong></span> <span class='ocrx_word' id='word_1_762' title='bbox 3267 4465 3578 4535; x_wconf 89' lang='lat' dir='ltr'><strong>Imperator.</strong></span> <span class='ocrx_word' id='word_1_763' title='bbox 3627 4471 3716 4526; x_wconf 87' lang='lat' dir='ltr'><strong>Tu-</strong></span> 
     </span>
    </p>
   </div>
   <div class='ocr_carea' id='block_1_104' title="bbox 2128 4542 3708 4622">
    <p class='ocr_par' dir='ltr' id='par_1_104' title="bbox 2128 4542 3708 4622">
     <span class='ocr_line' id='line_1_104' title="bbox 2128 4542 3708 4622; baseline 0.015 -27"><span class='ocrx_word' id='word_1_764' title='bbox 2128 4542 2265 4598; x_wconf 90' lang='lat' dir='ltr'><strong>hanc</strong></span> <span class='ocrx_word' id='word_1_765' title='bbox 2285 4545 2564 4615; x_wconf 86' lang='lat' dir='ltr'><strong>epistolam</strong></span> <span class='ocrx_word' id='word_1_766' title='bbox 2591 4549 2894 4607; x_wconf 88' lang='lat' dir='ltr'><strong>civitatibus</strong></span> <span class='ocrx_word' id='word_1_767' title='bbox 2917 4555 3164 4610; x_wconf 90' lang='lat' dir='ltr'><strong>omnibus</strong></span> <span class='ocrx_word' id='word_1_768' title='bbox 3191 4559 3438 4622; x_wconf 87' lang='lat' dir='ltr'><strong>mittens,</strong></span> <span class='ocrx_word' id='word_1_769' title='bbox 3491 4561 3708 4619; x_wconf 87' lang='lat' dir='ltr'><strong>aiebas:</strong></span> 
     </span>
    </p>
   </div>
   <div class='ocr_carea' id='block_1_105' title="bbox 2129 4632 3712 4722">
    <p class='ocr_par' dir='ltr' id='par_1_105' title="bbox 2129 4632 3712 4722">
     <span class='ocr_line' id='line_1_105' title="bbox 2129 4632 3712 4722; baseline 0.015 -36"><span class='ocrx_word' id='word_1_770' title='bbox 2129 4632 2336 4689; x_wconf 89' lang='lat' dir='ltr'><strong>Utinam</strong></span> <span class='ocrx_word' id='word_1_771' title='bbox 2364 4649 2418 4692; x_wconf 91' lang='lat' dir='ltr'><strong>ct</strong></span> <span class='ocrx_word' id='word_1_772' title='bbox 2452 4639 2727 4695; x_wconf 86' lang='lat' dir='ltr'><strong>detunctos</strong></span> <span class='ocrx_word' id='word_1_773' title='bbox 2774 4647 3095 4700; x_wconf 87' lang='lat' dir='ltr'><strong>resuscitare</strong></span> <span class='ocrx_word' id='word_1_774' title='bbox 3132 4663 3360 4716; x_wconf 88' lang='lat' dir='ltr'><strong>possem.</strong></span> <span class='ocrx_word' id='word_1_775' title='bbox 3413 4649 3522 4705; x_wconf 87' lang='lat' dir='ltr'><strong>llac</strong></span> <span class='ocrx_word' id='word_1_776' title='bbox 3573 4669 3712 4722; x_wconf 86' lang='lat' dir='ltr'><strong>cpus</strong></span> 
     </span>
    </p>
   </div>
   <div class='ocr_carea' id='block_1_106' title="bbox 2127 4727 3706 4810">
    <p class='ocr_par' dir='ltr' id='par_1_106' title="bbox 2127 4727 3706 4810">
     <span class='ocr_line' id='line_1_106' title="bbox 2127 4727 3706 4810; baseline 0.014 -31"><span class='ocrx_word' id='word_1_777' title='bbox 2127 4727 2382 4784; x_wconf 89' lang='lat' dir='ltr'><strong>habemus</strong></span> <span class='ocrx_word' id='word_1_778' title='bbox 2408 4731 2758 4802; x_wconf 82' lang='lat' dir='ltr'><strong>humanitate,</strong></span> <span class='ocrx_word' id='word_1_779' title='bbox 2805 4735 2887 4792; x_wconf 86' lang='lat' dir='ltr'><strong>his</strong></span> <span class='ocrx_word' id='word_1_780' title='bbox 2917 4755 3057 4794; x_wconf 88' lang='lat' dir='ltr'><strong>nunc</strong></span> <span class='ocrx_word' id='word_1_781' title='bbox 3077 4755 3294 4810; x_wconf 84' lang='lat' dir='ltr'><strong>egeInus</strong></span> <span class='ocrx_word' id='word_1_782' title='bbox 3317 4743 3493 4798; x_wconf 88' lang='lat' dir='ltr'><strong>verbis</strong></span> <span class='ocrx_word' id='word_1_783' title='bbox 3514 4747 3556 4798; x_wconf 84' lang='grc'><strong>¹.</strong></span> <span class='ocrx_word' id='word_1_784' title='bbox 3590 4746 3706 4802; x_wconf 81' lang='lat' dir='ltr'><strong>Non</strong></span> 
     </span>
    </p>
   </div>
   <div class='ocr_carea' id='block_1_107' title="bbox 2125 4821 3706 4902">
    <p class='ocr_par' dir='ltr' id='par_1_107' title="bbox 2125 4821 3706 4902">
     <span class='ocr_line' id='line_1_107' title="bbox 2125 4821 3706 4902; baseline 0.014 -32"><span class='ocrx_word' id='word_1_785' title='bbox 2125 4825 2228 4872; x_wconf 88' lang='lat' dir='ltr'><strong>tam</strong></span> <span class='ocrx_word' id='word_1_786' title='bbox 2258 4821 2429 4874; x_wconf 86' lang='lat' dir='ltr'><strong>ciaros</strong></span> <span class='ocrx_word' id='word_1_787' title='bbox 2452 4823 2574 4879; x_wconf 81' lang='lat' dir='ltr'><strong>facit</strong></span> <span class='ocrx_word' id='word_1_788' title='bbox 2599 4839 2752 4894; x_wconf 82' lang='lat' dir='ltr'><strong>reges</strong></span> <span class='ocrx_word' id='word_1_789' title='bbox 2791 4825 2972 4884; x_wconf 89' lang='lat' dir='ltr'><strong>hostes</strong></span> <span class='ocrx_word' id='word_1_790' title='bbox 2999 4831 3236 4896; x_wconf 89' lang='lat' dir='ltr'><strong>vincere,</strong></span> <span class='ocrx_word' id='word_1_791' title='bbox 3277 4848 3432 4902; x_wconf 90' lang='lat' dir='ltr'><strong>quam</strong></span> <span class='ocrx_word' id='word_1_792' title='bbox 3467 4836 3706 4892; x_wconf 89' lang='lat' dir='ltr'><strong>animmn</strong></span> 
     </span>
    </p>
   </div>
   <div class='ocr_carea' id='block_1_108' title="bbox 2122 4911 3706 4980">
    <p class='ocr_par' dir='ltr' id='par_1_108' title="bbox 2122 4911 3706 4980">
     <span class='ocr_line' id='line_1_108' title="bbox 2122 4911 3706 4980; baseline 0.012 -20"><span class='ocrx_word' id='word_1_793' title='bbox 2122 4919 2175 4961; x_wconf 89' lang='lat' dir='ltr'><strong>et</strong></span> <span class='ocrx_word' id='word_1_794' title='bbox 2205 4911 2336 4963; x_wconf 86' lang='lat' dir='ltr'><strong>iram</strong></span> <span class='ocrx_word' id='word_1_795' title='bbox 2377 4928 2675 4980; x_wconf 88' lang='lat' dir='ltr'><strong>superare:</strong></span> <span class='ocrx_word' id='word_1_796' title='bbox 2717 4916 2824 4970; x_wconf 87' lang='lat' dir='ltr'><strong>illic</strong></span> <span class='ocrx_word' id='word_1_797' title='bbox 2872 4919 3014 4973; x_wconf 91' lang='lat' dir='ltr'><strong>enim</strong></span> <span class='ocrx_word' id='word_1_798' title='bbox 3067 4935 3338 4976; x_wconf 88' lang='lat' dir='ltr'><strong>armorum</strong></span> <span class='ocrx_word' id='word_1_799' title='bbox 3385 4934 3440 4977; x_wconf 92' lang='lat' dir='ltr'><strong>et</strong></span> <span class='ocrx_word' id='word_1_800' title='bbox 3477 4925 3706 4980; x_wconf 90' lang='lat' dir='ltr'><strong>militum</strong></span> 
     </span>
    </p>
   </div>
   <div class='ocr_carea' id='block_1_109' title="bbox 2121 5003 3702 5084">
    <p class='ocr_par' dir='ltr' id='par_1_109' title="bbox 2121 5003 3702 5084">
     <span class='ocr_line' id='line_1_109' title="bbox 2121 5003 3702 5084; baseline 0.013 -32"><span class='ocrx_word' id='word_1_801' title='bbox 2121 5017 2254 5068; x_wconf 89' lang='lat' dir='ltr'><strong>opus</strong></span> <span class='ocrx_word' id='word_1_802' title='bbox 2271 5003 2488 5072; x_wconf 83' lang='lat' dir='ltr'><strong>geritur,</strong></span> <span class='ocrx_word' id='word_1_803' title='bbox 2512 5005 2596 5058; x_wconf 85' lang='lat' dir='ltr'><strong>hic</strong></span> <span class='ocrx_word' id='word_1_804' title='bbox 2615 5023 2738 5062; x_wconf 83' lang='lat' dir='ltr'><strong>vero</strong></span> <span class='ocrx_word' id='word_1_805' title='bbox 2757 5018 2900 5064; x_wconf 88' lang='lat' dir='ltr'><strong>tuum</strong></span> <span class='ocrx_word' id='word_1_806' title='bbox 2914 5011 3077 5066; x_wconf 91' lang='lat' dir='ltr'><strong>solius</strong></span> <span class='ocrx_word' id='word_1_807' title='bbox 3095 5013 3402 5081; x_wconf 90' lang='lat' dir='ltr'><strong>simpliciter</strong></span> <span class='ocrx_word' id='word_1_808' title='bbox 3415 5025 3702 5084; x_wconf 82' lang='lat' dir='ltr'><strong>tr0pamm,</strong></span> 
     </span>
    </p>
   </div>
   <div class='ocr_carea' id='block_1_110' title="bbox 2120 5089 3702 5178">
    <p class='ocr_par' dir='ltr' id='par_1_110' title="bbox 2120 5089 3702 5178">
     <span class='ocr_line' id='line_1_110' title="bbox 2120 5089 3702 5178; baseline 0.012 -35"><span class='ocrx_word' id='word_1_809' title='bbox 2120 5099 2174 5143; x_wconf 88' lang='lat' dir='ltr'><strong>et</strong></span> <span class='ocrx_word' id='word_1_810' title='bbox 2203 5089 2365 5146; x_wconf 86' lang='lat' dir='ltr'><strong>habes</strong></span> <span class='ocrx_word' id='word_1_811' title='bbox 2399 5097 2686 5162; x_wconf 85' lang='lat' dir='ltr'><strong>netninem,</strong></span> <span class='ocrx_word' id='word_1_812' title='bbox 2711 5100 2796 5168; x_wconf 90' lang='lat' dir='ltr'><strong>qui</strong></span> <span class='ocrx_word' id='word_1_813' title='bbox 2832 5109 3003 5155; x_wconf 90' lang='lat' dir='ltr'><strong>tecum</strong></span> <span class='ocrx_word' id='word_1_814' title='bbox 3026 5103 3300 5172; x_wconf 76' lang='lat' dir='ltr'><strong>sapientia:</strong></span> <span class='ocrx_word' id='word_1_815' title='bbox 3324 5107 3546 5176; x_wconf 81' lang='lat' dir='ltr'><strong>gloriam</strong></span> <span class='ocrx_word' id='word_1_816' title='bbox 3577 5124 3702 5178; x_wconf 87' lang='lat' dir='ltr'><strong>par-</strong></span> 
     </span>
    </p>
   </div>
   <div class='ocr_carea' id='block_1_111' title="bbox 2123 5183 3708 5266">
    <p class='ocr_par' dir='ltr' id='par_1_111' title="bbox 2123 5183 3708 5266">
     <span class='ocr_line' id='line_1_111' title="bbox 2123 5183 3708 5266; baseline 0.013 -32"><span class='ocrx_word' id='word_1_817' title='bbox 2123 5183 2296 5235; x_wconf 86' lang='lat' dir='ltr'><strong>tiatur.</strong></span> <span class='ocrx_word' id='word_1_818' title='bbox 2343 5185 2614 5254; x_wconf 82' lang='lat' dir='ltr'><strong>Superasti</strong></span> <span class='ocrx_word' id='word_1_819' title='bbox 2673 5193 2955 5245; x_wconf 88' lang='lat' dir='ltr'><strong>tumultum</strong></span> <span class='ocrx_word' id='word_1_820' title='bbox 2985 5191 3344 5260; x_wconf 85' lang='lat' dir='ltr'><strong>barbaricum,</strong></span> <span class='ocrx_word' id='word_1_821' title='bbox 3396 5211 3589 5266; x_wconf 87' lang='lat' dir='ltr'><strong>supera</strong></span> <span class='ocrx_word' id='word_1_822' title='bbox 3645 5209 3708 5254; x_wconf 83' lang='lat' dir='ltr'><strong>et</strong></span> 
     </span>
    </p>
   </div>
   <div class='ocr_carea' id='block_1_112' title="bbox 2118 5273 3704 5356">
    <p class='ocr_par' dir='ltr' id='par_1_112' title="bbox 2118 5273 3704 5356">
     <span class='ocr_line' id='line_1_112' title="bbox 2118 5273 3704 5356; baseline 0.013 -32"><span class='ocrx_word' id='word_1_823' title='bbox 2118 5273 2350 5328; x_wconf 89' lang='lat' dir='ltr'><strong>animmn</strong></span> <span class='ocrx_word' id='word_1_824' title='bbox 2377 5277 2578 5344; x_wconf 88' lang='lat' dir='ltr'><strong>regium</strong></span> <span class='ocrx_word' id='word_1_825' title='bbox 2608 5295 2621 5333; x_wconf 91' lang='lat'><strong>:</strong></span> <span class='ocrx_word' id='word_1_826' title='bbox 2648 5281 2852 5335; x_wconf 87' lang='lat' dir='ltr'><strong>discant</strong></span> <span class='ocrx_word' id='word_1_827' title='bbox 2882 5285 3342 5352; x_wconf 79' lang='lat' dir='ltr'><strong>omnesiutideles,</strong></span> <span class='ocrx_word' id='word_1_828' title='bbox 3382 5287 3522 5356; x_wconf 89' lang='lat' dir='ltr'><strong>quod</strong></span> <span class='ocrx_word' id='word_1_829' title='bbox 3543 5287 3704 5344; x_wconf 86' lang='lat' dir='ltr'><strong>Chri-</strong></span> 
     </span>
    </p>
   </div>
   <div class='ocr_carea' id='block_1_113' title="bbox 2116 5365 3704 5444">
    <p class='ocr_par' dir='ltr' id='par_1_113' title="bbox 2116 5365 3704 5444">
     <span class='ocr_line' id='line_1_113' title="bbox 2116 5365 3704 5444; baseline 0.013 -30"><span class='ocrx_word' id='word_1_830' title='bbox 2116 5365 2182 5416; x_wconf 87' lang='lat' dir='ltr'><strong>sti</strong></span> <span class='ocrx_word' id='word_1_831' title='bbox 2217 5365 2374 5418; x_wconf 91' lang='lat' dir='ltr'><strong>timor</strong></span> <span class='ocrx_word' id='word_1_832' title='bbox 2393 5381 2605 5422; x_wconf 90' lang='lat' dir='ltr'><strong>omnem</strong></span> <span class='ocrx_word' id='word_1_833' title='bbox 2639 5373 2927 5438; x_wconf 87' lang='lat' dir='ltr'><strong>potentiam</strong></span> <span class='ocrx_word' id='word_1_834' title='bbox 2957 5375 3226 5430; x_wconf 81' lang='lat' dir='ltr'><strong>refrenare</strong></span> <span class='ocrx_word' id='word_1_835' title='bbox 3253 5375 3704 5444; x_wconf 80' lang='lat' dir='ltr'><strong>possit.Gloriiica</strong></span> 
     </span>
    </p>
   </div>
   <div class='ocr_carea' id='block_1_114' title="bbox 2119 5455 3698 5537">
    <p class='ocr_par' dir='ltr' id='par_1_114' title="bbox 2119 5455 3698 5537">
     <span class='ocr_line' id='line_1_114' title="bbox 2119 5455 3698 5537; baseline 0.011 -30"><span class='ocrx_word' id='word_1_836' title='bbox 2119 5455 2398 5510; x_wconf 89' lang='lat' dir='ltr'><strong>Dominum</strong></span> <span class='ocrx_word' id='word_1_837' title='bbox 2430 5467 2597 5523; x_wconf 90' lang='lat' dir='ltr'><strong>tuum,</strong></span> <span class='ocrx_word' id='word_1_838' title='bbox 2625 5465 2902 5516; x_wconf 88' lang='lat' dir='ltr'><strong>conservis</strong></span> <span class='ocrx_word' id='word_1_839' title='bbox 2925 5475 3142 5534; x_wconf 84' lang='lat' dir='ltr'><strong>peccata</strong></span> <span class='ocrx_word' id='word_1_840' title='bbox 3163 5465 3456 5531; x_wconf 88' lang='lat' dir='ltr'><strong>dimittens,</strong></span> <span class='ocrx_word' id='word_1_841' title='bbox 3483 5477 3538 5522; x_wconf 90' lang='lat' dir='ltr'><strong>ut</strong></span> <span class='ocrx_word' id='word_1_842' title='bbox 3579 5469 3698 5537; x_wconf 84' lang='lat' dir='ltr'><strong>ipse</strong></span> 
     </span>
    </p>
   </div>
   <div class='ocr_carea' id='block_1_115' title="bbox 2115 5552 3696 5628">
    <p class='ocr_par' dir='ltr' id='par_1_115' title="bbox 2115 5552 3696 5628">
     <span class='ocr_line' id='line_1_115' title="bbox 2115 5552 3696 5628; baseline 0.01 -29"><span class='ocrx_word' id='word_1_843' title='bbox 2115 5561 2325 5616; x_wconf 90' lang='lat' dir='ltr'><strong>quoque</strong></span> <span class='ocrx_word' id='word_1_844' title='bbox 2357 5559 2407 5604; x_wconf 88' lang='lat' dir='ltr'><strong>te</strong></span> <span class='ocrx_word' id='word_1_845' title='bbox 2445 5552 2612 5620; x_wconf 86' lang='lat' dir='ltr'><strong>magis</strong></span> <span class='ocrx_word' id='word_1_846' title='bbox 2640 5553 2920 5622; x_wconf 84' lang='lat' dir='ltr'><strong>gloriiicet,</strong></span> <span class='ocrx_word' id='word_1_847' title='bbox 2951 5565 3008 5610; x_wconf 87' lang='lat' dir='ltr'><strong>ut</strong></span> <span class='ocrx_word' id='word_1_848' title='bbox 3033 5555 3318 5628; x_wconf 85' lang='lat' dir='ltr'><strong>benignum</strong></span> <span class='ocrx_word' id='word_1_849' title='bbox 3347 5558 3438 5614; x_wconf 89' lang='lat' dir='ltr'><strong>tibi</strong></span> <span class='ocrx_word' id='word_1_850' title='bbox 3468 5567 3519 5614; x_wconf 87' lang='lat' dir='ltr'><strong>et</strong></span> <span class='ocrx_word' id='word_1_851' title='bbox 3549 5565 3696 5614; x_wconf 74' lang='lat' dir='ltr'><strong>trau-</strong></span> 
     </span>
    </p>
   </div>
   <div class='ocr_carea' id='block_1_116' title="bbox 2178 5659 2985 5720">
    <p class='ocr_par' dir='ltr' id='par_1_116' title="bbox 2178 5659 2985 5720">
     <span class='ocr_line' id='line_1_116' title="bbox 2178 5659 2985 5720; baseline 0.015 -14"><span class='ocrx_word' id='word_1_852' title='bbox 2178 5661 2190 5690; x_wconf 84' lang='grc'>¹</span> <span class='ocrx_word' id='word_1_853' title='bbox 2231 5659 2330 5720; x_wconf 80' lang='lat' dir='ltr'><strong>Alii,</strong></span> <span class='ocrx_word' id='word_1_854' title='bbox 2356 5661 2398 5712; x_wconf 83' lang='lat' dir='ltr'><strong>si</strong></span> <span class='ocrx_word' id='word_1_855' title='bbox 2421 5676 2530 5713; x_wconf 78' lang='lat' dir='ltr'><strong>vero</strong></span> <span class='ocrx_word' id='word_1_856' title='bbox 2545 5677 2638 5715; x_wconf 83' lang='lat' dir='ltr'><strong>non</strong></span> <span class='ocrx_word' id='word_1_857' title='bbox 2660 5665 2985 5718; x_wconf 73' lang='lat' dir='ltr'><strong>consuluisset.</strong></span> 
     </span>
    </p>
   </div>
   <div class='ocr_carea' id='block_1_117' title="bbox 2179 5723 3160 5783">
    <p class='ocr_par' dir='ltr' id='par_1_117' title="bbox 2179 5723 3160 5783">
     <span class='ocr_line' id='line_1_117' title="bbox 2179 5723 3160 5783; baseline 0.011 -11"><span class='ocrx_word' id='word_1_858' title='bbox 2179 5723 2198 5752; x_wconf 79' lang='grc'><em>³</em></span> <span class='ocrx_word' id='word_1_859' title='bbox 2231 5724 2350 5774; x_wconf 77' lang='lat' dir='ltr'><strong>Alii:</strong></span> <span class='ocrx_word' id='word_1_860' title='bbox 2377 5724 2573 5776; x_wconf 76' lang='lat' dir='ltr'><strong>Illorum</strong></span> <span class='ocrx_word' id='word_1_861' title='bbox 2588 5741 2712 5778; x_wconf 83' lang='lat' dir='ltr'><strong>nunc</strong></span> <span class='ocrx_word' id='word_1_862' title='bbox 2737 5729 2984 5780; x_wconf 78' lang='lat' dir='ltr'><strong>verborum</strong></span> <span class='ocrx_word' id='word_1_863' title='bbox 3011 5730 3160 5783; x_wconf 69' lang='lat' dir='ltr'><strong>locus.</strong></span> 
     </span>
    </p>
   </div>
  </div>
