4074 6218
454 325 524 380 8?;
1278 323 1336 376 S.
1377 320 1666 378 JOANNIS
1703 321 2192 380 CllliYSUSTOMI
2231 326 2556 383 ARCHIEP.
2597 321 3149 382 CONSTANTINOP.
3827 324 3892 380 86

447 441 546 508 τῆς
565 439 752 509 ὀργῆς.
777 440 889 492 Οὐκ
924 440 1003 502 είς
1036 438 1096 490 τὸ
1139 439 1321 490 πεῖσαι
1356 438 1414 490 δέ
1455 437 1612 508 μόνον
1645 437 1734 490 τὸν
1771 438 1990 508 βασιλέα
2023 457 2120 508 με-

449 527 607 594 γίστη
639 527 787 596 παρά
807 526 906 596 τῆς
930 525 1181 597 νηστείας
1203 524 1405 596 ταύτης
1431 528 1563 594 ἡμῖν
1595 527 1626 594 ἡ
1655 526 1958 596 συμμαχία,
1987 525 2121 580 ἀλλὰ

449 613 540 665 καὶ
579 614 658 676 είς
697 614 754 665 τὸ
787 614 1046 680 γενναίως
1077 615 1316 680 ἐνεγκεῖν
1349 611 1418 664 τὰ
1449 611 1811 682 συμϐαίνοντα
1836 629 1848 642 ·
1888 613 1980 666 καὶ
2013 613 2120 684 γὰρ

449 700 794 770 παράκλησιν
820 699 882 752 οὑ
901 699 999 768 τὴν
1022 699 1291 768 τυχοῦσαν
1317 698 1423 750 ἀπὸ
1444 699 1538 750 τοῦ
1563 699 1755 769 καιροῦ
1781 699 1970 754 τούτου
1994 717 2122 771 καρ-

447 787 718 856 πούμεθα.
759 787 898 838 Αὐτὸ
937 785 1044 857 γὰρ
1080 787 1139 838 τὸ
1175 785 1297 839 καθ’
1345 787 1580 854 ἑκάστην
1625 786 1836 857 ἡμέραν
1871 787 2120 856 συλλέγε-

447 875 591 936 σθαι,
625 876 714 927 καὶ
742 876 839 945 τῆς
863 875 969 926 τῶν
1010 874 1167 926 θείων
1207 873 1434 944 Γραφῶν
1465 873 1780 944 ἀκροάσεως
1805 873 2116 941 ἀπολαύειν,

448 963 539 1016 καὶ
589 963 848 1033 ἀλλήλους
901 963 1144 1032 βλέπειν,
1187 963 1281 1015 καὶ
1323 962 1458 1032 πρὸς
1505 961 1768 1030 ἀλλήλους
1809 961 2115 1033 ὀδύρεσθαι,

447 1050 538 1101 καὶ
567 1051 891 1120 εὐχομένους
921 1051 1016 1102 καὶ
1049 1050 1300 1117 εὐλογίας
1341 1049 1682 1120 δεχομένους,
1725 1049 1898 1113 οὕτως
1933 1050 2118 1103 οἴκαδε

443 1138 686 1203 ἀπιέναι,
735 1138 794 1190 τὸ
831 1139 989 1191 πλέον
1030 1141 1163 1208 ἡμῖν
1211 1138 1574 1207 ὑποτέμνεται
1623 1139 1722 1207 τῆς
1773 1138 1984 1208 ὀδύνης.
2026 1137 2117 1208 Μὴ

443 1223 620 1276 τοίνυν
656 1226 1075 1294 καταπέσωμεν,
1117 1225 1251 1294 μηδέ
1291 1223 1576 1294 προδῶμεν
1611 1225 1836 1287 ἑαυτοὺς
1879 1224 1984 1277 ὑπὸ
2019 1226 2118 1296 τῆς

443 1311 701 1378 ἀγωνίας,
745 1312 881 1365 ἀλλά
927 1313 1176 1382 μένωμεν
1210 1312 1278 1363 τὰ
1309 1311 1522 1383 χρηστά
1563 1311 1986 1382 προσδοκῶντες,
2024 1311 2112 1364 καὶ

443 1399 798 1469 προσέχωμεν
829 1401 943 1460 τοῖς
977 1398 1310 1468 ῥηθήσεσθαι
1345 1397 1616 1468 μέλλουσι.
1649 1401 1760 1452 Καὶ
1791 1399 1900 1468 γὰρ
1932 1397 2117 1468 βούλοο

443 1503 540 1554 μαι
566 1488 803 1558 σήμερον
837 1487 966 1557 περὶ
993 1485 1292 1556 ὑπεροψίας
1323 1486 1550 1539 θανάτου
1581 1487 1928 1557 διαλεχθῆναι
1954 1499 1979 1528 ι
2013 1487 2117 1540 πά-

440 1573 540 1627 λιν.
588 1571 756 1626 Εἶπον
789 1576 916 1644 χθὲς
957 1575 1084 1644 ὑμῖν
1124 1575 1206 1627 ὅτι
1242 1573 1333 1626 τὸν
1381 1573 1608 1627 θάνατον
1640 1575 1979 1646 δεδοίκαμεν,
2015 1577 2115 1628 οὐκ

439 1663 624 1731 ἐπειδὴ
656 1662 884 1732 φοϐερός
915 1663 1061 1714 ἐστιν
1083 1662 1313 1722 ἐκεῖνος,
1339 1660 1452 1713 ἀλλ’
1487 1662 1674 1731 ἐπειδὴ
1699 1661 1809 1715 οὐθ’
1831 1665 1860 1716 6
1887 1663 1984 1731 τῆς
2019 1663 2115 1733 βα-

439 1748 640 1810 σιλείας
666 1749 811 1816 ἡμᾶς
841 1747 980 1816 ἔρως
1007 1747 1230 1817 ἀνῆψεν,
1255 1746 1377 1798 οὐτε
1399 1751 1426 1800 6
1445 1749 1544 1818 τῆς
1564 1749 1788 1818 γεέννης
1803 1749 1965 1818 φόϐος
1985 1766 2115 1802 κατ-

436 1834 616 1904 έσχεν,
659 1835 752 1886 καὶ
787 1835 924 1905 πρὸς
971 1835 1204 1897 τούτοις,
1241 1835 1322 1887 ὅτι
1366 1835 1429 1887 τὸ
1469 1835 1707 1898 συνειδὸς
1771 1836 1872 1889 οὐκ
1919 1835 2114 1906 ἔχομεν

439 1921 661 1988 ἀγαθόν.
689 1922 950 1974 Βούλεσθε
980 1923 1074 1976 καὶ
1100 1923 1367 1994 τετάρτην
1397 1923 1536 1976 εἴπω
1558 1923 1736 1978 αἰτίαν
1762 1925 1860 1994 τῆς
1885 1925 2114 1996 ἀκαίρου

435 2009 636 2079 ταύτης
666 2010 902 2078 ἀγωνίας
941 2011 1040 2062 οὐκ
1071 2009 1347 2073 ἐλάττονα,
1383 2011 1490 2063 τῶν
1519 2012 1798 2082 προτέρων
1821 2011 2112 2082 ἀληθεστέ-

439 2114 570 2166 ραν;
610 2098 684 2151 Οὐ
716 2098 896 2168 ζῶμεν
934 2098 1072 2168 μετά
1099 2098 1199 2167 τῆς
1223 2099 1606 2169 προσηκούσης
1635 2103 1746 2163 τοῖς
1769 2102 2114 2172 Χριστιανοῖς

436 2185 880 2254 σκληραγωγὶας,
915 2185 1053 2238 ἀλλά
1084 2185 1174 2237 τὸν
1208 2187 1374 2256 ὑγρὸν
1402 2186 1592 2240 τοῦτον
1613 2189 1704 2240 καὶ
1731 2187 2112 2258 διαλελυμένον

435 2273 526 2324 καὶ
554 2273 748 2342 χαῦνον
775 2271 1126 2342 ἐζηλώσαμεν
1164 2272 1307 2342 βίον·
1335 2273 1415 2326 διὸ
1442 2275 1536 2327 καὶ
1565 2275 1790 2338 εἰκότως
1818 2279 1931 2339 τοῖς
1967 2293 2112 2346 παρ-

430 2359 580 2412 οῦσιν
615 2358 990 2432 ἐμφιλοχωροῦ
999 2377 1098 2429 μεν
1123 2361 1468 2430 πράγμασιν.

513 2448 598 2508 Ὠς
639 2449 697 2500 εἴ
734 2464 797 2514 γε
844 2448 900 2498 ἐν
943 2447 1218 2516 νηστείαις
1257 2447 1352 2500 καὶ
1401 2449 1689 2519 παννυχίσι
1745 2451 1838 2502 καὶ
1867 2450 2112 2522 εὐτελείᾳ

428 2534 639 2604 διαίτης
668 2538 766 2606 τὴν
793 2536 936 2606 ζωὴν
956 2535 1246 2606 διηνύομεν
1266 2535 1493 2606 ταύτην,
1515 2537 1613 2600 τὰς
1639 2537 1932 2607 ἐπιθυμίας
1952 2537 2111 2608 ἡμῶν

430 2623 787 2686 ἐκκόπτοντες
827 2624 925 2686 τὰς
959 2623 1213 2687 ἀτόπους,
1253 2622 1351 2686 τὰς
1384 2621 1577 2692 ήδονάς
1627 2623 1946 2689 κωλύοντες,
1985 2625 2112 2687 τοὺς

433 2710 662 2780 ἱδρῶτας
694 2711 794 2780 τῆς
829 2711 1028 2780 ἀρετῆς
1058 2710 1445 2780 ὑπομένοντες,
1487 2711 1628 2764 κατὰ
1655 2711 1744 2764 τὸν
1771 2712 1983 2766 Παύλου
2019 2712 2110 2764 λό-

433 2815 528 2866 γον
564 2803 612 2838 ει·
650 2799 1035 2861 ὑποπιέζοντες
1063 2799 1122 2851 τὸ
1158 2798 1318 2868 σῶμα
1360 2798 1454 2850 καὶ
1494 2797 1984 2866 δουλαγωγοῦντες,
2011 2801 2110 2870 τῆς

431 2888 630 2956 σαρκὸς
657 2887 911 2958 πρόνοιαν
945 2887 1018 2958 μὴ
1046 2885 1356 2956 ποιούμενοι
1397 2888 1476 2948 είς
1509 2885 1827 2956 ἐπιθυμίας,
1857 2887 1954 2957 τὴν
1989 2905 2110 2940 στε-

427 2974 524 3045 νήν
564 2975 658 3027 καὶ
703 2974 1074 3044 τεθλιμμένην
1128 2973 1246 3027 ὁδὸν
1295 2973 1592 3038 ὁδεύοντες,
1640 2975 1852 3044 ταχέως
1900 2975 1966 3027 ἂν
2001 2976 2110 3028 τῶν

430 3061 730 3132 μελλόντων
764 3061 1214 3132 ἐπεθυμήσαμεν,
1245 3060 1354 3113 τῶν
1386 3060 1672 3130 παρόντων
1721 3061 1899 3114 πόνων
1933 3062 2109 3114 ἀπαλο

426 3147 658 3220 λαγῆναι
687 3149 1026 3212 σπεύδοντες.
1059 3149 1166 3201 Καὶ
1191 3150 1273 3201 ὃτι
1307 3149 1366 3201 ού
1403 3147 1602 3219 ψευδὴς
1631 3151 1658 3201 ὁ
1679 3149 1834 3215 λόγος
1861 3150 1888 3200 6
1913 3151 2109 3219 ἡμέτε-

431 3253 541 3306 ρος,
572 3235 801 3307 ἀνάϐηθι
839 3237 975 3306 πρὸς
1011 3235 1108 3298 τὰς
1147 3235 1392 3303 κορυφὰς
1427 3235 1534 3288 τῶν
1567 3237 1760 3306 ὀρέων,
1807 3236 1902 3289 καὶ
1937 3237 2108 3290 κατά-

426 3326 571 3394 μαθε
629 3325 755 3386 τοὺς
814 3327 929 3376 ἐκεῖ
986 3323 1277 3393 μοναχοὺς,
1337 3323 1465 3384 τοὺς
1510 3324 1567 3374 ἐν
1613 3323 1820 3392 σάκκῳ,
1872 3323 1998 3387 τοὺς
2049 3325 2108 3378 ἐν

425 3412 661 3482 δεσμοῖς,
708 3413 832 3474 τοὺς
875 3411 932 3461 ἐν
979 3408 1276 3480 νηστείαις,
1328 3409 1456 3470 τοὺς
1514 3411 1570 3460 ἐν
1631 3409 1810 3480 σκότῳ
1873 3429 2106 3464 κατακε-

425 3499 797 3568 κλεισμένους,
828 3497 921 3549 καὶ
945 3497 1063 3566 ὄψει
1096 3496 1299 3557 πάντας
1333 3495 1529 3558 αὐτοῦς
1567 3497 1664 3564 τῆς
1693 3495 1954 3566 τελευτῆς
1989 3499 2108 3550 ἐπι-

425 3585 753 3652 θυμοῦντας,
774 3587 868 3638 καὶ
885 3585 1194 3638 ἀνάπαυσιν
1222 3583 1282 3634 τὸ
1307 3584 1542 3654 πρᾶγμα
1569 3583 1886 3646 καλοῦντας.
1917 3585 2104 3640 Καθά-

425 3691 530 3744 περ
578 3674 686 3745 γὰρ
731 3672 759 3722 ό
805 3671 1090 3724 πυκτεύων
1139 3671 1420 3738 ἐπείγεται
1468 3669 1561 3723 τοῦ
1599 3671 1811 3724 σταδίου
1845 3671 2104 3740 ἐξελθεῖν,

425 3763 512 3816 ἴνα
540 3763 827 3832 ἀπαλλαγῇ
861 3761 968 3814 τῶν
987 3761 1332 3832 τραυμάτων
1357 3760 1450 3813 καὶ
1483 3761 1511 3812 6
1549 3759 1784 3832 ἀθλητὴς
1811 3763 2106 3834 ἀναστῆναι

422 3852 482 3903 τὸ
507 3851 731 3918 θέατρον
757 3849 1036 3917 ἐπιθυμεῖ,
1070 3850 1158 3901 ἵνα
1195 3848 1530 3918 ἐλευθερωθῇ
1574 3849 1682 3900 τῶν
1723 3851 1928 3902 πόνων·
1963 3849 2106 3904 οὑτω

423 3939 515 3990 καὶ
542 3941 568 3989 ὁ
597 3940 654 3989 ἐν
691 3935 912 4007 σκληρῷ
941 3936 1035 3988 καὶ
1067 3937 1390 4006 τραχυτάτῳ
1431 3935 1531 4004 βίῳ
1569 3935 1676 3998 ζῶν
1728 3939 1846 4006 μετ’
1879 3939 2100 4008 ἀρετῆς,

423 4026 681 4095 ἐπιθυμεῖ
709 4025 808 4094 τῆς
835 4025 1113 4094 τελευτῆς,
1162 4025 1250 4077 ἵνα
1295 4025 1388 4076 καὶ
1429 4023 1538 4078 τῶν
1591 4025 1769 4078 πόνων
1813 4027 2101 4099 ἀπαλλαγῇ

423 4114 532 4167 τῶν
567 4114 870 4185 παρόντων,
900 4115 994 4166 καὶ
1029 4111 1170 4184 ὑπὲρ
1201 4111 1309 4164 τῶν
1342 4113 1720 4183 ἀποκειμένων
1761 4114 1858 4184 ἔχῃ
1909 4117 2104 4184 στεφά-

423 4222 526 4256 νων
567 4205 786 4274 θαρρεῖλ
821 4203 954 4274 πρὸς
991 4201 1080 4253 τὸν
1115 4199 1289 4254 εὑδιον
1337 4200 1717 4263 καταπλεύσας
1745 4201 1958 4271 λιμένα,
2009 4207 2102 4257 καὶ

423 4293 539 4342 ἐκεῖ
566 4290 859 4360 μεταστὰς,
900 4289 1028 4340 ἔνθα
1062 4287 1246 4341 λοιπὸν
1284 4288 1384 4340 οὐκ
1421 4287 1566 4339 ἐστιν
1609 4289 1945 4341 ὑποπτεῦσαι
1977 4307 2103 4342 ναυ-

422 4378 594 4444 άγιον.
626 4377 723 4430 Διά
747 4377 905 4429 τοῦτο
936 4377 1030 4430 καὶ
1053 4379 1080 4430 ὁ
1106 4377 1238 4438 Θεὸς
1268 4376 1522 4428 ἐπίπονον
1565 4375 1724 4444 φύσει
1765 4378 1858 4430 καὶ
1895 4378 2099 4448 μοχθη-

422 4467 514 4536 ρὸν
547 4465 638 4518 τὸν
674 4464 788 4534 βίον
825 4465 984 4536 ήμῶν
1011 4463 1433 4526 κατεσκεύασεν,
1471 4464 1557 4518 ἵνα
1585 4464 1690 4518 ὑπὸ
1731 4466 1831 4536 τῆς
1867 4465 2100 4519 ἐνταῦθα

423 4553 823 4623 συνωθούμενοι
849 4553 1101 4622 θλίψεως,
1137 4553 1434 4623 ἐπιθυμίαν
1457 4551 1564 4604 τῶν
1598 4553 1898 4622 μελλόντων
1928 4553 2101 4607 λάϐω-

423 4657 540 4710 μεν.
575 4642 635 4692 Εἰ
666 4640 772 4710 γὰρ
801 4639 896 4691 νῦν
925 4640 1194 4692 τοσούτων
1218 4639 1385 4692 ὄντων
1411 4639 1520 4691 τῶν
1553 4639 1835 4710 λυπηρῶν,
1869 4641 1963 4694 καὶ
1993 4659 2101 4694 κιν-

418 4727 610 4790 δύνων,
647 4729 740 4782 καὶ
781 4715 961 4796 φόϐων
998 4729 1092 4780 καὶ
1124 4727 1719 4798 φροντίδων-πάντοθεν
1763 4729 1910 4798 ἡμᾶς
1945 4745 2100 4799 περι-

420 4816 872 4887 στοιχιζομένων,
925 4813 1098 4878 οὕτως
1151 4814 1637 4884 ὲμφιλοχωροῦμεν
1704 4819 1771 4886 τῇ
1847 4817 2096 4888 παρούσῃ

419 4907 550 4976 ζωῇ,
580 4903 692 4976 [78]
725 4906 770 4956 εἰ
813 4903 978 4974 μηδὲν
1007 4903 1208 4955 τούτων
1233 4898 1319 4972 ῆν,
1350 4903 1463 4956 ἀλλ’
1489 4902 1691 4966 ἄλυπός
1719 4921 1804 4964 τις
1835 4907 1930 4958 καὶ
1963 4908 2097 4959 ἀτα-

421 4993 690 5065 λαίπωρος
722 4995 750 5046 6
785 4991 898 5062 βίος
931 4993 1060 5062 ἡμῖν
1100 4989 1244 5054 ἅπας
1276 4991 1504 5058 ἐγίνετο,
1549 4990 1676 5043 πότε
1717 4991 1780 5042 ἂν
1821 4992 2099 5064 ἐπεθυμή-

423 5098 590 5149 σαμεν
622 5083 729 5134 τῶν
767 5081 1105 5151 μελλόντων;

490 5167 551 5220 δ’.
581 5169 734 5221 Ούτω
763 5169 856 5223 καὶ
896 5167 1165 5230 Ἰουδαίοις
1188 5167 1440 5236 ἐποίησεν
1468 5165 1640 5229 ὁΘεός
1658 5183 1671 5196 ·
1697 5167 1790 5219 καὶ
1821 5167 1927 5240 γὰρ
1957 5168 2095 5220 ἐκεί-

419 5272 543 5316 νους
580 5255 900 5325 βουλόμενος
931 5259 1011 5319 είς
1044 5254 1337 5325 ἐπιθυμίαν
1382 5253 1639 5324 ἐμϐαλεῖν
1681 5255 1780 5325 τῆς
1814 5255 2095 5320 ἐπανόδου,

423 5341 513 5394 καὶ
549 5344 730 5394 πεῖσαι
765 5345 989 5413 μισῆσαι
1019 5344 1116 5414 τὴν
1145 5343 1438 5412 Αἴγυπτον,
1469 5341 1812 5414 συνεχώρησε
1838 5343 1916 5412 τῷ
1944 5342 2097 5412 πηλῷ

421 5429 516 5481 καὶ
549 5431 613 5498 τῇ
657 5428 906 5500 πλινθείᾳ
949 5431 1436 5502 ταλαιπωρεῖσθαι,
1476 5432 1561 5485 ἵνα
1605 5431 1682 5502 τῷ
1717 5432 1940 5502 μεγέθει
1988 5431 2097 5484 τῶν

419 5517 598 5570 πόνων
621 5516 716 5568 καὶ
740 5517 840 5586 τῆς
871 5517 1245 5586 ταλαιπωρίας
1278 5519 1493 5590 ἐκείνης
1529 5521 1823 5590 ἀγχόμενοι
1859 5519 2095 5589 βοήσωσι

419 5604 556 5676 πρὸς
595 5605 685 5658 τὸν
721 5604 854 5656 Θεὸν
899 5604 1026 5672 περὶ
1073 5605 1172 5675 τῆς
1209 5607 1488 5659 ἐπανόδου.
1530 5609 1592 5660 Ei
1637 5609 1744 5679 γὰρ
1782 5607 1846 5677 δὴ
1891 5608 2094 5660 τούτων

417 5691 724 5763 γενομένων
759 5691 1064 5758 ἐξελθόντες
1110 5691 1270 5743 πάλιν
1318 5695 1622 5764 ἐμέμνηντο
1661 5696 1758 5765 τῆς
1797 5695 2091 5764 Αἰγύπτου,

483 5850 510 5878 ³³
535 5849 617 5900 Sic.
638 5849 789 5910 Savil.
816 5849 1173 5910 :nellus_qllnm
1189 5848 1322 5910 )‘gllg.
1347 5849 1680 5910 ει;‹>.εχθ‹ῖ)μεν.
1707 5853 1841 5901 Enn.

485 5912 533 5942 “'
557 5909 656 5960 Alii
678 5912 799 5959 κατὰ
823 5912 902 5958 τὸν
927 5908 1132 5956 Παῧλον.
1163 5907 1281 5957 Ibid.
1310 5910 1392 5958 Sin
1409 5912 1457 5958 il.
1481 5907 1842 5970 ίζέπωπιόιζοντες.

2230 443 2324 496 καὶ
2344 442 2446 512 τῆς
2470 441 2712 512 χαλεπῆς
2731 439 2970 503 δουλείας
2995 441 3089 493 καὶ
3116 440 3251 508 πρὸς
3273 441 3370 510 τὴν
3401 438 3673 511 προτέραν
3699 454 3896 510 τυραν-

2229 528 2347 583 νίδα
2380 529 2738 600 ὑποστρέφειν
2771 527 3076 598 ἠπείγοντο,
3113 531 3162 580 εί
3203 529 3278 597 μὴ
3317 528 3569 580 τοιούτοιν
3604 527 3896 596 ἐπειράθη·-

2231 627 2331 667 σαν
2365 616 2474 669 τῶν
2531 615 2838 687 βαρϐάρων,
2897 616 3028 668 πότε
3079 614 3144 668 ἂν
3199 616 3416 683 ἀφεῖναι
3467 615 3564 686 τὴν
3611 615 3896 686 ἀλλοτρίαν

2229 700 2531 773 ήθέλησαν;
2568 704 2683 755 Ἵνα
2725 700 2816 755 οὖν
2851 703 2946 755 καὶ
2979 704 3140 772 ἡμεῖς
3173 701 3246 772 μὴ
3279 704 3340 772 τῇ
3373 705 3441 772 γῇ
3487 702 3896 772 προσηλωμένοι

2227 789 2482 860 καὶπρὸς
2512 789 2580 842 τὰ
2613 791 2854 860 παρόντα
2893 789 3179 858 κεχηνότες
3221 789 3500 859 ἀλγῶμεν,
3539 790 3630 842 καὶ
3671 789 3895 842 ἐπιλαν-
3949 782 3952 784 ’

2229 872 2516 946 θανώμεθα
2568 875 2678 928 τῶν
2728 874 3061 945 μελλόντων,
3126 876 3398 946 μοχθηρὸν
3453 877 3585 946 ἡμῖν
3641 877 3734 928 τὸν
3783 875 3894 944 βίον

2226 963 2482 1032 ἐποίησεν
2515 965 2543 1014 6
2579 961 2730 1025 Θεός.
2783 961 2873 1032 Μὴ
2911 962 3086 1014 τοίνυν
3139 963 3521 1033 περιεχώμεθα
3561 964 3588 1003 δ
3625 963 3770 1034 πέρα
3799 962 3894 1017 τοῦ

2223 1050 2431 1113 δέοντος
2457 1053 2555 1121 τῆς
2581 1051 2861 1121 παρούσης
2890 1049 3055 1118 ζωῆς.
3083 1050 3146 1103 Τί
3180 1051 3289 1121 γὰρ
3317 1051 3508 1120 ὄφελος
3531 1053 3661 1122 ἡμῖν
3684 1066 3698 1116 ;
3741 1053 3892 1104 ποῖον

2223 1137 2280 1191 δὲ
2321 1138 2512 1209 κέρδος
2553 1141 2617 1191 ἐκ
2653 1140 2746 1192 τοῦ
2779 1137 3160 1210 προσηλῶσθαι
3202 1139 3320 1209 μεθ’
3350 1139 3654 1210 ὑπερϐολῆς
3693 1143 3762 1208 τῇ
3799 1141 3896 1192 τοῦ

2225 1224 2492 1293 παρόντος
2524 1225 2638 1294 ιΞίου
2679 1224 2972 1296 ἐπιθυμίᾳ;
3015 1225 3202 1279 Βούλει
3243 1226 3431 1296 μαθεῖν
3458 1227 3545 1279 διὰ
3579 1227 3632 1278 τί
3673 1225 3838 1278 καλὸν
3861 1229 3895 1296 ή

2232 1311 2475 1382 παροῦσα
2511 1312 2658 1382 ζωή;
2692 1314 2816 1366 Ὅτι
2839 1315 2936 1384 τῆς
2971 1313 3270 1384 μελλούσης
3310 1313 3453 1384 ζωῆς
3479 1315 3612 1382 ἡμῖν
3642 1312 3897 1373 ὑπόθεσις

2223 1397 2433 1464 γίνεται
2467 1399 2560 1451 καὶ
2589 1400 2830 1470 ἀφορμὴ,
2864 1401 2953 1454 καὶ
2991 1401 3222 1471 σκάμμα
3251 1401 3347 1454 καὶ
3393 1401 3602 1454 στάδιον
3633 1402 3741 1453 τῶν
3781 1402 3898 1452 ἐκεῖ

2225 1486 2503 1554 στεφάνων
2544 1487 2718 1540 ἐστίν’
2763 1488 2840 1550 ὡς
2885 1491 2932 1541 εί
2981 1488 3053 1558 μή
3091 1489 3248 1541 τοῦτο
3288 1489 3558 1559 παράσχοι
3603 1491 3756 1558 ἡμῖν,
3793 1505 3896 1558 μυ-

2224 1573 2355 1643 ρίων
2394 1573 2637 1626 θανάτων
2684 1575 2830 1626 ἐστὶν
2858 1575 3212 1646 ἐλεεινοτέρα.
3253 1574 3314 1626 EE
3357 1573 3464 1644 γὰρ
3512 1574 3586 1644 μὴ
3630 1574 3896 1645 μέλλομεν

2223 1659 2425 1724 ζῶντες
2457 1661 2710 1732 ἀρέσκειν
2741 1661 2880 1732 Θεῷ,
2923 1661 3127 1731 βέλτιον
3160 1661 3452 1714 ἀποθανεῖν
3495 1673 3544 1716 ε.
3585 1661 3650 1714 Τί
3691 1661 3801 1732 γάρ
3833 1661 3896 1714 τό

2224 1748 2414 1814 πλέον;
2455 1749 2508 1802 τί
2542 1749 2602 1802 τὸ
2650 1751 2939 1820 περιττόν;
2977 1751 3112 1818 Οὐχὶ
3146 1750 3236 1802 τὸν
3276 1749 3436 1802 αὑτὸν
3473 1749 3624 1820 ἣλιον
3661 1751 3756 1802 καὶ
3797 1749 3896 1819 τὴν

2221 1837 2391 1907 αὐτὴν
2423 1838 2654 1909 σελήνην
2695 1839 2816 1891 γαθ⁸
2851 1840 3086 1908 ἐκάστην
3113 1838 3326 1908 ἡμέραν
3353 1837 3600 1908 ὁρῶμεν;
3647 1838 3767 1908 οὐχὶ
3805 1839 3900 1890 τὸν

2222 1925 2383 1978 αὐτὸν
2415 1927 2658 1997 χειμῶνα
2684 1945 2698 1992 ;
2734 1927 2854 1996 οὐχὶ
2879 1927 2938 1978 τὸ
2970 1927 3102 1979 αὐτὸ
3127 1926 3311 1997 θέρος;
3341 1926 3460 1995 οὐχὶ
3493 1927 3561 1978 τά
3583 1925 3726 1978 αὐτὰ
3757 1927 3900 1996 πρά-

2220 2029 2440 2081 γματα;
2492 2015 2554 2068 Τί
2591 2015 2656 2066 τὸ
2699 2015 2983 2082 γεγονός;
3025 2013 3172 2066 αὐτὸ
3229 2013 3293 2066 τὸ
3345 2013 3771 2081 γενησόμενον.
3833 2015 3898 2067 Τί

2219 2099 2286 2151 τὸ
2315 2099 2755 2170 πεποιημένον;
2783 2099 2930 2154 αὐτὸ
2960 2099 3028 2153 τὸ
3061 2100 3562 2168 ποιηθησόμενον.
3592 2099 3683 2168 Μὴ
3714 2099 3900 2152 τοίνυν

2223 2191 2359 2256 μήτε
2407 2190 2530 2250 τοὺς
2579 2189 2786 2254 ζῶντας
2841 2187 3026 2251 ἁπλῶς
3093 2189 3514 2259 μακαρίξωμεν,
3576 2189 3713 2258 μήτε
3771 2189 3903 2250 τοὺς

2219 2273 2661 2346 ἀποθνήσκοντας
2695 2275 3002 2346 θρηνῶμεν·
3037 2275 3174 2328 ἀλλά
3205 2277 3332 2338 τοὺς
3373 2275 3470 2346 μὲν
3501 2277 3561 2326 ἐν
3597 2275 3901 2346 ἁμαρτίαις

2219 2361 2397 2424 ὄντας,
2436 2362 2538 2416 κᾶν
2571 2361 2704 2424 ζῶσι
2743 2363 2769 2402 ά
2793 2403 2807 2426 ,
2858 2363 2961 2416 κᾶν
3003 2362 3448 2434 τετελευτηκότες
3484 2357 3650 2428 ῶσιν,
3693 2362 3902 2431 ὀδυρὼ-

2223 2449 2363 2519 μεθα
2383 2468 2395 2480 ·
2425 2451 2551 2513 τοὺς
2579 2451 2636 2504 δέ
2667 2453 2723 2503 ἐν
2755 2450 3065 2523 δικαιοσύνῃ
3101 2449 3488 2520 μακαρίζωμεν
3521 2449 3700 2509 πάλιν,
3733 2451 3902 2502 ὅπου·

2221 2552 2326 2606 περ
2357 2535 2423 2589 ἂν
2452 2535 2686 2606 τύχωσιν
2711 2536 2884 2598 ὄντες,
2908 2538 2980 2590 Σὺ
3013 2537 3109 2608 μὲν
3135 2533 3226 2590 οὖν
3254 2537 3350 2590 Eva
3369 2536 3612 2600 δέδοικας
3643 2535 3902 2598 θάνατον,

2219 2621 2314 2672 καλ¹
2345 2622 2582 2692 θρηνεῖς⁶
2608 2625 2636 2676 ό
2661 2622 2872 2686 Παῦλος
2900 2622 2957 2676 δὲ
2983 2623 3104 2676 καθ’
3141 2623 3376 2693 ἑκάστην
3407 2623 3620 2694 ἡμέραν
3651 2623 3904 2692 ἀποθνή-

2221 2727 2363 2761 σκων
2392 2711 2453 2760 οὐ
2488 2710 2644 2779 μόνον
2677 2710 2778 2762 οὐκ
2811 2710 3041 2782 ἐδάκρυε
3080 2709 3170 2764 διὰ
3205 2709 3381 2772 τοῦτο,
3416 2709 3553 2764 ἀλλά
3583 2711 3676 2763 καὶ
3705 2710 3904 2781 ἔχαιρε

2221 2799 2310 2850 καὶ
2338 2798 2620 2866 ἠγάλλετο.
2645 2798 2772 2852 Εἴθε
2793 2798 2949 2867 κάγὼ
2973 2799 3061 2852 διὰ
3086 2799 3176 2851 τὸν
3197 2797 3328 2851 Θεὸν
3349 2798 3706 2860 ἐκινδύνευον,
3737 2799 3904 2868 φησὶ,

2221 2885 2312 2936 καὶ
2341 2885 2441 2938 οὐκ
2469 2885 2534 2938 ἂν
2563 2887 2874 2958 ἐφρόντισα.
2931 2885 3092 2939 Ἀλλά
3114 2886 3245 2958 μηδὲ
3266 2887 3359 2940 νῦν
3397 2885 3714 2958 καταπέσῃς
3733 2903 3747 2915 ο
3773 2887 3908 2939 οὐδὲ

2219 2971 2326 3041 γὰρ
2366 2972 2526 3040 μόνον
2558 2974 2587 3024 6
2617 2974 2706 3027 διά
2749 2974 2840 3026 τὸν
2888 2973 3021 3026 Θεόν
3057 2992 3111 3026 τι
3159 2975 3384 3044 πάσχων
3423 2975 3722 3044 εὐδοκιμεῖ,
3760 2975 3912 3028 ἀλλὰ

2220 3059 2312 3110 καὶ
2341 3062 2369 3112 ό
2397 3059 2594 3123 ἀδίκως
2631 3079 2682 3114 τι
2728 3062 2975 3131 πάσχων,
3007 3063 3102 3115 καὶ
3147 3063 3326 3133 φέρων
3353 3062 3634 3130 γενναίως,
3667 3062 3766 3115 καὶ
3811 3063 3910 3114 εὐ-

2217 3147 2490 3217 χαριστῶν
2513 3147 2589 3218 τῷ
2621 3150 2992 3221 συγχωροῦντι
3025 3149 3164 3220 Θεῷ,
3188 3151 3288 3203 οὐκ
3311 3150 3545 3203 ἐλάττων
3571 3149 3666 3202 τοῦ
3691 3150 3779 3204 διά
3807 3150 3908 3202 τὸν

2217 3234 2348 3286 Θεὸν
2390 3235 2565 3290 ταῦτα
2601 3237 2903 3307 πάσχοντός
2923 3239 3089 3292 ἐστιν.
3123 3239 3276 3290 Ἐπεὶ
3291 3237 3429 3291 καὶὸ
3467 3237 3736 3308 μακάριος
3773 3237 3908 3290 Ἰὼϐ

2216 3323 2314 3383 τὰς
2335 3323 2536 3386 πολλὰς
2569 3326 2663 3378 καὶ
2687 3325 2993 3396 ἀφορήτους
3017 3325 3232 3388 ἐκείνας
3285 3325 3498 3396 πληγὰς
3527 3324 3768 3390 ἐδέξατο,
3797 3325 3907 3378 τοῦ

2216 3410 2459 3465 διαϐόλου
2491 3411 2666 3482 μάτην
2693 3413 2787 3464 καὶ
2806 3413 2927 3482 εἰκῆ
2959 3411 3052 3464 καὶ
3081 3412 3264 3472 ἁπλῶς
3291 3411 3754 3476 ἐπιϐουλεύοντος,
3777 3412 3906 3466 ἀλλ’

2215 3501 2364 3570 ὅμως
2383 3499 2570 3570 ἐπειδὴ
2597 3501 2856 3568 γενναίως
2874 3501 3094 3570 ἤνεγκε,
3123 3502 3219 3553 καὶ
3241 3501 3612 3572 ηὐχαρίστησε
3625 3499 3704 3568 τῷ
3721 3499 3910 3553 ταῦτα

2217 3586 2588 3658 συγχωροῦντι
2624 3586 2762 3657 Θεῷ,
2799 3587 3092 3658 ὁλόκληρον
3125 3588 3216 3641 τὸν
3264 3587 3526 3656 στέφανον
3567 3586 3904 3658 ἀνεδήσατο.

2286 3675 2376 3744 Μὴ
2405 3675 2587 3728 τοίνυν
2614 3673 2785 3726 λυποῦ
2815 3673 2906 3726 διὰ
2945 3674 3037 3726 τὸν
3066 3673 3322 3728 θάνατον’
3362 3674 3575 3742 φύσεως
3607 3675 3718 3744 γάρ
3743 3675 3901 3726 ἐστι·

2214 3758 2385 3812 λυποῦ
2424 3759 2489 3811 δι’
2526 3761 2832 3830 ἁμαρτίαν·
2877 3761 3248 3831 προαιρέσεως
3281 3760 3392 3832 γὰρ
3423 3761 3483 3814 τὸ
3515 3760 3793 3830 ἔγκλημα.
3833 3761 3906 3813 El

2213 3847 2269 3899 δὲ
2295 3846 2438 3917 λυπῇ
2471 3845 2560 3898 δ.ιά
2591 3847 2717 3908 τοὺς
2747 3845 3139 3911 ἀποθανόντας,
3182 3847 3337 3916 ἄλγει
3371 3848 3464 3901 καὶ
3502 3847 3590 3901 διά
3617 3849 3746 3910 τοὺς
3777 3864 3908 3915 γεν-

2214 3935 2513 4003 νωμένους·
2545 3934 2733 4005 ὥσπερ
2761 3935 2868 4006 γὰρ
2901 3935 3060 3988 τοῦτο
3091 3935 3325 4005 φύσεως,
3355 3935 3498 3988 οὑτω
3529 3937 3752 3988 κάκεῖνο
3787 3935 3908 4003 φύ-

2217 4039 2372 4086 σεως.
2408 4025 2505 4076 Ἂν
2533 4022 2710 4076 τοίνυν
2755 4023 3027 4096 ἀπειλήσῃ
3063 4041 3146 4087 τις
3187 4023 3433 4086 θάνατον,
3479 4024 3602 4076 είπέ
3637 4023 3778 4094 πρὸς
3801 4024 3910 4076 αὐ-

2211 4110 2323 4162 τόν’
2373 4109 2726 4176 Ἐπαιδεύθην
2767 4111 2916 4183 παρὰ
2935 4109 3030 4162 τοῦ
3071 4109 3308 4184 Χριστοῦ
3349 4112 3421 4180 μὴ
3465 4110 3754 4178 φοϐεῖσθαι
3784 4112 3912 4162 ἀπὺ

2211 4197 2319 4250 τῶν
2343 4199 2768 4251 ἀποκτεινόντων
2784 4197 2844 4250 τὸ
2870 4197 3048 4268 σῶμα,
3079 4197 3176 4269 τὴν
3198 4198 3252 4250 δέ
3275 4197 3452 4268 ψυχὴν
3481 4197 3556 4267 μὴ
3574 4197 3911 4268 δυναμένων

2212 4284 2547 4338 ἀποκτεῖναι.
2579 4284 2694 4356 [79]
2726 4287 2821 4337 “Av
2843 4285 3038 4356 ἀπειλῇ
3065 4285 3127 4352 δή
3141 4303 3334 4354 μευσιν-
3359 4284 3568 4347 οὐσίας,
3597 4285 3723 4336 είπὲ
3755 4285 3914 4354 πρὸς

2211 4373 2373 4425 αὐτόν
2399 4389 2410 4404 ο
2473 4373 2716 4440 Γυιιιρός
2763 4372 3029 4440 ἐξῆλθον
3073 4373 3140 4426 ἐκ
3189 4373 3422 4438 κοιλίας
3461 4372 3694 4453 μητρός
3731 4389 3910 4440 μου,

2210 4463 2435 4528 γυμνὸς
2473 4461 2572 4512 καὶ
2617 4461 3045 4529 ἀπελεύσομαι·
3110 4460 3303 4514 Οὐδὲν
3341 4457 3784 4528 εἰσηνέγκαμεν
3805 4464 3914 4526 εἰς

2209 4548 2316 4602 τὸν
2352 4549 2584 4618 κόσμον
2626 4549 2860 4614 τοῦτον,
2905 4547 3098 4616 δῆλον
3147 4549 3236 4602 ὅτι
3277 4547 3418 4602 οὐδὲ
3463 4547 3814 4615 ἐξενεγκεῖν
3849 4568 3914 4604 τι

2207 4636 2589 4706 δυνησόμεθα
2613 4655 2626 4668 ·
2684 4635 2786 4690 κᾶν
2840 4636 2914 4707 μή
2981 4638 3044 4689 σὺ
3105 4636 3296 4709 λάϐῃς,
3355 4637 3586 4702 θάνατος
3635 4641 3914 4696 ἐπελθὼν

2209 4726 2466 4796 λήψεται·
2527 4725 2628 4778 κᾶν
2685 4727 2758 4796 μὴ
2801 4726 2866 4777 σὺ
2907 4725 3154 4796 σφάξῃς,
3211 4729 3236 4778 6
3300 4727 3398 4799 τῆς
3449 4727 3668 4795 φύσεως
3731 4733 3918 4784 ἐπελ-

2209 4813 2316 4866 θὼν
2345 4815 2508 4884 νόμος
2547 4814 2681 4866 οίσει
2715 4814 2812 4884 τὴν
2839 4812 3115 4884 τελευτήν.
3157 4814 3341 4884 Μηδὲν
3373 4816 3554 4868 τοίνυν
3587 4816 3918 4888 φοϐώμεθα.

2206 4901 2317 4952 τῶν
2343 4901 2452 4957 ἀπὸ
2495 4902 2594 4970 τῆς
2626 4900 2838 4968 φύσεως
2873 4891 3010 4970 ἡμῖν’
3033 4901 3406 4971 ἐπαγομένων,
3448 4903 3563 4956 ἀλλ’
3601 4905 3798 4958 ἐκεῖνα
3833 4909 3920 4961 τὰ

2209 4993 2271 5042 ἐκ
2299 4990 2542 5059 πονηρᾶς
2575 4991 2707 5059 ήμῖν
2742 4989 3066 5059 ἐγγινόμενα
3103 4992 3502 5060 προαιρέσεως·
3550 4991 3740 5046 ἐκεῖνα
3781 4999 3920 5067 γὰρ

2208 5078 2338 5146 ἡμῖν
2362 5075 2534 5129 τίκτει
2555 5076 2652 5146 τὴν
2682 5077 2925 5129 κόλασιν.
2959 5075 3128 5129 Τοῦτο
3151 5077 3206 5130 δέ
3237 5077 3584 5149 λογιζώμεθα
3615 5081 3922 5151 διηνεκῶς

2207 5164 2299 5214 ἐπὶ
2334 5163 2442 5214 τῶν
2487 5164 2892 5234 συμϐαινόντων
2931 5167 3066 5234 ἡμῖν
3105 5165 3405 5235 ἀδοκήτως,
3443 5168 3525 5220 ὅτι
3559 5168 3620 5219 οὑ
3659 5167 3922 5240 διορθώ-

2207 5266 2371 5318 σομεν
2405 5250 2539 5302 αὑτά
2587 5249 2895 5317 ἀλγοῦντες,
2932 5251 3023 5304 καὶ
3065 5252 3384 5322 παυσόμεθα
3419 5252 3740 5321 ἀλγοῦντες·
3795 5261 3924 5312 κά..

2206 5339 2352 5388 κεῖνο
2391 5335 2530 5405 μετὰ
2567 5337 2755 5390 τούτου
2799 5337 2990 5402 πάλιν,
3043 5339 3124 5391 ὅτι
3166 5338 3260 5391 ἐὰν
3301 5338 3563 5410 πάθωμὲν
3601 5357 3658 5393 τι
3709 5341 3926 5399 δεινὸν

2205 5422 2344 5475 κατά
2388 5425 2478 5476 τὸν
2517 5425 2758 5495 παρόντα
2793 5425 2908 5494 βίον
2951 5425 3170 5488 ἀδίκως,
3221 5425 3509 5495 διαλύομεν
3551 5426 3730 5480 πολλὰ
3779 5431 3926 5486 τῶν

2204 5511 2634 5583 ἁμαρτημάτων.
2693 5513 2784 5566 Διὸ
2843 5513 2984 5583 μέγα
3039 5514 3244 5581 ἀγαθὸν
3295 5514 3528 5567 ἐνταῦθα
3577 5515 3930 5574 ἀπολαϐεῖν

2206 5599 2595 5670 ἁμαρτήματα,
2627 5602 2722 5655 καὶ
2756 5601 2830 5672 μὴ
2863 5605 2996 5654 ἐκεῖ·
3022 5604 3114 5655 καὶ
3139 5603 3246 5674 γάρ
3272 5605 3300 5656 6
3325 5603 3576 5666 πλούσιος
3607 5603 3772 5657 οὐδὲν
3813 5610 3928 5660 ὲν-

2204 5684 2375 5738 ταῦθα
2399 5687 2568 5739 δεινὸν
2589 5687 2848 5752 ἀπέλαϐε,
2873 5689 2966 5742 καὶ
2991 5689 3078 5742 διά
3097 5690 3255 5744 τοῦτο
3279 5692 3395 5744 ἐκεῖ
3421 5690 3928 5762 ἀπετηγανίζετα.

2267 5792 2293 5831 h
2319 5791 2412 5854 ᾼΙὶἰ
2437 5793 2665 5854 ἐχώμεθα.

2267 5855 2292 5927 ξ
2321 5853 2763 5927 _S.a_yil’."ctuquidam
2785 5855 2868 5907 alii
2887 5855 3119 5906 ἀπελθεῖν.

2247 5911 2293 5990 ’δ
2311 5913 2410 5966 Alii
2434 5916 2519 5964 κᾶν
2543 5911 2723 5975 ζῶντες.
