  <div class='ocr_page' id='page_1' title='image "/cluster/home/n/w/nwhite01/storage/ocr_20150623/49/hvd.32044054086806/086.png"; bbox 0 0 4074 6218; ppageno 0'>
   <div class='ocr_carea' id='block_1_1' title="bbox 236 278 3508 378">
    <p class='ocr_par' dir='ltr' id='par_1_1' title="bbox 236 278 3508 378">
     <span class='ocr_line' id='line_1_1' title="bbox 236 278 3508 378; baseline 0.015 -54"><span class='ocrx_word' id='word_1_1' title='bbox 236 278 305 332; x_wconf 81' lang='lat'><strong>85</strong></span> <span class='ocrx_word' id='word_1_2' title='bbox 1177 284 1268 338; x_wconf 84' lang='lat' dir='ltr'><strong>AD</strong></span> <span class='ocrx_word' id='word_1_3' title='bbox 1306 284 1624 343; x_wconf 73' lang='lat' dir='ltr'><strong>POPULUM</strong></span> <span class='ocrx_word' id='word_1_4' title='bbox 1667 289 2152 350; x_wconf 76' lang='lat' dir='ltr'><strong>ANTIOCHENUM</strong></span> <span class='ocrx_word' id='word_1_5' title='bbox 2217 299 2442 355; x_wconf 77' lang='lat' dir='ltr'><strong>llOMll..</strong></span> <span class='ocrx_word' id='word_1_6' title='bbox 2488 300 2571 356; x_wconf 74' lang='lat' dir='ltr'><strong>Vl.</strong></span> <span class='ocrx_word' id='word_1_7' title='bbox 3443 324 3508 378; x_wconf 80' lang='lat'><strong>86</strong></span> 
     </span>
    </p>
   </div>
   <div class='ocr_carea' id='block_1_2' title="bbox 238 392 1823 462">
    <p class='ocr_par' dir='ltr' id='par_1_2' title="bbox 238 392 1823 462">
     <span class='ocr_line' id='line_1_2' title="bbox 238 392 1823 462; baseline 0.006 -16"><span class='ocrx_word' id='word_1_8' title='bbox 238 395 459 462; x_wconf 87' lang='lat' dir='ltr'><strong>quillmn</strong></span> <span class='ocrx_word' id='word_1_9' title='bbox 496 395 706 448; x_wconf 82' lang='lat' dir='ltr'><strong>oeultuu</strong></span> <span class='ocrx_word' id='word_1_10' title='bbox 731 393 782 448; x_wconf 90' lang='lat' dir='ltr'><strong>in</strong></span> <span class='ocrx_word' id='word_1_11' title='bbox 805 392 988 462; x_wconf 86' lang='lat' dir='ltr'><strong>judicii</strong></span> <span class='ocrx_word' id='word_1_12' title='bbox 1015 395 1100 450; x_wconf 88' lang='lat' dir='ltr'><strong>die</strong></span> <span class='ocrx_word' id='word_1_13' title='bbox 1125 397 1425 452; x_wconf 75' lang='lat' dir='ltr'><strong>clementia:</strong></span> <span class='ocrx_word' id='word_1_14' title='bbox 1449 407 1549 453; x_wconf 66' lang='lat' dir='ltr'><strong>tua!</strong></span> <span class='ocrx_word' id='word_1_15' title='bbox 1577 401 1823 455; x_wconf 85' lang='lat' dir='ltr'><strong>recorda-</strong></span> 
     </span>
    </p>
   </div>
   <div class='ocr_carea' id='block_1_3' title="bbox 239 484 1820 555">
    <p class='ocr_par' dir='ltr' id='par_1_3' title="bbox 239 484 1820 555">
     <span class='ocr_line' id='line_1_3' title="bbox 239 484 1820 555; baseline 0.008 -20"><span class='ocrx_word' id='word_1_16' title='bbox 239 498 325 538; x_wconf 80' lang='lat' dir='ltr'><strong>tus</strong></span> <span class='ocrx_word' id='word_1_17' title='bbox 351 485 625 539; x_wconf 82' lang='lat' dir='ltr'><strong>exhibeat.</strong></span> <span class='ocrx_word' id='word_1_18' title='bbox 664 484 788 538; x_wconf 83' lang='lat' dir='ltr'><strong>llaec</strong></span> <span class='ocrx_word' id='word_1_19' title='bbox 823 495 876 538; x_wconf 88' lang='lat' dir='ltr'><strong>et</strong></span> <span class='ocrx_word' id='word_1_20' title='bbox 906 486 989 540; x_wconf 91' lang='lat' dir='ltr'><strong>his</strong></span> <span class='ocrx_word' id='word_1_21' title='bbox 1031 488 1178 555; x_wconf 90' lang='lat' dir='ltr'><strong>plura</strong></span> <span class='ocrx_word' id='word_1_22' title='bbox 1214 489 1376 554; x_wconf 88' lang='lat' dir='ltr'><strong>dicet,</strong></span> <span class='ocrx_word' id='word_1_23' title='bbox 1417 501 1468 544; x_wconf 91' lang='lat' dir='ltr'><strong>et</strong></span> <span class='ocrx_word' id='word_1_24' title='bbox 1500 506 1596 545; x_wconf 91' lang='lat' dir='ltr'><strong>nos</strong></span> <span class='ocrx_word' id='word_1_25' title='bbox 1639 494 1708 548; x_wconf 89' lang='lat' dir='ltr'><strong>ab</strong></span> <span class='ocrx_word' id='word_1_26' title='bbox 1747 494 1820 548; x_wconf 89' lang='lat' dir='ltr'><strong>ira</strong></span> 
     </span>
    </p>
   </div>
   <div class='ocr_carea' id='block_1_4' title="bbox 235 577 1824 654">
    <p class='ocr_par' dir='ltr' id='par_1_4' title="bbox 235 577 1824 654">
     <span class='ocr_line' id='line_1_4' title="bbox 235 577 1824 654; baseline 0.005 -23"><span class='ocrx_word' id='word_1_27' title='bbox 235 581 450 646; x_wconf 86' lang='lat' dir='ltr'><strong>penitus</strong></span> <span class='ocrx_word' id='word_1_28' title='bbox 475 577 685 646; x_wconf 78' lang='lat' dir='ltr'><strong>eripiet.</strong></span> <span class='ocrx_word' id='word_1_29' title='bbox 715 578 828 631; x_wconf 85' lang='lat' dir='ltr'><strong>Non</strong></span> <span class='ocrx_word' id='word_1_30' title='bbox 854 586 1054 631; x_wconf 89' lang='lat' dir='ltr'><strong>tantum</strong></span> <span class='ocrx_word' id='word_1_31' title='bbox 1077 589 1254 634; x_wconf 88' lang='lat' dir='ltr'><strong>autem</strong></span> <span class='ocrx_word' id='word_1_32' title='bbox 1283 582 1348 633; x_wconf 88' lang='lat' dir='ltr'><strong>ad</strong></span> <span class='ocrx_word' id='word_1_33' title='bbox 1376 582 1682 650; x_wconf 92' lang='lat' dir='ltr'><strong>Imperatori</strong></span> <span class='ocrx_word' id='word_1_34' title='bbox 1709 602 1824 654; x_wconf 86' lang='lat' dir='ltr'><strong>per-</strong></span> 
     </span>
    </p>
   </div>
   <div class='ocr_carea' id='block_1_5' title="bbox 234 669 1820 740">
    <p class='ocr_par' dir='ltr' id='par_1_5' title="bbox 234 669 1820 740">
     <span class='ocr_line' id='line_1_5' title="bbox 234 669 1820 740; baseline 0.005 -19"><span class='ocrx_word' id='word_1_35' title='bbox 234 669 563 722; x_wconf 88' lang='lat' dir='ltr'><strong>suadendum</strong></span> <span class='ocrx_word' id='word_1_36' title='bbox 585 669 874 724; x_wconf 78' lang='lat' dir='ltr'><strong>maximum</strong></span> <span class='ocrx_word' id='word_1_37' title='bbox 903 685 968 724; x_wconf 89' lang='lat' dir='ltr'><strong>ex</strong></span> <span class='ocrx_word' id='word_1_38' title='bbox 998 670 1100 724; x_wconf 88' lang='lat' dir='ltr'><strong>hoc</strong></span> <span class='ocrx_word' id='word_1_39' title='bbox 1124 671 1331 740; x_wconf 86' lang='lat' dir='ltr'><strong>jejunio</strong></span> <span class='ocrx_word' id='word_1_40' title='bbox 1363 674 1518 727; x_wconf 89' lang='lat' dir='ltr'><strong>nobis</strong></span> <span class='ocrx_word' id='word_1_41' title='bbox 1557 687 1638 730; x_wconf 89' lang='lat' dir='ltr'><strong>est</strong></span> <span class='ocrx_word' id='word_1_42' title='bbox 1666 677 1820 729; x_wconf 79' lang='lat' dir='ltr'><strong>auxi-</strong></span> 
     </span>
    </p>
   </div>
   <div class='ocr_carea' id='block_1_6' title="bbox 236 760 1819 830">
    <p class='ocr_par' dir='ltr' id='par_1_6' title="bbox 236 760 1819 830">
     <span class='ocr_line' id='line_1_6' title="bbox 236 760 1819 830; baseline 0.004 -17"><span class='ocrx_word' id='word_1_43' title='bbox 236 763 386 825; x_wconf 83' lang='lat' dir='ltr'><strong>lium,</strong></span> <span class='ocrx_word' id='word_1_44' title='bbox 418 760 513 814; x_wconf 89' lang='lat' dir='ltr'><strong>sed</strong></span> <span class='ocrx_word' id='word_1_45' title='bbox 551 761 710 814; x_wconf 89' lang='lat' dir='ltr'><strong>etiam</strong></span> <span class='ocrx_word' id='word_1_46' title='bbox 738 761 802 813; x_wconf 91' lang='lat' dir='ltr'><strong>ad</strong></span> <span class='ocrx_word' id='word_1_47' title='bbox 834 775 990 814; x_wconf 89' lang='lat' dir='ltr'><strong>casus</strong></span> <span class='ocrx_word' id='word_1_48' title='bbox 1011 777 1269 830; x_wconf 82' lang='lat' dir='ltr'><strong>generose</strong></span> <span class='ocrx_word' id='word_1_49' title='bbox 1299 762 1548 818; x_wconf 91' lang='lat' dir='ltr'><strong>ferendos</strong></span> <span class='ocrx_word' id='word_1_50' title='bbox 1579 783 1592 819; x_wconf 92' lang='lat'>:</span> <span class='ocrx_word' id='word_1_51' title='bbox 1624 767 1819 821; x_wconf 87' lang='lat' dir='ltr'><strong>etenim</strong></span> 
     </span>
    </p>
   </div>
   <div class='ocr_carea' id='block_1_7' title="bbox 230 850 1815 924">
    <p class='ocr_par' dir='ltr' id='par_1_7' title="bbox 230 850 1815 924">
     <span class='ocr_line' id='line_1_7' title="bbox 230 850 1815 924; baseline 0.005 -22"><span class='ocrx_word' id='word_1_52' title='bbox 230 850 656 904; x_wconf 66' lang='lat' dir='ltr'><strong>etinsolationem</strong></span> <span class='ocrx_word' id='word_1_53' title='bbox 680 866 784 904; x_wconf 91' lang='lat' dir='ltr'><strong>non</strong></span> <span class='ocrx_word' id='word_1_54' title='bbox 808 851 1081 904; x_wconf 83' lang='lat' dir='ltr'><strong>minimam</strong></span> <span class='ocrx_word' id='word_1_55' title='bbox 1095 867 1160 905; x_wconf 83' lang='lat' dir='ltr'><strong>ex</strong></span> <span class='ocrx_word' id='word_1_56' title='bbox 1185 852 1284 907; x_wconf 92' lang='lat' dir='ltr'><strong>hoc</strong></span> <span class='ocrx_word' id='word_1_57' title='bbox 1305 862 1544 922; x_wconf 89' lang='lat' dir='ltr'><strong>tempore</strong></span> <span class='ocrx_word' id='word_1_58' title='bbox 1557 857 1815 924; x_wconf 80' lang='lat' dir='ltr'><strong>capimus.</strong></span> 
     </span>
    </p>
   </div>
   <div class='ocr_carea' id='block_1_8' title="bbox 233 939 1820 1012">
    <p class='ocr_par' dir='ltr' id='par_1_8' title="bbox 233 939 1820 1012">
     <span class='ocr_line' id='line_1_8' title="bbox 233 939 1820 1012; baseline 0.004 -20"><span class='ocrx_word' id='word_1_59' title='bbox 233 943 337 995; x_wconf 75' lang='lat' dir='ltr'><strong>l’er</strong></span> <span class='ocrx_word' id='word_1_60' title='bbox 364 940 604 1009; x_wconf 89' lang='lat' dir='ltr'><strong>singulos</strong></span> <span class='ocrx_word' id='word_1_61' title='bbox 628 940 770 994; x_wconf 91' lang='lat' dir='ltr'><strong>enim</strong></span> <span class='ocrx_word' id='word_1_62' title='bbox 801 939 917 994; x_wconf 90' lang='lat' dir='ltr'><strong>dies</strong></span> <span class='ocrx_word' id='word_1_63' title='bbox 939 942 1272 1012; x_wconf 86' lang='lat' dir='ltr'><strong>congregari,</strong></span> <span class='ocrx_word' id='word_1_64' title='bbox 1309 952 1364 998; x_wconf 93' lang='lat' dir='ltr'><strong>et</strong></span> <span class='ocrx_word' id='word_1_65' title='bbox 1398 944 1694 998; x_wconf 91' lang='lat' dir='ltr'><strong>divinarum</strong></span> <span class='ocrx_word' id='word_1_66' title='bbox 1722 963 1820 999; x_wconf 90' lang='lat' dir='ltr'><strong>au-</strong></span> 
     </span>
    </p>
   </div>
   <div class='ocr_carea' id='block_1_9' title="bbox 229 1032 1820 1108">
    <p class='ocr_par' dir='ltr' id='par_1_9' title="bbox 229 1032 1820 1108">
     <span class='ocr_line' id='line_1_9' title="bbox 229 1032 1820 1108; baseline 0.006 -23"><span class='ocrx_word' id='word_1_67' title='bbox 229 1035 345 1088; x_wconf 82' lang='lat' dir='ltr'><strong>ditu</strong></span> <span class='ocrx_word' id='word_1_68' title='bbox 385 1032 778 1102; x_wconf 89' lang='lat' dir='ltr'><strong>Scripturarum</strong></span> <span class='ocrx_word' id='word_1_69' title='bbox 812 1033 934 1098; x_wconf 83' lang='lat' dir='ltr'><strong>frui,</strong></span> <span class='ocrx_word' id='word_1_70' title='bbox 956 1042 1010 1088; x_wconf 92' lang='lat' dir='ltr'><strong>et</strong></span> <span class='ocrx_word' id='word_1_71' title='bbox 1050 1036 1275 1090; x_wconf 91' lang='lat' dir='ltr'><strong>invicem</strong></span> <span class='ocrx_word' id='word_1_72' title='bbox 1304 1052 1400 1090; x_wconf 90' lang='lat' dir='ltr'><strong>nos</strong></span> <span class='ocrx_word' id='word_1_73' title='bbox 1420 1039 1730 1108; x_wconf 79' lang='lat' dir='ltr'><strong>conspicere</strong></span> <span class='ocrx_word' id='word_1_74' title='bbox 1767 1050 1820 1094; x_wconf 92' lang='lat' dir='ltr'><strong>et</strong></span> 
     </span>
    </p>
   </div>
   <div class='ocr_carea' id='block_1_10' title="bbox 230 1123 1814 1200">
    <p class='ocr_par' dir='ltr' id='par_1_10' title="bbox 230 1123 1814 1200">
     <span class='ocr_line' id='line_1_10' title="bbox 230 1123 1814 1200; baseline 0.007 -25"><span class='ocrx_word' id='word_1_75' title='bbox 230 1123 535 1190; x_wconf 75' lang='lat' dir='ltr'><strong>lamentari,</strong></span> <span class='ocrx_word' id='word_1_76' title='bbox 562 1133 616 1178; x_wconf 88' lang='lat' dir='ltr'><strong>et</strong></span> <span class='ocrx_word' id='word_1_77' title='bbox 635 1135 869 1186; x_wconf 89' lang='lat' dir='ltr'><strong>orantes,</strong></span> <span class='ocrx_word' id='word_1_78' title='bbox 910 1141 972 1180; x_wconf 93' lang='lat' dir='ltr'><strong>ac</strong></span> <span class='ocrx_word' id='word_1_79' title='bbox 1005 1127 1428 1185; x_wconf 76' lang='lat' dir='ltr'><strong>benedictionem</strong></span> <span class='ocrx_word' id='word_1_80' title='bbox 1459 1131 1778 1200; x_wconf 88' lang='lat' dir='ltr'><strong>accipientes</strong></span> <span class='ocrx_word' id='word_1_81' title='bbox 1800 1173 1814 1196; x_wconf 91' lang='lat'><strong>,</strong></span> 
     </span>
    </p>
   </div>
   <div class='ocr_carea' id='block_1_11' title="bbox 227 1214 1809 1286">
    <p class='ocr_par' dir='ltr' id='par_1_11' title="bbox 227 1214 1809 1286">
     <span class='ocr_line' id='line_1_11' title="bbox 227 1214 1809 1286; baseline 0.008 -22"><span class='ocrx_word' id='word_1_82' title='bbox 227 1217 308 1268; x_wconf 65' lang='lat' dir='ltr'><strong>sic</strong></span> <span class='ocrx_word' id='word_1_83' title='bbox 339 1214 560 1268; x_wconf 91' lang='lat' dir='ltr'><strong>domum</strong></span> <span class='ocrx_word' id='word_1_84' title='bbox 590 1215 756 1278; x_wconf 89' lang='lat' dir='ltr'><strong>abire,</strong></span> <span class='ocrx_word' id='word_1_85' title='bbox 793 1215 842 1268; x_wconf 89' lang='lat' dir='ltr'><strong>id</strong></span> <span class='ocrx_word' id='word_1_86' title='bbox 873 1214 1075 1270; x_wconf 90' lang='lat' dir='ltr'><strong>doloris</strong></span> <span class='ocrx_word' id='word_1_87' title='bbox 1103 1218 1391 1286; x_wconf 87' lang='lat' dir='ltr'><strong>plurimum</strong></span> <span class='ocrx_word' id='word_1_88' title='bbox 1425 1221 1578 1274; x_wconf 88' lang='lat' dir='ltr'><strong>nobis</strong></span> <span class='ocrx_word' id='word_1_89' title='bbox 1620 1220 1809 1276; x_wconf 87' lang='lat' dir='ltr'><strong>aufert.</strong></span> 
     </span>
    </p>
   </div>
   <div class='ocr_carea' id='block_1_12' title="bbox 227 1304 1815 1380">
    <p class='ocr_par' dir='ltr' id='par_1_12' title="bbox 227 1304 1815 1380">
     <span class='ocr_line' id='line_1_12' title="bbox 227 1304 1815 1380; baseline 0.008 -24"><span class='ocrx_word' id='word_1_90' title='bbox 227 1304 306 1358; x_wconf 77' lang='lat' dir='ltr'><strong>Ne</strong></span> <span class='ocrx_word' id='word_1_91' title='bbox 328 1305 489 1373; x_wconf 77' lang='lat' dir='ltr'><strong>igitur</strong></span> <span class='ocrx_word' id='word_1_92' title='bbox 513 1319 847 1371; x_wconf 82' lang='lat' dir='ltr'><strong>corruamus,</strong></span> <span class='ocrx_word' id='word_1_93' title='bbox 875 1322 1046 1376; x_wconf 90' lang='lat' dir='ltr'><strong>neque</strong></span> <span class='ocrx_word' id='word_1_94' title='bbox 1093 1323 1188 1362; x_wconf 91' lang='lat' dir='ltr'><strong>nos</strong></span> <span class='ocrx_word' id='word_1_95' title='bbox 1217 1310 1360 1379; x_wconf 89' lang='lat' dir='ltr'><strong>ipsos</strong></span> <span class='ocrx_word' id='word_1_96' title='bbox 1395 1327 1504 1380; x_wconf 67' lang='lat' dir='ltr'><strong>pra:</strong></span> <span class='ocrx_word' id='word_1_97' title='bbox 1547 1313 1815 1368; x_wconf 83' lang='lat' dir='ltr'><strong>anxietate</strong></span> 
     </span>
    </p>
   </div>
   <div class='ocr_carea' id='block_1_13' title="bbox 228 1395 1814 1468">
    <p class='ocr_par' dir='ltr' id='par_1_13' title="bbox 228 1395 1814 1468">
     <span class='ocr_line' id='line_1_13' title="bbox 228 1395 1814 1468; baseline 0.007 -21"><span class='ocrx_word' id='word_1_98' title='bbox 228 1395 544 1461; x_wconf 82' lang='lat' dir='ltr'><strong>prodamus,</strong></span> <span class='ocrx_word' id='word_1_99' title='bbox 579 1395 672 1450; x_wconf 91' lang='lat' dir='ltr'><strong>sed</strong></span> <span class='ocrx_word' id='word_1_100' title='bbox 702 1412 1010 1453; x_wconf 86' lang='lat' dir='ltr'><strong>maneamus</strong></span> <span class='ocrx_word' id='word_1_101' title='bbox 1033 1411 1407 1468; x_wconf 83' lang='lat' dir='ltr'><strong>exspectantes</strong></span> <span class='ocrx_word' id='word_1_102' title='bbox 1429 1402 1566 1456; x_wconf 87' lang='lat' dir='ltr'><strong>bona</strong></span> <span class='ocrx_word' id='word_1_103' title='bbox 1589 1443 1604 1468; x_wconf 93' lang='lat'><strong>,</strong></span> <span class='ocrx_word' id='word_1_104' title='bbox 1649 1413 1700 1458; x_wconf 92' lang='lat' dir='ltr'><strong>et</strong></span> <span class='ocrx_word' id='word_1_105' title='bbox 1730 1406 1814 1458; x_wconf 87' lang='lat' dir='ltr'><strong>di-</strong></span> 
     </span>
    </p>
   </div>
   <div class='ocr_carea' id='block_1_14' title="bbox 232 1487 1814 1553">
    <p class='ocr_par' dir='ltr' id='par_1_14' title="bbox 232 1487 1814 1553">
     <span class='ocr_line' id='line_1_14' title="bbox 232 1487 1814 1553; baseline 0.01 -17"><span class='ocrx_word' id='word_1_106' title='bbox 232 1487 421 1540; x_wconf 77' lang='lat' dir='ltr'><strong>cendis</strong></span> <span class='ocrx_word' id='word_1_107' title='bbox 448 1497 680 1542; x_wconf 83' lang='lat' dir='ltr'><strong>mentem</strong></span> <span class='ocrx_word' id='word_1_108' title='bbox 710 1488 1055 1544; x_wconf 82' lang='lat' dir='ltr'><strong>adhibeamus</strong></span> <span class='ocrx_word' id='word_1_109' title='bbox 1081 1508 1094 1544; x_wconf 91' lang='lat'><strong>:</strong></span> <span class='ocrx_word' id='word_1_110' title='bbox 1116 1493 1312 1547; x_wconf 90' lang='lat' dir='ltr'><strong>etenim</strong></span> <span class='ocrx_word' id='word_1_111' title='bbox 1337 1495 1456 1547; x_wconf 88' lang='lat' dir='ltr'><strong>volo</strong></span> <span class='ocrx_word' id='word_1_112' title='bbox 1484 1505 1538 1550; x_wconf 90' lang='lat' dir='ltr'><strong>et</strong></span> <span class='ocrx_word' id='word_1_113' title='bbox 1565 1497 1718 1550; x_wconf 87' lang='lat' dir='ltr'><strong>hodie</strong></span> <span class='ocrx_word' id='word_1_114' title='bbox 1748 1498 1814 1553; x_wconf 93' lang='lat' dir='ltr'><strong>de</strong></span> 
     </span>
    </p>
   </div>
   <div class='ocr_carea' id='block_1_15' title="bbox 228 1581 1807 1654">
    <p class='ocr_par' dir='ltr' id='par_1_15' title="bbox 228 1581 1807 1654">
     <span class='ocr_line' id='line_1_15' title="bbox 228 1581 1807 1654; baseline 0.006 -21"><span class='ocrx_word' id='word_1_115' title='bbox 228 1581 422 1634; x_wconf 83' lang='lat' dir='ltr'><strong>mortis</strong></span> <span class='ocrx_word' id='word_1_116' title='bbox 449 1590 758 1651; x_wconf 89' lang='lat' dir='ltr'><strong>contemptu</strong></span> <span class='ocrx_word' id='word_1_117' title='bbox 789 1583 980 1637; x_wconf 88' lang='lat' dir='ltr'><strong>iterum</strong></span> <span class='ocrx_word' id='word_1_118' title='bbox 1008 1583 1270 1640; x_wconf 82' lang='lat' dir='ltr'><strong>disserere</strong></span> <span class='ocrx_word' id='word_1_119' title='bbox 1295 1589 1334 1640; x_wconf 76' lang='grc' dir='ltr'><strong>ί.</strong></span> <span class='ocrx_word' id='word_1_120' title='bbox 1360 1588 1472 1641; x_wconf 72' lang='lat' dir='ltr'><strong>Dixi</strong></span> <span class='ocrx_word' id='word_1_121' title='bbox 1501 1589 1650 1642; x_wconf 89' lang='lat' dir='ltr'><strong>vobis</strong></span> <span class='ocrx_word' id='word_1_122' title='bbox 1677 1591 1807 1654; x_wconf 84' lang='lat' dir='ltr'><strong>heri,</strong></span> 
     </span>
    </p>
   </div>
   <div class='ocr_carea' id='block_1_16' title="bbox 229 1673 1808 1746">
    <p class='ocr_par' dir='ltr' id='par_1_16' title="bbox 229 1673 1808 1746">
     <span class='ocr_line' id='line_1_16' title="bbox 229 1673 1808 1746; baseline 0.005 -22"><span class='ocrx_word' id='word_1_123' title='bbox 229 1686 330 1725; x_wconf 80' lang='lat' dir='ltr'><strong>nos</strong></span> <span class='ocrx_word' id='word_1_124' title='bbox 365 1679 595 1726; x_wconf 91' lang='lat' dir='ltr'><strong>mortem</strong></span> <span class='ocrx_word' id='word_1_125' title='bbox 627 1673 845 1739; x_wconf 89' lang='lat' dir='ltr'><strong>timere,</strong></span> <span class='ocrx_word' id='word_1_126' title='bbox 890 1688 994 1728; x_wconf 91' lang='lat' dir='ltr'><strong>non</strong></span> <span class='ocrx_word' id='word_1_127' title='bbox 1022 1675 1234 1745; x_wconf 81' lang='lat' dir='ltr'><strong>quidem</strong></span> <span class='ocrx_word' id='word_1_128' title='bbox 1265 1678 1388 1746; x_wconf 90' lang='lat' dir='ltr'><strong>quia</strong></span> <span class='ocrx_word' id='word_1_129' title='bbox 1415 1679 1666 1734; x_wconf 83' lang='lat' dir='ltr'><strong>terribilis</strong></span> <span class='ocrx_word' id='word_1_130' title='bbox 1705 1690 1808 1744; x_wconf 91' lang='lat' dir='ltr'><strong>est,</strong></span> 
     </span>
    </p>
   </div>
   <div class='ocr_carea' id='block_1_17' title="bbox 227 1764 1812 1837">
    <p class='ocr_par' dir='ltr' id='par_1_17' title="bbox 227 1764 1812 1837">
     <span class='ocr_line' id='line_1_17' title="bbox 227 1764 1812 1837; baseline 0.007 -23"><span class='ocrx_word' id='word_1_131' title='bbox 227 1764 322 1815; x_wconf 68' lang='lat' dir='ltr'><strong>sed</strong></span> <span class='ocrx_word' id='word_1_132' title='bbox 351 1765 604 1832; x_wconf 87' lang='lat' dir='ltr'><strong>quoniam</strong></span> <span class='ocrx_word' id='word_1_133' title='bbox 636 1780 807 1834; x_wconf 91' lang='lat' dir='ltr'><strong>neque</strong></span> <span class='ocrx_word' id='word_1_134' title='bbox 831 1767 1057 1820; x_wconf 71' lang='lat' dir='ltr'><strong>czelestis</strong></span> <span class='ocrx_word' id='word_1_135' title='bbox 1084 1769 1233 1837; x_wconf 84' lang='lat' dir='ltr'><strong>regni</strong></span> <span class='ocrx_word' id='word_1_136' title='bbox 1271 1784 1423 1822; x_wconf 88' lang='lat' dir='ltr'><strong>amor</strong></span> <span class='ocrx_word' id='word_1_137' title='bbox 1467 1785 1564 1824; x_wconf 90' lang='lat' dir='ltr'><strong>nos</strong></span> <span class='ocrx_word' id='word_1_138' title='bbox 1591 1786 1812 1825; x_wconf 79' lang='lat' dir='ltr'><strong>succcn-</strong></span> 
     </span>
    </p>
   </div>
   <div class='ocr_carea' id='block_1_18' title="bbox 224 1855 1807 1930">
    <p class='ocr_par' dir='ltr' id='par_1_18' title="bbox 224 1855 1807 1930">
     <span class='ocr_line' id='line_1_18' title="bbox 224 1855 1807 1930; baseline 0.008 -25"><span class='ocrx_word' id='word_1_139' title='bbox 224 1855 323 1916; x_wconf 82' lang='lat' dir='ltr'><strong>dit,</strong></span> <span class='ocrx_word' id='word_1_140' title='bbox 366 1870 542 1924; x_wconf 90' lang='lat' dir='ltr'><strong>neque</strong></span> <span class='ocrx_word' id='word_1_141' title='bbox 567 1855 823 1926; x_wconf 73' lang='lat' dir='ltr'><strong>gehennze</strong></span> <span class='ocrx_word' id='word_1_142' title='bbox 853 1858 1010 1912; x_wconf 91' lang='lat' dir='ltr'><strong>timor</strong></span> <span class='ocrx_word' id='word_1_143' title='bbox 1039 1874 1135 1912; x_wconf 91' lang='lat' dir='ltr'><strong>nos</strong></span> <span class='ocrx_word' id='word_1_144' title='bbox 1161 1863 1436 1930; x_wconf 83' lang='lat' dir='ltr'><strong>occupavit</strong></span> <span class='ocrx_word' id='word_1_145' title='bbox 1462 1880 1474 1915; x_wconf 93' lang='lat'>:</span> <span class='ocrx_word' id='word_1_146' title='bbox 1502 1874 1553 1918; x_wconf 87' lang='lat' dir='ltr'><strong>et</strong></span> <span class='ocrx_word' id='word_1_147' title='bbox 1579 1864 1643 1916; x_wconf 89' lang='lat' dir='ltr'><strong>ad</strong></span> <span class='ocrx_word' id='word_1_148' title='bbox 1674 1864 1807 1930; x_wconf 72' lang='lat' dir='ltr'><strong>hare,</strong></span> 
     </span>
    </p>
   </div>
   <div class='ocr_carea' id='block_1_19' title="bbox 223 1945 1812 2012">
    <p class='ocr_par' dir='ltr' id='par_1_19' title="bbox 223 1945 1812 2012">
     <span class='ocr_line' id='line_1_19' title="bbox 223 1945 1812 2012; baseline 0.009 -16"><span class='ocrx_word' id='word_1_149' title='bbox 223 1945 477 2012; x_wconf 85' lang='lat' dir='ltr'><strong>quoniam</strong></span> <span class='ocrx_word' id='word_1_150' title='bbox 506 1947 886 2001; x_wconf 90' lang='lat' dir='ltr'><strong>conscientiam</strong></span> <span class='ocrx_word' id='word_1_151' title='bbox 917 1964 1024 2003; x_wconf 92' lang='lat' dir='ltr'><strong>non</strong></span> <span class='ocrx_word' id='word_1_152' title='bbox 1051 1948 1307 2006; x_wconf 84' lang='lat' dir='ltr'><strong>habemus</strong></span> <span class='ocrx_word' id='word_1_153' title='bbox 1329 1952 1542 2007; x_wconf 87' lang='lat' dir='ltr'><strong>bonam.</strong></span> <span class='ocrx_word' id='word_1_154' title='bbox 1563 1955 1730 2008; x_wconf 82' lang='lat' dir='ltr'><strong>Vultis</strong></span> <span class='ocrx_word' id='word_1_155' title='bbox 1756 1965 1812 2010; x_wconf 91' lang='lat' dir='ltr'><strong>et</strong></span> 
     </span>
    </p>
   </div>
   <div class='ocr_carea' id='block_1_20' title="bbox 221 2038 1809 2109">
    <p class='ocr_par' dir='ltr' id='par_1_20' title="bbox 221 2038 1809 2109">
     <span class='ocr_line' id='line_1_20' title="bbox 221 2038 1809 2109; baseline 0.009 -22"><span class='ocrx_word' id='word_1_156' title='bbox 221 2049 466 2104; x_wconf 80' lang='lat' dir='ltr'><strong>quartam</strong></span> <span class='ocrx_word' id='word_1_157' title='bbox 496 2038 655 2108; x_wconf 85' lang='lat' dir='ltr'><strong>hujus</strong></span> <span class='ocrx_word' id='word_1_158' title='bbox 682 2041 996 2109; x_wconf 71' lang='lat' dir='ltr'><strong>importuna:</strong></span> <span class='ocrx_word' id='word_1_159' title='bbox 1017 2043 1300 2097; x_wconf 86' lang='lat' dir='ltr'><strong>anxietatis</strong></span> <span class='ocrx_word' id='word_1_160' title='bbox 1329 2059 1543 2098; x_wconf 88' lang='lat' dir='ltr'><strong>causam</strong></span> <span class='ocrx_word' id='word_1_161' title='bbox 1573 2061 1809 2102; x_wconf 85' lang='lat' dir='ltr'><strong>comme-</strong></span> 
     </span>
    </p>
   </div>
   <div class='ocr_carea' id='block_1_21' title="bbox 221 2130 1809 2200">
    <p class='ocr_par' dir='ltr' id='par_1_21' title="bbox 221 2130 1809 2200">
     <span class='ocr_line' id='line_1_21' title="bbox 221 2130 1809 2200; baseline 0.009 -23"><span class='ocrx_word' id='word_1_162' title='bbox 221 2143 450 2192; x_wconf 88' lang='lat' dir='ltr'><strong>morem,</strong></span> <span class='ocrx_word' id='word_1_163' title='bbox 485 2145 588 2183; x_wconf 90' lang='lat' dir='ltr'><strong>non</strong></span> <span class='ocrx_word' id='word_1_164' title='bbox 613 2130 787 2184; x_wconf 92' lang='lat' dir='ltr'><strong>minus</strong></span> <span class='ocrx_word' id='word_1_165' title='bbox 809 2133 1172 2200; x_wconf 88' lang='lat' dir='ltr'><strong>superioribus</strong></span> <span class='ocrx_word' id='word_1_166' title='bbox 1197 2136 1413 2188; x_wconf 80' lang='lat' dir='ltr'><strong>veram?</strong></span> <span class='ocrx_word' id='word_1_167' title='bbox 1443 2135 1555 2190; x_wconf 89' lang='lat' dir='ltr'><strong>Non</strong></span> <span class='ocrx_word' id='word_1_168' title='bbox 1583 2137 1809 2192; x_wconf 79' lang='lat' dir='ltr'><strong>vivimus</strong></span> 
     </span>
    </p>
   </div>
   <div class='ocr_carea' id='block_1_22' title="bbox 218 2223 1808 2296">
    <p class='ocr_par' dir='ltr' id='par_1_22' title="bbox 218 2223 1808 2296">
     <span class='ocr_line' id='line_1_22' title="bbox 218 2223 1808 2296; baseline 0.006 -21"><span class='ocrx_word' id='word_1_169' title='bbox 218 2225 272 2275; x_wconf 88' lang='lat' dir='ltr'><strong>in</strong></span> <span class='ocrx_word' id='word_1_170' title='bbox 303 2224 597 2292; x_wconf 86' lang='lat' dir='ltr'><strong>asperitate</strong></span> <span class='ocrx_word' id='word_1_171' title='bbox 625 2223 946 2279; x_wconf 87' lang='lat' dir='ltr'><strong>Christianis</strong></span> <span class='ocrx_word' id='word_1_172' title='bbox 984 2240 1217 2296; x_wconf 88' lang='lat' dir='ltr'><strong>congrua</strong></span> <span class='ocrx_word' id='word_1_173' title='bbox 1238 2268 1251 2291; x_wconf 94' lang='lat'><strong>,</strong></span> <span class='ocrx_word' id='word_1_174' title='bbox 1285 2227 1378 2282; x_wconf 87' lang='lat' dir='ltr'><strong>sed</strong></span> <span class='ocrx_word' id='word_1_175' title='bbox 1420 2227 1628 2284; x_wconf 76' lang='lat' dir='ltr'><strong>facilem</strong></span> <span class='ocrx_word' id='word_1_176' title='bbox 1672 2229 1808 2285; x_wconf 88' lang='lat' dir='ltr'><strong>hanc</strong></span> 
     </span>
    </p>
   </div>
   <div class='ocr_carea' id='block_1_23' title="bbox 214 2314 1808 2377">
    <p class='ocr_par' dir='ltr' id='par_1_23' title="bbox 214 2314 1808 2377">
     <span class='ocr_line' id='line_1_23' title="bbox 214 2314 1808 2377; baseline 0.005 -10"><span class='ocrx_word' id='word_1_177' title='bbox 214 2323 269 2368; x_wconf 90' lang='lat' dir='ltr'><strong>et</strong></span> <span class='ocrx_word' id='word_1_178' title='bbox 295 2314 529 2367; x_wconf 88' lang='lat' dir='ltr'><strong>solutam</strong></span> <span class='ocrx_word' id='word_1_179' title='bbox 559 2324 611 2368; x_wconf 91' lang='lat' dir='ltr'><strong>et</strong></span> <span class='ocrx_word' id='word_1_180' title='bbox 637 2315 850 2368; x_wconf 91' lang='lat' dir='ltr'><strong>mollem</strong></span> <span class='ocrx_word' id='word_1_181' title='bbox 882 2330 1122 2370; x_wconf 90' lang='lat' dir='ltr'><strong>amamus</strong></span> <span class='ocrx_word' id='word_1_182' title='bbox 1153 2319 1310 2372; x_wconf 90' lang='lat' dir='ltr'><strong>vitam</strong></span> <span class='ocrx_word' id='word_1_183' title='bbox 1344 2337 1356 2373; x_wconf 92' lang='lat'><strong>:</strong></span> <span class='ocrx_word' id='word_1_184' title='bbox 1382 2320 1579 2375; x_wconf 88' lang='lat' dir='ltr'><strong>idcirco</strong></span> <span class='ocrx_word' id='word_1_185' title='bbox 1619 2322 1808 2377; x_wconf 88' lang='lat' dir='ltr'><strong>verisi-</strong></span> 
     </span>
    </p>
   </div>
   <div class='ocr_carea' id='block_1_24' title="bbox 214 2403 1454 2472">
    <p class='ocr_par' dir='ltr' id='par_1_24' title="bbox 214 2403 1454 2472">
     <span class='ocr_line' id='line_1_24' title="bbox 214 2403 1454 2472; baseline 0.005 -16"><span class='ocrx_word' id='word_1_186' title='bbox 214 2403 419 2456; x_wconf 89' lang='lat' dir='ltr'><strong>militer</strong></span> <span class='ocrx_word' id='word_1_187' title='bbox 456 2413 510 2457; x_wconf 88' lang='lat' dir='ltr'><strong>et</strong></span> <span class='ocrx_word' id='word_1_188' title='bbox 541 2405 889 2472; x_wconf 62' lang='lat' dir='ltr'><strong>praesentibus</strong></span> <span class='ocrx_word' id='word_1_189' title='bbox 915 2405 1246 2460; x_wconf 88' lang='lat' dir='ltr'><strong>oblectamur</strong></span> <span class='ocrx_word' id='word_1_190' title='bbox 1274 2409 1454 2463; x_wconf 90' lang='lat' dir='ltr'><strong>rebus.</strong></span> 
     </span>
    </p>
   </div>
   <div class='ocr_carea' id='block_1_25' title="bbox 287 2492 1807 2556">
    <p class='ocr_par' dir='ltr' id='par_1_25' title="bbox 287 2492 1807 2556">
     <span class='ocr_line' id='line_1_25' title="bbox 287 2492 1807 2556; baseline 0.007 -10"><span class='ocrx_word' id='word_1_191' title='bbox 287 2492 378 2548; x_wconf 80' lang='lat' dir='ltr'><strong>Ea:</strong></span> <span class='ocrx_word' id='word_1_192' title='bbox 429 2496 766 2548; x_wconf 79' lang='lat' dir='ltr'><strong>maceratione</strong></span> <span class='ocrx_word' id='word_1_193' title='bbox 810 2496 1080 2550; x_wconf 69' lang='lat' dir='ltr'><strong>caelestium</strong></span> <span class='ocrx_word' id='word_1_194' title='bbox 1121 2497 1420 2552; x_wconf 68' lang='lat' dir='ltr'><strong>desiderium</strong></span> <span class='ocrx_word' id='word_1_195' title='bbox 1469 2502 1711 2556; x_wconf 81' lang='lat' dir='ltr'><strong>nascitur.</strong></span> <span class='ocrx_word' id='word_1_196' title='bbox 1737 2534 1807 2544; x_wconf 91' lang='lat'><strong>——</strong></span> 
     </span>
    </p>
   </div>
   <div class='ocr_carea' id='block_1_26' title="bbox 210 2586 1806 2660">
    <p class='ocr_par' dir='ltr' id='par_1_26' title="bbox 210 2586 1806 2660">
     <span class='ocr_line' id='line_1_26' title="bbox 210 2586 1806 2660; baseline 0.006 -21"><span class='ocrx_word' id='word_1_197' title='bbox 210 2586 371 2652; x_wconf 88' lang='lat' dir='ltr'><strong>Quod</strong></span> <span class='ocrx_word' id='word_1_198' title='bbox 413 2586 460 2641; x_wconf 96' lang='lat' dir='ltr'><strong>si</strong></span> <span class='ocrx_word' id='word_1_199' title='bbox 501 2587 681 2656; x_wconf 85' lang='lat' dir='ltr'><strong>utique</strong></span> <span class='ocrx_word' id='word_1_200' title='bbox 728 2589 778 2641; x_wconf 91' lang='lat' dir='ltr'><strong>in</strong></span> <span class='ocrx_word' id='word_1_201' title='bbox 815 2588 1030 2657; x_wconf 87' lang='lat' dir='ltr'><strong>jcjuniis</strong></span> <span class='ocrx_word' id='word_1_202' title='bbox 1056 2601 1109 2643; x_wconf 92' lang='lat' dir='ltr'><strong>et</strong></span> <span class='ocrx_word' id='word_1_203' title='bbox 1135 2593 1622 2660; x_wconf 88' lang='lat' dir='ltr'><strong>pernoctatiouibus</strong></span> <span class='ocrx_word' id='word_1_204' title='bbox 1643 2603 1697 2648; x_wconf 90' lang='lat' dir='ltr'><strong>et</strong></span> <span class='ocrx_word' id='word_1_205' title='bbox 1725 2594 1806 2648; x_wconf 87' lang='lat' dir='ltr'><strong>vi-</strong></span> 
     </span>
    </p>
   </div>
   <div class='ocr_carea' id='block_1_27' title="bbox 211 2679 1808 2754">
    <p class='ocr_par' dir='ltr' id='par_1_27' title="bbox 211 2679 1808 2754">
     <span class='ocr_line' id='line_1_27' title="bbox 211 2679 1808 2754; baseline 0.006 -22"><span class='ocrx_word' id='word_1_206' title='bbox 211 2688 336 2732; x_wconf 87' lang='lat' dir='ltr'><strong>ctus</strong></span> <span class='ocrx_word' id='word_1_207' title='bbox 368 2679 646 2745; x_wconf 80' lang='lat' dir='ltr'><strong>tenuitate,</strong></span> <span class='ocrx_word' id='word_1_208' title='bbox 680 2679 817 2734; x_wconf 89' lang='lat' dir='ltr'><strong>hanc</strong></span> <span class='ocrx_word' id='word_1_209' title='bbox 839 2682 1001 2734; x_wconf 89' lang='lat' dir='ltr'><strong>vitam</strong></span> <span class='ocrx_word' id='word_1_210' title='bbox 1040 2683 1471 2752; x_wconf 87' lang='lat' dir='ltr'><strong>transigeremus,</strong></span> <span class='ocrx_word' id='word_1_211' title='bbox 1493 2686 1808 2754; x_wconf 87' lang='lat' dir='ltr'><strong>cupiditates</strong></span> 
     </span>
    </p>
   </div>
   <div class='ocr_carea' id='block_1_28' title="bbox 210 2765 1808 2847">
    <p class='ocr_par' dir='ltr' id='par_1_28' title="bbox 210 2765 1808 2847">
     <span class='ocr_line' id='line_1_28' title="bbox 210 2765 1808 2847; baseline 0.009 -24"><span class='ocrx_word' id='word_1_212' title='bbox 210 2780 432 2825; x_wconf 86' lang='lat' dir='ltr'><strong>nostras</strong></span> <span class='ocrx_word' id='word_1_213' title='bbox 450 2771 794 2839; x_wconf 73' lang='lat' dir='ltr'><strong>prtecidentes</strong></span> <span class='ocrx_word' id='word_1_214' title='bbox 812 2773 1092 2839; x_wconf 89' lang='lat' dir='ltr'><strong>absurdas,</strong></span> <span class='ocrx_word' id='word_1_215' title='bbox 1115 2778 1417 2845; x_wconf 91' lang='lat' dir='ltr'><strong>voluptates</strong></span> <span class='ocrx_word' id='word_1_216' title='bbox 1434 2765 1699 2847; x_wconf 85' lang='lat' dir='ltr'><strong>arcentes,</strong></span> <span class='ocrx_word' id='word_1_217' title='bbox 1718 2797 1808 2836; x_wconf 84' lang='lat' dir='ltr'><strong>su-</strong></span> 
     </span>
    </p>
   </div>
   <div class='ocr_carea' id='block_1_29' title="bbox 211 2861 1807 2940">
    <p class='ocr_par' dir='ltr' id='par_1_29' title="bbox 211 2861 1807 2940">
     <span class='ocr_line' id='line_1_29' title="bbox 211 2861 1807 2940; baseline 0.008 -28"><span class='ocrx_word' id='word_1_218' title='bbox 211 2861 382 2914; x_wconf 78' lang='lat' dir='ltr'><strong>dotes</strong></span> <span class='ocrx_word' id='word_1_219' title='bbox 410 2861 620 2915; x_wconf 80' lang='lat' dir='ltr'><strong>virtutis</strong></span> <span class='ocrx_word' id='word_1_220' title='bbox 647 2864 994 2930; x_wconf 87' lang='lat' dir='ltr'><strong>sustinentes,</strong></span> <span class='ocrx_word' id='word_1_221' title='bbox 1043 2867 1336 2922; x_wconf 90' lang='lat' dir='ltr'><strong>secundum</strong></span> <span class='ocrx_word' id='word_1_222' title='bbox 1369 2870 1588 2924; x_wconf 87' lang='lat' dir='ltr'><strong>Paulum</strong></span> <span class='ocrx_word' id='word_1_223' title='bbox 1611 2886 1807 2940; x_wconf 91' lang='lat' dir='ltr'><strong>corpus</strong></span> 
     </span>
    </p>
   </div>
   <div class='ocr_carea' id='block_1_30' title="bbox 210 2951 1800 3032">
    <p class='ocr_par' dir='ltr' id='par_1_30' title="bbox 210 2951 1800 3032">
     <span class='ocr_line' id='line_1_30' title="bbox 210 2951 1800 3032; baseline 0.008 -30"><span class='ocrx_word' id='word_1_224' title='bbox 210 2951 546 3020; x_wconf 83' lang='lat' dir='ltr'><strong>eastigantes</strong></span> <span class='ocrx_word' id='word_1_225' title='bbox 572 2961 626 3006; x_wconf 89' lang='lat' dir='ltr'><strong>et</strong></span> <span class='ocrx_word' id='word_1_226' title='bbox 649 2953 700 3006; x_wconf 89' lang='lat' dir='ltr'><strong>in</strong></span> <span class='ocrx_word' id='word_1_227' title='bbox 722 2954 1030 3009; x_wconf 81' lang='lat' dir='ltr'><strong>servitutem</strong></span> <span class='ocrx_word' id='word_1_228' title='bbox 1061 2957 1364 3027; x_wconf 89' lang='lat' dir='ltr'><strong>redigentes</strong></span> <span class='ocrx_word' id='word_1_229' title='bbox 1394 2961 1440 3030; x_wconf 93' lang='grc' dir='ltr'><strong>(Ι</strong></span> <span class='ocrx_word' id='word_1_230' title='bbox 1470 2959 1585 3015; x_wconf 91' lang='lat' dir='ltr'><strong>Cor.</strong></span> <span class='ocrx_word' id='word_1_231' title='bbox 1615 2961 1667 3015; x_wconf 90' lang='lat'><strong>9.</strong></span> <span class='ocrx_word' id='word_1_232' title='bbox 1686 2961 1800 3032; x_wconf 75' lang='lat'><strong>27),</strong></span> 
     </span>
    </p>
   </div>
   <div class='ocr_carea' id='block_1_31' title="bbox 208 3041 1805 3122">
    <p class='ocr_par' dir='ltr' id='par_1_31' title="bbox 208 3041 1805 3122">
     <span class='ocr_line' id='line_1_31' title="bbox 208 3041 1805 3122; baseline 0.008 -29"><span class='ocrx_word' id='word_1_233' title='bbox 208 3041 397 3094; x_wconf 67' lang='lat' dir='ltr'><strong>curuis</strong></span> <span class='ocrx_word' id='word_1_234' title='bbox 413 3041 805 3110; x_wconf 87' lang='lat' dir='ltr'><strong>providentiam</strong></span> <span class='ocrx_word' id='word_1_235' title='bbox 820 3044 884 3098; x_wconf 87' lang='lat' dir='ltr'><strong>ad</strong></span> <span class='ocrx_word' id='word_1_236' title='bbox 901 3042 1163 3102; x_wconf 88' lang='lat' dir='ltr'><strong>desideria</strong></span> <span class='ocrx_word' id='word_1_237' title='bbox 1191 3063 1296 3103; x_wconf 90' lang='lat' dir='ltr'><strong>non</strong></span> <span class='ocrx_word' id='word_1_238' title='bbox 1319 3049 1596 3118; x_wconf 86' lang='lat' dir='ltr'><strong>facientes,</strong></span> <span class='ocrx_word' id='word_1_239' title='bbox 1640 3068 1805 3122; x_wconf 87' lang='lat' dir='ltr'><strong>angu-</strong></span> 
     </span>
    </p>
   </div>
   <div class='ocr_carea' id='block_1_32' title="bbox 207 3133 1800 3204">
    <p class='ocr_par' dir='ltr' id='par_1_32' title="bbox 207 3133 1800 3204">
     <span class='ocr_line' id='line_1_32' title="bbox 207 3133 1800 3204; baseline 0.008 -19"><span class='ocrx_word' id='word_1_240' title='bbox 207 3145 353 3185; x_wconf 80' lang='lat' dir='ltr'><strong>stam</strong></span> <span class='ocrx_word' id='word_1_241' title='bbox 379 3143 432 3186; x_wconf 82' lang='lat' dir='ltr'><strong>et</strong></span> <span class='ocrx_word' id='word_1_242' title='bbox 451 3133 813 3204; x_wconf 73' lang='lat' dir='ltr'><strong>eoafragosam</strong></span> <span class='ocrx_word' id='word_1_243' title='bbox 841 3144 1080 3190; x_wconf 87' lang='lat' dir='ltr'><strong>tenentes</strong></span> <span class='ocrx_word' id='word_1_244' title='bbox 1102 3137 1262 3201; x_wconf 88' lang='lat' dir='ltr'><strong>viam,</strong></span> <span class='ocrx_word' id='word_1_245' title='bbox 1286 3141 1392 3194; x_wconf 90' lang='lat' dir='ltr'><strong>cito</strong></span> <span class='ocrx_word' id='word_1_246' title='bbox 1413 3140 1584 3196; x_wconf 87' lang='lat' dir='ltr'><strong>futura</strong></span> <span class='ocrx_word' id='word_1_247' title='bbox 1601 3157 1800 3198; x_wconf 86' lang='lat' dir='ltr'><strong>concu-</strong></span> 
     </span>
    </p>
   </div>
   <div class='ocr_carea' id='block_1_33' title="bbox 209 3224 1800 3293">
    <p class='ocr_par' dir='ltr' id='par_1_33' title="bbox 209 3224 1800 3293">
     <span class='ocr_line' id='line_1_33' title="bbox 209 3224 1800 3293; baseline 0.01 -20"><span class='ocrx_word' id='word_1_248' title='bbox 209 3224 567 3290; x_wconf 88' lang='lat' dir='ltr'><strong>pisceremus,</strong></span> <span class='ocrx_word' id='word_1_249' title='bbox 581 3225 929 3293; x_wconf 58' lang='lat' dir='ltr'><strong>praesentibus</strong></span> <span class='ocrx_word' id='word_1_250' title='bbox 949 3226 1160 3281; x_wconf 88' lang='lat' dir='ltr'><strong>liberari</strong></span> <span class='ocrx_word' id='word_1_251' title='bbox 1181 3229 1450 3285; x_wconf 89' lang='lat' dir='ltr'><strong>laboribus</strong></span> <span class='ocrx_word' id='word_1_252' title='bbox 1469 3232 1800 3289; x_wconf 90' lang='lat' dir='ltr'><strong>festinantes.</strong></span> 
     </span>
    </p>
   </div>
   <div class='ocr_carea' id='block_1_34' title="bbox 210 3311 1802 3384">
    <p class='ocr_par' dir='ltr' id='par_1_34' title="bbox 210 3311 1802 3384">
     <span class='ocr_line' id='line_1_34' title="bbox 210 3311 1802 3384; baseline 0.009 -19"><span class='ocrx_word' id='word_1_253' title='bbox 210 3311 279 3365; x_wconf 83' lang='lat' dir='ltr'><strong>Et</strong></span> <span class='ocrx_word' id='word_1_254' title='bbox 305 3313 452 3382; x_wconf 88' lang='lat' dir='ltr'><strong>quod</strong></span> <span class='ocrx_word' id='word_1_255' title='bbox 476 3329 580 3367; x_wconf 91' lang='lat' dir='ltr'><strong>non</strong></span> <span class='ocrx_word' id='word_1_256' title='bbox 604 3315 767 3368; x_wconf 89' lang='lat' dir='ltr'><strong>falsus</strong></span> <span class='ocrx_word' id='word_1_257' title='bbox 793 3317 860 3369; x_wconf 88' lang='lat' dir='ltr'><strong>sit</strong></span> <span class='ocrx_word' id='word_1_258' title='bbox 883 3332 1062 3370; x_wconf 88' lang='lat' dir='ltr'><strong>sermo</strong></span> <span class='ocrx_word' id='word_1_259' title='bbox 1085 3328 1282 3384; x_wconf 88' lang='lat' dir='ltr'><strong>noster,</strong></span> <span class='ocrx_word' id='word_1_260' title='bbox 1303 3321 1367 3374; x_wconf 91' lang='lat' dir='ltr'><strong>ad</strong></span> <span class='ocrx_word' id='word_1_261' title='bbox 1397 3326 1651 3377; x_wconf 87' lang='lat' dir='ltr'><strong>montium</strong></span> <span class='ocrx_word' id='word_1_262' title='bbox 1685 3342 1802 3379; x_wconf 89' lang='lat' dir='ltr'><strong>ver-</strong></span> 
     </span>
    </p>
   </div>
   <div class='ocr_carea' id='block_1_35' title="bbox 209 3405 1800 3472">
    <p class='ocr_par' dir='ltr' id='par_1_35' title="bbox 209 3405 1800 3472">
     <span class='ocr_line' id='line_1_35' title="bbox 209 3405 1800 3472; baseline 0.011 -18"><span class='ocrx_word' id='word_1_263' title='bbox 209 3406 351 3458; x_wconf 86' lang='lat' dir='ltr'><strong>tices</strong></span> <span class='ocrx_word' id='word_1_264' title='bbox 375 3405 628 3468; x_wconf 84' lang='lat' dir='ltr'><strong>ascende,</strong></span> <span class='ocrx_word' id='word_1_265' title='bbox 653 3407 932 3461; x_wconf 87' lang='lat' dir='ltr'><strong>considera</strong></span> <span class='ocrx_word' id='word_1_266' title='bbox 982 3409 1093 3463; x_wconf 91' lang='lat' dir='ltr'><strong>illic</strong></span> <span class='ocrx_word' id='word_1_267' title='bbox 1129 3422 1399 3466; x_wconf 88' lang='lat' dir='ltr'><strong>morantes</strong></span> <span class='ocrx_word' id='word_1_268' title='bbox 1430 3417 1720 3470; x_wconf 87' lang='lat' dir='ltr'><strong>monachos</strong></span> <span class='ocrx_word' id='word_1_269' title='bbox 1748 3418 1800 3472; x_wconf 91' lang='lat' dir='ltr'><strong>in</strong></span> 
     </span>
    </p>
   </div>
   <div class='ocr_carea' id='block_1_36' title="bbox 209 3497 1798 3574">
    <p class='ocr_par' dir='ltr' id='par_1_36' title="bbox 209 3497 1798 3574">
     <span class='ocr_line' id='line_1_36' title="bbox 209 3497 1798 3574; baseline 0.009 -26"><span class='ocrx_word' id='word_1_270' title='bbox 209 3511 394 3561; x_wconf 86' lang='lat' dir='ltr'><strong>sacco,</strong></span> <span class='ocrx_word' id='word_1_271' title='bbox 430 3497 484 3550; x_wconf 88' lang='lat' dir='ltr'><strong>in</strong></span> <span class='ocrx_word' id='word_1_272' title='bbox 514 3498 764 3563; x_wconf 82' lang='lat' dir='ltr'><strong>vinculis,</strong></span> <span class='ocrx_word' id='word_1_273' title='bbox 798 3500 846 3552; x_wconf 93' lang='lat' dir='ltr'><strong>in</strong></span> <span class='ocrx_word' id='word_1_274' title='bbox 874 3500 1113 3569; x_wconf 85' lang='lat' dir='ltr'><strong>jejuniis,</strong></span> <span class='ocrx_word' id='word_1_275' title='bbox 1145 3504 1196 3555; x_wconf 93' lang='lat' dir='ltr'><strong>in</strong></span> <span class='ocrx_word' id='word_1_276' title='bbox 1225 3507 1460 3559; x_wconf 78' lang='lat' dir='ltr'><strong>tenebris</strong></span> <span class='ocrx_word' id='word_1_277' title='bbox 1497 3510 1798 3574; x_wconf 91' lang='lat' dir='ltr'><strong>conclusos,</strong></span> 
     </span>
    </p>
   </div>
   <div class='ocr_carea' id='block_1_37' title="bbox 203 3589 1800 3663">
    <p class='ocr_par' dir='ltr' id='par_1_37' title="bbox 203 3589 1800 3663">
     <span class='ocr_line' id='line_1_37' title="bbox 203 3589 1800 3663; baseline 0.013 -28"><span class='ocrx_word' id='word_1_278' title='bbox 203 3599 260 3639; x_wconf 76' lang='lat' dir='ltr'><strong>rt</strong></span> <span class='ocrx_word' id='word_1_279' title='bbox 290 3602 486 3642; x_wconf 82' lang='lat' dir='ltr'><strong>omnes</strong></span> <span class='ocrx_word' id='word_1_280' title='bbox 515 3589 718 3642; x_wconf 85' lang='lat' dir='ltr'><strong>videbis</strong></span> <span class='ocrx_word' id='word_1_281' title='bbox 749 3603 971 3645; x_wconf 83' lang='lat' dir='ltr'><strong>mortem</strong></span> <span class='ocrx_word' id='word_1_282' title='bbox 999 3604 1390 3663; x_wconf 89' lang='lat' dir='ltr'><strong>exoptantes,et</strong></span> <span class='ocrx_word' id='word_1_283' title='bbox 1422 3614 1532 3652; x_wconf 91' lang='lat' dir='ltr'><strong>rem</strong></span> <span class='ocrx_word' id='word_1_284' title='bbox 1557 3600 1800 3655; x_wconf 88' lang='lat' dir='ltr'><strong>illamre-</strong></span> 
     </span>
    </p>
   </div>
   <div class='ocr_carea' id='block_1_38' title="bbox 208 3682 1800 3762">
    <p class='ocr_par' dir='ltr' id='par_1_38' title="bbox 208 3682 1800 3762">
     <span class='ocr_line' id='line_1_38' title="bbox 208 3682 1800 3762; baseline 0.013 -35"><span class='ocrx_word' id='word_1_285' title='bbox 208 3682 395 3747; x_wconf 81' lang='lat' dir='ltr'><strong>quiem</strong></span> <span class='ocrx_word' id='word_1_286' title='bbox 427 3682 779 3749; x_wconf 79' lang='lat' dir='ltr'><strong>appellantes.</strong></span> <span class='ocrx_word' id='word_1_287' title='bbox 809 3683 958 3738; x_wconf 86' lang='lat' dir='ltr'><strong>Sicut</strong></span> <span class='ocrx_word' id='word_1_288' title='bbox 983 3686 1123 3738; x_wconf 89' lang='lat' dir='ltr'><strong>enim</strong></span> <span class='ocrx_word' id='word_1_289' title='bbox 1148 3689 1398 3743; x_wconf 72' lang='lat' dir='ltr'><strong>caestibus</strong></span> <span class='ocrx_word' id='word_1_290' title='bbox 1425 3707 1661 3762; x_wconf 89' lang='lat' dir='ltr'><strong>pugnans</strong></span> <span class='ocrx_word' id='word_1_291' title='bbox 1689 3702 1800 3747; x_wconf 86' lang='lat' dir='ltr'><strong>sta-</strong></span> 
     </span>
    </p>
   </div>
   <div class='ocr_carea' id='block_1_39' title="bbox 201 3772 1800 3848">
    <p class='ocr_par' dir='ltr' id='par_1_39' title="bbox 201 3772 1800 3848">
     <span class='ocr_line' id='line_1_39' title="bbox 201 3772 1800 3848; baseline 0.011 -26"><span class='ocrx_word' id='word_1_292' title='bbox 201 3773 299 3823; x_wconf 89' lang='lat' dir='ltr'><strong>dio</strong></span> <span class='ocrx_word' id='word_1_293' title='bbox 327 3772 481 3826; x_wconf 85' lang='lat' dir='ltr'><strong>exire</strong></span> <span class='ocrx_word' id='word_1_294' title='bbox 511 3772 746 3839; x_wconf 84' lang='lat' dir='ltr'><strong>festinat,</strong></span> <span class='ocrx_word' id='word_1_295' title='bbox 782 3785 836 3828; x_wconf 90' lang='lat' dir='ltr'><strong>ut</strong></span> <span class='ocrx_word' id='word_1_296' title='bbox 876 3777 1182 3832; x_wconf 91' lang='lat' dir='ltr'><strong>vulneribus</strong></span> <span class='ocrx_word' id='word_1_297' title='bbox 1221 3779 1495 3848; x_wconf 77' lang='lat' dir='ltr'><strong>liberetur,</strong></span> <span class='ocrx_word' id='word_1_298' title='bbox 1517 3791 1571 3837; x_wconf 90' lang='lat' dir='ltr'><strong>et</strong></span> <span class='ocrx_word' id='word_1_299' title='bbox 1600 3783 1800 3840; x_wconf 87' lang='lat' dir='ltr'><strong>athleta</strong></span> 
     </span>
    </p>
   </div>
   <div class='ocr_carea' id='block_1_40' title="bbox 199 3867 1803 3935">
    <p class='ocr_par' dir='ltr' id='par_1_40' title="bbox 199 3867 1803 3935">
     <span class='ocr_line' id='line_1_40' title="bbox 199 3867 1803 3935; baseline 0.009 -22"><span class='ocrx_word' id='word_1_300' title='bbox 199 3871 547 3928; x_wconf 81' lang='lat' dir='ltr'><strong>spectatores</strong></span> <span class='ocrx_word' id='word_1_301' title='bbox 564 3879 848 3933; x_wconf 89' lang='lat' dir='ltr'><strong>exsurgere</strong></span> <span class='ocrx_word' id='word_1_302' title='bbox 867 3867 1273 3935; x_wconf 80' lang='lat' dir='ltr'><strong>concupiscit,ut</strong></span> <span class='ocrx_word' id='word_1_303' title='bbox 1288 3869 1554 3924; x_wconf 87' lang='lat' dir='ltr'><strong>laboribus</strong></span> <span class='ocrx_word' id='word_1_304' title='bbox 1569 3873 1803 3927; x_wconf 79' lang='lat' dir='ltr'><strong>absolva-</strong></span> 
     </span>
    </p>
   </div>
   <div class='ocr_carea' id='block_1_41' title="bbox 199 3954 1801 4026">
    <p class='ocr_par' dir='ltr' id='par_1_41' title="bbox 199 3954 1801 4026">
     <span class='ocr_line' id='line_1_41' title="bbox 199 3954 1801 4026; baseline 0.01 -24"><span class='ocrx_word' id='word_1_305' title='bbox 199 3961 294 4004; x_wconf 91' lang='lat' dir='ltr'><strong>tur</strong></span> <span class='ocrx_word' id='word_1_306' title='bbox 326 3970 342 4000; x_wconf 76' lang='grc' dir='ltr'><em>τ</em></span> <span class='ocrx_word' id='word_1_307' title='bbox 375 3954 458 4006; x_wconf 82' lang='lat' dir='ltr'><strong>sic</strong></span> <span class='ocrx_word' id='word_1_308' title='bbox 500 3962 553 4006; x_wconf 92' lang='lat' dir='ltr'><strong>et</strong></span> <span class='ocrx_word' id='word_1_309' title='bbox 598 3955 688 4022; x_wconf 90' lang='lat' dir='ltr'><strong>qui</strong></span> <span class='ocrx_word' id='word_1_310' title='bbox 731 3955 782 4007; x_wconf 93' lang='lat' dir='ltr'><strong>in</strong></span> <span class='ocrx_word' id='word_1_311' title='bbox 826 3955 992 4026; x_wconf 85' lang='lat' dir='ltr'><strong>rigida</strong></span> <span class='ocrx_word' id='word_1_312' title='bbox 1021 3969 1071 4011; x_wconf 91' lang='lat' dir='ltr'><strong>ct</strong></span> <span class='ocrx_word' id='word_1_313' title='bbox 1107 3972 1294 4025; x_wconf 88' lang='lat' dir='ltr'><strong>aspera</strong></span> <span class='ocrx_word' id='word_1_314' title='bbox 1324 3960 1425 4012; x_wconf 67' lang='lat' dir='ltr'><strong>vita</strong></span> <span class='ocrx_word' id='word_1_315' title='bbox 1463 3976 1582 4014; x_wconf 90' lang='lat' dir='ltr'><strong>cum</strong></span> <span class='ocrx_word' id='word_1_316' title='bbox 1610 3965 1801 4019; x_wconf 90' lang='lat' dir='ltr'><strong>virtute</strong></span> 
     </span>
    </p>
   </div>
   <div class='ocr_carea' id='block_1_42' title="bbox 199 4042 1800 4120">
    <p class='ocr_par' dir='ltr' id='par_1_42' title="bbox 199 4042 1800 4120">
     <span class='ocr_line' id='line_1_42' title="bbox 199 4042 1800 4120; baseline 0.011 -30"><span class='ocrx_word' id='word_1_317' title='bbox 199 4043 359 4108; x_wconf 77' lang='lat' dir='ltr'><strong>vivit,</strong></span> <span class='ocrx_word' id='word_1_318' title='bbox 395 4042 556 4096; x_wconf 80' lang='lat' dir='ltr'><strong>linem</strong></span> <span class='ocrx_word' id='word_1_319' title='bbox 587 4044 884 4108; x_wconf 88' lang='lat' dir='ltr'><strong>desiderat,</strong></span> <span class='ocrx_word' id='word_1_320' title='bbox 917 4056 970 4099; x_wconf 91' lang='lat' dir='ltr'><strong>ut</strong></span> <span class='ocrx_word' id='word_1_321' title='bbox 998 4049 1347 4115; x_wconf 71' lang='lat' dir='ltr'><strong>prmsentibus</strong></span> <span class='ocrx_word' id='word_1_322' title='bbox 1371 4051 1624 4120; x_wconf 87' lang='lat' dir='ltr'><strong>eripiatur</strong></span> <span class='ocrx_word' id='word_1_323' title='bbox 1654 4054 1800 4107; x_wconf 87' lang='lat' dir='ltr'><strong>labo-</strong></span> 
     </span>
    </p>
   </div>
   <div class='ocr_carea' id='block_1_43' title="bbox 198 4134 1798 4207">
    <p class='ocr_par' dir='ltr' id='par_1_43' title="bbox 198 4134 1798 4207">
     <span class='ocr_line' id='line_1_43' title="bbox 198 4134 1798 4207; baseline 0.009 -23"><span class='ocrx_word' id='word_1_324' title='bbox 198 4134 380 4194; x_wconf 80' lang='lat' dir='ltr'><strong>ribus,</strong></span> <span class='ocrx_word' id='word_1_325' title='bbox 411 4143 469 4187; x_wconf 88' lang='lat' dir='ltr'><strong>et</strong></span> <span class='ocrx_word' id='word_1_326' title='bbox 517 4148 614 4202; x_wconf 90' lang='lat' dir='ltr'><strong>pro</strong></span> <span class='ocrx_word' id='word_1_327' title='bbox 653 4136 899 4203; x_wconf 84' lang='lat' dir='ltr'><strong>repositis</strong></span> <span class='ocrx_word' id='word_1_328' title='bbox 932 4137 1104 4191; x_wconf 84' lang='lat' dir='ltr'><strong>valeat</strong></span> <span class='ocrx_word' id='word_1_329' title='bbox 1144 4141 1356 4192; x_wconf 91' lang='lat' dir='ltr'><strong>coronis</strong></span> <span class='ocrx_word' id='word_1_330' title='bbox 1399 4142 1690 4207; x_wconf 80' lang='lat' dir='ltr'><strong>confidere,</strong></span> <span class='ocrx_word' id='word_1_331' title='bbox 1732 4145 1798 4198; x_wconf 77' lang='lat' dir='ltr'><strong>ad</strong></span> 
     </span>
    </p>
   </div>
   <div class='ocr_carea' id='block_1_44' title="bbox 197 4223 1796 4304">
    <p class='ocr_par' dir='ltr' id='par_1_44' title="bbox 197 4223 1796 4304">
     <span class='ocr_line' id='line_1_44' title="bbox 197 4223 1796 4304; baseline 0.009 -30"><span class='ocrx_word' id='word_1_332' title='bbox 197 4223 561 4291; x_wconf 80' lang='lat' dir='ltr'><strong>tranquillum</strong></span> <span class='ocrx_word' id='word_1_333' title='bbox 613 4226 871 4294; x_wconf 80' lang='lat' dir='ltr'><strong>navigans</strong></span> <span class='ocrx_word' id='word_1_334' title='bbox 917 4237 1152 4295; x_wconf 89' lang='lat' dir='ltr'><strong>portum,</strong></span> <span class='ocrx_word' id='word_1_335' title='bbox 1182 4240 1234 4284; x_wconf 89' lang='lat' dir='ltr'><strong>et</strong></span> <span class='ocrx_word' id='word_1_336' title='bbox 1263 4231 1353 4285; x_wconf 90' lang='lat' dir='ltr'><strong>illo</strong></span> <span class='ocrx_word' id='word_1_337' title='bbox 1384 4236 1796 4304; x_wconf 87' lang='lat' dir='ltr'><strong>transmigrans,</strong></span> 
     </span>
    </p>
   </div>
   <div class='ocr_carea' id='block_1_45' title="bbox 195 4317 1797 4396">
    <p class='ocr_par' dir='ltr' id='par_1_45' title="bbox 195 4317 1797 4396">
     <span class='ocr_line' id='line_1_45' title="bbox 195 4317 1797 4396; baseline 0.009 -28"><span class='ocrx_word' id='word_1_338' title='bbox 195 4317 289 4369; x_wconf 81' lang='lat' dir='ltr'><strong>ubi</strong></span> <span class='ocrx_word' id='word_1_339' title='bbox 324 4332 436 4368; x_wconf 91' lang='lat' dir='ltr'><strong>non</strong></span> <span class='ocrx_word' id='word_1_340' title='bbox 462 4327 545 4368; x_wconf 87' lang='lat' dir='ltr'><strong>est</strong></span> <span class='ocrx_word' id='word_1_341' title='bbox 575 4317 801 4386; x_wconf 90' lang='lat' dir='ltr'><strong>amplius</strong></span> <span class='ocrx_word' id='word_1_342' title='bbox 832 4318 1121 4373; x_wconf 90' lang='lat' dir='ltr'><strong>timendum</strong></span> <span class='ocrx_word' id='word_1_343' title='bbox 1149 4322 1500 4392; x_wconf 84' lang='lat' dir='ltr'><strong>naufragium.</strong></span> <span class='ocrx_word' id='word_1_344' title='bbox 1548 4325 1797 4396; x_wconf 87' lang='lat' dir='ltr'><strong>Propter-</strong></span> 
     </span>
    </p>
   </div>
   <div class='ocr_carea' id='block_1_46' title="bbox 191 4407 1797 4477">
    <p class='ocr_par' dir='ltr' id='par_1_46' title="bbox 191 4407 1797 4477">
     <span class='ocr_line' id='line_1_46' title="bbox 191 4407 1797 4477; baseline 0.008 -18"><span class='ocrx_word' id='word_1_345' title='bbox 191 4421 256 4459; x_wconf 78' lang='lat' dir='ltr'><strong>ea</strong></span> <span class='ocrx_word' id='word_1_346' title='bbox 315 4407 469 4460; x_wconf 87' lang='lat' dir='ltr'><strong>Deus</strong></span> <span class='ocrx_word' id='word_1_347' title='bbox 508 4418 691 4459; x_wconf 88' lang='lat' dir='ltr'><strong>natura</strong></span> <span class='ocrx_word' id='word_1_348' title='bbox 725 4407 1046 4462; x_wconf 82' lang='lat' dir='ltr'><strong>laboriosam</strong></span> <span class='ocrx_word' id='word_1_349' title='bbox 1094 4418 1149 4463; x_wconf 93' lang='lat' dir='ltr'><strong>et</strong></span> <span class='ocrx_word' id='word_1_350' title='bbox 1198 4427 1412 4477; x_wconf 71' lang='lat' dir='ltr'><strong>gravem</strong></span> <span class='ocrx_word' id='word_1_351' title='bbox 1456 4416 1608 4468; x_wconf 86' lang='lat' dir='ltr'><strong>nobis</strong></span> <span class='ocrx_word' id='word_1_352' title='bbox 1637 4419 1797 4472; x_wconf 91' lang='lat' dir='ltr'><strong>vitam</strong></span> 
     </span>
    </p>
   </div>
   <div class='ocr_carea' id='block_1_47' title="bbox 191 4499 1796 4572">
    <p class='ocr_par' dir='ltr' id='par_1_47' title="bbox 191 4499 1796 4572">
     <span class='ocr_line' id='line_1_47' title="bbox 191 4499 1796 4572; baseline 0.009 -24"><span class='ocrx_word' id='word_1_353' title='bbox 191 4500 436 4566; x_wconf 81' lang='lat' dir='ltr'><strong>paravit,</strong></span> <span class='ocrx_word' id='word_1_354' title='bbox 473 4507 526 4549; x_wconf 92' lang='lat' dir='ltr'><strong>ut</strong></span> <span class='ocrx_word' id='word_1_355' title='bbox 549 4499 794 4565; x_wconf 72' lang='lat' dir='ltr'><strong>prmsenti</strong></span> <span class='ocrx_word' id='word_1_356' title='bbox 830 4500 1170 4555; x_wconf 85' lang='lat' dir='ltr'><strong>tribulatione</strong></span> <span class='ocrx_word' id='word_1_357' title='bbox 1193 4505 1471 4572; x_wconf 89' lang='lat' dir='ltr'><strong>compulsi,</strong></span> <span class='ocrx_word' id='word_1_358' title='bbox 1503 4507 1796 4563; x_wconf 88' lang='lat' dir='ltr'><strong>futurorum</strong></span> 
     </span>
    </p>
   </div>
   <div class='ocr_carea' id='block_1_48' title="bbox 190 4589 1799 4666">
    <p class='ocr_par' dir='ltr' id='par_1_48' title="bbox 190 4589 1799 4666">
     <span class='ocr_line' id='line_1_48' title="bbox 190 4589 1799 4666; baseline 0.011 -27"><span class='ocrx_word' id='word_1_359' title='bbox 190 4589 541 4642; x_wconf 86' lang='lat' dir='ltr'><strong>desiderium</strong></span> <span class='ocrx_word' id='word_1_360' title='bbox 574 4591 863 4658; x_wconf 89' lang='lat' dir='ltr'><strong>capiamus.</strong></span> <span class='ocrx_word' id='word_1_361' title='bbox 897 4591 953 4646; x_wconf 88' lang='lat' dir='ltr'><strong>Si</strong></span> <span class='ocrx_word' id='word_1_362' title='bbox 981 4593 1123 4646; x_wconf 90' lang='lat' dir='ltr'><strong>enim</strong></span> <span class='ocrx_word' id='word_1_363' title='bbox 1144 4607 1263 4646; x_wconf 90' lang='lat' dir='ltr'><strong>cum</strong></span> <span class='ocrx_word' id='word_1_364' title='bbox 1288 4599 1393 4649; x_wconf 93' lang='lat' dir='ltr'><strong>sint</strong></span> <span class='ocrx_word' id='word_1_365' title='bbox 1421 4607 1498 4652; x_wconf 91' lang='lat' dir='ltr'><strong>tot</strong></span> <span class='ocrx_word' id='word_1_366' title='bbox 1520 4601 1684 4653; x_wconf 88' lang='lat' dir='ltr'><strong>tristia</strong></span> <span class='ocrx_word' id='word_1_367' title='bbox 1702 4642 1716 4666; x_wconf 95' lang='lat'><strong>,</strong></span> <span class='ocrx_word' id='word_1_368' title='bbox 1744 4612 1799 4657; x_wconf 90' lang='lat' dir='ltr'><strong>et</strong></span> 
     </span>
    </p>
   </div>
   <div class='ocr_carea' id='block_1_49' title="bbox 192 4679 1795 4758">
    <p class='ocr_par' dir='ltr' id='par_1_49' title="bbox 192 4679 1795 4758">
     <span class='ocr_line' id='line_1_49' title="bbox 192 4679 1795 4758; baseline 0.011 -27"><span class='ocrx_word' id='word_1_369' title='bbox 192 4679 450 4744; x_wconf 79' lang='lat' dir='ltr'><strong>pericula</strong></span> <span class='ocrx_word' id='word_1_370' title='bbox 476 4691 525 4732; x_wconf 90' lang='lat' dir='ltr'><strong>et</strong></span> <span class='ocrx_word' id='word_1_371' title='bbox 552 4681 801 4746; x_wconf 82' lang='lat' dir='ltr'><strong>timores,</strong></span> <span class='ocrx_word' id='word_1_372' title='bbox 851 4690 905 4736; x_wconf 91' lang='lat' dir='ltr'><strong>et</strong></span> <span class='ocrx_word' id='word_1_373' title='bbox 949 4697 1091 4737; x_wconf 74' lang='lat' dir='ltr'><strong>curae</strong></span> <span class='ocrx_word' id='word_1_374' title='bbox 1120 4700 1218 4739; x_wconf 91' lang='lat' dir='ltr'><strong>nos</strong></span> <span class='ocrx_word' id='word_1_375' title='bbox 1275 4688 1504 4758; x_wconf 91' lang='lat' dir='ltr'><strong>undique</strong></span> <span class='ocrx_word' id='word_1_376' title='bbox 1564 4693 1795 4748; x_wconf 91' lang='lat' dir='ltr'><strong>circum-</strong></span> 
     </span>
    </p>
   </div>
   <div class='ocr_carea' id='block_1_50' title="bbox 183 4771 1794 4850">
    <p class='ocr_par' dir='ltr' id='par_1_50' title="bbox 183 4771 1794 4850">
     <span class='ocr_line' id='line_1_50' title="bbox 183 4771 1794 4850; baseline 0.014 -31"><span class='ocrx_word' id='word_1_377' title='bbox 183 4778 414 4832; x_wconf 76' lang='lat' dir='ltr'><strong>euntes,</strong></span> <span class='ocrx_word' id='word_1_378' title='bbox 479 4781 583 4821; x_wconf 88' lang='lat' dir='ltr'><strong>tam</strong></span> <span class='ocrx_word' id='word_1_379' title='bbox 629 4771 856 4826; x_wconf 87' lang='lat' dir='ltr'><strong>libenter</strong></span> <span class='ocrx_word' id='word_1_380' title='bbox 902 4776 1148 4841; x_wconf 67' lang='lat' dir='ltr'><strong>praesenti</strong></span> <span class='ocrx_word' id='word_1_381' title='bbox 1178 4775 1522 4834; x_wconf 91' lang='lat' dir='ltr'><strong>immoramur</strong></span> <span class='ocrx_word' id='word_1_382' title='bbox 1546 4783 1698 4850; x_wconf 66' lang='lat' dir='ltr'><strong>vitae;</strong></span> <span class='ocrx_word' id='word_1_383' title='bbox 1753 4789 1794 4841; x_wconf 95' lang='lat' dir='ltr'><strong>si</strong></span> 
     </span>
    </p>
   </div>
   <div class='ocr_carea' id='block_1_51' title="bbox 183 4860 1796 4932">
    <p class='ocr_par' dir='ltr' id='par_1_51' title="bbox 183 4860 1796 4932">
     <span class='ocr_line' id='line_1_51' title="bbox 183 4860 1796 4932; baseline 0.012 -23"><span class='ocrx_word' id='word_1_384' title='bbox 183 4860 326 4910; x_wconf 79' lang='lat' dir='ltr'><strong>nihil</strong></span> <span class='ocrx_word' id='word_1_385' title='bbox 361 4860 557 4911; x_wconf 85' lang='lat' dir='ltr'><strong>horum</strong></span> <span class='ocrx_word' id='word_1_386' title='bbox 577 4870 736 4924; x_wconf 85' lang='lat' dir='ltr'><strong>esset,</strong></span> <span class='ocrx_word' id='word_1_387' title='bbox 761 4870 814 4914; x_wconf 88' lang='lat' dir='ltr'><strong>et</strong></span> <span class='ocrx_word' id='word_1_388' title='bbox 835 4863 1034 4932; x_wconf 90' lang='lat' dir='ltr'><strong>absque</strong></span> <span class='ocrx_word' id='word_1_389' title='bbox 1053 4867 1260 4919; x_wconf 87' lang='lat' dir='ltr'><strong>tristitia</strong></span> <span class='ocrx_word' id='word_1_390' title='bbox 1313 4877 1368 4922; x_wconf 91' lang='lat' dir='ltr'><strong>et</strong></span> <span class='ocrx_word' id='word_1_391' title='bbox 1411 4874 1662 4927; x_wconf 68' lang='lat' dir='ltr'><strong>aerumnis</strong></span> <span class='ocrx_word' id='word_1_392' title='bbox 1691 4885 1796 4930; x_wconf 91' lang='lat' dir='ltr'><strong>tota</strong></span> 
     </span>
    </p>
   </div>
   <div class='ocr_carea' id='block_1_52' title="bbox 179 4951 1794 5026">
    <p class='ocr_par' dir='ltr' id='par_1_52' title="bbox 179 4951 1794 5026">
     <span class='ocr_line' id='line_1_52' title="bbox 179 4951 1794 5026; baseline 0.017 -31"><span class='ocrx_word' id='word_1_393' title='bbox 179 4951 330 5002; x_wconf 65' lang='lat' dir='ltr'><strong>fore:</strong></span> <span class='ocrx_word' id='word_1_394' title='bbox 384 4951 492 5001; x_wconf 82' lang='lat' dir='ltr'><strong>vita</strong></span> <span class='ocrx_word' id='word_1_395' title='bbox 530 4959 742 5017; x_wconf 75' lang='lat' dir='ltr'><strong>nostra,</strong></span> <span class='ocrx_word' id='word_1_396' title='bbox 783 4954 996 5022; x_wconf 89' lang='lat' dir='ltr'><strong>quando</strong></span> <span class='ocrx_word' id='word_1_397' title='bbox 1024 4971 1273 5026; x_wconf 87' lang='lat' dir='ltr'><strong>umquam</strong></span> <span class='ocrx_word' id='word_1_398' title='bbox 1306 4958 1478 5014; x_wconf 90' lang='lat' dir='ltr'><strong>futura</strong></span> <span class='ocrx_word' id='word_1_399' title='bbox 1521 4963 1794 5022; x_wconf 85' lang='lat' dir='ltr'><strong>desidera-</strong></span> 
     </span>
    </p>
   </div>
   <div class='ocr_carea' id='block_1_53' title="bbox 177 5043 427 5094">
    <p class='ocr_par' dir='ltr' id='par_1_53' title="bbox 177 5043 427 5094">
     <span class='ocr_line' id='line_1_53' title="bbox 177 5043 427 5094; baseline 0.008 -4"><span class='ocrx_word' id='word_1_400' title='bbox 177 5056 382 5094; x_wconf 80' lang='lat' dir='ltr'><strong>remus</strong></span> <span class='ocrx_word' id='word_1_401' title='bbox 400 5043 427 5092; x_wconf 85' lang='lat'><strong>?</strong></span> 
     </span>
    </p>
   </div>
   <div class='ocr_carea' id='block_1_54' title="bbox 253 5132 1790 5208">
    <p class='ocr_par' dir='ltr' id='par_1_54' title="bbox 253 5132 1790 5208">
     <span class='ocr_line' id='line_1_54' title="bbox 253 5132 1790 5208; baseline 0.013 -20"><span class='ocrx_word' id='word_1_402' title='bbox 253 5135 317 5188; x_wconf 74' lang='grc'><strong>4.</strong></span> <span class='ocrx_word' id='word_1_403' title='bbox 345 5133 446 5186; x_wconf 73' lang='lat' dir='ltr'><strong>Sic</strong></span> <span class='ocrx_word' id='word_1_404' title='bbox 474 5143 529 5186; x_wconf 89' lang='lat' dir='ltr'><strong>et</strong></span> <span class='ocrx_word' id='word_1_405' title='bbox 551 5132 751 5190; x_wconf 65' lang='lat' dir='ltr'><strong>Iudaeis</strong></span> <span class='ocrx_word' id='word_1_406' title='bbox 780 5135 918 5190; x_wconf 83' lang='lat' dir='ltr'><strong>Deus</strong></span> <span class='ocrx_word' id='word_1_407' title='bbox 943 5137 1087 5193; x_wconf 90' lang='lat' dir='ltr'><strong>fecit.</strong></span> <span class='ocrx_word' id='word_1_408' title='bbox 1121 5140 1317 5197; x_wconf 83' lang='lat' dir='ltr'><strong>Volens</strong></span> <span class='ocrx_word' id='word_1_409' title='bbox 1346 5147 1486 5200; x_wconf 91' lang='lat' dir='ltr'><strong>enim</strong></span> <span class='ocrx_word' id='word_1_410' title='bbox 1515 5157 1570 5202; x_wconf 93' lang='lat' dir='ltr'><strong>et</strong></span> <span class='ocrx_word' id='word_1_411' title='bbox 1597 5151 1712 5207; x_wconf 92' lang='lat' dir='ltr'><strong>illos</strong></span> <span class='ocrx_word' id='word_1_412' title='bbox 1740 5154 1790 5208; x_wconf 91' lang='lat' dir='ltr'><strong>in</strong></span> 
     </span>
    </p>
   </div>
   <div class='ocr_carea' id='block_1_55' title="bbox 179 5224 1794 5306">
    <p class='ocr_par' dir='ltr' id='par_1_55' title="bbox 179 5224 1794 5306">
     <span class='ocr_line' id='line_1_55' title="bbox 179 5224 1794 5306; baseline 0.017 -33"><span class='ocrx_word' id='word_1_413' title='bbox 179 5224 409 5278; x_wconf 80' lang='lat' dir='ltr'><strong>reditus</strong></span> <span class='ocrx_word' id='word_1_414' title='bbox 431 5224 778 5293; x_wconf 86' lang='lat' dir='ltr'><strong>cupiditatem</strong></span> <span class='ocrx_word' id='word_1_415' title='bbox 794 5227 1067 5295; x_wconf 88' lang='lat' dir='ltr'><strong>inducere,</strong></span> <span class='ocrx_word' id='word_1_416' title='bbox 1099 5241 1151 5286; x_wconf 90' lang='lat' dir='ltr'><strong>et</strong></span> <span class='ocrx_word' id='word_1_417' title='bbox 1173 5243 1230 5286; x_wconf 92' lang='lat' dir='ltr'><strong>ut</strong></span> <span class='ocrx_word' id='word_1_418' title='bbox 1245 5233 1532 5306; x_wconf 64' lang='lat' dir='ltr'><strong>Egyptum</strong></span> <span class='ocrx_word' id='word_1_419' title='bbox 1555 5241 1794 5301; x_wconf 90' lang='lat' dir='ltr'><strong>odissent</strong></span> 
     </span>
    </p>
   </div>
   <div class='ocr_carea' id='block_1_56' title="bbox 175 5315 1792 5394">
    <p class='ocr_par' dir='ltr' id='par_1_56' title="bbox 175 5315 1792 5394">
     <span class='ocr_line' id='line_1_56' title="bbox 175 5315 1792 5394; baseline 0.013 -26"><span class='ocrx_word' id='word_1_420' title='bbox 175 5315 550 5383; x_wconf 59' lang='lat' dir='ltr'><strong>mrsuadere,</strong></span> <span class='ocrx_word' id='word_1_421' title='bbox 585 5319 823 5384; x_wconf 87' lang='lat' dir='ltr'><strong>permisit</strong></span> <span class='ocrx_word' id='word_1_422' title='bbox 845 5335 940 5374; x_wconf 89' lang='lat' dir='ltr'><strong>eos</strong></span> <span class='ocrx_word' id='word_1_423' title='bbox 983 5322 1213 5378; x_wconf 89' lang='lat' dir='ltr'><strong>lateritio</strong></span> <span class='ocrx_word' id='word_1_424' title='bbox 1241 5340 1402 5394; x_wconf 82' lang='lat' dir='ltr'><strong>Opere</strong></span> <span class='ocrx_word' id='word_1_425' title='bbox 1429 5338 1482 5383; x_wconf 93' lang='lat' dir='ltr'><strong>ct</strong></span> <span class='ocrx_word' id='word_1_426' title='bbox 1510 5330 1620 5386; x_wconf 92' lang='lat' dir='ltr'><strong>luto</strong></span> <span class='ocrx_word' id='word_1_427' title='bbox 1646 5335 1792 5388; x_wconf 90' lang='lat' dir='ltr'><strong>labo-</strong></span> 
     </span>
    </p>
   </div>
   <div class='ocr_carea' id='block_1_57' title="bbox 175 5404 1792 5481">
    <p class='ocr_par' dir='ltr' id='par_1_57' title="bbox 175 5404 1792 5481">
     <span class='ocr_line' id='line_1_57' title="bbox 175 5404 1792 5481; baseline 0.012 -21"><span class='ocrx_word' id='word_1_428' title='bbox 175 5423 303 5462; x_wconf 82' lang='lat' dir='ltr'><strong>rare</strong></span> <span class='ocrx_word' id='word_1_429' title='bbox 330 5404 547 5477; x_wconf 74' lang='lat' dir='ltr'><strong>(Exod.</strong></span> <span class='ocrx_word' id='word_1_430' title='bbox 574 5409 624 5461; x_wconf 91' lang='grc'><strong>1.</strong></span> <span class='ocrx_word' id='word_1_431' title='bbox 655 5409 765 5481; x_wconf 64' lang='lat' dir='ltr'><strong>ll),</strong></span> <span class='ocrx_word' id='word_1_432' title='bbox 797 5419 853 5463; x_wconf 90' lang='lat' dir='ltr'><strong>ut</strong></span> <span class='ocrx_word' id='word_1_433' title='bbox 873 5411 1114 5466; x_wconf 81' lang='lat' dir='ltr'><strong>laborum</strong></span> <span class='ocrx_word' id='word_1_434' title='bbox 1137 5423 1191 5468; x_wconf 89' lang='lat' dir='ltr'><strong>et</strong></span> <span class='ocrx_word' id='word_1_435' title='bbox 1227 5431 1478 5474; x_wconf 71' lang='lat' dir='ltr'><strong>(erumna:</strong></span> <span class='ocrx_word' id='word_1_436' title='bbox 1506 5421 1646 5478; x_wconf 90' lang='lat' dir='ltr'><strong>illius</strong></span> <span class='ocrx_word' id='word_1_437' title='bbox 1679 5440 1792 5479; x_wconf 86' lang='lat' dir='ltr'><strong>ma-</strong></span> 
     </span>
    </p>
   </div>
   <div class='ocr_carea' id='block_1_58' title="bbox 173 5498 1788 5570">
    <p class='ocr_par' dir='ltr' id='par_1_58' title="bbox 173 5498 1788 5570">
     <span class='ocr_line' id='line_1_58' title="bbox 173 5498 1788 5570; baseline 0.014 -22"><span class='ocrx_word' id='word_1_438' title='bbox 173 5498 482 5566; x_wconf 65' lang='lat' dir='ltr'><strong>gnitudine</strong></span> <span class='ocrx_word' id='word_1_439' title='bbox 505 5500 748 5565; x_wconf 87' lang='lat' dir='ltr'><strong>cruciati,</strong></span> <span class='ocrx_word' id='word_1_440' title='bbox 776 5501 841 5554; x_wconf 90' lang='lat' dir='ltr'><strong>ad</strong></span> <span class='ocrx_word' id='word_1_441' title='bbox 862 5501 1026 5557; x_wconf 92' lang='lat' dir='ltr'><strong>Deum</strong></span> <span class='ocrx_word' id='word_1_442' title='bbox 1048 5507 1372 5562; x_wconf 88' lang='lat' dir='ltr'><strong>reversionis</strong></span> <span class='ocrx_word' id='word_1_443' title='bbox 1413 5525 1573 5567; x_wconf 90' lang='lat' dir='ltr'><strong>causa</strong></span> <span class='ocrx_word' id='word_1_444' title='bbox 1595 5515 1788 5570; x_wconf 84' lang='lat' dir='ltr'><strong>clama-</strong></span> 
     </span>
    </p>
   </div>
   <div class='ocr_carea' id='block_1_59' title="bbox 241 5610 1797 5688">
    <p class='ocr_par' dir='ltr' id='par_1_59' title="bbox 241 5610 1797 5688">
     <span class='ocr_line' id='line_1_59' title="bbox 241 5610 1797 5688; baseline 0.013 -30"><span class='ocrx_word' id='word_1_445' title='bbox 241 5613 257 5641; x_wconf 87' lang='grc'><strong>¹</strong></span> <span class='ocrx_word' id='word_1_446' title='bbox 295 5610 732 5688; x_wconf 45' lang='lat' dir='ltr'><strong>liorel.’.‘omissis</strong></span> <span class='ocrx_word' id='word_1_447' title='bbox 757 5614 986 5688; x_wconf 65' lang='lat' dir='ltr'><strong>multis...</strong></span> <span class='ocrx_word' id='word_1_448' title='bbox 1011 5619 1098 5688; x_wconf 74' lang='lat' dir='ltr'><strong>sed</strong></span> <span class='ocrx_word' id='word_1_449' title='bbox 1123 5623 1184 5688; x_wconf 72' lang='lat' dir='ltr'><strong>de</strong></span> <span class='ocrx_word' id='word_1_450' title='bbox 1208 5623 1378 5688; x_wconf 75' lang='lat' dir='ltr'><strong>mortis</strong></span> <span class='ocrx_word' id='word_1_451' title='bbox 1401 5631 1666 5688; x_wconf 68' lang='lat' dir='ltr'><strong>eontemptu</strong></span> <span class='ocrx_word' id='word_1_452' title='bbox 1690 5628 1797 5679; x_wconf 84' lang='lat' dir='ltr'><strong>dis-</strong></span> 
     </span>
    </p>
   </div>
   <div class='ocr_carea' id='block_1_60' title="bbox 183 5673 1608 5749">
    <p class='ocr_par' dir='ltr' id='par_1_60' title="bbox 183 5673 1608 5749">
     <span class='ocr_line' id='line_1_60' title="bbox 183 5673 1608 5749; baseline 0.011 -29"><span class='ocrx_word' id='word_1_453' title='bbox 183 5685 432 5722; x_wconf 71' lang='grc' dir='ltr'><strong>ιιγιιηιιιε</strong></span> <span class='ocrx_word' id='word_1_454' title='bbox 458 5673 602 5734; x_wconf 74' lang='grc' dir='ltr'><strong>(ἀλὶὰ</strong></span> <span class='ocrx_word' id='word_1_455' title='bbox 623 5677 728 5737; x_wconf 76' lang='grc' dir='ltr'><strong>περὶ</strong></span> <span class='ocrx_word' id='word_1_456' title='bbox 750 5679 1008 5741; x_wconf 71' lang='grc' dir='ltr'>ὑπιροψίας</span> <span class='ocrx_word' id='word_1_457' title='bbox 1035 5682 1233 5731; x_wconf 76' lang='grc' dir='ltr'>θανάτου</span> <span class='ocrx_word' id='word_1_458' title='bbox 1257 5673 1608 5749; x_wconf 36' lang='grc' dir='ltr'><strong>διαλεχοῶέλεέιίίξ</strong></span> 
     </span>
    </p>
   </div>
   <div class='ocr_carea' id='block_1_61' title="bbox 1933 406 3507 500">
    <p class='ocr_par' dir='ltr' id='par_1_61' title="bbox 1933 406 3507 500">
     <span class='ocr_line' id='line_1_61' title="bbox 1933 406 3507 500; baseline 0.017 -43"><span class='ocrx_word' id='word_1_459' title='bbox 1933 414 2067 460; x_wconf 87' lang='lat' dir='ltr'><strong>rent.</strong></span> <span class='ocrx_word' id='word_1_460' title='bbox 2088 406 2141 461; x_wconf 92' lang='lat' dir='ltr'><strong>Si</strong></span> <span class='ocrx_word' id='word_1_461' title='bbox 2160 409 2299 463; x_wconf 91' lang='lat' dir='ltr'><strong>enim</strong></span> <span class='ocrx_word' id='word_1_462' title='bbox 2318 413 2537 480; x_wconf 77' lang='lat' dir='ltr'><strong>egressi,</strong></span> <span class='ocrx_word' id='word_1_463' title='bbox 2557 415 2796 482; x_wconf 81' lang='lat' dir='ltr'><strong>quamvis</strong></span> <span class='ocrx_word' id='word_1_464' title='bbox 2815 415 2924 470; x_wconf 68' lang='lat' dir='ltr'><strong>iure.</strong></span> <span class='ocrx_word' id='word_1_465' title='bbox 2941 422 3274 490; x_wconf 72' lang='lat' dir='ltr'><strong>accidissent,</strong></span> <span class='ocrx_word' id='word_1_466' title='bbox 3293 427 3507 500; x_wconf 62' lang='lat' dir='ltr'><strong>Aﬁgypti</strong></span> 
     </span>
    </p>
   </div>
   <div class='ocr_carea' id='block_1_62' title="bbox 1931 497 3506 588">
    <p class='ocr_par' dir='ltr' id='par_1_62' title="bbox 1931 497 3506 588">
     <span class='ocr_line' id='line_1_62' title="bbox 1931 497 3506 588; baseline 0.017 -40"><span class='ocrx_word' id='word_1_467' title='bbox 1931 497 2118 552; x_wconf 90' lang='lat' dir='ltr'><strong>iterum</strong></span> <span class='ocrx_word' id='word_1_468' title='bbox 2139 503 2556 559; x_wconf 90' lang='lat' dir='ltr'><strong>memineruntet</strong></span> <span class='ocrx_word' id='word_1_469' title='bbox 2580 507 2810 574; x_wconf 69' lang='lat' dir='ltr'><strong>pristina:</strong></span> <span class='ocrx_word' id='word_1_470' title='bbox 2827 512 3115 578; x_wconf 84' lang='lat' dir='ltr'><strong>servitutis,</strong></span> <span class='ocrx_word' id='word_1_471' title='bbox 3136 526 3186 568; x_wconf 92' lang='lat' dir='ltr'><strong>et</strong></span> <span class='ocrx_word' id='word_1_472' title='bbox 3204 519 3268 571; x_wconf 90' lang='lat' dir='ltr'><strong>ad</strong></span> <span class='ocrx_word' id='word_1_473' title='bbox 3294 497 3506 588; x_wconf 68' lang='lat' dir='ltr'><strong>gravem</strong></span> 
     </span>
    </p>
   </div>
   <div class='ocr_carea' id='block_1_63' title="bbox 1931 587 3507 674">
    <p class='ocr_par' dir='ltr' id='par_1_63' title="bbox 1931 587 3507 674">
     <span class='ocr_line' id='line_1_63' title="bbox 1931 587 3507 674; baseline 0.016 -36"><span class='ocrx_word' id='word_1_474' title='bbox 1931 587 2259 655; x_wconf 80' lang='lat' dir='ltr'><strong>tyrannidem</strong></span> <span class='ocrx_word' id='word_1_475' title='bbox 2289 593 2464 646; x_wconf 90' lang='lat' dir='ltr'><strong>redire</strong></span> <span class='ocrx_word' id='word_1_476' title='bbox 2488 594 2807 650; x_wconf 86' lang='lat' dir='ltr'><strong>festinabant</strong></span> <span class='ocrx_word' id='word_1_477' title='bbox 2835 597 3026 668; x_wconf 68' lang='lat' dir='ltr'><strong>(Exod.</strong></span> <span class='ocrx_word' id='word_1_478' title='bbox 3055 603 3136 657; x_wconf 84' lang='grc'><strong>16.</strong></span> <span class='ocrx_word' id='word_1_479' title='bbox 3171 604 3225 674; x_wconf 77' lang='grc'><strong>5)</strong></span> <span class='ocrx_word' id='word_1_480' title='bbox 3255 625 3268 660; x_wconf 93' lang='lat'><strong><em>:</em></strong></span> <span class='ocrx_word' id='word_1_481' title='bbox 3298 587 3392 662; x_wconf 90' lang='lat' dir='ltr'><strong>nisi</strong></span> <span class='ocrx_word' id='word_1_482' title='bbox 3428 621 3507 663; x_wconf 87' lang='lat' dir='ltr'><strong>ta-</strong></span> 
     </span>
    </p>
   </div>
   <div class='ocr_carea' id='block_1_64' title="bbox 1929 676 3509 763">
    <p class='ocr_par' dir='ltr' id='par_1_64' title="bbox 1929 676 3509 763">
     <span class='ocr_line' id='line_1_64' title="bbox 1929 676 3509 763; baseline 0.017 -35"><span class='ocrx_word' id='word_1_483' title='bbox 1929 676 2007 731; x_wconf 89' lang='lat' dir='ltr'><strong>les</strong></span> <span class='ocrx_word' id='word_1_484' title='bbox 2044 677 2266 735; x_wconf 69' lang='lat' dir='ltr'><strong>fnissent</strong></span> <span class='ocrx_word' id='word_1_485' title='bbox 2297 685 2498 752; x_wconf 75' lang='lat' dir='ltr'><strong>experti</strong></span> <span class='ocrx_word' id='word_1_486' title='bbox 2539 686 2821 752; x_wconf 89' lang='lat' dir='ltr'><strong>barbaros,</strong></span> <span class='ocrx_word' id='word_1_487' title='bbox 2852 689 3064 758; x_wconf 81' lang='lat' dir='ltr'><strong>quando</strong></span> <span class='ocrx_word' id='word_1_488' title='bbox 3099 709 3346 763; x_wconf 86' lang='lat' dir='ltr'><strong>umquam</strong></span> <span class='ocrx_word' id='word_1_489' title='bbox 3379 701 3509 754; x_wconf 79' lang='lat' dir='ltr'><strong>alie-</strong></span> 
     </span>
    </p>
   </div>
   <div class='ocr_carea' id='block_1_65' title="bbox 1927 769 3513 852">
    <p class='ocr_par' dir='ltr' id='par_1_65' title="bbox 1927 769 3513 852">
     <span class='ocr_line' id='line_1_65' title="bbox 1927 769 3513 852; baseline 0.014 -32"><span class='ocrx_word' id='word_1_490' title='bbox 1927 783 2048 822; x_wconf 88' lang='lat' dir='ltr'><strong>nam</strong></span> <span class='ocrx_word' id='word_1_491' title='bbox 2091 769 2355 826; x_wconf 84' lang='lat' dir='ltr'><strong>dimittere</strong></span> <span class='ocrx_word' id='word_1_492' title='bbox 2408 784 2602 828; x_wconf 90' lang='lat' dir='ltr'><strong>terram</strong></span> <span class='ocrx_word' id='word_1_493' title='bbox 2635 777 2964 832; x_wconf 86' lang='lat' dir='ltr'><strong>voluissent?</strong></span> <span class='ocrx_word' id='word_1_494' title='bbox 3002 781 3078 835; x_wconf 83' lang='lat' dir='ltr'><strong>Ne</strong></span> <span class='ocrx_word' id='word_1_495' title='bbox 3121 782 3280 852; x_wconf 86' lang='lat' dir='ltr'><strong>igitur</strong></span> <span class='ocrx_word' id='word_1_496' title='bbox 3315 797 3369 840; x_wconf 91' lang='lat' dir='ltr'><strong>et</strong></span> <span class='ocrx_word' id='word_1_497' title='bbox 3416 805 3513 842; x_wconf 86' lang='lat' dir='ltr'><strong>nos</strong></span> 
     </span>
    </p>
   </div>
   <div class='ocr_carea' id='block_1_66' title="bbox 1928 863 3515 942">
    <p class='ocr_par' dir='ltr' id='par_1_66' title="bbox 1928 863 3515 942">
     <span class='ocr_line' id='line_1_66' title="bbox 1928 863 3515 942; baseline 0.012 -28"><span class='ocrx_word' id='word_1_498' title='bbox 1928 868 2082 915; x_wconf 83' lang='lat' dir='ltr'><strong>terrae</strong></span> <span class='ocrx_word' id='word_1_499' title='bbox 2112 863 2278 924; x_wconf 82' lang='lat' dir='ltr'><strong>affixi,</strong></span> <span class='ocrx_word' id='word_1_500' title='bbox 2302 873 2356 918; x_wconf 88' lang='lat' dir='ltr'><strong>et</strong></span> <span class='ocrx_word' id='word_1_501' title='bbox 2387 867 2736 934; x_wconf 70' lang='lat' dir='ltr'><strong>prtesentihus</strong></span> <span class='ocrx_word' id='word_1_502' title='bbox 2764 869 3026 925; x_wconf 87' lang='lat' dir='ltr'><strong>inhiantes</strong></span> <span class='ocrx_word' id='word_1_503' title='bbox 3078 881 3402 942; x_wconf 88' lang='lat' dir='ltr'><strong>torpeamus.</strong></span> <span class='ocrx_word' id='word_1_504' title='bbox 3460 891 3515 933; x_wconf 84' lang='lat' dir='ltr'><strong>et</strong></span> 
     </span>
    </p>
   </div>
   <div class='ocr_carea' id='block_1_67' title="bbox 1925 950 3512 1022">
    <p class='ocr_par' dir='ltr' id='par_1_67' title="bbox 1925 950 3512 1022">
     <span class='ocr_line' id='line_1_67' title="bbox 1925 950 3512 1022; baseline 0.013 -21"><span class='ocrx_word' id='word_1_505' title='bbox 1925 950 2221 1005; x_wconf 90' lang='lat' dir='ltr'><strong>futurorum</strong></span> <span class='ocrx_word' id='word_1_506' title='bbox 2251 955 2652 1020; x_wconf 89' lang='lat' dir='ltr'><strong>obliviscamur,</strong></span> <span class='ocrx_word' id='word_1_507' title='bbox 2683 959 2842 1012; x_wconf 88' lang='lat' dir='ltr'><strong>vitam</strong></span> <span class='ocrx_word' id='word_1_508' title='bbox 2871 962 3025 1016; x_wconf 88' lang='lat' dir='ltr'><strong>nobis</strong></span> <span class='ocrx_word' id='word_1_509' title='bbox 3053 963 3175 1018; x_wconf 89' lang='lat' dir='ltr'><strong>fecit</strong></span> <span class='ocrx_word' id='word_1_510' title='bbox 3204 966 3342 1020; x_wconf 89' lang='lat' dir='ltr'><strong>Deus</strong></span> <span class='ocrx_word' id='word_1_511' title='bbox 3365 969 3512 1022; x_wconf 56' lang='lat' dir='ltr'><strong>laho-</strong></span> 
     </span>
    </p>
   </div>
   <div class='ocr_carea' id='block_1_68' title="bbox 1923 1033 3510 1116">
    <p class='ocr_par' dir='ltr' id='par_1_68' title="bbox 1923 1033 3510 1116">
     <span class='ocr_line' id='line_1_68' title="bbox 1923 1033 3510 1116; baseline 0.013 -32"><span class='ocrx_word' id='word_1_512' title='bbox 1923 1033 2138 1087; x_wconf 88' lang='lat' dir='ltr'><strong>riosam.</strong></span> <span class='ocrx_word' id='word_1_513' title='bbox 2194 1036 2306 1090; x_wconf 85' lang='lat' dir='ltr'><strong>Non</strong></span> <span class='ocrx_word' id='word_1_514' title='bbox 2358 1037 2517 1107; x_wconf 84' lang='lat' dir='ltr'><strong>igitur</strong></span> <span class='ocrx_word' id='word_1_515' title='bbox 2551 1041 2688 1094; x_wconf 90' lang='lat' dir='ltr'><strong>ultra</strong></span> <span class='ocrx_word' id='word_1_516' title='bbox 2717 1058 2876 1111; x_wconf 87' lang='lat' dir='ltr'><strong>quam</strong></span> <span class='ocrx_word' id='word_1_517' title='bbox 2908 1055 2989 1098; x_wconf 90' lang='lat' dir='ltr'><strong>est</strong></span> <span class='ocrx_word' id='word_1_518' title='bbox 3015 1061 3147 1114; x_wconf 89' lang='lat' dir='ltr'><strong>opus</strong></span> <span class='ocrx_word' id='word_1_519' title='bbox 3194 1060 3510 1116; x_wconf 73' lang='lat' dir='ltr'><strong>praesentem</strong></span> 
     </span>
    </p>
   </div>
   <div class='ocr_carea' id='block_1_69' title="bbox 1922 1125 3509 1208">
    <p class='ocr_par' dir='ltr' id='par_1_69' title="bbox 1922 1125 3509 1208">
     <span class='ocr_line' id='line_1_69' title="bbox 1922 1125 3509 1208; baseline 0.012 -33"><span class='ocrx_word' id='word_1_520' title='bbox 1922 1125 2081 1179; x_wconf 89' lang='lat' dir='ltr'><strong>vitam</strong></span> <span class='ocrx_word' id='word_1_521' title='bbox 2135 1128 2536 1196; x_wconf 88' lang='lat' dir='ltr'><strong>amplectamur.</strong></span> <span class='ocrx_word' id='word_1_522' title='bbox 2565 1131 2694 1198; x_wconf 79' lang='lat' dir='ltr'><strong>Qua:</strong></span> <span class='ocrx_word' id='word_1_523' title='bbox 2716 1135 2872 1188; x_wconf 88' lang='lat' dir='ltr'><strong>nobis</strong></span> <span class='ocrx_word' id='word_1_524' title='bbox 2903 1136 3139 1190; x_wconf 86' lang='lat' dir='ltr'><strong>utilitas?</strong></span> <span class='ocrx_word' id='word_1_525' title='bbox 3189 1139 3330 1208; x_wconf 91' lang='lat' dir='ltr'><strong>quod</strong></span> <span class='ocrx_word' id='word_1_526' title='bbox 3380 1156 3509 1196; x_wconf 87' lang='lat' dir='ltr'><strong>vero</strong></span> 
     </span>
    </p>
   </div>
   <div class='ocr_carea' id='block_1_70' title="bbox 1919 1215 3510 1296">
    <p class='ocr_par' dir='ltr' id='par_1_70' title="bbox 1919 1215 3510 1296">
     <span class='ocr_line' id='line_1_70' title="bbox 1919 1215 3510 1296; baseline 0.013 -30"><span class='ocrx_word' id='word_1_527' title='bbox 1919 1215 2335 1271; x_wconf 91' lang='lat' dir='ltr'><strong>emolumentum</strong></span> <span class='ocrx_word' id='word_1_528' title='bbox 2385 1235 2452 1273; x_wconf 83' lang='lat' dir='ltr'><strong>ex</strong></span> <span class='ocrx_word' id='word_1_529' title='bbox 2498 1220 2655 1274; x_wconf 89' lang='lat' dir='ltr'><strong>nimia</strong></span> <span class='ocrx_word' id='word_1_530' title='bbox 2690 1224 2966 1290; x_wconf 61' lang='lat' dir='ltr'><strong>praesentis</strong></span> <span class='ocrx_word' id='word_1_531' title='bbox 3018 1227 3136 1280; x_wconf 67' lang='lat' dir='ltr'><strong>vita:</strong></span> <span class='ocrx_word' id='word_1_532' title='bbox 3183 1228 3510 1296; x_wconf 71' lang='lat' dir='ltr'><strong>cupiditate!</strong></span> 
     </span>
    </p>
   </div>
   <div class='ocr_carea' id='block_1_71' title="bbox 1927 1304 3506 1384">
    <p class='ocr_par' dir='ltr' id='par_1_71' title="bbox 1927 1304 3506 1384">
     <span class='ocr_line' id='line_1_71' title="bbox 1927 1304 3506 1384; baseline 0.013 -28"><span class='ocrx_word' id='word_1_533' title='bbox 1927 1304 2013 1358; x_wconf 86' lang='lat' dir='ltr'><strong>Vis</strong></span> <span class='ocrx_word' id='word_1_534' title='bbox 2034 1306 2240 1362; x_wconf 89' lang='lat' dir='ltr'><strong>discere</strong></span> <span class='ocrx_word' id='word_1_535' title='bbox 2260 1325 2426 1377; x_wconf 85' lang='lat' dir='ltr'><strong>quare</strong></span> <span class='ocrx_word' id='word_1_536' title='bbox 2442 1311 2636 1365; x_wconf 89' lang='lat' dir='ltr'><strong>bonum</strong></span> <span class='ocrx_word' id='word_1_537' title='bbox 2656 1314 2722 1366; x_wconf 90' lang='lat' dir='ltr'><strong>sit</strong></span> <span class='ocrx_word' id='word_1_538' title='bbox 2743 1329 2979 1382; x_wconf 72' lang='lat' dir='ltr'><strong>prmsens</strong></span> <span class='ocrx_word' id='word_1_539' title='bbox 3000 1317 3141 1372; x_wconf 89' lang='lat' dir='ltr'><strong>vita?</strong></span> <span class='ocrx_word' id='word_1_540' title='bbox 3163 1319 3294 1384; x_wconf 83' lang='lat' dir='ltr'><strong>Quia</strong></span> <span class='ocrx_word' id='word_1_541' title='bbox 3319 1321 3506 1376; x_wconf 80' lang='lat' dir='ltr'><strong>futura:</strong></span> 
     </span>
    </p>
   </div>
   <div class='ocr_carea' id='block_1_72' title="bbox 1920 1398 3504 1472">
    <p class='ocr_par' dir='ltr' id='par_1_72' title="bbox 1920 1398 3504 1472">
     <span class='ocr_line' id='line_1_72' title="bbox 1920 1398 3504 1472; baseline 0.011 -22"><span class='ocrx_word' id='word_1_542' title='bbox 1920 1398 2074 1452; x_wconf 90' lang='lat' dir='ltr'><strong>nobis</strong></span> <span class='ocrx_word' id='word_1_543' title='bbox 2098 1403 2218 1454; x_wconf 69' lang='lat' dir='ltr'><strong>vita:</strong></span> <span class='ocrx_word' id='word_1_544' title='bbox 2244 1403 2462 1456; x_wconf 87' lang='lat' dir='ltr'><strong>materia</strong></span> <span class='ocrx_word' id='word_1_545' title='bbox 2494 1405 2740 1472; x_wconf 84' lang='lat' dir='ltr'><strong>efficitur,</strong></span> <span class='ocrx_word' id='word_1_546' title='bbox 2770 1415 2824 1460; x_wconf 88' lang='lat' dir='ltr'><strong>et</strong></span> <span class='ocrx_word' id='word_1_547' title='bbox 2851 1410 3061 1463; x_wconf 86' lang='lat' dir='ltr'><strong>occasio</strong></span> <span class='ocrx_word' id='word_1_548' title='bbox 3081 1420 3134 1465; x_wconf 91' lang='lat' dir='ltr'><strong>et</strong></span> <span class='ocrx_word' id='word_1_549' title='bbox 3160 1413 3389 1467; x_wconf 87' lang='lat' dir='ltr'><strong>stadium</strong></span> <span class='ocrx_word' id='word_1_550' title='bbox 3421 1425 3504 1470; x_wconf 87' lang='lat' dir='ltr'><strong>est</strong></span> 
     </span>
    </p>
   </div>
   <div class='ocr_carea' id='block_1_73' title="bbox 1923 1493 3501 1568">
    <p class='ocr_par' dir='ltr' id='par_1_73' title="bbox 1923 1493 3501 1568">
     <span class='ocr_line' id='line_1_73' title="bbox 1923 1493 3501 1568; baseline 0.011 -27"><span class='ocrx_word' id='word_1_551' title='bbox 1923 1505 2018 1556; x_wconf 88' lang='lat' dir='ltr'><strong>pro</strong></span> <span class='ocrx_word' id='word_1_552' title='bbox 2046 1493 2260 1546; x_wconf 92' lang='lat' dir='ltr'><strong>coronis</strong></span> <span class='ocrx_word' id='word_1_553' title='bbox 2305 1493 2412 1547; x_wconf 89' lang='lat' dir='ltr'><strong>illic</strong></span> <span class='ocrx_word' id='word_1_554' title='bbox 2449 1496 2802 1563; x_wconf 86' lang='lat' dir='ltr'><strong>adipiscendis</strong></span> <span class='ocrx_word' id='word_1_555' title='bbox 2834 1515 2846 1550; x_wconf 90' lang='lat'><strong>:</strong></span> <span class='ocrx_word' id='word_1_556' title='bbox 2880 1501 3020 1568; x_wconf 92' lang='lat' dir='ltr'><strong>quod</strong></span> <span class='ocrx_word' id='word_1_557' title='bbox 3052 1502 3151 1555; x_wconf 92' lang='lat' dir='ltr'><strong>nisi</strong></span> <span class='ocrx_word' id='word_1_558' title='bbox 3198 1503 3300 1558; x_wconf 91' lang='lat' dir='ltr'><strong>hoc</strong></span> <span class='ocrx_word' id='word_1_559' title='bbox 3348 1506 3501 1560; x_wconf 87' lang='lat' dir='ltr'><strong>nobis</strong></span> 
     </span>
    </p>
   </div>
   <div class='ocr_carea' id='block_1_74' title="bbox 1920 1582 3560 1650">
    <p class='ocr_par' dir='ltr' id='par_1_74' title="bbox 1920 1582 3560 1650">
     <span class='ocr_line' id='line_1_74' title="bbox 1920 1582 3560 1650; baseline 0.011 -17"><span class='ocrx_word' id='word_1_560' title='bbox 1920 1582 2198 1649; x_wconf 68' lang='lat' dir='ltr'><strong>praeberet,</strong></span> <span class='ocrx_word' id='word_1_561' title='bbox 2238 1584 2528 1641; x_wconf 90' lang='lat' dir='ltr'><strong>innumeris</strong></span> <span class='ocrx_word' id='word_1_562' title='bbox 2551 1588 2806 1643; x_wconf 91' lang='lat' dir='ltr'><strong>mortibus</strong></span> <span class='ocrx_word' id='word_1_563' title='bbox 2829 1601 2970 1645; x_wconf 90' lang='lat' dir='ltr'><strong>esset</strong></span> <span class='ocrx_word' id='word_1_564' title='bbox 2992 1593 3364 1650; x_wconf 87' lang='lat' dir='ltr'><strong>miserabilior.</strong></span> <span class='ocrx_word' id='word_1_565' title='bbox 3391 1596 3500 1650; x_wconf 83' lang='lat' dir='ltr'><strong>Nisi</strong></span> <span class='ocrx_word' id='word_1_566' title='bbox 3556 1595 3560 1598; x_wconf 77' lang='grc'><em>’</em></span> 
     </span>
    </p>
   </div>
   <div class='ocr_carea' id='block_1_75' title="bbox 1917 1673 3498 1750">
    <p class='ocr_par' dir='ltr' id='par_1_75' title="bbox 1917 1673 3498 1750">
     <span class='ocr_line' id='line_1_75' title="bbox 1917 1673 3498 1750; baseline 0.011 -24"><span class='ocrx_word' id='word_1_567' title='bbox 1917 1673 2058 1726; x_wconf 89' lang='lat' dir='ltr'><strong>cnim</strong></span> <span class='ocrx_word' id='word_1_568' title='bbox 2087 1675 2326 1730; x_wconf 85' lang='lat' dir='ltr'><strong>viventes</strong></span> <span class='ocrx_word' id='word_1_569' title='bbox 2358 1677 2468 1731; x_wconf 90' lang='lat' dir='ltr'><strong>Deo</strong></span> <span class='ocrx_word' id='word_1_570' title='bbox 2493 1679 2660 1732; x_wconf 90' lang='lat' dir='ltr'><strong>simus</strong></span> <span class='ocrx_word' id='word_1_571' title='bbox 2684 1681 2948 1750; x_wconf 88' lang='lat' dir='ltr'><strong>placituri,</strong></span> <span class='ocrx_word' id='word_1_572' title='bbox 2983 1684 3176 1740; x_wconf 88' lang='lat' dir='ltr'><strong>melius</strong></span> <span class='ocrx_word' id='word_1_573' title='bbox 3204 1697 3288 1741; x_wconf 84' lang='lat' dir='ltr'><strong>est</strong></span> <span class='ocrx_word' id='word_1_574' title='bbox 3331 1689 3498 1744; x_wconf 90' lang='lat' dir='ltr'><strong>obire.</strong></span> 
     </span>
    </p>
   </div>
   <div class='ocr_carea' id='block_1_76' title="bbox 1916 1762 3498 1843">
    <p class='ocr_par' dir='ltr' id='par_1_76' title="bbox 1916 1762 3498 1843">
     <span class='ocr_line' id='line_1_76' title="bbox 1916 1762 3498 1843; baseline 0.011 -28"><span class='ocrx_word' id='word_1_575' title='bbox 1916 1762 2051 1828; x_wconf 85' lang='lat' dir='ltr'><strong>Quid</strong></span> <span class='ocrx_word' id='word_1_576' title='bbox 2078 1767 2216 1819; x_wconf 91' lang='lat' dir='ltr'><strong>enim</strong></span> <span class='ocrx_word' id='word_1_577' title='bbox 2245 1775 2326 1821; x_wconf 88' lang='lat' dir='ltr'><strong>est</strong></span> <span class='ocrx_word' id='word_1_578' title='bbox 2353 1769 2580 1837; x_wconf 89' lang='lat' dir='ltr'><strong>amplius</strong></span> <span class='ocrx_word' id='word_1_579' title='bbox 2599 1770 2620 1822; x_wconf 88' lang='lat'><strong>?</strong></span> <span class='ocrx_word' id='word_1_580' title='bbox 2639 1771 2762 1840; x_wconf 91' lang='lat' dir='ltr'><strong>quid</strong></span> <span class='ocrx_word' id='word_1_581' title='bbox 2793 1773 3089 1843; x_wconf 82' lang='lat' dir='ltr'><strong>reliquum?</strong></span> <span class='ocrx_word' id='word_1_582' title='bbox 3120 1791 3222 1830; x_wconf 92' lang='lat' dir='ltr'><strong>non</strong></span> <span class='ocrx_word' id='word_1_583' title='bbox 3252 1779 3498 1833; x_wconf 88' lang='lat' dir='ltr'><strong>eumdem</strong></span> 
     </span>
    </p>
   </div>
   <div class='ocr_carea' id='block_1_77' title="bbox 1915 1853 3493 1929">
    <p class='ocr_par' dir='ltr' id='par_1_77' title="bbox 1915 1853 3493 1929">
     <span class='ocr_line' id='line_1_77' title="bbox 1915 1853 3493 1929; baseline 0.011 -23"><span class='ocrx_word' id='word_1_584' title='bbox 1915 1853 2082 1907; x_wconf 88' lang='lat' dir='ltr'><strong>solem</strong></span> <span class='ocrx_word' id='word_1_585' title='bbox 2137 1865 2192 1910; x_wconf 89' lang='lat' dir='ltr'><strong>et</strong></span> <span class='ocrx_word' id='word_1_586' title='bbox 2231 1857 2474 1912; x_wconf 89' lang='lat' dir='ltr'><strong>eamdem</strong></span> <span class='ocrx_word' id='word_1_587' title='bbox 2524 1859 2701 1914; x_wconf 90' lang='lat' dir='ltr'><strong>lunam</strong></span> <span class='ocrx_word' id='word_1_588' title='bbox 2747 1864 2979 1929; x_wconf 87' lang='lat' dir='ltr'><strong>quotidie</strong></span> <span class='ocrx_word' id='word_1_589' title='bbox 3031 1868 3334 1922; x_wconf 86' lang='lat' dir='ltr'><strong>cernimus?</strong></span> <span class='ocrx_word' id='word_1_590' title='bbox 3386 1886 3493 1923; x_wconf 92' lang='lat' dir='ltr'><strong>non</strong></span> 
     </span>
    </p>
   </div>
   <div class='ocr_carea' id='block_1_78' title="bbox 1915 1939 3501 2014">
    <p class='ocr_par' dir='ltr' id='par_1_78' title="bbox 1915 1939 3501 2014">
     <span class='ocr_line' id='line_1_78' title="bbox 1915 1939 3501 2014; baseline 0.012 -19"><span class='ocrx_word' id='word_1_591' title='bbox 1915 1944 2154 1996; x_wconf 87' lang='lat' dir='ltr'><strong>eamdem</strong></span> <span class='ocrx_word' id='word_1_592' title='bbox 2197 1939 2505 2012; x_wconf 81' lang='lat' dir='ltr'><strong>bicmem,el</strong></span> <span class='ocrx_word' id='word_1_593' title='bbox 2527 1965 2628 2002; x_wconf 90' lang='lat' dir='ltr'><strong>non</strong></span> <span class='ocrx_word' id='word_1_594' title='bbox 2655 1952 2894 2006; x_wconf 87' lang='lat' dir='ltr'><strong>eamdem</strong></span> <span class='ocrx_word' id='word_1_595' title='bbox 2911 1958 3176 2010; x_wconf 71' lang='lat' dir='ltr'><strong>testatem?</strong></span> <span class='ocrx_word' id='word_1_596' title='bbox 3195 1973 3298 2012; x_wconf 92' lang='lat' dir='ltr'><strong>non</strong></span> <span class='ocrx_word' id='word_1_597' title='bbox 3316 1959 3501 2014; x_wconf 83' lang='lat' dir='ltr'><strong>eadem</strong></span> 
     </span>
    </p>
   </div>
   <div class='ocr_carea' id='block_1_79' title="bbox 1916 2035 3499 2114">
    <p class='ocr_par' dir='ltr' id='par_1_79' title="bbox 1916 2035 3499 2114">
     <span class='ocr_line' id='line_1_79' title="bbox 1916 2035 3499 2114; baseline 0.011 -28"><span class='ocrx_word' id='word_1_598' title='bbox 1916 2035 2164 2104; x_wconf 85' lang='lat' dir='ltr'><strong>negotia?</strong></span> <span class='ocrx_word' id='word_1_599' title='bbox 2193 2038 2329 2102; x_wconf 80' lang='lat' dir='ltr'><strong>Quid</strong></span> <span class='ocrx_word' id='word_1_600' title='bbox 2377 2048 2447 2092; x_wconf 81' lang='lat' dir='ltr'><strong>est</strong></span> <span class='ocrx_word' id='word_1_601' title='bbox 2486 2041 2621 2108; x_wconf 85' lang='lat' dir='ltr'><strong>quod</strong></span> <span class='ocrx_word' id='word_1_602' title='bbox 2646 2043 2785 2111; x_wconf 77' lang='lat' dir='ltr'><strong>fuit?</strong></span> <span class='ocrx_word' id='word_1_603' title='bbox 2831 2044 2885 2096; x_wconf 91' lang='lat' dir='ltr'><strong>id</strong></span> <span class='ocrx_word' id='word_1_604' title='bbox 2911 2047 3044 2114; x_wconf 90' lang='lat' dir='ltr'><strong>quod</strong></span> <span class='ocrx_word' id='word_1_605' title='bbox 3082 2049 3191 2100; x_wconf 86' lang='lat' dir='ltr'><strong>erit.</strong></span> <span class='ocrx_word' id='word_1_606' title='bbox 3252 2049 3388 2113; x_wconf 82' lang='lat' dir='ltr'><strong>Quid</strong></span> <span class='ocrx_word' id='word_1_607' title='bbox 3427 2061 3499 2103; x_wconf 80' lang='lat' dir='ltr'><strong>est</strong></span> 
     </span>
    </p>
   </div>
   <div class='ocr_carea' id='block_1_80' title="bbox 1913 2126 3495 2208">
    <p class='ocr_par' dir='ltr' id='par_1_80' title="bbox 1913 2126 3495 2208">
     <span class='ocr_line' id='line_1_80' title="bbox 1913 2126 3495 2208; baseline 0.01 -32"><span class='ocrx_word' id='word_1_608' title='bbox 1913 2126 2046 2194; x_wconf 85' lang='lat' dir='ltr'><strong>quod</strong></span> <span class='ocrx_word' id='word_1_609' title='bbox 2069 2137 2138 2180; x_wconf 83' lang='lat' dir='ltr'><strong>est</strong></span> <span class='ocrx_word' id='word_1_610' title='bbox 2167 2130 2392 2196; x_wconf 83' lang='lat' dir='ltr'><strong>factum?</strong></span> <span class='ocrx_word' id='word_1_611' title='bbox 2411 2131 2726 2202; x_wconf 81' lang='lat' dir='ltr'><strong>ipsumquod</strong></span> <span class='ocrx_word' id='word_1_612' title='bbox 2753 2135 2979 2200; x_wconf 76' lang='lat' dir='ltr'><strong>futurum</strong></span> <span class='ocrx_word' id='word_1_613' title='bbox 3001 2146 3072 2189; x_wconf 85' lang='lat' dir='ltr'><strong>est</strong></span> <span class='ocrx_word' id='word_1_614' title='bbox 3103 2136 3320 2208; x_wconf 76' lang='lat' dir='ltr'><strong>(Eccles.</strong></span> <span class='ocrx_word' id='word_1_615' title='bbox 3344 2141 3395 2192; x_wconf 96' lang='grc'><strong>1.</strong></span> <span class='ocrx_word' id='word_1_616' title='bbox 3419 2139 3495 2208; x_wconf 87' lang='lat'><strong>9).</strong></span> 
     </span>
    </p>
   </div>
   <div class='ocr_carea' id='block_1_81' title="bbox 1914 2215 3501 2297">
    <p class='ocr_par' dir='ltr' id='par_1_81' title="bbox 1914 2215 3501 2297">
     <span class='ocr_line' id='line_1_81' title="bbox 1914 2215 3501 2297; baseline 0.008 -28"><span class='ocrx_word' id='word_1_617' title='bbox 1914 2215 1989 2269; x_wconf 83' lang='lat' dir='ltr'><strong>Ne</strong></span> <span class='ocrx_word' id='word_1_618' title='bbox 2020 2217 2177 2286; x_wconf 83' lang='lat' dir='ltr'><strong>igitur</strong></span> <span class='ocrx_word' id='word_1_619' title='bbox 2219 2217 2401 2272; x_wconf 88' lang='lat' dir='ltr'><strong>beatos</strong></span> <span class='ocrx_word' id='word_1_620' title='bbox 2432 2228 2676 2290; x_wconf 88' lang='lat' dir='ltr'><strong>putemus</strong></span> <span class='ocrx_word' id='word_1_621' title='bbox 2706 2223 2961 2292; x_wconf 89' lang='lat' dir='ltr'><strong>viventes,</strong></span> <span class='ocrx_word' id='word_1_622' title='bbox 2987 2243 3161 2297; x_wconf 86' lang='lat' dir='ltr'><strong>neque</strong></span> <span class='ocrx_word' id='word_1_623' title='bbox 3213 2231 3501 2283; x_wconf 81' lang='lat' dir='ltr'><strong>morientes</strong></span> 
     </span>
    </p>
   </div>
   <div class='ocr_carea' id='block_1_82' title="bbox 1913 2307 3497 2382">
    <p class='ocr_par' dir='ltr' id='par_1_82' title="bbox 1913 2307 3497 2382">
     <span class='ocr_line' id='line_1_82' title="bbox 1913 2307 3497 2382; baseline 0.007 -22"><span class='ocrx_word' id='word_1_624' title='bbox 1913 2307 2216 2378; x_wconf 86' lang='lat' dir='ltr'><strong>lugeamus;</strong></span> <span class='ocrx_word' id='word_1_625' title='bbox 2249 2309 2343 2364; x_wconf 91' lang='lat' dir='ltr'><strong>sed</strong></span> <span class='ocrx_word' id='word_1_626' title='bbox 2372 2312 2421 2364; x_wconf 94' lang='lat' dir='ltr'><strong>in</strong></span> <span class='ocrx_word' id='word_1_627' title='bbox 2450 2315 2681 2380; x_wconf 90' lang='lat' dir='ltr'><strong>peccatis</strong></span> <span class='ocrx_word' id='word_1_628' title='bbox 2717 2315 3054 2382; x_wconf 89' lang='lat' dir='ltr'><strong>constitutos,</strong></span> <span class='ocrx_word' id='word_1_629' title='bbox 3097 2318 3213 2373; x_wconf 88' lang='lat' dir='ltr'><strong>sive</strong></span> <span class='ocrx_word' id='word_1_630' title='bbox 3241 2319 3497 2382; x_wconf 76' lang='lat' dir='ltr'><strong>viventes,</strong></span> 
     </span>
    </p>
   </div>
   <div class='ocr_carea' id='block_1_83' title="bbox 1912 2399 3500 2478">
    <p class='ocr_par' dir='ltr' id='par_1_83' title="bbox 1912 2399 3500 2478">
     <span class='ocr_line' id='line_1_83' title="bbox 1912 2399 3500 2478; baseline 0.008 -28"><span class='ocrx_word' id='word_1_631' title='bbox 1912 2399 2026 2451; x_wconf 89' lang='lat' dir='ltr'><strong>sive</strong></span> <span class='ocrx_word' id='word_1_632' title='bbox 2047 2407 2282 2453; x_wconf 90' lang='lat' dir='ltr'><strong>mortuos</strong></span> <span class='ocrx_word' id='word_1_633' title='bbox 2309 2399 2687 2469; x_wconf 85' lang='lat' dir='ltr'><strong>deplorentus;</strong></span> <span class='ocrx_word' id='word_1_634' title='bbox 2724 2403 2774 2456; x_wconf 91' lang='lat' dir='ltr'><strong>in</strong></span> <span class='ocrx_word' id='word_1_635' title='bbox 2801 2403 3008 2472; x_wconf 89' lang='lat' dir='ltr'><strong>justitia</strong></span> <span class='ocrx_word' id='word_1_636' title='bbox 3030 2421 3157 2460; x_wconf 85' lang='lat' dir='ltr'><strong>vero</strong></span> <span class='ocrx_word' id='word_1_637' title='bbox 3184 2407 3500 2478; x_wconf 84' lang='lat' dir='ltr'><strong>ubicumque</strong></span> 
     </span>
    </p>
   </div>
   <div class='ocr_carea' id='block_1_84' title="bbox 1911 2489 3497 2565">
    <p class='ocr_par' dir='ltr' id='par_1_84' title="bbox 1911 2489 3497 2565">
     <span class='ocr_line' id='line_1_84' title="bbox 1911 2489 3497 2565; baseline 0.008 -23"><span class='ocrx_word' id='word_1_638' title='bbox 1911 2489 2047 2555; x_wconf 91' lang='lat' dir='ltr'><strong>sint,</strong></span> <span class='ocrx_word' id='word_1_639' title='bbox 2091 2490 2277 2545; x_wconf 88' lang='lat' dir='ltr'><strong>beatos</strong></span> <span class='ocrx_word' id='word_1_640' title='bbox 2307 2493 2690 2548; x_wconf 80' lang='lat' dir='ltr'><strong>existimemus.</strong></span> <span class='ocrx_word' id='word_1_641' title='bbox 2721 2495 2800 2548; x_wconf 90' lang='lat' dir='ltr'><strong>Tu</strong></span> <span class='ocrx_word' id='word_1_642' title='bbox 2829 2496 3041 2565; x_wconf 89' lang='lat' dir='ltr'><strong>quidem</strong></span> <span class='ocrx_word' id='word_1_643' title='bbox 3081 2514 3240 2552; x_wconf 91' lang='lat' dir='ltr'><strong>unam</strong></span> <span class='ocrx_word' id='word_1_644' title='bbox 3271 2512 3497 2554; x_wconf 87' lang='lat' dir='ltr'><strong>mortem</strong></span> 
     </span>
    </p>
   </div>
   <div class='ocr_carea' id='block_1_85' title="bbox 1913 2580 3499 2658">
    <p class='ocr_par' dir='ltr' id='par_1_85' title="bbox 1913 2580 3499 2658">
     <span class='ocr_line' id='line_1_85' title="bbox 1913 2580 3499 2658; baseline 0.008 -24"><span class='ocrx_word' id='word_1_645' title='bbox 1913 2580 2168 2636; x_wconf 87' lang='lat' dir='ltr'><strong>formidas</strong></span> <span class='ocrx_word' id='word_1_646' title='bbox 2198 2593 2253 2638; x_wconf 93' lang='lat' dir='ltr'><strong>et</strong></span> <span class='ocrx_word' id='word_1_647' title='bbox 2279 2585 2462 2654; x_wconf 89' lang='lat' dir='ltr'><strong>luges;</strong></span> <span class='ocrx_word' id='word_1_648' title='bbox 2497 2595 2554 2638; x_wconf 88' lang='lat' dir='ltr'><strong>at</strong></span> <span class='ocrx_word' id='word_1_649' title='bbox 2582 2585 2775 2640; x_wconf 84' lang='lat' dir='ltr'><strong>Paulus</strong></span> <span class='ocrx_word' id='word_1_650' title='bbox 2800 2602 2895 2656; x_wconf 91' lang='lat' dir='ltr'><strong>per</strong></span> <span class='ocrx_word' id='word_1_651' title='bbox 2939 2589 3176 2658; x_wconf 91' lang='lat' dir='ltr'><strong>singulos</strong></span> <span class='ocrx_word' id='word_1_652' title='bbox 3221 2590 3336 2645; x_wconf 92' lang='lat' dir='ltr'><strong>dies</strong></span> <span class='ocrx_word' id='word_1_653' title='bbox 3385 2608 3499 2646; x_wconf 80' lang='lat' dir='ltr'><strong>mo-</strong></span> 
     </span>
    </p>
   </div>
   <div class='ocr_carea' id='block_1_86' title="bbox 1913 2673 3500 2748">
    <p class='ocr_par' dir='ltr' id='par_1_86' title="bbox 1913 2673 3500 2748">
     <span class='ocr_line' id='line_1_86' title="bbox 1913 2673 3500 2748; baseline 0.007 -23"><span class='ocrx_word' id='word_1_654' title='bbox 1913 2673 2075 2739; x_wconf 88' lang='lat' dir='ltr'><strong>riens,</strong></span> <span class='ocrx_word' id='word_1_655' title='bbox 2105 2691 2206 2727; x_wconf 92' lang='lat' dir='ltr'><strong>non</strong></span> <span class='ocrx_word' id='word_1_656' title='bbox 2231 2683 2433 2728; x_wconf 90' lang='lat' dir='ltr'><strong>tantum</strong></span> <span class='ocrx_word' id='word_1_657' title='bbox 2466 2691 2571 2730; x_wconf 91' lang='lat' dir='ltr'><strong>non</strong></span> <span class='ocrx_word' id='word_1_658' title='bbox 2623 2677 2969 2748; x_wconf 84' lang='lat' dir='ltr'><strong>lacrymabat,</strong></span> <span class='ocrx_word' id='word_1_659' title='bbox 3021 2679 3115 2734; x_wconf 88' lang='lat' dir='ltr'><strong>sed</strong></span> <span class='ocrx_word' id='word_1_660' title='bbox 3135 2690 3190 2735; x_wconf 92' lang='lat' dir='ltr'><strong>et</strong></span> <span class='ocrx_word' id='word_1_661' title='bbox 3220 2681 3500 2736; x_wconf 66' lang='lat' dir='ltr'><strong>laztabatur</strong></span> 
     </span>
    </p>
   </div>
   <div class='ocr_carea' id='block_1_87' title="bbox 1910 2767 3491 2841">
    <p class='ocr_par' dir='ltr' id='par_1_87' title="bbox 1910 2767 3491 2841">
     <span class='ocr_line' id='line_1_87' title="bbox 1910 2767 3491 2841; baseline 0.005 -22"><span class='ocrx_word' id='word_1_662' title='bbox 1910 2775 1962 2819; x_wconf 91' lang='lat' dir='ltr'><strong>et</strong></span> <span class='ocrx_word' id='word_1_663' title='bbox 1982 2767 2296 2820; x_wconf 88' lang='lat' dir='ltr'><strong>exsultabat.</strong></span> <span class='ocrx_word' id='word_1_664' title='bbox 2330 2767 2541 2822; x_wconf 84' lang='lat' dir='ltr'><strong>Utinam</strong></span> <span class='ocrx_word' id='word_1_665' title='bbox 2570 2777 2624 2822; x_wconf 94' lang='lat' dir='ltr'><strong>et</strong></span> <span class='ocrx_word' id='word_1_666' title='bbox 2644 2783 2744 2838; x_wconf 89' lang='lat' dir='ltr'><strong>ego</strong></span> <span class='ocrx_word' id='word_1_667' title='bbox 2775 2779 2992 2839; x_wconf 86' lang='lat' dir='ltr'><strong>prepter</strong></span> <span class='ocrx_word' id='word_1_668' title='bbox 3020 2771 3183 2825; x_wconf 90' lang='lat' dir='ltr'><strong>Deum</strong></span> <span class='ocrx_word' id='word_1_669' title='bbox 3225 2773 3491 2841; x_wconf 87' lang='lat' dir='ltr'><strong>periclita-</strong></span> 
     </span>
    </p>
   </div>
   <div class='ocr_carea' id='block_1_88' title="bbox 1909 2858 3496 2931">
    <p class='ocr_par' dir='ltr' id='par_1_88' title="bbox 1909 2858 3496 2931">
     <span class='ocr_line' id='line_1_88' title="bbox 1909 2858 3496 2931; baseline 0.003 -20"><span class='ocrx_word' id='word_1_670' title='bbox 1909 2873 2016 2919; x_wconf 81' lang='grc' dir='ltr'><strong>ι·‹ϊ,</strong></span> <span class='ocrx_word' id='word_1_671' title='bbox 2047 2858 2236 2927; x_wconf 89' lang='lat' dir='ltr'><strong>inquit,</strong></span> <span class='ocrx_word' id='word_1_672' title='bbox 2256 2869 2309 2913; x_wconf 92' lang='lat' dir='ltr'><strong>et</strong></span> <span class='ocrx_word' id='word_1_673' title='bbox 2327 2859 2456 2912; x_wconf 92' lang='lat' dir='ltr'><strong>nihil</strong></span> <span class='ocrx_word' id='word_1_674' title='bbox 2478 2874 2746 2914; x_wconf 91' lang='lat' dir='ltr'><strong>curarem.</strong></span> <span class='ocrx_word' id='word_1_675' title='bbox 2777 2860 2881 2914; x_wconf 86' lang='lat' dir='ltr'><strong>Sed</strong></span> <span class='ocrx_word' id='word_1_676' title='bbox 2906 2877 3077 2931; x_wconf 91' lang='lat' dir='ltr'><strong>neque</strong></span> <span class='ocrx_word' id='word_1_677' title='bbox 3097 2878 3236 2916; x_wconf 92' lang='lat' dir='ltr'><strong>nunc</strong></span> <span class='ocrx_word' id='word_1_678' title='bbox 3255 2873 3496 2918; x_wconf 83' lang='lat' dir='ltr'><strong>conster-</strong></span> 
     </span>
    </p>
   </div>
   <div class='ocr_carea' id='block_1_89' title="bbox 1911 2949 3498 3023">
    <p class='ocr_par' dir='ltr' id='par_1_89' title="bbox 1911 2949 3498 3023">
     <span class='ocr_line' id='line_1_89' title="bbox 1911 2949 3498 3023; baseline 0.003 -21"><span class='ocrx_word' id='word_1_679' title='bbox 1911 2949 2224 3002; x_wconf 90' lang='lat' dir='ltr'><strong>neris:non</strong></span> <span class='ocrx_word' id='word_1_680' title='bbox 2273 2949 2415 3002; x_wconf 92' lang='lat' dir='ltr'><strong>enim</strong></span> <span class='ocrx_word' id='word_1_681' title='bbox 2465 2959 2667 3004; x_wconf 91' lang='lat' dir='ltr'><strong>tantum</strong></span> <span class='ocrx_word' id='word_1_682' title='bbox 2714 2950 2801 3020; x_wconf 92' lang='lat' dir='ltr'><strong>qui</strong></span> <span class='ocrx_word' id='word_1_683' title='bbox 2831 2962 3046 3020; x_wconf 90' lang='lat' dir='ltr'><strong>propter</strong></span> <span class='ocrx_word' id='word_1_684' title='bbox 3091 2953 3254 3007; x_wconf 89' lang='lat' dir='ltr'><strong>Deum</strong></span> <span class='ocrx_word' id='word_1_685' title='bbox 3285 2954 3498 3023; x_wconf 90' lang='lat' dir='ltr'><strong>patitur,</strong></span> 
     </span>
    </p>
   </div>
   <div class='ocr_carea' id='block_1_90' title="bbox 1909 3037 3495 3114">
    <p class='ocr_par' dir='ltr' id='par_1_90' title="bbox 1909 3037 3495 3114">
     <span class='ocr_line' id='line_1_90' title="bbox 1909 3037 3495 3114; baseline 0.005 -23"><span class='ocrx_word' id='word_1_686' title='bbox 1909 3037 2118 3093; x_wconf 86' lang='lat' dir='ltr'><strong>laudent</strong></span> <span class='ocrx_word' id='word_1_687' title='bbox 2147 3049 2418 3105; x_wconf 87' lang='lat' dir='ltr'><strong>meretur;</strong></span> <span class='ocrx_word' id='word_1_688' title='bbox 2440 3040 2533 3095; x_wconf 90' lang='lat' dir='ltr'><strong>sed</strong></span> <span class='ocrx_word' id='word_1_689' title='bbox 2558 3049 2612 3095; x_wconf 91' lang='lat' dir='ltr'><strong>et</strong></span> <span class='ocrx_word' id='word_1_690' title='bbox 2631 3042 2718 3112; x_wconf 91' lang='lat' dir='ltr'><strong>qui</strong></span> <span class='ocrx_word' id='word_1_691' title='bbox 2749 3042 2942 3111; x_wconf 90' lang='lat' dir='ltr'><strong>injuste</strong></span> <span class='ocrx_word' id='word_1_692' title='bbox 2962 3043 3248 3114; x_wconf 91' lang='lat' dir='ltr'><strong>quidquam</strong></span> <span class='ocrx_word' id='word_1_693' title='bbox 3280 3045 3495 3114; x_wconf 86' lang='lat' dir='ltr'><strong>patitur,</strong></span> 
     </span>
    </p>
   </div>
   <div class='ocr_carea' id='block_1_91' title="bbox 1909 3131 3494 3205">
    <p class='ocr_par' dir='ltr' id='par_1_91' title="bbox 1909 3131 3494 3205">
     <span class='ocr_line' id='line_1_91' title="bbox 1909 3131 3494 3205; baseline 0.004 -22"><span class='ocrx_word' id='word_1_694' title='bbox 1909 3141 1963 3184; x_wconf 91' lang='lat' dir='ltr'><strong>ct</strong></span> <span class='ocrx_word' id='word_1_695' title='bbox 1989 3146 2248 3200; x_wconf 77' lang='lat' dir='ltr'><strong>generose</strong></span> <span class='ocrx_word' id='word_1_696' title='bbox 2280 3131 2400 3196; x_wconf 90' lang='lat' dir='ltr'><strong>fert,</strong></span> <span class='ocrx_word' id='word_1_697' title='bbox 2428 3141 2481 3185; x_wconf 92' lang='lat' dir='ltr'><strong>et</strong></span> <span class='ocrx_word' id='word_1_698' title='bbox 2514 3133 2620 3186; x_wconf 80' lang='lat' dir='ltr'><strong>lleo</strong></span> <span class='ocrx_word' id='word_1_699' title='bbox 2650 3133 2976 3202; x_wconf 90' lang='lat' dir='ltr'><strong>permittenti</strong></span> <span class='ocrx_word' id='word_1_700' title='bbox 3005 3136 3200 3203; x_wconf 85' lang='lat' dir='ltr'><strong>gratias</strong></span> <span class='ocrx_word' id='word_1_701' title='bbox 3225 3137 3365 3205; x_wconf 84' lang='lat' dir='ltr'><strong>agit,</strong></span> <span class='ocrx_word' id='word_1_702' title='bbox 3388 3137 3494 3190; x_wconf 91' lang='lat' dir='ltr'><strong>alio</strong></span> 
     </span>
    </p>
   </div>
   <div class='ocr_carea' id='block_1_92' title="bbox 1909 3220 3494 3290">
    <p class='ocr_par' dir='ltr' id='par_1_92' title="bbox 1909 3220 3494 3290">
     <span class='ocr_line' id='line_1_92' title="bbox 1909 3220 3494 3290; baseline 0.003 -16"><span class='ocrx_word' id='word_1_703' title='bbox 1909 3220 2022 3275; x_wconf 72' lang='lat' dir='ltr'><strong>haec</strong></span> <span class='ocrx_word' id='word_1_704' title='bbox 2053 3231 2268 3290; x_wconf 91' lang='lat' dir='ltr'><strong>pr0pter</strong></span> <span class='ocrx_word' id='word_1_705' title='bbox 2291 3221 2454 3275; x_wconf 90' lang='lat' dir='ltr'><strong>Deum</strong></span> <span class='ocrx_word' id='word_1_706' title='bbox 2476 3222 2706 3290; x_wconf 90' lang='lat' dir='ltr'><strong>patiente</strong></span> <span class='ocrx_word' id='word_1_707' title='bbox 2737 3239 2838 3276; x_wconf 91' lang='lat' dir='ltr'><strong>non</strong></span> <span class='ocrx_word' id='word_1_708' title='bbox 2862 3233 2945 3278; x_wconf 91' lang='lat' dir='ltr'><strong>est</strong></span> <span class='ocrx_word' id='word_1_709' title='bbox 2967 3223 3208 3278; x_wconf 91' lang='lat' dir='ltr'><strong>inferior.</strong></span> <span class='ocrx_word' id='word_1_710' title='bbox 3236 3226 3494 3290; x_wconf 83' lang='lat' dir='ltr'><strong>Quoniam</strong></span> 
     </span>
    </p>
   </div>
   <div class='ocr_carea' id='block_1_93' title="bbox 1909 3312 3494 3384">
    <p class='ocr_par' dir='ltr' id='par_1_93' title="bbox 1909 3312 3494 3384">
     <span class='ocr_line' id='line_1_93' title="bbox 1909 3312 3494 3384; baseline 0.003 -19"><span class='ocrx_word' id='word_1_711' title='bbox 1909 3324 1961 3365; x_wconf 89' lang='lat' dir='ltr'><strong>et</strong></span> <span class='ocrx_word' id='word_1_712' title='bbox 2014 3312 2201 3366; x_wconf 89' lang='lat' dir='ltr'><strong>beatus</strong></span> <span class='ocrx_word' id='word_1_713' title='bbox 2240 3312 2342 3366; x_wconf 87' lang='lat' dir='ltr'><strong>Job</strong></span> <span class='ocrx_word' id='word_1_714' title='bbox 2394 3312 2586 3368; x_wconf 86' lang='lat' dir='ltr'><strong>multas</strong></span> <span class='ocrx_word' id='word_1_715' title='bbox 2629 3321 2685 3368; x_wconf 93' lang='lat' dir='ltr'><strong>et</strong></span> <span class='ocrx_word' id='word_1_716' title='bbox 2713 3314 3070 3369; x_wconf 88' lang='lat' dir='ltr'><strong>intolerabiles</strong></span> <span class='ocrx_word' id='word_1_717' title='bbox 3119 3315 3234 3368; x_wconf 90' lang='lat' dir='ltr'><strong>illas</strong></span> <span class='ocrx_word' id='word_1_718' title='bbox 3264 3315 3494 3384; x_wconf 85' lang='lat' dir='ltr'><strong>plagasa</strong></span> 
     </span>
    </p>
   </div>
   <div class='ocr_carea' id='block_1_94' title="bbox 1906 3401 3486 3460">
    <p class='ocr_par' dir='ltr' id='par_1_94' title="bbox 1906 3401 3486 3460">
     <span class='ocr_line' id='line_1_94' title="bbox 1906 3401 3486 3460; baseline 0.004 -6"><span class='ocrx_word' id='word_1_719' title='bbox 1906 3403 2120 3456; x_wconf 90' lang='lat' dir='ltr'><strong>diabolo</strong></span> <span class='ocrx_word' id='word_1_720' title='bbox 2147 3401 2336 3456; x_wconf 91' lang='lat' dir='ltr'><strong>frustra</strong></span> <span class='ocrx_word' id='word_1_721' title='bbox 2367 3411 2420 3455; x_wconf 90' lang='lat' dir='ltr'><strong>et</strong></span> <span class='ocrx_word' id='word_1_722' title='bbox 2447 3411 2647 3457; x_wconf 87' lang='lat' dir='ltr'><strong>temere</strong></span> <span class='ocrx_word' id='word_1_723' title='bbox 2674 3413 2727 3457; x_wconf 89' lang='lat' dir='ltr'><strong>et</strong></span> <span class='ocrx_word' id='word_1_724' title='bbox 2753 3405 2868 3458; x_wconf 89' lang='lat' dir='ltr'><strong>sine</strong></span> <span class='ocrx_word' id='word_1_725' title='bbox 2893 3421 3049 3459; x_wconf 89' lang='lat' dir='ltr'><strong>causa</strong></span> <span class='ocrx_word' id='word_1_726' title='bbox 3082 3405 3362 3460; x_wconf 82' lang='lat' dir='ltr'><strong>insidiante</strong></span> <span class='ocrx_word' id='word_1_727' title='bbox 3391 3422 3486 3460; x_wconf 82' lang='lat' dir='ltr'><strong>ex—</strong></span> 
     </span>
    </p>
   </div>
   <div class='ocr_carea' id='block_1_95' title="bbox 1906 3492 3492 3563">
    <p class='ocr_par' dir='ltr' id='par_1_95' title="bbox 1906 3492 3492 3563">
     <span class='ocr_line' id='line_1_95' title="bbox 1906 3492 3492 3563; baseline 0.003 -19"><span class='ocrx_word' id='word_1_728' title='bbox 1906 3493 2077 3560; x_wconf 89' lang='lat' dir='ltr'><strong>cepit;</strong></span> <span class='ocrx_word' id='word_1_729' title='bbox 2110 3492 2203 3544; x_wconf 91' lang='lat' dir='ltr'><strong>sed</strong></span> <span class='ocrx_word' id='word_1_730' title='bbox 2230 3501 2407 3546; x_wconf 89' lang='lat' dir='ltr'><strong>tamen</strong></span> <span class='ocrx_word' id='word_1_731' title='bbox 2445 3507 2530 3561; x_wconf 80' lang='lat' dir='ltr'><strong>qu:</strong></span> <span class='ocrx_word' id='word_1_732' title='bbox 2554 3494 2693 3546; x_wconf 91' lang='lat' dir='ltr'><strong>niam</strong></span> <span class='ocrx_word' id='word_1_733' title='bbox 2721 3508 2980 3563; x_wconf 84' lang='lat' dir='ltr'><strong>generose</strong></span> <span class='ocrx_word' id='word_1_734' title='bbox 3004 3494 3140 3560; x_wconf 90' lang='lat' dir='ltr'><strong>tulit,</strong></span> <span class='ocrx_word' id='word_1_735' title='bbox 3171 3503 3225 3549; x_wconf 93' lang='lat' dir='ltr'><strong>et</strong></span> <span class='ocrx_word' id='word_1_736' title='bbox 3252 3495 3360 3550; x_wconf 89' lang='lat' dir='ltr'><strong>Deo</strong></span> <span class='ocrx_word' id='word_1_737' title='bbox 3377 3494 3492 3549; x_wconf 78' lang='lat' dir='ltr'><strong>lucc</strong></span> 
     </span>
    </p>
   </div>
   <div class='ocr_carea' id='block_1_96' title="bbox 1909 3582 3486 3653">
    <p class='ocr_par' dir='ltr' id='par_1_96' title="bbox 1909 3582 3486 3653">
     <span class='ocr_line' id='line_1_96' title="bbox 1909 3582 3486 3653; baseline 0.006 -23"><span class='ocrx_word' id='word_1_738' title='bbox 1909 3582 2231 3648; x_wconf 90' lang='lat' dir='ltr'><strong>permittenti</strong></span> <span class='ocrx_word' id='word_1_739' title='bbox 2253 3583 2448 3650; x_wconf 85' lang='lat' dir='ltr'><strong>gratias</strong></span> <span class='ocrx_word' id='word_1_740' title='bbox 2469 3583 2593 3650; x_wconf 77' lang='lat' dir='ltr'><strong>egit,</strong></span> <span class='ocrx_word' id='word_1_741' title='bbox 2623 3583 2882 3652; x_wconf 89' lang='lat' dir='ltr'><strong>integram</strong></span> <span class='ocrx_word' id='word_1_742' title='bbox 2901 3586 3192 3653; x_wconf 90' lang='lat' dir='ltr'><strong>reportavit</strong></span> <span class='ocrx_word' id='word_1_743' title='bbox 3211 3599 3486 3639; x_wconf 88' lang='lat' dir='ltr'><strong>coronam.</strong></span> 
     </span>
    </p>
   </div>
   <div class='ocr_carea' id='block_1_97' title="bbox 1971 3671 3488 3742">
    <p class='ocr_par' dir='ltr' id='par_1_97' title="bbox 1971 3671 3488 3742">
     <span class='ocr_line' id='line_1_97' title="bbox 1971 3671 3488 3742; baseline 0.003 -19"><span class='ocrx_word' id='word_1_744' title='bbox 1971 3671 2110 3724; x_wconf 80' lang='lat' dir='ltr'><strong>Mors</strong></span> <span class='ocrx_word' id='word_1_745' title='bbox 2139 3687 2237 3723; x_wconf 83' lang='lat' dir='ltr'><strong>non</strong></span> <span class='ocrx_word' id='word_1_746' title='bbox 2265 3672 2582 3724; x_wconf 86' lang='lat' dir='ltr'><strong>timenda.—-</strong></span> <span class='ocrx_word' id='word_1_747' title='bbox 2625 3673 2701 3726; x_wconf 83' lang='lat' dir='ltr'><strong>Ne</strong></span> <span class='ocrx_word' id='word_1_748' title='bbox 2726 3673 2884 3740; x_wconf 91' lang='lat' dir='ltr'><strong>igitur</strong></span> <span class='ocrx_word' id='word_1_749' title='bbox 2899 3684 3112 3742; x_wconf 89' lang='lat' dir='ltr'><strong>propter</strong></span> <span class='ocrx_word' id='word_1_750' title='bbox 3137 3680 3488 3729; x_wconf 83' lang='lat' dir='ltr'><strong>mortemtri-</strong></span> 
     </span>
    </p>
   </div>
   <div class='ocr_carea' id='block_1_98' title="bbox 1906 3763 3484 3834">
    <p class='ocr_par' dir='ltr' id='par_1_98' title="bbox 1906 3763 3484 3834">
     <span class='ocr_line' id='line_1_98' title="bbox 1906 3763 3484 3834; baseline 0.002 -18"><span class='ocrx_word' id='word_1_751' title='bbox 1906 3763 2085 3825; x_wconf 88' lang='lat' dir='ltr'><strong>steris,</strong></span> <span class='ocrx_word' id='word_1_752' title='bbox 2137 3773 2338 3816; x_wconf 73' lang='lat' dir='ltr'><strong>natura:</strong></span> <span class='ocrx_word' id='word_1_753' title='bbox 2369 3764 2509 3816; x_wconf 91' lang='lat' dir='ltr'><strong>enim</strong></span> <span class='ocrx_word' id='word_1_754' title='bbox 2537 3773 2620 3818; x_wconf 92' lang='lat' dir='ltr'><strong>est</strong></span> <span class='ocrx_word' id='word_1_755' title='bbox 2655 3783 2667 3818; x_wconf 91' lang='lat'><strong>:</strong></span> <span class='ocrx_word' id='word_1_756' title='bbox 2701 3765 2910 3818; x_wconf 89' lang='lat' dir='ltr'><strong>tristare</strong></span> <span class='ocrx_word' id='word_1_757' title='bbox 2943 3775 3155 3834; x_wconf 87' lang='lat' dir='ltr'><strong>propter</strong></span> <span class='ocrx_word' id='word_1_758' title='bbox 3179 3775 3450 3834; x_wconf 88' lang='lat' dir='ltr'><strong>peccatum</strong></span> <span class='ocrx_word' id='word_1_759' title='bbox 3471 3808 3484 3828; x_wconf 90' lang='lat'><strong>,</strong></span> 
     </span>
    </p>
   </div>
   <div class='ocr_carea' id='block_1_99' title="bbox 1905 3855 3484 3928">
    <p class='ocr_par' dir='ltr' id='par_1_99' title="bbox 1905 3855 3484 3928">
     <span class='ocr_line' id='line_1_99' title="bbox 1905 3855 3484 3928; baseline 0.006 -23"><span class='ocrx_word' id='word_1_760' title='bbox 1905 3855 2189 3908; x_wconf 87' lang='lat' dir='ltr'><strong>voluntatis</strong></span> <span class='ocrx_word' id='word_1_761' title='bbox 2215 3857 2356 3909; x_wconf 90' lang='lat' dir='ltr'><strong>enim</strong></span> <span class='ocrx_word' id='word_1_762' title='bbox 2387 3864 2471 3910; x_wconf 89' lang='lat' dir='ltr'><strong>est</strong></span> <span class='ocrx_word' id='word_1_763' title='bbox 2496 3857 2672 3926; x_wconf 89' lang='lat' dir='ltr'><strong>culpa.</strong></span> <span class='ocrx_word' id='word_1_764' title='bbox 2700 3858 2754 3913; x_wconf 80' lang='lat' dir='ltr'><strong>Si</strong></span> <span class='ocrx_word' id='word_1_765' title='bbox 2792 3872 2918 3913; x_wconf 90' lang='lat' dir='ltr'><strong>vero</strong></span> <span class='ocrx_word' id='word_1_766' title='bbox 2957 3868 3172 3928; x_wconf 86' lang='lat' dir='ltr'><strong>propter</strong></span> <span class='ocrx_word' id='word_1_767' title='bbox 3205 3859 3484 3914; x_wconf 86' lang='lat' dir='ltr'><strong>defunctos</strong></span> 
     </span>
    </p>
   </div>
   <div class='ocr_carea' id='block_1_100' title="bbox 1914 3946 3492 4015">
    <p class='ocr_par' dir='ltr' id='par_1_100' title="bbox 1914 3946 3492 4015">
     <span class='ocr_line' id='line_1_100' title="bbox 1914 3946 3492 4015; baseline 0.004 -17"><span class='ocrx_word' id='word_1_768' title='bbox 1914 3946 2162 4011; x_wconf 88' lang='lat' dir='ltr'><strong>tristaris,</strong></span> <span class='ocrx_word' id='word_1_769' title='bbox 2193 3956 2244 4000; x_wconf 92' lang='lat' dir='ltr'><strong>et</strong></span> <span class='ocrx_word' id='word_1_770' title='bbox 2275 3956 2493 4015; x_wconf 87' lang='lat' dir='ltr'><strong>pr0pter</strong></span> <span class='ocrx_word' id='word_1_771' title='bbox 2522 3957 2801 4002; x_wconf 85' lang='lat' dir='ltr'><strong>nascentes</strong></span> <span class='ocrx_word' id='word_1_772' title='bbox 2827 3949 2948 4003; x_wconf 85' lang='lat' dir='ltr'><strong>dole</strong></span> <span class='ocrx_word' id='word_1_773' title='bbox 2979 3966 2992 4000; x_wconf 88' lang='lat'><strong>:</strong></span> <span class='ocrx_word' id='word_1_774' title='bbox 3027 3951 3160 4002; x_wconf 87' lang='lat' dir='ltr'><strong>sicut</strong></span> <span class='ocrx_word' id='word_1_775' title='bbox 3202 3951 3342 4004; x_wconf 91' lang='lat' dir='ltr'><strong>enim</strong></span> <span class='ocrx_word' id='word_1_776' title='bbox 3393 3950 3492 4004; x_wconf 86' lang='lat' dir='ltr'><strong>hoc</strong></span> 
     </span>
    </p>
   </div>
   <div class='ocr_carea' id='block_1_101' title="bbox 1907 4038 3489 4110">
    <p class='ocr_par' dir='ltr' id='par_1_101' title="bbox 1907 4038 3489 4110">
     <span class='ocr_line' id='line_1_101' title="bbox 1907 4038 3489 4110; baseline 0.003 -18"><span class='ocrx_word' id='word_1_777' title='bbox 1907 4047 1988 4092; x_wconf 90' lang='lat' dir='ltr'><strong>est</strong></span> <span class='ocrx_word' id='word_1_778' title='bbox 2018 4047 2240 4102; x_wconf 63' lang='lat' dir='ltr'><strong>natura‘,</strong></span> <span class='ocrx_word' id='word_1_779' title='bbox 2269 4039 2344 4092; x_wconf 88' lang='lat' dir='ltr'><strong>sic</strong></span> <span class='ocrx_word' id='word_1_780' title='bbox 2372 4049 2423 4093; x_wconf 94' lang='lat' dir='ltr'><strong>et</strong></span> <span class='ocrx_word' id='word_1_781' title='bbox 2454 4038 2601 4093; x_wconf 91' lang='lat' dir='ltr'><strong>illud.</strong></span> <span class='ocrx_word' id='word_1_782' title='bbox 2635 4039 2690 4093; x_wconf 88' lang='lat' dir='ltr'><strong>Si</strong></span> <span class='ocrx_word' id='word_1_783' title='bbox 2715 4041 2832 4108; x_wconf 91' lang='lat' dir='ltr'><strong>quis</strong></span> <span class='ocrx_word' id='word_1_784' title='bbox 2867 4041 3027 4110; x_wconf 89' lang='lat' dir='ltr'><strong>igitur</strong></span> <span class='ocrx_word' id='word_1_785' title='bbox 3053 4050 3278 4096; x_wconf 85' lang='lat' dir='ltr'><strong>mortem</strong></span> <span class='ocrx_word' id='word_1_786' title='bbox 3315 4041 3489 4096; x_wconf 87' lang='lat' dir='ltr'><strong>mine-</strong></span> 
     </span>
    </p>
   </div>
   <div class='ocr_carea' id='block_1_102' title="bbox 1908 4130 3489 4199">
    <p class='ocr_par' dir='ltr' id='par_1_102' title="bbox 1908 4130 3489 4199">
     <span class='ocr_line' id='line_1_102' title="bbox 1908 4130 3489 4199; baseline 0.003 -17"><span class='ocrx_word' id='word_1_787' title='bbox 1908 4139 2012 4194; x_wconf 93' lang='lat' dir='ltr'><strong>tur,</strong></span> <span class='ocrx_word' id='word_1_788' title='bbox 2041 4130 2125 4184; x_wconf 92' lang='lat' dir='ltr'><strong>dic</strong></span> <span class='ocrx_word' id='word_1_789' title='bbox 2153 4131 2250 4198; x_wconf 91' lang='lat' dir='ltr'><strong>ipsi</strong></span> <span class='ocrx_word' id='word_1_790' title='bbox 2278 4130 2586 4185; x_wconf 87' lang='lat' dir='ltr'><strong>:lnstitutus</strong></span> <span class='ocrx_word' id='word_1_791' title='bbox 2601 4148 2716 4184; x_wconf 88' lang='lat' dir='ltr'><strong>sum</strong></span> <span class='ocrx_word' id='word_1_792' title='bbox 2735 4147 2764 4184; x_wconf 90' lang='lat' dir='ltr'><strong>a</strong></span> <span class='ocrx_word' id='word_1_793' title='bbox 2787 4131 2998 4186; x_wconf 84' lang='lat' dir='ltr'><strong>Christo</strong></span> <span class='ocrx_word' id='word_1_794' title='bbox 3021 4149 3122 4186; x_wconf 91' lang='lat' dir='ltr'><strong>non</strong></span> <span class='ocrx_word' id='word_1_795' title='bbox 3144 4134 3259 4186; x_wconf 91' lang='lat' dir='ltr'><strong>illos</strong></span> <span class='ocrx_word' id='word_1_796' title='bbox 3275 4134 3489 4199; x_wconf 86' lang='lat' dir='ltr'><strong>timere,</strong></span> 
     </span>
    </p>
   </div>
   <div class='ocr_carea' id='block_1_103' title="bbox 1904 4221 3491 4288">
    <p class='ocr_par' dir='ltr' id='par_1_103' title="bbox 1904 4221 3491 4288">
     <span class='ocr_line' id='line_1_103' title="bbox 1904 4221 3491 4288; baseline 0.004 -16"><span class='ocrx_word' id='word_1_797' title='bbox 1904 4221 1990 4286; x_wconf 91' lang='lat' dir='ltr'><strong>qui</strong></span> <span class='ocrx_word' id='word_1_798' title='bbox 2014 4234 2210 4288; x_wconf 86' lang='lat' dir='ltr'><strong>corpus</strong></span> <span class='ocrx_word' id='word_1_799' title='bbox 2252 4221 2598 4283; x_wconf 80' lang='lat' dir='ltr'><strong>interimunt,</strong></span> <span class='ocrx_word' id='word_1_800' title='bbox 2647 4223 2877 4275; x_wconf 88' lang='lat' dir='ltr'><strong>animam</strong></span> <span class='ocrx_word' id='word_1_801' title='bbox 2927 4239 3057 4276; x_wconf 86' lang='lat' dir='ltr'><strong>vero</strong></span> <span class='ocrx_word' id='word_1_802' title='bbox 3107 4224 3351 4278; x_wconf 89' lang='lat' dir='ltr'><strong>occidere</strong></span> <span class='ocrx_word' id='word_1_803' title='bbox 3398 4240 3491 4279; x_wconf 85' lang='lat' dir='ltr'><strong>ue-</strong></span> 
     </span>
    </p>
   </div>
   <div class='ocr_carea' id='block_1_104' title="bbox 1903 4309 3488 4383">
    <p class='ocr_par' dir='ltr' id='par_1_104' title="bbox 1903 4309 3488 4383">
     <span class='ocr_line' id='line_1_104' title="bbox 1903 4309 3488 4383; baseline 0.006 -22"><span class='ocrx_word' id='word_1_804' title='bbox 1903 4319 2105 4378; x_wconf 92' lang='lat' dir='ltr'><strong>queunt</strong></span> <span class='ocrx_word' id='word_1_805' title='bbox 2156 4309 2368 4377; x_wconf 79' lang='lat' dir='ltr'><strong>(Matth.</strong></span> <span class='ocrx_word' id='word_1_806' title='bbox 2405 4312 2490 4364; x_wconf 89' lang='grc'><strong>10.</strong></span> <span class='ocrx_word' id='word_1_807' title='bbox 2533 4311 2648 4380; x_wconf 77' lang='lat'><strong>28).</strong></span> <span class='ocrx_word' id='word_1_808' title='bbox 2702 4310 2754 4365; x_wconf 91' lang='lat' dir='ltr'><strong>Si</strong></span> <span class='ocrx_word' id='word_1_809' title='bbox 2780 4312 3148 4367; x_wconf 63' lang='lat' dir='ltr'><strong>rt-ifamiliaris</strong></span> <span class='ocrx_word' id='word_1_810' title='bbox 3171 4315 3488 4383; x_wconf 87' lang='lat' dir='ltr'><strong>publicatio-</strong></span> 
     </span>
    </p>
   </div>
   <div class='ocr_carea' id='block_1_105' title="bbox 1904 4403 3492 4474">
    <p class='ocr_par' dir='ltr' id='par_1_105' title="bbox 1904 4403 3492 4474">
     <span class='ocr_line' id='line_1_105' title="bbox 1904 4403 3492 4474; baseline 0.005 -20"><span class='ocrx_word' id='word_1_811' title='bbox 1904 4417 2026 4455; x_wconf 92' lang='lat' dir='ltr'><strong>nem</strong></span> <span class='ocrx_word' id='word_1_812' title='bbox 2080 4403 2330 4468; x_wconf 89' lang='lat' dir='ltr'><strong>minetur,</strong></span> <span class='ocrx_word' id='word_1_813' title='bbox 2360 4405 2623 4474; x_wconf 90' lang='lat' dir='ltr'><strong>responde</strong></span> <span class='ocrx_word' id='word_1_814' title='bbox 2654 4423 2666 4457; x_wconf 72' lang='grc' dir='ltr'>ε</span> <span class='ocrx_word' id='word_1_815' title='bbox 2695 4403 2878 4457; x_wconf 83' lang='lat' dir='ltr'><strong>Nudus</strong></span> <span class='ocrx_word' id='word_1_816' title='bbox 2905 4407 3033 4459; x_wconf 75' lang='lat' dir='ltr'><strong>exivi</strong></span> <span class='ocrx_word' id='word_1_817' title='bbox 3062 4407 3125 4459; x_wconf 86' lang='lat' dir='ltr'><strong>de</strong></span> <span class='ocrx_word' id='word_1_818' title='bbox 3146 4417 3287 4460; x_wconf 84' lang='lat' dir='ltr'><strong>utero</strong></span> <span class='ocrx_word' id='word_1_819' title='bbox 3313 4410 3492 4462; x_wconf 82' lang='lat' dir='ltr'><strong>matris</strong></span> 
     </span>
    </p>
   </div>
   <div class='ocr_carea' id='block_1_106' title="bbox 1903 4494 3488 4568">
    <p class='ocr_par' dir='ltr' id='par_1_106' title="bbox 1903 4494 3488 4568">
     <span class='ocr_line' id='line_1_106' title="bbox 1903 4494 3488 4568; baseline 0.006 -26"><span class='ocrx_word' id='word_1_820' title='bbox 1903 4508 2046 4557; x_wconf 61' lang='lat' dir='ltr'><strong>ntere,</strong></span> <span class='ocrx_word' id='word_1_821' title='bbox 2100 4507 2147 4548; x_wconf 84' lang='lat' dir='ltr'><strong>et</strong></span> <span class='ocrx_word' id='word_1_822' title='bbox 2189 4495 2356 4546; x_wconf 87' lang='lat' dir='ltr'><strong>nudus</strong></span> <span class='ocrx_word' id='word_1_823' title='bbox 2411 4506 2630 4547; x_wconf 83' lang='lat' dir='ltr'><strong>revertar</strong></span> <span class='ocrx_word' id='word_1_824' title='bbox 2667 4496 2788 4548; x_wconf 82' lang='lat' dir='ltr'><strong>illuc</strong></span> <span class='ocrx_word' id='word_1_825' title='bbox 2828 4494 2948 4565; x_wconf 79' lang='lat' dir='ltr'><strong>(Job</strong></span> <span class='ocrx_word' id='word_1_826' title='bbox 2984 4498 3034 4549; x_wconf 94' lang='grc'><strong>1.</strong></span> <span class='ocrx_word' id='word_1_827' title='bbox 3065 4496 3126 4550; x_wconf 75' lang='grc'><strong>21</strong></span> <span class='ocrx_word' id='word_1_828' title='bbox 3161 4496 3395 4568; x_wconf 75' lang='lat' dir='ltr'><strong>):Nihil</strong></span> <span class='ocrx_word' id='word_1_829' title='bbox 3437 4501 3488 4552; x_wconf 84' lang='lat' dir='ltr'><strong>iu</strong></span> 
     </span>
    </p>
   </div>
   <div class='ocr_carea' id='block_1_107' title="bbox 1903 4583 3489 4659">
    <p class='ocr_par' dir='ltr' id='par_1_107' title="bbox 1903 4583 3489 4659">
     <span class='ocr_line' id='line_1_107' title="bbox 1903 4583 3489 4659; baseline 0.006 -25"><span class='ocrx_word' id='word_1_830' title='bbox 1903 4583 2035 4635; x_wconf 83' lang='lat' dir='ltr'><strong>hunc</strong></span> <span class='ocrx_word' id='word_1_831' title='bbox 2060 4584 2301 4636; x_wconf 87' lang='lat' dir='ltr'><strong>mundum</strong></span> <span class='ocrx_word' id='word_1_832' title='bbox 2323 4587 2619 4650; x_wconf 79' lang='lat' dir='ltr'><strong>intulimus;</strong></span> <span class='ocrx_word' id='word_1_833' title='bbox 2642 4587 2813 4655; x_wconf 84' lang='lat' dir='ltr'><strong>palam</strong></span> <span class='ocrx_word' id='word_1_834' title='bbox 2841 4597 2913 4640; x_wconf 81' lang='lat' dir='ltr'><strong>est</strong></span> <span class='ocrx_word' id='word_1_835' title='bbox 2943 4589 3079 4656; x_wconf 86' lang='lat' dir='ltr'><strong>quod</strong></span> <span class='ocrx_word' id='word_1_836' title='bbox 3109 4605 3200 4642; x_wconf 85' lang='lat' dir='ltr'><strong>nec</strong></span> <span class='ocrx_word' id='word_1_837' title='bbox 3222 4601 3489 4659; x_wconf 69' lang='lat' dir='ltr'><strong>exportarc</strong></span> 
     </span>
    </p>
   </div>
   <div class='ocr_carea' id='block_1_108' title="bbox 1900 4675 3484 4746">
    <p class='ocr_par' dir='ltr' id='par_1_108' title="bbox 1900 4675 3484 4746">
     <span class='ocr_line' id='line_1_108' title="bbox 1900 4675 3484 4746; baseline 0.008 -21"><span class='ocrx_word' id='word_1_838' title='bbox 1900 4675 2172 4742; x_wconf 84' lang='lat' dir='ltr'><strong>quidquam</strong></span> <span class='ocrx_word' id='word_1_839' title='bbox 2198 4677 2467 4742; x_wconf 83' lang='lat' dir='ltr'><strong>poterimus</strong></span> <span class='ocrx_word' id='word_1_840' title='bbox 2510 4677 2581 4745; x_wconf 89' lang='lat' dir='ltr'><strong>(l.</strong></span> <span class='ocrx_word' id='word_1_841' title='bbox 2604 4675 2738 4728; x_wconf 88' lang='lat' dir='ltr'><strong>Tim.</strong></span> <span class='ocrx_word' id='word_1_842' title='bbox 2764 4680 2815 4730; x_wconf 79' lang='lat' dir='ltr'><strong>ti.</strong></span> <span class='ocrx_word' id='word_1_843' title='bbox 2841 4676 2895 4746; x_wconf 83' lang='lat'><strong>&#39;7)</strong></span> <span class='ocrx_word' id='word_1_844' title='bbox 2926 4695 2938 4730; x_wconf 88' lang='lat'><strong>:</strong></span> <span class='ocrx_word' id='word_1_845' title='bbox 2972 4687 3025 4732; x_wconf 89' lang='lat' dir='ltr'><strong>ct</strong></span> <span class='ocrx_word' id='word_1_846' title='bbox 3050 4679 3093 4732; x_wconf 80' lang='lat' dir='ltr'><strong>si</strong></span> <span class='ocrx_word' id='word_1_847' title='bbox 3129 4692 3182 4732; x_wconf 91' lang='lat' dir='ltr'><strong>tu</strong></span> <span class='ocrx_word' id='word_1_848' title='bbox 3212 4696 3316 4734; x_wconf 90' lang='lat' dir='ltr'><strong>non</strong></span> <span class='ocrx_word' id='word_1_849' title='bbox 3357 4681 3484 4736; x_wconf 84' lang='lat' dir='ltr'><strong>abs-</strong></span> 
     </span>
    </p>
   </div>
   <div class='ocr_carea' id='block_1_109' title="bbox 1903 4768 3484 4840">
    <p class='ocr_par' dir='ltr' id='par_1_109' title="bbox 1903 4768 3484 4840">
     <span class='ocr_line' id='line_1_109' title="bbox 1903 4768 3484 4840; baseline 0.004 -21"><span class='ocrx_word' id='word_1_850' title='bbox 1903 4768 2110 4827; x_wconf 85' lang='lat' dir='ltr'><strong>tuleris,</strong></span> <span class='ocrx_word' id='word_1_851' title='bbox 2167 4783 2311 4820; x_wconf 81' lang='lat' dir='ltr'><strong>mors</strong></span> <span class='ocrx_word' id='word_1_852' title='bbox 2355 4770 2737 4836; x_wconf 85' lang='lat' dir='ltr'><strong>superveniens</strong></span> <span class='ocrx_word' id='word_1_853' title='bbox 2770 4769 2995 4834; x_wconf 84' lang='lat' dir='ltr'><strong>auferet,</strong></span> <span class='ocrx_word' id='word_1_854' title='bbox 3023 4773 3138 4825; x_wconf 90' lang='lat' dir='ltr'><strong>etsi</strong></span> <span class='ocrx_word' id='word_1_855' title='bbox 3170 4782 3222 4825; x_wconf 90' lang='lat' dir='ltr'><strong>tu</strong></span> <span class='ocrx_word' id='word_1_856' title='bbox 3249 4788 3353 4825; x_wconf 87' lang='lat' dir='ltr'><strong>non</strong></span> <span class='ocrx_word' id='word_1_857' title='bbox 3393 4772 3484 4840; x_wconf 89' lang='lat' dir='ltr'><strong>ju-</strong></span> 
     </span>
    </p>
   </div>
   <div class='ocr_carea' id='block_1_110' title="bbox 1899 4860 3479 4932">
    <p class='ocr_par' dir='ltr' id='par_1_110' title="bbox 1899 4860 3479 4932">
     <span class='ocr_line' id='line_1_110' title="bbox 1899 4860 3479 4932; baseline 0.003 -23"><span class='ocrx_word' id='word_1_858' title='bbox 1899 4860 2183 4926; x_wconf 82' lang='lat' dir='ltr'><strong>gulaveris,</strong></span> <span class='ocrx_word' id='word_1_859' title='bbox 2209 4868 2408 4913; x_wconf 81' lang='lat' dir='ltr'><strong>natura:</strong></span> <span class='ocrx_word' id='word_1_860' title='bbox 2432 4861 2514 4913; x_wconf 80' lang='lat' dir='ltr'><strong>lex</strong></span> <span class='ocrx_word' id='word_1_861' title='bbox 2543 4860 2702 4914; x_wconf 90' lang='lat' dir='ltr'><strong>finem</strong></span> <span class='ocrx_word' id='word_1_862' title='bbox 2729 4860 2938 4915; x_wconf 83' lang='lat' dir='ltr'><strong>afferet.</strong></span> <span class='ocrx_word' id='word_1_863' title='bbox 2963 4861 3099 4914; x_wconf 81' lang='lat' dir='ltr'><strong>Nihil</strong></span> <span class='ocrx_word' id='word_1_864' title='bbox 3120 4863 3276 4932; x_wconf 85' lang='lat' dir='ltr'><strong>igitur</strong></span> <span class='ocrx_word' id='word_1_865' title='bbox 3297 4877 3479 4916; x_wconf 92' lang='lat' dir='ltr'><strong>eorum</strong></span> 
     </span>
    </p>
   </div>
   <div class='ocr_carea' id='block_1_111' title="bbox 1903 4951 3478 5022">
    <p class='ocr_par' dir='ltr' id='par_1_111' title="bbox 1903 4951 3478 5022">
     <span class='ocr_line' id='line_1_111' title="bbox 1903 4951 3478 5022; baseline 0.003 -19"><span class='ocrx_word' id='word_1_866' title='bbox 1903 4951 2202 5016; x_wconf 71' lang='lat' dir='ltr'><strong>timeamus,</strong></span> <span class='ocrx_word' id='word_1_867' title='bbox 2227 4969 2345 5020; x_wconf 66' lang='lat' dir='ltr'><strong>quae</strong></span> <span class='ocrx_word' id='word_1_868' title='bbox 2377 4953 2529 5006; x_wconf 84' lang='lat' dir='ltr'><strong>nobis</strong></span> <span class='ocrx_word' id='word_1_869' title='bbox 2557 4964 2743 5006; x_wconf 85' lang='lat' dir='ltr'><strong>natura</strong></span> <span class='ocrx_word' id='word_1_870' title='bbox 2783 4953 3100 5015; x_wconf 86' lang='lat' dir='ltr'><strong>afferuntur,</strong></span> <span class='ocrx_word' id='word_1_871' title='bbox 3131 4955 3225 5008; x_wconf 89' lang='lat' dir='ltr'><strong>sed</strong></span> <span class='ocrx_word' id='word_1_872' title='bbox 3247 4954 3333 5006; x_wconf 85' lang='lat' dir='ltr'><strong>illa</strong></span> <span class='ocrx_word' id='word_1_873' title='bbox 3362 4969 3478 5022; x_wconf 72' lang='lat' dir='ltr'><strong>qum</strong></span> 
     </span>
    </p>
   </div>
   <div class='ocr_carea' id='block_1_112' title="bbox 1898 5045 3482 5115">
    <p class='ocr_par' dir='ltr' id='par_1_112' title="bbox 1898 5045 3482 5115">
     <span class='ocr_line' id='line_1_112' title="bbox 1898 5045 3482 5115; baseline 0.004 -19"><span class='ocrx_word' id='word_1_874' title='bbox 1898 5059 1962 5096; x_wconf 90' lang='lat' dir='ltr'><strong>ex</strong></span> <span class='ocrx_word' id='word_1_875' title='bbox 1993 5046 2127 5098; x_wconf 87' lang='lat' dir='ltr'><strong>mala</strong></span> <span class='ocrx_word' id='word_1_876' title='bbox 2169 5047 2321 5099; x_wconf 90' lang='lat' dir='ltr'><strong>nobis</strong></span> <span class='ocrx_word' id='word_1_877' title='bbox 2359 5047 2674 5115; x_wconf 88' lang='lat' dir='ltr'><strong>proveniunt</strong></span> <span class='ocrx_word' id='word_1_878' title='bbox 2700 5046 2966 5098; x_wconf 90' lang='lat' dir='ltr'><strong>voluntate</strong></span> <span class='ocrx_word' id='word_1_879' title='bbox 2995 5045 3118 5098; x_wconf 86' lang='lat' dir='ltr'><strong>:illa</strong></span> <span class='ocrx_word' id='word_1_880' title='bbox 3157 5046 3296 5099; x_wconf 90' lang='lat' dir='ltr'><strong>enim</strong></span> <span class='ocrx_word' id='word_1_881' title='bbox 3327 5047 3482 5102; x_wconf 81' lang='lat' dir='ltr'><strong>nobis</strong></span> 
     </span>
    </p>
   </div>
   <div class='ocr_carea' id='block_1_113' title="bbox 1900 5136 3478 5207">
    <p class='ocr_par' dir='ltr' id='par_1_113' title="bbox 1900 5136 3478 5207">
     <span class='ocr_line' id='line_1_113' title="bbox 1900 5136 3478 5207; baseline -0.001 -16"><span class='ocrx_word' id='word_1_882' title='bbox 1900 5152 2110 5206; x_wconf 75' lang='lat' dir='ltr'><strong>ptenam</strong></span> <span class='ocrx_word' id='word_1_883' title='bbox 2134 5138 2343 5207; x_wconf 92' lang='lat' dir='ltr'><strong>pariunt</strong></span> <span class='ocrx_word' id='word_1_884' title='bbox 2368 5157 2381 5192; x_wconf 90' lang='lat'>:</span> <span class='ocrx_word' id='word_1_885' title='bbox 2405 5138 2612 5207; x_wconf 87' lang='lat' dir='ltr'><strong>hocque</strong></span> <span class='ocrx_word' id='word_1_886' title='bbox 2637 5138 2929 5206; x_wconf 82' lang='lat' dir='ltr'><strong>cogitemus</strong></span> <span class='ocrx_word' id='word_1_887' title='bbox 2945 5137 3193 5189; x_wconf 90' lang='lat' dir='ltr'><strong>continue</strong></span> <span class='ocrx_word' id='word_1_888' title='bbox 3209 5136 3259 5189; x_wconf 90' lang='lat' dir='ltr'><strong>in</strong></span> <span class='ocrx_word' id='word_1_889' title='bbox 3276 5136 3340 5190; x_wconf 91' lang='lat' dir='ltr'><strong>iis</strong></span> <span class='ocrx_word' id='word_1_890' title='bbox 3359 5154 3478 5205; x_wconf 82' lang='lat' dir='ltr'><strong>qua:</strong></span> 
     </span>
    </p>
   </div>
   <div class='ocr_carea' id='block_1_114' title="bbox 1899 5228 3476 5298">
    <p class='ocr_par' dir='ltr' id='par_1_114' title="bbox 1899 5228 3476 5298">
     <span class='ocr_line' id='line_1_114' title="bbox 1899 5228 3476 5298; baseline 0.003 -17"><span class='ocrx_word' id='word_1_891' title='bbox 1899 5230 2050 5281; x_wconf 81' lang='lat' dir='ltr'><strong>nobis</strong></span> <span class='ocrx_word' id='word_1_892' title='bbox 2078 5230 2429 5297; x_wconf 74' lang='lat' dir='ltr'><strong>inexspectata</strong></span> <span class='ocrx_word' id='word_1_893' title='bbox 2458 5230 2720 5294; x_wconf 90' lang='lat' dir='ltr'><strong>accidunt,</strong></span> <span class='ocrx_word' id='word_1_894' title='bbox 2748 5228 2886 5297; x_wconf 89' lang='lat' dir='ltr'><strong>quod</strong></span> <span class='ocrx_word' id='word_1_895' title='bbox 2919 5243 3021 5281; x_wconf 89' lang='lat' dir='ltr'><strong>non</strong></span> <span class='ocrx_word' id='word_1_896' title='bbox 3048 5230 3476 5298; x_wconf 82' lang='lat' dir='ltr'><strong>corrigemusilla</strong></span> 
     </span>
    </p>
   </div>
   <div class='ocr_carea' id='block_1_115' title="bbox 1897 5319 3475 5384">
    <p class='ocr_par' dir='ltr' id='par_1_115' title="bbox 1897 5319 3475 5384">
     <span class='ocr_line' id='line_1_115' title="bbox 1897 5319 3475 5384; baseline 0.001 -12"><span class='ocrx_word' id='word_1_897' title='bbox 1897 5319 2169 5383; x_wconf 85' lang='lat' dir='ltr'><strong>dolentes,</strong></span> <span class='ocrx_word' id='word_1_898' title='bbox 2201 5329 2255 5373; x_wconf 88' lang='lat' dir='ltr'><strong>et</strong></span> <span class='ocrx_word' id='word_1_899' title='bbox 2279 5320 2462 5375; x_wconf 86' lang='lat' dir='ltr'><strong>dolere</strong></span> <span class='ocrx_word' id='word_1_900' title='bbox 2505 5321 2808 5375; x_wconf 88' lang='lat' dir='ltr'><strong>desinemus</strong></span> <span class='ocrx_word' id='word_1_901' title='bbox 2837 5335 2852 5371; x_wconf 71' lang='grc' dir='ltr'><strong>ι</strong></span> <span class='ocrx_word' id='word_1_902' title='bbox 2885 5329 2939 5373; x_wconf 91' lang='lat' dir='ltr'><strong>et</strong></span> <span class='ocrx_word' id='word_1_903' title='bbox 2989 5330 3178 5384; x_wconf 74' lang='lat' dir='ltr'><strong>pra-ter</strong></span> <span class='ocrx_word' id='word_1_904' title='bbox 3207 5322 3307 5377; x_wconf 85' lang='lat' dir='ltr'><strong>hoc</strong></span> <span class='ocrx_word' id='word_1_905' title='bbox 3346 5323 3475 5376; x_wconf 90' lang='lat' dir='ltr'><strong>illud</strong></span> 
     </span>
    </p>
   </div>
   <div class='ocr_carea' id='block_1_116' title="bbox 1895 5413 3472 5482">
    <p class='ocr_par' dir='ltr' id='par_1_116' title="bbox 1895 5413 3472 5482">
     <span class='ocr_line' id='line_1_116' title="bbox 1895 5413 3472 5482; baseline 0.003 -19"><span class='ocrx_word' id='word_1_906' title='bbox 1895 5427 2125 5480; x_wconf 86' lang='lat' dir='ltr'><strong>quoque,</strong></span> <span class='ocrx_word' id='word_1_907' title='bbox 2159 5427 2254 5464; x_wconf 91' lang='lat' dir='ltr'><strong>nos</strong></span> <span class='ocrx_word' id='word_1_908' title='bbox 2277 5414 2318 5464; x_wconf 89' lang='lat' dir='ltr'><strong>si</strong></span> <span class='ocrx_word' id='word_1_909' title='bbox 2348 5414 2471 5481; x_wconf 92' lang='lat' dir='ltr'><strong>quid</strong></span> <span class='ocrx_word' id='word_1_910' title='bbox 2499 5413 2689 5482; x_wconf 87' lang='lat' dir='ltr'><strong>injuste</strong></span> <span class='ocrx_word' id='word_1_911' title='bbox 2716 5413 2764 5465; x_wconf 89' lang='lat' dir='ltr'><strong>in</strong></span> <span class='ocrx_word' id='word_1_912' title='bbox 2800 5413 3044 5481; x_wconf 66' lang='lat' dir='ltr'><strong>praesenti</strong></span> <span class='ocrx_word' id='word_1_913' title='bbox 3095 5417 3316 5482; x_wconf 85' lang='lat' dir='ltr'><strong>patimur</strong></span> <span class='ocrx_word' id='word_1_914' title='bbox 3344 5417 3472 5478; x_wconf 90' lang='lat' dir='ltr'><strong>vita,</strong></span> 
     </span>
    </p>
   </div>
   <div class='ocr_carea' id='block_1_117' title="bbox 1894 5502 3474 5573">
    <p class='ocr_par' dir='ltr' id='par_1_117' title="bbox 1894 5502 3474 5573">
     <span class='ocr_line' id='line_1_117' title="bbox 1894 5502 3474 5573; baseline 0.002 -19"><span class='ocrx_word' id='word_1_915' title='bbox 1894 5503 2055 5555; x_wconf 79' lang='lat' dir='ltr'><strong>nuilta</strong></span> <span class='ocrx_word' id='word_1_916' title='bbox 2083 5514 2292 5571; x_wconf 86' lang='lat' dir='ltr'><strong>peccata</strong></span> <span class='ocrx_word' id='word_1_917' title='bbox 2331 5502 2640 5558; x_wconf 90' lang='lat' dir='ltr'><strong>dissolvere.</strong></span> <span class='ocrx_word' id='word_1_918' title='bbox 2670 5503 2868 5556; x_wconf 90' lang='lat' dir='ltr'><strong>Idcirco</strong></span> <span class='ocrx_word' id='word_1_919' title='bbox 2893 5517 3141 5573; x_wconf 88' lang='lat' dir='ltr'><strong>magnum</strong></span> <span class='ocrx_word' id='word_1_920' title='bbox 3173 5506 3368 5560; x_wconf 81' lang='lat' dir='ltr'><strong>bonum</strong></span> <span class='ocrx_word' id='word_1_921' title='bbox 3394 5517 3474 5558; x_wconf 87' lang='lat' dir='ltr'><strong>est</strong></span> 
     </span>
    </p>
   </div>
   <div class='ocr_carea' id='block_1_118' title="bbox 1893 5594 3472 5667">
    <p class='ocr_par' dir='ltr' id='par_1_118' title="bbox 1893 5594 3472 5667">
     <span class='ocr_line' id='line_1_118' title="bbox 1893 5594 3472 5667; baseline 0.001 -20"><span class='ocrx_word' id='word_1_922' title='bbox 1893 5594 1979 5648; x_wconf 91' lang='lat' dir='ltr'><strong>hic</strong></span> <span class='ocrx_word' id='word_1_923' title='bbox 2010 5595 2156 5648; x_wconf 87' lang='lat' dir='ltr'><strong>luere</strong></span> <span class='ocrx_word' id='word_1_924' title='bbox 2182 5603 2418 5664; x_wconf 87' lang='lat' dir='ltr'><strong>peccata,</strong></span> <span class='ocrx_word' id='word_1_925' title='bbox 2448 5606 2500 5649; x_wconf 89' lang='lat' dir='ltr'><strong>et</strong></span> <span class='ocrx_word' id='word_1_926' title='bbox 2527 5609 2630 5649; x_wconf 91' lang='lat' dir='ltr'><strong>non</strong></span> <span class='ocrx_word' id='word_1_927' title='bbox 2653 5594 2760 5650; x_wconf 79' lang='lat' dir='ltr'><strong>illic</strong></span> <span class='ocrx_word' id='word_1_928' title='bbox 2785 5595 3013 5648; x_wconf 90' lang='lat' dir='ltr'><strong>:etenim</strong></span> <span class='ocrx_word' id='word_1_929' title='bbox 3040 5595 3186 5650; x_wconf 86' lang='lat' dir='ltr'><strong>dives</strong></span> <span class='ocrx_word' id='word_1_930' title='bbox 3204 5596 3291 5652; x_wconf 81' lang='lat' dir='ltr'><strong>ille</strong></span> <span class='ocrx_word' id='word_1_931' title='bbox 3312 5612 3472 5667; x_wconf 84' lang='lat' dir='ltr'><strong>grave</strong></span> 
     </span>
    </p>
   </div>
   <div class='ocr_carea' id='block_1_119' title="bbox 1899 5683 3479 5758">
    <p class='ocr_par' dir='ltr' id='par_1_119' title="bbox 1899 5683 3479 5758">
     <span class='ocr_line' id='line_1_119' title="bbox 1899 5683 3479 5758; baseline 0.003 -18"><span class='ocrx_word' id='word_1_932' title='bbox 1899 5686 2024 5740; x_wconf 82' lang='lat' dir='ltr'><strong>nihil</strong></span> <span class='ocrx_word' id='word_1_933' title='bbox 2046 5687 2261 5754; x_wconf 84' lang='lat' dir='ltr'><strong>recepit,</strong></span> <span class='ocrx_word' id='word_1_934' title='bbox 2291 5694 2342 5738; x_wconf 86' lang='lat' dir='ltr'><strong>et</strong></span> <span class='ocrx_word' id='word_1_935' title='bbox 2374 5697 2652 5757; x_wconf 87' lang='lat' dir='ltr'><strong>propterea</strong></span> <span class='ocrx_word' id='word_1_936' title='bbox 2699 5687 2806 5742; x_wconf 88' lang='lat' dir='ltr'><strong>illic</strong></span> <span class='ocrx_word' id='word_1_937' title='bbox 2835 5686 3193 5758; x_wconf 86' lang='lat' dir='ltr'><strong>torquebatur.</strong></span> <span class='ocrx_word' id='word_1_938' title='bbox 3234 5683 3299 5738; x_wconf 79' lang='lat' dir='ltr'><strong>Et</strong></span> <span class='ocrx_word' id='word_1_939' title='bbox 3335 5690 3479 5755; x_wconf 83' lang='lat' dir='ltr'><strong>quod</strong></span> 
     </span>
    </p>
   </div>
  </div>
