4070 6208
563 295 628 348 6'7
1293 283 1351 340 s.
1391 279 1666 338 JOANNIS
1689 270 2162 334 ettnvsosrom
2191 269 2510 326 ARCHIEI‘.
2537 241 3065 323 cessus-riuum
3758 267 3825 320 sit

565 405 666 456 hoc
689 409 829 454 esset
853 399 905 453 in
925 412 1082 454 causa
1111 411 1177 450 ne
1201 394 1302 448 ulla
1333 394 1442 448 illic
1469 392 1734 446 frueretur
1751 386 2134 448 consolatione,

564 493 684 548 audi
715 491 840 561 quid
866 490 1008 544 dicat
1035 486 1300 541 Abraham
1335 502 1350 540 :
1386 483 1528 550 Fili,
1563 481 1792 550 recepisti
1837 479 1966 532 bona
2008 487 2092 529 tua
2121 491 2140 529 :

567 595 828 653 propterea
843 580 1080 635 cruciaris
1100 577 1249 648 (Luc.
1279 578 1364 630 16.
1391 573 1507 645 25).
1531 572 1683 640 Quod
1703 582 1879 626 autem
1901 568 2020 622 ideo
2037 567 2141 620 La-

567 691 692 728 zaro
723 675 857 728 bona
873 671 994 724 data
1019 671 1144 736 sint,
1161 673 1280 738 quia
1303 668 1390 722 hic
1407 682 1528 721 cum
1556 666 1746 718 virtute
1767 660 1996 716 infinitas
2015 674 2140 728 pas-

565 781 658 818 sus
673 773 786 818 erat
805 763 1095 826 molestias,
1121 758 1466 829 patriarchatn
1489 765 1542 811 et
1569 757 1672 810 hoc
1700 755 1960 808 dicentem
1995 750 2138 803 audi.

565 857 698 909 Cum
729 854 870 909 enim
896 853 1115 907 dixisset
1138 850 1286 904 diviti
1319 867 1332 901 :
1366 846 1617 914 Recepisti
1639 847 1767 898 bona
1783 856 1868 896 tua
1891 859 1910 896 :
1944 840 2138 904 intulit,

573 946 638 999 Et
663 944 1053 1006 Laxata-sutum,
1081 951 1130 996 et
1155 951 1415 1012 propterea
1438 939 1825 992 consolationem
1845 935 1995 1002 capit.
2021 933 2141 986 Sic-

507 1091 510 1094 ,
569 1043 628 1087 ut
659 1037 800 1089 enim
842 1034 892 1086 in
934 1032 1126 1085 virtute
1155 1031 1396 1083 viventes
1418 1037 1472 1082 et
1501 1026 1730 1080 tribulati
1753 1024 1946 1094 duplex
1973 1039 2001 1075 a
2035 1023 2142 1075 Deo

571 1127 766 1181 habent
781 1125 1193 1180 emolumentum
1225 1137 1239 1174 :
1265 1122 1343 1174 sic
1358 1129 1410 1174 et
1433 1121 1486 1174 in
1513 1121 1639 1173 vitio
1659 1118 1840 1170 vivens
1867 1124 1920 1168 et
1939 1115 2144 1168 deliciis

567 1219 750 1272 fruens
789 1217 1050 1284 duplicem
1083 1214 1296 1268 habebit
1336 1227 1568 1282 pinnam.
1613 1211 1843 1264 Rursum
1889 1207 2009 1260 dico
2037 1223 2140 1260 non

569 1307 829 1376 fugientes
848 1321 1104 1359 accusans
1131 1321 1144 1358 :
1167 1304 1398 1356 Animam
1425 1303 1566 1358 enim
1593 1301 1907 1353 humiliatam
1935 1315 1997 1352 ne
2024 1315 2142 1368 pcr-

575 1397 739 1450 turbes
757 1395 944 1464 (Eccli.
962 1397 1012 1448 4.
1029 1394 1105 1464 5),
1124 1395 1318 1462 inquit;
1341 1409 1446 1446 non
1463 1395 1736 1460 increpare
1760 1393 1959 1455 volens,
1975 1405 2144 1459 πει-ο-

571 1499 688 1542 tans
721 1489 860 1542 enim
891 1487 1268 1542 consolationis
1313 1485 1512 1552 indiget
1539 1502 1553 1537 :
1583 1485 1677 1538 sed
1719 1483 1984 1552 corrigere
2027 1493 2143 1536 stu-

571 1579 702 1634 dens
733 1597 746 1633 :
776 1595 841 1632 ne
881 1578 998 1646 fuga
1024 1579 1247 1630 salutem
1275 1587 1510 1629 nostram
1537 1583 1808 1644 petamus;
1841 1573 1934 1627 sed
1973 1571 2144 1643 fugia-

571 1683 690 1722 mus
705 1677 936 1736 pcccata,
947 1675 1004 1719 et
1021 1683 1050 1720 a
1064 1668 1144 1719 via
1159 1667 1290 1719 mala
1305 1665 1632 1720 recedamus.
1653 1665 1709 1719 Si
1723 1665 1835 1719 Ιιίεο
1857 1664 2163 1732 ingerimus,

571 1760 783 1814 etiamsi
813 1761 950 1813 inter
972 1760 1276 1813 innumeros
1321 1759 1574 1812 fuerimus
1601 1758 1816 1818 milites,
1855 1771 2010 1810 llClI'O
2047 1770 2144 1810 nos

574 1849 767 1904 laedere
789 1850 1008 1918 poterit;
1031 1850 1078 1905 si
1113 1849 1225 1903 haec
1254 1865 1360 1903 non
1400 1849 1708 1918 fugerimus,
1741 1849 1838 1902 etsi
1878 1850 1943 1900 ad
1971 1847 2142 1916 ipsum

573 1940 832 1994 montium
856 1942 1106 1995 verticem
1128 1939 1546 2004 ascenderimus,
1579 1939 1759 1993 hostes
1783 1947 1834 1992 et
1856 1939 1961 1991 illic
1985 1951 2142 2006 repe-

573 2030 770 2084 riemus
807 2030 1237 2084 innumerabiles.
1279 2029 1589 2082 Recorderis
1627 2029 1781 2097 igitur
1805 2029 1996 2082 iterum
2024 2029 2143 2080 illo-

575 2140 688 2176 rum
709 2124 865 2177 trium
879 2139 1188 2194 puerorum,
1208 2124 1292 2191 qui
1311 2131 1462 2174 erant
1483 2123 1615 2174 intra
1631 2121 1918 2185 fet-uacent,
1943 2128 1998 2174 et
2015 2119 2144 2173 nihil

573 2228 732 2281 grave
761 2214 1095 2281 patiebantur
1125 2231 1138 2265 :
1163 2221 1216 2266 et
1241 2227 1424 2266 eorum
1451 2212 1540 2280 qui
1577 2213 1719 2279 ipsos
1763 2213 2057 2280 injecerant
2093 2219 2146 2264 et

571 2314 720 2358 extra
761 2303 1028 2358 fornacem
1059 2307 1370 2369 manebant,
1399 2312 1658 2372 quotquot
1697 2303 2142 2368 circumstabant,

576 2411 761 2450 omnes
805 2398 1101 2464 consumpti
1134 2407 1274 2449 sunt.
1313 2395 1446 2463 Quid
1490 2395 1590 2450 hoc
1639 2396 1962 2450 mirabilius?
2001 2395 2147 2462 Quos

572 2485 876 2539 continebat
895 2486 1044 2554 ignis,
1061 2486 1284 2540 exsolvit
1303 2503 1317 2540 :
1333 2501 1467 2556 quos
1485 2501 1586 2540 non
1605 2487 1927 2550 continebat,
1941 2487 2144 2554 rapuit:

575 2585 631 2628 ut
663 2576 840 2630 discas
875 2593 978 2630 non
1009 2577 1202 2636 locum.
1231 2577 1322 2630 sed
1351 2593 1556 2630 morum
1587 2579 1894 2646 qualitatem
1925 2578 2144 2632 salutem

575 2676 628 2718 et
653 2681 860 2734 pmnam
889 2665 1084 2720 afferre
1110 2685 1122 2720 :
1151 2667 1430 2720 interiores
1471 2666 1762 2735 effugerunt
1793 2709 1807 2732 ,
1857 2668 2148 2722 exteriores

579 2760 840 2828 absumpti
856 2769 994 2813 sunt.
1017 2760 1210 2813 Eadem
1229 2775 1449 2826 corpora
1471 2769 1522 2813 et
1545 2759 1624 2812 his
1644 2775 1762 2828 qua:
1787 2760 1906 2824 illis,
1932 2759 2026 2814 sed
2043 2775 2147 2813 non

577 2851 733 2904 iidem
755 2865 944 2905 sensus
965 2869 978 2903 :
997 2860 1270 2919 propterea
1287 2865 1385 2904 nec
1401 2851 1599 2905 emdem
1617 2851 1906 2919 passiones.
1925 2849 2148 2904 anum

575 2942 715 2995 enim
733 2943 831 2996 etsi
848 2941 1183 3011 circumjacet
1199 2949 1369 3006 extra,
1389 2941 1633 2996 celeriter
1661 2941 1995 2995 accenditur:
2015 2941 2154 2994 sicut

576 3041 758 3086 contra
781 3048 988 3096 aurum,
1013 3033 1134 3086 licet
1171 3034 1310 3086 intus
1357 3041 1588 3096 maneat,
1615 3033 1783 3102 magis
1809 3032 2148 3101 splendescit.

650 3128 702 3180 5.
735 3125 832 3180 Ubi
865 3141 1004 3179 nttnc
1045 3134 1170 3179 sunt
1197 3126 1284 3193 qui
1329 3125 1532 3188 dicunt,
1563 3123 1751 3192 Capiat
1777 3125 1953 3177 omnia
1983 3124 2154 3190 Impe-

581 3227 744 3280 rator,
767 3226 822 3269 et
849 3231 1044 3282 corpus
1086 3225 1324 3269 nostrum
1356 3217 1442 3270 det
1475 3215 1732 3268 liberum?
1761 3213 1898 3280 Quid
1936 3213 2152 3267 tandem

579 3307 670 3368 sit,
697 3321 816 3360 esse
844 3321 1068 3373 corpore
1099 3305 1346 3370 liberum,
1369 3305 1596 3359 discant.
1628 3303 1744 3358 Non
1779 3305 1918 3356 enim
1959 3303 2154 3357 immu-

581 3399 718 3452 nitas
741 3415 769 3451 a
798 3397 1056 3467 supplicio
1089 3413 1285 3466 corpus
1331 3397 1454 3451 facit
1497 3398 1744 3458 liberum,
1788 3395 1882 3450 sed
1912 3396 1964 3449 in
2002 3395 2156 3464 justi-

583 3491 651 3542 tia
681 3489 931 3543 continue
966 3491 1160 3543 vivere.
1193 3489 1388 3542 llorum
1433 3490 1590 3556 igitur
1612 3503 1897 3558 puerorum
1935 3502 2157 3556 corpora

582 3579 747 3634 libera
767 3589 935 3644 erant,
959 3581 1118 3633 etiam
1157 3580 1352 3633 fornaci
1383 3579 1572 3632 tradita
1607 3597 1620 3632 :
1659 3579 1855 3644 peccati
1883 3579 2027 3631 enim
2048 3593 2160 3632 ser-

583 3672 802 3724 vitutem
833 3671 942 3740 jam
989 3671 1190 3740 pridem
1231 3671 1604 3740 deposuerant.
1646 3670 1852 3724 Etenim
1893 3669 2008 3724 haec
2048 3671 2160 3723 sola

584 3773 668 3816 cst
693 3762 932 3826 libertas,
965 3779 1068 3814 nun
1098 3763 1409 3830 supplicium
1437 3762 1687 3830 effugere,
1723 3777 1820 3815 nec
1845 3776 2003 3830 grave
2031 3761 2158 3814 nihil

586 3851 712 3918 pati.
743 3851 822 3904 Tu
853 3865 979 3904 vero
1001 3851 1268 3906 fornacem
1301 3853 1542 3917 audiens,
1575 3853 1858 3905 recordare
1885 3851 2160 3904 ﬂuviorum

589 3943 724 4009 ignis
751 3941 838 3994 die
887 3942 978 3994 illo
1024 3944 1319 3996 tremendo.
1353 3942 1502 3996 Sicut
1545 3943 1686 3996 enim
1716 3942 1800 3996 hic
1829 3941 1926 3996 hos
1945 3941 2159 4011 quidem

589 4034 762 4104 rapuit
799 4035 954 4104 ignis,
983 4035 1100 4090 illos
1133 4044 1307 4088 autem
1349 4035 1609 4088 reveritus
1637 4033 1723 4088 est
1747 4053 1760 4089 :
1795 4036 1872 4088 sic
1898 4045 1951 4088 et
1978 4036 2026 4088 in
2059 4035 2163 4089 illis

585 4127 692 4180 erit
717 4125 888 4179 ﬂuviis
920 4143 933 4180 :
963 4133 1018 4180 et
1041 4126 1086 4180 si
1115 4127 1234 4195 quis
1257 4126 1445 4180 habeat
1485 4127 1645 4195 ligna,
1679 4126 1874 4179 ftennm
1898 4136 1952 4180 et
1995 4127 2164 4194 stipu-

589 4218 714 4280 lam,
761 4218 804 4269 is
849 4219 1020 4286 ignem
1067 4218 1305 4272 aceendit
1337 4234 1349 4270 :
1381 4217 1425 4271 si
1467 4231 1596 4270 vero
1636 4218 1754 4286 quis
1796 4216 1953 4270 habet
1977 4233 2162 4270 aurum

593 4319 646 4361 et
682 4317 978 4377 argentum,
1021 4309 1079 4361 fit
1106 4307 1449 4377 Splendidior.
1505 4307 1650 4360 llanc
1693 4307 1849 4376 igitur
1893 4311 2162 4360 materiam

593 4411 994 4465 congregemus,
1015 4407 1068 4450 et
1087 4397 1366 4465 praesentia
1383 4411 1639 4466 generose
1659 4395 1908 4460 feramus,
1937 4396 2165 4450 scientes

596 4485 736 4553 quod
763 4485 832 4538 ab
861 4486 946 4539 illa
979 4501 1131 4556 poena
1164 4503 1398 4556 przescns
1423 4500 1519 4540 nos
1551 4485 1815 4540 tribulatio
1841 4484 2101 4548 liberavit,
2122 4485 2166 4538 si

598 4574 956 4644 philosomtari
983 4577 1233 4641 sciamus,
1257 4585 1310 4630 et
1341 4577 1424 4630 hic
1446 4576 1689 4630 meliores
1709 4575 1920 4640 efﬁciet,
1949 4589 2047 4629 nec
2073 4589 2170 4628 nos

597 4675 822 4728 tantum,
849 4665 940 4719 sed
963 4675 1015 4719 et
1041 4681 1134 4720 eos
1162 4680 1322 4734 saepe,
1359 4667 1446 4734 qui
1493 4679 1591 4719 nos
1631 4665 1886 4726 cruciant,
1915 4665 1958 4718 si
1984 4664 2168 4733 vigile-

597 4753 753 4822 suits;
784 4765 924 4810 tanta
955 4757 1034 4810 vis
1061 4767 1143 4810 est
1184 4756 1338 4825 hujus
1381 4757 1724 4826 philosophia:
1768 4756 1908 4825 quod
1935 4755 2062 4809 etin
2091 4765 2171 4826 ty-

601 4865 771 4904 ranno
819 4857 944 4904 tunc
987 4849 1179 4903 factum
1219 4859 1320 4904 est.
1342 4850 1622 4919 Postquam
1681 4849 1822 4903 enim
1867 4849 1997 4902 vidit
2043 4847 2170 4901 nihil

599 4957 758 5010 grave
779 4954 982 5010 passos,
1011 4939 1129 4992 audi
1157 4938 1422 5008 quomodo
1463 4947 1692 4992 mutatus
1738 4948 1820 4992 est
1853 4957 1866 4992 :
1897 4937 2040 4991 Servi
2077 4937 2172 4991 Dei

600 5033 852 5097 altissimi,
884 5034 1028 5096 exite,
1061 5031 1250 5102 inquit,
1271 5042 1317 5086 et
1345 5033 1519 5085 venite.
1551 5033 1740 5085 Annon
1773 5031 1926 5100 paulo
1951 5041 2073 5084 ante
2093 5031 2173 5083 di-

601 5126 778 5191 cebas,
808 5125 874 5178 Et
895 5125 1004 5194 quis
1027 5135 1100 5177 est
1132 5124 1253 5178 deus
1288 5124 1369 5194 qui
1391 5141 1476 5176 vos
1499 5140 1561 5176 ea:
1584 5123 1810 5176 manibus
1840 5125 1960 5176 meis
1986 5123 2176 5191 eripere

607 5217 758 5284 possit
776 5213 937 5285 (Dan.
961 5217 1013 5270 ὅ.
1040 5217 1128 5272 93.
1157 5214 1281 5285 15)?
1305 5215 1440 5280 Quid
1470 5214 1660 5268 factum
1691 5215 1808 5268 est?
1835 5213 1973 5268 unde
2000 5223 2174 5267 mnta-

608 5306 716 5358 tio?
753 5309 984 5362 exterius
1025 5308 1225 5378 positos
1271 5306 1580 5373 absumptos
1625 5304 1818 5368 vidisti,
1857 5313 1910 5358 et
1957 5303 2176 5358 interius

607 5403 808 5449 stantes
849 5397 1046 5451 vocas?
1095 5399 1232 5451 unde
1282 5397 1372 5452 tibi
1414 5395 1591 5450 evenit
1635 5395 1754 5450 talia
1791 5393 2066 5449 ttteditari?
2091 5392 2180 5446 Vi-

608 5484 731 5538 disti
756 5495 948 5554 quanta
975 5487 1082 5555 regi
1107 5489 1327 5542 mutatio
1375 5485 1509 5542 facta
1551 5487 1666 5543 est!
1693 5485 1903 5556 quando
1946 5481 2177 5537 nondum

610 5577 753 5644 ipsos
779 5585 1037 5640 tenuerat,
1051 5577 1470 5646 blasphemabat;
1493 5588 1766 5650 postquam
1789 5589 1918 5631 vero
1937 5579 1990 5629 in
2007 5575 2180 5644 ignem

615 5667 759 5735 ipsos
793 5667 1042 5738 conjecit,
1087 5670 1575 5739 philosophabatur.
1627 5670 1908 5740 Propterea
1951 5675 2004 5721 et
2045 5665 2182 5721 Deus

2255 378 2494 450 permisit
2521 379 2695 432 omnia
2725 378 2857 440 fieri,
2887 392 3231 448 quaecumque
3257 387 3509 448 tyrannus
3553 379 3738 443 voluit,
3767 393 3822 434 ut

2250 469 2636 523 demonsvraret
2661 484 2690 520 a
2719 482 2776 521 se
2813 469 3104 522 custoditos
3149 467 3419 523 oﬂ'endere
3461 483 3618 536 posse
3651 473 3814 524 nemi-

2249 574 2370 613 nem
2397 575 2411 612 :
2435 559 2650 627 etquod
2682 558 2732 611 iu
2761 557 2862 612 Job
2891 558 3034 624 fecit,
3077 559 3178 612 hoc
3205 569 3258 612 et
3305 559 3388 612 bie
3423 569 3674 627 cperatus
3717 572 3820 620 cst,

2253 649 2460 702 Etenim
2487 648 2596 702 illic
2627 649 2862 716 permisit
2889 649 3154 702 diabolum
3186 665 3396 702 clunem
3441 665 3590 702 suam
3631 661 3818 718 putet:-

2251 741 2374 794 tiam
2419 740 2698 794 oStcndcre
2725 757 2738 794 :
2767 752 2818 793 et
2849 749 3121 808 postquam
3165 755 3350 794 omnes
3379 740 3556 795 hausit
3581 745 3816 811 sagittas,

2250 844 2301 890 et
2330 833 2502 886 nullus
2527 833 2830 886 insidiarum
2859 832 3046 886 modus
3069 832 3301 901 reliquas
3347 832 3513 884 factus
3549 843 3652 896 est,
3701 845 3822 886 tunc

2250 943 2280 980 e
2305 927 2476 980 stadio
2512 925 2736 994 pugilem
2777 925 2980 984 eduxit,
3011 933 3066 977 ut
3093 924 3234 978 clara
3262 932 3316 977 et
3345 924 3632 977 indubitata
3676 924 3823 977 ﬂeret

2251 1017 2468 1069 victoria
2495 1034 2507 1068 :
2532 1024 2586 1070 et
2605 1014 2688 1068 hic
2711 1014 2810 1068 hoc
2825 1014 2996 1082 ipsum
3019 1013 3162 1068 fecit.
3192 1014 3366 1068 Voluit
3383 1015 3614 1082 ipsorum
3635 1015 3821 1068 urbem

2251 1119 2520 1172 evertere,
2555 1115 2609 1160 et
2650 1121 2755 1158 non
2797 1105 3066 1173 prohibuit
3097 1123 3110 1157 :
3138 1105 3302 1158 voluit
3327 1105 3564 1171 captivos
3603 1103 3822 1170 ducere,

2249 1206 2301 1247 et
2329 1210 2432 1248 non
2461 1195 2732 1264 impedivit
2761 1213 2773 1247 :
2807 1193 2968 1246 voluit
3009 1193 3190 1260 ligare,
3219 1193 3480 1246 Concessit
3509 1209 3524 1246 :
3554 1193 3604 1244 in
3649 1191 3828 1246 forna-

2251 1299 2366 1338 cem
2395 1285 2630 1353 injicere,
2656 1284 2934 1353 permisit:
2963 1283 3226 1336 ﬂammam
3273 1283 3409 1336 ultra
3449 1283 3660 1335 modum
3705 1299 3824 1336 suc-

2253 1375 2499 1442 cendere,
2531 1385 2586 1430 et
2613 1375 2712 1429 hoc
2739 1374 2978 1444 p‘erntisit
3007 1393 3018 1426 :
3049 1382 3104 1428 et
3147 1373 3356 1442 quando
3399 1371 3524 1426 nihil
3565 1374 3824 1441 reliquum

2251 1467 2440 1534 fuerat,
2468 1467 2560 1521 sed
2590 1482 2800 1521 omnem
2842 1466 2948 1518 vim
2991 1481 3138 1518 suam
3187 1474 3441 1535 tyrannus
3482 1464 3824 1528 exhauserat,

2253 1567 2378 1612 tunc
2422 1573 2568 1611 suam
2621 1558 2758 1612 Dens
2781 1557 3029 1610 virtutem
3067 1554 3446 1609 demonstravit
3472 1566 3524 1607 et
3545 1570 3826 1622 puerorum

2253 1648 2582 1717 patientiam.
2611 1646 2768 1700 Vides
2808 1647 3003 1700 idcirco
3052 1645 3213 1700 Deum
3255 1660 3421 1714 usque
3447 1645 3496 1697 in
3533 1645 3689 1698 linem
3733 1645 3830 1698 tri-

2252 1739 2550 1794 bulationes
2575 1739 2898 1808 permisisse,
2924 1746 2980 1790 ut
3005 1735 3373 1790 insidiantibus
3411 1745 3465 1790 et
3493 1736 3832 1788 circumven-

2255 1837 2423 1883 torum
2471 1828 2889 1898 philosophiam,
2935 1838 2988 1883 et
3032 1843 3180 1881 suam
3226 1827 3612 1880 demonstraret
3655 1829 3833 1894 provi—

2253 1921 2522 1974 dentiam?
2551 1920 2681 1986 Quae
2708 1930 2929 1989 utraque
2956 1927 3009 1974 et
3035 1919 3121 1974 ille
3145 1929 3267 1972 tunc
3282 1917 3492 1972 discens
3518 1918 3780 1971 clamabat
3813 1935 3827 1969 :

2254 2011 2394 2066 Servi
2423 2010 2518 2064 Dei
2555 2011 2806 2077 altissimi,
2837 2011 2984 2076 exite,
3017 2021 3062 2063 et
3089 2015 3248 2062 venite
3283 2009 3400 2062 huc.
3429 2009 3508 2062 Tu
3535 2025 3660 2062 vero
3703 2009 3832 2061 mihi

2252 2101 2525 2156 considera
2585 2117 2866 2170 puerorum
2909 2100 3436 2170 magnanimitatem:
3467 2115 3640 2168 neque
3683 2100 3834 2154 enim

2253 2202 2375 2246 ante
2403 2208 2585 2246 vocem
2611 2191 2947 2256 exsiliet-unt,
2979 2206 3042 2242 ne
3067 2191 3184 2258 quis
3224 2199 3433 2258 putaret
3477 2190 3618 2258 ipsos
3658 2191 3838 2258 ignem

2257 2284 2493 2337 timuisse
2525 2301 2541 2337 ε
2570 2299 2740 2351 neque
2787 2283 2956 2336 vocati
2998 2282 3137 2334 intus
3178 2290 3514 2344 manserunt,
3557 2295 3623 2334 ne
3664 2280 3842 2334 antbi.

2255 2374 2376 2428 tiosi
2405 2389 2523 2427 csse
2549 2383 2601 2426 et
2628 2371 2942 2426 conten:iosi
2969 2371 3293 2425 viderentur.
3325 2371 3608 2440 Postquam
3647 2369 3844 2424 didici—

2256 2465 2344 2529 sti,
2371 2463 2633 2532 inqrtiunt,
2655 2463 2804 2529 cujus
2835 2477 3018 2514 smnus
3044 2460 3204 2521 servi,
3249 2471 3522 2529 postquam
3551 2460 3836 2512 Dominttm

2258 2562 2494 2607 nostrum
2523 2553 2803 2620 agnovisti,
2821 2561 2944 2605 tunc
2966 2551 3191 2614 eximus,
3217 2547 3860 2617 pra-seutibusomnibus,

2257 2643 2414 2698 futuri
2439 2642 2630 2696 divina:
2681 2641 2925 2710 potentia:
2959 2653 3247 2708 pt‘mcones.
3284 2639 3392 2690 lmo
3435 2653 3560 2690 vero
3606 2655 3707 2689 non
3739 2639 3846 2704 ipsi

2261 2749 2486 2804 tantum,
2507 2737 2597 2792 sed
2615 2745 2667 2792 et
2687 2736 2854 2790 hostis
2877 2734 3082 2804 propria
3105 2747 3232 2786 voce
3249 2741 3300 2786 et
3323 2733 3494 2801 lingua
3508 2740 3560 2786 et
3582 2747 3672 2799 per
3695 2731 3850 2786 litte—

2259 2843 2345 2882 ras
2370 2828 2614 2882 omnibus
2647 2835 2758 2880 tum
2787 2825 3018 2896 pugilum
3057 2823 3428 2884 constantiam,
3474 2832 3582 2874 tttm
3636 2837 3848 2890 agouo-

2263 2921 2421 2974 theta:
2465 2920 2710 2972 virtutem
2743 2917 3078 2986 praedicabat.
3115 2915 3179 2968 Et
3209 2914 3344 2966 sicut
3372 2927 3642 2982 przccones
3667 2913 3854 2964 athle-

2263 3019 2343 3063 tas
2373 3010 2600 3064 victores
2630 3010 2681 3062 in
2713 3007 2885 3061 medio
2913 3005 3118 3059 theatro
3145 3005 3565 3072 proountiantes,
3597 3003 3848 3070 ipsorum

2262 3117 2470 3170 quoque
2494 3101 2733 3156 civitates
2758 3099 2958 3172 dicunt,
2985 3097 3074 3150 Ille
3093 3095 3160 3150 de
3183 3095 3268 3148 tali
3297 3095 3538 3148 civitate:
3561 3094 3630 3146 ita
3651 3103 3706 3145 et
3729 3093 3849 3156 hic,

2261 3191 2488 3244 civitatis
2505 3190 2640 3250 loco,
2669 3192 2901 3258 ipsorum
2931 3187 3208 3240 Dominum
3235 3184 3558 3255 praedicavit,
3589 3183 3854 3248 Sedrach,

2265 3282 2485 3347 Misaclt,
2517 3293 2562 3336 et
2591 3281 2881 3351 Abdenago,
2909 3281 3036 3332 servi
3061 3279 3159 3332 Dei
3179 3279 3432 3344 altissimi,
3455 3279 3654 3338 cxitc,et
3683 3279 3858 3331 venite

2265 3377 2384 3428 huc.
2407 3371 2542 3440 Quid
2584 3381 2754 3426 actum
2801 3377 2902 3436 est,
2947 3369 3085 3438 quod
3137 3370 3278 3437 ipsos
3305 3369 3399 3422 Dei
3437 3383 3620 3421 servos
3647 3369 3858 3421 vocas?

2267 3481 2442 3519 nonne
2487 3465 2560 3517 tui
2599 3473 2752 3517 erant
2792 3461 2970 3516 servi?
2995 3460 3097 3516 Sed
3148 3475 3388 3528 regnum,
3435 3459 3624 3526 inquit,
3665 3475 3856 3514 meum

2267 3556 2641 3619 dissolverunt,
2661 3552 2962 3622 superbiam
2985 3565 3157 3604 meam
3179 3551 3638 3610 conculcaverunt.
3659 3565 3856 3604 verum

2269 3664 2363 3718 per
2386 3662 2548 3716 Opera
2594 3662 2746 3700 somn
2791 3645 3221 3698 demonstraverc
3261 3642 3556 3695 Dominum.
3585 3642 3642 3696 Si
3675 3641 3856 3695 homi—

2270 3756 2394 3794 num
2427 3739 2646 3792 fuissent
2675 3737 2834 3802 servi,
2855 3751 2958 3789 non
2977 3735 3276 3802 expavisset
3295 3734 3448 3804 ignis,
3475 3749 3579 3786 non
3597 3735 3860 3787 cessisset

2275 3829 2484 3882 ﬂamma
2514 3845 2527 3880 :
2559 3827 2829 3880 hominum
2855 3825 2995 3879 enim
3023 3833 3208 3878 servo's
3245 3833 3486 3877 creatura
3531 3827 3770 3878 revereri
3801 3837 3860 3878 et

2271 3920 2532 3974 honorare
2562 3933 2666 3972 non
2699 3919 2860 3972 novit.
2891 3918 3175 3985 Propterea
3195 3931 3376 3968 rursus
3395 3915 3561 3983 inquit
3585 3935 3599 3968 :
3627 3914 3862 3968 Benedi-

2270 4021 2376 4064 ctus
2395 4009 2530 4064 Deus
2549 4009 2795 4073 Sedraclt,
2815 4008 3031 4074 Misaclt,
3045 4017 3090 4061 et
3107 4009 3375 4076 Abdenago
3392 4005 3555 4074 (Dan.
3569 4009 3624 4060 5.
3641 4007 3758 4076 95).
3775 4008 3862 4060 'l'tt

2273 4115 2446 4157 autem
2475 4103 2601 4157 mihi
2647 4102 3008 4170 contemplare
3049 4100 3314 4171 quomodo
3346 4101 3570 4168 primum
3605 4115 3868 4154 remune-

2273 4205 2499 4249 ratoretn
2547 4195 2795 4264 prmdicat
2824 4213 2836 4248 :
2865 4193 3164 4248 Benedictus
3195 4193 3326 4246 Deus
3355 4194 3438 4260 qui
3460 4193 3594 4244 misit
3614 4195 3866 4263 angelum

2272 4303 2439 4350 suum,
2465 4297 2512 4340 et
2540 4288 2667 4340 eruit
2715 4304 2892 4356 pueros
2919 4303 3038 4339 suos
3061 4283 3270 4355 (lbid.).
3299 4285 3410 4338 lloc
3435 4285 3690 4354 petentia:
3719 4287 3814 4339 Dei
3849 4303 3866 4340 :

2274 4377 2358 4431 dic
2383 4387 2435 4430 et
2477 4377 2792 4432 athletarum
2840 4377 3086 4430 virtutem
3120 4394 3133 4429 :
3169 4375 3417 4440 Quoniam
3453 4375 3777 4442 con/ideruut
3811 4377 3872 4429 in

2275 4485 2353 4530 eo,
2380 4479 2425 4522 et
2450 4469 2648 4522 verbum
2675 4471 2804 4539 regis
2839 4471 3244 4530 immutaverunt,
3287 4478 3334 4520 ct
3377 4467 3702 4520 tradiderunt
3739 4485 3870 4521 cor-

2277 4575 2401 4628 pora
2426 4577 2538 4625 sua,
2558 4575 2617 4611 ne
2645 4561 2880 4612 servirent
2909 4559 3007 4612 diis
3027 4558 3203 4611 alienis
3229 4556 3435 4629 (lbid.).
3458 4557 3564 4610 Sed
3589 4559 3720 4624 quid
3749 4559 3872 4612 vir-

2283 4651 2378 4704 tuti
2423 4665 2518 4720 par
2563 4665 2681 4703 esse
2721 4650 2931 4717 posset?
2957 4652 3122 4702 Antea
3169 4647 3381 4718 quando
3425 4647 3706 4714 dixerunt,
3751 4649 3876 4700 Diis

2279 4742 2375 4796 tuis
2402 4757 2499 4795 non
2521 4742 2763 4794 servimus
2793 4739 2900 4810 (Ib.
2929 4755 2981 4794 v.
3015 4739 3343 4810 18),fornace
3371 4739 3566 4792 suavius
3594 4753 3878 4794 accensus

2277 4841 2360 4886 est
2390 4851 2403 4885 :
2433 4843 2706 4901 postquam
2740 4846 2868 4884 vero
2905 4846 2996 4899 per
3025 4832 3134 4898 ipsa
3167 4845 3327 4899 opera
3357 4827 3458 4882 hoc
3485 4828 3880 4892 ostenderunt.

2281 4944 2384 4982 non
2432 4937 2632 4980 tantum
2673 4941 2777 4979 non
2821 4925 3118 4994 indignatus
3144 4933 3244 4988 est,
3267 4924 3358 4977 sed
3404 4921 3632 4976 laudavit
3664 4931 3722 4975 et
3773 4923 3890 4974 ad-

2283 5023 2505 5075 miratus
2534 5035 2637 5087 CSI,
2661 5020 2800 5090 quod
2833 5020 2930 5072 sibi
2961 5035 3062 5072 non
3091 5019 3414 5072 obedissent.
3436 5015 3662 5070 Tantum
3697 5016 3890 5078 virtus

2283 5115 2510 5176 bonum,
2565 5123 2622 5167 nt
2665 5121 2721 5168 et.
2765 5113 2907 5180 ipsos
2953 5111 3134 5165 hostes
3179 5109 3372 5164 habeat.
3417 5107 3780 5162 admiratores
3829 5119 3890 5163 et

2285 5205 2601 5259 laudatores.
2629 5203 2704 5257 Illi
2739 5211 3119 5272 pugnaverunt,
3143 5206 3546 5267 superaverunt,
3569 5205 3622 5251 et
3653 5197 3774 5264 ipse
3803 5201 3894 5252 γε*

2284 5307 2401 5350 ctus
2426 5296 2620 5364 gratias
2644 5295 2847 5364 agebat.
2875 5292 3014 5362 quod
3039 5306 3142 5345 non
3169 5291 3311 5357 ipsos
3334 5287 3608 5343 terruisset
3633 5285 3896 5340 ﬂamma:

2285 5397 2552 5457 aspectus,
2599 5386 2690 5442 sed
2737 5401 2860 5454 spes
2885 5385 2938 5439 in
2968 5383 3246 5439 Dominum
3288 5382 3556 5436 consulatu
3605 5389 3784 5442 esset,
3837 5393 3904 5434 et

2289 5480 2567 5534 Dominum
2596 5478 2741 5533 orbis
2767 5487 3027 5532 terrarum
3043 5489 3114 5530 es
3137 5474 3309 5528 tribus
3333 5471 3508 5540 pueris
3535 5478 3694 5524 vocat
3711 5508 3728 5530 ,
3763 5483 3904 5524 non

2289 5572 2452 5642 ipsius
2476 5569 2756 5640 imperium
2785 5569 2892 5624 ﬂne
2913 5568 3026 5622 .ullo
3053 5563 3396 5628 concludens,
3415 5561 3508 5615 sed
3536 5559 3678 5628 quod
3697 5559 3908 5614 instar

2289 5663 2434 5720 orbis
2479 5672 2738 5719 terrarum
2768 5660 2917 5732 pueri
2967 5668 3074 5714 tres
3111 5664 3291 5711 essent
3319 5670 3333 5708 :
3368 5661 3645 5727 propterea
3675 5657 3756 5704 tot
3789 5661 3910 5723 ty-
