4070 6208
209 301 275 354 ετ
1186 286 1278 343 ΑΒ
1312 283 1639 343 φορυιυιι
1685 281 2189 337 ΑΝτιυωιωυΜ
2232 276 2465 334 HOMIL.
2503 276 2592 332 Vl.
3579 275 3651 328 88

209 406 316 461 Καὶ
336 406 416 460 ὅτι
440 404 598 458 τοῦτο
621 400 691 476 ἦν
730 403 901 457 αἴτιον
929 403 1021 455 τοῦ
1063 403 1332 473 μηδεμιᾶς
1365 400 1525 453 αύτὸν
1568 397 1874 453 ἀπολαῦσαι

209 493 589 565 παραμυθίας,
627 493 860 547 ἄκουσον
910 492 963 544 τί
1004 508 1168 560 φησιν
1202 492 1230 543 6
1284 488 1567 561 Ἀϐραάμ·
1624 486 1877 547 Τέκνον,

208 574 497 646 ἀπέλαϐες
527 582 599 635 τὰ
624 578 818 650 ἀγαθά
850 594 990 638 σου,
1029 578 1125 632 διὰ
1154 577 1325 631 τοῦτο
1356 575 1652 630 ὀδυνᾶσαι
1676 591 1689 605 ·
1718 574 1800 626 ὅτι
1825 571 1883 625 δέ

212 668 301 721 καὶ
333 666 410 738 τῷ
430 666 665 739 Λαζάρῳ
691 667 760 719 τὰ
779 664 961 735 ἀγαθά
995 665 1132 735 μετά
1159 666 1258 736 τῆς
1288 662 1487 735 ἀρετῆς
1507 661 1683 715 καὶτὸ
1710 660 1877 730 μυρία

210 754 437 810 ἐνταῦθα
474 755 666 808 παθεῖν
708 752 857 807 δεινά
892 752 1241 824 προεξένησε,
1276 751 1370 804 τοῦ
1413 748 1749 821 πατριάρχου
1786 747 1880 800 καὶ

208 843 374 896 ταῦτα
396 842 645 911 λέγοντος
672 841 922 895 ἄκουσον.
951 836 1134 893 Εἰπὼν
1167 839 1275 909 γάρ
1315 837 1392 907 τῷ
1447 835 1702 905 πλουσίῳ,
1751 835 1879 887 Ἀπ-

114 914 117 919 ’
207 928 411 995 ἐλαϐες
438 929 511 982 τὰ
551 925 742 997 ἀγαθά
767 943 907 988 σου,
952 926 1253 996 ἐπήγαγεν,
1293 925 1374 977 ὃτι
1409 924 1516 976 Καὶ
1548 926 1580 977 ὀ
1621 921 1880 988 Λάζαρος

209 1015 280 1068 τὰ
311 1014 463 1069 κακὰ
489 1032 505 1046 ·
545 1013 642 1067 καὶ
684 1012 782 1066 διὰ
819 1012 995 1066 τοῦτο
1041 1011 1485 1078 παρακαλεῖται.
1524 1011 1733 1080 Ὥσπερ
1771 1007 1879 1080 γὰρ

209 1107 257 1156 οξ
292 1104 349 1155 ἐν
383 1104 552 1175 ἀρετῇ
589 1099 792 1163 ζῶντες
839 1101 935 1152 καὶ
969 1099 1276 1169 θλιϐόμενοι
1303 1097 1523 1151 διπλοῦν
1552 1098 1611 1150 τὸ
1639 1096 1827 1168 κέρδος
1850 1109 1875 1136 ιι

210 1191 356 1261 παρά
381 1190 475 1243 τοῦ
505 1188 641 1243 Θεοῦ
675 1187 1066 1259 λαμϐάνουσιν,
1095 1187 1269 1250 οὕτως
1297 1188 1325 1239 6
1360 1187 1417 1239 ἐν
1446 1186 1618 1258 κακία
1650 1185 1757 1250 ζῶν
1787 1186 1879 1238 καὶ

208 1277 423 1348 τρυφῶν
446 1275 641 1346 διπλῆν
668 1274 780 1339 ἔξει
814 1276 915 1345 τὴν
951 1274 1193 1329 κόλασιν.
1238 1275 1406 1327 Πάλιν
1434 1273 1578 1342 λέγω
1613 1272 1735 1343 οὐχὶ
1770 1272 1879 1325 τῶν

208 1366 512 1434 φευγόντων
560 1363 883 1435 κατηγορῶν
930 1362 1186 1432 (Ψυχὴν
1218 1362 1325 1434 γάρ
1367 1361 1879 1428 τεταπεινωμένην

204 1453 285 1523 μὴ
318 1451 755 1521 προσταρὰξῃς,
787 1450 983 1522 φησὶν)
1005 1491 1019 1513 ,
1049 1450 1170 1504 ούδέ
1202 1450 1527 1520 ἐπιτιμῆσαι
1560 1447 1878 1519 βουλόμενος

209 1544 266 1608 (ό
299 1543 406 1612 γάρ
454 1539 627 1594 νοσῶν
681 1540 1080 1610 παρακλήσεως
1132 1540 1361 1609 δεῖται),
1407 1537 1543 1591 ἀλλά
1589 1536 1878 1607 διορθῶσαι

210 1629 539 1692 σπουδάζων,
579 1627 654 1699 μὴ
694 1630 760 1698 τῇ
800 1630 947 1697 φυγῇ
996 1628 1097 1697 τὴν
1142 1626 1416 1697 σωτηρίαν
1453 1624 1612 1696 ἡμῶν
1642 1622 1878 1693 ἐγχειρί-

208 1715 406 1784 ςωμεν,
441 1714 577 1767 ἀλλά
607 1714 869 1784 φύγωμεν
914 1713 1213 1784 ἁμαρτίας,
1260 1711 1584 1782 ἀποστῶμεν
1628 1711 1734 1763 ἀπὸ
1775 1709 1877 1777 τῆς

205 1801 323 1855 ὁδοῦ
356 1801 456 1873 τῆς
492 1803 757 1872 πονηρᾶς.
802 1800 929 1853 Ἐὰν
960 1798 1159 1864 ταύτας
1195 1799 1477 1868 φύγωμεν,
1518 1797 1619 1850 κάν
1672 1795 1875 1861 μεταξὺ

210 1890 416 1960 μυρίων
446 1883 594 1961 ὦμεν
625 1886 992 1959 στρατιωτῶν,
1028 1887 1203 1949 οὐδεὶς
1236 1888 1382 1957 ήμᾶς
1424 1884 1624 1955 πλῆξαι
1654 1885 1874 1953 δυνήσε-

205 1993 323 2028 ται·
358 1976 454 2029 ἐὰν
476 1974 681 2039 ταύτας
715 1973 788 2045 μὴ
816 1973 1099 2044 φύγωμεν,
1128 1972 1229 2026 κᾶν
1258 1974 1337 2036 είς
1370 1973 1541 2042 αὐτὴν
1570 1970 1676 2023 τῶν
1707 1970 1877 2040 όρέων

204 2063 301 2133 τὴν
334 2063 580 2134 κορυφὴν
620 2061 929 2131 ἀναϐῶμεν,
968 2059 1258 2130 πολεμίους
1285 2060 1401 2111 ἐκεῖ
1440 2058 1742 2128 εὑρήσομεν
1777 2076 1878 2127 μυ-

208 2152 375 2220 ρίους.
434 2148 839 2219 Ἀναμνήσθητι
886 2146 1018 2215 γοῦν
1056 2147 1165 2200 τῶν
1204 2146 1371 2217 τριῶν
1406 2146 1611 2198 παίδων
1655 2145 1877 2198 ἐκείνων

205 2237 390 2299 πάλιν,
423 2236 473 2289 οῖ
512 2236 659 2289 ἔνδον
683 2231 824 2306 ἦσαν
864 2237 922 2288 ἐν
950 2238 1017 2306 τῇ
1063 2235 1301 2304 καμίνῳ,
1346 2233 1441 2285 καὶ
1486 2232 1638 2285 οὐδὲν
1679 2229 1878 2283 έπαθον

202 2324 408 2377 δεινόν·
447 2323 541 2376 καὶ
573 2324 683 2377 τῶν
709 2323 1052 2395 ἐμϐαλόντων
1094 2324 1292 2385 αὐτοὺς
1341 2320 1538 2388 ἔξωθεν
1579 2320 1678 2390 τῆς
1711 2321 1878 2390 καμί-

203 2429 316 2473 νου,
348 2413 464 2465 ὅσοι
492 2411 906 2483 περιεκάθηντο,
951 2411 1152 2475 πάντες
1193 2409 1624 2480 ἐδαπανήθησαν.
1667 2408 1731 2461 Τί
1762 2407 1879 2461 τού-

202 2517 295 2552 του
335 2499 798 2571 παραδοξότερονς
847 2498 954 2562 Οὓς
1003 2501 1253 2569 κατεῖχεν
1298 2497 1454 2549 ἔλυσε
1495 2496 1559 2548 τὸ
1599 2495 1732 2567 πῦρ,
1783 2495 1879 2549 καὶ

202 2585 296 2650 οῦς
323 2588 386 2639 ού
428 2591 679 2657 κατεῖχεν
718 2588 1004 2657 ἥρπασεν·
1041 2587 1128 2639 ἵνα
1172 2584 1371 2657 μάθῃς,
1401 2586 1483 2638 ὅτι
1526 2584 1647 2653 οὐχὶ
1690 2582 1875 2645 τόπος,

202 2674 339 2727 ἀλλὰ
369 2675 567 2744 τρόπος
607 2676 881 2745 σωτηρίαν
918 2675 1076 2746 φέρει
1110 2674 1205 2727 καὶ⁸
1230 2675 1483 2735 κόλασιν,
1526 2674 1574 2725 οἱ
1616 2671 1762 2724 ἔνδον
1802 2670 1876 2723 δι-

201 2763 436 2831 έφυγον,
475 2764 526 2815 οί
556 2762 661 2827 ἔξω
703 2761 1089 2833 διεφθάρησαν.
1123 2762 1205 2815 Ti
1244 2762 1384 2815 αύτά
1425 2749 1652 2831 σώματα
1694 2759 1879 2812 κάκεί-

202 2866 315 2913 νοις
336 2850 433 2903 καὶ
458 2850 689 2913 τούτοις,
722 2850 836 2904 ἀλλ’
866 2852 925 2903 οὺ
956 2851 1024 2903 τὰ
1043 2848 1183 2903 αύτά
1211 2851 1565 2919 φρονήματα·
1598 2847 1686 2900 διὰ
1718 2845 1878 2899 τοῦτο

201 2936 323 2990 οὐδὲ
341 2936 412 2989 τὰ
438 2936 576 2989 αύτά
609 2935 780 3007 πάθη.
813 2937 926 2990 Καὶ
960 2935 1070 3008 γὰρ
1107 2939 1135 2989 6
1177 2937 1369 3006 χόρτος
1415 2934 1515 2988 κᾶν
1566 2933 1671 2997 ἔξω
1718 2949 1873 3003 περι-

203 3022 423 3091 κέηται,
451 3022 663 3093 ταχέως
693 3022 1023 3076 ἀνάπτεται·
1057 3022 1246 3095 ὥσπερ
1290 3017 1383 3075 οὖν
1418 3021 1479 3074 τὸ
1520 3021 1740 3093 χρυσίον
1774 3020 1876 3073 κᾶν

199 3108 350 3163 ἔνδον
384 3110 542 3182 μένῃ,
578 3107 840 3179 μειζόνως
872 3109 1241 3181 φαιδρύνεται.

268 3194 335 3249 ε’.
351 3195 465 3249 Ποῦ
480 3195 576 3249 νῦν
592 3199 727 3251 εἰσιν
745 3198 796 3249 οί
823 3196 1090 3266 λέγοντες·
1112 3197 1296 3251 Πάντα
1320 3195 1531 3249 λαϐέτω
1555 3195 1584 3246 ό
1606 3193 1875 3265 βασιλεὺς,

197 3283 300 3335 καὶ
323 3282 388 3335 τὸ
414 3282 575 3353 σῶμα
608 3284 739 3352 ἡμῖν
767 3282 1051 3354 ἐλεύθερον
1079 3284 1248 3348 δότω;
1278 3282 1343 3335 Τί
1383 3283 1513 3336 ποτέ
1543 3283 1679 3346 ἐστι,
1718 3282 1877 3352 σῶμα

197 3370 490 3442 ἐλεύθερον
524 3365 685 3434 εἷναι,
723 3371 1159 3442 μανθανέτωσαν.
1199 3373 1273 3425 Ού
1307 3371 1415 3443 γὰρ
1443 3370 1505 3423 τὸ
1539 3372 1612 3442 μὴ
1656 3369 1878 3431 κολάζε-

197 3459 329 3513 σθαι
352 3458 515 3513 τοῦτο
536 3458 816 3531 ἐλεύθερον
844 3462 989 3513 ποιεῖ
1012 3459 1189 3529 σῶμα,
1218 3458 1355 3512 ἀλλά
1381 3458 1441 3511 τὸ
1466 3458 1567 3528 ζῇν
1598 3460 1655 3510 ἐν
1679 3458 1879 3510 δικαιο-

197 3546 340 3620 σύνῃ
384 3547 671 3618 διηνεκῶς.
721 3547 940 3601 Τούτων
981 3546 1113 3617 γοῦν
1152 3546 1257 3601 τῶν
1303 3545 1505 3599 παίδων
1546 3543 1615 3597 τά
1652 3543 1878 3615 σώματα

194 3635 469 3704 ἐλεύθερα
515 3630 584 3706 ἦν
614 3636 713 3691 καὶ
762 3633 977 3705 καμίνῳ
1023 3632 1425 3705 παραδοθέντα·
1480 3631 1579 3703 τὴν
1625 3630 1735 3702 γάρ
1779 3632 1879 3701 τῆς

192 3721 479 3794 ἁμαρτίας
509 3721 753 3775 δουλείαν
785 3721 1046 3775 ἀπέθεντο
1073 3720 1271 3774 πάλαι·
1305 3720 1399 3774 καὶ
1421 3719 1529 3791 γάρ
1549 3718 1708 3773 τοῦτό
1733 3722 1880 3773 ἐστιν

191 3809 490 3880 ἐλευθερία
531 3809 711 3879 μόνον,
740 3809 802 3862 ού
827 3809 888 3862 τὸ
920 3808 995 3881 μὴ
1020 3807 1359 3874 κολάζεσθαι,
1393 3808 1528 3878 μηδέ
1564 3808 1793 3877 πάσχειν
1826 3825 1879 3861 τι

189 3898 371 3952 δεινόν
392 3898 445 3951 δ.
474 3898 546 3949 Σὺ
572 3896 630 3951 δέ
651 3896 806 3961 είδὼς
830 3895 945 3970 [80]
973 3896 1074 3967 τὴν
1096 3897 1345 3966 κάμινον,
1378 3894 1753 3967 ἀναμνήσθητι
1773 3894 1881 3947 τῶν

191 3984 293 4039 τοῦ
323 3984 507 4056 πυρὸς
532 3983 814 4055 ποταμῶν,
839 3984 947 4038 τῶν
981 3983 1123 4037 κατὰ
1149 3983 1249 4052 τὴν
1279 3982 1493 4053 ἡμέραν
1521 3983 1620 4053 τὴν
1645 3981 1881 4052 φοϐερὰν

190 4074 443 4145 ἐκείνην.
481 4070 747 4142 Καθάπερ
777 4071 887 4143 γάρ
922 4070 1157 4124 ἐνταῦθα
1186 4071 1314 4131 τοὺς
1345 4070 1444 4140 μὲν
1469 4070 1685 4141 ἥρπασε
1705 4109 1719 4132 ,
1754 4071 1882 4133 τοὺς

186 4160 248 4214 δέ
273 4158 487 4231 ᾐδέσθη
522 4159 585 4212 τὸ
619 4159 750 4231 πῦρ,
783 4158 926 4212 οὕτω
966 4159 1062 4212 καὶ
1109 4159 1202 4211 ἐπὶ
1233 4156 1341 4209 τῶν
1371 4155 1631 4227 ποταμῶν
1657 4156 1880 4211 ἐκείνων

190 4249 355 4302 ἔσται
374 4264 390 4279 ·
424 4246 528 4300 κάν
557 4246 658 4317 μέν
678 4263 764 4310 τις
790 4246 890 4318 ἔχῃ
918 4246 1130 4317 χόρτον,
1158 4244 1318 4311 ξύλα,
1346 4244 1621 4315 καλάμην,
1652 4243 1881 4299 ἀνάπτει

189 4337 254 4388 τῦ
285 4335 410 4407 πῦρ
426 4347 447 4366 ⁸
471 4333 539 4387 ἂν
568 4332 626 4387 δέ
650 4350 735 4396 τις
761 4332 859 4403 ἔχῃ
882 4332 1103 4404 χρυσὸν,
1139 4331 1401 4402 ἄργυρον,
1432 4330 1780 4402 φαιδρότερος
1799 4333 1883 4402 γί-

188 4441 370 4477 νεται.
386 4421 611 4493 Ταύτην
634 4421 814 4474 τοίνυν
831 4421 933 4491 τὴν
948 4419 1079 4490 ὓλην
1100 4420 1517 4489 συναγάγωμεν,
1546 4420 1640 4473 καὶ
1654 4420 1721 4475 τά
1744 4437 1879 4491 παρ·

186 4512 327 4565 (rata
360 4510 624 4580 φέρωμεν
653 4510 936 4576 γενναίως,
968 4506 1172 4567 εἰδότες
1230 4507 1313 4560 ὅτι
1346 4508 1439 4559 καὶ
1480 4506 1695 4577 ἐκείνης
1734 4508 1883 4577 ἡμᾶς

187 4598 297 4669 τῆς
323 4596 607 4657 κολάσεως
628 4596 662 4665 ή
690 4591 941 4666 παροῦσα
973 4593 1272 4659 ἀπαλλάξει
1297 4592 1506 4662 θλίψις,
1537 4591 1631 4645 ἐάν
1654 4592 1882 4663 εἰδῶμεν

190 4686 544 4753 φιλοσοφεῖν,
564 4682 660 4735 καὶ
679 4680 915 4735 ἐνταῦθα
936 4680 1177 4752 βελτίους
1198 4678 1512 4751 ἐργάσεται,
1539 4679 1637 4750 οὐχ
1662 4679 1808 4750 ἡμᾶς
1825 4681 1883 4735 δὲ

193 4773 389 4842 μόνον,
440 4770 577 4825 ἀλλά
606 4770 699 4824 καὶ
733 4770 860 4835 τοὺς
898 4768 1238 4841 ἐμϐαλόντας
1266 4769 1417 4839 ἡμᾶς
1464 4766 1743 4832 πολλάκις,
1788 4769 1884 4822 ἐάν

190 4860 501 4928 νήφωμεν·
541 4856 777 4927 τοσαύτη
816 4857 916 4928 τῆς
958 4854 1277 4925 φιλοσοφίας
1320 4855 1354 4926 ή
1392 4854 1714 4925 περιουσία·
1750 4853 1780 4907 6
1819 4854 1883 4924 δὴ

196 4946 296 4996 καὶ
335 4946 434 4998 ἐπὶ
473 4943 567 4998 τοῦ
612 4944 878 5014 τυράννου
921 4944 1043 4996 τότε
1079 4942 1323 5012 γέγονεν.
1374 4941 1591 5011 Ἐπειδὴ
1625 4942 1734 5014 γάρ
1776 4937 1883 4995 εἶδε

201 5031 377 5101 μηδὲν
426 5031 702 5095 παθόντας
742 5029 935 5094 δεινὸν,
968 5029 1200 5083 ἄκουσον
1243 5027 1361 5093 πῶς
1416 5028 1743 5100 μετεϐάλετο
1765 5045 1779 5060 ο
1821 5032 1884 5083 Ol

200 5116 414 5173 δοῦλοι
431 5118 540 5172 τοῦ
561 5118 709 5173 Θεοῦ
727 5118 834 5173 τοῦ
847 5118 1136 5187 ὑψίστου,
1153 5116 1428 5182 ὲξέλθετε
1449 5117 1546 5171 καί
1570 5116 1766 5181 δεῦτε,
1789 5133 1887 5189 φη-

208 5202 310 5257 σίν.
329 5206 404 5258 0-3
427 5205 534 5276 πρὸ
559 5202 757 5275 μικροῦ
780 5203 966 5271 ἔλεγες
983 5214 1032 5266 ο,
1063 5203 1168 5257 Καὶ
1185 5202 1275 5268 τίς
1291 5202 1420 5256 ἐστι
1442 5203 1597 5270 θεὸς,
1618 5201 1687 5268 ὃς
1701 5202 1886 5269 δυνή-

209 5306 372 5346 σεται
399 5290 718 5359 ἐξελέσθαι
744 5287 903 5361 ὑμᾶς
926 5291 995 5343 ἐκ
1023 5289 1140 5344 τῶν
1160 5289 1375 5359 χειρῶν
1389 5307 1543 5359 pou;
1573 5290 1639 5344 Τί
1660 5290 1882 5359 γέγονε;

211 5379 372 5433 πόθεν
402 5383 439 5451 ή
472 5378 782 5451 μεταϐολή;
833 5377 959 5441 τοὺς
1001 5376 1104 5444 ἔξω
1139 5376 1533 5447 διαφθαρέντας
1579 5374 1739 5443 εἶδες,
1788 5379 1884 5432 καὶ

212 5466 335 5528 τοὺς
358 5465 509 5519 ῑνδον
534 5466 752 5529 καλεῖς;
782 5464 945 5518 πόθεν
965 5463 1166 5536 ἐπῆλθέ
1198 5481 1281 5517 σοι
1303 5463 1526 5518 τοιαῦτα
1546 5465 1881 5535 φιλοσοφεῖνς

216 5546 360 5615 Εἶδες
412 5553 559 5624 πόση
610 5552 886 5623 μεταϐολὴ
932 5554 1015 5623 τῷ
1056 5552 1267 5620 βασιλεῖ
1302 5552 1556 5622 γέγονεν;
1597 5553 1687 5606 ὅτε
1733 5553 1886 5608 οὔπω

272 5672 300 5739 _‘
328 5670 831 5739 ﬁlliﬁxloﬁvjzmc
857 5674 914 5723 τὸ

270 5733 301 5802 ξ
326 5735 477 5807 ειςρι.
502 5733 775 5807 εξσυίιβπι
797 5749 913 5784 mss.
937 5733 1100 5807 11wa
1116 5736 1302 5807 δεινῶν.
1328 5735 1438 5807 M9:
1459 5737 1546 5807 alii
1560 5734 1885 5807 τοῦ-ποταμοῦ

216 5797 299 5842 το]
318 5798 463 5862 πυρὸς
482 5797 601 5862 τοῦ,
619 5797 703 5862 ³ῌὶ
723 5798 805 5846 τὸν
822 5799 1037 5858 ποταμὸν
1057 5797 1147 5846 τοῦ
1174 5799 1318 5862 πυρὸς
1344 5798 1443 5847 τόν.
1468 5797 1594 5848 Infra
1632 5799 1731 5847 duo
1771 5797 1886 5850 ἀνά·

217 5871 320 5904 ιτα
340 5860 426 5915 τήν
478 5859 617 5919 λόγα,
642 5859 716 5908 ἄν.

273 5919 299 5949 ι
330 5876 476 5967 Sui?
507 5929 564 5967 el.
580 5921 716 5967 almu‘

273 5919 299 5949 ι
330 5918 464 5967 Sui!
507 5918 564 5970 et
580 5921 766 5982 aliquot
790 5934 901 5974 mss.
924 5925 1016 5983 πρὸ
1039 5920 1240 5984 βραχόος
1264 5922 1433 5983 516th-

1982 394 2162 447 αὐτῶν
2181 394 2507 465 ἐκράτησεν,
2531 388 2868 458 ἐϐλασφήμει
2894 404 2907 420 ·
2935 387 3122 458 ἐπειδὴ
3145 386 3192 440 δι
3231 384 3649 450 αὐτούς’ἐνέϐα-

1985 482 2075 533 λεν
2108 483 2189 544 είς
2217 481 2279 533 τὸ
2306 478 2436 552 πῦρ,
2467 475 2794 546 ἐφιλοσόφει.
2829 474 2928 527 Διά
2960 474 3119 526 τοῦτο
3142 489 3236 527 και
3280 476 3311 527 ό
3355 472 3489 536 Θεὸς
3525 489 3649 525 συν-

1988 567 2234 639 εχώρησε
2269 566 2449 620 πάντα
2478 561 2751 632 γενέσθαι,
2774 561 2875 613 ὅσα
2902 562 2931 613 ό
2961 560 3221 631 τύραννος
3254 560 3530 629 ήθέλησεν,
3562 559 3649 611 ίνα

1981 653 2152 725 δείξῃ,
2212 654 2294 706 ὅτι
2324 652 2449 716 τοὺς
2485 651 2575 702 ὑπ’
2605 648 2772 702 αὑτοῦ
2808 646 3241 716 φυλαττομένους
3270 646 3444 712 οὐδεὶς
3466 663 3648 716 παρα-

1981 741 2182 810 ϐλάψαι
2212 740 2498 810 δυνήσεται
2519 756 2532 767 ·
2560 737 2652 790 καὶ
2684 737 2819 806 ὅπερ
2846 734 2937 787 ἐπί
2963 733 3057 786 τοῦ
3093 731 3212 786 Ἰὼϐ
3235 733 3651 803 ἐποίησε,τοῦτο

1981 829 2076 881 καὶ
2106 827 2343 880 ἐνταῦθα
2381 825 2697 897 εἰργάσατο.
2729 823 2838 876 Καὶ
2866 820 2974 893 γάρ
3005 822 3120 873 ἐκεῖ
3152 819 3330 888 ἀφῆκε
3361 819 3450 871 τὸν
3472 820 3651 874 διάϐο-

1980 915 2070 967 λοι
2098 916 2277 968 πᾶσαν
2311 913 2476 968 αὑτοῦ
2507 913 2605 983 τὴν
2633 911 2859 981 δύναμιν
2880 906 3272 972 ἐπιδείξασθαι,
3291 906 3384 959 καλ⁵
3415 907 3503 959 ἅτε
3528 906 3649 958 ἐκέ-

1980 1020 2119 1055 νωσε
2172 1002 2241 1055 τά
2302 1002 2430 1073 βέλη
2484 1001 2684 1063 πάντα,
2736 997 2831 1051 καὶ
2892 995 3067 1058 οὐδεὶς
3118 993 3409 1064 ἐπιϐουλῆς
3455 993 3651 1046 ὑπελέ-

1979 1090 2166 1143 λειπτο
2207 1090 2235 1128 τι
2286 1090 2518 1161 τρόπος,
2555 1087 2676 1140 τότε
2712 1084 3032 1140 ἀνεϐίϐασεν
3074 1084 3140 1134 ἐκ
3182 1081 3277 1134 τοῦ
3331 1082 3653 1152 σκάμματος

1977 1176 2070 1231 τὸν
2104 1176 2361 1248 ἀθλητὴν,
2397 1176 2483 1228 ἵνα
2526 1172 2753 1246 λαμπρὰ
2800 1171 2888 1224 καὶ
2942 1170 3422 1240 ἀναμφισϐήτητος
3462 1167 3651 1239 ήνίκη

1979 1264 2204 1332 γένηται
2223 1281 2236 1293 ·
2268 1261 2410 1315 οὓτω
2440 1262 2504 1332 δὴ
2533 1262 2631 1314 καὶ
2678 1256 2915 1312 ἐνταῦθα
2939 1256 3001 1308 τὺ
3026 1256 3158 1308 αὐτὸ
3177 1254 3336 1309 τοῦτο
3376 1255 3649 1326 ἐποίησεν.

1991 1351 2289 1421 Ἐϐουλήθη
2342 1350 2442 1419 τὴν
2505 1348 2658 1401 πόλιν
2704 1346 2884 1398 αὐτῶν
2957 1343 3335 1411 κατασκάψαι,
3400 1341 3495 1396 καὶ
3550 1341 3653 1396 ούκ

1979 1436 2283 1488 ἐκώλυσεν·
2344 1433 2610 1504 ἐϐουλήθη
2670 1430 2856 1484 λαϐεῖν
2920 1427 3336 1499 αἰχμαλώτους,
3402 1429 3497 1482 καὶ
3551 1430 3654 1482 οὐκ

1979 1525 2321 1577 ἐνεπόδισεν·
2380 1522 2647 1593 ἐϐουλήθη
2689 1521 2885 1589 δῆσαι,
2941 1517 3355 1589 συνεχώρησεν·
3424 1521 3503 1582 είς
3555 1518 3652 1588 τὴν

1980 1612 2206 1683 κάμινον
2284 1612 2580 1683 ἐμϐαλεῖν,
2649 1607 2982 1679 ἐπέτρεψεν·
3050 1606 3252 1675 ἀνάψαι
3322 1606 3420 1676 τὴν
3479 1606 3652 1673 φλόγα

1982 1701 2123 1770 πέρα
2149 1696 2243 1750 τοῦ
2271 1699 2493 1769 μέτρου,
2522 1696 2616 1749 καὶ
2654 1695 2812 1747 τοῦτο
2861 1691 3040 1760 ἀφῆκε
3060 1708 3075 1721 ·
3111 1693 3205 1745 καὶ
3229 1694 3318 1746 ὅτε
3354 1693 3505 1746 οὐδὲν
3547 1693 3641 1746 ὐπ-

1980 1786 2255 1839 ελέλειπτο
2282 1785 2488 1848 λοιπὸν,
2515 1783 2650 1837 ἀλλά
2675 1783 2855 1835 πᾶσαν
2882 1778 3147 1832 ἐκένωσεν
3183 1780 3348 1834 αὐτοῦ
3379 1780 3477 1851 τὴν
3501 1780 3654 1851 ίσχῦν

1979 1876 2006 1926 ὁ
2027 1872 2311 1944 τύραννος,
2333 1874 2454 1926 τότε
2484 1872 2652 1937 ἔδειξε
2681 1870 2778 1940 τὴν
2812 1865 2979 1920 αὐτοῦ
3022 1866 3252 1941 δύναμιν
3296 1872 3324 1924 6
3358 1870 3489 1933 Θεὸς
3509 1908 3524 1933 ,
3559 1867 3654 1921 καὶ

1978 1962 2077 2033 τὴν
2109 1962 2218 2015 τῶν
2249 1961 2455 2016 παίδων
2482 1962 2779 2033 ὑπομονήν.
2826 1964 2990 2036 Ὁρᾷς
3014 1960 3207 2018 ὅτιδιά
3235 1958 3395 2012 τοῦτο
3418 1956 3654 2027 συνεχώ-

1981 2066 2146 2120 ρησεν
2167 2050 2196 2101 ὁ
2224 2049 2356 2111 Θε⁴ὸς
2394 2048 2554 2118 μέχρι
2584 2059 2607 2087 ο
2634 2050 2821 2112 τέλους
2842 2052 2940 2114 τὰς
2970 2050 3196 2119 θλίψεις,
3244 2048 3330 2101 ἵνα
3360 2044 3508 2115 δείξῃ
3541 2045 3654 2105 τοῖς

1979 2134 2385 2189 ἐπιϐουλεύουσι
2406 2137 2500 2187 καὶ
2523 2133 2620 2204 τὴν
2647 2135 2754 2188 τῶν
2778 2136 3279 2201 ἐπιϐουλευομένων
3307 2132 3651 2202 φιλοσοφίαν,

1979 2221 2076 2273 καὶ
2098 2220 2197 2290 τὴν
2224 2219 2389 2272 αὐτοῦ
2423 2239 2447 2271 τ
2466 2220 2705 2290 ρόνοιαν;
2738 2222 2917 2293 Ἀπερ
2944 2223 3229 2293 ἀμφότερα
3256 2220 3506 2281 κάκεῖνος
3534 2216 3653 2270 τότε

1982 2304 2165 2376 μαθὼν
2221 2306 2351 2358 ἐϐόα
2378 2322 2390 2334 ·
2454 2308 2519 2359 Οἱ
2584 2306 2794 2361 δοῦλοι
2847 2308 2955 2362 τοῦ
3018 2307 3165 2362 Θεοῦ
3208 2305 3313 2359 τοῦ
3360 2304 3651 2372 ὑψίστου,

1978 2394 2256 2458 ἐξέλθετε
2279 2393 2375 2446 καὶ
2409 2392 2602 2447 δεῦτε.
2642 2396 2713 2447 Συ
2748 2395 2806 2447 δέ
2841 2412 2930 2465 μοι
2969 2395 3162 2448 σκόπει
3186 2392 3295 2445 τῶν
3320 2391 3524 2445 παίδων
3555 2406 3653 2462 με·

1979 2478 2309 2549 γαλοψυχίαν
2329 2495 2342 2508 ·
2385 2476 2511 2530 οὔτε
2542 2479 2651 2550 γὰρ
2685 2480 2790 2549 πρὸ
2835 2480 2932 2549 τῆς
2961 2480 3146 2550 φωνῆς
3173 2476 3533 2548 ἐξεπήδησαν,
3567 2477 3656 2531 ῐνα

1982 2564 2056 2636 μὴ
2081 2565 2280 2638 νομίσῃ
2312 2582 2396 2628 τις
2428 2566 2625 2629 αὐτοὺς
2656 2567 2996 2637 πεφοϐῆσθαι
3031 2566 3050 2606 ί
3085 2568 3148 2620 τὸ
3181 2566 3320 2638 πῦρ,
3360 2564 3483 2618 οὔτε
3512 2564 3650 2631 κλη-

1980 2652 2165 2715 θέντες
2194 2651 2341 2705 ἔνδον
2368 2652 2590 2723 ἔμειναν
2611 2694 2624 2717 ,
2655 2654 2741 2706 ἴνα
2785 2654 2861 2725 μὴ
2888 2653 3157 2725 φιλότιμοι
3198 2670 3344 2716 τινες
3392 2647 3530 2705 εἶναι
3555 2651 3653 2705 καὶ

1981 2740 2272 2809 φιλόνεικοι
2287 2739 2531 2806 δόξωσιν.
2548 2741 2678 2794 Ὅτε
2695 2740 2917 2812 ἔμαθες,
2943 2742 3097 2810 φασὶ,
3115 2741 3259 2804 τίνος
3276 2740 3440 2811 ἐσμὲν
3458 2738 3653 2799 δοῦλοι,

1978 2826 2068 2878 ὅτε
2094 2826 2184 2879 τὸν
2202 2826 2478 2897 Δεσπότην
2504 2827 2660 2897 ήμῶν
2681 2829 2945 2896 ἐπέγνως,
2968 2830 3089 2882 τότε
3108 2827 3462 2900 ἐξερχόμεθα,
3486 2829 3657 2898 κήρυ⁹

1980 2930 2074 2976 κες
2105 2914 2349 2984 ἐσόμενοι
2368 2916 2479 2977 τοῖς
2502 2913 2766 2985 παροῦσιν
2785 2915 2956 2969 ἀπασι
2973 2916 3067 2987 τῆς
3083 2914 3176 2968 τοῦ
3194 2913 3331 2967 Θεοῦ
3352 2914 3652 2983 δυνάμεως.

1979 3001 2194 3055 Μᾶλλον
2224 3002 2280 3054 δὲ
2315 3002 2415 3054 οὑκ
2444 3002 2598 3054 αὐτοὶ
2630 3002 2808 3072 μόνον,
2854 3002 2990 3056 ἀλλὰ
3019 3002 3114 3056 καὶ
3138 3005 3166 3057 6
3201 3000 3459 3071 πολέμιος
3481 3002 3659 3073 οἰκείᾳ

1981 3092 2132 3160 φωνῇ
2155 3090 2247 3141 καὶ
2281 3089 2369 3143 διὰ
2398 3090 2495 3159 τῆς
2524 3089 2793 3160 γλώττης,
2814 3092 2906 3143 καὶ
2932 3091 3020 3145 διά
3048 3092 3151 3162 τῆς
3180 3092 3467 3162 ἐπιπολῆς
3492 3092 3659 3145 πᾶσιν

1980 3178 2335 3248 ἀνεκήρυττε,
2370 3178 2463 3230 καὶ
2486 3178 2584 3248 τὴν
2611 3176 2719 3231 τῶν
2749 3178 2995 3251 ἀθλητῶν
3023 3168 3293 3243 ἔνστασιν,
3326 3182 3420 3232 καὶ
3441 3179 3542 3248 τὴν
3562 3177 3659 3233 τοῦ

1980 3265 2315 3333 ἀγωνοθέτου
2338 3265 2509 3335 ἰσχύν.
2536 3266 2647 3318 Καὶ
2664 3265 2918 3337 καθάπερ
2944 3268 2993 3321 οἱ
3012 3268 3251 3337 κήρυκες
3270 3267 3396 3330 τοὺς
3420 3266 3659 3337 ἀθλητάς

1979 3351 2246 3415 νικῶντας
2273 3352 2697 3423 ἀναγορεύουσιν
2726 3354 2750 3393 ⁸
2778 3355 2836 3406 ἐν
2868 3353 3019 3424 μέσῳ
3044 3353 3121 3425 τῷ
3150 3353 3383 3427 θεάτρῳ,
3417 3354 3512 3407 καὶ
3542 3352 3658 3425 [81]

1978 3438 2076 3501 τάς
2106 3439 2287 3502 πόλεις
2317 3440 2494 3493 αὐτῶν
2523 3440 2799 3508 λέγουσιν·
2842 3442 2902 3494 Ὀ
2926 3441 3073 3495 δεῖνα
3105 3441 3267 3511 τῆσδε
3299 3442 3398 3512 τῆς
3423 3442 3657 3505 πόλεως·

1980 3525 2121 3578 οὕτω
2159 3528 2252 3579 καὶ
2294 3521 2449 3591 οὗτος
2495 3529 2615 3581 ἀντί⁵
2640 3529 2738 3599 τῆς
2784 3528 2991 3592 πόλεως
3024 3530 3115 3582 τὸν
3164 3531 3441 3600 Δεσπότην
3480 3530 3662 3583 αὐτῶν

1980 3612 2313 3683 ἀνεκήρυττε
2349 3613 2401 3677 ιι,
2445 3613 2709 3683 Σεδρὰχ,
2753 3616 3330 3684 Μισὰχ,Ὰϐδεναγὼ,
3367 3619 3422 3669 οί
3450 3616 3660 3670 δοῦλοι

1980 3699 2087 3753 τοῦ
2118 3700 2266 3753 Θεοῦ
2298 3698 2406 3753 τοῦ
2434 3701 2723 3769 ὑψίστου,
2750 3701 3026 3765 ἐξέλθετε
3056 3703 3154 3756 καί
3185 3702 3376 3756 δεῦτε.
3407 3703 3473 3757 Τί
3501 3702 3660 3771 γέγο-

1980 3803 2090 3850 νεν,
2125 3788 2208 3840 ὅτι
2239 3787 2457 3851 δούλους
2490 3788 2688 3851 αὐτοὺς
2723 3787 2909 3852 καλεῖς
2938 3788 3032 3843 τοῦ
3055 3788 3227 3855 Θεοῦ;
3256 3790 3375 3860 οὐχὶ
3409 3790 3491 3843 σοὶ
3519 3786 3661 3861 ἦσαν

1981 3873 2190 3937 δοῦλοι;
2233 3872 2393 3927 Ἀλλά
2421 3874 2726 3927 κατέλυσάν
2754 3891 2854 3945 μου
2905 3874 3004 3946 τὴν
3028 3875 3325 3945 βασιλείαν,
3348 3878 3501 3946 φησι,
3527 3894 3660 3930 κατ-

1983 3958 2263 4031 επάτησάν
2281 3976 2380 4030 μου
2399 3959 2491 4012 τὸν
2512 3958 2702 4028 τῦφον,
2724 3959 2927 4027 ἔδειξαν
2946 3960 3033 4014 διὰ
3050 3961 3159 4015 τῶν
3182 3962 3355 4033 ἔργων
3369 3962 3461 4016 τὸν
3485 3962 3661 4035 ἀληθῆ

1981 4048 2259 4117 Δεσπότην
2288 4045 2486 4101 αὐτῶν.
2521 4047 2583 4099 El
2615 4045 2920 4119 ἀνθρώπων
2942 4044 3086 4119 ἦσαν
3111 4048 3309 4113 δοῦλοι,
3342 4049 3444 4103 οὐκ
3474 4049 3541 4102 ἂν
3564 4051 3661 4102 αύ-

1981 4136 2108 4198 τοὺς
2139 4133 2378 4205 ἐφοϐήθη
2402 4134 2463 4187 τὸ
2499 4133 2629 4206 πῦρ,
2656 4135 2755 4188 οὐκ
2782 4135 2848 4190 ἂν
2883 4134 3279 4207 παρεχώρησεν
3313 4138 3347 4208 ή
3375 4136 3541 4205 φλόξ·
3568 4137 3664 4190 ἀν-

1984 4219 2218 4293 θρώπων
2250 4219 2360 4291 γάρ
2389 4219 2608 4285 δούλους
2640 4222 2674 4291 ή
2719 4221 2898 4285 κτίσις
2934 4223 3035 4275 οὐκ
3075 4218 3215 4275 οἶδεν
3257 4220 3522 4276 αἰδεῖσθαι
3566 4223 3665 4277 καὶ

1984 4309 2166 4379 τιμᾷν.
2200 4306 2301 4360 Διά
2319 4306 2479 4360 τοῦτο
2504 4307 2687 4373 πάλιν,
2721 4308 2907 4379 φησὶν,
2938 4310 3285 4380 Εὐλογητὸς
3316 4313 3349 4364 ό
3384 4309 3529 4377 Θεὸς
3553 4309 3664 4365 τοῦ

1977 4396 2242 4465 Σεδρὰχ,
2295 4394 2532 4464 Μισὰχ,
2574 4394 2917 4466 Ἀϐδεναγώ.
2966 4394 3038 4449 Σὺ
3078 4395 3135 4450 δέ
3178 4414 3268 4468 μοι
3307 4397 3498 4451 σκόπει
3545 4397 3664 4461 πῶς

1984 4479 2201 4550 πρῶτον
2254 4481 2621 4553 ἀνακηρύττει
2669 4481 2761 4534 τὸν
2808 4482 3183 4555 ἀγωνοθέτην·
3236 4483 3587 4555 Εὐλογητὸς
3628 4487 3665 4539 ὁ

1987 4568 2132 4634 Θεὸς
2160 4568 2226 4634 ὃς
2248 4567 2568 4623 ἀπέστειλε
2597 4569 2706 4622 τεν
2736 4569 2996 4641 ἄγγελον
3021 4571 3234 4634 αὐτοῦ,
3261 4574 3360 4628 καί
3395 4572 3662 4637 ἐξείλετο

1984 4655 2126 4722 τοὺς
2146 4654 2364 4720 παῖδας
2382 4655 2591 4712 αὐτοῦ.
2611 4656 2783 4710 Τοῦτο
2802 4658 2901 4730 τῆς
2919 4658 3200 4729 δυνάμεως
3219 4660 3314 4715 τοῦ
3340 4658 3474 4714 Θεοῦ
3496 4678 3509 4692 ·
3538 4660 3661 4714 είπέ

1984 4744 2079 4797 καὶ
2120 4742 2217 4815 τήν
2244 4742 2444 4814 ἀρετήν
2466 4742 2590 4797 ’τῶν
2635 4743 2885 4817 ἀθλητῶν
2908 4765 2923 4780 ο
2963 4746 3083 4800 Ὅτι
3116 4747 3542 4802 ἐπεποίθεισαν
3565 4746 3661 4800 ἐπ’

1983 4828 2175 4896 αὐτῷ,
2220 4830 2320 4884 καί
2353 4830 2705 4899 ήλλοίωσαν
2738 4832 2806 4887 τὸ
2827 4831 2997 4905 ῥῆμα
3036 4834 3145 4890 τοῦ
3179 4835 3508 4901 βασιλέως,
3558 4835 3657 4889 καί

1985 4916 2337 4986 παρέδωκαν
2357 4916 2430 4972 τὰ
2456 4918 2703 4987 σώματα
2721 4919 2940 4988 αὐτῶν,
2970 4920 3132 4989 ὅπως
3149 4921 3239 4992 μὴ
3277 4923 3653 4991 ,λατρεύσωσι

1986 5003 2144 5071 θεοῖς
2168 5006 2532 5074 ἀλλοτρίοις.
2555 5002 2705 5078 *Αρα
2752 5008 2805 5060 τί
2833 5009 3026 5077 γένοιτ’
3056 5008 3122 5061 ἂν
3145 5006 3345 5078 ἀρετῆς
3376 5007 3518 5072 ίσον;
3545 5005 3660 5079 Ιῐρδ

1985 5092 2197 5160 τούτου,
2223 5094 2315 5148 ὅτε
2342 5089 2516 5162 εἶπον,
2550 5095 2681 5162 Τοῖς
2706 5095 2860 5161 θεοῖς
2895 5111 3013 5148 σου
3042 5097 3113 5149 οὐ
3141 5096 3528 5164 λατρεύομεν,
3557 5093 3661 5165 τῆς

1986 5180 2219 5251 καμίνου
2255 5181 2637 5254 χαλεπώτερον
2683 5181 2917 5254 ἐξεκάη·
2952 5181 3047 5234 νῦν
3091 5181 3150 5235 δέ
3181 5182 3369 5255 ἐπειδὴ
3418 5181 3505 5236 διά
3552 5182 3661 5235 τῶν

1984 5270 2163 5340 ἔργων
2188 5268 2366 5323 αὐτῶν
2391 5269 2549 5322 τοῦτο
2574 5269 2919 5331 ἐπαίδευσαν,
2943 5269 3003 5322 ού
3035 5270 3194 5341 μόνον
3226 5270 3326 5324 οὐκ
3349 5270 3664 5341 ἠγανάκτη-

1987 5372 2099 5420 σεν,
2134 5355 2269 5410 ἀλλά
2309 5357 2403 5411 καὶ
2440 5356 2671 5428 ἐπῄνεσε
2715 5358 2809 5411 καὶ
2853 5355 3182 5428 ἐθαύμασεν,
3210 5358 3292 5411 ὃτι
3326 5357 3494 5414 αὑτοῦ
3521 5373 3664 5428 παρ-

1986 5443 2250 5514 ήκουσαν.
2274 5443 2542 5498 Τοσοῦτον
2564 5443 2731 5516 ἀρετὴ
2756 5444 2939 5510 καλὸν,
2957 5444 3039 5499 ὅτι
3067 5448 3160 5500 καὶ
3183 5446 3381 5509 αὐτους
3408 5447 3533 5508 τοὺς
3561 5462 3664 5498 πο-

1984 5529 2205 5602 λεμίους
2229 5530 2245 5571 ί
2277 5529 2390 5602 ἔχει
2414 5529 2735 5601 θαυμαστὰς
2758 5533 2851 5586 καὶ
2871 5533 3182 5596 ἐπαινέτας.
3216 5532 3439 5586 Ἐκεῖνοι
3465 5532 3664 5600 ἠγωνί-

2049 5616 2077 5695 «ξ
2220 5618 2661 5695 ρωλτιῳψΡψιο
2673 5621 2921 5691 ροςξοῦτιο
2939 5622 2997 5680 δή
3018 5621 3163 5695 όεςει
3175 5620 3225 5695 in
3236 5618 3524 5682 quibusdam
3546 5630 3665 5667 mss.

2053 5679 2075 5747 :
2098 5679 2477 5747 Alii.
2496 5680 2575 5729 διὰ
2599 5679 2688 5746 ms
2705 5680 2851 5732 τοτα
2873 5679 3110 5747 συγχωρεῖ
3132 5679 3288 5747 μέχρι.

2055 5736 2075 5775 ί
2106 5740 2217 5804 λιιι
2228 5736 2489 5804 φοϐεῖσθαί.

2052 5804 2078 5867 .‘
2096 5803 2297 5867 Quid!”
2317 5816 2433 5867 ωβε-

2050 5860 2080 5934 ξ
2106 5860 2213 5934 ῌοῃ
2240 5862 2377 5934 papci
2398 5877 2516 5934 aps.
2538 5860 2809 5933 ἆνὶκήρυειξ

2059 5925 2075 5966 ί
2106 5924 2208 5977 Alii
2236 5924 2572 5991 πολεμοῦντας.
