4070 6208
262 306 335 366 sa
1187 313 1277 368 an
1316 312 1636 370 renown
1675 296 2160 369 tm'tocusnuu
2224 312 2450 369 uouit.
2476 313 2581 369 rt.
3464 316 3533 374 ao

262 435 484 490 rannos,
504 437 659 494 reges
686 431 740 479 et
766 424 1033 494 principes
1055 427 1465 495 przutermittens
1507 428 1595 495 qui
1618 426 1715 480 sibi
1747 441 1844 496 pa-

261 522 629 577 ruerant,tres
658 514 897 585 captivos
925 524 979 570 et
1000 530 1200 581 servos,
1231 517 1319 586 qui
1341 517 1671 589 tyrannidem
1697 530 1845 571 suam

256 618 713 677 contempserant,
741 607 1031 664 admiratus
1077 618 1177 666 est.
1208 610 1321 665 Non
1353 611 1492 665 enim
1523 610 1849 665 contenden-

1960 430 2181 494 peceant
2208 424 2522 479 delictorum
2554 426 3038 483 communicatione
3068 442 3169 482 non
3195 429 3415 499 juvant,
3444 429 3536 496 qui

1956 531 2082 571 vero
2112 518 2257 571 recte
2296 517 2511 583 vivunt,
2552 529 2864 590 peccatores
2907 519 3281 575 condemnant.
3325 520 3533 576 Etenim

1953 605 2042 675 qui
2098 605 2371 662 Christum
2426 622 2534 663 non
2591 607 2931 673 cibaverant,
2983 623 3154 679 neque
3222 619 3533 679 putaverant
3595 620 3601 663 ς

256 706 379 762 tes,
431 698 526 754 sed
572 686 1010 770 philosophantes
1053 700 1168 757 haec
1215 700 1479 772 agebant,
1530 716 1702 772 neque
1754 714 1859 791 per:
1952 694 2164 765 (Matth.
2208 698 2298 756 25.
2352 699 2465 771 35),
2508 699 2660 754 multi
2712 709 2866 755 erant
2910 717 2925 753 :
2980 698 3075 755 sed
3128 698 3258 755 nihil
3295 699 3396 755 sibi
3444 700 3549 755 in-‘

253 792 643 861 arrogantiam,
678 792 772 847 sed
821 809 916 863 per
960 793 1268 863 religionem
1301 810 1313 845 :
1347 809 1454 847 non
1499 793 1743 867 superbia
1768 794 1846 847 in-

251 878 390 945 ﬂati,
419 880 515 937 sed
541 882 661 937 zelo
690 883 860 952 igniti.
886 883 1131 954 Magnum
1155 886 1349 940 etenim
1371 885 1567 939 bonum
1596 886 1647 939 in
1675 885 1842 939 Deum

250 986 478 1040 sperare
510 991 524 1027 :
583 973 729 1044 quod
755 974 967 1044 quidem
989 984 1041 1029 et
1065 974 1323 1051 barbarus
1369 975 1761 1040 animadvertit,
1791 984 1846 1031 et

249 1061 635 1116 demonstrans
662 1077 756 1118 eos
780 1062 903 1118 inde
929 1062 1215 1119 imminens
1244 1064 1491 1135 effugisse
1527 1065 1838 1136 periculum,

252 1152 607 1221 proclamavit
636 1170 652 1208 :
682 1153 930 1221 Quoniam
956 1155 1273 1225 conﬁderunt
1298 1156 1351 1209 in
1376 1172 1452 1210 eo.

325 1244 380 1298 6.
412 1244 539 1299 llaec
566 1252 741 1299 autem
775 1259 915 1319 nunc
947 1245 1088 1313 dico,
1118 1253 1173 1301 et
1201 1260 1388 1301 omnes
1422 1260 1649 1317 excerpo
1678 1246 1839 1301 histo-

248 1335 383 1401 rias,
416 1335 683 1405 inquibus
724 1338 1042 1392 tentatioues
1087 1346 1141 1392 et
1165 1353 1438 1406 mrumnm,
1460 1349 1514 1393 et
1542 1354 1723 1410 regum
1747 1339 1839 1394 irze

248 1433 307 1479 et
335 1426 542 1481 insidia:
567 1435 725 1489 sunt,
765 1438 820 1481 ut
847 1428 979 1482 nihil
1010 1428 1309 1496 timeamus,
1344 1428 1443 1483 nisi
1475 1430 1838 1485 tantummodo

248 1517 424 1572 Deum
446 1517 734 1574 oll‘endere.
764 1520 971 1575 Etenim
997 1529 1051 1575 et
1079 1530 1203 1577 tunc
1232 1506 1415 1577 ternas
1437 1537 1657 1578 accensa
1686 1530 1833 1589 erat;

248 1607 326 1662 illi
354 1623 484 1662 vero
510 1608 646 1663 hanc
676 1609 890 1679 quidem
933 1622 1386 1682 contempserunt,
1423 1622 1696 1683 peceatum
1743 1629 1836 1669 au-

250 1706 359 1752 tem
391 1698 679 1754 timuerunt
711 1716 724 1753 :
754 1709 1013 1755 noverant
1047 1702 1188 1757 enim
1230 1717 1290 1758 se
1333 1704 1580 1759 incensos
1618 1703 1833 1774 quidem

248 1789 385 1844 nihil
414 1806 575 1859 grave
614 1804 865 1861 passuros
909 1809 1049 1860 esse,
1090 1793 1249 1866 impie
1285 1810 1410 1852 vero
1445 1805 1693 1867 agentes,
1736 1814 1834 1854 ex-

246 1890 420 1935 trema
446 1882 739 1937 subituros.

321 1970 602 2028 Peccatum
642 1975 810 2046 ipsum
849 1994 1087 2049 magnum
1131 1979 1457 2051 supplicium.
1486 2011 1556 2022 —
1588 1976 1830 2053 Magnum

241 2063 391 2117 enim
427 2064 744 2133 supplicium
783 2081 1042 2136 peccare,
1086 2070 1246 2125 etiam
1288 2072 1331 2126 si
1360 2086 1465 2126 non
1491 2072 1826 2140 .puniamur:

238 2154 383 2210 sicut
405 2166 462 2210 et
497 2158 760 2212 maximus
790 2159 995 2226 honor,
1041 2161 1270 2217 maxima
1314 2160 1827 2232 tranquillitas‘cum

235 2245 444 2301 virtute
470 2246 683 2313 vivere,
717 2249 924 2325 etiamsi
954 2251 1254 2320 puniamur.
1281 2253 1503 2309 Peeeata
1547 2254 1689 2309 enim
1731 2267 1828 2310 nos

234 2348 266 2386 a
299 2333 417 2389 Deo
449 2346 723 2406 separant,
756 2339 895 2393 sicut
942 2348 999 2394 et
1035 2341 1147 2410 ipse
1189 2341 1358 2397 dicit:
1403 2341 1587 2397 Nonne
1627 2354 1828 2413 peccata

233 2436 413 2481 uestra
451 2439 687 2500 separant
718 2430 845 2484 inter
884 2447 970 2485 vos
997 2441 1043 2486 et
1080 2450 1159 2487 me
1206 2431 1355 2502 (Isai.
1387 2424 1478 2489 59.
1518 2430 1613 2505 2)?
1653 2450 1827 2505 pmnte

234 2522 373 2572 vero
396 2533 499 2572 nos
524 2520 589 2573 ad
619 2521 781 2575 Deum
814 2522 1108 2591 perducunt
1137 2540 1150 2576 :
1186 2523 1355 2593 inquit
1381 2525 1544 2585 enim,
1575 2523 1659 2577 Da
1683 2526 1826 2580 nobis

232 2624 439 2675 pacem,
485 2610 654 2663 omnia
698 2611 829 2664 enim
867 2611 1141 2666 retribuiin
1176 2613 1318 2668 nobis
1342 2614 1604 2687 (Isai.?.6.
1628 2615 1732 2678 12).
1766 2613 1822 2669 Si

231 2700 360 2767 quis
390 2700 585 2756 vultus
616 2701 827 2770 habeat,
860 2702 984 2772 quid
1022 2705 1214 2760 timere
1237 2714 1468 2775 oportet,
1498 2706 1723 2769 saniem,
1755 2720 1822 2759 an

230 2789 436 2845 medici
475 2792 802 2847 sectionem?
836 2793 1059 2860 ferrum,
1092 2810 1159 2850 an
1200 2796 1392 2851 ulceris
1419 2796 1823 2865 depastionem?

229 2880 524 2939 Peccatum
553 2883 730 2939 sanies
754 2893 836 2939 est
864 2907 877 2939 :
903 2899 1059 2953 poena
1092 2885 1289 2940 ferrum
1310 2886 1645 2942 mediciuale.
1674 2884 1841 2943 Sicut’

227 2966 400 3034 igitur
418 2973 509 3042 qui
531 2975 733 3028 saniem
762 2976 941 3042 habet,
963 2977 1062 3032 etsi
1083 2991 1189 3032 non
1210 2987 1440 3045 secetur,
1468 2979 1608 3035 male
1627 2978 1820 3035 habet:

227 3078 283 3118 et
318 3077 448 3118 cum
473 3080 580 3119 non
607 3075 840 3133 secatur,
875 3076 999 3121 tunc
1027 3076 1112 3122 est
1133 3069 1187 3123 in
1213 3067 1504 3139 majoribus
1531 3071 1722 3125 malis:
1748 3072 1821 3125 ita

226 3157 325 3224 qui
353 3165 565 3225 peccat,
608 3156 714 3211 etsi
755 3171 861 3212 non
891 3158 1163 3227 puniatur,
1190 3159 1428 3215 onmium
1458 3169 1541 3216 est
1583 3160 1822 3216 miserri-

227 3261 397 3301 mus:
441 3255 497 3301 et
528 3257 654 3302 tunc
686 3250 924 3305 maxime
963 3250 1147 3317 miser,
1195 3266 1318 3306 cum
1360 3266 1466 3306 non
1505 3254 1746 3322 punitur,
1767 3261 1822 3309 et

225 3351 399 3407 grave
426 3336 562 3391 nihil
590 3339 807 3406 patitur.
837 3339 904 3394 Et
930 3339 1066 3395 sicut
1092 3340 1279 3411 splene
1303 3349 1358 3396 et
1386 3341 1648 3399 intercute
1668 3342 1818 3401 labo-

227 3434 420 3481 rantes
435 3466 453 3488 ,
474 3442 595 3482 cunt
622 3429 763 3499 larga
787 3428 1032 3489 fruuntur
1052 3444 1259 3499 mensa,
1287 3439 1342 3488 et
1366 3429 1555 3502 frigida
1583 3432 1816 3501 potione,

223 3529 283 3574 et
330 3518 582 3573 delicatis
619 3520 922 3592 sapidisque
968 3520 1205 3588 ferculis,
1244 3530 1370 3576 tunc
1407 3522 1672 3591 pratcipue
1703 3536 1820 3577 om-

230 3611 381 3665 nium
407 3618 538 3664 sunt
577 3610 895 3679 miserrimi,
925 3611 1137 3668 deliciis
1161 3611 1406 3667 morbum
1446 3621 1703 3683 augentes
1727 3627 1741 3665 :
1772 3610 1823 3666 si

230 3716 367 3758 vero
405 3702 496 3757 siti
540 3711 597 3757 et
639 3701 778 3758 fame
802 3702 1094 3760 secundum
1140 3702 1467 3765 medicorum
1512 3702 1656 3773 leges
1698 3716 1821 3757 cru-

228 3794 472 3859 cientur,
501 3793 733 3863 aliquam
763 3792 951 3849 salutis
974 3808 1128 3864 spem
1153 3793 1353 3849 habent
1381 3811 1394 3847 :
1422 3792 1501 3848 sic
1542 3802 1601 3848 et
1625 3792 1678 3848 in
1714 3790 1818 3845 ini-

225 3884 442 3955 quitate
471 3884 734 3951 virentes,
775 3884 819 3938 si
846 3884 1132 3954 puniantur
1160 3883 1396 3955 quidem,
1433 3882 1627 3939 bonam
1666 3894 1819 3954 spem

224 3974 473 4040 habent,
524 3974 571 4030 si
608 3990 743 4030 vero
787 3990 905 4031 cum
942 3976 1219 4046 iniquitate
1261 3977 1473 4032 licentia
1514 3984 1571 4032 et
1617 3976 1820 4033 deliciis

221 4068 507 4136 fruantur,
556 4067 798 4139 bydrope
831 4067 1198 4125 laborantibus
1240 4068 1399 4123 simul
1445 4077 1500 4123 et
1534 4067 1818 4136 crapulan-

222 4158 377 4213 tibus
405 4166 538 4213 sunt
561 4159 728 4213 multo
753 4158 1080 4225 miseriores,
1111 4168 1165 4215 et
1213 4167 1361 4214 tanto
1406 4161 1596 4229 magis,
1619 4168 1827 4230 quanto

220 4262 465 4320 corpore
489 4248 683 4305 melior
709 4258 792 4304 est
813 4250 1010 4305 anima.
1041 4248 1098 4305 Si
1127 4251 1335 4321 aliquos
1362 4251 1523 4321 igitur
1549 4251 1602 4305 in
1632 4250 1818 4306 iisdem

217 4354 352 4396 esse
377 4340 619 4411 peccatis
648 4339 876 4406 videris,
908 4350 963 4396 et
988 4342 1088 4397 hos
1112 4341 1328 4412 quidem
1366 4340 1508 4397 fame
1544 4342 1816 4409 continua,

220 4439 287 4484 et
313 4428 619 4486 innumeris
664 4431 820 4486 malis
862 4431 1164 4488 laborantes
1185 4473 1199 4498 ,
1245 4433 1346 4488 hos
1370 4447 1498 4488 vero
1540 4433 1815 4501 ebriosos,

214 4523 561 4593 gaudentes,
591 4532 648 4580 et
674 4525 1048 4595 crapulautes,
1088 4540 1184 4582 eos
1207 4526 1299 4597 qui
1327 4528 1504 4597 gravia
1549 4528 1821 4598 patiantur

215 4611 501 4669 beatiores
521 4621 669 4683 pota.
699 4614 910 4671 Etenim
935 4615 1305 4672 delectationis
1333 4618 1543 4673 ﬂamma
1570 4620 1654 4672 his
1680 4635 1821 4673 teru-

209 4702 370 4758 mnis
382 4702 745 4771 interciditur,
761 4714 817 4762 et
833 4707 973 4776 apud
991 4705 1225 4764 futurum
1243 4707 1501 4778 judicium
1515 4718 1572 4763 et
1585 4710 1821 4766 terribile

209 4792 466 4849 tribunal
488 4793 619 4848 illud
653 4809 760 4850 non
795 4811 980 4866 parum
1007 4798 1390 4854 consolationis
1421 4797 1693 4870 capientes
1719 4801 1821 4854 mi-

202 4884 535 4955 grant,qnia
548 4885 711 4940 multa
722 4897 940 4958 peccata
954 4888 1077 4944 vitae
1089 4889 1243 4959 hujus
1253 4890 1506 4945 aerumnis
1516 4889 1815 4959 expiarunt.

292 4977 565 5033 Aduersus
582 4979 878 5049 juramenta
902 4997 994 5052 pro
1008 4998 1147 5038 more
1169 4982 1603 5054 (cgnitum—Sed
1623 4996 1817 5040 conso-

201 5067 445 5123 lationis
473 5069 647 5125 satis:
673 5070 785 5141 jam
822 5072 979 5129 nobis
1005 5073 1256 5145 deinceps
1283 5084 1495 5146 tempus
1525 5085 1607 5131 est
1638 5074 1706 5131 ad
1734 5075 1816 5130 fu-

197 5157 551 5229 giendorum
568 5161 916 5218 munitionem
939 5162 1362 5234 juramentorum
1393 5165 1734 5234 transeundi,
1762 5176 1823 5222 et

199 5248 452 5304 tollendi
481 5252 883 5310 excusationem
902 5292 920 5320 ,
951 5268 1071 5325 qua:
1088 5254 1395 5325 jurantibus
1421 5270 1543 5313 esse
1567 5257 1779 5313 videtur
1795 5299 1812 5325 ,

200 5337 481 5410 frigidam
508 5349 564 5396 et
590 5340 860 5400 inutilem.
889 5344 1102 5402 Etenim
1131 5361 1252 5403 cum
1288 5347 1434 5419 ipsos
1465 5362 1815 5416 accusamus,

98 5472 109 5477 ς
199 5434 365 5490 alio.
392 5433 553 5490 nobis
577 5434 724 5491 idem
768 5435 1025 5494 facientes
1062 5438 1353 5510 objiciunt,
1379 5447 1433 5494 et
1460 5439 1644 5513 dicunt
1674 5455 1688 5493 :
1719 5439 1816 5496 Ille

199 5539 265 5584 et
284 5527 393 5583 ille
405 5526 614 5597 iurant.
640 5527 891 5587 Dicamus
914 5530 1072 5601 igitur
1091 5530 1224 5602 ipsis
1245 5550 1259 5586 :
1286 5530 1393 5588 Sed
1416 5531 1505 5588 ille
1524 5546 1629 5588 non
1643 5530 1810 5602 jurat,

200 5617 375 5675 heus
395 5627 578 5675 suum
596 5633 784 5677 eorum
810 5621 905 5694 qui
930 5630 1075 5679 recte
1094 5631 1336 5701 egerunt,
1358 5624 1810 5697 comparationem

202 5713 375 5767 inter
406 5707 759 5783 iudicandum
797 5711 1044 5785 profert:
1075 5728 1200 5772 nam
1227 5723 1537 5787 peccatores
1579 5728 1673 5773 eos
1717 5712 1808 5787 qui

555 5807 821 5872 Ρλτιιοι..
866 5809 983 5872 Gn.
1034 5810 1252 5871 XLIX.

1951 788 2120 844 vicem
2180 792 2489 861 profuerunt
2540 808 2553 844 :
2608 792 2745 846 sicut
2792 805 2966 862 neque
3011 791 3245 863 virgines
3297 793 3543 863 qui‘uque‘

1948 876 2114 934 altera
2167 880 2235 935 ab
2299 881 2466 936 altera
2530 881 2691 935 ullam
2755 882 3069 937 invenerunt
3130 882 3381 949 veniam,
3435 883 3528 938 sed

1947 982 2057 1043 prae
2100 973 2183 1041 iis,
2227 975 2315 1045 qui
2359 960 2608 1030 recte'se
2640 980 2941 1046 gesserunt,
2984 985 3041 1030 et
3078 974 3160 1030 ha:
3205 983 3260 1030 et
3295 975 3368 1030 illi
3392 989 3522 1030 con-

1945 1062 2179 1121 demnati
2204 1077 2257 1122 et
2286 1068 2455 1136 puniti
2481 1075 2624 1123 sunt.
2661 1067 2743 1121 Ab
2780 1067 2878 1121 hac
2906 1068 3064 1138 igitur
3093 1066 3277 1137 frigida
3304 1082 3528 1123 excusa-

1947 1157 2091 1212 tione
2113 1158 2341 1219 liberati,
2367 1174 2433 1213 ne
2458 1159 2636 1228 lapsos
2658 1158 3029 1229 respiciamus,
3063 1158 3157 1213 sed
3184 1168 3328 1213 recte
3354 1168 3412 1213 se
3432 1173 3527 1228 ge-

1945 1256 2150 1316 rentes,
2183 1259 2233 1321 et
2264 1248 2569 1304 Studeamus
2609 1248 2884 1319 praesentis
2909 1248 3093 1319 jejuuii
3122 1259 3525 1308 monumentum

1941 1338 2162 1395 referre.
2206 1338 2274 1393 Et
2308 1341 2445 1394 sicut
2489 1354 2859 1410 sccpenumero
2897 1342 3277 1393 vestimentum
3321 1338 3522 1407 adepti,

1941 1429 2027 1484 vel
2070 1445 2303 1496 servum,
2342 1430 2428 1486 vel
2457 1445 2550 1485 vas
2580 1431 2893 1501 pretiosum,
2932 1429 3184 1499 temporis
3225 1428 3523 1484 reminisci-

1924 1536 2090 1589 ,mur,
2121 1531 2177 1577 et
2204 1530 2388 1576 mutuo
2417 1522 2680 1577 dicimus:
2720 1520 2942 1577 Servum
2986 1520 3134 1574 illum
3182 1519 3275 1574 tali
3320 1520 3520 1574 solent-

1940 1614 2104 1669 nitate
2120 1615 2245 1681 emi,
2268 1614 2643 1671 vestimentum
2675 1614 2778 1671 hoc
2802 1617 2889 1669 tati
2915 1612 3219 1682 comparavi
3242 1621 3480 1682 tempore
3503 1629 3516 1666 :

1938 1703 2011 1758 ita
2038 1719 2247 1776 quoque
2283 1706 2325 1760 si
2367 1706 2537 1777 legem
2590 1706 2727 1761 hanc
2767 1706 3195 1776 impleverimus,
3240 1704 3516 1760 dicemus:

1937 1794 2304 1851 Juramentuxn
2361 1797 2460 1852 hac
2501 1798 2713 1852 correxi
2762 1796 3210 1867 Quadragesima;
3257 1794 3518 1850 hactenus

1936 1886 2076 1943 enim
2114 1886 2380 1956 jurabam,
2410 1896 2466 1943 et
2500 1888 2612 1943 sola
2651 1887 3011 1942 admonitione
3050 1884 3227 1940 audita
3251 1926 3265 1951 ,
3301 1895 3519 1955 peccato

1934 1978 2185 2034 abstinui.
2211 1978 2315 2035 Sed
2366 1994 2451 2033 res
2494 1989 2578 2034 cst
2616 1986 2859 2033 eorrectu
2900 1972 3131 2032 difﬁcilis
3164 1974 3515 2031 consuetudo.

1934 2071 2064 2128 Novi
2084 2083 2139 2128 et
2163 2087 2283 2143 ego,
2311 2081 2365 2128 et
2391 2079 2669 2143 propterea
2696 2071 2892 2126 festino
2917 2084 3013 2124 vos
3043 2070 3098 2123 in
3115 2069 3271 2123 aliam
3293 2072 3518 2123 censue;

1935 2161 2169 2218 tudinem
2198 2163 2391 2217 bonam
2421 2173 2475 2219 et
2514 2163 2718 2218 lucrum
2755 2162 3038 2217 habentem
3077 2160 3350 2216 inducere.
3377 2159 3511 2215 Cum

1932 2246 2075 2310 enim
2140 2254 2378 2320 dixeris,
2449 2254 2667 2310 difﬁcile
2723 2269 2752 2308 a
2818 2252 3213 2309 consuetudine
3275 2251 3505 2313 desisto,

1932 2354 2212 2415 propterea
2270 2345 2533 2402 desistere
2597 2345 2814 2414 labora,
2865 2353 3015 2400 certo
3075 2343 3288 2411 sciens,
3365 2341 3509 2412 quod

1888 2434 1974 2491 ’si
2019 2436 2112 2491 tibi
2154 2435 2310 2491 aliam
2364 2451 2470 2491 non
2531 2434 2747 2507 jurandi
2807 2432 3249 2490 consuetudinem
3302 2432 3511 2488 indixe-

1928 2524 2037 2591 ris,
2090 2525 2289 2580 nullius
2332 2526 2531 2582 laboris
2572 2524 2804 2597 amplius
2854 2524 3134 2596 indigebis.
3185 2523 3323 2592 Quid
3367 2522 3509 2579 dim-

1927 2617 2103 2685 cilius,
2143 2632 2246 2672 non
2273 2617 2475 2688 jnrare,
2507 2632 2572 2672 an
2603 2633 2698 2688 per
2735 2628 2902 2673 totum
2930 2618 3071 2673 diem
3120 2616 3350 2672 inediam
3402 2616 3510 2687 pati

1927 2716 1980 2760 et
2008 2721 2157 2776 aqua:
2198 2718 2323 2778 potu
2348 2717 2413 2764 et'
2438 2710 2581 2763 tenui
2619 2709 2758 2763 victu
2801 2708 3025 2764 siccari?
3050 2706 3266 2764 Certum
3289 2714 3375 2763 est
3407 2706 3510 2762 hoc

1926 2796 2018 2851 illo
2046 2798 2257 2867 gravius
2283 2813 2435 2866 esse;
2465 2798 2557 2855 sed
2594 2809 2768 2854 tamen
2808 2799 3136 2854 consuetudo
3177 2814 3265 2855 res
3293 2807 3377 2854 est
3402 2808 3507 2854 tam

1924 2886 2095 2944 facilis
2121 2897 2175 2944 et
2202 2883 2467 2959 expedita,
2496 2901 2552 2946 ut
2580 2891 2896 2947 adveniente
2918 2891 3153 2961 jejunio,
3186 2892 3284 2947 etsi
3316 2892 3509 2948 millies

1925 2976 2043 3047 quis
2068 2977 2411 3046 exhortetur,
2452 2988 2504 3036 et
2538 2989 2691 3050 cogat
2734 2980 2923 3034 vinum
2950 2980 3213 3047 delibare,
3243 2979 3328 3036 vel
3364 2980 3506 3035 aliud

1923 3066 2047 3137 quid
2070 3067 2257 3137 jejunii
2287 3067 2403 3140 lege
2430 3083 2535 3125 non
2564 3084 2875 3125 concessum
2900 3078 3134 3139 gustare,
3176 3070 3354 3125 onmia
3390 3070 3509 3141 quis

1922 3158 2108 3213 mallet
2133 3158 2262 3227 pati,
2292 3173 2450 3228 quam
2481 3159 2801 3230 prohibitum
2827 3173 3040 3214 sumere
3080 3160 3465 3215 nutrimentum
3491 3177 3505 3214 :

1923 3258 1977 3303 et
2013 3248 2116 3304 hoc
2139 3264 2260 3306 cum
2280 3265 2387 3307 non
2417 3251 2686 3306 illibenter
2703 3266 2827 3322 erga
2849 3265 3087 3307 mensam
3117 3250 3293 3305 alit-eti
3316 3250 3506 3316 simus,

1923 3348 2099 3396 tamen
2132 3351 2352 3412 propter
2390 3342 2831 3397 consuetudinem
2873 3356 2939 3398 ex
2963 3342 3287 3398 conscientia
3325 3341 3504 3396 omnia

1921 3445 2182 3501 generose
2208 3432 2427 3487 ferimus
2447 3432 2755 3488 laborando.
2799 3432 2912 3487 lloc
2929 3433 3179 3489 nimirum
3193 3440 3248 3488 et
3278 3431 3332 3487 in
3356 3431 3505 3501 jura-

1921 3521 2118 3579 mentis
2144 3523 2284 3577 erit:
2313 3532 2370 3578 et
2404 3523 2544 3581 sicut
2571 3540 2746 3591 nunc,
2778 3524 2824 3579 si
2859 3525 2979 3596 quis
3019 3525 3179 3579 etiam
3221 3524 3505 3597 maximam

1922 3615 2296 3670 necessitatem
2319 3615 2595 3686 imponat,
2619 3630 2901 3686 permancs
2932 3615 3368 3671 consuetudinem
3393 3630 3509 3671 ser-

1921 3719 2052 3759 vans
2088 3700 2211 3760 :sic
2250 3714 2304 3759 et
2331 3714 2478 3773 tunc,
2510 3706 2557 3761 si
2593 3706 2713 3776 quis
2746 3707 2908 3761 etiam
2943 3706 3138 3762 millies
3173 3706 3503 3768 exbortetur.

1920 3809 1955 3850 a
1976 3794 2363 3852 consuetudine
2384 3810 2489 3850 non
2511 3796 2757 3851 absistes.

1999 3887 2052 3940 7.
2078 3884 2305 3942 Domum
2348 3886 2508 3957 igitur
2554 3885 2840 3957 proiectus,
2873 3887 3122 3943 omnibus
3156 3886 3275 3943 inec
3316 3888 3504 3944 dome-

1920 3978 2071 4034 sticis
2093 3978 2313 4049 loquere
2340 3994 2357 4033 :
2385 3987 2445 4033 et
2468 3980 2606 4034 sicut
2630 3993 2774 4049 sirpe
2795 3979 2946 4033 multi
2974 3994 3042 4034 cx
3072 3986 3230 4049 prato
3252 3978 3509 4035 receden-

1921 4075 2031 4133 tes,
2054 4082 2231 4124 rosam
2262 4068 2349 4124 vel
2391 4069 2581 4123 violam
2623 4070 2706 4124 vel
2742 4070 3045 4139 quempiam
3091 4070 3273 4124 talium
3312 4068 3506 4125 ﬂorum

1921 4158 2158 4229 capiunt,
2185 4167 2241 4214 et
2265 4157 2449 4229 digitis
2475 4152 2910 4214 ciicumierentes
2936 4159 3193 4214 recedunt
3222 4176 3236 4214 :
3265 4160 3355 4214 alii
3381 4172 3507 4215 vero

1921 4264 1989 4304 ex
2008 4248 2267 4305 viridario
2280 4249 2498 4305 domum
2520 4250 2797 4316 abeuntes,
2820 4250 3071 4305 arborum
3093 4265 3273 4305 ramos
3299 4249 3506 4306 {uictus

1921 4339 2181 4398 habentes
2230 4349 2507 4410 reportant
2552 4358 2566 4396 :
2619 4340 2708 4394 alii
2764 4354 2977 4395 rursum
3025 4355 3055 4395 a
3109 4340 3271 4396 lautis
3312 4341 3504 4406 eteius,

1921 4445 2122 4487 mensae
2148 4430 2401 4500 reliquias
2420 4431 2739 4487 necessariis
2763 4431 2880 4486 suis
2904 4430 3140 4487 referunt
3163 4448 3177 4485 :
3209 4431 3288 4488 sic
3323 4432 3509 4502 utique

1920 4533 1975 4580 et
2017 4532 2073 4579 tu
2116 4523 2243 4578 hinc
2292 4522 2571 4587 recedens,
2613 4522 3032 4578 admonitionem
3078 4532 3291 4595 reporta
3346 4523 3504 4587 ﬁliis,
3570 4530 3585 4543 ’

1923 4616 2096 4681 uxori,
2128 4616 2450 4672 necessariis
2475 4616 2739 4670 omnibus.
2774 4613 2901 4671 Haec
2934 4616 3081 4670 enim
3107 4615 3420 4679 admonitio,
3453 4622 3506 4669 et

1922 4715 2097 4778 prato,
2118 4716 2176 4763 et
2213 4706 2489 4773 viridario,
2534 4716 2591 4762 et
2618 4722 2802 4763 mensa
2840 4707 3023 4763 utilior
3065 4717 3186 4764 est:
3228 4709 3309 4763 ha:
3344 4723 3503 4763 num-

1920 4815 2081 4871 quam
2099 4813 2237 4855 rosat
2256 4809 2611 4866 marcescunt,
2641 4799 2694 4854 hi
2713 4816 2999 4872 numquam
3019 4799 3259 4855 deﬂuunt
3278 4798 3502 4867 (rudus,

1920 4889 2039 4946 brec
2061 4903 2348 4959 numquam
2374 4888 2572 4945 fercula
2601 4899 3049 4960 corrumpuntur:
3076 4898 3133 4945 ct
3150 4905 3226 4946 ex
3255 4889 3361 4944 illis
3388 4889 3505 4959 qui-

1922 4980 2043 5037 dem
2074 4980 2381 5052 temporalis
2416 4979 2721 5046 delectatio,
2747 4996 2811 5037 es
2853 4981 2936 5036 his
2958 4996 3087 5036 vero
3114 4980 3364 5036 continua
3392 4978 3502 5033 uti-

1922 5070 2073 5138 litas,
2114 5086 2221 5126 non
2259 5078 2461 5125 tantum
2497 5081 2776 5141 postquam
2820 5070 3106 5139 adimpleta
3145 5068 3367 5137 fuerint,
3407 5068 3503 5124 sed

1921 5164 2083 5219 etiam
2108 5161 2235 5218 dum
2269 5162 2644 5233 adimplentur.
2675 5161 2858 5234 Cogita
2894 5163 3038 5219 enim
3079 5162 3236 5231 quale
3274 5171 3378 5228 est,
3413 5176 3502 5216 re-

1922 5252 2082 5323 liquis
2102 5252 2349 5308 omnibus
2373 5252 2587 5309 omissis
2613 5252 2838 5323 publicis
2857 5262 2912 5307 et
2936 5251 3178 5322 privatis,
3210 5250 3279 5307 de
3307 5250 3503 5307 divinis

1921 5356 2136 5414 semper
2162 5343 2366 5414 legibus
2402 5343 2698 5412 disserere,
2726 5352 2780 5399 et
2806 5343 2871 5398 ad
2899 5355 3160 5411 mensam,
3192 5354 3245 5400 et
3278 5343 3331 5399 in
3365 5338 3500 5413 foro,

1918 5446 1976 5493 et
2012 5437 2067 5494 in
2091 5436 2214 5493 aliis
2249 5437 2654 5493 conventiculis.
2681 5436 2738 5491 Si
2766 5436 2850 5492 his
2890 5451 3162 5503 vacemus,
3192 5435 3324 5494 nihil
3348 5436 3498 5493 dice-

1917 5545 2038 5586 mus
2064 5530 2445 5602 periculosum,
2475 5529 2606 5585 nihil
2641 5528 2880 5597 noxium,
2913 5540 3014 5586 nec
3058 5529 3207 5586 inviti
3250 5527 3500 5602 peccabi-

1914 5634 2071 5688 mns;
2099 5621 2198 5678 sed
2220 5630 2276 5678 et
2297 5621 2610 5678 imminente
2631 5619 2842 5677 tristitia
2860 5620 3293 5679 sermocinationi
3323 5618 3392 5676 de
3412 5617 3497 5672 bis

1919 5719 2190 5785 vacantes,
2212 5712 2444 5770 animam
2470 5712 2699 5771 liberare
2717 5712 3033 5787 poterimus,
3052 5712 3216 5767 missa
3234 5724 3362 5767 cura
3387 5707 3499 5771 illa.
