4070 6208
513 258 573 314 9i
907 292 910 297 ο
1239 258 1296 315 S.
1337 257 1616 316 .lOANNIS
1654 254 2130 316 CIIRYSOSTOMI
2168 251 2483 312 ARCHIEP.
2513 253 3047 317 CONSTANTINOP.
3733 266 3798 323 92

519 386 625 440 qua
668 369 881 427 solliciti
928 378 1112 425 mutuo
1161 371 1603 427 sciscitabamur:
1644 368 1913 440 Numquid
1960 376 2109 440 gesta

521 460 817 531 imperator
844 460 1084 514 audivit?
1113 475 1179 513 an
1222 460 1460 515 irritatus
1503 460 1622 516 est?
1651 458 1777 531 quid
1822 472 1949 514 vero
1983 472 2111 514 sen-

524 554 704 609 tentia:
751 552 1150 623 pronuntiavit?
1196 553 1454 624 numquid
1499 554 1670 624 ipsum
1716 553 1978 624 quispiam
2021 566 2115 607 ex-

526 645 735 699 oravit?
750 643 1003 713 numquid
1030 659 1158 699 vero
1182 642 1313 699 feret
1339 644 1452 713 ipse
1478 652 1583 697 tam
1606 659 1849 713 magnam
1871 652 1925 698 et
1950 658 2115 712 popu-

529 736 697 791 losam
738 734 976 789 funditus
1015 735 1285 790 civitatem
1331 734 1590 804 perdere?
1630 735 1755 789 Haec
1800 733 2013 804 quidem
2062 742 2116 789 et

515 826 698 881 omnia
732 827 856 881 talia
886 827 939 881 in
960 826 1129 881 Deum
1153 827 1519 898 projicientes,
1547 826 1714 897 ipsius
1733 834 1937 881 tantum
1960 841 2114 880 man-

516 919 638 973 data
651 934 902 974 curemus
922 937 935 973 :
961 920 1038 975 sic
1055 920 1197 975 enim
1222 928 1280 975 et
1295 919 1381 973 illa
1394 920 1572 974 omnia
1589 919 1943 974 dissolvcmus
1963 935 1978 983 ;
1998 927 2052 973 et
2072 917 2117 973 si

518 1012 603 1067 vel
620 1012 803 1068 decem
819 1022 1022 1067 tantum
1040 1013 1092 1067 in
1109 1012 1259 1068 nobis
1277 1022 1421 1068 recte
1436 1013 1662 1083 egerint,
1679 1011 1825 1067 brevi
1840 1012 1916 1066 illi
1932 1011 2118 1065 decem

519 1103 706 1173 viginti
742 1103 901 1170 ﬁent;
930 1104 1113 1174 viginti
1144 1104 1523 1175 quinquaginta
1549 1145 1563 1169 ,
1582 1102 1959 1173 quinquaginta
1993 1116 2121 1156 cen-

522 1202 656 1260 tum,
684 1202 895 1249 centum
919 1194 1085 1261 mille,
1118 1194 1262 1249 mille
1289 1202 1398 1249 tota
1433 1194 1638 1249 civitas.
1664 1193 1732 1249 Et
1760 1194 1898 1249 sicut
1933 1191 2118 1248 decem

519 1284 763 1340 accensis
806 1284 1038 1339 lucernis
1063 1299 1278 1339 omnem
1310 1284 1530 1340 domum
1569 1280 1770 1339 lumine
1806 1281 1961 1338 facile
2000 1283 2120 1353 quis

527 1374 753 1445 implere
796 1375 993 1443 poterit
1032 1393 1046 1429 :
1089 1376 1167 1429 sic
1208 1383 1264 1431 et
1307 1375 1360 1430 in
1400 1374 1593 1430 ofﬁciis
1634 1373 2027 1444 spiritualihus,
2074 1373 2119 1427 si

526 1463 712 1520 decem
739 1464 841 1519 soli
868 1474 1015 1520 recte
1044 1465 1250 1535 egerint
1270 1506 1286 1532 ,
1314 1480 1497 1536 pyram
1528 1479 1623 1534 per
1655 1473 1817 1519 totam
1848 1465 2118 1519 civitatem

526 1554 873 1611 incendemus
895 1555 1181 1611 habentem
1204 1556 1406 1620 lumen,
1426 1564 1480 1611 et
1500 1556 1839 1611 securitatem
1864 1556 2019 1610 nobis
2038 1554 2119 1609 af-

524 1643 809 1701 ferentem.
834 1645 950 1701 Non
981 1647 1126 1701 enim
1156 1646 1235 1702 sic
1266 1646 1495 1702 ﬂamma:
1531 1655 1718 1701 natura
1750 1646 1803 1701 in
1840 1649 2121 1702 materiam

529 1740 746 1811 delapsa
786 1743 957 1797 vicina
1000 1758 1213 1814 semper
1252 1744 1394 1814 ligna
1437 1746 1697 1812 incendit,
1734 1746 1872 1800 sicut
1912 1746 2122 1801 virtutis

526 1832 676 1887 zelus
717 1833 769 1887 in
798 1848 994 1903 paucas
1036 1835 1217 1905 lapsus
1256 1837 1495 1902 animas,
1539 1836 1738 1893 sensim
1784 1836 2123 1908 procedendo

526 1938 739 1979 omnem
776 1924 1001 1994 implere
1042 1926 1311 1981 civitatem
1345 1927 1563 1997 poterit.
1607 1928 1735 1982 Date
1781 1927 1960 1998 itaque
1991 1928 2121 1983 mihi

525 2024 583 2067 ut
617 2012 685 2069 de
722 2014 879 2069 vobis
904 2016 1137 2085 glorier,
1165 2026 1217 2072 et
1250 2017 1302 2071 in
1332 2018 1583 2089 praesenti
1610 2019 1739 2085 vita,
1770 2028 1824 2074 et
1854 2019 1908 2073 in
1945 2018 2123 2075 futuro

526 2103 634 2167 die,
662 2119 771 2175 quo
801 2105 1001 2161 talenta
1025 2106 1282 2163 habentes
1306 2108 1508 2164 credita
1538 2109 1944 2165 introducentur
1967 2127 1981 2166 :
2005 2110 2122 2166 suf-

527 2194 713 2249 ﬁciens
740 2194 871 2250 mihi
897 2195 1141 2252 laborum
1171 2212 1379 2253 merces
1396 2207 1572 2256 vestra
1600 2201 1837 2267 claritas,
1867 2211 1922 2257 et
1950 2204 1995 2258 si
2020 2217 2117 2257 vos

536 2304 660 2344 cum
697 2290 892 2360 pietate
933 2293 1175 2347 viventes
1219 2292 1436 2361 videro,
1485 2302 1654 2349 totum
1694 2296 1894 2365 recepi.
1938 2296 2119 2351 Facite

525 2495 696 2550 QUOD
729 2498 1063 2541 τιιιετιτιιε
1106 2500 1427 2544 Διτιτεατυε
1468 2501 1729 2544 TANTUM
1765 2503 1849 2544 AD
1890 2502 2122 2545 PECCA'I'

2228 2501 2728 2545 DESTRUCTIONEM
2773 2502 2873 2545 SIT
2916 2502 3117 2545 UTILIS

2220 367 2378 439 igitur
2399 367 2545 439 quod
2569 376 2625 425 et
2650 368 2764 425 heri
2790 370 3078 439 admonui,
3107 379 3164 427 et
3185 370 3346 427 hodie
3368 369 3565 439 dicam,
3594 388 3697 431 nec
3723 376 3800 430 di-

2215 472 2345 514 cens
2365 458 2637 529 quiescam
2667 478 2681 514 :
2706 469 2891 515 contra
2914 462 3154 531 jurantes
3176 460 3431 519 mulctam
3456 463 3799 533 deﬁnientes,

2217 551 2471 606 mulctam
2500 552 2726 616 lucrum,
2760 567 2866 608 non
2895 555 3146 609 damnum
3181 554 3465 611 habentem
3490 574 3504 610 :
3535 573 3799 627 praepara-

2217 642 2348 695 mini
2374 642 2483 712 jam
2522 651 2789 713 tamquam
2826 645 2980 699 nobis
3008 644 3277 714 profectus
3313 647 3682 715 probationem
3711 648 3803 703 da-

2219 733 2343 786 turi.
2374 732 2621 788 Conabor
2645 735 2840 789 etenim
2869 736 3008 805 apud
3035 752 3299 806 quemque
3326 746 3560 793 vestrum
3592 739 3802 809 longum

2219 824 2533 893 protrahere
2572 840 2871 880 sermonem
2914 826 3133 881 dimissa
3178 827 3281 882 hac
3323 830 3613 897 concione,
3664 840 3719 883 ut
3754 831 3803 884 in

2221 916 2506 969 verborum
2554 915 2881 986 longitudine
2920 917 3233 974 emendatos
3274 919 3540 975 inveniam
3567 922 3623 973 ιε
3669 931 3723 975 et
3762 923 3805 977 si

2220 1020 2377 1074 quem
2399 1005 2671 1075 jurantem
2698 1007 2905 1073 videro,
2930 1008 3180 1064 omnibus
3202 1010 3498 1065 emendatis
3519 1012 3692 1081 ipsum
3714 1013 3807 1067 de-

2221 1097 2443 1163 clarem,
2475 1106 2532 1151 ut
2558 1099 2917 1169 increpantes,
2945 1109 3251 1171 arguentes,
3277 1104 3628 1172 corrigentes,
3661 1105 3807 1159 brevi

2224 1186 2397 1257 ipsum
2416 1189 2552 1243 mala
2578 1189 2867 1245 liberemus
2886 1192 3293 1247 consuetudine.
3314 1193 3500 1249 Melius
3514 1203 3595 1248 est
3609 1196 3807 1249 ctenim

2223 1277 2310 1331 hic
2338 1278 2719 1347 exprobratum
2749 1281 2967 1350 corrigi,
3000 1296 3158 1351 quam
3194 1282 3283 1337 die
3314 1283 3399 1337 illa
3439 1284 3646 1353 palam,
3671 1300 3810 1354 pra:-

2222 1380 2376 1427 sente
2416 1380 2528 1427 toto
2572 1371 2800 1439 mundo,
2845 1375 3102 1429 confundi
3133 1385 3291 1446 atque
3335 1377 3532 1446 puniri,
3575 1379 3810 1445 peccatis

2224 1462 2426 1517 nostris
2456 1462 2557 1517 sub
2582 1464 2819 1517 omnium
2864 1475 3083 1534 aspectu
3114 1467 3383 1521 revelatis.
3416 1467 3519 1522 Sed
3551 1467 3725 1533 absit,
3754 1480 3813 1523 ut

2223 1555 2504 1625 quisquam
2535 1571 2602 1610 ex
2632 1556 2730 1611 hac
2779 1556 3004 1612 honesta
3030 1560 3292 1613 concione
3319 1560 3443 1613 talia
3470 1560 3672 1629 patiens
3702 1561 3811 1614 illic

2226 1656 2498 1715 appareat,
2530 1662 2713 1701 verum
2736 1657 3041 1702 sanctorum
3071 1659 3280 1719 patrum
3312 1650 3557 1718 precibus
3587 1661 3808 1719 peccata

2226 1737 2559 1807 corrigentes
2600 1740 2808 1804 omnia,
2840 1740 3169 1809 multumque
3201 1742 3414 1796 virtutis
3452 1741 3680 1796 fructum
3720 1758 3815 1796 ex-

2225 1826 2492 1894 hibentes,
2520 1844 2639 1882 cum
2666 1829 2831 1883 multa
2858 1829 2982 1885 hine
3008 1830 3198 1884 ﬁducia
3224 1834 3533 1901 migremus,
3561 1833 3733 1902 gratia
3761 1841 3811 1886 et

2224 1929 2280 1975 et
2303 1922 2633 1992 benignitate
2664 1922 2871 1976 Domini
2910 1923 3080 1977 nostri
3110 1922 3238 1978 Jesu
3263 1924 3500 1993 Christi,
3532 1941 3624 1996 per
3652 1941 3813 1995 quem

2226 2020 2427 2069 etcum
2455 2029 2561 2084 quo
2605 2014 2746 2069 Patri
2784 2015 2953 2085 gloria
2980 2031 3083 2071 una
3119 2032 3241 2071 cum
3287 2026 3472 2073 sancto
3512 2018 3715 2089 Spiritu
3760 2019 3813 2073 in

2229 2106 2423 2161 saacula
2448 2106 2787 2162 saeculorum.
2821 2108 3009 2163 Amen.

2294 2260 2311 2292 ³
2347 2258 2488 2310 Savil.
2513 2260 2662 2321 addit,
2685 2266 2730 2311 et
2752 2274 2846 2311 non
2866 2264 3161 2313 emendatos.

3164 2504 3180 2543 :
3228 2503 3309 2545 ΕΤ
3356 2502 3552 2547 summ
3596 2504 3815 2561 ILLUD,

606 2595 673 2638 IN
716 2596 1033 2640 PRINCIPIO
1074 2596 1262 2641 FECIT
1304 2598 1464 2642 DEUS
1505 2599 1734 2644 ρεισκε
1777 2600 1860 2642 ΕΤ
1901 2600 2186 2657 TEIIIIAM,
2267 2601 2349 2642 ET
2414 2600 2586 2653 QUOD
2650 2601 2906 2645 MAXIMA
2977 2602 3461 2649 CONSOLATIONIS
3528 2605 3819 2649 MATERIA

605 2696 980 2742 CIIEATIONIS
1026 2700 1385 2744 APPAIATUS

1431 2702 1447 2741 :
1496 2702 1578 2744 ετ
1618 2701 1817 2746 sorua
1848 2702 2060 2760 ILLUD,
2106 2704 2308 2756 ADAM,
2356 2702 2461 2746 unt
2506 2686 2622 2747 ss?
2660 2703 2741 2745 ar
2782 2704 2866 2745 ne
2908 2703 3033 2747 NON
3075 2704 3367 2749 acuum
3410 2690 3451 2723 ⁸’

2079 2824 2339 2881 0W0

1142 2975 1363 3018 IIOIIILIA
1399 2976 1492 3017 VII.

604 3136 655 3191 ί.
695 3133 856 3190 Multa
894 3135 1108 3207 quidem
1146 3145 1201 3194 et
1238 3136 1306 3193 de
1346 3137 1530 3194 multis
1559 3136 1674 3195 heri
1705 3139 1845 3210 apud
1885 3149 2118 3195 vestram

531 3223 761 3281 disserui
801 3227 1250 3284 charitatem:de
1269 3228 1448 3283 multis
1491 3243 1620 3284 vero
1659 3228 1704 3283 si
1748 3230 1926 3285 omnia
1970 3230 2122 3285 vobis

539 3314 773 3372 retinere
812 3317 954 3372 haud
993 3327 1075 3373 est
1111 3318 1295 3385 facile,
1328 3318 1459 3374 illud
1492 3319 1729 3374 omnium
1767 3320 1999 3375 maxime
2026 3335 2122 3376 vos

534 3405 842 3462 meminisse
886 3422 1016 3479 rogo
1037 3447 1056 3475 ,
1083 3408 1225 3478 quod
1262 3409 1527 3464 tristitiam
1572 3410 1724 3465 nobis
1754 3410 1891 3465 Deus
1918 3425 2023 3465 non
2053 3411 2123 3466 ob

532 3497 677 3553 aliud
704 3497 986 3566 indiderit,
1014 3499 1116 3555 nisi
1141 3510 1360 3571 propter
1384 3501 1559 3556 solum
1592 3510 1863 3571 peccatum
1888 3542 1903 3565 ,
1932 3511 1985 3556 et
2016 3501 2119 3558 hoc

541 3602 639 3658 per
663 3588 831 3659 ipsam
862 3604 1041 3645 rerum
1067 3592 1451 3661 experientiam
1480 3591 1917 3647 manifestaverit.
1944 3591 2001 3646 In
2028 3609 2123 3662 pe-

535 3680 813 3735 cuniarum
841 3681 984 3736 enim
1014 3680 1211 3736 mulcta
1236 3722 1252 3748 ,
1287 3690 1343 3737 et
1369 3692 1541 3737 morte
1561 3723 1576 3748 ,
1607 3691 1661 3737 et
1684 3682 1997 3752 azgritudine
2022 3725 2038 3750 ,
2069 3693 2126 3739 et

540 3770 659 3825 aliis
686 3771 839 3827 nobis
866 3771 1231 3842 ingruentibus
1258 3771 1517 3828 molestiis
1542 3772 1787 3829 dolentes
1815 3782 1869 3828 et
1892 3788 2126 3829 maeren-

537 3870 642 3927 tes,
657 3876 763 3916 non
782 3869 987 3916 tantum
1004 3863 1201 3917 nullam
1217 3863 1636 3919 consolationem
1653 3864 1889 3934 capimus
1906 3906 1921 3931 ,
1939 3880 2123 3920 verum

538 3960 594 4005 et
620 3950 893 4005 molestias
917 3965 1204 4021 augemus;
1243 3951 1297 4005 in
1338 3953 1568 4022 peccatis
1608 3968 1736 4009 vero
1765 3954 1812 4008 si
1850 3954 2126 4011 doleamus

538 4051 597 4097 et
631 4042 1039 4109 contristemur,
1060 4043 1264 4113 peccati
1294 4044 1707 4115 magnitudinem
1738 4046 2045 4114 minuimus,
2072 4058 2127 4104 et

540 4132 683 4201 quod
711 4141 827 4188 erat
854 4148 1099 4204 magnum
1121 4174 1138 4201 ,
1169 4132 1441 4190 reddimus
1466 4150 1721 4205 parvum;
1751 4151 1893 4206 saape
1922 4154 2049 4193 vero
2073 4147 2128 4195 et

538 4224 775 4282 funditus
792 4228 964 4297 ipsum
984 4234 1151 4282 totum
1173 4225 1431 4283 delemus.
1451 4226 1565 4281 Hoc
1584 4226 1713 4281 mihi
1730 4228 1942 4284 assidue
1955 4245 2128 4287 recor-

538 4317 756 4381 damini,
774 4327 832 4373 ut
850 4319 919 4375 ob
936 4328 1211 4389 peccatum
1237 4328 1437 4373 tantum
1460 4317 1705 4385 deleatis,
1726 4320 1923 4374 nullam
1947 4331 2125 4375 autem

538 4406 611 4462 ob
636 4423 749 4462 rem
774 4418 1029 4478 prazterea
1056 4418 1147 4465 :et
1182 4418 1379 4480 praeter
1413 4408 1514 4464 hoc
1550 4409 1676 4464 illud
1710 4425 1921 4480 quoque
1944 4450 1959 4476 ,
1984 4412 2126 4481 quod

540 4507 768 4554 mortem
809 4508 863 4555 et
892 4499 1159 4555 tristitiam
1195 4500 1248 4555 in
1279 4501 1439 4555 vitam
1472 4508 1707 4556 nostram
1738 4510 2011 4570 peccatum
2041 4503 2125 4556 in-

541 4589 721 4645 ferens
743 4631 759 4657 ,
801 4590 870 4645 ab
906 4588 993 4646 his
1031 4591 1290 4647 ambobus
1330 4592 1563 4648 vicissim
1604 4590 1900 4647 destruitur
1935 4610 1948 4646 :
1984 4592 2128 4663 quod

540 4679 751 4750 quidem
784 4682 955 4753 ipsum
988 4682 1322 4747 manifestius
1349 4693 1403 4739 et
1429 4693 1583 4740 antea
1620 4684 2123 4742 demonstravimus.

546 4772 688 4828 Nihil
715 4774 874 4845 igitur
900 4774 979 4829 sic
1007 4775 1309 4842 timeamus,
1340 4783 1398 4829 ut
1421 4784 1695 4845 peccatum
1723 4785 1779 4831 et
1802 4777 2127 4844 prmvarica-

548 4866 770 4923 tionem.
802 4864 881 4921 Ne
907 4867 1190 4921 timeamus
1212 4880 1443 4937 poenam,
1466 4874 1521 4922 et
1540 4881 1752 4937 pmnam
1772 4866 2086 4938 effugiemus
2111 4886 2125 4923 :

542 4960 679 5015 sicut
698 4966 754 5015 et
775 4967 884 5016 tres
904 4958 977 5015 illi
997 4959 1145 5029 pueri
1162 4974 1268 5014 non
1289 4959 1577 5014 timuerunt
1591 4958 1938 5027 fornacem,et
1954 4959 2131 5016 forna-

541 5065 660 5106 cem
691 5049 990 5123 effugerunt
1017 5067 1031 5103 :
1061 5051 1194 5106 tales
1218 5066 1337 5107 esse
1358 5051 1515 5108 decet
1536 5050 1630 5106 Dei
1653 5065 1857 5107 servos.
1905 5051 1961 5108 Si
1984 5054 2128 5109 enim

544 5153 602 5196 tn
628 5146 797 5200 veteri
826 5144 1168 5201 Testamento
1194 5142 1402 5202 educati
1425 5183 1443 5213 ,
1482 5142 1693 5216 quando
1721 5143 1955 5200 nondum
1982 5159 2129 5201 mors

611 5298 627 5371 έ
646 5300 869 5371 fumium
884 5304 955 5353 sic
976 5301 1188 5371 eﬁ'erunt
1202 5310 1308 5371 sav.
1329 5310 1381 5354 et
1394 5302 1494 5354 duo
1509 5302 1703 5371 codices
1719 5316 1733 5351 :
1756 5301 1982 5365 ejusdem
1999 5314 2131 5352 com-

549 5364 828 5443 3’5"!"1‘5‘3
844 5364 1376 5443 555""3.-1';"'"..°".‘P‘9
1394 5371 1538 5443 9⁷⁸⁸⁸⁸
1575 5364 1815 5443 ά
1828 5376 2130 5443 WE":

552 5423 1092 5535 ἰῑξιτ
1112 5423 1558 5539 εοιιιηεὶῷροριφιωη
1596 5432 1797 5476 mortem
1817 5431 1862 5475 et

554 5548 641 5557 μμ
822 5555 831 5557 _
919 5552 934 5557 _
1056 5524 1088 5556 η
1115 5500 1204 5557 ρετ
1226 5488 1275 5557 ιιΔ
1328 5502 1489 5557 Ltpr
1511 5500 1681 5557 rursus
1703 5487 1921 5549 aufertur
1941 5492 2027 5557 ,Aet
2049 5500 2131 5557 δατ

551 5548 642 5612 uer
663 5540 787 5592 illud
814 5555 834 5593 :
865 5560 887 5590 ι
912 5540 1226 5612 Inprinéipiq
1246 5540 1599 5612 fecit
1636 5540 1849 5612 terram;
1870 5564 1894 5593 ι
1926 5540 1982 5612 ἐι
2003 5551 2131 5612 quod.

556 5610 701 5678 quas,
742 5606 1002 5678 nonmodo
1362 5623 1447 5661 nos
1470 5618 1517 5663 et
1540 5606 1839 5678 bene/ueiens
1858 5606 2026 5678 nobis;
2044 5608 2132 5660 sed

553 5669 698 5780 m
724 5669 995 5735 castigata,
1031 5669 1262 5734 request?
1296 5670 1480 5739 bonus;
1512 5679 1559 5727 et
1590 5669 2133 5737 de'abstt'nentiajura-

2231 2973 2346 3021 erat
2367 2966 2701 3033 mortiﬁcata,
2718 2980 2815 3021 nec
2835 2979 2988 3021 aerea
3009 2973 3175 3036 portae
3196 2963 3499 3030 confracta,
3518 2977 3618 3019 nec
3637 2974 3825 3020 vectes

2230 3054 2390 3113 ferrei
2416 3058 2665 3123 contriti,
2699 3067 2804 3113 tam
2834 3066 3146 3129 generesam
3176 3065 3360 3111 contra
3390 3064 3616 3111 mortem
3646 3058 3826 3112 auda-

2229 3147 2366 3203 ciam
2397 3163 2507 3218 prae
2534 3165 2592 3205 se
2621 3149 2788 3205 tulere
2816 3166 2831 3203 :
2857 3164 3015 3216 quam
3049 3163 3146 3203 nos
3173 3146 3483 3202 habebimus
3511 3147 3827 3203 excusatio-

2229 3256 2351 3295 nem
2376 3282 2392 3310 ,
2424 3252 2515 3297 aut
2555 3258 2712 3313 quam
2756 3242 2963 3297 veniam
2991 3283 3006 3305 ,
3040 3248 3237 3295 tantam
3284 3239 3423 3294 nacti
3466 3239 3694 3310 gratiam
3721 3281 3739 3305 ,
3773 3247 3831 3295 et

2229 3348 2400 3404 neque
2429 3348 2584 3404 pares
2613 3335 2719 3390 illis
2748 3333 2958 3388 virtutis
2985 3331 3179 3403 gradus
3207 3346 3347 3386 nunc
3371 3332 3665 3401 assequuti,
3696 3347 3829 3386 cum

2230 3441 2377 3481 mors
2402 3441 2595 3481 nomen
2625 3426 2796 3481 solum
2821 3426 2891 3481 sit
2915 3440 2974 3481 re
3001 3424 3309 3495 privatum?
3338 3422 3476 3477 Nihil
3504 3422 3647 3477 enim
3675 3423 3831 3479 aliud

2231 3534 2377 3574 mors
2402 3529 2506 3586 est,
2535 3535 2694 3591 quam
2720 3533 2960 3585 somnus,
2988 3527 3041 3574 et
3065 3517 3327 3587 migratio,
3355 3526 3409 3571 et
3434 3516 3742 3582 translatio,
3776 3525 3836 3571 et

2230 3612 2472 3681 requies,
2499 3620 2554 3667 et
2584 3610 2900 3681 tranquillus
2925 3620 3129 3680 portus,
3160 3619 3214 3665 et
3243 3609 3651 3679 perturbationis
3684 3610 3835 3665 libe-

2231 3701 2368 3757 ratio
2392 3742 2407 3767 ,
2440 3712 2494 3756 et
2519 3716 2551 3756 a
2580 3702 2699 3756 vitae
2726 3700 2871 3756 curis
2896 3699 3287 3755 absolutio.Sed
3318 3699 3407 3754 hic
3431 3700 3835 3755 consolationis

2230 3806 2532 3849 sermonem
2578 3794 2847 3849 solvamus
2876 3811 2890 3847 :
2918 3793 3113 3848 etenim
3144 3793 3383 3863 quintam
3422 3791 3564 3847 diem
3608 3794 3837 3861 agimus

2230 3896 2463 3943 vestram
2491 3888 2828 3943 consolantes
2849 3884 3263 3951 charitatem,et
3275 3886 3385 3955 jam
3423 3884 3635 3940 molesti
3670 3886 3839 3941 vide-

2231 3994 2368 4033 mur.
2398 3979 2629 4035 Attentis
2654 3979 2796 4034 enim
2826 3979 2967 4033 dicta
2990 3977 3258 4032 sufﬁciunt
3283 4020 3298 4044 ,
3330 3976 3696 4048 pusillanimis
3729 3993 3843 4032 au-

2234 4078 2338 4125 tem
2361 4111 2376 4135 ,
2404 4070 2613 4125 etiamsi
2655 4071 2812 4125 dictis
2842 4069 2990 4139 plura
3037 4068 3298 4123 addamus
3324 4107 3340 4133 ,
3356 4067 3504 4139 nihil
3533 4066 3840 4138 profuerit.

2232 4160 2466 4230 Tempus
2484 4175 2613 4216 vero
2633 4161 2786 4215 nobis
2799 4160 2907 4229 jam
2926 4159 2992 4214 ad
3010 4159 3405 4227 Scripturarum
3426 4157 3844 4226 expositionem

2233 4260 2547 4307 convertere
2586 4250 2882 4305 doctrinam
2917 4267 2930 4302 :
2962 4247 3409 4319 quemadmodum
3439 4248 3581 4302 enim
3612 4249 3663 4303 si
3698 4248 3847 4303 nihil

2232 4341 2299 4397 de
2327 4341 2424 4396 hac
2449 4356 2684 4396 aerumna
2712 4340 2915 4408 loquuti
2944 4354 3204 4405 essemus,
3232 4338 3561 4393 crudelitatis
3584 4347 3641 4392 et
3674 4339 3850 4394 inhu-

2233 4434 2500 4488 manitatis
2526 4449 2623 4489 nos
2650 4434 2841 4504 aliquis
2864 4432 3273 4487 condemnasset
3298 4449 3312 4485 :
3336 4432 3413 4486 sic
3441 4431 3485 4485 si
3511 4446 3749 4501 semper
3775 4432 3852 4488 de

2235 4524 2346 4594 ipsa
2374 4524 2724 4589 disseramus,
2756 4524 3200 4593 pusillanimitatis
3220 4523 3341 4592 jure
3370 4536 3466 4576 nos
3494 4521 3854 4577 condemna-

2235 4623 2336 4669 ret.
2378 4614 2550 4670 Corda
2594 4616 2749 4686 igitur
2788 4624 2963 4670 vestra
3003 4614 3112 4669 Deo
3140 4612 3577 4669 commendantes
3601 4654 3617 4677 ,
3649 4616 3757 4685 qui
3794 4616 3849 4669 in

2234 4716 2415 4761 mente
2440 4716 2615 4761 vestra
2649 4707 2790 4777 loqui
2822 4715 3031 4776 potest,
3060 4715 3117 4761 et
3143 4720 3357 4760 omnem
3385 4720 3449 4761 ex
3484 4714 3721 4774 pectore
3753 4708 3858 4761 tri-

2236 4797 2431 4851 stitiam
2462 4797 2736 4867 expellere
2761 4840 2775 4863 ,
2807 4807 3115 4852 consuetam
3157 4796 3452 4851 doctrinam
3486 4811 3629 4851 nunc
3672 4799 3857 4852 attin-

2234 4902 2422 4958 gamus
2445 4929 2459 4953 ,
2504 4888 2734 4943 maxime
2769 4887 2980 4956 quando
3018 4886 3192 4942 omnis
3229 4886 3518 4956 Scriptum
3554 4887 3863 4956 expositio

2235 4980 2535 5037 exhortatio
2561 4990 2643 5035 est
2670 4988 2725 5036 et
2752 4979 3063 5035 consolatio.
3099 4980 3279 5049 itaque
3312 4978 3411 5033 etsi
3436 4992 3467 5033 a
3491 4979 3864 5034 consolando

2236 5072 2496 5130 absistere
2523 5074 2798 5142 videmur,
2824 5088 3034 5128 rursum
3060 5085 3159 5142 per
3183 5070 3576 5141 Scripturarum
3604 5074 3866 5142 exposi-

2238 5165 2437 5222 tionem
2478 5165 2530 5220 in
2570 5165 2812 5220 eamdem
2848 5164 3125 5219 materiam
3165 5161 3460 5217 incidimus.
3494 5160 3659 5227 Quod
3692 5160 3863 5219 enim

2237 5268 2471 5316 mentem
2509 5256 2885 5314 adhibentibus
2927 5265 3034 5311 tota
3076 5255 3348 5325 Scriptura
3381 5252 3695 5308 consolatio
3731 5256 3815 5309 sit
3848 5297 3868 5319 ,

2233 5352 2344 5423 jam
2366 5366 2508 5406 nunc
2528 5350 2678 5405 vobis
2700 5349 2872 5420 palam
2895 5349 3101 5403 faciam.
3124 5345 3240 5401 Non
3262 5346 3403 5402 enim
3424 5344 3867 5413 Scripturarum

2238 5444 2518 5500 historiam
2545 5442 2882 5507 circumiens,
2916 5440 3171 5511 quosdam
3199 5436 3583 5493 consolatorios
3608 5450 3871 5492 sermo.

2236 5551 2333 5592 nes
2357 5549 2597 5606 qumrere
2621 5533 2883 5599 conabor;
2912 5531 3004 5587 sed
3030 5539 3088 5586 ut
3110 5530 3426 5600 apertiorem
3449 5524 3872 5598 promissionis

2238 5624 2746 5684 demonstrationem
2796 5622 3095 5695 praebeam,
3138 5619 3297 5677 hodie
3342 5618 3533 5674 lectum
3578 5618 3875 5677 tractabo

2238 5720 2430 5779 librum
2462 5738 2475 5777 :
2507 5725 2562 5778 et
2586 5717 2817 5791 silibet,
2844 5717 3009 5790 ipsius
3032 5715 3349 5789 principium
3377 5722 3430 5769 et
3453 5710 3815 5781 proemium
3841 5752 3861 5780 ,
