  <div class='ocr_page' id='page_1' title='image "/cluster/home/n/w/nwhite01/storage/ocr_20150623/49/hvd.32044054086806/092.png"; bbox 0 0 4070 6208; ppageno 0'>
   <div class='ocr_carea' id='block_1_1' title="bbox 360 263 2037 326">
    <p class='ocr_par' dir='ltr' id='par_1_1' title="bbox 360 263 2037 326">
     <span class='ocr_line' id='line_1_1' title="bbox 360 263 2037 326; baseline -0.004 0"><span class='ocrx_word' id='word_1_1' title='bbox 360 269 426 326; x_wconf 65' lang='grc'><strong>91</strong></span> <span class='ocrx_word' id='word_1_2' title='bbox 1372 267 1464 325; x_wconf 80' lang='lat' dir='ltr'>AD</span> <span class='ocrx_word' id='word_1_3' title='bbox 1499 263 1828 324; x_wconf 67' lang='lat' dir='ltr'>POPULBM</span> <span class='ocrx_word' id='word_1_4' title='bbox 1873 267 2037 322; x_wconf 74' lang='lat' dir='ltr'>AM!</span> 
     </span>
    </p>
   </div>
   <div class='ocr_carea' id='block_1_2' title="bbox 2140 263 3831 326">
    <p class='ocr_par' dir='ltr' id='par_1_2' title="bbox 2140 265 3831 325">
     <span class='ocr_line' id='line_1_2' title="bbox 2140 265 3831 325; baseline 0.002 -5"><span class='ocrx_word' id='word_1_5' title='bbox 2140 265 2377 325; x_wconf 78' lang='lat' dir='ltr'>HENUM</span> <span class='ocrx_word' id='word_1_6' title='bbox 2418 267 2652 324; x_wconf 67' lang='lat' dir='ltr'>HOMIL.</span> <span class='ocrx_word' id='word_1_7' title='bbox 2688 266 2798 322; x_wconf 80' lang='lat' dir='ltr'>VII.</span> <span class='ocrx_word' id='word_1_8' title='bbox 2835 321 2837 323; x_wconf 78' lang='grc'>,</span> <span class='ocrx_word' id='word_1_9' title='bbox 3761 268 3831 324; x_wconf 66' lang='lat'>9‘1</span> 
     </span>
    </p>
   </div>
   <div class='ocr_carea' id='block_1_3' title="bbox 362 382 2048 458">
    <p class='ocr_par' dir='ltr' id='par_1_3' title="bbox 362 382 2048 458">
     <span class='ocr_line' id='line_1_3' title="bbox 362 382 2048 458; baseline -0.002 -21"><span class='ocrx_word' id='word_1_10' title='bbox 362 398 466 454; x_wconf 80' lang='grc' dir='ltr'>μιν</span> <span class='ocrx_word' id='word_1_11' title='bbox 494 382 855 447; x_wconf 75' lang='grc' dir='ltr'>ἐπικίνδυνον,</span> <span class='ocrx_word' id='word_1_12' title='bbox 882 384 1004 439; x_wconf 80' lang='grc' dir='ltr'>οὐδὲ</span> <span class='ocrx_word' id='word_1_13' title='bbox 1057 383 1350 458; x_wconf 83' lang='grc' dir='ltr'>σφαλερὸν,</span> <span class='ocrx_word' id='word_1_14' title='bbox 1380 384 1492 440; x_wconf 77' lang='grc' dir='ltr'>οὐδ’</span> <span class='ocrx_word' id='word_1_15' title='bbox 1524 384 1750 449; x_wconf 79' lang='grc' dir='ltr'>ἄκοντες</span> <span class='ocrx_word' id='word_1_16' title='bbox 1793 383 2048 453; x_wconf 83' lang='grc' dir='ltr'>ἁμαρτη-</span> 
     </span>
    </p>
   </div>
   <div class='ocr_carea' id='block_1_4' title="bbox 361 459 2046 537">
    <p class='ocr_par' dir='ltr' id='par_1_4' title="bbox 361 459 2046 537">
     <span class='ocr_line' id='line_1_4' title="bbox 361 459 2046 537; baseline -0.001 -23"><span class='ocrx_word' id='word_1_17' title='bbox 361 461 590 531; x_wconf 84' lang='grc' dir='ltr'>σόμεθα,</span> <span class='ocrx_word' id='word_1_18' title='bbox 631 463 768 516; x_wconf 82' lang='grc' dir='ltr'>ἀλλά</span> <span class='ocrx_word' id='word_1_19' title='bbox 813 465 908 518; x_wconf 77' lang='grc' dir='ltr'>καὶ</span> <span class='ocrx_word' id='word_1_20' title='bbox 948 465 1048 535; x_wconf 86' lang='grc' dir='ltr'>τῆς</span> <span class='ocrx_word' id='word_1_21' title='bbox 1079 459 1436 537; x_wconf 75' lang='grc' dir='ltr'>ἐπικειμένης</span> <span class='ocrx_word' id='word_1_22' title='bbox 1463 461 1702 532; x_wconf 83' lang='grc' dir='ltr'>ἀθυμίας</span> <span class='ocrx_word' id='word_1_23' title='bbox 1728 463 1788 513; x_wconf 85' lang='grc' dir='ltr'>ὲν</span> <span class='ocrx_word' id='word_1_24' title='bbox 1819 463 1885 531; x_wconf 80' lang='grc' dir='ltr'>τῇ</span> <span class='ocrx_word' id='word_1_25' title='bbox 1921 462 2046 532; x_wconf 77' lang='grc' dir='ltr'>περὶ</span> 
     </span>
    </p>
   </div>
   <div class='ocr_carea' id='block_1_5' title="bbox 359 539 2042 615">
    <p class='ocr_par' dir='ltr' id='par_1_5' title="bbox 359 539 2042 615">
     <span class='ocr_line' id='line_1_5' title="bbox 359 539 2042 615; baseline 0.001 -24"><span class='ocrx_word' id='word_1_26' title='bbox 359 539 567 592; x_wconf 64' lang='grc' dir='ltr'>τούτων</span> <span class='ocrx_word' id='word_1_27' title='bbox 607 539 838 606; x_wconf 77' lang='grc' dir='ltr'>διαλέξει</span> <span class='ocrx_word' id='word_1_28' title='bbox 884 542 1259 612; x_wconf 70' lang='grc' dir='ltr'>σχολάζοντες,</span> <span class='ocrx_word' id='word_1_29' title='bbox 1289 542 1390 615; x_wconf 80' lang='grc' dir='ltr'>τὴν</span> <span class='ocrx_word' id='word_1_30' title='bbox 1441 542 1618 613; x_wconf 79' lang='grc' dir='ltr'>ψυχὴν</span> <span class='ocrx_word' id='word_1_31' title='bbox 1673 539 2042 608; x_wconf 80' lang='grc' dir='ltr'>ὑπεξαγαγεῖν</span> 
     </span>
    </p>
   </div>
   <div class='ocr_carea' id='block_1_6' title="bbox 358 618 2050 695">
    <p class='ocr_par' dir='ltr' id='par_1_6' title="bbox 358 618 2050 695">
     <span class='ocr_line' id='line_1_6' title="bbox 358 618 2050 695; baseline 0.006 -23"><span class='ocrx_word' id='word_1_32' title='bbox 358 619 724 691; x_wconf 63' lang='grc' dir='ltr'>δυνησόμεθα,</span> <span class='ocrx_word' id='word_1_33' title='bbox 755 622 876 675; x_wconf 85' lang='grc' dir='ltr'>ἀντί</span> <span class='ocrx_word' id='word_1_34' title='bbox 928 622 1030 692; x_wconf 88' lang='grc' dir='ltr'>τῆς</span> <span class='ocrx_word' id='word_1_35' title='bbox 1080 622 1361 695; x_wconf 79' lang='grc' dir='ltr'>φροντίδος</span> <span class='ocrx_word' id='word_1_36' title='bbox 1411 618 1480 695; x_wconf 82' lang='grc' dir='ltr'>ἧς</span> <span class='ocrx_word' id='word_1_37' title='bbox 1520 620 1880 693; x_wconf 78' lang='grc' dir='ltr'>φροντίζομεν</span> <span class='ocrx_word' id='word_1_38' title='bbox 1915 619 2050 691; x_wconf 78' lang='grc' dir='ltr'>πρὸς</span> 
     </span>
    </p>
   </div>
   <div class='ocr_carea' id='block_1_7' title="bbox 359 695 2053 772">
    <p class='ocr_par' dir='ltr' id='par_1_7' title="bbox 359 695 2053 772">
     <span class='ocr_line' id='line_1_7' title="bbox 359 695 2053 772; baseline -0.001 -23"><span class='ocrx_word' id='word_1_39' title='bbox 359 695 627 768; x_wconf 79' lang='grc' dir='ltr'>ἀλλήλους</span> <span class='ocrx_word' id='word_1_40' title='bbox 657 701 742 752; x_wconf 71' lang='grc' dir='ltr'>ἀεὶ</span> <span class='ocrx_word' id='word_1_41' title='bbox 771 700 1021 770; x_wconf 79' lang='grc' dir='ltr'>λέγοντες</span> <span class='ocrx_word' id='word_1_42' title='bbox 1041 717 1055 730; x_wconf 92' lang='grc'><strong>·</strong></span> <span class='ocrx_word' id='word_1_43' title='bbox 1088 699 1235 772; x_wconf 77' lang='grc' dir='ltr'>Ἀρα</span> <span class='ocrx_word' id='word_1_44' title='bbox 1267 703 1500 772; x_wconf 81' lang='grc' dir='ltr'>ῆκουσεν</span> <span class='ocrx_word' id='word_1_45' title='bbox 1531 704 1560 755; x_wconf 84' lang='grc' dir='ltr'>ό</span> <span class='ocrx_word' id='word_1_46' title='bbox 1584 699 1834 772; x_wconf 79' lang='grc' dir='ltr'>βασιλεὺς</span> <span class='ocrx_word' id='word_1_47' title='bbox 1854 697 1924 750; x_wconf 81' lang='grc' dir='ltr'>τὰ</span> <span class='ocrx_word' id='word_1_48' title='bbox 1960 714 2053 764; x_wconf 86' lang='grc' dir='ltr'>γε-</span> 
     </span>
    </p>
   </div>
   <div class='ocr_carea' id='block_1_8' title="bbox 359 774 2047 853">
    <p class='ocr_par' dir='ltr' id='par_1_8' title="bbox 359 774 2047 853">
     <span class='ocr_line' id='line_1_8' title="bbox 359 774 2047 853; baseline 0.012 -25"><span class='ocrx_word' id='word_1_49' title='bbox 359 778 673 846; x_wconf 83' lang='grc' dir='ltr'>γενημένα;</span> <span class='ocrx_word' id='word_1_50' title='bbox 700 774 809 850; x_wconf 83' lang='grc' dir='ltr'>ἆρα</span> <span class='ocrx_word' id='word_1_51' title='bbox 850 780 1217 853; x_wconf 82' lang='grc' dir='ltr'>παρωξύνθη;</span> <span class='ocrx_word' id='word_1_52' title='bbox 1251 781 1304 834; x_wconf 92' lang='grc' dir='ltr'>τί</span> <span class='ocrx_word' id='word_1_53' title='bbox 1331 782 1387 834; x_wconf 86' lang='grc' dir='ltr'>δὲ</span> <span class='ocrx_word' id='word_1_54' title='bbox 1409 781 1744 852; x_wconf 78' lang='grc' dir='ltr'>ἐψηφίσατο;</span> <span class='ocrx_word' id='word_1_55' title='bbox 1776 774 1884 848; x_wconf 82' lang='grc' dir='ltr'>ἆρα</span> <span class='ocrx_word' id='word_1_56' title='bbox 1911 793 2047 847; x_wconf 79' lang='grc' dir='ltr'>παρ’</span> 
     </span>
    </p>
   </div>
   <div class='ocr_carea' id='block_1_9' title="bbox 360 853 2046 926">
    <p class='ocr_par' dir='ltr' id='par_1_9' title="bbox 360 853 2046 926">
     <span class='ocr_line' id='line_1_9' title="bbox 360 853 2046 926; baseline -0.001 -19"><span class='ocrx_word' id='word_1_57' title='bbox 360 855 593 909; x_wconf 85' lang='grc' dir='ltr'>εκάλεσέ</span> <span class='ocrx_word' id='word_1_58' title='bbox 614 875 698 922; x_wconf 89' lang='grc' dir='ltr'>τις</span> <span class='ocrx_word' id='word_1_59' title='bbox 720 859 914 921; x_wconf 86' lang='grc' dir='ltr'>αύτόν;</span> <span class='ocrx_word' id='word_1_60' title='bbox 943 860 995 912; x_wconf 86' lang='grc' dir='ltr'>τί</span> <span class='ocrx_word' id='word_1_61' title='bbox 1019 861 1096 926; x_wconf 77' lang='grc' dir='ltr'>δὲ,</span> <span class='ocrx_word' id='word_1_62' title='bbox 1127 861 1291 925; x_wconf 81' lang='grc' dir='ltr'>αὐτὸς</span> <span class='ocrx_word' id='word_1_63' title='bbox 1317 860 1566 926; x_wconf 83' lang='grc' dir='ltr'>ἀνέξεται</span> <span class='ocrx_word' id='word_1_64' title='bbox 1598 858 1752 913; x_wconf 88' lang='grc' dir='ltr'>πόλιν</span> <span class='ocrx_word' id='word_1_65' title='bbox 1782 854 1926 910; x_wconf 74' lang='grc' dir='ltr'>οὕτω</span> <span class='ocrx_word' id='word_1_66' title='bbox 1949 853 2046 908; x_wconf 81' lang='grc' dir='ltr'>καὶ</span> 
     </span>
    </p>
   </div>
   <div class='ocr_carea' id='block_1_10' title="bbox 362 933 2048 1010">
    <p class='ocr_par' dir='ltr' id='par_1_10' title="bbox 362 933 2048 1010">
     <span class='ocr_line' id='line_1_10' title="bbox 362 933 2048 1010; baseline -0.001 -23"><span class='ocrx_word' id='word_1_67' title='bbox 362 934 612 1006; x_wconf 79' lang='grc' dir='ltr'>μεγάλην</span> <span class='ocrx_word' id='word_1_68' title='bbox 633 937 729 989; x_wconf 76' lang='grc' dir='ltr'>καὶ</span> <span class='ocrx_word' id='word_1_69' title='bbox 744 937 1171 1010; x_wconf 82' lang='grc' dir='ltr'>πολυάνθρωπον</span> <span class='ocrx_word' id='word_1_70' title='bbox 1204 940 1466 1008; x_wconf 81' lang='grc' dir='ltr'>ἀφανίσαι</span> <span class='ocrx_word' id='word_1_71' title='bbox 1493 938 1708 1002; x_wconf 86' lang='grc' dir='ltr'>τέλεον;</span> <span class='ocrx_word' id='word_1_72' title='bbox 1735 933 1921 989; x_wconf 89' lang='grc' dir='ltr'>Ταῦτα</span> <span class='ocrx_word' id='word_1_73' title='bbox 1947 935 2048 1004; x_wconf 82' lang='grc' dir='ltr'>μὲν</span> 
     </span>
    </p>
   </div>
   <div class='ocr_carea' id='block_1_11' title="bbox 359 1013 2047 1090">
    <p class='ocr_par' dir='ltr' id='par_1_11' title="bbox 359 1013 2047 1090">
     <span class='ocr_line' id='line_1_11' title="bbox 359 1013 2047 1090; baseline 0.01 -24"><span class='ocrx_word' id='word_1_74' title='bbox 359 1014 458 1067; x_wconf 77' lang='grc' dir='ltr'>καὶ</span> <span class='ocrx_word' id='word_1_75' title='bbox 502 1014 573 1067; x_wconf 84' lang='grc' dir='ltr'>τὰ</span> <span class='ocrx_word' id='word_1_76' title='bbox 613 1015 840 1069; x_wconf 88' lang='grc' dir='ltr'>τοιαῦτα</span> <span class='ocrx_word' id='word_1_77' title='bbox 887 1018 1066 1072; x_wconf 86' lang='grc' dir='ltr'>πάντα</span> <span class='ocrx_word' id='word_1_78' title='bbox 1094 1019 1189 1072; x_wconf 75' lang='grc' dir='ltr'>ἐπὶ</span> <span class='ocrx_word' id='word_1_79' title='bbox 1223 1019 1316 1072; x_wconf 82' lang='grc' dir='ltr'>τὸν</span> <span class='ocrx_word' id='word_1_80' title='bbox 1351 1018 1484 1072; x_wconf 84' lang='grc' dir='ltr'>Θεὸν</span> <span class='ocrx_word' id='word_1_81' title='bbox 1520 1017 1792 1090; x_wconf 64' lang='grc' dir='ltr'>ῥίψαντες,</span> <span class='ocrx_word' id='word_1_82' title='bbox 1818 1013 1888 1067; x_wconf 71' lang='grc' dir='ltr'>τὰ</span> <span class='ocrx_word' id='word_1_83' title='bbox 1917 1015 2047 1084; x_wconf 68' lang='grc' dir='ltr'>παρ’</span> 
     </span>
    </p>
   </div>
   <div class='ocr_carea' id='block_1_12' title="bbox 360 1092 2048 1169">
    <p class='ocr_par' dir='ltr' id='par_1_12' title="bbox 360 1092 2048 1169">
     <span class='ocr_line' id='line_1_12' title="bbox 360 1092 2048 1169; baseline 0.001 -25"><span class='ocrx_word' id='word_1_84' title='bbox 360 1093 529 1146; x_wconf 81' lang='grc' dir='ltr'>αὐτοῦ</span> <span class='ocrx_word' id='word_1_85' title='bbox 556 1097 1009 1167; x_wconf 72' lang='grc' dir='ltr'>προστεταγμένα</span> <span class='ocrx_word' id='word_1_86' title='bbox 1046 1097 1398 1169; x_wconf 88' lang='grc' dir='ltr'>μεριμνῶμεν</span> <span class='ocrx_word' id='word_1_87' title='bbox 1421 1097 1582 1168; x_wconf 88' lang='grc' dir='ltr'>μόνον</span> <span class='ocrx_word' id='word_1_88' title='bbox 1599 1112 1614 1127; x_wconf 80' lang='grc'><strong>⁸</strong></span> <span class='ocrx_word' id='word_1_89' title='bbox 1638 1094 1781 1149; x_wconf 77' lang='grc' dir='ltr'>οὕτω</span> <span class='ocrx_word' id='word_1_90' title='bbox 1814 1092 1924 1165; x_wconf 84' lang='grc' dir='ltr'>γὰρ</span> <span class='ocrx_word' id='word_1_91' title='bbox 1947 1095 2048 1146; x_wconf 88' lang='grc' dir='ltr'>κά-</span> 
     </span>
    </p>
   </div>
   <div class='ocr_carea' id='block_1_13' title="bbox 358 1172 2040 1248">
    <p class='ocr_par' dir='ltr' id='par_1_13' title="bbox 358 1172 2040 1248">
     <span class='ocr_line' id='line_1_13' title="bbox 358 1172 2040 1248; baseline 0.001 -24"><span class='ocrx_word' id='word_1_92' title='bbox 358 1174 515 1225; x_wconf 75' lang='grc' dir='ltr'>κεῖνα</span> <span class='ocrx_word' id='word_1_93' title='bbox 548 1172 953 1244; x_wconf 72' lang='grc' dir='ltr'>διαλυσόμεθαι</span> <span class='ocrx_word' id='word_1_94' title='bbox 982 1174 1101 1248; x_wconf 72' lang='grc'>[84]</span> <span class='ocrx_word' id='word_1_95' title='bbox 1132 1176 1330 1244; x_wconf 88' lang='grc' dir='ltr'>πάντα,</span> <span class='ocrx_word' id='word_1_96' title='bbox 1370 1175 1474 1229; x_wconf 83' lang='grc' dir='ltr'>κᾶν</span> <span class='ocrx_word' id='word_1_97' title='bbox 1506 1175 1640 1228; x_wconf 92' lang='grc' dir='ltr'>δέκα</span> <span class='ocrx_word' id='word_1_98' title='bbox 1668 1176 1725 1227; x_wconf 83' lang='grc' dir='ltr'>ὲν</span> <span class='ocrx_word' id='word_1_99' title='bbox 1748 1175 1880 1244; x_wconf 81' lang='grc' dir='ltr'>ἡμῖν</span> <span class='ocrx_word' id='word_1_100' title='bbox 1911 1189 2040 1225; x_wconf 86' lang='grc' dir='ltr'>κατ-</span> 
     </span>
    </p>
   </div>
   <div class='ocr_carea' id='block_1_14' title="bbox 359 1249 2043 1326">
    <p class='ocr_par' dir='ltr' id='par_1_14' title="bbox 359 1249 2043 1326">
     <span class='ocr_line' id='line_1_14' title="bbox 359 1249 2043 1326; baseline 0.004 -25"><span class='ocrx_word' id='word_1_101' title='bbox 359 1249 644 1322; x_wconf 84' lang='grc' dir='ltr'>ορθώσωσι</span> <span class='ocrx_word' id='word_1_102' title='bbox 681 1253 862 1322; x_wconf 82' lang='grc' dir='ltr'>μόνον,</span> <span class='ocrx_word' id='word_1_103' title='bbox 893 1255 1110 1326; x_wconf 89' lang='grc' dir='ltr'>ταχέως</span> <span class='ocrx_word' id='word_1_104' title='bbox 1154 1255 1357 1307; x_wconf 72' lang='grc' dir='ltr'>εἴκοσιν</span> <span class='ocrx_word' id='word_1_105' title='bbox 1380 1255 1429 1308; x_wconf 91' lang='grc' dir='ltr'>οἰ</span> <span class='ocrx_word' id='word_1_106' title='bbox 1455 1253 1587 1307; x_wconf 89' lang='grc' dir='ltr'>δέκα</span> <span class='ocrx_word' id='word_1_107' title='bbox 1609 1254 1950 1322; x_wconf 86' lang='grc' dir='ltr'>γενήσονται,</span> <span class='ocrx_word' id='word_1_108' title='bbox 1991 1256 2043 1308; x_wconf 88' lang='grc' dir='ltr'>οἰ</span> 
     </span>
    </p>
   </div>
   <div class='ocr_carea' id='block_1_15' title="bbox 361 1330 2048 1404">
    <p class='ocr_par' dir='ltr' id='par_1_15' title="bbox 361 1330 2048 1404">
     <span class='ocr_line' id='line_1_15' title="bbox 361 1330 2048 1404; baseline -0.001 -21"><span class='ocrx_word' id='word_1_109' title='bbox 361 1331 541 1383; x_wconf 76' lang='grc' dir='ltr'>εἴκοσι</span> <span class='ocrx_word' id='word_1_110' title='bbox 569 1335 925 1402; x_wconf 77' lang='grc' dir='ltr'>πεντήκοντα,</span> <span class='ocrx_word' id='word_1_111' title='bbox 955 1336 1002 1386; x_wconf 88' lang='grc' dir='ltr'>οἱ</span> <span class='ocrx_word' id='word_1_112' title='bbox 1033 1333 1374 1404; x_wconf 80' lang='grc' dir='ltr'>πεντήκοντα</span> <span class='ocrx_word' id='word_1_113' title='bbox 1410 1332 1626 1393; x_wconf 75' lang='grc' dir='ltr'>ἑκατὸν,</span> <span class='ocrx_word' id='word_1_114' title='bbox 1658 1334 1708 1384; x_wconf 89' lang='grc' dir='ltr'>οἰ</span> <span class='ocrx_word' id='word_1_115' title='bbox 1742 1330 1934 1384; x_wconf 81' lang='grc' dir='ltr'>ἑκατὸν</span> <span class='ocrx_word' id='word_1_116' title='bbox 1965 1330 2048 1400; x_wconf 72' lang='grc' dir='ltr'>χίο</span> 
     </span>
    </p>
   </div>
   <div class='ocr_carea' id='block_1_16' title="bbox 357 1407 2047 1484">
    <p class='ocr_par' dir='ltr' id='par_1_16' title="bbox 357 1407 2047 1484">
     <span class='ocr_line' id='line_1_16' title="bbox 357 1407 2047 1484; baseline 0.001 -23"><span class='ocrx_word' id='word_1_117' title='bbox 357 1407 487 1474; x_wconf 89' lang='grc' dir='ltr'>λιοι,</span> <span class='ocrx_word' id='word_1_118' title='bbox 517 1411 565 1461; x_wconf 85' lang='grc' dir='ltr'>οἰ</span> <span class='ocrx_word' id='word_1_119' title='bbox 599 1409 759 1480; x_wconf 79' lang='grc' dir='ltr'>χίλιοι</span> <span class='ocrx_word' id='word_1_120' title='bbox 796 1414 945 1466; x_wconf 79' lang='grc' dir='ltr'>πᾶσα</span> <span class='ocrx_word' id='word_1_121' title='bbox 972 1414 1006 1484; x_wconf 76' lang='grc' dir='ltr'>ἡ</span> <span class='ocrx_word' id='word_1_122' title='bbox 1037 1411 1210 1476; x_wconf 86' lang='grc' dir='ltr'>πόλις.</span> <span class='ocrx_word' id='word_1_123' title='bbox 1238 1413 1348 1465; x_wconf 81' lang='lat' dir='ltr'><strong>Kal</strong></span> <span class='ocrx_word' id='word_1_124' title='bbox 1376 1411 1628 1482; x_wconf 77' lang='grc' dir='ltr'>καθάπερ</span> <span class='ocrx_word' id='word_1_125' title='bbox 1667 1411 1798 1463; x_wconf 88' lang='grc' dir='ltr'>δέκα</span> <span class='ocrx_word' id='word_1_126' title='bbox 1847 1408 2047 1478; x_wconf 84' lang='grc' dir='ltr'>ἀφθέν-</span> 
     </span>
    </p>
   </div>
   <div class='ocr_carea' id='block_1_17' title="bbox 357 1487 2047 1562">
    <p class='ocr_par' dir='ltr' id='par_1_17' title="bbox 357 1487 2047 1562">
     <span class='ocr_line' id='line_1_17' title="bbox 357 1487 2047 1562; baseline 0 -23"><span class='ocrx_word' id='word_1_127' title='bbox 357 1503 471 1540; x_wconf 85' lang='grc' dir='ltr'>των</span> <span class='ocrx_word' id='word_1_128' title='bbox 508 1487 742 1559; x_wconf 81' lang='grc' dir='ltr'>λύχνων,</span> <span class='ocrx_word' id='word_1_129' title='bbox 775 1491 970 1562; x_wconf 76' lang='grc' dir='ltr'>ῥᾳδίως</span> <span class='ocrx_word' id='word_1_130' title='bbox 992 1490 1092 1561; x_wconf 83' lang='grc' dir='ltr'>τὴν</span> <span class='ocrx_word' id='word_1_131' title='bbox 1123 1491 1300 1544; x_wconf 86' lang='grc' dir='ltr'>οἰκίαν</span> <span class='ocrx_word' id='word_1_132' title='bbox 1343 1491 1560 1544; x_wconf 79' lang='grc' dir='ltr'>ἃπασαν</span> <span class='ocrx_word' id='word_1_133' title='bbox 1583 1489 1860 1560; x_wconf 75' lang='grc' dir='ltr'>ἐμπλῆσαι</span> <span class='ocrx_word' id='word_1_134' title='bbox 1887 1487 2047 1555; x_wconf 81' lang='grc' dir='ltr'>δυνή-</span> 
     </span>
    </p>
   </div>
   <div class='ocr_carea' id='block_1_18' title="bbox 361 1565 2047 1640">
    <p class='ocr_par' dir='ltr' id='par_1_18' title="bbox 361 1565 2047 1640">
     <span class='ocr_line' id='line_1_18' title="bbox 361 1565 2047 1640; baseline -0.001 -21"><span class='ocrx_word' id='word_1_135' title='bbox 361 1567 517 1620; x_wconf 74' lang='grc' dir='ltr'>σεταί</span> <span class='ocrx_word' id='word_1_136' title='bbox 548 1584 633 1632; x_wconf 90' lang='grc' dir='ltr'>τις</span> <span class='ocrx_word' id='word_1_137' title='bbox 664 1568 757 1622; x_wconf 90' lang='grc' dir='ltr'>τοῦ</span> <span class='ocrx_word' id='word_1_138' title='bbox 788 1568 965 1638; x_wconf 83' lang='grc' dir='ltr'>φωτός</span> <span class='ocrx_word' id='word_1_139' title='bbox 988 1585 1003 1600; x_wconf 76' lang='grc' dir='ltr'><strong>ο</strong></span> <span class='ocrx_word' id='word_1_140' title='bbox 1031 1568 1176 1623; x_wconf 74' lang='grc' dir='ltr'>οὕτω</span> <span class='ocrx_word' id='word_1_141' title='bbox 1201 1568 1264 1640; x_wconf 86' lang='grc' dir='ltr'>δὴ</span> <span class='ocrx_word' id='word_1_142' title='bbox 1291 1571 1386 1622; x_wconf 79' lang='grc' dir='ltr'>καὶ</span> <span class='ocrx_word' id='word_1_143' title='bbox 1415 1569 1508 1622; x_wconf 78' lang='grc' dir='ltr'>ὲπί</span> <span class='ocrx_word' id='word_1_144' title='bbox 1539 1569 1648 1621; x_wconf 90' lang='grc' dir='ltr'>τῶν</span> <span class='ocrx_word' id='word_1_145' title='bbox 1688 1565 2047 1638; x_wconf 79' lang='grc' dir='ltr'>κατορθωμά-</span> 
     </span>
    </p>
   </div>
   <div class='ocr_carea' id='block_1_19' title="bbox 357 1644 2039 1718">
    <p class='ocr_par' dir='ltr' id='par_1_19' title="bbox 357 1644 2039 1718">
     <span class='ocr_line' id='line_1_19' title="bbox 357 1644 2039 1718; baseline 0 -21"><span class='ocrx_word' id='word_1_146' title='bbox 357 1661 470 1698; x_wconf 81' lang='grc' dir='ltr'>των</span> <span class='ocrx_word' id='word_1_147' title='bbox 522 1646 630 1699; x_wconf 88' lang='grc' dir='ltr'>τῶν</span> <span class='ocrx_word' id='word_1_148' title='bbox 683 1647 1093 1718; x_wconf 79' lang='grc' dir='ltr'>πνευματικῶν,</span> <span class='ocrx_word' id='word_1_149' title='bbox 1127 1647 1194 1701; x_wconf 83' lang='grc' dir='ltr'>ἀν</span> <span class='ocrx_word' id='word_1_150' title='bbox 1239 1646 1374 1700; x_wconf 84' lang='grc' dir='ltr'>δέκα</span> <span class='ocrx_word' id='word_1_151' title='bbox 1425 1644 1810 1718; x_wconf 79' lang='grc' dir='ltr'>κατορθώσωσι</span> <span class='ocrx_word' id='word_1_152' title='bbox 1867 1646 2039 1714; x_wconf 80' lang='grc' dir='ltr'>μόνοι,</span> 
     </span>
    </p>
   </div>
   <div class='ocr_carea' id='block_1_20' title="bbox 359 1722 2038 1798">
    <p class='ocr_par' dir='ltr' id='par_1_20' title="bbox 359 1722 2038 1798">
     <span class='ocr_line' id='line_1_20' title="bbox 359 1722 2038 1798; baseline 0.001 -23"><span class='ocrx_word' id='word_1_153' title='bbox 359 1723 544 1795; x_wconf 74' lang='grc' dir='ltr'>πυράν</span> <span class='ocrx_word' id='word_1_154' title='bbox 567 1725 866 1796; x_wconf 74' lang='grc' dir='ltr'>ὁλόκληρον</span> <span class='ocrx_word' id='word_1_155' title='bbox 899 1728 980 1790; x_wconf 87' lang='grc' dir='ltr'>εἰς</span> <span class='ocrx_word' id='word_1_156' title='bbox 1023 1727 1123 1798; x_wconf 82' lang='grc' dir='ltr'>τὴν</span> <span class='ocrx_word' id='word_1_157' title='bbox 1156 1725 1311 1779; x_wconf 86' lang='grc' dir='ltr'>πόλιν</span> <span class='ocrx_word' id='word_1_158' title='bbox 1339 1725 1616 1795; x_wconf 80' lang='grc' dir='ltr'>ἀνάψομεν</span> <span class='ocrx_word' id='word_1_159' title='bbox 1650 1723 1764 1794; x_wconf 87' lang='grc' dir='ltr'>φῶς</span> <span class='ocrx_word' id='word_1_160' title='bbox 1789 1722 2038 1793; x_wconf 71' lang='grc' dir='ltr'>ἔχουσαν,</span> 
     </span>
    </p>
   </div>
   <div class='ocr_carea' id='block_1_21' title="bbox 358 1802 2041 1876">
    <p class='ocr_par' dir='ltr' id='par_1_21' title="bbox 358 1802 2041 1876">
     <span class='ocr_line' id='line_1_21' title="bbox 358 1802 2041 1876; baseline -0.001 -20"><span class='ocrx_word' id='word_1_161' title='bbox 358 1803 458 1856; x_wconf 74' lang='grc' dir='ltr'>καὶ</span> <span class='ocrx_word' id='word_1_162' title='bbox 486 1804 790 1871; x_wconf 79' lang='grc' dir='ltr'>ἀσφάλειαν</span> <span class='ocrx_word' id='word_1_163' title='bbox 817 1807 952 1875; x_wconf 82' lang='grc' dir='ltr'>ἡμῖν</span> <span class='ocrx_word' id='word_1_164' title='bbox 981 1805 1336 1876; x_wconf 79' lang='grc' dir='ltr'>κομίζουσαν.</span> <span class='ocrx_word' id='word_1_165' title='bbox 1376 1805 1448 1856; x_wconf 87' lang='grc' dir='ltr'>Ού</span> <span class='ocrx_word' id='word_1_166' title='bbox 1476 1803 1584 1874; x_wconf 83' lang='grc' dir='ltr'>γὰρ</span> <span class='ocrx_word' id='word_1_167' title='bbox 1617 1803 1758 1856; x_wconf 71' lang='grc' dir='ltr'>οὕτω</span> <span class='ocrx_word' id='word_1_168' title='bbox 1784 1803 1884 1874; x_wconf 83' lang='grc' dir='ltr'>τῆς</span> <span class='ocrx_word' id='word_1_169' title='bbox 1909 1802 2041 1870; x_wconf 78' lang='grc' dir='ltr'>φλο-</span> 
     </span>
    </p>
   </div>
   <div class='ocr_carea' id='block_1_22' title="bbox 358 1879 2040 1954">
    <p class='ocr_par' dir='ltr' id='par_1_22' title="bbox 358 1879 2040 1954">
     <span class='ocr_line' id='line_1_22' title="bbox 358 1879 2040 1954; baseline 0.001 -22"><span class='ocrx_word' id='word_1_170' title='bbox 358 1881 456 1949; x_wconf 80' lang='grc' dir='ltr'>γὸς</span> <span class='ocrx_word' id='word_1_171' title='bbox 480 1884 512 1951; x_wconf 72' lang='grc' dir='ltr'>η</span> <span class='ocrx_word' id='word_1_172' title='bbox 537 1882 698 1949; x_wconf 86' lang='grc' dir='ltr'>φύσις</span> <span class='ocrx_word' id='word_1_173' title='bbox 722 1885 802 1947; x_wconf 87' lang='grc' dir='ltr'>είς</span> <span class='ocrx_word' id='word_1_174' title='bbox 835 1884 966 1952; x_wconf 84' lang='grc' dir='ltr'>’ύλην</span> <span class='ocrx_word' id='word_1_175' title='bbox 995 1882 1460 1954; x_wconf 80' lang='grc' dir='ltr'>ἐμπεσοῦσα,τῶν</span> <span class='ocrx_word' id='word_1_176' title='bbox 1488 1883 1812 1951; x_wconf 72' lang='grc' dir='ltr'>ἐγγιζόντων</span> <span class='ocrx_word' id='word_1_177' title='bbox 1837 1883 1923 1934; x_wconf 77' lang='grc' dir='ltr'>ἀεὶ</span> <span class='ocrx_word' id='word_1_178' title='bbox 1951 1879 2040 1945; x_wconf 87' lang='grc' dir='ltr'>ξύ-</span> 
     </span>
    </p>
   </div>
   <div class='ocr_carea' id='block_1_23' title="bbox 357 1959 2042 2034">
    <p class='ocr_par' dir='ltr' id='par_1_23' title="bbox 357 1959 2042 2034">
     <span class='ocr_line' id='line_1_23' title="bbox 357 1959 2042 2034; baseline 0.001 -22"><span class='ocrx_word' id='word_1_179' title='bbox 357 1959 469 2012; x_wconf 84' lang='grc' dir='ltr'>λων</span> <span class='ocrx_word' id='word_1_180' title='bbox 493 1960 746 2026; x_wconf 76' lang='grc' dir='ltr'>ἅπτεται,</span> <span class='ocrx_word' id='word_1_181' title='bbox 779 1962 855 2026; x_wconf 85' lang='grc' dir='ltr'>ὡς</span> <span class='ocrx_word' id='word_1_182' title='bbox 883 1963 1082 2034; x_wconf 86' lang='grc' dir='ltr'>ἀρετῆς</span> <span class='ocrx_word' id='word_1_183' title='bbox 1111 1961 1293 2032; x_wconf 84' lang='grc' dir='ltr'>ζῆλος,</span> <span class='ocrx_word' id='word_1_184' title='bbox 1337 1962 1417 2022; x_wconf 87' lang='grc' dir='ltr'>εἰς</span> <span class='ocrx_word' id='word_1_185' title='bbox 1439 1961 1621 2031; x_wconf 71' lang='grc' dir='ltr'>ψυχὰς</span> <span class='ocrx_word' id='word_1_186' title='bbox 1652 1961 1837 2028; x_wconf 80' lang='grc' dir='ltr'>ὀλίγας</span> <span class='ocrx_word' id='word_1_187' title='bbox 1871 1962 2042 2030; x_wconf 75' lang='grc' dir='ltr'>ἐμπε-</span> 
     </span>
    </p>
   </div>
   <div class='ocr_carea' id='block_1_24' title="bbox 360 2038 2042 2112">
    <p class='ocr_par' dir='ltr' id='par_1_24' title="bbox 360 2038 2042 2112">
     <span class='ocr_line' id='line_1_24' title="bbox 360 2038 2042 2112; baseline 0 -20"><span class='ocrx_word' id='word_1_188' title='bbox 360 2038 494 2102; x_wconf 86' lang='grc' dir='ltr'>σὼν,</span> <span class='ocrx_word' id='word_1_189' title='bbox 679 2041 989 2112; x_wconf 78' lang='grc' dir='ltr'>προδαίνων</span> <span class='ocrx_word' id='word_1_190' title='bbox 1034 2042 1214 2094; x_wconf 80' lang='grc' dir='ltr'>πᾶσαν</span> <span class='ocrx_word' id='word_1_191' title='bbox 1252 2040 1533 2111; x_wconf 76' lang='grc' dir='ltr'>ἐμπλῆσαι</span> <span class='ocrx_word' id='word_1_192' title='bbox 1561 2042 1662 2109; x_wconf 78' lang='grc' dir='ltr'>τὴν</span> <span class='ocrx_word' id='word_1_193' title='bbox 1691 2039 1846 2092; x_wconf 88' lang='grc' dir='ltr'>πόλιν</span> <span class='ocrx_word' id='word_1_194' title='bbox 1881 2039 2042 2110; x_wconf 83' lang='grc' dir='ltr'>δυνή-</span> 
     </span>
    </p>
   </div>
   <div class='ocr_carea' id='block_1_25' title="bbox 358 2118 2042 2192">
    <p class='ocr_par' dir='ltr' id='par_1_25' title="bbox 358 2118 2042 2192">
     <span class='ocr_line' id='line_1_25' title="bbox 358 2118 2042 2192; baseline 0.001 -22"><span class='ocrx_word' id='word_1_195' title='bbox 358 2133 537 2171; x_wconf 72' lang='grc' dir='ltr'>σεται.</span> <span class='ocrx_word' id='word_1_196' title='bbox 567 2121 699 2173; x_wconf 86' lang='grc' dir='ltr'>Δότε</span> <span class='ocrx_word' id='word_1_197' title='bbox 721 2119 898 2173; x_wconf 82' lang='grc' dir='ltr'>τοίνυν</span> <span class='ocrx_word' id='word_1_198' title='bbox 925 2120 1049 2190; x_wconf 76' lang='grc' dir='ltr'>ἐμοὶ</span> <span class='ocrx_word' id='word_1_199' title='bbox 1077 2121 1458 2192; x_wconf 83' lang='grc' dir='ltr'>καυχήσασθαι</span> <span class='ocrx_word' id='word_1_200' title='bbox 1485 2119 1569 2188; x_wconf 76' lang='grc' dir='ltr'>ἐφ’</span> <span class='ocrx_word' id='word_1_201' title='bbox 1599 2119 1748 2188; x_wconf 84' lang='grc' dir='ltr'>ὑμῖν,</span> <span class='ocrx_word' id='word_1_202' title='bbox 1776 2118 1870 2172; x_wconf 83' lang='grc' dir='ltr'>καί</span> <span class='ocrx_word' id='word_1_203' title='bbox 1900 2119 2042 2172; x_wconf 85' lang='grc' dir='ltr'>κατά</span> 
     </span>
    </p>
   </div>
   <div class='ocr_carea' id='block_1_26' title="bbox 356 2197 2042 2271">
    <p class='ocr_par' dir='ltr' id='par_1_26' title="bbox 356 2197 2042 2271">
     <span class='ocr_line' id='line_1_26' title="bbox 356 2197 2042 2271; baseline -0.001 -21"><span class='ocrx_word' id='word_1_204' title='bbox 356 2197 452 2251; x_wconf 78' lang='grc' dir='ltr'>τὸν</span> <span class='ocrx_word' id='word_1_205' title='bbox 486 2198 730 2271; x_wconf 89' lang='grc' dir='ltr'>παρόντα</span> <span class='ocrx_word' id='word_1_206' title='bbox 758 2198 893 2269; x_wconf 80' lang='grc' dir='ltr'>βίον,</span> <span class='ocrx_word' id='word_1_207' title='bbox 929 2200 1022 2252; x_wconf 78' lang='grc' dir='ltr'>καὶ</span> <span class='ocrx_word' id='word_1_208' title='bbox 1049 2199 1194 2252; x_wconf 90' lang='grc' dir='ltr'>κατὰ</span> <span class='ocrx_word' id='word_1_209' title='bbox 1218 2199 1320 2270; x_wconf 80' lang='grc' dir='ltr'>τὴν</span> <span class='ocrx_word' id='word_1_210' title='bbox 1345 2197 1642 2268; x_wconf 86' lang='grc' dir='ltr'>μέλλουσαν</span> <span class='ocrx_word' id='word_1_211' title='bbox 1663 2199 1696 2266; x_wconf 82' lang='grc' dir='ltr'>ἡ</span> <span class='ocrx_word' id='word_1_212' title='bbox 1705 2197 1768 2266; x_wconf 89' lang='grc' dir='ltr'>μέ</span> <span class='ocrx_word' id='word_1_213' title='bbox 1779 2215 1896 2266; x_wconf 85' lang='grc' dir='ltr'>ραν.</span> <span class='ocrx_word' id='word_1_214' title='bbox 1914 2198 2042 2250; x_wconf 79' lang='grc' dir='ltr'>ὅταν</span> 
     </span>
    </p>
   </div>
   <div class='ocr_carea' id='block_1_27' title="bbox 355 2274 2045 2349">
    <p class='ocr_par' dir='ltr' id='par_1_27' title="bbox 355 2274 2045 2349">
     <span class='ocr_line' id='line_1_27' title="bbox 355 2274 2045 2349; baseline -0.001 -18"><span class='ocrx_word' id='word_1_215' title='bbox 355 2279 411 2331; x_wconf 80' lang='grc' dir='ltr'>οἰ</span> <span class='ocrx_word' id='word_1_216' title='bbox 444 2278 513 2332; x_wconf 87' lang='grc' dir='ltr'>τά</span> <span class='ocrx_word' id='word_1_217' title='bbox 540 2278 778 2334; x_wconf 85' lang='grc' dir='ltr'>τάλαντα</span> <span class='ocrx_word' id='word_1_218' title='bbox 808 2278 1264 2349; x_wconf 82' lang='grc' dir='ltr'>ὲμπιστευθέντες</span> <span class='ocrx_word' id='word_1_219' title='bbox 1293 2277 1622 2345; x_wconf 86' lang='grc' dir='ltr'>εἰσάγωνται</span> <span class='ocrx_word' id='word_1_220' title='bbox 1646 2293 1660 2306; x_wconf 75' lang='grc' dir='ltr'><strong>ο</strong></span> <span class='ocrx_word' id='word_1_221' title='bbox 1700 2274 1886 2346; x_wconf 87' lang='grc' dir='ltr'>ἀρκῶν</span> <span class='ocrx_word' id='word_1_222' title='bbox 1918 2275 2045 2345; x_wconf 78' lang='grc' dir='ltr'>ἐμοὶ</span> 
     </span>
    </p>
   </div>
   <div class='ocr_carea' id='block_1_28' title="bbox 423 2370 2041 2437">
    <p class='ocr_par' dir='ltr' id='par_1_28' title="bbox 423 2370 2041 2437">
     <span class='ocr_line' id='line_1_28' title="bbox 423 2370 2041 2437; baseline -0.004 -13"><span class='ocrx_word' id='word_1_223' title='bbox 423 2373 453 2404; x_wconf 78' lang='grc'>⁸</span> <span class='ocrx_word' id='word_1_224' title='bbox 477 2375 634 2424; x_wconf 76' lang='lat' dir='ltr'><strong>Savil.</strong></span> <span class='ocrx_word' id='word_1_225' title='bbox 660 2381 717 2424; x_wconf 81' lang='lat' dir='ltr'>el.</span> <span class='ocrx_word' id='word_1_226' title='bbox 736 2375 930 2437; x_wconf 71' lang='lat' dir='ltr'><strong>aliquot</strong></span> <span class='ocrx_word' id='word_1_227' title='bbox 951 2387 1068 2423; x_wconf 84' lang='lat' dir='ltr'>mss.</span> <span class='ocrx_word' id='word_1_228' title='bbox 1101 2373 1437 2437; x_wconf 76' lang='grc' dir='ltr'>διαλυσόμεθα,</span> <span class='ocrx_word' id='word_1_229' title='bbox 1466 2372 1588 2421; x_wconf 76' lang='lat' dir='ltr'>Mor.</span> <span class='ocrx_word' id='word_1_230' title='bbox 1615 2376 1670 2422; x_wconf 78' lang='lat' dir='ltr'>et</span> <span class='ocrx_word' id='word_1_231' title='bbox 1699 2371 1782 2420; x_wconf 82' lang='lat' dir='ltr'><strong>alii</strong></span> <span class='ocrx_word' id='word_1_232' title='bbox 1809 2370 2041 2419; x_wconf 82' lang='grc' dir='ltr'>διαλύσει.</span> 
     </span>
    </p>
   </div>
   <div class='ocr_carea' id='block_1_29' title="bbox 2153 379 3827 454">
    <p class='ocr_par' dir='ltr' id='par_1_29' title="bbox 2153 379 3827 454">
     <span class='ocr_line' id='line_1_29' title="bbox 2153 379 3827 454; baseline 0.001 -20"><span class='ocrx_word' id='word_1_233' title='bbox 2153 382 2344 453; x_wconf 81' lang='grc' dir='ltr'>μισθὸς</span> <span class='ocrx_word' id='word_1_234' title='bbox 2373 383 2483 437; x_wconf 87' lang='grc' dir='ltr'>τῶν</span> <span class='ocrx_word' id='word_1_235' title='bbox 2508 384 2686 437; x_wconf 88' lang='grc' dir='ltr'>πόνων</span> <span class='ocrx_word' id='word_1_236' title='bbox 2713 384 2747 452; x_wconf 79' lang='grc' dir='ltr'><strong>ἡ</strong></span> <span class='ocrx_word' id='word_1_237' title='bbox 2775 381 3017 453; x_wconf 79' lang='grc' dir='ltr'>ὑμετέρα</span> <span class='ocrx_word' id='word_1_238' title='bbox 3045 380 3415 454; x_wconf 78' lang='grc' dir='ltr'>εὖδοκίμησις,</span> <span class='ocrx_word' id='word_1_239' title='bbox 3447 379 3546 436; x_wconf 77' lang='grc' dir='ltr'>κάν</span> <span class='ocrx_word' id='word_1_240' title='bbox 3570 380 3663 434; x_wconf 83' lang='grc' dir='ltr'>ῖδω</span> <span class='ocrx_word' id='word_1_241' title='bbox 3684 384 3827 453; x_wconf 75' lang='grc' dir='ltr'>ὑμᾶς</span> 
     </span>
    </p>
   </div>
   <div class='ocr_carea' id='block_1_30' title="bbox 2151 463 3828 538">
    <p class='ocr_par' dir='ltr' id='par_1_30' title="bbox 2151 463 3828 538">
     <span class='ocr_line' id='line_1_30' title="bbox 2151 463 3828 538; baseline -0.001 -18"><span class='ocrx_word' id='word_1_242' title='bbox 2151 466 2269 537; x_wconf 84' lang='grc' dir='ltr'>μετ’</span> <span class='ocrx_word' id='word_1_243' title='bbox 2303 467 2626 530; x_wconf 72' lang='grc' dir='ltr'>εύσεδείαςι)</span> <span class='ocrx_word' id='word_1_244' title='bbox 2667 465 2896 530; x_wconf 78' lang='grc' dir='ltr'>ζῶντας,</span> <span class='ocrx_word' id='word_1_245' title='bbox 2941 464 3005 516; x_wconf 80' lang='grc' dir='ltr'>τὸ</span> <span class='ocrx_word' id='word_1_246' title='bbox 3053 466 3162 519; x_wconf 81' lang='grc' dir='ltr'>πᾶν</span> <span class='ocrx_word' id='word_1_247' title='bbox 3204 463 3501 538; x_wconf 87' lang='grc' dir='ltr'>άπείληφα.</span> <span class='ocrx_word' id='word_1_248' title='bbox 3558 463 3828 535; x_wconf 73' lang='grc' dir='ltr'>Ποιήσατε.</span> 
     </span>
    </p>
   </div>
   <div class='ocr_carea' id='block_1_31' title="bbox 2152 542 3829 616">
    <p class='ocr_par' dir='ltr' id='par_1_31' title="bbox 2152 542 3829 616">
     <span class='ocr_line' id='line_1_31' title="bbox 2152 542 3829 616; baseline 0 -19"><span class='ocrx_word' id='word_1_249' title='bbox 2152 545 2347 609; x_wconf 84' lang='grc' dir='ltr'>τοίνυν,</span> <span class='ocrx_word' id='word_1_250' title='bbox 2382 546 2420 603; x_wconf 66' lang='grc' dir='ltr'>ὃ,</span> <span class='ocrx_word' id='word_1_251' title='bbox 2458 547 2553 600; x_wconf 85' lang='grc' dir='ltr'>καὶ</span> <span class='ocrx_word' id='word_1_252' title='bbox 2589 544 2716 616; x_wconf 81' lang='grc' dir='ltr'>χθὲς</span> <span class='ocrx_word' id='word_1_253' title='bbox 2747 544 3031 615; x_wconf 79' lang='grc' dir='ltr'>παρῄνεσά</span> <span class='ocrx_word' id='word_1_254' title='bbox 3069 560 3130 596; x_wconf 90' lang='grc' dir='ltr'>τε</span> <span class='ocrx_word' id='word_1_255' title='bbox 3171 545 3266 597; x_wconf 76' lang='grc' dir='ltr'>καὶ</span> <span class='ocrx_word' id='word_1_256' title='bbox 3299 545 3536 616; x_wconf 83' lang='grc' dir='ltr'>σήμερον</span> <span class='ocrx_word' id='word_1_257' title='bbox 3571 542 3704 615; x_wconf 81' lang='grc' dir='ltr'>ὲρῶ,</span> <span class='ocrx_word' id='word_1_258' title='bbox 3733 544 3829 597; x_wconf 79' lang='grc' dir='ltr'>καὶ</span> 
     </span>
    </p>
   </div>
   <div class='ocr_carea' id='block_1_32' title="bbox 2150 621 3828 695">
    <p class='ocr_par' dir='ltr' id='par_1_32' title="bbox 2150 621 3828 695">
     <span class='ocr_line' id='line_1_32' title="bbox 2150 621 3828 695; baseline -0.003 -15"><span class='ocrx_word' id='word_1_259' title='bbox 2150 625 2320 694; x_wconf 73' lang='grc' dir='ltr'>λέγων</span> <span class='ocrx_word' id='word_1_260' title='bbox 2340 625 2401 677; x_wconf 85' lang='grc' dir='ltr'>οὐ</span> <span class='ocrx_word' id='word_1_261' title='bbox 2429 625 2710 695; x_wconf 89' lang='grc' dir='ltr'>παύσομαι</span> <span class='ocrx_word' id='word_1_262' title='bbox 2725 641 2740 656; x_wconf 72' lang='grc' dir='ltr'><strong>ο</strong></span> <span class='ocrx_word' id='word_1_263' title='bbox 2770 622 3067 693; x_wconf 82' lang='grc' dir='ltr'>καταδίκην</span> <span class='ocrx_word' id='word_1_264' title='bbox 3089 621 3230 676; x_wconf 88' lang='grc' dir='ltr'>κατὰ</span> <span class='ocrx_word' id='word_1_265' title='bbox 3251 622 3358 676; x_wconf 89' lang='grc' dir='ltr'>τῶν</span> <span class='ocrx_word' id='word_1_266' title='bbox 3380 622 3690 693; x_wconf 86' lang='grc' dir='ltr'>όμνυόντων</span> <span class='ocrx_word' id='word_1_267' title='bbox 3710 621 3828 692; x_wconf 79' lang='grc' dir='ltr'>όρίο</span> 
     </span>
    </p>
   </div>
   <div class='ocr_carea' id='block_1_33' title="bbox 2147 699 3826 774">
    <p class='ocr_par' dir='ltr' id='par_1_33' title="bbox 2147 699 3826 774">
     <span class='ocr_line' id='line_1_33' title="bbox 2147 699 3826 774; baseline -0.002 -19"><span class='ocrx_word' id='word_1_268' title='bbox 2147 721 2359 770; x_wconf 86' lang='grc' dir='ltr'>σαντες,</span> <span class='ocrx_word' id='word_1_269' title='bbox 2395 705 2692 773; x_wconf 83' lang='grc' dir='ltr'>καταδίκην</span> <span class='ocrx_word' id='word_1_270' title='bbox 2745 701 2937 774; x_wconf 80' lang='grc' dir='ltr'>κέρδος</span> <span class='ocrx_word' id='word_1_271' title='bbox 2979 701 3229 772; x_wconf 73' lang='grc' dir='ltr'>ἔχουσαν,</span> <span class='ocrx_word' id='word_1_272' title='bbox 3264 701 3325 752; x_wconf 82' lang='grc' dir='ltr'>οὐ</span> <span class='ocrx_word' id='word_1_273' title='bbox 3366 699 3588 770; x_wconf 81' lang='grc' dir='ltr'>ζημίαν,</span> <span class='ocrx_word' id='word_1_274' title='bbox 3635 717 3826 771; x_wconf 83' lang='grc' dir='ltr'>παρα·-</span> 
     </span>
    </p>
   </div>
   <div class='ocr_carea' id='block_1_34' title="bbox 2150 777 3825 851">
    <p class='ocr_par' dir='ltr' id='par_1_34' title="bbox 2150 777 3825 851">
     <span class='ocr_line' id='line_1_34' title="bbox 2150 777 3825 851; baseline -0.002 -17"><span class='ocrx_word' id='word_1_275' title='bbox 2150 783 2490 835; x_wconf 87' lang='grc' dir='ltr'>σκευάσασθε</span> <span class='ocrx_word' id='word_1_276' title='bbox 2522 781 2704 837; x_wconf 80' lang='grc' dir='ltr'>λοιπὸν</span> <span class='ocrx_word' id='word_1_277' title='bbox 2737 781 2810 844; x_wconf 86' lang='grc' dir='ltr'>ὡς</span> <span class='ocrx_word' id='word_1_278' title='bbox 2839 780 3066 850; x_wconf 79' lang='grc' dir='ltr'>δοκιμὴν</span> <span class='ocrx_word' id='word_1_279' title='bbox 3107 780 3238 851; x_wconf 75' lang='grc' dir='ltr'>ἡμῖν</span> <span class='ocrx_word' id='word_1_280' title='bbox 3268 777 3528 842; x_wconf 88' lang='grc' dir='ltr'>δώσοντες</span> <span class='ocrx_word' id='word_1_281' title='bbox 3565 778 3660 833; x_wconf 89' lang='grc' dir='ltr'>τοῦ</span> <span class='ocrx_word' id='word_1_282' title='bbox 3691 791 3825 833; x_wconf 81' lang='grc' dir='ltr'>κατ-</span> 
     </span>
    </p>
   </div>
   <div class='ocr_carea' id='block_1_35' title="bbox 2146 856 3825 932">
    <p class='ocr_par' dir='ltr' id='par_1_35' title="bbox 2146 856 3825 932">
     <span class='ocr_line' id='line_1_35' title="bbox 2146 856 3825 932; baseline -0.001 -20"><span class='ocrx_word' id='word_1_283' title='bbox 2146 860 2484 931; x_wconf 88' lang='grc' dir='ltr'>ορθώματος.</span> <span class='ocrx_word' id='word_1_284' title='bbox 2521 862 2630 914; x_wconf 74' lang='grc' dir='ltr'>Καὶ</span> <span class='ocrx_word' id='word_1_285' title='bbox 2674 860 2781 931; x_wconf 83' lang='grc' dir='ltr'>γὰρ</span> <span class='ocrx_word' id='word_1_286' title='bbox 2819 859 3150 932; x_wconf 85' lang='grc' dir='ltr'>πειράσομαι</span> <span class='ocrx_word' id='word_1_287' title='bbox 3214 856 3350 928; x_wconf 74' lang='grc' dir='ltr'>πρὸς</span> <span class='ocrx_word' id='word_1_288' title='bbox 3396 856 3626 910; x_wconf 72' lang='grc' dir='ltr'>ἕκαστον</span> <span class='ocrx_word' id='word_1_289' title='bbox 3669 858 3825 928; x_wconf 81' lang='grc' dir='ltr'>ὑμῶν</span> 
     </span>
    </p>
   </div>
   <div class='ocr_carea' id='block_1_36' title="bbox 2151 936 3827 1010">
    <p class='ocr_par' dir='ltr' id='par_1_36' title="bbox 2151 936 3827 1010">
     <span class='ocr_line' id='line_1_36' title="bbox 2151 936 3827 1010; baseline -0.004 -17"><span class='ocrx_word' id='word_1_290' title='bbox 2151 940 2360 1010; x_wconf 80' lang='grc' dir='ltr'>μακρὸν</span> <span class='ocrx_word' id='word_1_291' title='bbox 2389 941 2670 993; x_wconf 86' lang='grc' dir='ltr'>ἀποτεῖναι</span> <span class='ocrx_word' id='word_1_292' title='bbox 2716 940 2871 1008; x_wconf 85' lang='grc' dir='ltr'>λόγον</span> <span class='ocrx_word' id='word_1_293' title='bbox 2912 937 3006 991; x_wconf 89' lang='grc' dir='ltr'>τοῦ</span> <span class='ocrx_word' id='word_1_294' title='bbox 3035 937 3292 1005; x_wconf 81' lang='grc' dir='ltr'>συλλόγου</span> <span class='ocrx_word' id='word_1_295' title='bbox 3324 936 3518 988; x_wconf 89' lang='grc' dir='ltr'>τούτου</span> <span class='ocrx_word' id='word_1_296' title='bbox 3550 936 3827 990; x_wconf 63' lang='grc' dir='ltr'>διαλυθέν..</span> 
     </span>
    </p>
   </div>
   <div class='ocr_carea' id='block_1_37' title="bbox 2146 1015 3828 1090">
    <p class='ocr_par' dir='ltr' id='par_1_37' title="bbox 2146 1015 3828 1090">
     <span class='ocr_line' id='line_1_37' title="bbox 2146 1015 3828 1090; baseline 0.001 -22"><span class='ocrx_word' id='word_1_297' title='bbox 2146 1034 2256 1081; x_wconf 86' lang='grc' dir='ltr'>τος,</span> <span class='ocrx_word' id='word_1_298' title='bbox 2277 1019 2365 1072; x_wconf 86' lang='grc' dir='ltr'>ἴνα</span> <span class='ocrx_word' id='word_1_299' title='bbox 2390 1021 2447 1072; x_wconf 84' lang='grc' dir='ltr'>ὲν</span> <span class='ocrx_word' id='word_1_300' title='bbox 2465 1018 2544 1089; x_wconf 84' lang='grc' dir='ltr'>τῷ</span> <span class='ocrx_word' id='word_1_301' title='bbox 2568 1021 2730 1090; x_wconf 77' lang='grc' dir='ltr'>μήκει</span> <span class='ocrx_word' id='word_1_302' title='bbox 2750 1019 2858 1071; x_wconf 88' lang='grc' dir='ltr'>τῶν</span> <span class='ocrx_word' id='word_1_303' title='bbox 2881 1018 3192 1088; x_wconf 88' lang='grc' dir='ltr'>λεγομένων</span> <span class='ocrx_word' id='word_1_304' title='bbox 3215 1015 3361 1087; x_wconf 86' lang='grc' dir='ltr'>εῦρω</span> <span class='ocrx_word' id='word_1_305' title='bbox 3381 1016 3507 1079; x_wconf 80' lang='grc' dir='ltr'>τοὺς</span> <span class='ocrx_word' id='word_1_306' title='bbox 3529 1015 3828 1088; x_wconf 88' lang='grc' dir='ltr'>κατωρθω-</span> 
     </span>
    </p>
   </div>
   <div class='ocr_carea' id='block_1_38' title="bbox 2147 1095 3829 1168">
    <p class='ocr_par' dir='ltr' id='par_1_38' title="bbox 2147 1095 3829 1168">
     <span class='ocr_line' id='line_1_38' title="bbox 2147 1095 3829 1168; baseline -0.001 -19"><span class='ocrx_word' id='word_1_307' title='bbox 2147 1098 2312 1161; x_wconf 81' lang='grc' dir='ltr'>κότας</span> <span class='ocrx_word' id='word_1_308' title='bbox 2335 1110 2357 1137; x_wconf 74' lang='grc' dir='ltr'><strong>ο</strong></span> <span class='ocrx_word' id='word_1_309' title='bbox 2377 1116 2390 1128; x_wconf 87' lang='grc'><strong>·</strong></span> <span class='ocrx_word' id='word_1_310' title='bbox 2424 1100 2524 1151; x_wconf 82' lang='grc' dir='ltr'>κᾶν</span> <span class='ocrx_word' id='word_1_311' title='bbox 2551 1099 2642 1151; x_wconf 86' lang='grc' dir='ltr'>ῖδω</span> <span class='ocrx_word' id='word_1_312' title='bbox 2671 1099 2791 1152; x_wconf 81' lang='grc' dir='ltr'>τινὰ</span> <span class='ocrx_word' id='word_1_313' title='bbox 2820 1097 3113 1168; x_wconf 78' lang='grc' dir='ltr'>ὀμνύοντα,</span> <span class='ocrx_word' id='word_1_314' title='bbox 3141 1098 3347 1150; x_wconf 79' lang='grc' dir='ltr'>ἅπασιν</span> <span class='ocrx_word' id='word_1_315' title='bbox 3374 1095 3537 1148; x_wconf 81' lang='grc' dir='ltr'>αὐτὸν</span> <span class='ocrx_word' id='word_1_316' title='bbox 3562 1096 3674 1156; x_wconf 85' lang='grc' dir='ltr'>τοῖς</span> <span class='ocrx_word' id='word_1_317' title='bbox 3697 1111 3829 1147; x_wconf 88' lang='grc' dir='ltr'>κατ-</span> 
     </span>
    </p>
   </div>
   <div class='ocr_carea' id='block_1_39' title="bbox 2147 1173 3827 1248">
    <p class='ocr_par' dir='ltr' id='par_1_39' title="bbox 2147 1173 3827 1248">
     <span class='ocr_line' id='line_1_39' title="bbox 2147 1173 3827 1248; baseline -0.004 -19"><span class='ocrx_word' id='word_1_318' title='bbox 2147 1176 2434 1246; x_wconf 88' lang='grc' dir='ltr'>ωρθωκόσι</span> <span class='ocrx_word' id='word_1_319' title='bbox 2464 1179 2674 1248; x_wconf 80' lang='grc' dir='ltr'>ποιήσω</span> <span class='ocrx_word' id='word_1_320' title='bbox 2703 1178 2953 1248; x_wconf 85' lang='grc' dir='ltr'>φανερὸν,</span> <span class='ocrx_word' id='word_1_321' title='bbox 2978 1178 3063 1230; x_wconf 74' lang='grc' dir='ltr'>ἵνα</span> <span class='ocrx_word' id='word_1_322' title='bbox 3090 1174 3474 1245; x_wconf 75' lang='grc' dir='ltr'>ἐπιτιμῶντες,</span> <span class='ocrx_word' id='word_1_323' title='bbox 3492 1173 3827 1243; x_wconf 76' lang='grc' dir='ltr'>ἐλέγχοντες,</span> 
     </span>
    </p>
   </div>
   <div class='ocr_carea' id='block_1_40' title="bbox 2145 1251 3830 1329">
    <p class='ocr_par' dir='ltr' id='par_1_40' title="bbox 2145 1251 3830 1329">
     <span class='ocr_line' id='line_1_40' title="bbox 2145 1251 3830 1329; baseline -0.001 -19"><span class='ocrx_word' id='word_1_324' title='bbox 2145 1256 2508 1329; x_wconf 79' lang='grc' dir='ltr'>διορθοῦντες,</span> <span class='ocrx_word' id='word_1_325' title='bbox 2541 1257 2754 1327; x_wconf 87' lang='grc' dir='ltr'>ταχέως</span> <span class='ocrx_word' id='word_1_326' title='bbox 2784 1257 2946 1309; x_wconf 68' lang='grc' dir='ltr'>αὑτὸν</span> <span class='ocrx_word' id='word_1_327' title='bbox 2995 1255 3096 1324; x_wconf 88' lang='grc' dir='ltr'>τῆς</span> <span class='ocrx_word' id='word_1_328' title='bbox 3140 1257 3385 1325; x_wconf 81' lang='grc' dir='ltr'>πονηρᾶς</span> <span class='ocrx_word' id='word_1_329' title='bbox 3427 1251 3830 1322; x_wconf 70' lang='grc' dir='ltr'>ἀπαλλάξωμεν</span> 
     </span>
    </p>
   </div>
   <div class='ocr_carea' id='block_1_41' title="bbox 2147 1332 3830 1410">
    <p class='ocr_par' dir='ltr' id='par_1_41' title="bbox 2147 1332 3830 1410">
     <span class='ocr_line' id='line_1_41' title="bbox 2147 1332 3830 1410; baseline -0.007 -20"><span class='ocrx_word' id='word_1_330' title='bbox 2147 1337 2453 1410; x_wconf 88' lang='grc' dir='ltr'>συνηθείας.</span> <span class='ocrx_word' id='word_1_331' title='bbox 2484 1340 2591 1390; x_wconf 80' lang='grc' dir='ltr'>Καὶ</span> <span class='ocrx_word' id='word_1_332' title='bbox 2636 1337 2745 1406; x_wconf 86' lang='grc' dir='ltr'>γὰρ</span> <span class='ocrx_word' id='word_1_333' title='bbox 2791 1336 2996 1407; x_wconf 84' lang='grc' dir='ltr'>βέλτιον</span> <span class='ocrx_word' id='word_1_334' title='bbox 3031 1334 3263 1388; x_wconf 80' lang='grc' dir='ltr'>ἐνταῦθα</span> <span class='ocrx_word' id='word_1_335' title='bbox 3299 1333 3660 1387; x_wconf 85' lang='grc' dir='ltr'>όνειδισθέντα</span> <span class='ocrx_word' id='word_1_336' title='bbox 3683 1332 3830 1400; x_wconf 78' lang='grc' dir='ltr'>διορ.</span> 
     </span>
    </p>
   </div>
   <div class='ocr_carea' id='block_1_42' title="bbox 2145 1411 3826 1486">
    <p class='ocr_par' dir='ltr' id='par_1_42' title="bbox 2145 1411 3826 1486">
     <span class='ocr_line' id='line_1_42' title="bbox 2145 1411 3826 1486; baseline -0.004 -17"><span class='ocrx_word' id='word_1_337' title='bbox 2145 1415 2444 1478; x_wconf 88' lang='grc' dir='ltr'>θώσασθαι,</span> <span class='ocrx_word' id='word_1_338' title='bbox 2475 1417 2508 1486; x_wconf 88' lang='grc' dir='ltr'>ἦ</span> <span class='ocrx_word' id='word_1_339' title='bbox 2535 1417 2674 1469; x_wconf 86' lang='grc' dir='ltr'>κατὰ</span> <span class='ocrx_word' id='word_1_340' title='bbox 2706 1417 2806 1485; x_wconf 82' lang='grc' dir='ltr'>τὴν</span> <span class='ocrx_word' id='word_1_341' title='bbox 2843 1417 3054 1486; x_wconf 81' lang='grc' dir='ltr'>ἡμέραν</span> <span class='ocrx_word' id='word_1_342' title='bbox 3092 1414 3308 1482; x_wconf 74' lang='grc' dir='ltr'>ἐκείνην</span> <span class='ocrx_word' id='word_1_343' title='bbox 3339 1415 3490 1482; x_wconf 83' lang='grc' dir='ltr'>κοινῇ</span> <span class='ocrx_word' id='word_1_344' title='bbox 3520 1411 3620 1481; x_wconf 87' lang='grc' dir='ltr'>τῆς</span> <span class='ocrx_word' id='word_1_345' title='bbox 3646 1411 3826 1464; x_wconf 78' lang='grc' dir='ltr'>οἰκου-</span> 
     </span>
    </p>
   </div>
   <div class='ocr_carea' id='block_1_43' title="bbox 2148 1489 3824 1565">
    <p class='ocr_par' dir='ltr' id='par_1_43' title="bbox 2148 1489 3824 1565">
     <span class='ocr_line' id='line_1_43' title="bbox 2148 1489 3824 1565; baseline -0.003 -19"><span class='ocrx_word' id='word_1_346' title='bbox 2148 1494 2317 1565; x_wconf 84' lang='grc' dir='ltr'>μένης</span> <span class='ocrx_word' id='word_1_347' title='bbox 2369 1495 2586 1564; x_wconf 87' lang='grc' dir='ltr'>ἀπάσης</span> <span class='ocrx_word' id='word_1_348' title='bbox 2631 1493 2912 1564; x_wconf 81' lang='grc' dir='ltr'>παρούσης</span> <span class='ocrx_word' id='word_1_349' title='bbox 2954 1493 3282 1562; x_wconf 72' lang='grc' dir='ltr'>ἀσχημονεῖν</span> <span class='ocrx_word' id='word_1_350' title='bbox 3333 1491 3426 1543; x_wconf 73' lang='grc' dir='ltr'>καὶ</span> <span class='ocrx_word' id='word_1_351' title='bbox 3477 1489 3824 1555; x_wconf 78' lang='grc' dir='ltr'>κολάζεσθαι,</span> 
     </span>
    </p>
   </div>
   <div class='ocr_carea' id='block_1_44' title="bbox 2143 1568 3824 1644">
    <p class='ocr_par' dir='ltr' id='par_1_44' title="bbox 2143 1568 3824 1644">
     <span class='ocr_line' id='line_1_44' title="bbox 2143 1568 3824 1644; baseline 0 -20"><span class='ocrx_word' id='word_1_352' title='bbox 2143 1572 2252 1624; x_wconf 87' lang='grc' dir='ltr'>τῶν</span> <span class='ocrx_word' id='word_1_353' title='bbox 2288 1573 2700 1644; x_wconf 82' lang='grc' dir='ltr'>ἁμαρτημάτων</span> <span class='ocrx_word' id='word_1_354' title='bbox 2727 1573 2857 1642; x_wconf 87' lang='grc' dir='ltr'>ἡμῖν</span> <span class='ocrx_word' id='word_1_355' title='bbox 2896 1571 3000 1624; x_wconf 72' lang='grc' dir='ltr'>ὑπὸ</span> <span class='ocrx_word' id='word_1_356' title='bbox 3041 1574 3154 1633; x_wconf 89' lang='grc' dir='ltr'>τοῖς</span> <span class='ocrx_word' id='word_1_357' title='bbox 3193 1569 3447 1624; x_wconf 86' lang='grc' dir='ltr'>ἁπάντων</span> <span class='ocrx_word' id='word_1_358' title='bbox 3481 1568 3824 1624; x_wconf 75' lang='grc' dir='ltr'>ἐκκαλυπτο-</span> 
     </span>
    </p>
   </div>
   <div class='ocr_carea' id='block_1_45' title="bbox 2149 1647 3826 1722">
    <p class='ocr_par' dir='ltr' id='par_1_45' title="bbox 2149 1647 3826 1722">
     <span class='ocr_line' id='line_1_45' title="bbox 2149 1647 3826 1722; baseline -0.002 -18"><span class='ocrx_word' id='word_1_359' title='bbox 2149 1651 2325 1721; x_wconf 89' lang='grc' dir='ltr'>μένων</span> <span class='ocrx_word' id='word_1_360' title='bbox 2373 1650 2869 1722; x_wconf 80' lang='grc' dir='ltr'>όφθαλμοῖς.Ἀλλὰ</span> <span class='ocrx_word' id='word_1_361' title='bbox 2914 1651 2988 1722; x_wconf 86' lang='grc' dir='ltr'>μὴ</span> <span class='ocrx_word' id='word_1_362' title='bbox 3027 1649 3238 1718; x_wconf 89' lang='grc' dir='ltr'>γένοιτο</span> <span class='ocrx_word' id='word_1_363' title='bbox 3287 1647 3379 1702; x_wconf 89' lang='grc' dir='ltr'>τοῦ</span> <span class='ocrx_word' id='word_1_364' title='bbox 3421 1647 3586 1702; x_wconf 88' lang='grc' dir='ltr'>καλοῦ</span> <span class='ocrx_word' id='word_1_365' title='bbox 3631 1649 3826 1706; x_wconf 79' lang='grc' dir='ltr'>τούτου</span> 
     </span>
    </p>
   </div>
   <div class='ocr_carea' id='block_1_46' title="bbox 2148 1726 3830 1800">
    <p class='ocr_par' dir='ltr' id='par_1_46' title="bbox 2148 1726 3830 1800">
     <span class='ocr_line' id='line_1_46' title="bbox 2148 1726 3830 1800; baseline -0.002 -17"><span class='ocrx_word' id='word_1_366' title='bbox 2148 1730 2406 1798; x_wconf 88' lang='grc' dir='ltr'>συλλόγου</span> <span class='ocrx_word' id='word_1_367' title='bbox 2459 1730 2692 1800; x_wconf 89' lang='grc' dir='ltr'>φανῆναί</span> <span class='ocrx_word' id='word_1_368' title='bbox 2723 1747 2845 1782; x_wconf 90' lang='grc' dir='ltr'>τινα</span> <span class='ocrx_word' id='word_1_369' title='bbox 2875 1731 2999 1782; x_wconf 72' lang='grc' dir='ltr'>ἐκεῖ</span> <span class='ocrx_word' id='word_1_370' title='bbox 3043 1729 3216 1782; x_wconf 88' lang='grc' dir='ltr'>ταῦτα</span> <span class='ocrx_word' id='word_1_371' title='bbox 3260 1729 3560 1797; x_wconf 85' lang='grc' dir='ltr'>πάσχοντα,</span> <span class='ocrx_word' id='word_1_372' title='bbox 3594 1726 3708 1780; x_wconf 74' lang='grc' dir='ltr'>ἀλλ’</span> <span class='ocrx_word' id='word_1_373' title='bbox 3737 1728 3830 1780; x_wconf 75' lang='grc' dir='ltr'>εὐ-</span> 
     </span>
    </p>
   </div>
   <div class='ocr_carea' id='block_1_47' title="bbox 2144 1805 3827 1880">
    <p class='ocr_par' dir='ltr' id='par_1_47' title="bbox 2144 1805 3827 1880">
     <span class='ocr_line' id='line_1_47' title="bbox 2144 1805 3827 1880; baseline -0.003 -18"><span class='ocrx_word' id='word_1_374' title='bbox 2144 1812 2272 1880; x_wconf 89' lang='grc' dir='ltr'>χαῖς</span> <span class='ocrx_word' id='word_1_375' title='bbox 2303 1809 2411 1862; x_wconf 85' lang='grc' dir='ltr'>τῶν</span> <span class='ocrx_word' id='word_1_376' title='bbox 2438 1809 2612 1878; x_wconf 86' lang='grc' dir='ltr'>ἁγίων</span> <span class='ocrx_word' id='word_1_377' title='bbox 2645 1809 2897 1880; x_wconf 85' lang='grc' dir='ltr'>πατέρων</span> <span class='ocrx_word' id='word_1_378' title='bbox 2923 1809 3138 1862; x_wconf 77' lang='grc' dir='ltr'>ἅπαντα</span> <span class='ocrx_word' id='word_1_379' title='bbox 3173 1809 3240 1861; x_wconf 83' lang='grc' dir='ltr'>τὰ</span> <span class='ocrx_word' id='word_1_380' title='bbox 3270 1806 3642 1878; x_wconf 84' lang='grc' dir='ltr'>ἁμαρτήματα</span> <span class='ocrx_word' id='word_1_381' title='bbox 3681 1805 3827 1877; x_wconf 84' lang='grc' dir='ltr'>διορ-</span> 
     </span>
    </p>
   </div>
   <div class='ocr_carea' id='block_1_48' title="bbox 2145 1883 3824 1960">
    <p class='ocr_par' dir='ltr' id='par_1_48' title="bbox 2145 1883 3824 1960">
     <span class='ocr_line' id='line_1_48' title="bbox 2145 1883 3824 1960; baseline -0.001 -18"><span class='ocrx_word' id='word_1_382' title='bbox 2145 1889 2474 1960; x_wconf 88' lang='grc' dir='ltr'>θωσάμενοι,</span> <span class='ocrx_word' id='word_1_383' title='bbox 2509 1889 2714 1941; x_wconf 72' lang='grc' dir='ltr'>καὶτὸν</span> <span class='ocrx_word' id='word_1_384' title='bbox 2741 1887 2838 1958; x_wconf 90' lang='grc' dir='ltr'>τῆς</span> <span class='ocrx_word' id='word_1_385' title='bbox 2864 1887 3068 1958; x_wconf 89' lang='grc' dir='ltr'>ἀρετῆς</span> <span class='ocrx_word' id='word_1_386' title='bbox 3100 1886 3311 1958; x_wconf 85' lang='grc' dir='ltr'>καρπὸν</span> <span class='ocrx_word' id='word_1_387' title='bbox 3343 1885 3512 1939; x_wconf 81' lang='grc' dir='ltr'>πολὺν</span> <span class='ocrx_word' id='word_1_388' title='bbox 3555 1883 3824 1949; x_wconf 64' lang='grc' dir='ltr'>ἐπιδειξά-</span> 
     </span>
    </p>
   </div>
   <div class='ocr_carea' id='block_1_49' title="bbox 2148 1964 3827 2038">
    <p class='ocr_par' dir='ltr' id='par_1_49' title="bbox 2148 1964 3827 2038">
     <span class='ocr_line' id='line_1_49' title="bbox 2148 1964 3827 2038; baseline -0.004 -18"><span class='ocrx_word' id='word_1_389' title='bbox 2148 1985 2318 2038; x_wconf 86' lang='grc' dir='ltr'>μενοι,</span> <span class='ocrx_word' id='word_1_390' title='bbox 2365 1967 2503 2038; x_wconf 85' lang='grc' dir='ltr'>μετά</span> <span class='ocrx_word' id='word_1_391' title='bbox 2555 1967 2753 2038; x_wconf 77' lang='grc' dir='ltr'>πολλῆς</span> <span class='ocrx_word' id='word_1_392' title='bbox 2799 1966 3052 2020; x_wconf 80' lang='grc' dir='ltr'>ἐντεῦθεν</span> <span class='ocrx_word' id='word_1_393' title='bbox 3101 1965 3434 2035; x_wconf 89' lang='grc' dir='ltr'>ἀπέλθοιμεν</span> <span class='ocrx_word' id='word_1_394' title='bbox 3490 1964 3827 2035; x_wconf 68' lang='grc' dir='ltr'>παρρησίας,</span> 
     </span>
    </p>
   </div>
   <div class='ocr_carea' id='block_1_50' title="bbox 2144 2039 3830 2118">
    <p class='ocr_par' dir='ltr' id='par_1_50' title="bbox 2144 2039 3830 2118">
     <span class='ocr_line' id='line_1_50' title="bbox 2144 2039 3830 2118; baseline -0.005 -18"><span class='ocrx_word' id='word_1_395' title='bbox 2144 2047 2328 2118; x_wconf 87' lang='grc' dir='ltr'>χάριτι</span> <span class='ocrx_word' id='word_1_396' title='bbox 2354 2048 2448 2099; x_wconf 81' lang='grc' dir='ltr'>καὶ</span> <span class='ocrx_word' id='word_1_397' title='bbox 2477 2045 2860 2115; x_wconf 76' lang='grc' dir='ltr'>φιλανθρωπίᾳ</span> <span class='ocrx_word' id='word_1_398' title='bbox 2906 2043 3001 2098; x_wconf 87' lang='grc' dir='ltr'>τοῦ</span> <span class='ocrx_word' id='word_1_399' title='bbox 3033 2045 3239 2116; x_wconf 79' lang='grc' dir='ltr'>Κυρίου</span> <span class='ocrx_word' id='word_1_400' title='bbox 3268 2047 3301 2115; x_wconf 82' lang='grc' dir='ltr'>ἠ</span> <span class='ocrx_word' id='word_1_401' title='bbox 3312 2044 3429 2115; x_wconf 84' lang='grc' dir='ltr'>μῶν</span> <span class='ocrx_word' id='word_1_402' title='bbox 3470 2043 3645 2115; x_wconf 87' lang='grc' dir='ltr'>Ἰησοῦ</span> <span class='ocrx_word' id='word_1_403' title='bbox 3675 2039 3830 2112; x_wconf 73' lang='grc' dir='ltr'>Χρισ-</span> 
     </span>
    </p>
   </div>
   <div class='ocr_carea' id='block_1_51' title="bbox 2146 2119 3828 2195">
    <p class='ocr_par' dir='ltr' id='par_1_51' title="bbox 2146 2119 3828 2195">
     <span class='ocr_line' id='line_1_51' title="bbox 2146 2119 3828 2195; baseline -0.004 -16"><span class='ocrx_word' id='word_1_404' title='bbox 2146 2125 2292 2189; x_wconf 89' lang='grc' dir='ltr'>στοῦ,</span> <span class='ocrx_word' id='word_1_405' title='bbox 2320 2126 2386 2179; x_wconf 83' lang='grc' dir='ltr'>δι’</span> <span class='ocrx_word' id='word_1_406' title='bbox 2413 2121 2474 2181; x_wconf 75' lang='grc' dir='ltr'>οὗ</span> <span class='ocrx_word' id='word_1_407' title='bbox 2509 2125 2602 2178; x_wconf 78' lang='grc' dir='ltr'>καὶ</span> <span class='ocrx_word' id='word_1_408' title='bbox 2637 2124 2754 2194; x_wconf 82' lang='grc' dir='ltr'>μεθ’</span> <span class='ocrx_word' id='word_1_409' title='bbox 2787 2120 2848 2178; x_wconf 79' lang='grc' dir='ltr'>οὗ</span> <span class='ocrx_word' id='word_1_410' title='bbox 2875 2123 2954 2194; x_wconf 84' lang='grc' dir='ltr'>τῷ</span> <span class='ocrx_word' id='word_1_411' title='bbox 2979 2124 3154 2195; x_wconf 86' lang='grc' dir='ltr'>Πατρί</span> <span class='ocrx_word' id='word_1_412' title='bbox 3191 2125 3225 2194; x_wconf 79' lang='grc' dir='ltr'><strong>ἡ</strong></span> <span class='ocrx_word' id='word_1_413' title='bbox 3253 2123 3404 2189; x_wconf 90' lang='grc' dir='ltr'>δόξα,</span> <span class='ocrx_word' id='word_1_414' title='bbox 3437 2123 3551 2193; x_wconf 72' lang='grc' dir='ltr'>ἅμα</span> <span class='ocrx_word' id='word_1_415' title='bbox 3576 2119 3654 2192; x_wconf 83' lang='grc' dir='ltr'>τῷ</span> <span class='ocrx_word' id='word_1_416' title='bbox 3685 2119 3828 2191; x_wconf 74' lang='grc' dir='ltr'>ἁγίῳ</span> 
     </span>
    </p>
   </div>
   <div class='ocr_carea' id='block_1_52' title="bbox 2144 2201 3549 2276">
    <p class='ocr_par' dir='ltr' id='par_1_52' title="bbox 2144 2201 3549 2276">
     <span class='ocr_line' id='line_1_52' title="bbox 2144 2201 3549 2276; baseline -0.002 -19"><span class='ocrx_word' id='word_1_417' title='bbox 2144 2204 2446 2276; x_wconf 87' lang='grc' dir='ltr'>Πνεύματι,</span> <span class='ocrx_word' id='word_1_418' title='bbox 2475 2206 2554 2268; x_wconf 80' lang='grc' dir='ltr'>είς</span> <span class='ocrx_word' id='word_1_419' title='bbox 2579 2204 2706 2266; x_wconf 82' lang='grc' dir='ltr'>τοὺς</span> <span class='ocrx_word' id='word_1_420' title='bbox 2737 2203 2940 2267; x_wconf 79' lang='grc' dir='ltr'>αἰῶνας</span> <span class='ocrx_word' id='word_1_421' title='bbox 2969 2201 3079 2256; x_wconf 91' lang='grc' dir='ltr'>τῶν</span> <span class='ocrx_word' id='word_1_422' title='bbox 3103 2201 3335 2256; x_wconf 92' lang='grc' dir='ltr'>αἰώνων.</span> <span class='ocrx_word' id='word_1_423' title='bbox 3357 2202 3549 2274; x_wconf 75' lang='grc' dir='ltr'>Ἀμήν.</span> 
     </span>
    </p>
   </div>
   <div class='ocr_carea' id='block_1_53' title="bbox 2211 2306 2647 2364">
    <p class='ocr_par' dir='ltr' id='par_1_53' title="bbox 2211 2306 2647 2364">
     <span class='ocr_line' id='line_1_53' title="bbox 2211 2306 2647 2364; baseline -0.011 -6"><span class='ocrx_word' id='word_1_424' title='bbox 2211 2306 2237 2344; x_wconf 73' lang='grc' dir='ltr'>δ</span> <span class='ocrx_word' id='word_1_425' title='bbox 2263 2310 2360 2358; x_wconf 77' lang='lat' dir='ltr'><strong>Alii</strong></span> <span class='ocrx_word' id='word_1_426' title='bbox 2389 2308 2647 2364; x_wconf 78' lang='grc' dir='ltr'>εὐλαϐείας.</span> 
     </span>
    </p>
   </div>
   <div class='ocr_carea' id='block_1_54' title="bbox 2208 2367 3340 2432">
    <p class='ocr_par' dir='ltr' id='par_1_54' title="bbox 2208 2367 3340 2432">
     <span class='ocr_line' id='line_1_54' title="bbox 2208 2367 3340 2432; baseline -0.002 -14"><span class='ocrx_word' id='word_1_427' title='bbox 2208 2372 2231 2401; x_wconf 78' lang='grc'><strong><em>⁸</em></strong></span> <span class='ocrx_word' id='word_1_428' title='bbox 2258 2371 2408 2418; x_wconf 77' lang='lat' dir='ltr'><strong>Addit</strong></span> <span class='ocrx_word' id='word_1_429' title='bbox 2429 2371 2580 2418; x_wconf 81' lang='lat' dir='ltr'><strong>Savil.</strong></span> <span class='ocrx_word' id='word_1_430' title='bbox 2615 2369 2696 2417; x_wconf 87' lang='grc' dir='ltr'>καὶ</span> <span class='ocrx_word' id='word_1_431' title='bbox 2720 2368 2831 2424; x_wconf 75' lang='grc' dir='ltr'>τοὺς</span> <span class='ocrx_word' id='word_1_432' title='bbox 2854 2369 2917 2431; x_wconf 85' lang='grc' dir='ltr'>μή</span> <span class='ocrx_word' id='word_1_433' title='bbox 2950 2367 3340 2432; x_wconf 86' lang='grc' dir='ltr'>κατωρθωκὸτας.</span> 
     </span>
    </p>
   </div>
   <div class='ocr_carea' id='block_1_55' title="bbox 462 2465 3714 2500">
    <p class='ocr_par' dir='ltr' id='par_1_55' title="bbox 462 2465 3714 2500">
     <span class='ocr_line' id='line_1_55' title="bbox 462 2465 3714 2500; baseline -0.002 -3"><span class='ocrx_word' id='word_1_434' title='bbox 462 2465 3714 2500; x_wconf 49' lang='lat' dir='ltr'>MM</span> 
     </span>
    </p>
   </div>
   <div class='ocr_carea' id='block_1_56' title="bbox 352 2547 3825 2629">
    <p class='ocr_par' dir='ltr' id='par_1_56' title="bbox 352 2547 3825 2629">
     <span class='ocr_line' id='line_1_56' title="bbox 352 2547 3825 2629; baseline -0.003 -15"><span class='ocrx_word' id='word_1_435' title='bbox 352 2556 382 2588; x_wconf 75' lang='lat'><strong>&quot;</strong></span> <span class='ocrx_word' id='word_1_436' title='bbox 410 2560 534 2614; x_wconf 79' lang='grc' dir='ltr'>Ὅτι</span> <span class='ocrx_word' id='word_1_437' title='bbox 569 2559 638 2616; x_wconf 83' lang='grc' dir='ltr'>τὸ</span> <span class='ocrx_word' id='word_1_438' title='bbox 664 2559 776 2629; x_wconf 80' lang='grc' dir='ltr'>τῆς</span> <span class='ocrx_word' id='word_1_439' title='bbox 805 2559 1008 2626; x_wconf 72' lang='grc' dir='ltr'>λύπης</span> <span class='ocrx_word' id='word_1_440' title='bbox 1035 2557 1226 2623; x_wconf 77' lang='grc' dir='ltr'>πάθος</span> <span class='ocrx_word' id='word_1_441' title='bbox 1261 2558 1350 2623; x_wconf 86' lang='grc' dir='ltr'>εἰς</span> <span class='ocrx_word' id='word_1_442' title='bbox 1376 2555 1666 2626; x_wconf 76' lang='grc' dir='ltr'>ἁμαρτίας</span> <span class='ocrx_word' id='word_1_443' title='bbox 1697 2552 2009 2621; x_wconf 81' lang='grc' dir='ltr'>ἀναίρεσιν</span> <span class='ocrx_word' id='word_1_444' title='bbox 2031 2553 2225 2622; x_wconf 81' lang='grc' dir='ltr'>μόνον</span> <span class='ocrx_word' id='word_1_445' title='bbox 2251 2549 2569 2620; x_wconf 76' lang='grc' dir='ltr'>χρήσιμον·</span> <span class='ocrx_word' id='word_1_446' title='bbox 2626 2548 2727 2602; x_wconf 86' lang='grc' dir='ltr'>καί</span> <span class='ocrx_word' id='word_1_447' title='bbox 2763 2551 2850 2615; x_wconf 81' lang='grc' dir='ltr'>εἰς</span> <span class='ocrx_word' id='word_1_448' title='bbox 2886 2548 2976 2612; x_wconf 85' lang='grc' dir='ltr'>τὸ,</span> <span class='ocrx_word' id='word_1_449' title='bbox 3017 2547 3107 2602; x_wconf 83' lang='grc' dir='ltr'>Ἐν</span> <span class='ocrx_word' id='word_1_450' title='bbox 3141 2549 3283 2620; x_wconf 75' lang='grc' dir='ltr'>ἀρχῇ</span> <span class='ocrx_word' id='word_1_451' title='bbox 3333 2549 3592 2619; x_wconf 73' lang='grc' dir='ltr'>εποίησεν</span> <span class='ocrx_word' id='word_1_452' title='bbox 3633 2548 3663 2603; x_wconf 85' lang='lat'><strong><em>6</em></strong></span> <span class='ocrx_word' id='word_1_453' title='bbox 3688 2549 3825 2614; x_wconf 81' lang='grc' dir='ltr'>Θεδς</span> 
     </span>
    </p>
   </div>
   <div class='ocr_carea' id='block_1_57' title="bbox 427 2639 3822 2724">
    <p class='ocr_par' dir='ltr' id='par_1_57' title="bbox 427 2639 3822 2724">
     <span class='ocr_line' id='line_1_57' title="bbox 427 2639 3822 2724; baseline -0.004 -18"><span class='ocrx_word' id='word_1_454' title='bbox 427 2652 524 2706; x_wconf 76' lang='grc' dir='ltr'>τὸν</span> <span class='ocrx_word' id='word_1_455' title='bbox 576 2651 808 2724; x_wconf 82' lang='grc' dir='ltr'>οὐρανὸν</span> <span class='ocrx_word' id='word_1_456' title='bbox 863 2651 956 2705; x_wconf 75' lang='grc' dir='ltr'>καὶ</span> <span class='ocrx_word' id='word_1_457' title='bbox 999 2649 1098 2722; x_wconf 84' lang='grc' dir='ltr'>τὴν</span> <span class='ocrx_word' id='word_1_458' title='bbox 1141 2649 1267 2719; x_wconf 88' lang='grc' dir='ltr'>γῆν·</span> <span class='ocrx_word' id='word_1_459' title='bbox 1299 2647 1400 2703; x_wconf 81' lang='grc' dir='ltr'>καί</span> <span class='ocrx_word' id='word_1_460' title='bbox 1433 2647 1522 2701; x_wconf 84' lang='grc' dir='ltr'>ὅτι</span> <span class='ocrx_word' id='word_1_461' title='bbox 1575 2646 1867 2716; x_wconf 78' lang='grc' dir='ltr'>μεγίστης</span> <span class='ocrx_word' id='word_1_462' title='bbox 1895 2642 2329 2712; x_wconf 67' lang='grc' dir='ltr'>παρακλήσεως</span> <span class='ocrx_word' id='word_1_463' title='bbox 2365 2643 2656 2708; x_wconf 81' lang='grc' dir='ltr'>ὑπόθεσις</span> <span class='ocrx_word' id='word_1_464' title='bbox 2687 2642 2726 2710; x_wconf 73' lang='grc' dir='ltr'><strong><em>ἡ</em></strong></span> <span class='ocrx_word' id='word_1_465' title='bbox 2760 2639 2872 2710; x_wconf 82' lang='grc' dir='ltr'>τῆς</span> <span class='ocrx_word' id='word_1_466' title='bbox 2914 2639 3299 2710; x_wconf 76' lang='grc' dir='ltr'>δημιουργίας</span> <span class='ocrx_word' id='word_1_467' title='bbox 3343 2641 3724 2709; x_wconf 78' lang='grc' dir='ltr'>κατασκευή·</span> <span class='ocrx_word' id='word_1_468' title='bbox 3753 2641 3822 2698; x_wconf 69' lang='grc' dir='ltr'>ἐν</span> 
     </span>
    </p>
   </div>
   <div class='ocr_carea' id='block_1_58' title="bbox 425 2735 2262 2813">
    <p class='ocr_par' dir='ltr' id='par_1_58' title="bbox 425 2735 2262 2813">
     <span class='ocr_line' id='line_1_58' title="bbox 425 2735 2262 2813; baseline -0.005 -14"><span class='ocrx_word' id='word_1_469' title='bbox 425 2735 481 2812; x_wconf 77' lang='grc' dir='ltr'>ᾧ</span> <span class='ocrx_word' id='word_1_470' title='bbox 511 2743 611 2798; x_wconf 75' lang='grc' dir='ltr'>καί</span> <span class='ocrx_word' id='word_1_471' title='bbox 647 2743 782 2813; x_wconf 73' lang='grc' dir='ltr'>περὶ</span> <span class='ocrx_word' id='word_1_472' title='bbox 819 2743 950 2806; x_wconf 81' lang='grc' dir='ltr'>τοῦ,</span> <span class='ocrx_word' id='word_1_473' title='bbox 984 2741 1179 2813; x_wconf 77' lang='grc' dir='ltr'>’Δδάμ,</span> <span class='ocrx_word' id='word_1_474' title='bbox 1214 2740 1317 2794; x_wconf 87' lang='grc' dir='ltr'>ποῦ</span> <span class='ocrx_word' id='word_1_475' title='bbox 1345 2737 1426 2808; x_wconf 77' lang='grc' dir='ltr'>εἷς</span> <span class='ocrx_word' id='word_1_476' title='bbox 1454 2738 1552 2794; x_wconf 81' lang='grc' dir='ltr'>καὶ</span> <span class='ocrx_word' id='word_1_477' title='bbox 1581 2738 1717 2809; x_wconf 77' lang='grc' dir='ltr'>περὶ</span> <span class='ocrx_word' id='word_1_478' title='bbox 1752 2737 1858 2792; x_wconf 86' lang='grc' dir='ltr'>τοῦ</span> <span class='ocrx_word' id='word_1_479' title='bbox 1881 2736 1968 2807; x_wconf 79' lang='grc' dir='ltr'>μὴ</span> <span class='ocrx_word' id='word_1_480' title='bbox 1999 2737 2262 2806; x_wconf 76' lang='grc' dir='ltr'>ὀμνύειν.</span> 
     </span>
    </p>
   </div>
   <div class='ocr_carea' id='block_1_59' title="bbox 1049 2925 1371 2998">
    <p class='ocr_par' dir='ltr' id='par_1_59' title="bbox 1049 2925 1371 2998">
     <span class='ocr_line' id='line_1_59' title="bbox 1049 2925 1371 2998; baseline -0.003 -16"><span class='ocrx_word' id='word_1_481' title='bbox 1049 2927 1280 2998; x_wconf 71' lang='grc' dir='ltr'>Ὀμιλία</span> <span class='ocrx_word' id='word_1_482' title='bbox 1309 2925 1371 2988; x_wconf 77' lang='grc' dir='ltr'>ζ’.</span> 
     </span>
    </p>
   </div>
   <div class='ocr_carea' id='block_1_60' title="bbox 433 3009 2037 3087">
    <p class='ocr_par' dir='ltr' id='par_1_60' title="bbox 433 3009 2037 3087">
     <span class='ocr_line' id='line_1_60' title="bbox 433 3009 2037 3087; baseline -0.001 -17"><span class='ocrx_word' id='word_1_483' title='bbox 433 3021 504 3070; x_wconf 86' lang='grc' dir='ltr'>α’.</span> <span class='ocrx_word' id='word_1_484' title='bbox 521 3009 699 3070; x_wconf 72' lang='grc' dir='ltr'>Πολλά</span> <span class='ocrx_word' id='word_1_485' title='bbox 719 3015 820 3086; x_wconf 82' lang='grc' dir='ltr'>μὲν</span> <span class='ocrx_word' id='word_1_486' title='bbox 841 3015 935 3070; x_wconf 63' lang='grc' dir='ltr'>καὶ⁵</span> <span class='ocrx_word' id='word_1_487' title='bbox 951 3032 1018 3068; x_wconf 88' lang='grc' dir='ltr'>πε</span> <span class='ocrx_word' id='word_1_488' title='bbox 1029 3016 1082 3087; x_wconf 89' lang='lat' dir='ltr'><strong>9l</strong></span> <span class='ocrx_word' id='word_1_489' title='bbox 1097 3013 1306 3069; x_wconf 90' lang='grc' dir='ltr'>πολλῶν</span> <span class='ocrx_word' id='word_1_490' title='bbox 1334 3013 1460 3084; x_wconf 83' lang='grc' dir='ltr'>χθὲς</span> <span class='ocrx_word' id='word_1_491' title='bbox 1485 3011 1621 3083; x_wconf 80' lang='grc' dir='ltr'>πρὸς</span> <span class='ocrx_word' id='word_1_492' title='bbox 1641 3012 1739 3085; x_wconf 82' lang='grc' dir='ltr'>τὴν</span> <span class='ocrx_word' id='word_1_493' title='bbox 1764 3013 2037 3086; x_wconf 81' lang='grc' dir='ltr'>ὑμετέραν</span> 
     </span>
    </p>
   </div>
   <div class='ocr_carea' id='block_1_61' title="bbox 353 3100 2037 3176">
    <p class='ocr_par' dir='ltr' id='par_1_61' title="bbox 353 3100 2037 3176">
     <span class='ocr_line' id='line_1_61' title="bbox 353 3100 2037 3176; baseline -0.002 -17"><span class='ocrx_word' id='word_1_494' title='bbox 353 3103 644 3176; x_wconf 79' lang='grc' dir='ltr'>διελέχθην</span> <span class='ocrx_word' id='word_1_495' title='bbox 673 3105 920 3176; x_wconf 82' lang='grc' dir='ltr'>ἀγάπην,</span> <span class='ocrx_word' id='word_1_496' title='bbox 943 3103 1053 3156; x_wconf 85' lang='grc' dir='ltr'>ἀπὺ</span> <span class='ocrx_word' id='word_1_497' title='bbox 1080 3101 1136 3156; x_wconf 88' lang='grc' dir='ltr'>δὲ</span> <span class='ocrx_word' id='word_1_498' title='bbox 1163 3101 1273 3155; x_wconf 90' lang='grc' dir='ltr'>τῶν</span> <span class='ocrx_word' id='word_1_499' title='bbox 1297 3100 1507 3154; x_wconf 90' lang='grc' dir='ltr'>πολλῶν</span> <span class='ocrx_word' id='word_1_500' title='bbox 1531 3102 1579 3154; x_wconf 89' lang='grc' dir='ltr'>εἰ</span> <span class='ocrx_word' id='word_1_501' title='bbox 1609 3100 1683 3172; x_wconf 83' lang='grc' dir='ltr'>μὴ</span> <span class='ocrx_word' id='word_1_502' title='bbox 1704 3100 1881 3154; x_wconf 84' lang='grc' dir='ltr'>πάντα</span> <span class='ocrx_word' id='word_1_503' title='bbox 1908 3118 2037 3155; x_wconf 85' lang='grc' dir='ltr'>κατ-</span> 
     </span>
    </p>
   </div>
   <div class='ocr_carea' id='block_1_62' title="bbox 357 3188 2036 3265">
    <p class='ocr_par' dir='ltr' id='par_1_62' title="bbox 357 3188 2036 3265">
     <span class='ocr_line' id='line_1_62' title="bbox 357 3188 2036 3265; baseline -0.002 -18"><span class='ocrx_word' id='word_1_504' title='bbox 357 3193 508 3265; x_wconf 76' lang='grc' dir='ltr'>έχειν</span> <span class='ocrx_word' id='word_1_505' title='bbox 525 3193 654 3263; x_wconf 88' lang='grc' dir='ltr'>ύμῖν</span> <span class='ocrx_word' id='word_1_506' title='bbox 675 3191 922 3256; x_wconf 83' lang='grc' dir='ltr'>δυνατὸν,</span> <span class='ocrx_word' id='word_1_507' title='bbox 941 3192 1118 3244; x_wconf 76' lang='grc' dir='ltr'>έκεῖνο</span> <span class='ocrx_word' id='word_1_508' title='bbox 1139 3190 1375 3262; x_wconf 86' lang='grc' dir='ltr'>μάλιστα</span> <span class='ocrx_word' id='word_1_509' title='bbox 1399 3189 1616 3243; x_wconf 88' lang='grc' dir='ltr'>πάντων</span> <span class='ocrx_word' id='word_1_510' title='bbox 1641 3189 1786 3259; x_wconf 77' lang='grc' dir='ltr'>ὑμᾶς</span> <span class='ocrx_word' id='word_1_511' title='bbox 1807 3188 1892 3242; x_wconf 90' lang='grc' dir='ltr'>δια</span> <span class='ocrx_word' id='word_1_512' title='bbox 1900 3207 2036 3261; x_wconf 90' lang='grc' dir='ltr'>μνη-</span> 
     </span>
    </p>
   </div>
   <div class='ocr_carea' id='block_1_63' title="bbox 359 3274 2036 3352">
    <p class='ocr_par' dir='ltr' id='par_1_63' title="bbox 359 3274 2036 3352">
     <span class='ocr_line' id='line_1_63' title="bbox 359 3274 2036 3352; baseline -0.003 -18"><span class='ocrx_word' id='word_1_513' title='bbox 359 3280 621 3352; x_wconf 83' lang='grc' dir='ltr'>μονεῦσαι</span> <span class='ocrx_word' id='word_1_514' title='bbox 658 3279 872 3350; x_wconf 89' lang='grc' dir='ltr'>δέομαι,</span> <span class='ocrx_word' id='word_1_515' title='bbox 906 3279 989 3332; x_wconf 82' lang='grc' dir='ltr'>ὅτι</span> <span class='ocrx_word' id='word_1_516' title='bbox 1021 3278 1118 3350; x_wconf 85' lang='grc' dir='ltr'>τὴν</span> <span class='ocrx_word' id='word_1_517' title='bbox 1168 3277 1346 3348; x_wconf 90' lang='grc' dir='ltr'>λύπην</span> <span class='ocrx_word' id='word_1_518' title='bbox 1376 3278 1508 3347; x_wconf 80' lang='grc' dir='ltr'>ημῖν</span> <span class='ocrx_word' id='word_1_519' title='bbox 1547 3278 1576 3329; x_wconf 83' lang='grc' dir='ltr'><strong>ὁ</strong></span> <span class='ocrx_word' id='word_1_520' title='bbox 1617 3274 1750 3339; x_wconf 83' lang='grc' dir='ltr'>Θεὸς</span> <span class='ocrx_word' id='word_1_521' title='bbox 1788 3275 1857 3329; x_wconf 83' lang='grc' dir='ltr'>δι’</span> <span class='ocrx_word' id='word_1_522' title='bbox 1884 3277 2036 3330; x_wconf 80' lang='grc' dir='ltr'>οὐδὲν</span> 
     </span>
    </p>
   </div>
   <div class='ocr_carea' id='block_1_64' title="bbox 354 3363 2038 3440">
    <p class='ocr_par' dir='ltr' id='par_1_64' title="bbox 354 3363 2038 3440">
     <span class='ocr_line' id='line_1_64' title="bbox 354 3363 2038 3440; baseline -0.002 -18"><span class='ocrx_word' id='word_1_523' title='bbox 354 3369 550 3440; x_wconf 79' lang='grc' dir='ltr'>ἓτερον</span> <span class='ocrx_word' id='word_1_524' title='bbox 577 3367 852 3437; x_wconf 73' lang='grc' dir='ltr'>ἐνέθηκεν,</span> <span class='ocrx_word' id='word_1_525' title='bbox 879 3365 994 3419; x_wconf 88' lang='grc' dir='ltr'>ἀλλ’</span> <span class='ocrx_word' id='word_1_526' title='bbox 1030 3367 1063 3438; x_wconf 83' lang='grc' dir='ltr'>ἢ</span> <span class='ocrx_word' id='word_1_527' title='bbox 1097 3365 1164 3419; x_wconf 85' lang='grc' dir='ltr'>δι’</span> <span class='ocrx_word' id='word_1_528' title='bbox 1200 3366 1475 3437; x_wconf 82' lang='grc' dir='ltr'>ἁμαρτίαν</span> <span class='ocrx_word' id='word_1_529' title='bbox 1507 3363 1705 3435; x_wconf 89' lang='grc' dir='ltr'>μόνην,</span> <span class='ocrx_word' id='word_1_530' title='bbox 1747 3364 1843 3416; x_wconf 71' lang='grc' dir='ltr'>καὶ</span> <span class='ocrx_word' id='word_1_531' title='bbox 1880 3363 2038 3418; x_wconf 77' lang='grc' dir='ltr'>τοῦτο</span> 
     </span>
    </p>
   </div>
   <div class='ocr_carea' id='block_1_65' title="bbox 356 3448 2038 3525">
    <p class='ocr_par' dir='ltr' id='par_1_65' title="bbox 356 3448 2038 3525">
     <span class='ocr_line' id='line_1_65' title="bbox 356 3448 2038 3525; baseline -0.001 -19"><span class='ocrx_word' id='word_1_532' title='bbox 356 3453 597 3525; x_wconf 70' lang='grc' dir='ltr'>ἐδήλωσε</span> <span class='ocrx_word' id='word_1_533' title='bbox 619 3454 685 3508; x_wconf 76' lang='grc' dir='ltr'>δι’</span> <span class='ocrx_word' id='word_1_534' title='bbox 707 3453 878 3524; x_wconf 83' lang='grc' dir='ltr'>αὐτῆς</span> <span class='ocrx_word' id='word_1_535' title='bbox 896 3453 1007 3507; x_wconf 88' lang='grc' dir='ltr'>τῶν</span> <span class='ocrx_word' id='word_1_536' title='bbox 1032 3454 1372 3525; x_wconf 71' lang='grc' dir='ltr'>πραγμάτων</span> <span class='ocrx_word' id='word_1_537' title='bbox 1392 3451 1492 3520; x_wconf 88' lang='grc' dir='ltr'>τῆς</span> <span class='ocrx_word' id='word_1_538' title='bbox 1517 3448 1632 3521; x_wconf 81' lang='grc'>[85]</span> <span class='ocrx_word' id='word_1_539' title='bbox 1663 3451 1882 3521; x_wconf 89' lang='grc' dir='ltr'>πείρας.</span> <span class='ocrx_word' id='word_1_540' title='bbox 1913 3451 2038 3505; x_wconf 80' lang='grc' dir='ltr'>Ἐπὶ</span> 
     </span>
    </p>
   </div>
   <div class='ocr_carea' id='block_1_66' title="bbox 363 3537 2030 3614">
    <p class='ocr_par' dir='ltr' id='par_1_66' title="bbox 363 3537 2030 3614">
     <span class='ocr_line' id='line_1_66' title="bbox 363 3537 2030 3614; baseline -0.002 -21"><span class='ocrx_word' id='word_1_541' title='bbox 363 3541 466 3610; x_wconf 82' lang='grc' dir='ltr'>μὲν</span> <span class='ocrx_word' id='word_1_542' title='bbox 493 3542 602 3614; x_wconf 83' lang='grc' dir='ltr'>γὰρ</span> <span class='ocrx_word' id='word_1_543' title='bbox 633 3541 809 3612; x_wconf 75' lang='grc' dir='ltr'>ζημίᾳ</span> <span class='ocrx_word' id='word_1_544' title='bbox 842 3541 1162 3611; x_wconf 83' lang='grc' dir='ltr'>χρημάτων,</span> <span class='ocrx_word' id='word_1_545' title='bbox 1192 3539 1288 3592; x_wconf 71' lang='grc' dir='ltr'>καὶ</span> <span class='ocrx_word' id='word_1_546' title='bbox 1327 3537 1628 3608; x_wconf 66' lang='grc' dir='ltr'>ἀρρωστίᾳ,</span> <span class='ocrx_word' id='word_1_547' title='bbox 1665 3537 1761 3590; x_wconf 74' lang='grc' dir='ltr'>καὶ</span> <span class='ocrx_word' id='word_1_548' title='bbox 1796 3537 2030 3608; x_wconf 81' lang='grc' dir='ltr'>θανάτῳ,</span> 
     </span>
    </p>
   </div>
   <div class='ocr_carea' id='block_1_67' title="bbox 359 3623 2034 3697">
    <p class='ocr_par' dir='ltr' id='par_1_67' title="bbox 359 3623 2034 3697">
     <span class='ocr_line' id='line_1_67' title="bbox 359 3623 2034 3697; baseline -0.002 -15"><span class='ocrx_word' id='word_1_549' title='bbox 359 3628 460 3684; x_wconf 71' lang='grc' dir='ltr'>καὶ</span> <span class='ocrx_word' id='word_1_550' title='bbox 477 3631 591 3692; x_wconf 91' lang='grc' dir='ltr'>τοῖς</span> <span class='ocrx_word' id='word_1_551' title='bbox 613 3628 794 3690; x_wconf 78' lang='grc' dir='ltr'>ἄλλοις</span> <span class='ocrx_word' id='word_1_552' title='bbox 814 3639 839 3667; x_wconf 75' lang='grc' dir='ltr'>α</span> <span class='ocrx_word' id='word_1_553' title='bbox 863 3629 976 3690; x_wconf 91' lang='grc' dir='ltr'>τοῖς</span> <span class='ocrx_word' id='word_1_554' title='bbox 999 3626 1402 3697; x_wconf 86' lang='grc' dir='ltr'>συμπίπτουσιν</span> <span class='ocrx_word' id='word_1_555' title='bbox 1423 3626 1558 3694; x_wconf 79' lang='grc' dir='ltr'>ἡμῖν</span> <span class='ocrx_word' id='word_1_556' title='bbox 1583 3623 1779 3686; x_wconf 79' lang='grc' dir='ltr'>δεινοῖς</span> <span class='ocrx_word' id='word_1_557' title='bbox 1807 3624 2034 3692; x_wconf 85' lang='grc' dir='ltr'>ἀλγοῦν-</span> 
     </span>
    </p>
   </div>
   <div class='ocr_carea' id='block_1_68' title="bbox 361 3710 2034 3786">
    <p class='ocr_par' dir='ltr' id='par_1_68' title="bbox 361 3710 2034 3786">
     <span class='ocr_line' id='line_1_68' title="bbox 361 3710 2034 3786; baseline -0.004 -16"><span class='ocrx_word' id='word_1_558' title='bbox 361 3733 458 3781; x_wconf 88' lang='grc' dir='ltr'>τες</span> <span class='ocrx_word' id='word_1_559' title='bbox 487 3716 584 3770; x_wconf 72' lang='grc' dir='ltr'>κιιί</span> <span class='ocrx_word' id='word_1_560' title='bbox 628 3715 988 3786; x_wconf 84' lang='grc' dir='ltr'>ἀθυμοῦντες,</span> <span class='ocrx_word' id='word_1_561' title='bbox 1027 3716 1088 3767; x_wconf 80' lang='grc' dir='ltr'>οὐ</span> <span class='ocrx_word' id='word_1_562' title='bbox 1117 3715 1276 3785; x_wconf 87' lang='grc' dir='ltr'>μόνον</span> <span class='ocrx_word' id='word_1_563' title='bbox 1316 3711 1574 3782; x_wconf 81' lang='grc' dir='ltr'>οὐδεμίαν</span> <span class='ocrx_word' id='word_1_564' title='bbox 1600 3710 1709 3764; x_wconf 78' lang='grc' dir='ltr'>ἀπὸ</span> <span class='ocrx_word' id='word_1_565' title='bbox 1733 3712 1834 3782; x_wconf 88' lang='grc' dir='ltr'>τῆς</span> <span class='ocrx_word' id='word_1_566' title='bbox 1857 3711 2034 3783; x_wconf 88' lang='grc' dir='ltr'>λύπης</span> 
     </span>
    </p>
   </div>
   <div class='ocr_carea' id='block_1_69' title="bbox 360 3798 2028 3875">
    <p class='ocr_par' dir='ltr' id='par_1_69' title="bbox 360 3798 2028 3875">
     <span class='ocr_line' id='line_1_69' title="bbox 360 3798 2028 3875; baseline -0.002 -17"><span class='ocrx_word' id='word_1_567' title='bbox 360 3803 725 3875; x_wconf 63' lang='grc' dir='ltr'>ηρπούμεθα</span> <span class='ocrx_word' id='word_1_568' title='bbox 747 3801 1119 3873; x_wconf 87' lang='grc' dir='ltr'>παραμυθίαν,</span> <span class='ocrx_word' id='word_1_569' title='bbox 1138 3799 1276 3854; x_wconf 86' lang='grc' dir='ltr'>ἀλλά</span> <span class='ocrx_word' id='word_1_570' title='bbox 1299 3799 1394 3852; x_wconf 79' lang='grc' dir='ltr'>καὶ</span> <span class='ocrx_word' id='word_1_571' title='bbox 1413 3799 1752 3868; x_wconf 81' lang='grc' dir='ltr'>ἐπιτείνομεν</span> <span class='ocrx_word' id='word_1_572' title='bbox 1771 3799 1838 3852; x_wconf 89' lang='grc' dir='ltr'>τά</span> <span class='ocrx_word' id='word_1_573' title='bbox 1855 3798 2028 3854; x_wconf 75' lang='grc' dir='ltr'>δεινάο</span> 
     </span>
    </p>
   </div>
   <div class='ocr_carea' id='block_1_70' title="bbox 359 3887 2030 3962">
    <p class='ocr_par' dir='ltr' id='par_1_70' title="bbox 359 3887 2030 3962">
     <span class='ocr_line' id='line_1_70' title="bbox 359 3887 2030 3962; baseline -0.004 -15"><span class='ocrx_word' id='word_1_574' title='bbox 359 3893 458 3947; x_wconf 63' lang='grc' dir='ltr'>ἐπὶ</span> <span class='ocrx_word' id='word_1_575' title='bbox 476 3891 535 3946; x_wconf 80' lang='grc' dir='ltr'>δὲ</span> <span class='ocrx_word' id='word_1_576' title='bbox 557 3891 664 3945; x_wconf 90' lang='grc' dir='ltr'>τῶν</span> <span class='ocrx_word' id='word_1_577' title='bbox 683 3891 1101 3962; x_wconf 80' lang='grc' dir='ltr'>ἁμαρτημάτων</span> <span class='ocrx_word' id='word_1_578' title='bbox 1125 3891 1190 3944; x_wconf 86' lang='grc' dir='ltr'>ἀν</span> <span class='ocrx_word' id='word_1_579' title='bbox 1211 3889 1540 3960; x_wconf 84' lang='grc' dir='ltr'>ἀλγήσωμεν</span> <span class='ocrx_word' id='word_1_580' title='bbox 1563 3888 1657 3941; x_wconf 79' lang='grc' dir='ltr'>καὶ</span> <span class='ocrx_word' id='word_1_581' title='bbox 1677 3887 2030 3959; x_wconf 85' lang='grc' dir='ltr'>λυπηθῶμεν,</span> 
     </span>
    </p>
   </div>
   <div class='ocr_carea' id='block_1_71' title="bbox 359 3974 2033 4049">
    <p class='ocr_par' dir='ltr' id='par_1_71' title="bbox 359 3974 2033 4049">
     <span class='ocr_line' id='line_1_71' title="bbox 359 3974 2033 4049; baseline -0.003 -15"><span class='ocrx_word' id='word_1_582' title='bbox 359 3978 778 4049; x_wconf 76' lang='grc' dir='ltr'>ὑποτεμνόμεθα</span> <span class='ocrx_word' id='word_1_583' title='bbox 807 3978 906 4048; x_wconf 87' lang='grc' dir='ltr'>τῆς</span> <span class='ocrx_word' id='word_1_584' title='bbox 935 3977 1208 4048; x_wconf 86' lang='grc' dir='ltr'>ἁμαρτίας</span> <span class='ocrx_word' id='word_1_585' title='bbox 1232 3976 1324 4028; x_wconf 81' lang='grc' dir='ltr'>τὸν</span> <span class='ocrx_word' id='word_1_586' title='bbox 1348 3975 1534 4043; x_wconf 76' lang='grc' dir='ltr'>δγκον,</span> <span class='ocrx_word' id='word_1_587' title='bbox 1561 3976 1657 4028; x_wconf 68' lang='grc' dir='ltr'>καὶ</span> <span class='ocrx_word' id='word_1_588' title='bbox 1702 3974 1906 4045; x_wconf 75' lang='grc' dir='ltr'>μικρὰν</span> <span class='ocrx_word' id='word_1_589' title='bbox 1933 3974 2033 4045; x_wconf 83' lang='grc' dir='ltr'>τὴν</span> 
     </span>
    </p>
   </div>
   <div class='ocr_carea' id='block_1_72' title="bbox 363 4061 2032 4135">
    <p class='ocr_par' dir='ltr' id='par_1_72' title="bbox 363 4061 2032 4135">
     <span class='ocr_line' id='line_1_72' title="bbox 363 4061 2032 4135; baseline -0.003 -16"><span class='ocrx_word' id='word_1_590' title='bbox 363 4066 610 4135; x_wconf 75' lang='grc' dir='ltr'>μεγάλην</span> <span class='ocrx_word' id='word_1_591' title='bbox 631 4064 917 4134; x_wconf 79' lang='grc' dir='ltr'>ποιοῦμεν,</span> <span class='ocrx_word' id='word_1_592' title='bbox 938 4064 1194 4126; x_wconf 82' lang='grc' dir='ltr'>πολλάκις</span> <span class='ocrx_word' id='word_1_593' title='bbox 1222 4063 1278 4116; x_wconf 76' lang='grc' dir='ltr'>δὲ</span> <span class='ocrx_word' id='word_1_594' title='bbox 1306 4063 1400 4116; x_wconf 76' lang='grc' dir='ltr'>καὶ</span> <span class='ocrx_word' id='word_1_595' title='bbox 1425 4061 1608 4115; x_wconf 88' lang='grc' dir='ltr'>τέλεον</span> <span class='ocrx_word' id='word_1_596' title='bbox 1633 4062 1804 4132; x_wconf 77' lang='grc' dir='ltr'>αὐτὴν</span> <span class='ocrx_word' id='word_1_597' title='bbox 1825 4061 2032 4126; x_wconf 80' lang='grc' dir='ltr'>ἐξαλεί-</span> 
     </span>
    </p>
   </div>
   <div class='ocr_carea' id='block_1_73' title="bbox 362 4149 2030 4224">
    <p class='ocr_par' dir='ltr' id='par_1_73' title="bbox 362 4149 2030 4224">
     <span class='ocr_line' id='line_1_73' title="bbox 362 4149 2030 4224; baseline -0.002 -17"><span class='ocrx_word' id='word_1_598' title='bbox 362 4170 539 4224; x_wconf 83' lang='grc' dir='ltr'>φομεν</span> <span class='ocrx_word' id='word_1_599' title='bbox 557 4153 798 4207; x_wconf 76' lang='grc' dir='ltr'>ἃπασαν.</span> <span class='ocrx_word' id='word_1_600' title='bbox 817 4150 987 4204; x_wconf 85' lang='grc' dir='ltr'>Τοῦτο</span> <span class='ocrx_word' id='word_1_601' title='bbox 1005 4152 1070 4222; x_wconf 78' lang='grc' dir='ltr'>δή</span> <span class='ocrx_word' id='word_1_602' title='bbox 1098 4168 1186 4221; x_wconf 89' lang='grc' dir='ltr'>μοι</span> <span class='ocrx_word' id='word_1_603' title='bbox 1215 4149 1496 4221; x_wconf 86' lang='grc' dir='ltr'>μέμνησθε</span> <span class='ocrx_word' id='word_1_604' title='bbox 1522 4149 1807 4220; x_wconf 87' lang='grc' dir='ltr'>διηνεκῶς,</span> <span class='ocrx_word' id='word_1_605' title='bbox 1831 4149 1919 4202; x_wconf 83' lang='grc' dir='ltr'>ἵνα</span> <span class='ocrx_word' id='word_1_606' title='bbox 1944 4151 2030 4220; x_wconf 76' lang='grc' dir='ltr'>ἐφ’</span> 
     </span>
    </p>
   </div>
   <div class='ocr_carea' id='block_1_74' title="bbox 359 4236 2033 4312">
    <p class='ocr_par' dir='ltr' id='par_1_74' title="bbox 359 4236 2033 4312">
     <span class='ocr_line' id='line_1_74' title="bbox 359 4236 2033 4312; baseline -0.004 -17"><span class='ocrx_word' id='word_1_607' title='bbox 359 4240 612 4312; x_wconf 74' lang='grc' dir='ltr'>ἁμαρτίᾳ</span> <span class='ocrx_word' id='word_1_608' title='bbox 648 4239 808 4309; x_wconf 75' lang='grc' dir='ltr'>μόνον</span> <span class='ocrx_word' id='word_1_609' title='bbox 839 4238 1063 4308; x_wconf 88' lang='grc' dir='ltr'>ἀλγῆτε,</span> <span class='ocrx_word' id='word_1_610' title='bbox 1091 4239 1175 4308; x_wconf 77' lang='grc' dir='ltr'>ἐφ’</span> <span class='ocrx_word' id='word_1_611' title='bbox 1210 4237 1385 4308; x_wconf 78' lang='grc' dir='ltr'>ἑτέρῳ</span> <span class='ocrx_word' id='word_1_612' title='bbox 1413 4236 1470 4290; x_wconf 83' lang='grc' dir='ltr'>δὲ</span> <span class='ocrx_word' id='word_1_613' title='bbox 1511 4237 1726 4307; x_wconf 76' lang='grc' dir='ltr'>μηδενίο</span> <span class='ocrx_word' id='word_1_614' title='bbox 1772 4237 1864 4290; x_wconf 75' lang='grc' dir='ltr'>καὶ</span> <span class='ocrx_word' id='word_1_615' title='bbox 1893 4237 2033 4307; x_wconf 84' lang='grc' dir='ltr'>μετά</span> 
     </span>
    </p>
   </div>
   <div class='ocr_carea' id='block_1_75' title="bbox 356 4323 2033 4396">
    <p class='ocr_par' dir='ltr' id='par_1_75' title="bbox 356 4323 2033 4396">
     <span class='ocr_line' id='line_1_75' title="bbox 356 4323 2033 4396; baseline -0.002 -15"><span class='ocrx_word' id='word_1_616' title='bbox 356 4327 566 4382; x_wconf 73' lang='grc' dir='ltr'>τούτων</span> <span class='ocrx_word' id='word_1_617' title='bbox 579 4328 608 4367; x_wconf 75' lang='grc'>1³</span> <span class='ocrx_word' id='word_1_618' title='bbox 626 4329 846 4380; x_wconf 80' lang='grc' dir='ltr'>κάκεῖνο</span> <span class='ocrx_word' id='word_1_619' title='bbox 867 4326 1051 4390; x_wconf 87' lang='grc' dir='ltr'>πάλιν,</span> <span class='ocrx_word' id='word_1_620' title='bbox 1069 4326 1151 4379; x_wconf 82' lang='grc' dir='ltr'>ὅτι</span> <span class='ocrx_word' id='word_1_621' title='bbox 1176 4325 1404 4379; x_wconf 87' lang='grc' dir='ltr'>θάνατον</span> <span class='ocrx_word' id='word_1_622' title='bbox 1423 4325 1518 4378; x_wconf 81' lang='grc' dir='ltr'>καὶ</span> <span class='ocrx_word' id='word_1_623' title='bbox 1542 4323 1719 4396; x_wconf 90' lang='grc' dir='ltr'>λύπην</span> <span class='ocrx_word' id='word_1_624' title='bbox 1738 4325 1770 4395; x_wconf 84' lang='grc' dir='ltr'>ἡ</span> <span class='ocrx_word' id='word_1_625' title='bbox 1795 4324 2033 4395; x_wconf 86' lang='grc' dir='ltr'>ἁμαρτία</span> 
     </span>
    </p>
   </div>
   <div class='ocr_carea' id='block_1_76' title="bbox 356 4410 2032 4484">
    <p class='ocr_par' dir='ltr' id='par_1_76' title="bbox 356 4410 2032 4484">
     <span class='ocr_line' id='line_1_76' title="bbox 356 4410 2032 4484; baseline -0.002 -16"><span class='ocrx_word' id='word_1_626' title='bbox 356 4418 442 4478; x_wconf 77' lang='grc' dir='ltr'>εἰς</span> <span class='ocrx_word' id='word_1_627' title='bbox 464 4415 560 4468; x_wconf 78' lang='grc' dir='ltr'>τὸν</span> <span class='ocrx_word' id='word_1_628' title='bbox 595 4414 710 4484; x_wconf 86' lang='grc' dir='ltr'>βίον</span> <span class='ocrx_word' id='word_1_629' title='bbox 739 4414 896 4484; x_wconf 80' lang='grc' dir='ltr'>ημῶν</span> <span class='ocrx_word' id='word_1_630' title='bbox 921 4411 1326 4481; x_wconf 81' lang='grc' dir='ltr'>εἰσενεγκοῦσα,</span> <span class='ocrx_word' id='word_1_631' title='bbox 1352 4413 1444 4466; x_wconf 78' lang='grc' dir='ltr'>ὑπ’</span> <span class='ocrx_word' id='word_1_632' title='bbox 1475 4411 1798 4482; x_wconf 71' lang='grc' dir='ltr'>ἀμφοτέρων</span> <span class='ocrx_word' id='word_1_633' title='bbox 1826 4410 2032 4465; x_wconf 75' lang='grc' dir='ltr'>τούτων</span> 
     </span>
    </p>
   </div>
   <div class='ocr_carea' id='block_1_77' title="bbox 355 4497 2032 4574">
    <p class='ocr_par' dir='ltr' id='par_1_77' title="bbox 355 4497 2032 4574">
     <span class='ocr_line' id='line_1_77' title="bbox 355 4497 2032 4574; baseline -0.003 -16"><span class='ocrx_word' id='word_1_634' title='bbox 355 4504 669 4574; x_wconf 75' lang='grc' dir='ltr'>ἀναιρεῖται</span> <span class='ocrx_word' id='word_1_635' title='bbox 701 4502 879 4564; x_wconf 78' lang='grc' dir='ltr'>πάλιν,</span> <span class='ocrx_word' id='word_1_636' title='bbox 905 4502 1042 4572; x_wconf 80' lang='grc' dir='ltr'>ὅπερ</span> <span class='ocrx_word' id='word_1_637' title='bbox 1070 4497 1164 4555; x_wconf 81' lang='grc' dir='ltr'>οῦν</span> <span class='ocrx_word' id='word_1_638' title='bbox 1194 4501 1290 4554; x_wconf 78' lang='grc' dir='ltr'>καί</span> <span class='ocrx_word' id='word_1_639' title='bbox 1318 4501 1451 4555; x_wconf 78' lang='grc' dir='ltr'>αὐτὸ</span> <span class='ocrx_word' id='word_1_640' title='bbox 1483 4500 1813 4569; x_wconf 85' lang='grc' dir='ltr'>σαφέστερον</span> <span class='ocrx_word' id='word_1_641' title='bbox 1842 4499 2032 4569; x_wconf 79' lang='grc' dir='ltr'>πρώην</span> 
     </span>
    </p>
   </div>
   <div class='ocr_carea' id='block_1_78' title="bbox 357 4584 2035 4660">
    <p class='ocr_par' dir='ltr' id='par_1_78' title="bbox 357 4584 2035 4660">
     <span class='ocr_line' id='line_1_78' title="bbox 357 4584 2035 4660; baseline -0.004 -15"><span class='ocrx_word' id='word_1_642' title='bbox 357 4590 750 4660; x_wconf 74' lang='grc' dir='ltr'>ἀπεδείξαμεν.</span> <span class='ocrx_word' id='word_1_643' title='bbox 785 4589 966 4658; x_wconf 76' lang='grc' dir='ltr'>Μηδὲν</span> <span class='ocrx_word' id='word_1_644' title='bbox 1005 4584 1099 4642; x_wconf 82' lang='grc' dir='ltr'>οῦν</span> <span class='ocrx_word' id='word_1_645' title='bbox 1140 4587 1284 4642; x_wconf 73' lang='grc' dir='ltr'>οὕτω</span> <span class='ocrx_word' id='word_1_646' title='bbox 1319 4587 1614 4657; x_wconf 78' lang='grc' dir='ltr'>φοϐώμεθα</span> <span class='ocrx_word' id='word_1_647' title='bbox 1649 4585 1724 4648; x_wconf 89' lang='grc' dir='ltr'>ώς</span> <span class='ocrx_word' id='word_1_648' title='bbox 1757 4585 1817 4638; x_wconf 83' lang='grc' dir='ltr'>τὸ</span> <span class='ocrx_word' id='word_1_649' title='bbox 1851 4586 2035 4655; x_wconf 87' lang='grc' dir='ltr'>ἀμαρ-</span> 
     </span>
    </p>
   </div>
   <div class='ocr_carea' id='block_1_79' title="bbox 356 4673 2034 4747">
    <p class='ocr_par' dir='ltr' id='par_1_79' title="bbox 356 4673 2034 4747">
     <span class='ocr_line' id='line_1_79' title="bbox 356 4673 2034 4747; baseline -0.005 -13"><span class='ocrx_word' id='word_1_650' title='bbox 356 4680 548 4734; x_wconf 80' lang='grc' dir='ltr'>τάνειν</span> <span class='ocrx_word' id='word_1_651' title='bbox 576 4678 671 4731; x_wconf 61' lang='grc' dir='ltr'>καὶΙ</span> <span class='ocrx_word' id='word_1_652' title='bbox 692 4676 1059 4746; x_wconf 87' lang='grc' dir='ltr'>πλημμελεῖν·</span> <span class='ocrx_word' id='word_1_653' title='bbox 1094 4675 1169 4747; x_wconf 83' lang='grc' dir='ltr'>μὴ</span> <span class='ocrx_word' id='word_1_654' title='bbox 1200 4673 1492 4744; x_wconf 80' lang='grc' dir='ltr'>φοῦώμεθα</span> <span class='ocrx_word' id='word_1_655' title='bbox 1524 4674 1763 4736; x_wconf 84' lang='grc' dir='ltr'>κόλασιν,</span> <span class='ocrx_word' id='word_1_656' title='bbox 1797 4673 1891 4726; x_wconf 69' lang='grc' dir='ltr'>καὶ</span> <span class='ocrx_word' id='word_1_657' title='bbox 1917 4673 2034 4726; x_wconf 88' lang='grc' dir='ltr'>δια-</span> 
     </span>
    </p>
   </div>
   <div class='ocr_carea' id='block_1_80' title="bbox 358 4757 2033 4837">
    <p class='ocr_par' dir='ltr' id='par_1_80' title="bbox 358 4757 2033 4837">
     <span class='ocr_line' id='line_1_80' title="bbox 358 4757 2033 4837; baseline -0.004 -17"><span class='ocrx_word' id='word_1_658' title='bbox 358 4765 677 4837; x_wconf 78' lang='grc' dir='ltr'>φιυξόμεθα</span> <span class='ocrx_word' id='word_1_659' title='bbox 722 4763 972 4817; x_wconf 84' lang='grc' dir='ltr'>κόλασιν·</span> <span class='ocrx_word' id='word_1_660' title='bbox 1015 4763 1268 4834; x_wconf 87' lang='grc' dir='ltr'>καθάπερ</span> <span class='ocrx_word' id='word_1_661' title='bbox 1309 4757 1404 4815; x_wconf 78' lang='grc' dir='ltr'>οὖν</span> <span class='ocrx_word' id='word_1_662' title='bbox 1451 4762 1544 4814; x_wconf 81' lang='grc' dir='ltr'>καὶ</span> <span class='ocrx_word' id='word_1_663' title='bbox 1575 4761 1625 4814; x_wconf 86' lang='grc' dir='ltr'>οἰ</span> <span class='ocrx_word' id='word_1_664' title='bbox 1657 4762 1806 4831; x_wconf 81' lang='grc' dir='ltr'>τρεῖς</span> <span class='ocrx_word' id='word_1_665' title='bbox 1841 4760 2033 4824; x_wconf 89' lang='grc' dir='ltr'>παῖδες</span> 
     </span>
    </p>
   </div>
   <div class='ocr_carea' id='block_1_81' title="bbox 355 4847 2030 4923">
    <p class='ocr_par' dir='ltr' id='par_1_81' title="bbox 355 4847 2030 4923">
     <span class='ocr_line' id='line_1_81' title="bbox 355 4847 2030 4923; baseline -0.005 -15"><span class='ocrx_word' id='word_1_666' title='bbox 355 4855 463 4908; x_wconf 78' lang='grc' dir='ltr'>οὐκ</span> <span class='ocrx_word' id='word_1_667' title='bbox 487 4851 836 4923; x_wconf 68' lang='grc' dir='ltr'>εφοϐήθησαν</span> <span class='ocrx_word' id='word_1_668' title='bbox 860 4850 959 4922; x_wconf 81' lang='grc' dir='ltr'>τὴν</span> <span class='ocrx_word' id='word_1_669' title='bbox 980 4849 1231 4920; x_wconf 83' lang='grc' dir='ltr'>κάμινον,</span> <span class='ocrx_word' id='word_1_670' title='bbox 1256 4851 1350 4902; x_wconf 73' lang='grc' dir='ltr'>καὶ</span> <span class='ocrx_word' id='word_1_671' title='bbox 1373 4849 1628 4917; x_wconf 83' lang='grc' dir='ltr'>διέφυγον</span> <span class='ocrx_word' id='word_1_672' title='bbox 1650 4848 1748 4918; x_wconf 81' lang='grc' dir='ltr'>τὴν</span> <span class='ocrx_word' id='word_1_673' title='bbox 1767 4847 1999 4917; x_wconf 89' lang='grc' dir='ltr'>κάμινον</span> <span class='ocrx_word' id='word_1_674' title='bbox 2015 4863 2030 4878; x_wconf 88' lang='grc'><strong>·</strong></span> 
     </span>
    </p>
   </div>
   <div class='ocr_carea' id='block_1_82' title="bbox 355 4935 2034 5010">
    <p class='ocr_par' dir='ltr' id='par_1_82' title="bbox 355 4935 2034 5010">
     <span class='ocr_line' id='line_1_82' title="bbox 355 4935 2034 5010; baseline -0.005 -14"><span class='ocrx_word' id='word_1_675' title='bbox 355 4941 636 5004; x_wconf 56' lang='grc' dir='ltr'>τοιοὼους</span> <span class='ocrx_word' id='word_1_676' title='bbox 657 4935 796 4993; x_wconf 83' lang='grc' dir='ltr'>εἶναι</span> <span class='ocrx_word' id='word_1_677' title='bbox 824 4937 931 5010; x_wconf 83' lang='grc' dir='ltr'>χρὴ</span> <span class='ocrx_word' id='word_1_678' title='bbox 951 4940 1078 5000; x_wconf 77' lang='grc' dir='ltr'>τοὺς</span> <span class='ocrx_word' id='word_1_679' title='bbox 1106 4936 1199 4990; x_wconf 93' lang='grc' dir='ltr'>τοῦ</span> <span class='ocrx_word' id='word_1_680' title='bbox 1231 4935 1368 4989; x_wconf 86' lang='grc' dir='ltr'>Θεοῦ</span> <span class='ocrx_word' id='word_1_681' title='bbox 1391 4935 1630 5000; x_wconf 87' lang='grc' dir='ltr'>δούλους.</span> <span class='ocrx_word' id='word_1_682' title='bbox 1663 4936 1727 4988; x_wconf 84' lang='grc' dir='ltr'>Εἰ</span> <span class='ocrx_word' id='word_1_683' title='bbox 1756 4935 1865 5005; x_wconf 68' lang='grc' dir='ltr'>γὰρ</span> <span class='ocrx_word' id='word_1_684' title='bbox 1890 4935 1940 4986; x_wconf 90' lang='grc' dir='ltr'>οί</span> <span class='ocrx_word' id='word_1_685' title='bbox 1975 4936 2034 4988; x_wconf 81' lang='grc' dir='ltr'>έν</span> 
     </span>
    </p>
   </div>
   <div class='ocr_carea' id='block_1_83' title="bbox 356 5021 2032 5099">
    <p class='ocr_par' dir='ltr' id='par_1_83' title="bbox 356 5021 2032 5099">
     <span class='ocr_line' id='line_1_83' title="bbox 356 5021 2032 5099; baseline -0.006 -15"><span class='ocrx_word' id='word_1_686' title='bbox 356 5033 426 5099; x_wconf 81' lang='grc' dir='ltr'>τῇ</span> <span class='ocrx_word' id='word_1_687' title='bbox 460 5028 677 5098; x_wconf 79' lang='grc' dir='ltr'>Παλαιᾷ</span> <span class='ocrx_word' id='word_1_688' title='bbox 719 5027 1054 5099; x_wconf 79' lang='grc' dir='ltr'>τραφέντες,</span> <span class='ocrx_word' id='word_1_689' title='bbox 1085 5026 1174 5078; x_wconf 83' lang='grc' dir='ltr'>ὅτε</span> <span class='ocrx_word' id='word_1_690' title='bbox 1206 5022 1361 5077; x_wconf 75' lang='grc' dir='ltr'>οὔπω</span> <span class='ocrx_word' id='word_1_691' title='bbox 1406 5023 1738 5094; x_wconf 82' lang='grc' dir='ltr'>ὲνενέκρωτο</span> <span class='ocrx_word' id='word_1_692' title='bbox 1772 5021 2032 5085; x_wconf 88' lang='grc' dir='ltr'>θάνατος,</span> 
     </span>
    </p>
   </div>
   <div class='ocr_carea' id='block_1_84' title="bbox 357 5109 2036 5186">
    <p class='ocr_par' dir='ltr' id='par_1_84' title="bbox 357 5109 2036 5186">
     <span class='ocr_line' id='line_1_84' title="bbox 357 5109 2036 5186; baseline -0.005 -16"><span class='ocrx_word' id='word_1_693' title='bbox 357 5117 483 5170; x_wconf 75' lang='grc' dir='ltr'>οὔτε</span> <span class='ocrx_word' id='word_1_694' title='bbox 533 5117 588 5168; x_wconf 85' lang='grc' dir='ltr'>αἱ</span> <span class='ocrx_word' id='word_1_695' title='bbox 648 5116 848 5186; x_wconf 85' lang='grc' dir='ltr'>χαλκαῖ</span> <span class='ocrx_word' id='word_1_696' title='bbox 900 5114 1067 5167; x_wconf 88' lang='grc' dir='ltr'>πύλαι</span> <span class='ocrx_word' id='word_1_697' title='bbox 1131 5112 1612 5181; x_wconf 83' lang='grc' dir='ltr'>συνεκλάσθησαν,</span> <span class='ocrx_word' id='word_1_698' title='bbox 1659 5109 1783 5163; x_wconf 75' lang='grc' dir='ltr'>οὔτε</span> <span class='ocrx_word' id='word_1_699' title='bbox 1829 5110 1879 5162; x_wconf 86' lang='grc' dir='ltr'>οί</span> <span class='ocrx_word' id='word_1_700' title='bbox 1939 5125 2036 5180; x_wconf 82' lang='grc' dir='ltr'>μο-</span> 
     </span>
    </p>
   </div>
   <div class='ocr_carea' id='block_1_85' title="bbox 359 5198 2035 5276">
    <p class='ocr_par' dir='ltr' id='par_1_85' title="bbox 359 5198 2035 5276">
     <span class='ocr_line' id='line_1_85' title="bbox 359 5198 2035 5276; baseline -0.005 -18"><span class='ocrx_word' id='word_1_701' title='bbox 359 5205 476 5274; x_wconf 87' lang='grc' dir='ltr'>χλοί</span> <span class='ocrx_word' id='word_1_702' title='bbox 533 5205 584 5258; x_wconf 91' lang='grc' dir='ltr'>οἱ</span> <span class='ocrx_word' id='word_1_703' title='bbox 638 5203 850 5276; x_wconf 84' lang='grc' dir='ltr'>σιδηροῖ</span> <span class='ocrx_word' id='word_1_704' title='bbox 901 5200 1296 5274; x_wconf 79' lang='grc' dir='ltr'>συνετρίϐησαν</span> <span class='ocrx_word' id='word_1_705' title='bbox 1331 5211 1378 5268; x_wconf 76' lang='grc' dir='ltr'>ο,</span> <span class='ocrx_word' id='word_1_706' title='bbox 1423 5198 1565 5252; x_wconf 78' lang='grc' dir='ltr'>οὕτω</span> <span class='ocrx_word' id='word_1_707' title='bbox 1603 5198 1862 5268; x_wconf 88' lang='grc' dir='ltr'>γενναίως</span> <span class='ocrx_word' id='word_1_708' title='bbox 1900 5213 2035 5250; x_wconf 82' lang='grc' dir='ltr'>κατ-</span> 
     </span>
    </p>
   </div>
   <div class='ocr_carea' id='block_1_86' title="bbox 420 5334 2032 5395">
    <p class='ocr_par' dir='ltr' id='par_1_86' title="bbox 420 5334 2032 5395">
     <span class='ocr_line' id='line_1_86' title="bbox 420 5334 2032 5395; baseline -0.006 0"><span class='ocrx_word' id='word_1_709' title='bbox 420 5344 686 5395; x_wconf 77' lang='grc' dir='ltr'>⁹τίιυὶοπι</span> <span class='ocrx_word' id='word_1_710' title='bbox 725 5343 797 5393; x_wconf 86' lang='lat' dir='ltr'>sic</span> <span class='ocrx_word' id='word_1_711' title='bbox 821 5343 1040 5392; x_wconf 71' lang='lat' dir='ltr'>efferunt</span> <span class='ocrx_word' id='word_1_712' title='bbox 1080 5339 1232 5392; x_wconf 78' lang='lat' dir='ltr'>Savil.</span> <span class='ocrx_word' id='word_1_713' title='bbox 1277 5346 1328 5390; x_wconf 76' lang='lat' dir='ltr'><strong>et</strong></span> <span class='ocrx_word' id='word_1_714' title='bbox 1364 5342 1461 5389; x_wconf 85' lang='lat' dir='ltr'>duo</span> <span class='ocrx_word' id='word_1_715' title='bbox 1498 5338 1727 5389; x_wconf 66' lang='lat' dir='ltr'>codiceS&#39;</span> <span class='ocrx_word' id='word_1_716' title='bbox 1763 5336 1862 5388; x_wconf 80' lang='grc' dir='ltr'>Τοῦ</span> <span class='ocrx_word' id='word_1_717' title='bbox 1886 5334 2032 5386; x_wconf 78' lang='grc' dir='ltr'>αὐτοῦ</span> 
     </span>
    </p>
   </div>
   <div class='ocr_carea' id='block_1_87' title="bbox 357 5399 2034 5480">
    <p class='ocr_par' dir='ltr' id='par_1_87' title="bbox 357 5399 2034 5480">
     <span class='ocr_line' id='line_1_87' title="bbox 357 5399 2034 5480; baseline -0.005 -25"><span class='ocrx_word' id='word_1_718' title='bbox 357 5407 624 5480; x_wconf 59' lang='grc' dir='ltr'>ὒπρμγησις</span> <span class='ocrx_word' id='word_1_719' title='bbox 644 5408 738 5480; x_wconf 66' lang='grc' dir='ltr'>τῶν</span> <span class='ocrx_word' id='word_1_720' title='bbox 758 5406 1007 5480; x_wconf 41' lang='grc' dir='ltr'>ἦδηΙαύτςρ</span> <span class='ocrx_word' id='word_1_721' title='bbox 1034 5405 1382 5480; x_wconf 60' lang='grc' dir='ltr'>πρρλεχθέχτων</span> <span class='ocrx_word' id='word_1_722' title='bbox 1414 5403 1707 5480; x_wconf 57' lang='grc' dir='ltr'>ἀκολούθῳςο</span> <span class='ocrx_word' id='word_1_723' title='bbox 1733 5399 1806 5478; x_wconf 70' lang='grc' dir='ltr'>ὅτι</span> <span class='ocrx_word' id='word_1_724' title='bbox 1830 5400 2034 5480; x_wconf 61' lang='grc' dir='ltr'>ράνμτρν</span> 
     </span>
    </p>
   </div>
   <div class='ocr_carea' id='block_1_88' title="bbox 357 5460 2032 5540">
    <p class='ocr_par' dir='ltr' id='par_1_88' title="bbox 357 5460 2032 5540">
     <span class='ocr_line' id='line_1_88' title="bbox 357 5460 2032 5540; baseline -0.005 -23"><span class='ocrx_word' id='word_1_725' title='bbox 454 5460 620 5540; x_wconf 64' lang='grc' dir='ltr'>’λύπην</span> <span class='ocrx_word' id='word_1_726' title='bbox 639 5471 670 5526; x_wconf 80' lang='grc' dir='ltr'><strong>ἡ</strong></span> <span class='ocrx_word' id='word_1_727' title='bbox 693 5460 1043 5540; x_wconf 35' lang='grc' dir='ltr'>ἁμαρτίαιμᾶνη</span> <span class='ocrx_word' id='word_1_728' title='bbox 1070 5460 1134 5540; x_wconf 62' lang='grc' dir='ltr'>είς</span> <span class='ocrx_word' id='word_1_729' title='bbox 1160 5460 1243 5539; x_wconf 60' lang='grc' dir='ltr'>τὸν</span> <span class='ocrx_word' id='word_1_730' title='bbox 1261 5465 1366 5540; x_wconf 78' lang='grc' dir='ltr'>βίον</span> <span class='ocrx_word' id='word_1_731' title='bbox 1380 5460 1742 5540; x_wconf 44' lang='grc' dir='ltr'>,εἰσεγεγκοῦσαθ</span> <span class='ocrx_word' id='word_1_732' title='bbox 1765 5463 1844 5510; x_wconf 79' lang='grc' dir='ltr'>ὑπ’</span> <span class='ocrx_word' id='word_1_733' title='bbox 1875 5461 2032 5540; x_wconf 47' lang='grc' dir='ltr'>ςιύιξιῖξν</span> 
     </span>
    </p>
   </div>
   <div class='ocr_carea' id='block_1_89' title="bbox 356 5521 2034 5592">
    <p class='ocr_par' dir='ltr' id='par_1_89' title="bbox 356 5521 2034 5592">
     <span class='ocr_line' id='line_1_89' title="bbox 356 5521 2034 5592; baseline -0.004 -16"><span class='ocrx_word' id='word_1_734' title='bbox 356 5530 539 5592; x_wconf 71' lang='grc' dir='ltr'>τούτων</span> <span class='ocrx_word' id='word_1_735' title='bbox 560 5521 818 5592; x_wconf 66' lang='grc' dir='ltr'>ἀναιρεῖται</span> <span class='ocrx_word' id='word_1_736' title='bbox 838 5521 996 5586; x_wconf 73' lang='grc' dir='ltr'>πάλιν,</span> <span class='ocrx_word' id='word_1_737' title='bbox 1024 5521 1106 5575; x_wconf 81' lang='grc' dir='ltr'>καί</span> <span class='ocrx_word' id='word_1_738' title='bbox 1136 5528 1200 5592; x_wconf 81' lang='grc' dir='ltr'>εἰς</span> <span class='ocrx_word' id='word_1_739' title='bbox 1226 5521 1299 5592; x_wconf 68' lang='grc' dir='ltr'>τρ,</span> <span class='ocrx_word' id='word_1_740' title='bbox 1330 5540 1345 5570; x_wconf 81' lang='grc' dir='ltr'>ι</span> <span class='ocrx_word' id='word_1_741' title='bbox 1358 5522 1459 5592; x_wconf 37' lang='grc' dir='ltr'>-Ἰεξν</span> <span class='ocrx_word' id='word_1_742' title='bbox 1479 5521 1609 5592; x_wconf 58' lang='grc' dir='ltr'>ἀρχῇ⁸</span> <span class='ocrx_word' id='word_1_743' title='bbox 1627 5523 1847 5592; x_wconf 56' lang='grc' dir='ltr'>ἐποίησεν</span> <span class='ocrx_word' id='word_1_744' title='bbox 1868 5525 1895 5570; x_wconf 91' lang='grc' dir='ltr'><strong>ὁ</strong></span> <span class='ocrx_word' id='word_1_745' title='bbox 1914 5521 2034 5592; x_wconf 67' lang='grc' dir='ltr'>Θεὸς</span> 
     </span>
    </p>
   </div>
   <div class='ocr_carea' id='block_1_90' title="bbox 357 5583 2031 5654">
    <p class='ocr_par' dir='ltr' id='par_1_90' title="bbox 357 5583 2031 5654">
     <span class='ocr_line' id='line_1_90' title="bbox 357 5583 2031 5654; baseline -0.005 -15"><span class='ocrx_word' id='word_1_746' title='bbox 357 5591 438 5654; x_wconf 57' lang='grc' dir='ltr'>τὸν</span> <span class='ocrx_word' id='word_1_747' title='bbox 472 5583 682 5654; x_wconf 59' lang='grc' dir='ltr'>οὐρανὸν¹</span> <span class='ocrx_word' id='word_1_748' title='bbox 811 5592 898 5654; x_wconf 77' lang='grc' dir='ltr'>τὴν</span> <span class='ocrx_word' id='word_1_749' title='bbox 927 5583 1045 5654; x_wconf 83' lang='lat'>°_</span> <span class='ocrx_word' id='word_1_750' title='bbox 1069 5609 1094 5654; x_wconf 60' lang='grc' dir='ltr'>ξι</span> <span class='ocrx_word' id='word_1_751' title='bbox 1125 5589 1205 5654; x_wconf 76' lang='grc' dir='ltr'>καί</span> <span class='ocrx_word' id='word_1_752' title='bbox 1244 5583 1316 5654; x_wconf 76' lang='grc' dir='ltr'>ὅτι</span> <span class='ocrx_word' id='word_1_753' title='bbox 1405 5583 1524 5654; x_wconf 71' lang='grc' dir='ltr'>Θεδς</span> <span class='ocrx_word' id='word_1_754' title='bbox 1540 5583 1668 5654; x_wconf 64' lang='grc' dir='ltr'>ὀὐχὶ</span> <span class='ocrx_word' id='word_1_755' title='bbox 1685 5586 1850 5654; x_wconf 33' lang='grc' dir='ltr'>’τιμῶν</span> <span class='ocrx_word' id='word_1_756' title='bbox 1890 5583 2031 5654; x_wconf 70' lang='grc' dir='ltr'>μρνον</span> 
     </span>
    </p>
   </div>
   <div class='ocr_carea' id='block_1_91' title="bbox 355 5645 2027 5724">
    <p class='ocr_par' dir='ltr' id='par_1_91' title="bbox 355 5645 2027 5724">
     <span class='ocr_line' id='line_1_91' title="bbox 355 5645 2027 5724; baseline -0.004 -25"><span class='ocrx_word' id='word_1_757' title='bbox 355 5652 498 5724; x_wconf 65' lang='grc' dir='ltr'>ἡμεῖς,</span> <span class='ocrx_word' id='word_1_758' title='bbox 513 5645 644 5724; x_wconf 54' lang='grc' dir='ltr'>ὀὐδὲ</span> <span class='ocrx_word' id='word_1_759' title='bbox 673 5645 949 5724; x_wconf 53' lang='grc' dir='ltr'>εὐεργετῶν,</span> <span class='ocrx_word' id='word_1_760' title='bbox 975 5645 1098 5724; x_wconf 65' lang='grc' dir='ltr'>ἀλλὰ</span> <span class='ocrx_word' id='word_1_761' title='bbox 1129 5651 1212 5724; x_wconf 63' lang='grc' dir='ltr'>καὶ</span> <span class='ocrx_word' id='word_1_762' title='bbox 1233 5649 1446 5705; x_wconf 75' lang='grc' dir='ltr'>κολάζων</span> <span class='ocrx_word' id='word_1_763' title='bbox 1470 5645 1650 5709; x_wconf 73' lang='grc' dir='ltr'>ὁμοίως</span> <span class='ocrx_word' id='word_1_764' title='bbox 1678 5645 1804 5695; x_wconf 68' lang='grc' dir='ltr'>ἐστὶν</span> <span class='ocrx_word' id='word_1_765' title='bbox 1829 5645 2000 5706; x_wconf 80' lang='grc' dir='ltr'>ἀγαθός</span> <span class='ocrx_word' id='word_1_766' title='bbox 2013 5660 2027 5673; x_wconf 85' lang='grc'><strong>·</strong></span> 
     </span>
    </p>
   </div>
   <div class='ocr_carea' id='block_1_92' title="bbox 354 5713 1196 5786">
    <p class='ocr_par' dir='ltr' id='par_1_92' title="bbox 354 5713 1196 5786">
     <span class='ocr_line' id='line_1_92' title="bbox 354 5713 1196 5786; baseline -0.005 -25"><span class='ocrx_word' id='word_1_767' title='bbox 354 5714 443 5786; x_wconf 60' lang='grc' dir='ltr'>ηαξ</span> <span class='ocrx_word' id='word_1_768' title='bbox 455 5713 565 5786; x_wconf 49' lang='grc' dir='ltr'>περί</span> <span class='ocrx_word' id='word_1_769' title='bbox 587 5718 672 5785; x_wconf 64' lang='grc' dir='ltr'>τῆς</span> <span class='ocrx_word' id='word_1_770' title='bbox 701 5713 798 5786; x_wconf 69' lang='grc' dir='ltr'>τῶν</span> <span class='ocrx_word' id='word_1_771' title='bbox 819 5715 974 5786; x_wconf 77' lang='grc' dir='ltr'>ὅρκων</span> <span class='ocrx_word' id='word_1_772' title='bbox 994 5714 1196 5774; x_wconf 84' lang='grc' dir='ltr'>ἀποχῆς.</span> 
     </span>
    </p>
   </div>
   <div class='ocr_carea' id='block_1_93' title="bbox 421 5774 906 5830">
    <p class='ocr_par' dir='ltr' id='par_1_93' title="bbox 421 5774 906 5830">
     <span class='ocr_line' id='line_1_93' title="bbox 421 5774 906 5830; baseline -0.006 -7"><span class='ocrx_word' id='word_1_773' title='bbox 421 5777 443 5804; x_wconf 82' lang='grc'><strong><em>⁸</em></strong></span> <span class='ocrx_word' id='word_1_774' title='bbox 467 5775 565 5824; x_wconf 68' lang='lat' dir='ltr'><strong>Alii</strong></span> <span class='ocrx_word' id='word_1_775' title='bbox 589 5774 689 5830; x_wconf 76' lang='grc' dir='ltr'>τοῖς</span> <span class='ocrx_word' id='word_1_776' title='bbox 709 5774 906 5829; x_wconf 81' lang='grc' dir='ltr'>λοιποῖς.</span> 
     </span>
    </p>
   </div>
   <div class='ocr_carea' id='block_1_94' title="bbox 414 5832 1388 5896">
    <p class='ocr_par' dir='ltr' id='par_1_94' title="bbox 414 5832 1388 5896">
     <span class='ocr_line' id='line_1_94' title="bbox 414 5832 1388 5896; baseline -0.004 -11"><span class='ocrx_word' id='word_1_777' title='bbox 414 5838 446 5875; x_wconf 62' lang='lat' dir='ltr'>li</span> <span class='ocrx_word' id='word_1_778' title='bbox 468 5833 625 5885; x_wconf 62' lang='lat' dir='ltr'><strong>Sui].</strong></span> <span class='ocrx_word' id='word_1_779' title='bbox 653 5842 704 5884; x_wconf 83' lang='lat' dir='ltr'><strong>el</strong></span> <span class='ocrx_word' id='word_1_780' title='bbox 723 5836 917 5896; x_wconf 82' lang='lat' dir='ltr'><strong>quidam</strong></span> <span class='ocrx_word' id='word_1_781' title='bbox 942 5847 1059 5884; x_wconf 77' lang='lat' dir='ltr'>mss.</span> <span class='ocrx_word' id='word_1_782' title='bbox 1085 5833 1204 5896; x_wconf 80' lang='grc' dir='ltr'>μιτὰ</span> <span class='ocrx_word' id='word_1_783' title='bbox 1225 5832 1388 5883; x_wconf 79' lang='grc' dir='ltr'>τοῦτο.</span> 
     </span>
    </p>
   </div>
   <div class='ocr_carea' id='block_1_95' title="bbox 423 5890 1900 5958">
    <p class='ocr_par' dir='ltr' id='par_1_95' title="bbox 423 5890 1900 5958">
     <span class='ocr_line' id='line_1_95' title="bbox 423 5890 1900 5958; baseline -0.007 -10"><span class='ocrx_word' id='word_1_784' title='bbox 423 5898 444 5928; x_wconf 85' lang='grc'><em>³</em></span> <span class='ocrx_word' id='word_1_785' title='bbox 465 5897 569 5948; x_wconf 70' lang='lat' dir='ltr'><strong>Alii</strong></span> <span class='ocrx_word' id='word_1_786' title='bbox 593 5890 984 5955; x_wconf 72' lang='grc' dir='ltr'>ωνεθλάσθησαν.</span> <span class='ocrx_word' id='word_1_787' title='bbox 1007 5890 1132 5948; x_wconf 74' lang='lat' dir='ltr'><strong>luﬁ-a</strong></span> <span class='ocrx_word' id='word_1_788' title='bbox 1152 5897 1346 5958; x_wconf 86' lang='lat' dir='ltr'><strong>quidam</strong></span> <span class='ocrx_word' id='word_1_789' title='bbox 1367 5893 1645 5958; x_wconf 74' lang='grc' dir='ltr'>συγγνώμην</span> <span class='ocrx_word' id='word_1_790' title='bbox 1665 5890 1900 5950; x_wconf 76' lang='grc' dir='ltr'>τοιαύτης.</span> 
     </span>
    </p>
   </div>
   <div class='ocr_carea' id='block_1_96' title="bbox 2144 2912 3819 2992">
    <p class='ocr_par' dir='ltr' id='par_1_96' title="bbox 2144 2912 3819 2992">
     <span class='ocr_line' id='line_1_96' title="bbox 2144 2912 3819 2992; baseline 0 -20"><span class='ocrx_word' id='word_1_791' title='bbox 2144 2916 2449 2988; x_wconf 87' lang='grc' dir='ltr'>ετόλμησαν</span> <span class='ocrx_word' id='word_1_792' title='bbox 2477 2914 2578 2987; x_wconf 89' lang='grc' dir='ltr'>τῆς</span> <span class='ocrx_word' id='word_1_793' title='bbox 2615 2914 2893 2985; x_wconf 85' lang='grc' dir='ltr'>τελευτῆς,</span> <span class='ocrx_word' id='word_1_794' title='bbox 2925 2913 3048 2968; x_wconf 88' lang='grc' dir='ltr'>τίνα</span> <span class='ocrx_word' id='word_1_795' title='bbox 3081 2912 3276 2985; x_wconf 64' lang='grc' dir='ltr'>ἕξομεν</span> <span class='ocrx_word' id='word_1_796' title='bbox 3306 2915 3601 2987; x_wconf 80' lang='grc' dir='ltr'>ἀπολογίαν</span> <span class='ocrx_word' id='word_1_797' title='bbox 3638 2919 3819 2992; x_wconf 75' lang='grc' dir='ltr'>ἡμεῖς,</span> 
     </span>
    </p>
   </div>
   <div class='ocr_carea' id='block_1_97' title="bbox 2143 3000 3826 3078">
    <p class='ocr_par' dir='ltr' id='par_1_97' title="bbox 2143 3000 3826 3078">
     <span class='ocr_line' id='line_1_97' title="bbox 2143 3000 3826 3078; baseline -0.005 -18"><span class='ocrx_word' id='word_1_798' title='bbox 2143 3005 2178 3075; x_wconf 80' lang='grc' dir='ltr'>ἢ</span> <span class='ocrx_word' id='word_1_799' title='bbox 2211 3004 2372 3059; x_wconf 89' lang='grc' dir='ltr'>ποίαν</span> <span class='ocrx_word' id='word_1_800' title='bbox 2405 3000 2758 3072; x_wconf 87' lang='grc' dir='ltr'>συγγνώμην,</span> <span class='ocrx_word' id='word_1_801' title='bbox 2795 3000 3062 3071; x_wconf 88' lang='grc' dir='ltr'>τοσαύτης</span> <span class='ocrx_word' id='word_1_802' title='bbox 3094 3001 3502 3068; x_wconf 83' lang='grc' dir='ltr'>ἀπολαύσαντες</span> <span class='ocrx_word' id='word_1_803' title='bbox 3532 3006 3633 3076; x_wconf 87' lang='grc' dir='ltr'>τῆς</span> <span class='ocrx_word' id='word_1_804' title='bbox 3665 3007 3826 3078; x_wconf 82' lang='grc' dir='ltr'>χάρι.</span> 
     </span>
    </p>
   </div>
   <div class='ocr_carea' id='block_1_98' title="bbox 2141 3088 3825 3166">
    <p class='ocr_par' dir='ltr' id='par_1_98' title="bbox 2141 3088 3825 3166">
     <span class='ocr_line' id='line_1_98' title="bbox 2141 3088 3825 3166; baseline 0 -21"><span class='ocrx_word' id='word_1_805' title='bbox 2141 3108 2266 3156; x_wconf 90' lang='grc' dir='ltr'>τος,</span> <span class='ocrx_word' id='word_1_806' title='bbox 2314 3090 2410 3144; x_wconf 74' lang='grc' dir='ltr'>καὶ</span> <span class='ocrx_word' id='word_1_807' title='bbox 2456 3088 2591 3162; x_wconf 83' lang='grc' dir='ltr'>μηδὲ</span> <span class='ocrx_word' id='word_1_808' title='bbox 2640 3089 2779 3161; x_wconf 86' lang='grc' dir='ltr'>πρὸς</span> <span class='ocrx_word' id='word_1_809' title='bbox 2822 3089 2894 3142; x_wconf 89' lang='grc' dir='ltr'>τά</span> <span class='ocrx_word' id='word_1_810' title='bbox 2942 3089 3082 3143; x_wconf 84' lang='grc' dir='ltr'>αὐτά</span> <span class='ocrx_word' id='word_1_811' title='bbox 3120 3089 3414 3159; x_wconf 82' lang='grc' dir='ltr'>φθάνοντες</span> <span class='ocrx_word' id='word_1_812' title='bbox 3455 3091 3685 3158; x_wconf 77' lang='grc' dir='ltr'>ἐκείνοις</span> <span class='ocrx_word' id='word_1_813' title='bbox 3727 3093 3825 3166; x_wconf 76' lang='grc' dir='ltr'>μέ-</span> 
     </span>
    </p>
   </div>
   <div class='ocr_carea' id='block_1_99' title="bbox 2141 3174 3825 3250">
    <p class='ocr_par' dir='ltr' id='par_1_99' title="bbox 2141 3174 3825 3250">
     <span class='ocr_line' id='line_1_99' title="bbox 2141 3174 3825 3250; baseline 0.002 -19"><span class='ocrx_word' id='word_1_814' title='bbox 2141 3196 2247 3250; x_wconf 89' lang='grc' dir='ltr'>τρα</span> <span class='ocrx_word' id='word_1_815' title='bbox 2291 3179 2390 3247; x_wconf 83' lang='grc' dir='ltr'>τῆς</span> <span class='ocrx_word' id='word_1_816' title='bbox 2432 3177 2634 3248; x_wconf 86' lang='grc' dir='ltr'>ἀρετῆς</span> <span class='ocrx_word' id='word_1_817' title='bbox 2665 3174 2785 3240; x_wconf 90' lang='grc' dir='ltr'>νῦν,</span> <span class='ocrx_word' id='word_1_818' title='bbox 2813 3175 2904 3228; x_wconf 83' lang='grc' dir='ltr'>ὅτε</span> <span class='ocrx_word' id='word_1_819' title='bbox 2940 3176 3113 3247; x_wconf 73' lang='grc' dir='ltr'>ὄνομα</span> <span class='ocrx_word' id='word_1_820' title='bbox 3148 3176 3308 3246; x_wconf 88' lang='grc' dir='ltr'>μόνον</span> <span class='ocrx_word' id='word_1_821' title='bbox 3346 3177 3496 3231; x_wconf 77' lang='grc' dir='ltr'>ἐστὶν</span> <span class='ocrx_word' id='word_1_822' title='bbox 3529 3181 3558 3232; x_wconf 84' lang='grc' dir='ltr'><em>ὁ</em></span> <span class='ocrx_word' id='word_1_823' title='bbox 3595 3179 3825 3250; x_wconf 77' lang='grc' dir='ltr'>θάνατος</span> 
     </span>
    </p>
   </div>
   <div class='ocr_carea' id='block_1_100' title="bbox 2141 3263 3821 3338">
    <p class='ocr_par' dir='ltr' id='par_1_100' title="bbox 2141 3263 3821 3338">
     <span class='ocr_line' id='line_1_100' title="bbox 2141 3263 3821 3338; baseline -0.004 -9"><span class='ocrx_word' id='word_1_824' title='bbox 2141 3267 2462 3338; x_wconf 81' lang='grc' dir='ltr'>πράγματος</span> <span class='ocrx_word' id='word_1_825' title='bbox 2493 3265 2732 3338; x_wconf 71' lang='grc' dir='ltr'>ἐρτὶμονς</span> <span class='ocrx_word' id='word_1_826' title='bbox 2769 3263 2933 3318; x_wconf 82' lang='grc' dir='ltr'>Οὐδὲν</span> <span class='ocrx_word' id='word_1_827' title='bbox 2964 3265 3075 3335; x_wconf 83' lang='grc' dir='ltr'>γὰρ</span> <span class='ocrx_word' id='word_1_828' title='bbox 3107 3265 3295 3336; x_wconf 69' lang='grc' dir='ltr'>ἔτερόν</span> <span class='ocrx_word' id='word_1_829' title='bbox 3333 3267 3484 3321; x_wconf 78' lang='grc' dir='ltr'>ἐστιν</span> <span class='ocrx_word' id='word_1_830' title='bbox 3511 3267 3541 3320; x_wconf 86' lang='grc' dir='ltr'>ό</span> <span class='ocrx_word' id='word_1_831' title='bbox 3570 3268 3821 3338; x_wconf 86' lang='grc' dir='ltr'>θάνατος,</span> 
     </span>
    </p>
   </div>
   <div class='ocr_carea' id='block_1_101' title="bbox 2139 3350 3823 3425">
    <p class='ocr_par' dir='ltr' id='par_1_101' title="bbox 2139 3350 3823 3425">
     <span class='ocr_line' id='line_1_101' title="bbox 2139 3350 3823 3425; baseline -0.001 -19"><span class='ocrx_word' id='word_1_832' title='bbox 2139 3353 2315 3425; x_wconf 79' lang='grc' dir='ltr'>ἀλλ’ἢ</span> <span class='ocrx_word' id='word_1_833' title='bbox 2350 3350 2538 3415; x_wconf 77' lang='grc' dir='ltr'>ῦπνος,</span> <span class='ocrx_word' id='word_1_834' title='bbox 2575 3350 2671 3403; x_wconf 72' lang='grc' dir='ltr'>καὶ</span> <span class='ocrx_word' id='word_1_835' title='bbox 2702 3350 3001 3420; x_wconf 70' lang='grc' dir='ltr'>ἀποδημία,</span> <span class='ocrx_word' id='word_1_836' title='bbox 3041 3352 3138 3404; x_wconf 76' lang='grc' dir='ltr'>καὶ</span> <span class='ocrx_word' id='word_1_837' title='bbox 3175 3350 3526 3421; x_wconf 83' lang='grc' dir='ltr'>μετάστασις,</span> <span class='ocrx_word' id='word_1_838' title='bbox 3561 3354 3656 3407; x_wconf 75' lang='grc' dir='ltr'>καὶ</span> <span class='ocrx_word' id='word_1_839' title='bbox 3686 3356 3823 3410; x_wconf 69' lang='grc' dir='ltr'>ἀνά-</span> 
     </span>
    </p>
   </div>
   <div class='ocr_carea' id='block_1_102' title="bbox 2141 3437 3821 3514">
    <p class='ocr_par' dir='ltr' id='par_1_102' title="bbox 2141 3437 3821 3514">
     <span class='ocr_line' id='line_1_102' title="bbox 2141 3437 3821 3514; baseline 0.004 -22"><span class='ocrx_word' id='word_1_840' title='bbox 2141 3455 2362 3501; x_wconf 82' lang='grc' dir='ltr'>παυσις,</span> <span class='ocrx_word' id='word_1_841' title='bbox 2402 3437 2497 3491; x_wconf 79' lang='grc' dir='ltr'>καὶ</span> <span class='ocrx_word' id='word_1_842' title='bbox 2526 3438 2692 3508; x_wconf 77' lang='grc' dir='ltr'>λιμὴν</span> <span class='ocrx_word' id='word_1_843' title='bbox 2725 3437 2919 3503; x_wconf 74' lang='grc' dir='ltr'>εὔδιος,</span> <span class='ocrx_word' id='word_1_844' title='bbox 2947 3438 3042 3491; x_wconf 78' lang='grc' dir='ltr'>καὶ</span> <span class='ocrx_word' id='word_1_845' title='bbox 3079 3438 3327 3508; x_wconf 85' lang='grc' dir='ltr'>ταραχῆς</span> <span class='ocrx_word' id='word_1_846' title='bbox 3371 3441 3680 3514; x_wconf 79' lang='grc' dir='ltr'>ἀπαλλαγὴ,</span> <span class='ocrx_word' id='word_1_847' title='bbox 3721 3447 3821 3501; x_wconf 70' lang='grc' dir='ltr'>καὶ</span> 
     </span>
    </p>
   </div>
   <div class='ocr_carea' id='block_1_103' title="bbox 2140 3525 3823 3602">
    <p class='ocr_par' dir='ltr' id='par_1_103' title="bbox 2140 3525 3823 3602">
     <span class='ocr_line' id='line_1_103' title="bbox 2140 3525 3823 3602; baseline -0.001 -22"><span class='ocrx_word' id='word_1_848' title='bbox 2140 3525 2410 3597; x_wconf 88' lang='grc' dir='ltr'>βιωτικῶν</span> <span class='ocrx_word' id='word_1_849' title='bbox 2454 3526 2736 3596; x_wconf 78' lang='grc' dir='ltr'>ἐλευθερία</span> <span class='ocrx_word' id='word_1_850' title='bbox 2777 3525 3099 3596; x_wconf 86' lang='grc' dir='ltr'>φροντίδων.</span> <span class='ocrx_word' id='word_1_851' title='bbox 3147 3525 3309 3579; x_wconf 78' lang='grc' dir='ltr'>Ἀλλά</span> <span class='ocrx_word' id='word_1_852' title='bbox 3346 3527 3447 3596; x_wconf 86' lang='grc' dir='ltr'>τῆς</span> <span class='ocrx_word' id='word_1_853' title='bbox 3491 3530 3592 3598; x_wconf 82' lang='grc' dir='ltr'>μὲν</span> <span class='ocrx_word' id='word_1_854' title='bbox 3641 3549 3823 3602; x_wconf 89' lang='grc' dir='ltr'>παρα.</span> 
     </span>
    </p>
   </div>
   <div class='ocr_carea' id='block_1_104' title="bbox 2137 3611 3822 3689">
    <p class='ocr_par' dir='ltr' id='par_1_104' title="bbox 2137 3611 3822 3689">
     <span class='ocr_line' id='line_1_104' title="bbox 2137 3611 3822 3689; baseline -0.001 -22"><span class='ocrx_word' id='word_1_855' title='bbox 2137 3615 2381 3684; x_wconf 84' lang='grc' dir='ltr'>κλήσεως</span> <span class='ocrx_word' id='word_1_856' title='bbox 2411 3613 2645 3666; x_wconf 82' lang='grc' dir='ltr'>ἐνταῦθα</span> <span class='ocrx_word' id='word_1_857' title='bbox 2669 3612 3066 3681; x_wconf 88' lang='grc' dir='ltr'>καταλύσωμεν</span> <span class='ocrx_word' id='word_1_858' title='bbox 3090 3611 3180 3664; x_wconf 80' lang='grc' dir='ltr'>τὸν</span> <span class='ocrx_word' id='word_1_859' title='bbox 3205 3611 3362 3680; x_wconf 85' lang='grc' dir='ltr'>λόγον</span> <span class='ocrx_word' id='word_1_860' title='bbox 3381 3631 3395 3645; x_wconf 88' lang='grc'><strong>·</strong></span> <span class='ocrx_word' id='word_1_861' title='bbox 3423 3617 3517 3668; x_wconf 78' lang='grc' dir='ltr'>καὶ</span> <span class='ocrx_word' id='word_1_862' title='bbox 3539 3615 3648 3687; x_wconf 83' lang='grc' dir='ltr'>γὰρ</span> <span class='ocrx_word' id='word_1_863' title='bbox 3675 3617 3822 3689; x_wconf 85' lang='grc' dir='ltr'>πέμ.</span> 
     </span>
    </p>
   </div>
   <div class='ocr_carea' id='block_1_105' title="bbox 2135 3695 3818 3773">
    <p class='ocr_par' dir='ltr' id='par_1_105' title="bbox 2135 3695 3818 3773">
     <span class='ocr_line' id='line_1_105' title="bbox 2135 3695 3818 3773; baseline -0.001 -20"><span class='ocrx_word' id='word_1_864' title='bbox 2135 3717 2278 3770; x_wconf 81' lang='grc' dir='ltr'>πτην</span> <span class='ocrx_word' id='word_1_865' title='bbox 2301 3699 2515 3771; x_wconf 82' lang='grc' dir='ltr'>ἡμέραν</span> <span class='ocrx_word' id='word_1_866' title='bbox 2551 3698 2747 3770; x_wconf 74' lang='grc' dir='ltr'>ἔχομεν</span> <span class='ocrx_word' id='word_1_867' title='bbox 2777 3695 3226 3768; x_wconf 87' lang='grc' dir='ltr'>παρακαλοῦντες</span> <span class='ocrx_word' id='word_1_868' title='bbox 3258 3699 3412 3768; x_wconf 80' lang='grc' dir='ltr'>ὑμῶν</span> <span class='ocrx_word' id='word_1_869' title='bbox 3441 3699 3538 3770; x_wconf 77' lang='grc' dir='ltr'>τὴν</span> <span class='ocrx_word' id='word_1_870' title='bbox 3567 3702 3818 3773; x_wconf 80' lang='grc' dir='ltr'>ἀγάπην,</span> 
     </span>
    </p>
   </div>
   <div class='ocr_carea' id='block_1_106' title="bbox 2139 3783 3816 3860">
    <p class='ocr_par' dir='ltr' id='par_1_106' title="bbox 2139 3783 3816 3860">
     <span class='ocr_line' id='line_1_106' title="bbox 2139 3783 3816 3860; baseline -0.002 -19"><span class='ocrx_word' id='word_1_871' title='bbox 2139 3788 2235 3841; x_wconf 71' lang='grc' dir='ltr'>καὶ</span> <span class='ocrx_word' id='word_1_872' title='bbox 2263 3785 2448 3840; x_wconf 82' lang='grc' dir='ltr'>λοιπὸν</span> <span class='ocrx_word' id='word_1_873' title='bbox 2478 3787 2573 3839; x_wconf 74' lang='grc' dir='ltr'>καὶ</span> <span class='ocrx_word' id='word_1_874' title='bbox 2608 3785 2842 3855; x_wconf 78' lang='grc' dir='ltr'>ἐνοχλεῖν</span> <span class='ocrx_word' id='word_1_875' title='bbox 2868 3783 3155 3855; x_wconf 87' lang='grc' dir='ltr'>δοκοῦμεν.</span> <span class='ocrx_word' id='word_1_876' title='bbox 3185 3786 3313 3848; x_wconf 87' lang='grc' dir='ltr'>Τοῖς</span> <span class='ocrx_word' id='word_1_877' title='bbox 3349 3784 3450 3854; x_wconf 84' lang='grc' dir='ltr'>μὲν</span> <span class='ocrx_word' id='word_1_878' title='bbox 3488 3786 3600 3858; x_wconf 79' lang='grc' dir='ltr'>γὰρ</span> <span class='ocrx_word' id='word_1_879' title='bbox 3639 3804 3816 3860; x_wconf 81' lang='grc' dir='ltr'>προσ-</span> 
     </span>
    </p>
   </div>
   <div class='ocr_carea' id='block_1_107' title="bbox 2136 3871 3815 3945">
    <p class='ocr_par' dir='ltr' id='par_1_107' title="bbox 2136 3871 3815 3945">
     <span class='ocr_line' id='line_1_107' title="bbox 2136 3871 3815 3945; baseline 0.001 -18"><span class='ocrx_word' id='word_1_880' title='bbox 2136 3875 2359 3944; x_wconf 84' lang='grc' dir='ltr'>έχουσιν</span> <span class='ocrx_word' id='word_1_881' title='bbox 2390 3875 2554 3944; x_wconf 87' lang='grc' dir='ltr'>ἀρκεῖ</span> <span class='ocrx_word' id='word_1_882' title='bbox 2586 3873 2680 3926; x_wconf 78' lang='grc' dir='ltr'>καὶ</span> <span class='ocrx_word' id='word_1_883' title='bbox 2723 3873 2792 3926; x_wconf 86' lang='grc' dir='ltr'>τά</span> <span class='ocrx_word' id='word_1_884' title='bbox 2821 3873 3125 3945; x_wconf 79' lang='grc' dir='ltr'>εἰρημένα,</span> <span class='ocrx_word' id='word_1_885' title='bbox 3159 3874 3272 3936; x_wconf 88' lang='grc' dir='ltr'>τοῖς</span> <span class='ocrx_word' id='word_1_886' title='bbox 3323 3871 3382 3926; x_wconf 81' lang='grc' dir='ltr'>δὲ</span> <span class='ocrx_word' id='word_1_887' title='bbox 3415 3873 3774 3945; x_wconf 75' lang='grc' dir='ltr'>μικροψύχοις</span> <span class='ocrx_word' id='word_1_888' title='bbox 3797 3915 3815 3937; x_wconf 87' lang='grc'>,</span> 
     </span>
    </p>
   </div>
   <div class='ocr_carea' id='block_1_108' title="bbox 2135 3957 3816 4032">
    <p class='ocr_par' dir='ltr' id='par_1_108' title="bbox 2135 3957 3816 4032">
     <span class='ocr_line' id='line_1_108' title="bbox 2135 3957 3816 4032; baseline 0 -16"><span class='ocrx_word' id='word_1_889' title='bbox 2135 3962 2239 4016; x_wconf 73' lang='grc' dir='ltr'>κᾶν</span> <span class='ocrx_word' id='word_1_890' title='bbox 2283 3959 2504 4014; x_wconf 88' lang='grc' dir='ltr'>πλείονα</span> <span class='ocrx_word' id='word_1_891' title='bbox 2552 3960 2660 4012; x_wconf 87' lang='grc' dir='ltr'>τῶν</span> <span class='ocrx_word' id='word_1_892' title='bbox 2707 3960 3020 4031; x_wconf 82' lang='grc' dir='ltr'>εἰρημένων</span> <span class='ocrx_word' id='word_1_893' title='bbox 3060 3957 3421 4032; x_wconf 86' lang='grc' dir='ltr'>προσθῶμεν,</span> <span class='ocrx_word' id='word_1_894' title='bbox 3467 3959 3620 4012; x_wconf 82' lang='grc' dir='ltr'>οὐδὲν</span> <span class='ocrx_word' id='word_1_895' title='bbox 3657 3960 3816 4016; x_wconf 82' lang='grc' dir='ltr'>ἔσται</span> 
     </span>
    </p>
   </div>
   <div class='ocr_carea' id='block_1_109' title="bbox 2135 4045 3817 4120">
    <p class='ocr_par' dir='ltr' id='par_1_109' title="bbox 2135 4045 3817 4120">
     <span class='ocr_line' id='line_1_109' title="bbox 2135 4045 3817 4120; baseline 0.001 -17"><span class='ocrx_word' id='word_1_896' title='bbox 2135 4049 2314 4103; x_wconf 86' lang='grc' dir='ltr'>πλέον.</span> <span class='ocrx_word' id='word_1_897' title='bbox 2332 4049 2472 4120; x_wconf 82' lang='grc' dir='ltr'>Ὥρα</span> <span class='ocrx_word' id='word_1_898' title='bbox 2493 4048 2554 4102; x_wconf 75' lang='grc' dir='ltr'>δὲ</span> <span class='ocrx_word' id='word_1_899' title='bbox 2568 4048 2755 4101; x_wconf 81' lang='grc' dir='ltr'>λοιπὸν</span> <span class='ocrx_word' id='word_1_900' title='bbox 2775 4050 2907 4119; x_wconf 74' lang='grc' dir='ltr'>ἡμῖν</span> <span class='ocrx_word' id='word_1_901' title='bbox 2931 4047 3024 4100; x_wconf 76' lang='grc' dir='ltr'>ἐπὶ</span> <span class='ocrx_word' id='word_1_902' title='bbox 3042 4047 3142 4118; x_wconf 83' lang='grc' dir='ltr'>τὴν</span> <span class='ocrx_word' id='word_1_903' title='bbox 3163 4045 3273 4100; x_wconf 89' lang='grc' dir='ltr'>τῶν</span> <span class='ocrx_word' id='word_1_904' title='bbox 3297 4046 3528 4116; x_wconf 85' lang='grc' dir='ltr'>Γραφῶν</span> <span class='ocrx_word' id='word_1_905' title='bbox 3551 4047 3817 4119; x_wconf 75' lang='grc' dir='ltr'>ἐξήγησιν</span> 
     </span>
    </p>
   </div>
   <div class='ocr_carea' id='block_1_110' title="bbox 2131 4132 3816 4208">
    <p class='ocr_par' dir='ltr' id='par_1_110' title="bbox 2131 4132 3816 4208">
     <span class='ocr_line' id='line_1_110' title="bbox 2131 4132 3816 4208; baseline 0.001 -20"><span class='ocrx_word' id='word_1_906' title='bbox 2131 4136 2326 4208; x_wconf 76' lang='grc' dir='ltr'>τρέψαι</span> <span class='ocrx_word' id='word_1_907' title='bbox 2357 4137 2456 4207; x_wconf 82' lang='grc' dir='ltr'>τὴν</span> <span class='ocrx_word' id='word_1_908' title='bbox 2491 4135 2861 4189; x_wconf 86' lang='grc' dir='ltr'>διδασκαλίαν.</span> <span class='ocrx_word' id='word_1_909' title='bbox 2884 4134 3095 4204; x_wconf 82' lang='grc' dir='ltr'>’Ὠσπερ</span> <span class='ocrx_word' id='word_1_910' title='bbox 3121 4132 3250 4204; x_wconf 84' lang='grc' dir='ltr'>γὰρ,</span> <span class='ocrx_word' id='word_1_911' title='bbox 3275 4133 3324 4185; x_wconf 88' lang='grc' dir='ltr'>εἰ</span> <span class='ocrx_word' id='word_1_912' title='bbox 3361 4132 3526 4204; x_wconf 81' lang='grc' dir='ltr'>μηδὲν</span> <span class='ocrx_word' id='word_1_913' title='bbox 3559 4135 3691 4206; x_wconf 85' lang='grc' dir='ltr'>περί</span> <span class='ocrx_word' id='word_1_914' title='bbox 3714 4137 3816 4208; x_wconf 91' lang='grc' dir='ltr'>τῆς</span> 
     </span>
    </p>
   </div>
   <div class='ocr_carea' id='block_1_111' title="bbox 2137 4219 3817 4295">
    <p class='ocr_par' dir='ltr' id='par_1_111' title="bbox 2137 4219 3817 4295">
     <span class='ocr_line' id='line_1_111' title="bbox 2137 4219 3817 4295; baseline 0.002 -20"><span class='ocrx_word' id='word_1_915' title='bbox 2137 4224 2424 4293; x_wconf 72' lang='grc' dir='ltr'>συμφορᾶς</span> <span class='ocrx_word' id='word_1_916' title='bbox 2465 4221 2669 4292; x_wconf 89' lang='grc' dir='ltr'>ταύτης</span> <span class='ocrx_word' id='word_1_917' title='bbox 2704 4220 3093 4291; x_wconf 88' lang='grc' dir='ltr'>διελέχθημεν,</span> <span class='ocrx_word' id='word_1_918' title='bbox 3129 4219 3388 4290; x_wconf 86' lang='grc' dir='ltr'>ὠμότητα</span> <span class='ocrx_word' id='word_1_919' title='bbox 3421 4220 3487 4274; x_wconf 84' lang='grc' dir='ltr'>άν</span> <span class='ocrx_word' id='word_1_920' title='bbox 3533 4239 3618 4285; x_wconf 89' lang='grc' dir='ltr'>τις</span> <span class='ocrx_word' id='word_1_921' title='bbox 3657 4225 3817 4295; x_wconf 80' lang='grc' dir='ltr'>ἡμῶν</span> 
     </span>
    </p>
   </div>
   <div class='ocr_carea' id='block_1_112' title="bbox 2133 4305 3816 4384">
    <p class='ocr_par' dir='ltr' id='par_1_112' title="bbox 2133 4305 3816 4384">
     <span class='ocr_line' id='line_1_112' title="bbox 2133 4305 3816 4384; baseline 0.002 -21"><span class='ocrx_word' id='word_1_922' title='bbox 2133 4311 2382 4378; x_wconf 82' lang='grc' dir='ltr'>κατέγνω</span> <span class='ocrx_word' id='word_1_923' title='bbox 2425 4311 2523 4364; x_wconf 83' lang='grc' dir='ltr'>καί</span> <span class='ocrx_word' id='word_1_924' title='bbox 2560 4308 2988 4380; x_wconf 84' lang='grc' dir='ltr'>ἀπανθρωπίαν·</span> <span class='ocrx_word' id='word_1_925' title='bbox 3031 4305 3202 4370; x_wconf 75' lang='grc' dir='ltr'>οὕτως</span> <span class='ocrx_word' id='word_1_926' title='bbox 3233 4306 3298 4359; x_wconf 85' lang='grc' dir='ltr'>ἀν</span> <span class='ocrx_word' id='word_1_927' title='bbox 3343 4307 3639 4374; x_wconf 78' lang='grc' dir='ltr'>διαπαντὸς</span> <span class='ocrx_word' id='word_1_928' title='bbox 3684 4314 3816 4384; x_wconf 76' lang='grc' dir='ltr'>περὶ</span> 
     </span>
    </p>
   </div>
   <div class='ocr_carea' id='block_1_113' title="bbox 2130 4393 3805 4467">
    <p class='ocr_par' dir='ltr' id='par_1_113' title="bbox 2130 4393 3805 4467">
     <span class='ocr_line' id='line_1_113' title="bbox 2130 4393 3805 4467; baseline 0.001 -16"><span class='ocrx_word' id='word_1_929' title='bbox 2130 4397 2303 4467; x_wconf 82' lang='grc' dir='ltr'>αὐτῆς</span> <span class='ocrx_word' id='word_1_930' title='bbox 2336 4395 2714 4466; x_wconf 83' lang='grc' dir='ltr'>διαλεγώμεθα</span> <span class='ocrx_word' id='word_1_931' title='bbox 2736 4435 2752 4456; x_wconf 89' lang='grc'>,</span> <span class='ocrx_word' id='word_1_932' title='bbox 2800 4393 3164 4465; x_wconf 69' lang='grc' dir='ltr'>μικροψυχίαν</span> <span class='ocrx_word' id='word_1_933' title='bbox 3193 4393 3257 4446; x_wconf 79' lang='grc' dir='ltr'>ἄν</span> <span class='ocrx_word' id='word_1_934' title='bbox 3306 4412 3391 4458; x_wconf 88' lang='grc' dir='ltr'>τις</span> <span class='ocrx_word' id='word_1_935' title='bbox 3422 4396 3454 4467; x_wconf 81' lang='grc' dir='ltr'><strong>ἡ</strong></span> <span class='ocrx_word' id='word_1_936' title='bbox 3465 4395 3584 4467; x_wconf 89' lang='grc' dir='ltr'>μῶν</span> <span class='ocrx_word' id='word_1_937' title='bbox 3631 4415 3805 4453; x_wconf 51' lang='grc' dir='ltr'>καταλ-</span> 
     </span>
    </p>
   </div>
   <div class='ocr_carea' id='block_1_114' title="bbox 2133 4479 3810 4556">
    <p class='ocr_par' dir='ltr' id='par_1_114' title="bbox 2133 4479 3810 4556">
     <span class='ocr_line' id='line_1_114' title="bbox 2133 4479 3810 4556; baseline 0.001 -20"><span class='ocrx_word' id='word_1_938' title='bbox 2133 4485 2285 4555; x_wconf 83' lang='grc' dir='ltr'>γνοίη</span> <span class='ocrx_word' id='word_1_939' title='bbox 2325 4484 2566 4546; x_wconf 84' lang='grc' dir='ltr'>δικαίως.</span> <span class='ocrx_word' id='word_1_940' title='bbox 2602 4482 2976 4554; x_wconf 87' lang='grc' dir='ltr'>Παραθέμενοι</span> <span class='ocrx_word' id='word_1_941' title='bbox 3021 4479 3207 4534; x_wconf 89' lang='grc' dir='ltr'>τοίνυν</span> <span class='ocrx_word' id='word_1_942' title='bbox 3241 4481 3396 4552; x_wconf 80' lang='grc' dir='ltr'>ὑμῶν</span> <span class='ocrx_word' id='word_1_943' title='bbox 3446 4483 3546 4548; x_wconf 84' lang='grc' dir='ltr'>τὰς</span> <span class='ocrx_word' id='word_1_944' title='bbox 3581 4486 3810 4556; x_wconf 76' lang='grc' dir='ltr'>καρδίας</span> 
     </span>
    </p>
   </div>
   <div class='ocr_carea' id='block_1_115' title="bbox 2131 4567 3808 4642">
    <p class='ocr_par' dir='ltr' id='par_1_115' title="bbox 2131 4567 3808 4642">
     <span class='ocr_line' id='line_1_115' title="bbox 2131 4567 3808 4642; baseline 0.001 -20"><span class='ocrx_word' id='word_1_945' title='bbox 2131 4570 2210 4641; x_wconf 82' lang='grc' dir='ltr'>τῷ</span> <span class='ocrx_word' id='word_1_946' title='bbox 2239 4569 2358 4640; x_wconf 86' lang='grc' dir='ltr'>Θεῷ</span> <span class='ocrx_word' id='word_1_947' title='bbox 2393 4569 2470 4640; x_wconf 82' lang='grc' dir='ltr'>τῷ</span> <span class='ocrx_word' id='word_1_948' title='bbox 2509 4569 2792 4638; x_wconf 84' lang='grc' dir='ltr'>δυναμένῳ</span> <span class='ocrx_word' id='word_1_949' title='bbox 2831 4567 3062 4638; x_wconf 84' lang='grc' dir='ltr'>λαλῆσαι</span> <span class='ocrx_word' id='word_1_950' title='bbox 3097 4568 3178 4630; x_wconf 89' lang='grc' dir='ltr'>εἰς</span> <span class='ocrx_word' id='word_1_951' title='bbox 3215 4567 3314 4640; x_wconf 81' lang='grc' dir='ltr'>τὴν</span> <span class='ocrx_word' id='word_1_952' title='bbox 3358 4569 3597 4624; x_wconf 87' lang='grc' dir='ltr'>διάνοιαν</span> <span class='ocrx_word' id='word_1_953' title='bbox 3633 4571 3808 4642; x_wconf 76' lang='grc' dir='ltr'>ὑμῶν,</span> 
     </span>
    </p>
   </div>
   <div class='ocr_carea' id='block_1_116' title="bbox 2134 4653 3809 4725">
    <p class='ocr_par' dir='ltr' id='par_1_116' title="bbox 2134 4653 3809 4725">
     <span class='ocr_line' id='line_1_116' title="bbox 2134 4653 3809 4725; baseline -0.001 -15"><span class='ocrx_word' id='word_1_954' title='bbox 2134 4659 2226 4710; x_wconf 76' lang='grc' dir='ltr'>καὶ</span> <span class='ocrx_word' id='word_1_955' title='bbox 2249 4660 2428 4711; x_wconf 80' lang='grc' dir='ltr'>πᾶσαν</span> <span class='ocrx_word' id='word_1_956' title='bbox 2455 4655 2664 4710; x_wconf 74' lang='grc' dir='ltr'>ἔνδοθεν</span> <span class='ocrx_word' id='word_1_957' title='bbox 2694 4654 2961 4710; x_wconf 87' lang='grc' dir='ltr'>ἀπελάσαι</span> <span class='ocrx_word' id='word_1_958' title='bbox 2982 4653 3186 4725; x_wconf 87' lang='grc' dir='ltr'>λύπην,</span> <span class='ocrx_word' id='word_1_959' title='bbox 3213 4654 3312 4724; x_wconf 83' lang='grc' dir='ltr'>τῆς</span> <span class='ocrx_word' id='word_1_960' title='bbox 3335 4656 3587 4719; x_wconf 86' lang='grc' dir='ltr'>είωθυίας</span> <span class='ocrx_word' id='word_1_961' title='bbox 3612 4659 3809 4712; x_wconf 74' lang='grc' dir='ltr'>αύτοὶά</span> 
     </span>
    </p>
   </div>
   <div class='ocr_carea' id='block_1_117' title="bbox 2131 4741 3806 4814">
    <p class='ocr_par' dir='ltr' id='par_1_117' title="bbox 2131 4741 3806 4814">
     <span class='ocr_line' id='line_1_117' title="bbox 2131 4741 3806 4814; baseline 0.002 -18"><span class='ocrx_word' id='word_1_962' title='bbox 2131 4743 2479 4809; x_wconf 86' lang='grc' dir='ltr'>διδασκαλίας</span> <span class='ocrx_word' id='word_1_963' title='bbox 2506 4743 2776 4814; x_wconf 72' lang='grc' dir='ltr'>ἁψώμεθα</span> <span class='ocrx_word' id='word_1_964' title='bbox 2799 4741 2915 4806; x_wconf 90' lang='grc' dir='ltr'>νῦν,</span> <span class='ocrx_word' id='word_1_965' title='bbox 2943 4741 3040 4796; x_wconf 77' lang='grc' dir='ltr'>καὶ</span> <span class='ocrx_word' id='word_1_966' title='bbox 3073 4741 3309 4812; x_wconf 87' lang='grc' dir='ltr'>μάλιστα</span> <span class='ocrx_word' id='word_1_967' title='bbox 3331 4742 3492 4794; x_wconf 85' lang='grc' dir='ltr'>ὁπότε</span> <span class='ocrx_word' id='word_1_968' title='bbox 3526 4745 3619 4797; x_wconf 69' lang='grc' dir='ltr'>καὶ</span> <span class='ocrx_word' id='word_1_969' title='bbox 3652 4747 3806 4800; x_wconf 76' lang='grc' dir='ltr'>πάσα</span> 
     </span>
    </p>
   </div>
   <div class='ocr_carea' id='block_1_118' title="bbox 2133 4827 3810 4902">
    <p class='ocr_par' dir='ltr' id='par_1_118' title="bbox 2133 4827 3810 4902">
     <span class='ocr_line' id='line_1_118' title="bbox 2133 4827 3810 4902; baseline -0.001 -19"><span class='ocrx_word' id='word_1_970' title='bbox 2133 4830 2354 4902; x_wconf 76' lang='grc' dir='ltr'>Γραφῆς</span> <span class='ocrx_word' id='word_1_971' title='bbox 2377 4831 2634 4902; x_wconf 80' lang='grc' dir='ltr'>ἐξήγησις</span> <span class='ocrx_word' id='word_1_972' title='bbox 2664 4829 3007 4902; x_wconf 82' lang='grc' dir='ltr'>παράκλησίς</span> <span class='ocrx_word' id='word_1_973' title='bbox 3031 4830 3151 4883; x_wconf 69' lang='grc' dir='ltr'>ἐστι</span> <span class='ocrx_word' id='word_1_974' title='bbox 3168 4829 3260 4882; x_wconf 71' lang='grc' dir='ltr'>καὶ</span> <span class='ocrx_word' id='word_1_975' title='bbox 3283 4827 3624 4900; x_wconf 84' lang='grc' dir='ltr'>παραμυθία.</span> <span class='ocrx_word' id='word_1_976' title='bbox 3642 4830 3810 4888; x_wconf 68' lang='grc' dir='ltr'>’Ὥστε</span> 
     </span>
    </p>
   </div>
   <div class='ocr_carea' id='block_1_119' title="bbox 2135 4915 3810 4991">
    <p class='ocr_par' dir='ltr' id='par_1_119' title="bbox 2135 4915 3810 4991">
     <span class='ocr_line' id='line_1_119' title="bbox 2135 4915 3810 4991; baseline 0.003 -21"><span class='ocrx_word' id='word_1_977' title='bbox 2135 4919 2239 4972; x_wconf 75' lang='grc' dir='ltr'>κᾶν</span> <span class='ocrx_word' id='word_1_978' title='bbox 2261 4917 2508 4989; x_wconf 88' lang='grc' dir='ltr'>δοκῶμεν</span> <span class='ocrx_word' id='word_1_979' title='bbox 2540 4917 2870 4987; x_wconf 73' lang='grc' dir='ltr'>ἀφίστασθαι</span> <span class='ocrx_word' id='word_1_980' title='bbox 2900 4917 2994 4970; x_wconf 87' lang='grc' dir='ltr'>τοῦ</span> <span class='ocrx_word' id='word_1_981' title='bbox 3019 4915 3377 4989; x_wconf 87' lang='grc' dir='ltr'>παρακαλεῖν,</span> <span class='ocrx_word' id='word_1_982' title='bbox 3402 4915 3564 4968; x_wconf 86' lang='grc' dir='ltr'>πάλιν</span> <span class='ocrx_word' id='word_1_983' title='bbox 3595 4919 3675 4982; x_wconf 89' lang='grc' dir='ltr'>εἰς</span> <span class='ocrx_word' id='word_1_984' title='bbox 3707 4921 3810 4991; x_wconf 82' lang='grc' dir='ltr'>τὴν</span> 
     </span>
    </p>
   </div>
   <div class='ocr_carea' id='block_1_120' title="bbox 2134 5001 3808 5077">
    <p class='ocr_par' dir='ltr' id='par_1_120' title="bbox 2134 5001 3808 5077">
     <span class='ocr_line' id='line_1_120' title="bbox 2134 5001 3808 5077; baseline 0.001 -19"><span class='ocrx_word' id='word_1_985' title='bbox 2134 5005 2301 5076; x_wconf 76' lang='grc' dir='ltr'>αὐτὴν</span> <span class='ocrx_word' id='word_1_986' title='bbox 2333 5005 2678 5077; x_wconf 77' lang='grc' dir='ltr'>ἐμπίπτομεν</span> <span class='ocrx_word' id='word_1_987' title='bbox 2710 5005 2966 5058; x_wconf 84' lang='grc' dir='ltr'>ὑπόθεσιν</span> <span class='ocrx_word' id='word_1_988' title='bbox 3003 5004 3093 5057; x_wconf 86' lang='grc' dir='ltr'>διά</span> <span class='ocrx_word' id='word_1_989' title='bbox 3130 5006 3230 5074; x_wconf 87' lang='grc' dir='ltr'>τῆς</span> <span class='ocrx_word' id='word_1_990' title='bbox 3281 5001 3390 5056; x_wconf 84' lang='grc' dir='ltr'>τῶν</span> <span class='ocrx_word' id='word_1_991' title='bbox 3439 5003 3675 5075; x_wconf 78' lang='grc' dir='ltr'>Γραφῶν</span> <span class='ocrx_word' id='word_1_992' title='bbox 3717 5007 3808 5073; x_wconf 76' lang='grc' dir='ltr'>ἐξ-</span> 
     </span>
    </p>
   </div>
   <div class='ocr_carea' id='block_1_121' title="bbox 2135 5090 3810 5164">
    <p class='ocr_par' dir='ltr' id='par_1_121' title="bbox 2135 5090 3810 5164">
     <span class='ocr_line' id='line_1_121' title="bbox 2135 5090 3810 5164; baseline 0.002 -18"><span class='ocrx_word' id='word_1_993' title='bbox 2135 5097 2416 5164; x_wconf 81' lang='grc' dir='ltr'>ηγήσεως·</span> <span class='ocrx_word' id='word_1_994' title='bbox 2455 5094 2537 5146; x_wconf 86' lang='grc' dir='ltr'>δτι</span> <span class='ocrx_word' id='word_1_995' title='bbox 2576 5093 2685 5164; x_wconf 84' lang='grc' dir='ltr'>γάρ</span> <span class='ocrx_word' id='word_1_996' title='bbox 2719 5093 2867 5146; x_wconf 81' lang='grc' dir='ltr'>πᾶσα</span> <span class='ocrx_word' id='word_1_997' title='bbox 2913 5091 3106 5164; x_wconf 78' lang='grc' dir='ltr'>Γραφὴ</span> <span class='ocrx_word' id='word_1_998' title='bbox 3151 5090 3498 5161; x_wconf 85' lang='grc' dir='ltr'>παράκλησίς</span> <span class='ocrx_word' id='word_1_999' title='bbox 3536 5095 3652 5148; x_wconf 79' lang='grc' dir='ltr'>ἐστι</span> <span class='ocrx_word' id='word_1_1000' title='bbox 3695 5097 3810 5160; x_wconf 81' lang='grc' dir='ltr'>τοῖς</span> 
     </span>
    </p>
   </div>
   <div class='ocr_carea' id='block_1_122' title="bbox 2140 5179 3808 5252">
    <p class='ocr_par' dir='ltr' id='par_1_122' title="bbox 2140 5179 3808 5252">
     <span class='ocr_line' id='line_1_122' title="bbox 2140 5179 3808 5252; baseline 0.004 -20"><span class='ocrx_word' id='word_1_1001' title='bbox 2140 5182 2518 5251; x_wconf 85' lang='grc' dir='ltr'>προσέχουσιν,</span> <span class='ocrx_word' id='word_1_1002' title='bbox 2557 5181 2783 5235; x_wconf 78' lang='grc' dir='ltr'>αὐτόθεν</span> <span class='ocrx_word' id='word_1_1003' title='bbox 2821 5182 2950 5250; x_wconf 82' lang='grc' dir='ltr'>ὑμῖν</span> <span class='ocrx_word' id='word_1_1004' title='bbox 2995 5179 3154 5232; x_wconf 86' lang='grc' dir='ltr'>τοῦτο</span> <span class='ocrx_word' id='word_1_1005' title='bbox 3202 5179 3412 5250; x_wconf 76' lang='grc' dir='ltr'>ποιήσω</span> <span class='ocrx_word' id='word_1_1006' title='bbox 3447 5183 3698 5252; x_wconf 88' lang='grc' dir='ltr'>φανερόν.</span> <span class='ocrx_word' id='word_1_1007' title='bbox 3730 5185 3808 5239; x_wconf 82' lang='grc' dir='ltr'>Οὐ</span> 
     </span>
    </p>
   </div>
   <div class='ocr_carea' id='block_1_123' title="bbox 2134 5265 3806 5343">
    <p class='ocr_par' dir='ltr' id='par_1_123' title="bbox 2134 5265 3806 5343">
     <span class='ocr_line' id='line_1_123' title="bbox 2134 5265 3806 5343; baseline 0.004 -24"><span class='ocrx_word' id='word_1_1008' title='bbox 2134 5266 2244 5338; x_wconf 80' lang='grc' dir='ltr'>γάρ</span> <span class='ocrx_word' id='word_1_1009' title='bbox 2265 5268 2328 5339; x_wconf 79' lang='grc' dir='ltr'>δὴ</span> <span class='ocrx_word' id='word_1_1010' title='bbox 2353 5268 2657 5340; x_wconf 87' lang='grc' dir='ltr'>περιελθὼν</span> <span class='ocrx_word' id='word_1_1011' title='bbox 2683 5269 2792 5321; x_wconf 89' lang='grc' dir='ltr'>τῶν</span> <span class='ocrx_word' id='word_1_1012' title='bbox 2821 5265 3052 5339; x_wconf 78' lang='grc' dir='ltr'>Γραφῶν</span> <span class='ocrx_word' id='word_1_1013' title='bbox 3077 5267 3176 5331; x_wconf 80' lang='grc' dir='ltr'>τὰς</span> <span class='ocrx_word' id='word_1_1014' title='bbox 3206 5267 3447 5339; x_wconf 82' lang='grc' dir='ltr'>ἱστορίας</span> <span class='ocrx_word' id='word_1_1015' title='bbox 3475 5271 3806 5343; x_wconf 84' lang='grc' dir='ltr'>πειράσομαι</span> 
     </span>
    </p>
   </div>
   <div class='ocr_carea' id='block_1_124' title="bbox 2136 5351 3804 5426">
    <p class='ocr_par' dir='ltr' id='par_1_124' title="bbox 2136 5351 3804 5426">
     <span class='ocr_line' id='line_1_124' title="bbox 2136 5351 3804 5426; baseline 0.005 -22"><span class='ocrx_word' id='word_1_1016' title='bbox 2136 5351 2372 5424; x_wconf 75' lang='grc' dir='ltr'>ζητῆσαι</span> <span class='ocrx_word' id='word_1_1017' title='bbox 2409 5353 2904 5426; x_wconf 88' lang='grc' dir='ltr'>παραμυθητικούς</span> <span class='ocrx_word' id='word_1_1018' title='bbox 2933 5371 3086 5418; x_wconf 90' lang='grc' dir='ltr'>τινας</span> <span class='ocrx_word' id='word_1_1019' title='bbox 3125 5353 3346 5422; x_wconf 66' lang='grc' dir='ltr'>λόγους*</span> <span class='ocrx_word' id='word_1_1020' title='bbox 3379 5355 3496 5410; x_wconf 86' lang='grc' dir='ltr'>ἀλλ’</span> <span class='ocrx_word' id='word_1_1021' title='bbox 3527 5357 3668 5412; x_wconf 84' lang='grc' dir='ltr'>ὥστε</span> <span class='ocrx_word' id='word_1_1022' title='bbox 3710 5377 3804 5412; x_wconf 87' lang='grc' dir='ltr'>σα-</span> 
     </span>
    </p>
   </div>
   <div class='ocr_carea' id='block_1_125' title="bbox 2137 5440 3805 5514">
    <p class='ocr_par' dir='ltr' id='par_1_125' title="bbox 2137 5440 3805 5514">
     <span class='ocr_line' id='line_1_125' title="bbox 2137 5440 3805 5514; baseline 0.004 -22"><span class='ocrx_word' id='word_1_1023' title='bbox 2137 5441 2411 5512; x_wconf 83' lang='grc' dir='ltr'>φεστέραν</span> <span class='ocrx_word' id='word_1_1024' title='bbox 2460 5445 2561 5512; x_wconf 82' lang='grc' dir='ltr'>τῆς</span> <span class='ocrx_word' id='word_1_1025' title='bbox 2612 5440 2964 5511; x_wconf 86' lang='grc' dir='ltr'>ὑποσχέσεως</span> <span class='ocrx_word' id='word_1_1026' title='bbox 3020 5441 3300 5510; x_wconf 81' lang='grc' dir='ltr'>ἀπόδειξιν</span> <span class='ocrx_word' id='word_1_1027' title='bbox 3343 5447 3691 5514; x_wconf 84' lang='grc' dir='ltr'>παρασχεῖν,</span> <span class='ocrx_word' id='word_1_1028' title='bbox 3744 5445 3805 5498; x_wconf 75' lang='grc' dir='ltr'>τὸ</span> 
     </span>
    </p>
   </div>
   <div class='ocr_carea' id='block_1_126' title="bbox 2135 5528 3804 5604">
    <p class='ocr_par' dir='ltr' id='par_1_126' title="bbox 2135 5528 3804 5604">
     <span class='ocr_line' id='line_1_126' title="bbox 2135 5528 3804 5604; baseline 0.002 -24"><span class='ocrx_word' id='word_1_1029' title='bbox 2135 5529 2375 5599; x_wconf 84' lang='grc' dir='ltr'>σήμερον</span> <span class='ocrx_word' id='word_1_1030' title='bbox 2400 5530 2531 5600; x_wconf 82' lang='grc' dir='ltr'>ἡμῖν</span> <span class='ocrx_word' id='word_1_1031' title='bbox 2552 5528 2899 5597; x_wconf 82' lang='grc' dir='ltr'>ἁναγνωσθὲν</span> <span class='ocrx_word' id='word_1_1032' title='bbox 2929 5531 3426 5604; x_wconf 72' lang='grc' dir='ltr'>μεταχειριοῦμαιι</span> <span class='ocrx_word' id='word_1_1033' title='bbox 3454 5530 3679 5601; x_wconf 76' lang='grc' dir='ltr'>βιϐλίον,</span> <span class='ocrx_word' id='word_1_1034' title='bbox 3711 5532 3804 5585; x_wconf 78' lang='grc' dir='ltr'>καὶ</span> 
     </span>
    </p>
   </div>
   <div class='ocr_carea' id='block_1_127' title="bbox 2135 5614 3801 5690">
    <p class='ocr_par' dir='ltr' id='par_1_127' title="bbox 2135 5614 3801 5690">
     <span class='ocr_line' id='line_1_127' title="bbox 2135 5614 3801 5690; baseline 0.002 -23"><span class='ocrx_word' id='word_1_1035' title='bbox 2135 5614 2185 5667; x_wconf 88' lang='grc' dir='ltr'>εἰ</span> <span class='ocrx_word' id='word_1_1036' title='bbox 2213 5614 2362 5668; x_wconf 87' lang='grc' dir='ltr'>δοκεῖ</span> <span class='ocrx_word' id='word_1_1037' title='bbox 2386 5614 2486 5686; x_wconf 83' lang='grc' dir='ltr'>τὴν</span> <span class='ocrx_word' id='word_1_1038' title='bbox 2512 5615 2686 5686; x_wconf 79' lang='grc' dir='ltr'>ἀρχὴν</span> <span class='ocrx_word' id='word_1_1039' title='bbox 2714 5615 2881 5669; x_wconf 78' lang='grc' dir='ltr'>αὑτοῦ</span> <span class='ocrx_word' id='word_1_1040' title='bbox 2907 5617 3003 5670; x_wconf 79' lang='grc' dir='ltr'>καὶ</span> <span class='ocrx_word' id='word_1_1041' title='bbox 3034 5617 3097 5670; x_wconf 82' lang='grc' dir='ltr'>τὺ</span> <span class='ocrx_word' id='word_1_1042' title='bbox 3121 5618 3426 5690; x_wconf 72' lang='grc' dir='ltr'>προοίμιον,</span> <span class='ocrx_word' id='word_1_1043' title='bbox 3458 5618 3487 5670; x_wconf 88' lang='grc' dir='ltr'>δ</span> <span class='ocrx_word' id='word_1_1044' title='bbox 3520 5619 3668 5671; x_wconf 89' lang='grc' dir='ltr'>δοκεῖ</span> <span class='ocrx_word' id='word_1_1045' title='bbox 3699 5618 3801 5682; x_wconf 64' lang='grc' dir='ltr'>μά.</span> 
     </span>
    </p>
   </div>
   <div class='ocr_carea' id='block_1_128' title="bbox 2132 5700 3800 5778">
    <p class='ocr_par' dir='ltr' id='par_1_128' title="bbox 2132 5700 3800 5778">
     <span class='ocr_line' id='line_1_128' title="bbox 2132 5700 3800 5778; baseline 0.002 -22"><span class='ocrx_word' id='word_1_1046' title='bbox 2132 5700 2291 5756; x_wconf 89' lang='grc' dir='ltr'>λιστα</span> <span class='ocrx_word' id='word_1_1047' title='bbox 2326 5703 2462 5774; x_wconf 81' lang='grc' dir='ltr'>μηδὲ</span> <span class='ocrx_word' id='word_1_1048' title='bbox 2497 5703 2642 5774; x_wconf 87' lang='grc' dir='ltr'>ῖχνος</span> <span class='ocrx_word' id='word_1_1049' title='bbox 2673 5704 2959 5775; x_wconf 77' lang='grc' dir='ltr'>ἐμφαίνειν</span> <span class='ocrx_word' id='word_1_1050' title='bbox 2986 5701 3104 5778; x_wconf 83' lang='grc'>[86]</span> <span class='ocrx_word' id='word_1_1051' title='bbox 3138 5705 3514 5778; x_wconf 86' lang='grc' dir='ltr'>παραμυθίας,</span> <span class='ocrx_word' id='word_1_1052' title='bbox 3541 5705 3677 5758; x_wconf 75' lang='grc' dir='ltr'>ἀλλα</span> <span class='ocrx_word' id='word_1_1053' title='bbox 3705 5716 3800 5760; x_wconf 68' lang='grc' dir='ltr'>καὶ</span> 
     </span>
    </p>
   </div>
   <div class='ocr_carea' id='block_1_129' title="bbox 2191 5823 3409 5876">
    <p class='ocr_par' dir='ltr' id='par_1_129' title="bbox 2191 5823 3409 5876">
     <span class='ocr_line' id='line_1_129' title="bbox 2191 5823 3409 5876; baseline -0.002 -2"><span class='ocrx_word' id='word_1_1054' title='bbox 2191 5824 2220 5864; x_wconf 80' lang='lat' dir='ltr'><strong>d</strong></span> <span class='ocrx_word' id='word_1_1055' title='bbox 2244 5824 2520 5875; x_wconf 82' lang='lat' dir='ltr'>Pronomen</span> <span class='ocrx_word' id='word_1_1056' title='bbox 2542 5827 2678 5875; x_wconf 84' lang='grc' dir='ltr'>αὐτοί</span> <span class='ocrx_word' id='word_1_1057' title='bbox 2698 5823 2839 5876; x_wconf 81' lang='lat' dir='ltr'><strong>nobis</strong></span> <span class='ocrx_word' id='word_1_1058' title='bbox 2859 5826 2999 5876; x_wconf 77' lang='lat' dir='ltr'><strong>dedit</strong></span> <span class='ocrx_word' id='word_1_1059' title='bbox 3019 5825 3250 5875; x_wconf 75' lang='lat' dir='ltr'><strong>Savilius.</strong></span> <span class='ocrx_word' id='word_1_1060' title='bbox 3273 5826 3409 5874; x_wconf 70' lang='lat' dir='ltr'>Eon.</span> 
     </span>
    </p>
   </div>
   <div class='ocr_carea' id='block_1_130' title="bbox 2198 5881 3700 5956">
    <p class='ocr_par' dir='ltr' id='par_1_130' title="bbox 2198 5881 3700 5956">
     <span class='ocr_line' id='line_1_130' title="bbox 2198 5881 3700 5956; baseline -0.005 -19"><span class='ocrx_word' id='word_1_1061' title='bbox 2198 5889 2218 5910; x_wconf 84' lang='grc'><strong><em>⁸</em></strong></span> <span class='ocrx_word' id='word_1_1062' title='bbox 2240 5887 2341 5938; x_wconf 80' lang='lat' dir='ltr'><strong>Alii</strong></span> <span class='ocrx_word' id='word_1_1063' title='bbox 2366 5890 2796 5956; x_wconf 62' lang='grc' dir='ltr'>μεταχειριούμᾳθα.</span> <span class='ocrx_word' id='word_1_1064' title='bbox 2823 5885 2948 5937; x_wconf 76' lang='lat' dir='ltr'><strong>Infra</strong></span> <span class='ocrx_word' id='word_1_1065' title='bbox 2972 5888 3084 5938; x_wconf 77' lang='lat' dir='ltr'>Sav.</span> <span class='ocrx_word' id='word_1_1066' title='bbox 3110 5894 3163 5936; x_wconf 69' lang='lat' dir='ltr'><strong>et</strong></span> <span class='ocrx_word' id='word_1_1067' title='bbox 3184 5888 3270 5935; x_wconf 71' lang='lat' dir='ltr'><strong>alii</strong></span> <span class='ocrx_word' id='word_1_1068' title='bbox 3289 5881 3630 5945; x_wconf 71' lang='grc' dir='ltr'>ἠλλοτριῶσθαι</span> <span class='ocrx_word' id='word_1_1069' title='bbox 3650 5882 3700 5933; x_wconf 72' lang='grc' dir='ltr'>λ.</span> 
     </span>
    </p>
   </div>
  </div>
