4070 6208
261 282 330 338 93
1107 275 1161 328 S.
1215 269 1508 329 JOANNIS
1549 267 2042 328 'CHRYSOSTOMI
2074 267 2394 325 ARCHIEP.
2433 267 2980 328 CONSTANTINOP.
3654 272 3722 332 ει

255 395 485 451 καθόλου
524 389 954 464 παρακλητικῶν
987 387 1402 460 ἀλλοτριοῦσθαι
1430 387 1624 457 λόγων,
1651 389 1726 452 είς
1765 386 1942 458 μέσον
2053 403 2152 456 μεν
2191 385 2360 440 αὐτοῦ
2405 385 2505 457 τὴν
2545 385 2879 456 ἀγαθότητα.
2917 389 2980 442 El
3021 387 3127 458 γάρ
3159 385 3333 458 τιμῶν
3369 387 3532 457 μόνον
3575 387 3722 444 ἐστὶν

255 485 510 558 προθεὶς,
545 483 572 535 δ
606 481 748 548 λέγω
793 479 1003 548 ποιήσω
1037 477 1292 548 φανερόν.
1331 477 1395 528 Τί
1443 478 1563 528 ποτ’
1593 471 1686 530 οῦν
1732 476 1846 527 ἐστι
1874 474 1936 528 τὸ

247 573 571 646 προοίμιονς
607 572 704 623 Ἐν
745 567 906 638 ἀρχῇ
955 567 1243 631 ἐποίησεν
1281 569 1314 619 ό
1355 564 1498 630 Θεὸς
1525 562 1636 618 ’τὸν
1674 561 1934 630 οἰφανὺν

251 663 350 718 καὶ
390 661 504 730 τὴν
540 659 688 730 τῆν’
709 659 746 726 ἡ
779 657 846 710 δὲ
875 655 949 726 τῆ
979 651 1056 724 ἦν
1089 654 1342 722 ἀιῗριιτος
1373 653 1468 706 καὶ
1519 649 1934 706 ἀκατασκεύα-

249 765 420 816 στος,
465 747 566 800 καὶ
595 745 818 810 σκότος
843 741 1041 796 ἐπάνω
1065 740 1172 808 τῆς
1199 739 1492 794 ἀϐύσσου.
1515 734 1660 810 ’Ἆρα
1687 735 1760 808 μὴ
1787 735 1936 788 δοκεῖ

249 853 392 892 τισιν
415 835 569 906 ὑμῶν
602 831 945 903 παράκλησιν
974 829 1116 900 ἔχειν
1151 827 1389 899 ἀθυμίας
1409 826 1478 880 τά
1505 826 1807 898 είρημένα;
1833 825 1932 894 οὐχ

251 923 486 996 ἱστορίας
505 919 754 992 διήγησίς
779 921 894 972 ἐστι
921 919 1015 971 καὶ
1043 913 1407 988 δημιουργίας
1433 912 1784 977 διδασκαλίας

323 1013 387 1084 β’.
413 1009 676 1064 Βούλεσθε
695 1004 788 1062 οῦν
806 1005 1056 1072 ἐπιδείξω
1071 1003 1168 1076 τὴν
1188 1002 1647 1074 ἐγκεκρυμμένην
1679 1004 1744 1072 τῇ
1775 1001 1930 1070 ῥήσει

245 1099 417 1172 ταύτῃ
447 1096 830 1169 παράκλησιν;
870 1092 1204 1162 Διανάστητε
1239 1089 1441 1155 τοίνυν,
1483 1089 1578 1142 καὶ
1608 1088 1749 1159 μετά
1772 1087 1930 1157 ἀκρι-

244 1187 400 1250 ϐείας
427 1183 723 1256 προσέχετε
756 1185 870 1242 τοῖς
902 1177 1234 1250 ῥηθήσεσθαι
1279 1177 1586 1248 μέλλουσιν.
1618 1177 1782 1230 Ὅταν
1821 1175 1932 1246 γάρ

251 1273 515 1348 ἀκούσῃς,
544 1274 625 1326 ὅτι
661 1271 754 1324 τὸν
785 1267 1036 1339 οὐρανὸν,
1073 1266 1174 1337 τὴν
1205 1266 1330 1334 γῆν,
1367 1265 1466 1334 τὴν
1491 1263 1766 1317 θάλατταν
1787 1301 1800 1326 ,
1837 1261 1932 1316 τὸν

249 1367 408 1438 ἀέρα,
439 1364 505 1417 τά
547 1361 736 1424 ῦδατα,
778 1359 904 1420 τοὺς
949 1355 1188 1427 ἀστέρας
1229 1355 1358 1418 τοὺς
1399 1353 1647 1416 πολλοὺς,
1677 1351 1804 1414 τοὺς
1835 1351 1930 1406 δύο

250 1437 544 1523 φωστῆρας
575 1449 702 1512 τοὺς
751 1445 1048 1518 μεγάλους,
1089 1443 1159 1496 τά
1193 1441 1355 1511 φυτά,
1395 1440 1463 1493 τά
1499 1439 1825 1510 τετράποδα,
1861 1437 1928 1491 τά

248 1539 444 1613 νηκτὰ,
474 1539 542 1592 τᾶι
571 1536 844 1606 πετόμενα
875 1533 1010 1599 ζῶα,
1041 1533 1221 1586 πάντα
1247 1529 1432 1594 ἀπλῶς
1461 1528 1530 1582 τά
1557 1526 1808 1598 ὁρώμενα
1839 1525 1928 1580 διὰ

251 1629 310 1682 σὲ
343 1629 440 1682 καὶ
477 1625 575 1697 τὴν
625 1619 724 1695 σὴν
759 1621 1036 1692 σωτηρίαν
1081 1621 1175 1674 καὶ
1213 1617 1672 1696 τιμὴνέποίησεν
1701 1617 1729 1670 ὁ
1774 1615 1924 1682 Θεὸς,

247 1718 346 1786 οὐχ
372 1715 562 1785 ἱκανὴν
589 1711 790 1775 εὐθέως
821 1709 1124 1780 λαμϐάνεις
1158 1706 1522 1778 παράκλησιν,
1547 1705 1639 1758 καὶ
1668 1705 1766 1775 τῆς
1785 1703 1924 1772 ἀγά-

247 1820 358 1874 πης
391 1801 496 1854 τοῦ
531 1798 668 1852 Θεοῦ
723 1797 988 1868 μεγίστην
1034 1795 1168 1866 δέχῃ
1205 1793 1412 1864 ταύτην
1465 1791 1759 1856 ἀπόδειξιν,
1795 1791 1922 1844 ὅταν

248 1891 542 1960 ἐννοήσῃς,
573 1889 656 1942 ὅτι
705 1883 960 1938 τοσοῦτον
1011 1883 1108 1936 καὶ
1153 1879 1474 1952 τηλικοῦτον
1505 1879 1708 1948 κόσμον
1731 1917 1744 1942 ,
1779 1877 1922 1931 οὐτω

248 1977 431 2042 καλὸν,
473 1975 568 2030 καὶ
599 1973 796 2046 μέγαν,
823 1972 918 2024 καὶ
947 1969 1266 2040 θαυμαστὸν
1289 1968 1377 2021 διὰ
1407 1969 1466 2021 σέ
1490 1969 1582 2020 τὸν
1615 1967 1821 2037 βραχὺν
1845 1965 1926 2028 εἰς

252 2065 414 2138 μέσον
453 2064 812 2136 παρήγαγενς
861 2059 1029 2112 Ὅταν
1075 2053 1168 2111 οῦν
1197 2055 1472 2128 ἀκούσῃς,
1505 2056 1588 2107 ὅτι
1639 2055 1742 2107 Ἑν
1767 2050 1926 2120 ἀρχῇ

247 2153 536 2222 ἐποίησεν
561 2153 594 2205 ό
614 2149 758 2214 Θεὸς
788 2147 894 2201 τὸν
919 2145 1184 2214 οὐρανὸν
1213 2143 1311 2198 καὶ
1334 2142 1448 2210 τὴν
1477 2141 1613 2213 γῆν,
1647 2141 1720 2212 μὴ
1743 2138 1926 2201 ἁπλῶς

249 2239 615 2311 παραδράμῃς
661 2235 721 2289 τὸ
759 2233 1070 2306 εἰρημένον,
1118 2231 1236 2286 ἀλλ’
1289 2229 1483 2283 ἔπελθε
1521 2233 1588 2300 τῇ
1621 2228 1828 2298 διανοίᾳ
1866 2227 1926 2280 τὸ

248 2327 408 2402 εὖρος
451 2327 553 2398 τῆς
586 2327 708 2397 γῆς,
743 2323 833 2377 καὶ
867 2321 1186 2390 ἀναλόγισαι
1219 2319 1338 2383 πῶς
1371 2321 1504 2390 ἡμῖν
1536 2315 1798 2388 πολυτελῆ
1833 2317 1926 2368 καὶ

245 2419 444 2489 δαψιλῆ
481 2415 762 2487 τράπεζαν
804 2413 996 2484 ἀνῆκε,
1039 2409 1132 2464 καὶ
1173 2407 1373 2480 πολλὴν
1409 2405 1737 2478 πολλαχόθεν
1782 2421 1922 2476 παρ-

249 2508 407 2578 έσχεν
451 2507 582 2576 ἡμῖν
633 2501 1004 2574 εὐφροσύνην
1057 2499 1151 2552 καὶ
1179 2497 1240 2550 τὸ
1289 2495 1354 2566 δὴ
1415 2496 1691 2566 μέγιστον,
1733 2493 1814 2546 ὅτι
1863 2491 1924 2546 οὐ

249 2596 430 2650 πόνων
465 2591 701 2664 ἀμοιϐὴν
736 2591 969 2652 ἔδωκεν,
1019 2585 1140 2638 οὐδέ
1177 2583 1625 2654 κατορθωμάτων
1660 2579 1926 2635 ἀντίδοσιν

247 2683 339 2736 τὸν
369 2679 620 2736 τοσοῦτον
649 2678 742 2731 καὶ
767 2674 1083 2746 τηλικοῦτον
1127 2674 1350 2742 κόσμον,
1393 2671 1507 2723 ἀλλ’
1527 2669 1662 2741 ὁμοῦ
1695 2687 1754 2722 τε
1782 2669 1926 2740 ἡμᾶς

251 2765 477 2834 ἔπλασε,
499 2766 593 2819 καὶ
623 2767 690 2834 τῇ
723 2762 973 2834 βασιλεία
1009 2759 1182 2830 ταύτῃ
1217 2760 1276 2814 τὸ
1302 2760 1456 2828 γένος
1495 2757 1650 2828 ἡμῶν
1677 2757 1924 2828 ἐτίμησε.

233 2855 603 2925 ¹Ποιήσωμεν
621 2853 730 2924 γάρ
747 2848 1239 2920 ἄνθρωπον,φησὶ,
1268 2847 1394 2900 κατ’
1409 2847 1613 2899 είκόνα
1637 2845 1928 2914 ἡμετέραν

254 2943 354 2998 καί
382 2944 510 2997 καθ’
535 2941 841 3011 ὁμοίωσιν.
861 2937 926 2990 Τί
953 2940 1092 3002 ἐστι,
1119 2937 1258 2990 Κατ’
1280 2935 1482 2989 εἰκόνα
1511 2933 1804 3004 ἡμετέραν
1828 2934 1926 2987 καί

251 3033 376 3086 καθ’
422 3030 739 3100 ὀμοίωσιν;
775 3027 886 3097 Τῆς
936 3025 1112 3097 ἀρχῆς
1160 3023 1343 3078 εἰκόνα
1387 3023 1544 3094 φησὶ,
1589 3023 1682 3076 καὶ
1738 3021 1926 3093 ὥσπερ

249 3119 424 3182 οὐδεὶς
454 3115 624 3171 ἀνώτε
635 3132 722 3186 ρος
745 3113 879 3167 Θεοῦ
908 3114 968 3166 ἐν
991 3109 1226 3184 οὐρανῷ,
1244 3107 1386 3164 οὕτω
1411 3109 1598 3182 μηδεὶς
1629 3108 1768 3162 ἔστω
1790 3109 1926 3162 ἀνώ-

249 3223 407 3280 τερος
436 3203 728 3278 ἀνθρώπου
761 3203 855 3256 ἐπὶ
913 3201 1014 3272 τῆς
1061 3200 1184 3271 γῆς.
1225 3199 1338 3253 Ἑνὶ
1370 3199 1468 3270 μὲν
1503 3193 1594 3251 οῦν
1631 3197 1804 3268 τούτῳ
1833 3199 1928 3251 καὶ

249 3292 452 3365 πρώτῳ
485 3291 768 3362 τετίμηκε,
793 3287 872 3360 τῷ
910 3289 1030 3342 κατ’
1069 3285 1256 3340 εἰκόνα
1301 3283 1464 3339 αὐτὸν
1499 3283 1726 3356 ποιῆσαι
1747 3301 1762 3316 ο
1805 3285 1926 3337 δευ-

248 3381 392 3452 τέρῳ
443 3379 500 3432 δέ
547 3378 625 3452 τῷ
678 3377 752 3450 μὴ
797 3377 978 3430 πόνων
1022 3375 1257 3448 ἀμοιϐὴν
1287 3377 1418 3447 ἡμῖν
1471 3377 1774 3446 παρασχεῖν
1827 3372 1925 3444 τὴν

251 3469 449 3542 ἀρχὴν,
486 3467 626 3523 ἀλλά
673 3466 887 3538 γυμνὴν
909 3467 1007 3536 τῆς
1037 3464 1203 3518 αὐτοῦ
1257 3462 1666 3534 φιλανθρωπίας
1700 3461 1924 3531 ποιῆσαι

247 3557 350 3627 τὴν
378 3557 538 3628 χάριν
559 3570 573 3585 ⁶
613 3553 782 3625 τρίτῳ
818 3551 895 3624 τῷ
926 3549 1162 3622 φυσικὴν
1193 3552 1326 3624 ἡμῖν
1374 3549 1701 3622 χαρίσασθαι
1731 3549 1922 3619 αὐτήν.

250 3641 372 3696 Τῶν
394 3643 502 3713 γάρ
523 3640 703 3714 ἀρχῶν
735 3639 791 3692 αἱ
824 3639 920 3710 μὲν
941 3639 1046 3692 εἰσὶ
1077 3639 1324 3708 φυσικαὶ,
1351 3639 1408 3692 αἱ
1432 3639 1488 3691 δὲ
1515 3637 1888 3710 χειροτονηταί
1907 3651 1920 3664 ·

257 3731 484 3800 φυσικαὶ
507 3729 625 3799 μὲν,
658 3725 734 3792 ὡς
759 3727 793 3799 ἡ
819 3727 912 3782 τοῦ
946 3727 1158 3792 λέοντος
1188 3725 1280 3780 ἐπὶ
1315 3727 1424 3780 τῶν
1453 3727 1819 3798 τετραπόδων.
1851 3727 1926 3790 ὡς

258 3819 351 3872 ἐπὶ
370 3817 477 3870 τῶν
503 3815 731 3887 ὀρνίθων
760 3815 793 3885 ἡ
825 3813 921 3866 τοῦ
948 3814 1106 3868 ἀετοῦ
1131 3831 1145 3845 ⁸
1179 3813 1554 3886 χειροτονηταὶ
1582 3813 1640 3866 δὲ
1662 3813 1737 3876 ὡς
1765 3815 1797 3884 ἠ
1831 3813 1925 3865 τοῦ

257 3905 524 3977 βασιλέως
569 3901 662 3955 τοῦ
697 3901 819 3954 καθ’
853 3903 1024 3972 ἡμᾶς’
1054 3895 1209 3965 οὗτος
1243 3901 1352 3973 γάρ
1382 3903 1503 3972 οὐχὶ
1535 3901 1694 3970 φύσει
1735 3903 1928 3971 κρατεῖ

251 3991 360 4044 τῶν
391 3989 698 4062 ὁμοδούλων
717 4005 732 4019 ·
756 3987 838 4040 διὸ
870 3989 965 4040 καὶ
988 3988 1288 4042 ἀποϐάλλει
1315 3989 1574 4050 πολλάκις
1603 3988 1700 4060 τὴν
1723 3989 1920 4060 ἀρχὴν.

253 4079 492 4134 Τοιαῦτα
538 4077 646 4150 γάρ
678 4077 746 4130 τά
797 4076 872 4148 μὴ
926 4075 1087 4145 φύσει
1134 4075 1440 4146 προσόντα·
1474 4077 1662 4148 ῥᾳδίαν
1710 4077 1924 4146 δέχεται

253 4169 352 4239 τὴν
407 4165 710 4240 μεταϐολὴν
772 4165 869 4219 καὶ
917 4165 1015 4236 τὴν
1056 4165 1433 4236 μετάπτωσιν·
1468 4165 1497 4217 ό
1541 4164 1600 4216 δέ
1637 4163 1776 4217 λέων
1826 4165 1926 4236 οὐχ

254 4253 446 4318 οῦτως,
477 4253 614 4307 άλλά
649 4251 809 4324 φύσει
837 4256 1032 4324 κρατεῖ
1065 4251 1176 4307 τῶν
1211 4251 1581 4322 τετραπόδων,
1615 4249 1805 4323 ῶσπερ
1831 4249 1924 4305 οῦν

254 4343 350 4396 καὶ
376 4341 484 4396 τῶν
505 4341 733 4410 ὀρνίθων
756 4343 784 4394 ό
815 4341 991 4405 ἀετός.
1031 4341 1146 4394 Ἀεὶ
1183 4339 1314 4410 γοῦν
1334 4337 1412 4410 τῷ
1443 4339 1589 4408 γένει
1615 4341 1889 4412 συγκεκλή
1907 4373 1922 4381 -

255 4447 426 4503 ρωται
453 4431 515 4484 τὸ
541 4431 639 4502 τῆς
674 4429 953 4500 βασιλείας
1001 4425 1168 4495 εἶδος,
1205 4429 1301 4481 καὶ
1333 4427 1527 4481 οὐδένα
1579 4428 1646 4482 ἄν
1697 4445 1781 4491 τις
1825 4429 1924 4482 ἴδοι

251 4519 442 4573 λέοντά
469 4533 601 4571 ποτε
643 4516 742 4587 τὴν
785 4515 958 4588 ἀρχὴν
1003 4515 1348 4570 ἀποϐαλόντα
1388 4514 1610 4585 ταύτην.
1653 4513 1924 4585 Τοιαύτην

253 4605 344 4660 καὶ
370 4607 503 4678 ἡμῖν
526 4605 626 4676 τὴν
657 4603 932 4675 βασιλείαν
963 4603 1024 4668 ἐξ
1047 4603 1225 4676 ἀρχῆς
1259 4604 1289 4656 ὁ
1321 4601 1452 4666 Θεὸς
1484 4601 1795 4674 ἐχαρίσατο,
1831 4603 1926 4656 καὶ

251 4695 419 4748 πᾶσιν
467 4695 616 4764 ἡμᾶς
653 4691 961 4762 ἐπέστησε·
1009 4703 1106 4746 και
1135 4691 1195 4744 οὐ
1241 4689 1416 4762 τούτῳ
1463 4690 1622 4761 μόνον
1664 4690 1924 4763 ἐτίμησεν

251 4781 408 4854 ἡμῶν
427 4781 526 4856 τὴν
557 4782 740 4854 φύσιν,
775 4781 912 4834 ἀλλὰ
943 4781 1036 4834 καὶ
1058 4781 1194 4852 αὐτῇ
1223 4779 1317 4833 τοῦ
1343 4779 1544 4852 χωρίου
1565 4782 1630 4852 τῇ
1662 4779 1924 4854 προεδρία

253 4869 530 4944 ἐξαίρετον
573 4873 888 4944 οἰκητήριον
939 4869 1218 4934 ἀποτάξας
1257 4871 1392 4940 ἡμῖν
1433 4867 1528 4924 τὸν
1573 4868 1920 4944 παράδεισον,

255 4957 350 5010 καὶ
379 4957 537 5026 λόγον
559 4957 682 5023 δοὺς
708 4959 806 5014 καὶ
833 4951 1010 5033 ψυχὴν
1045 4961 1314 5016 ἀθάνατον
1341 4962 1730 5034 χαρισάμενος.

327 5041 442 5115 [87]
487 5045 645 5100 Ἀλλά
674 5047 749 5120 μὴ
769 5047 908 5102 εἴπω
935 5049 1108 5104 ταῦτα
1130 5066 1142 5078 ·
1171 5049 1281 5118 ἐγὼ
1297 5050 1406 5122 γὰρ
1417 5049 1685 5118 τοσαύτην
1713 5063 1932 5119 περιου-

267 5129 386 5182 σίαν
411 5127 548 5185 εἶναί
580 5153 722 5206 φημι
753 5139 852 5206 τῆς
885 5133 980 5190 τοῦ
1019 5135 1153 5190 Θεοῦ
1186 5137 1531 5208 κηδεμονίας,
1557 5136 1632 5202 ὡς
1673 5135 1930 5206 μὴμόνον

263 5217 354 5278 ἀν’
371 5210 444 5268 ὧν
463 5217 742 5291 ἐτίμησεν,
765 5223 902 5277 ἀλλά
917 5224 1010 5277 καὶ
1035 5224 1130 5293 ἀφ’
1161 5215 1236 5276 ὧν
1257 5223 1535 5286 ἐκόλασεν,
1561 5223 1762 5292 ὁμοίως
1785 5225 1931 5292 ἡμᾶς

259 5295 519 5348 δύνασθαι
541 5299 639 5367 τὴν
665 5303 972 5374 ἀγαθότητα
1005 5305 1168 5360 αὐτοῦ
1195 5305 1466 5360 δεικνύναι
1495 5307 1589 5360 καὶ
1609 5309 1707 5380 τὴν
1739 5309 1926 5378 φιλαν-

263 5383 530 5455 θρωπίαν.
567 5387 675 5438 Καὶ
711 5388 863 5442 τοῦτο
910 5392 1142 5461 μάλιστα
1196 5395 1412 5449 πάντων
1443 5397 1588 5467 ὑμᾶς
1623 5399 1924 5469 παρακαλῶ

263 5471 404 5542 μετά
432 5471 718 5544 ἀκριϐείας
761 5475 986 5543 εἰδέναι,
1017 5478 1097 5534 ὅτι
1123 5483 1151 5535 ὁ
1187 5483 1317 5548 Θεὸς
1357 5484 1478 5556 οὐχὶ
1522 5485 1698 5558 τιμῶν
1732 5487 1920 5556 μόνον,

256 5559 374 5613 οὐδέ
418 5559 747 5630 εὐεργετῶν,
777 5561 912 5616 ἀλλά
941 5567 1036 5618 καὶ
1081 5569 1345 5634 κολάζων,
1388 5573 1481 5626 καὶ
1514 5573 1922 5644 τιμωρούμενος

252 5644 453 5716 ὁμοίως
499 5649 648 5724 ἐστὶν
694 5649 895 5719 ἀγαθός
920 5669 933 5682 ο
977 5651 1078 5706 κᾶν
1111 5655 1246 5726 πρὸς
1296 5658 1592 5731 Ἕλληνας,
1641 5661 1746 5714 κᾶν
1786 5662 1922 5735 πρὸς

256 5739 560 5808 αἱρετικούς
593 5739 803 5808 ἀγῶνες
836 5743 969 5812 ἡμῖν
1013 5741 1104 5795 καὶ⁵
1153 5744 1323 5814 μάχαι
1357 5749 1613 5804 κινῶνται
1655 5751 1784 5822 περὶ
1823 5753 1922 5824 τῆς

257 5823 352 5908 τοῦ
381 5825 517 5894 Θεοῦ
561 5827 968 5898 φιλανθρωπίας
999 5828 1092 5882 καὶ
1132 5829 1487 5902 ἀγαθότητος,
1519 5835 1593 5906 μὴ
1636 5835 1796 5906 μόνον
1827 5823 1919 5908 ἀφ’

261 5905 336 5966 ὧν
361 5913 634 5988 ἐτίμησεν,
669 5915 805 5974 ἀλλὰ
831 5917 924 5972 καὶ
955 5919 1048 5987 ἀφ’
1081 5910 1156 5976 ὧν
1191 5905 1592 5994 ἐτιμωρήσατο,
1619 5905 1921 5983 ἐπιδείκνύ-

2040 472 2266 542 ἀγαθὸς,
2312 471 2558 536 κολάζων
2599 473 2654 526 δὲ
2687 475 2788 527 οὐκ
2837 472 2985 528 ἐστιν
3027 475 3261 544 ἀγαθὸς,
3306 474 3364 540 ἐξ
3411 473 3664 546 ἡμισείας
3693 487 3720 518 ι

2043 560 2248 630 ἀγαθὸς
2277 559 2344 614 ἂν
2377 563 2463 632 εἴη
2485 578 2499 592 ·
2542 561 2657 616 ἀλλ’
2697 561 2799 614 οὐκ
2835 561 2951 616 ἐστι
2983 562 3178 616 τοῦτο·
3217 563 3292 634 μὴ
3327 563 3556 631 γένοιτο.
3598 562 3722 616 Ἐπὶ

2039 647 2344 719 ἀνθρώπων
2375 649 2472 720 μὲν
2497 647 2606 719 γάρ
2631 648 2779 712 εἰκὸς
2807 649 2966 702 τοῦτο
2991 650 3334 720 συμϐαίνειν,
3357 650 3542 720 ἐπειδὴ
3567 649 3722 721 θυμῷ

2041 737 2136 788 καὶ
2173 737 2336 790 πάθει
2381 736 2479 800 τάς
2510 737 2784 807 τιμωρίας
2813 736 3144 805 ἐπάγουσιν·
3180 739 3209 791 ό
3237 739 3294 792 δὲ
3343 737 3478 802 Θεὸς
3506 737 3720 810 ἀπαθὴς

2039 823 2149 890 ῶν,
2184 824 2289 878 κᾶν
2337 825 2598 896 εὐεργετῇ
2621 867 2634 888 ,
2672 824 2773 878 κᾶν
2807 825 3029 897 κολάζῃ,
3061 825 3267 898 ὁμοίως
3298 825 3446 880 ἐστὶν
3493 825 3718 896 ἀγαθὸς,

2039 911 2261 982 καὶτῆς
2314 912 2589 983 βασιλείας
2626 913 2726 966 οὐκ
2772 913 3051 983 ἔλαττονή
3107 915 3206 985 τῆς
3252 915 3480 986 γεέννης
3521 915 3720 987 ἀπειλὴ

2035 999 2310 1054 δείκνυσιν
2354 997 2522 1054 αὐτοῦ
2565 1001 2663 1072 τὴν
2691 999 3038 1072 ἀγαθότητα⁶
3085 1003 3180 1056 καὶ
3227 1003 3375 1068 πῶς;
3413 1002 3521 1074 ἐγὼ
3555 1001 3718 1072 λέγω.

2036 1089 2100 1141 Et
2134 1089 2210 1160 μὴ
2246 1089 2472 1156 γέενναν
2500 1089 2820 1160 ἠπείλησεν,
2846 1091 2894 1142 εί
2925 1089 3000 1160 μὴ
3023 1089 3246 1144 κόλασιν
3274 1090 3593 1161 ἡτοίμασεν,
3619 1091 3720 1143 οὐκ

2037 1175 2103 1229 ἂν
2135 1176 2321 1230 πολλοὶ
2345 1177 2446 1247 τῆς
2480 1175 2758 1247 βασιλείας
2789 1175 3074 1247 ἐπέτυχον.
3101 1177 3176 1231 Οὐ
3207 1179 3315 1247 γὰρ
3341 1177 3514 1243 οὕτως
3546 1179 3580 1249 ἡ
3609 1177 3719 1230 τῶν

2034 1263 2254 1332 ἀγαθῶν
2299 1265 2590 1336 ὑπόσχεσις
2633 1265 2769 1335 πρὸς
2795 1265 2997 1336 ἀρετὴν
3045 1266 3358 1320 ἐκκαλεῖται
3403 1266 3531 1329 τοὺς
3579 1264 3716 1318 πολ-

2033 1350 2178 1415 λοὺς,
2221 1353 2354 1424 ὼςή
2405 1353 2514 1406 τῶν
2545 1352 2730 1406 κακῶν
2781 1352 2978 1424 ἀπειλὴ
3017 1353 3094 1423 τῷ
3147 1353 3298 1425 φόϐῳ
3331 1353 3578 1416 συνωθεῖ,
3619 1351 3718 1406 καὶ

2033 1439 2333 1511 διανίστησι
2361 1441 2494 1510 πρὸς
2521 1440 2620 1511 τὴν
2651 1441 2750 1511 τῆς
2771 1440 2949 1511 ψυχῆς
2985 1442 3319 1512 ἐπιμέλειαν.
3349 1443 3510 1494 Ὥστε
3541 1443 3585 1495 εί
3623 1441 3720 1496 καὶ

2032 1527 2273 1582 ἐναντίον
2297 1529 2490 1596 γέεννα
2519 1531 2586 1598 τῇ
2627 1527 2874 1598 βασιλεία⁵
2905 1529 2932 1569 δ
2973 1527 3080 1582 τῶν
3107 1531 3372 1600 οὐρανῶν,
3404 1529 3540 1583 άλλά
3577 1529 3714 1600 πρὸς

2033 1613 2090 1666 ἓν
2115 1615 2374 1687 ἑκάτερον
2400 1615 2590 1686 βλέπει
2620 1615 2792 1680 τέλος,
2819 1615 2918 1686 τὴν
2939 1615 3046 1670 τῶν
3078 1616 3384 1690 ἀνθρώπων
3409 1617 3714 1688 σωτηρίαν·

2033 1705 2214 1774 ἐκείνη
2243 1706 2342 1774 μὲν
2362 1703 2722 1775 ἐπισπωμένη
2746 1703 2882 1775 πρὸς
2903 1705 3123 1776 ἑαυτὴν,
3145 1703 3286 1776 αῦτη
3313 1705 3370 1758 δέ
3401 1703 3720 1758 συνωθοῦσα

2034 1790 2168 1862 πρὸς
2217 1792 2452 1862 ἐκείνην,
2489 1790 2691 1862 καὶτῷ
2741 1790 2892 1862 φόϐῳ
2933 1791 3293 1863 διορθουμένη
3339 1793 3467 1857 τοὺς
3509 1792 3712 1863 ἀμελέ-

2035 1895 2124 1930 στε
2135 1895 2222 1948 ρον
2267 1879 2663 1950 διακειμένους.

2103 1965 2386 2032 γ’.Τοῦτον
2413 1965 2474 2020 δέ
2489 1967 2586 2035 οὐχ
2621 1965 2806 2029 ἁπλῶς
2839 1966 3066 2038 μηκύνω
3081 1967 3170 2020 τὸν
3195 1967 3372 2035 λόγον,
3395 1967 3510 2020 ἀλλ’
3527 1965 3718 2038 ἐπειδὴ

2033 2053 2290 2116 πολλάκις
2313 2053 2488 2124 λιμῶν
2521 2055 2614 2108 καὶ
2647 2055 2878 2126 αὐχμῶν
2911 2056 3280 2126 γιγνομένων,
3315 2055 3410 2108 καὶ
3441 2053 3716 2125 πολέμων,

2033 2141 2128 2194 καὶ
2168 2142 2339 2212 ὀργῆς
2390 2141 2674 2214 βασιλικῆς
2711 2141 3130 2214 ἐμπιπτούσης,
3168 2143 3264 2197 καὶ
3311 2143 3514 2214 ἐτέρων
3551 2142 3718 2196 τινῶν

2031 2227 2288 2282 τοιούτων
2319 2229 2598 2301 ἀδοκήτων
2635 2230 3004 2302 πραγμάτων,
3047 2231 3231 2284 πολλοὶ
3263 2231 3391 2294 τοὺς
3419 2227 3718 2300 ἀφελεστέ-

2034 2333 2161 2386 ρους
2193 2317 2508 2380 ἀπατῶντες
2541 2317 2791 2386 λέγουσιν
2812 2359 2827 2383 ,
2861 2319 2942 2372 ὅτι
2973 2321 3072 2372 οὐκ
3119 2317 3248 2383 ἀξια
3283 2319 3456 2372 ταῦτα
3487 2319 3586 2389 τῆς
3617 2315 3720 2372 τοῦ

2032 2405 2167 2458 Θεοῦ
2195 2407 2466 2478 προνοίας.
2505 2409 2602 2460 "Iv‘
2636 2404 2728 2462 οῦν
2758 2407 2832 2480 μὴ
2867 2407 3362 2480 παραλογιζώμεθα
3385 2449 3398 2470 ,
3439 2407 3554 2462 ἀλλ’
3587 2408 3716 2461 ἴδω-

2037 2511 2134 2564 μεν
2161 2493 2404 2565 ἀκριϐῶς
2429 2535 2444 2559 ,
2499 2495 2581 2549 ὅτι
2611 2497 2714 2549 κᾶν
2761 2495 2919 2566 λιμὸν
2947 2537 2960 2559 ,
3003 2495 3104 2549 κᾶν
3135 2495 3404 2566 πόλεμον,
3439 2495 3540 2548 κᾶν
3584 2493 3718 2548 άλλο

2031 2581 2210 2636 ὁτιοῦν
2254 2584 2508 2655 ἐπαγάγῃ
2537 2585 2726 2650 δεινὸν,
2791 2584 2900 2638 ἀπὸ
2937 2583 3349 2656 φιλανθρωπίας
3379 2583 3535 2638 τοῦτο
3573 2581 3720 2638 ποιεῖ

2034 2672 2128 2724 καὶ
2161 2671 2361 2742 πολλῆς
2401 2673 2500 2743 τῆς
2547 2673 2874 2744 κηδεμονίας
2900 2711 2916 2736 ,
2969 2671 3325 2744 ἠναγκάσθην
3373 2670 3718 2743 ἐνδιατρίψαι

2033 2757 2207 2828 τούτῳ
2235 2759 2314 2828 τῷ
2336 2758 2498 2830 λόγῳ.
2537 2757 2690 2812 Ἐπεὶ
2726 2761 2822 2813 καὶ
2849 2761 2898 2814 οἱ
2931 2761 3170 2830 πατέρες
3191 2799 3206 2822 ,
3237 2760 3288 2812 οί
3318 2759 3554 2830 μάλιστα
3578 2757 3722 2812 πάν-

2031 2861 2140 2898 των
2169 2843 2235 2898 τά
2270 2845 2466 2914 ἔκγονα
2504 2845 2786 2914 φιλοῦντες
2812 2889 2826 2912 ,
2861 2847 2958 2900 καὶ
2991 2845 3273 2918 τραπέζης
3303 2847 3548 2917 εἴργουσι
3571 2887 3586 2910 ,
3619 2849 3722 2902 καὶ

2034 2932 2247 3002 πληγάς
2293 2933 2583 3000 ἐπάγουσι,
2621 2933 2717 2986 καὶ
2770 2934 2966 3006 ἀτιμία
3019 2933 3340 3000 κολάζουσι,
3382 2936 3476 2988 καὶ
3509 2937 3724 3006 ἐτέροις

2036 3020 2250 3091 μυρίοις
2299 3019 2562 3083 τοιούτοις
2596 3021 3015 3088 ἀσελγαίνοντας
3043 3021 3386 3092 διορθοῦνται
3430 3023 3555 3088 τοὺς
3582 3027 3722 3077 παῖ-

2031 3105 2154 3170 δας’
2205 3107 2320 3160 ἀλλ’
2349 3108 2499 3178 ὅμως
2541 3109 2778 3179 πατέρες
2833 3111 2972 3162 εἰσὶν
2997 3149 3012 3174 ,
3057 3111 3179 3180 οὐχὶ
3224 3110 3495 3182 τιμῶντες
3531 3113 3722 3182 μόνον,

2031 3193 2168 3248 ἀλλά
2199 3194 2294 3248 καὶ
2329 3195 2500 3248 ταῦτα
2535 3195 2849 3260 ποιοῦντες,
2883 3197 2977 3250 καὶ
3015 3195 3134 3250 τότε
3171 3199 3408 3268 μάλιστα
3453 3199 3720 3273 πατέρες,

2031 3283 2160 3336 ὅταν
2194 3283 2419 3336 τοιαῦτα
2451 3283 2694 3337 ποιῶσιν.
2739 3284 2800 3337 Εἰ
2827 3284 2886 3338 δέ
2925 3283 3226 3355 ἄνθρωποι,
3265 3285 3424 3356 θυμῷ
3451 3287 3546 3341 καὶ
3573 3287 3722 3362 ὀργῇ

2035 3369 2292 3433 πολλάκις
2322 3368 2416 3424 τοῦ
2474 3371 2848 3443 συμφέροντος
2879 3373 3238 3443 ἐκφερόμενοι
3265 3411 3280 3435 ,
3323 3375 3424 3427 οὐκ
3469 3375 3724 3448 ὠμότητι

2033 3461 2125 3511 καὶ
2163 3458 2561 3529 ἀπανθρωπία,
2591 3459 2725 3513 ἀλλά
2759 3461 3054 3530 κηδεμονία
3097 3463 3191 3516 καὶ
3243 3463 3598 3536 φιλοστοργίᾳ
3625 3481 3725 3520 νο-

2037 3546 2283 3618 μίζονται
2313 3545 2562 3612 κολάζειν
2587 3548 2683 3612 οὓς
2709 3547 2954 3618 φιλοῦσι,
2986 3547 3166 3620 πολλῷ
3215 3551 3414 3620 μᾶλλον
3439 3553 3570 3625 περὶ
3613 3555 3722 3610 τοῦ

2033 3635 2170 3689 Θεοῦ
2197 3635 2340 3688 οὕτω
2383 3635 2686 3688 διακεῖσθαι
2729 3637 2834 3707 χρὴ
2859 3677 2874 3702 ,
2909 3637 3002 3689 τοῦ
3037 3639 3219 3691 πᾶσαν
3253 3640 3526 3711 πατρικὴν
3561 3641 3724 3710 φιλο-

2035 3725 2289 3796 στοργίαν
2315 3723 2727 3792 ὑπερϐαίνοντος
2749 3727 2813 3796 τῇ
2837 3724 2937 3794 τῆς
2957 3725 3162 3788 οἰκείας
3185 3726 3521 3798 άγαθότητος
3547 3729 3724 3804 ὑπερ-

2035 3813 2184 3884 ϐολῇ,
2211 3809 2318 3865 Καὶ
2354 3812 2438 3864 ἵνα
2476 3811 2548 3882 μὴ
2585 3813 2832 3883 νομίσῃς,
2873 3813 2956 3866 ὅτι
2985 3813 3288 3883 στοχασμός
3317 3815 3432 3868 ἐστι
3464 3816 3534 3870 τά
3565 3819 3728 3890 είρη-

2037 3901 2192 3972 μένα.
2222 3902 2354 3972 φέρε
2381 3901 2468 3952 ἐπ’
2497 3900 2668 3971 αὐτὴν
2693 3901 2791 3972 τὴν
2830 3899 3054 3972 Γραφὴν
3079 3903 3172 3955 τὸν
3205 3902 3362 3972 λόγον
3389 3904 3723 3976 ἀγάγωμεν.

2047 3989 2262 4060 Ἐπειδὴ
2291 3989 2402 4061 γάρ
2435 3990 2693 4060 ἠπατήθη
2726 3990 2820 4042 καὶ
2849 3990 3215 4063 παρελογίσθη
3245 3993 3396 4064 παρὰ
3423 3993 3518 4048 τοῦ
3547 4013 3726 4070 πονη-

2035 4075 2130 4148 ροῦ
2165 4077 2418 4148 δαίμονος
2443 4077 2472 4129 ό
2501 4077 2598 4130 άνθ
2606 4093 2792 4147 ρωπος
2813 4117 2828 4142 ,
2867 4076 3066 4148 [δῶμεν
3097 4079 3216 4142 πῶς
3239 4081 3520 4151 ἁμαρτίαν
3559 4083 3728 4156 αὐτῷ

2029 4164 2288 4235 τοιαύτην
2320 4164 2622 4237 ἁμαρτόντι
2655 4165 2776 4218 τότε
2809 4165 3082 4236 ἐχρήσατο
3117 4167 3146 4220 ό
3191 4167 3342 4232 Θεός.
3371 4162 3518 4241 *Δρα
3567 4173 3730 4242 ἠφά-

2031 4269 2177 4306 νισεν
2225 4253 2388 4306 αὐτὸν
2437 4251 2751 4319 παντελῶςς
2787 4254 2964 4307 καίτοι
3007 4271 3072 4322 γε
3105 4256 3134 4309 δ
3175 4256 3270 4310 τοῦ
3299 4257 3508 4312 δικαίου
3553 4260 3732 4331 λόγος

2030 4340 2188 4394 τοῦτο
2219 4341 2418 4414 ἀπῄτει
2449 4354 2496 4404 ε,
2529 4341 2620 4394 τὸν
2643 4341 2798 4395 οὐδὲν
2828 4342 2928 4412 μὲν
2961 4341 3074 4416 [88]
3111 4345 3320 4415 ἀγαθὸν
3357 4347 3734 4420 ἐπιδειξάμε-

2031 4445 2119 4482 νον
2143 4467 2158 4492 ,
2211 4428 2480 4500 τοσαύτης
2513 4429 2572 4482 δὲ
2615 4429 3004 4484 ἀπολαύσαντα
3041 4431 3143 4502 τῆς
3189 4434 3402 4498 εὐνοίας
3423 4475 3438 4500 ,
3487 4429 3612 4490 εἶτα
3651 4439 3732 4494 ἐκ

2031 4517 2332 4587 προοιμίων
2355 4517 2857 4588 ἀποσκιρτήσαντα,
2895 4517 3125 4592 ἀρθῆναι
3164 4522 3229 4575 ἐκ
3271 4521 3365 4576 τοῦ
3418 4523 3586 4594 μέσου
3613 4527 3734 4584 καὶ

2029 4603 2396 4676 ἀφανισθῆναι
2443 4605 2651 4660 τέλεον.
2705 4605 2844 4660 Ἀλλ’
2877 4607 2980 4662 οὐκ
3021 4608 3244 4680 ἐποίησε
3295 4609 3456 4664 τοῦτο
3491 4611 3524 4664 δ
3551 4611 3732 4684 Θεὸς,

2028 4691 2150 4746 οὐδέ
2196 4693 2518 4760 ἐϐδελύξατο
2561 4694 2658 4748 καὶ
2685 4693 3013 4766 ἀπεστράφη
3057 4695 3150 4749 τὸν
3201 4697 3376 4762 οὕτως
3415 4699 3736 4770 ἀγνώμονα

2029 4780 2160 4851 περὶ
2189 4779 2280 4834 τὸν
2312 4781 2605 4852 εὐεργέτην
2631 4781 2942 4852 γενόμενον,
2969 4783 3084 4836 ἀλλ’
3111 4783 3328 4856 ἔρχεται
3349 4786 3488 4858 πρὸς
3519 4789 3734 4864 αὐτὸν,

2028 4867 2278 4940 καθάπερ
2323 4869 2460 4940 πρὸς
2495 4870 2778 4941 άρῥωστον
2823 4871 3026 4942 ίατρός.
3075 4873 3186 4926 Καὶ
3217 4873 3292 4946 μὴ
3339 4875 3738 4954 παραδράμῃς

2029 4956 2214 5021 ἁπλῶς
2240 4958 2300 5010 τὸ
2327 4957 2618 5030 εἰρημένον
2635 4999 2652 5025 ,
2680 4959 2932 5029 ἀγαπητέ
2951 4997 2968 5024 ,
2993 4959 3109 5014 ἀλλ’
3143 4961 3398 5034 ἐννόησον
3425 4963 3618 5035 ἡλίκον
3653 4969 3738 5024 τὸ

2031 5047 2166 5118 μήτε
2215 5043 2445 5114 ἄγγελον
2477 5045 2726 5124 πέμψαι,
2767 5047 2904 5119 μήτε
2933 5047 3274 5120 ἀρχάγγελον
3295 5089 3312 5114 ,
3359 5052 3500 5124 μήτε
3543 5053 3736 5113 ἄλλον

2024 5133 2148 5188 τινὰ
2173 5133 2281 5186 τῶν
2310 5133 2608 5188 συνδούλων
2647 5122 2756 5188 τῶν
2785 5135 3015 5202 ἐκείνου,
3045 5137 3162 5190 ἀλλ’
3193 5138 3359 5193 αὐτὸν
3385 5122 3476 5195 τὸν
3499 5143 3738 5198 Δεσπό-

2027 5239 2125 5292 την
2151 5221 2454 5293 καταϐῆναι
2483 5222 2620 5292 πρὸς
2655 5221 2748 5275 τὸν
2784 5225 3286 5294 παραπεπτωκότα,
3319 5229 3416 5282 καὶ
3452 5229 3738 5302 κείμενον

2025 5307 2353 5379 ἀναστῆσαι,
2384 5311 2479 5363 καὶ
2507 5309 2667 5380 μόνον
2719 5311 2856 5383 πρὸς
2881 5311 3040 5382 μόνον
3066 5353 3081 5378 ,
3111 5313 3364 5386 καθάπερ
3395 5316 3548 5386 φίλον
3569 5319 3738 5390 πρὸς

2027 5396 2179 5464 φίλον
2207 5398 2392 5462 κακῶς
2423 5399 2752 5470 πράττοντα,
2795 5401 2890 5454 καὶ
2915 5401 2974 5454 ἐν
3009 5399 3174 5472 πολλῇ
3203 5405 3548 5460 καταστάντα
3575 5408 3738 5464 δυσ-

2024 5485 2230 5556 ημερία
2261 5486 2682 5556 παραγενέσθαι.
2713 5489 2836 5541 ’Ὀτι
2868 5489 2976 5560 γάρ
3006 5486 3164 5541 τοῦτο
3211 5491 3276 5542 ἐκ
3306 5489 3508 5562 πολλῆς
3545 5494 3740 5564 κηδε-

2029 5573 2220 5643 μονίας
2247 5575 2491 5645 ἐποίησε,
2510 5575 2604 5628 καὶ
2627 5576 2765 5632 αὐτὰ
2787 5576 2857 5630 τά
2881 5577 3124 5648 ῥήματα,
3149 5575 3184 5631 ἃ
3212 5579 3350 5649 πρὸς
3371 5580 3533 5634 αὑτὸν
3553 5575 3734 5652 εἷπε,

2027 5661 2294 5718 δείκνυσιν
2323 5665 2488 5718 αὐτοῦ
2515 5665 2614 5738 τὴν
2641 5665 2850 5736 ἄφατον
2887 5667 3290 5738 φιλοστοργίαν.
3323 5670 3432 5722 Καὶ
3471 5670 3524 5724 τί
3557 5669 3736 5742 λέγω

2089 5783 2116 5851 ξ
2138 5785 2288 5851 ξσνὶί.
2313 5791 2366 5836 οι
2387 5788 2582 5849 quidam
2604 5799 2721 5838 mss.
2743 5790 2959 5846 κολάζων
2981 5791 3034 5840 δὲ
3055 5790 3232 5848 οὐκέτι,
3255 5789 3304 5844 ἐξ
3319 5790 3550 5851 ἡμισείας.

2027 5845 2293 5967 ικέσὲξγίι.
2323 5855 2377 5898 et
2401 5845 2598 5912 Quidam
2632 5864 2748 5900 mss.
2771 5857 2856 5909 τῆς
2880 5845 3140 5915 βασιλείας.
3175 5845 3286 5902 be
3318 5845 3467 5902 iidem
3671 5857 3736 5906 εν

2089 5972 2112 6000 ⁸
2139 5973 2288 6021 δικ-ιι.
2313 5977 2366 6020 et
2391 5973 2586 6028 quidam
2605 5987 2718 6024 mss.
2747 5975 2954 6027 ἀπαιτεῖ.
