4070 6208
432 399 502 458 98
1352 388 1443 444 AD
1480 385 1803 444 POPULUM
1841 381 2333 441 ANTIOCHENUM
2395 384 2626 442 HOMIL.
2669 384 2778 443 νη.
3637 395 3708 453 Μ

433 509 572 583 quod
605 505 836 563 maxime
871 500 1081 560 videtur
1119 515 1291 571 neque
1319 497 1698 556 consolationis
1734 495 2014 568 vestigium

432 601 823 661 demonstrare,
854 595 950 652 sed
978 609 1008 649 a
1037 593 1407 649 consolatoriis
1438 591 1646 662 penitus
1676 589 1852 644 verbis
1881 588 2016 642 alie-

432 707 558 748 num
585 705 708 747 esse
727 731 744 754 ,
771 689 825 743 in
856 687 1088 743 medium
1119 700 1448 756 proponens,
1477 683 1618 754 quod
1643 683 1765 738 dico
1793 680 2017 737 manife-

431 794 573 838 stum
619 780 832 835 faciam.
878 777 1029 846 Quod
1058 775 1268 834 tandem
1299 785 1382 832 est
1423 775 1523 830 hoc
1561 773 1920 846 prooemium?
1949 772 2016 827 In

431 873 678 944 principio
708 871 824 943 fecit
855 869 989 924 Deus
1016 868 1195 922 cretum
1228 877 1273 922 et
1304 876 1486 922 terram
1511 883 1528 921 :
1560 877 1693 922 terra
1716 876 1881 920 autem
1910 874 2016 920 erat

429 961 693 1015 invisibilis
719 969 764 1013 et
790 959 1123 1027 incomposita
1143 999 1157 1022 ,
1186 966 1232 1012 et
1258 957 1468 1011 tenebrae
1491 967 1632 1010 erant
1657 973 1807 1027 super
1833 957 2015 1028 facient

427 1055 595 1124 abyssi
622 1051 778 1122 (Gen.
808 1052 859 1105 l.
889 1051 942 1106 1.
972 1050 1050 1122 2).
1080 1050 1345 1122 Numquid
1375 1050 1488 1106 huic
1512 1051 1775 1121 aliquibus
1803 1066 1834 1106 e
1860 1051 2011 1108 vobis
2069 1115 2071 1118 ,

431 1145 680 1200 videntur
705 1143 932 1199 tristitia:
955 1143 1373 1200 consolationem
1395 1143 1630 1199 habere?
1655 1158 1831 1200 nonne
1856 1145 2017 1200 histo-

429 1238 523 1292 rize
552 1236 785 1291 narratio
810 1244 892 1290 est
911 1275 926 1299 ,
953 1244 1008 1291 et
1031 1235 1098 1291 de
1124 1237 1392 1292 creatione
1417 1235 1694 1292 doctrina?

497 1329 552 1382 2.
588 1328 758 1383 Vultis
799 1327 962 1397 igitur
1000 1327 1362 1384 demonstrem
1387 1329 1802 1387 consolationem
1828 1331 1880 1386 in
1911 1332 2012 1386 hac

426 1419 666 1474 dictione
703 1418 1109 1475 absconditam?
1135 1419 1414 1489 Exsurgite
1441 1420 1630 1490 igitur,
1657 1430 1858 1478 etcum
1884 1423 2008 1478 dili-

424 1513 602 1582 gentia
625 1511 885 1567 advertite
904 1527 1022 1582 quze
1035 1510 1258 1566 dicenda
1284 1521 1423 1565 sunt.
1446 1512 1578 1567 Cum
1594 1513 1734 1568 enim
1757 1515 2008 1583 audieris,

425 1605 566 1675 quod
611 1605 801 1660 ctelum
824 1646 841 1671 ,
865 1613 1061 1658 terram
1084 1644 1098 1668 ,
1129 1617 1275 1656 mare
1299 1643 1314 1670 ,
1343 1617 1557 1670 aerem,
1587 1619 1752 1674 aquas
1779 1647 1794 1671 ,
1826 1607 2010 1664 stellas

426 1681 779 1761 multas,duo
812 1693 1092 1748 luminaria
1115 1708 1326 1763 magna,
1355 1692 1583 1763 plautas,
1614 1695 2004 1765 quadrupedes,

425 1788 661 1841 natatilia
704 1794 759 1841 et
788 1784 1020 1841 volatilia
1061 1784 1308 1838 animalia
1332 1824 1348 1849 ,
1379 1784 1663 1855 omniaque
1690 1787 2010 1855 generaliter

423 1893 543 1946 qua:
565 1877 826 1938 videntur,
850 1883 1066 1945 propter
1087 1883 1138 1929 te
1161 1883 1408 1943 tuamque
1432 1874 1658 1931 salutem
1673 1887 1726 1931 et
1749 1877 2004 1934 honorem

427 1965 568 2020 Dens
594 1965 877 2031 creaverit,
909 1979 1086 2019 nonne
1117 1979 1359 2034 magnam
1389 1965 1535 2034 capis
1563 1966 2003 2035 consolationem,

421 2070 475 2116 et
515 2060 800 2114 maximam
847 2057 1149 2113 dilectionis
1193 2057 1285 2112 Dei
1329 2057 1837 2124 demonstrationem
1868 2060 2006 2118 hanc

419 2153 665 2223 suscipis,
687 2167 808 2207 cum
833 2151 1166 2221 cogitaveris,
1192 2149 1332 2220 quod
1359 2160 1559 2206 tantum
1583 2161 1636 2207 et
1667 2154 1825 2208 talem
1851 2170 2005 2210 mun-

419 2243 546 2297 dum
577 2285 592 2307 ,
635 2252 742 2296 tam
793 2241 1069 2310 pulchrum
1125 2249 1176 2296 et
1233 2255 1482 2311 magnum
1535 2249 1590 2296 et
1636 2241 2002 2300 admirabilem

415 2343 639 2404 propter
663 2342 715 2387 te
746 2333 991 2402 pusillum
1019 2331 1071 2386 in
1097 2331 1326 2386 medium
1357 2333 1823 2402 protulerit?Cum
1846 2336 2005 2407 igitur

414 2425 673 2490 audieris,
706 2423 772 2478 In
803 2423 1051 2494 principio
1091 2425 1207 2493 fecit
1250 2423 1388 2478 Deus
1416 2425 1594 2478 curtum
1620 2433 1664 2479 et
1691 2434 1908 2491 terram,
1934 2441 2004 2483 ne

416 2515 731 2586 simpliciter
757 2514 956 2569 dictum
988 2523 1364 2583 praetercurras
1388 2554 1402 2579 ,
1424 2513 1518 2570 sed
1554 2522 1710 2570 term
1739 2516 2004 2586 magnitu-

414 2607 592 2661 dinem
626 2613 804 2659 mente
832 2618 1084 2675 percurre
1104 2644 1118 2669 ,
1146 2613 1200 2658 et
1225 2612 1410 2673 reputa
1441 2618 1598 2673 quam
1625 2603 1820 2659 lautam
1849 2606 2002 2662 nobis

415 2707 468 2750 et
493 2696 725 2766 opimam
751 2694 999 2764 produxit
1020 2708 1278 2757 mensam,
1306 2701 1360 2748 et
1386 2694 1604 2754 multam
1630 2695 1822 2764 passim
1846 2696 1998 2751 nobis

412 2787 821 2843 delectationem
853 2785 1076 2854 praebuit
1095 2802 1109 2840 :
1127 2794 1180 2839 et
1197 2784 1338 2856 quod
1358 2786 1571 2857 quidem
1591 2795 1673 2842 est
1687 2789 1997 2857 maximum,

415 2879 468 2933 in
497 2879 765 2933 nullorum
790 2877 1031 2934 laborum
1059 2878 1464 2934 retributionem
1489 2879 1655 2947 dedit,
1683 2897 1781 2937 nec
1807 2883 1860 2937 in
1887 2899 2002 2939 me-

413 2970 638 3023 ritorum
692 2968 967 3038 praemium
1021 2977 1223 3021 tantum
1273 2975 1329 3022 et
1381 2969 1540 3023 talem
1588 2971 1874 3038 mundum;
1906 2973 1998 3029 sed

411 3061 611 3131 pariter
633 3074 731 3114 nos
759 3060 933 3125 ﬁnxit,
956 3069 1009 3114 et
1037 3059 1139 3114 hoc
1163 3075 1329 3129 regno
1356 3075 1524 3130 genus
1553 3071 1793 3118 nostrum
1825 3064 1996 3120 hono-

408 3153 550 3209 ravit
579 3172 592 3206 :
625 3152 796 3224 inquit
828 3152 969 3208 enim
994 3194 1010 3220 ,
1043 3151 1318 3207 Faciamus
1358 3153 1610 3208 hominem
1637 3155 1704 3208 ad
1729 3156 1997 3226 imaginem

399 3264 456 3303 et
485 3249 892 3303 similitudinem
927 3260 1165 3302 nostram
1190 3247 1340 3320 (Gen.
1365 3248 1419 3304 1.
1453 3248 1567 3321 26).
1597 3250 1739 3316 Quid
1763 3257 1870 3318 est,
1911 3250 1995 3302 Ad

401 3342 692 3410 imaginem
709 3351 756 3392 et
774 3340 1178 3394 similitudinem
1203 3351 1442 3396 nostram
1458 3340 1838 3413 7Principatus
1862 3343 1999 3395 ima-

405 3427 584 3495 ginem
615 3425 765 3484 dixit.
794 3433 849 3477 nt
869 3423 1005 3477 sicut
1032 3423 1206 3477 nullus
1235 3423 1288 3477 in
1308 3423 1439 3478 caelo
1467 3433 1549 3480 est
1579 3425 1687 3480 Deo
1714 3430 1989 3496 superior,

404 3517 486 3570 sic
510 3530 672 3584 super
694 3525 889 3569 terram
908 3515 1080 3568 nullus
1101 3514 1168 3567 sit
1189 3513 1406 3568 homine
1428 3517 1689 3584 superior.
1711 3516 1828 3572 Uno
1849 3521 1992 3573 enim

405 3605 508 3660 hoc
533 3615 586 3660 et
612 3604 782 3674 primo
809 3603 1109 3669 honoravit,
1132 3603 1272 3673 quod
1295 3603 1360 3658 ad
1387 3604 1670 3675 imaginem
1694 3620 1842 3670 suam
1869 3624 1989 3663 eum

403 3695 632 3751 fecerit:
656 3694 892 3750 secundo
911 3736 924 3759 ,
957 3694 1100 3764 quod
1131 3710 1234 3748 non
1259 3695 1502 3750 laborum
1533 3696 1807 3764 praemium
1838 3700 1991 3754 nobis

403 3787 687 3857 imperium
717 3787 1019 3856 praebuerit,
1043 3785 1136 3841 sed
1157 3786 1326 3844 solam
1364 3785 1662 3842 exhibuerit
1697 3789 1989 3858 benignita-

401 3880 474 3935 tis
502 3897 614 3936 sua:
641 3880 864 3950 gratiam
895 3897 908 3933 :
941 3879 1100 3934 tertio
1141 3887 1320 3933 autem
1365 3878 1508 3948 quod
1557 3880 1794 3935 naturale
1836 3880 1989 3936 nobis

397 3971 534 4028 illud
571 3971 824 4042 elargitus
867 3971 955 4025 sit.
983 3969 1208 4039 Imperia
1243 3969 1388 4024 enim
1427 3977 1518 4022 aut
1546 3969 1804 4024 naturalia
1832 3980 1985 4034 sunt,

396 4073 494 4120 aut
511 4063 773 4120 electione
799 4063 968 4125 ﬁunt;
1000 4061 1256 4116 naturalia
1295 4069 1452 4125 sunt,
1488 4067 1546 4114 ut
1567 4060 1736 4114 leonis
1765 4060 1818 4114 in
1855 4077 1985 4130 qua-

396 4155 689 4224 drupedes,
710 4164 765 4208 et
791 4153 842 4206 in
873 4167 1000 4208 aves
1027 4151 1251 4222 aquilae;
1273 4150 1538 4206 electione
1558 4149 1712 4217 ﬁunt,
1733 4151 1868 4206 sicut
1894 4166 1990 4208 no.

393 4246 498 4301 atri
537 4243 900 4315 Imperatoris.
931 4243 1026 4298 llic
1051 4243 1193 4296 enim
1233 4255 1341 4296 non
1367 4250 1553 4296 natura
1580 4241 1854 4297 conservis
1885 4242 1986 4296 itit-

395 4344 572 4407 perat,
595 4335 719 4390 ideo
743 4349 887 4404 stepe
915 4333 1195 4404 imperium
1225 4331 1440 4386 amittit.
1473 4331 1620 4386 Talia
1649 4332 1794 4387 enim
1823 4342 1947 4386 sunt
1969 4373 1985 4397 ,

392 4442 519 4496 quae
542 4441 650 4480 non
675 4433 880 4480 natura:
905 4423 1206 4487 inhaerent,
1237 4430 1293 4476 ut
1317 4421 1470 4478 facile
1500 4421 1782 4477 admittant
1810 4433 1987 4477 muta-

395 4519 623 4572 tionem.
667 4516 738 4570 At
780 4529 889 4570 non
935 4514 1006 4569 ita
1057 4514 1142 4567 leo
1166 4511 1298 4579 ,sed
1338 4519 1526 4566 natura
1559 4511 1988 4582 quadrupedibus

392 4607 707 4662 dominatur
728 4646 743 4670 ,
773 4605 912 4659 sicut
948 4603 1132 4659 itidem
1183 4612 1236 4658 et
1277 4601 1493 4658 alitibus
1533 4602 1732 4672 aquila.
1763 4601 1988 4672 Semper

395 4698 561 4768 igitur
604 4711 728 4751 eum
774 4709 975 4766 genere
999 4693 1285 4764 conjuncta
1328 4699 1412 4747 est
1439 4693 1588 4762 regni
1617 4693 1826 4763 species
1848 4733 1863 4759 ,
1890 4709 1989 4750 nec

395 4788 565 4841 ullum
593 4787 716 4857 quis
743 4785 890 4842 videt
926 4787 1137 4841 leonem
1178 4797 1428 4854 umquam
1472 4783 1616 4837 hunc
1653 4783 1984 4839 amittentem

394 4877 775 4948 principatum.
802 4875 934 4931 Tale
981 4877 1135 4931 nobis
1176 4875 1458 4945 imperium
1491 4873 1631 4929 Deus
1655 4887 1686 4927 a
1726 4873 1987 4944 principio

396 4971 622 5040 largitus
647 4978 751 5032 est,
781 4978 835 5023 et
860 4982 958 5023 nos
981 4966 1230 5022 omnibus
1260 4965 1550 5036 praeposuit
1576 4981 1590 5019 :
1620 4978 1721 5020 nec
1746 4965 1849 5020 hoc
1871 4965 1988 5020 solo

397 5074 646 5118 naturam
675 5070 914 5117 nostram
941 5059 1234 5125 decoravit,
1264 5057 1358 5113 sed
1384 5066 1437 5113 et
1458 5057 1571 5127 ipsa
1599 5056 1704 5112 loci
1731 5065 1989 5128 praestan-

391 5154 503 5220 tia,
532 5153 805 5224 egregium
845 5151 1002 5206 nobis
1045 5149 1402 5205 habitaculum
1445 5147 1735 5217 designans
1771 5148 1984 5218 paradi-

394 5259 538 5312 sum,
565 5252 622 5300 et
649 5242 910 5299 rationem
931 5241 1085 5308 dans,
1111 5250 1167 5296 et
1190 5240 1422 5296 animam
1451 5238 1683 5309 largiens
1707 5237 1986 5294 immorta-

466 5423 614 5478 Detu
643 5438 746 5478 non
777 5431 969 5477 tantum
1005 5438 1119 5477 cum
1146 5421 1392 5493 benefacit
1415 5462 1431 5487 ,
1462 5421 1550 5476 sed
1573 5420 1726 5475 etiam
1757 5435 1871 5474 cum
1899 5436 1986 5474 ca-

397 5515 571 5587 stigat,
597 5514 758 5569 bonus
798 5524 891 5570 est.
916 5513 1115 5570 -Sed
1162 5528 1269 5568 non
1313 5513 1430 5568 haec
1472 5511 1645 5567 dicam
1671 5528 1686 5567 :
1712 5525 1813 5582 ego
1840 5511 1984 5568 enim

398 5616 601 5663 tantam
641 5605 741 5664 Dei
776 5605 1075 5663 dilectionis
1103 5604 1640 5676 superabundantiam
1678 5617 1798 5659 esse
1825 5603 1944 5659 dico
1966 5645 1981 5672 ,

397 5711 456 5756 ut
479 5713 588 5756 non
620 5708 826 5755 tantum
869 5715 935 5755 ex
975 5699 1040 5756 iis
1083 5699 1276 5770 quibus
1323 5712 1423 5754 nos
1464 5695 1782 5764 honoravit,
1810 5696 1903 5752 sed
1931 5704 1987 5751 et

394 5793 595 5864 quibus
645 5791 960 5862 castigavit,
1007 5791 1253 5848 similiter
1304 5789 1570 5864 possimus
1619 5789 1984 5848 demonstrare

2132 495 2299 565 ipsius
2343 495 2632 553 bonitatem
2681 506 2735 554 et
2778 499 3172 572 benignitatem.
3208 503 3276 560 Et
3327 505 3429 563 hoc
3478 508 3710 564 maxime

2128 589 2366 643 omnium
2416 603 2507 645 vos
2550 605 2672 646 cum
2715 591 2991 664 diligentia
3031 596 3368 655 considerare
3418 601 3705 667 cohortor.

2129 677 2292 733 Deum
2340 695 2447 735 non
2495 690 2696 737 tantum
2749 698 2870 739 cum
2912 684 3136 742 honorat
3180 696 3234 744 et
3274 687 3570 758 benefaeit,
3613 695 3707 747 sed

2124 777 2178 822 et
2205 783 2325 823 cum
2353 771 2573 840 castigat
2597 781 2650 827 et
2675 774 2845 843 punit,
2868 775 3114 831 similiter
3132 792 3254 834 esse
3272 779 3465 837 bonum
3487 800 3499 836 :
3523 790 3575 837 et
3593 781 3705 838 sive

2123 868 2308 914 contra
2334 862 2577 932 gentiles,
2596 864 2712 920 sive
2733 876 2917 921 contra
2940 867 3220 925 haereticos
3249 871 3401 927 nobis
3416 876 3704 930 certamina

2124 959 2453 1015 moveantur,
2486 961 2538 1007 et
2567 968 2752 1024 pugna:
2781 955 2847 1010 de
2876 957 2970 1012 Dei
2998 957 3339 1030 benignitate,
3367 977 3470 1016 non
3499 971 3703 1019 tantum

2123 1055 2187 1095 ex
2207 1041 2398 1110 quibus
2421 1058 2518 1098 nos
2545 1044 2845 1114 honoravit,
2868 1048 2962 1103 sed
2983 1059 3036 1104 et
3059 1065 3124 1106 ex
3144 1053 3333 1121 quibus
3355 1068 3451 1110 nos
3477 1055 3700 1124 punivit,

2121 1131 2287 1201 ipsius
2316 1135 2604 1190 bonitatem
2633 1136 3136 1197 demonstrabimus.
3169 1144 3224 1200 Si
3254 1147 3396 1201 enim
3429 1148 3700 1209 honoraris

2123 1234 2323 1279 tantum
2353 1225 2526 1282 bonus
2553 1237 2714 1295 esset,
2740 1231 2964 1299 puniens
2991 1249 3118 1290 vero
3143 1252 3250 1292 non
3275 1249 3435 1307 esset,
3463 1256 3532 1298 ex
3555 1242 3705 1300 dimi-

2119 1317 2207 1372 dio
2233 1319 2404 1375 bonus
2427 1331 2600 1388 esset;
2627 1323 2721 1379 sed
2748 1340 2854 1379 non
2885 1326 2953 1380 ita
2983 1337 3101 1396 est,
3128 1329 3283 1386 absit.
3317 1331 3373 1388 In
3403 1332 3703 1396 hominibus

2117 1411 2330 1480 quidem
2363 1413 2462 1468 hoc
2489 1415 2703 1470 evenire
2736 1418 3020 1474 verisimile
3058 1431 3138 1476 est
3159 1464 3174 1490 ,
3198 1426 3447 1493 quoniam
3468 1443 3588 1485 cum
3615 1430 3700 1487 fu-

2118 1516 2239 1557 rore
2280 1513 2335 1558 et
2373 1519 2437 1558 ex
2475 1506 2666 1561 affectu
2693 1521 2875 1576 poenas
2905 1509 3170 1580 inferunt;
3205 1515 3344 1573 Deus
3372 1530 3547 1575 autem
3577 1536 3699 1578 eum

2117 1593 2276 1648 nullis
2298 1595 2368 1649 sit
2392 1595 2665 1653 alfectibus
2685 1599 2963 1666 obnoxius,
2993 1603 3105 1659 sive
3133 1605 3444 1676 benefaciat,
3467 1612 3578 1668 sive
3598 1628 3700 1683 pu-

2118 1684 2228 1738 niat
2249 1725 2264 1748 ,
2295 1685 2539 1742 similiter
2562 1698 2644 1744 est
2674 1689 2845 1745 bonus
2870 1709 2882 1745 :
2912 1707 3010 1748 nec
3037 1709 3200 1764 regno
3226 1697 3401 1754 minus
3442 1701 3700 1771 gehenna:

2114 1777 2458 1832 comminatio
2489 1777 2653 1849 ipsius
2680 1780 2968 1838 bonitatem
2991 1783 3324 1851 demonstrat
3350 1807 3364 1842 :
3393 1796 3450 1845 et
3471 1807 3577 1861 quo
3601 1809 3698 1863 pa-

2114 1876 2202 1921 cto
2229 1867 2278 1921 id
2305 1867 2414 1934 ﬁat,
2442 1884 2542 1940 ego
2566 1871 2760 1926 dicam.
2787 1872 2896 1928 Nisi
2923 1874 3218 1944 gehennam
3240 1879 3468 1937 minatus
3490 1883 3694 1950 fuisset,

2115 1957 2214 2013 nisi
2259 1975 2468 2028 poenam
2502 1974 2885 2032 prreparasset,
2916 1981 3019 2020 non
3057 1968 3208 2024 mttlti
3238 1985 3458 2041 regnum
3487 1989 3697 2045 assequi

2115 2050 2431 2118 powissent.
2459 2051 2573 2107 Non
2601 2055 2744 2109 enim
2771 2056 2838 2109 ita
2867 2056 3128 2115 bonorum
3174 2065 3457 2130 promissio
3495 2068 3561 2123 ad
3592 2071 3698 2125 vir-

2115 2149 2276 2195 tutem
2322 2144 2518 2200 multos
2557 2156 2775 2212 evocat,
2808 2158 2866 2202 ut
2908 2151 3176 2207 malorum
3201 2153 3480 2213 intentatio
3506 2160 3698 2218 timore

2111 2232 2416 2300 compellit,
2446 2242 2500 2288 et
2548 2234 2614 2289 ad
2655 2236 2847 2291 animae
2894 2253 3076 2294 curant
3125 2243 3336 2298 excitat.
3368 2244 3548 2316 Itaque
3593 2251 3694 2305 etsi

2110 2321 2361 2376 mulorum
2391 2339 2554 2393 regno
2569 2325 2807 2395 gehenna
2827 2331 3090 2385 contraria
3116 2341 3216 2399 est,
3237 2333 3304 2388 ad
3327 2351 3487 2391 unum
3516 2346 3693 2396 tamen

2109 2415 2267 2469 aniho
2300 2416 2456 2470 ﬁnem
2486 2419 2796 2486 resliiciunt,
2827 2420 3100 2478 hominum
3129 2425 3356 2483 salutem
3386 2430 3548 2485 :illud
3575 2434 3691 2503 qui-

2109 2505 2229 2560 dem
2255 2506 2320 2560 ad
2349 2523 2410 2563 se
2438 2508 2696 2576 alliciens,
2731 2510 2844 2566 haec
2871 2521 3052 2567 autem
3082 2513 3147 2570 ad
3176 2515 3306 2572 illud
3326 2518 3705 2593 compellens,’

2109 2609 2163 2653 et
2187 2600 2595 2670 negligentiores
2626 2602 2816 2659 timore
2843 2608 3136 2677 corrigens.

2179 2691 2232 2744 5.
2267 2690 2415 2744 llunc
2441 2702 2616 2746 autem
2645 2709 2750 2748 non
2779 2694 3044 2750 incassum
3081 2713 3382 2755 sermonem
3415 2706 3687 2774 protraho;

2107 2780 2201 2835 sed
2229 2784 2476 2852 quoniam
2503 2796 2646 2860 saepe
2665 2783 2804 2840 fame
2833 2794 2885 2841 et
2912 2787 3237 2846 siccitatibus
3259 2793 3612 2863 venientibus,
3635 2808 3690 2854 et

2106 2873 2256 2928 bellis
2277 2916 2290 2940 ,
2323 2883 2376 2928 et
2402 2875 2478 2929 ira
2505 2876 2647 2946 regia
2678 2877 2912 2934 irruente
2935 2921 2951 2946 ,
2974 2889 3027 2934 et
3053 2881 3171 2938 aliis
3211 2883 3504 2942 istiusmodi
3535 2889 3689 2946 inex-

2104 2965 2356 3033 spectatis
2381 2965 2560 3035 rebus,
2586 2967 2736 3023 multi
2765 2969 3119 3039 simpliciores
3148 2972 3420 3044 decipiunt
3437 2977 3683 3045 dicendo,

2104 3070 2209 3110 non
2237 3055 2394 3125 digna
2427 3055 2542 3112 haec
2583 3073 2702 3114 esse
2742 3059 2835 3114 Dei
2883 3061 3230 3130 providentia.
3257 3064 3336 3120 Ne
3359 3066 3520 3136 igitur
3544 3069 3687 3126 deci-

2104 3145 2340 3214 piantur,
2370 3147 2464 3203 sed
2505 3157 2653 3204 certo
2694 3150 2962 3219 sciamus,
2991 3153 3136 3223 quod
3171 3155 3289 3212 sive
3329 3157 3546 3227 famem,
3572 3162 3687 3218 sive

2103 3234 2321 3305 bellum,
2343 3239 2457 3294 sive
2485 3239 2628 3295 aliud
2653 3241 3024 3314 quodcumque
3050 3246 3331 3302 molestum
3354 3249 3590 3319 inducat,
3617 3268 3685 3309 ex

2102 3324 2427 3397 benignitate
2451 3338 2506 3384 et
2534 3330 2696 3384 multa
2726 3331 3011 3390 dilectione
3034 3334 3139 3391 hoc
3166 3337 3390 3406 efﬁciat,
3414 3338 3539 3395 huic
3563 3356 3682 3398 ser-

2101 3418 2245 3471 moni
2273 3427 2488 3474 coactus
2515 3435 2632 3475 sum
2663 3422 2956 3478 immorari.
2984 3425 3118 3482 Nam
3158 3437 3213 3482 et
3238 3438 3414 3497 patres
3443 3433 3682 3490 omnium

2100 3508 2330 3564 maxime
2357 3510 2492 3565 ﬁlios
2517 3521 2760 3570 amantes
2785 3525 2838 3570 et
2859 3531 3042 3572 mensa
3073 3518 3377 3589 prohibent,
3399 3532 3453 3579 et
3472 3523 3680 3594 ﬂagella

2098 3595 2358 3666 inﬂigunt,
2382 3609 2433 3654 et
2453 3600 2687 3656 afﬁciunt
2705 3602 3010 3672 ignominia,
3030 3614 3086 3660 et
3109 3607 3227 3664 aliis
3248 3609 3469 3667 inﬁnitis
3491 3615 3682 3672 talibus

2097 3685 2430 3742 lascivientes
2457 3703 2654 3756 pueros
2678 3693 2950 3762 corrigunt
2974 3712 2987 3747 :
3011 3695 3107 3750 sed
3128 3704 3302 3764 tamen
3331 3709 3507 3768 patres
3531 3715 3677 3771 sunt,

2097 3792 2202 3830 non
2234 3785 2433 3845 tantum
2461 3779 2588 3836 dum
2617 3779 2918 3848 honorant,
2949 3783 3042 3839 sed
3069 3793 3124 3841 et
3141 3785 3267 3841 dum
3299 3787 3412 3844 haec
3441 3790 3640 3846 faciunt
3661 3834 3678 3859 ,

2095 3877 2149 3924 et
2197 3878 2321 3924 tunc
2358 3871 2589 3926 maxime
2619 3881 2829 3942 patres,
2861 3888 2981 3928 cum
3009 3874 3124 3931 haec
3148 3877 3363 3933 faciunt.
3396 3880 3452 3935 Si
3501 3892 3678 3938 autem

2097 3961 2358 4029 homines,
2375 3963 2464 4033 qui
2481 3964 2659 4019 furore
2687 3975 2737 4020 et
2769 3966 2844 4019 ira
2865 3981 3008 4038 saepe
3031 3967 3100 4022 ab
3126 3969 3237 4024 utili
3257 3971 3541 4039 declinant,
3570 3989 3680 4032 non

2095 4053 2406 4112 crudelitate
2433 4062 2486 4109 et
2513 4054 2917 4124 inhumanitate,
2939 4058 3031 4113 sed
3041 4066 3237 4114 curaet
3251 4058 3680 4134 charitate,quos

2089 4151 2311 4207 ainant,
2343 4141 2531 4212 punire
2575 4154 2826 4214 putantur
2857 4164 2872 4200 :
2905 4149 3071 4204 multo
3119 4151 3288 4220 magis
3337 4152 3405 4207 de
3453 4153 3566 4212 Deo
3600 4157 3680 4213 sic

2093 4234 2294 4290 sentire
2321 4244 2553 4305 oportet,
2575 4239 2664 4307 qui
2688 4237 2942 4294 bonitatis
2969 4255 3081 4296 sum
3103 4242 3317 4298 cumulo
3335 4256 3549 4302 omnem
3576 4263 3684 4304 ex-

2093 4325 2236 4380 cedit
2265 4336 2536 4396 paternam
2549 4331 2885 4388 charitatem.
2902 4331 2969 4391 Et
2986 4347 3054 4387 ne
3079 4333 3270 4390 credas
3293 4335 3406 4392 haec
3427 4353 3522 4409 per
3549 4355 3681 4398 con-

2087 4417 2348 4486 jecturam
2373 4433 2493 4476 esse
2517 4420 2674 4486 dicta,
2705 4434 2803 4490 age
2826 4421 2892 4475 ad
2919 4423 3086 4492 ipsam
3113 4424 3441 4496 Scripturam
3465 4446 3678 4488 sermo-

2094 4525 2162 4565 ne
2182 4520 2528 4568 revertamur.
2547 4512 2832 4582 Postquam
2857 4514 2998 4569 enim
3029 4515 3190 4572 homo
3205 4518 3274 4575 ab
3297 4521 3542 4590 improbo
3568 4523 3681 4580 da:-

2093 4616 2251 4658 mone
2290 4601 2545 4674 deceptus
2584 4613 2640 4659 et
2681 4605 2900 4660 allectus
2943 4615 3055 4670 est,
3089 4608 3363 4664 videamus
3407 4617 3677 4681 quomodo

2093 4694 2265 4763 ipsum
2294 4693 2396 4749 tale
2421 4703 2696 4766 operatum
2724 4695 2924 4750 crimen
2951 4695 3092 4751 Deus
3120 4700 3380 4753 tractavit.
3409 4699 3670 4771 Numquil

2093 4785 2266 4855 ipsum
2301 4787 2519 4841 omnino
2547 4785 2808 4856 perdidit?
2830 4796 2882 4841 et
2906 4787 3119 4858 quidem
3157 4789 3375 4858 justitize
3412 4792 3548 4847 ratio
3573 4792 3677 4846 hoc

2093 4878 2372 4950 exigebat,
2394 4880 2524 4934 nihil
2565 4879 2780 4950 quidem
2815 4879 2940 4935 boni
2975 4891 3249 4952 operatum
3276 4921 3291 4946 ,
3321 4891 3520 4938 tantam
3547 4898 3678 4942 vero

2093 4971 2517 5028 benevolentiam
2558 4982 2904 5043 assequutum
2924 5016 2940 5040 ,
2965 4989 3089 5028 mox
3126 4989 3156 5027 a
3190 4975 3498 5046 primordiis
3519 4980 3678 5033 lasci-

2093 5062 2325 5119 vientem
2355 5062 2424 5118 de
2465 5063 2639 5118 medio
2665 5064 2810 5131 tolli,
2837 5072 2892 5119 et
2918 5061 3156 5119 funditus
3180 5064 3366 5120 deleri.
3413 5066 3522 5123 Sed
3569 5081 3675 5124 non

2094 5155 2218 5211 fecit
2246 5155 2348 5212 hoc
2375 5156 2534 5222 Deus,
2564 5171 2663 5212 nec
2691 5156 3024 5212 abominatus
3051 5165 3154 5223 est,
3183 5170 3283 5211 nec
3305 5171 3427 5213 eum
3455 5173 3678 5216 aversa~

2094 5256 2180 5301 tus
2203 5287 2218 5314 ,
2248 5248 2338 5317 qui
2369 5261 2438 5303 se»
2459 5257 2565 5303 tam
2592 5247 2855 5318 ingratum
2876 5247 2938 5302 in
2961 5247 3370 5326 ghenefaetorem
3391 5251 3633 5308 exhibui:
3662 5293 3678 5316 .

2093 5340 2186 5396 sed
2228 5341 2295 5396 ad
2335 5341 2506 5410 ipsum
2533 5339 2713 5408 venit,
2739 5341 2877 5396 sicut
2918 5341 2984 5395 ad
3030 5351 3290 5412 aegrotum
3322 5344 3581 5403 medicus.
3609 5344 3676 5402 Bt

2094 5433 2203 5488 noli
2230 5433 2516 5489 oscitanter
2539 5432 2739 5490 dictum
2768 5442 3201 5508 prmtercurrere,
3219 5437 3562 5505 charissime,
3582 5437 3677 5494 sed

2093 5527 2263 5596 cogita
2289 5525 2445 5596 quale
2473 5533 2578 5592 est,
2606 5539 2706 5580 nec
2727 5524 2998 5596 angelum,
3028 5542 3130 5584 nec
3157 5528 3553 5600 archangelum,
3577 5545 3676 5586 nec

2094 5619 2256 5673 ullum
2281 5617 2443 5672 alium
2465 5616 2607 5673 illius
2626 5632 3008 5673 conservorqu
3021 5618 3257 5684 misisse,
3278 5619 3373 5675 sed
3392 5632 3670 5690 ipsummet

2094 5711 2374 5767 Dominum
2415 5710 2482 5766 ad
2508 5710 2803 5783 collapsum
2831 5710 3204 5777 descendisse,
3223 5711 3490 5782 iacentem
3536 5710 3670 5766 relc-

2100 5823 2270 5878 vasse,
2301 5817 2353 5865 ct
2381 5809 2555 5866 soluat
2584 5807 2649 5864 ad
2671 5807 2843 5866 solum
2866 5816 3131 5881 tamquam
3160 5803 3225 5859 ad
3255 5803 3483 5859 amicum
3510 5802 3686 5859 iniere.
