4070 6208
383 423 451 483 95
1116 414 1173 473 8.
1213 411 1483 471 JOANNIS
1519 392 1978 466 CllRYSOSTOMl
2015 392 2329 454 ARCllIEP.
2369 386 2896 452 CONSTANTINOP.
3546 392 3605 446 90

386 546 623 594 tuuatum
664 540 719 591 et
750 532 805 588 in
829 543 1018 602 magna
1053 526 1396 584 constitutum
1425 519 1743 577 adversitate
1768 527 1949 602 acces-

386 623 540 679 sisse.
562 617 712 686 Quod
739 616 882 673 enim
909 598 973 669 ex
996 612 1157 669 multa
1179 598 1954 667 hoeeharltatefecerit,etipsa

386 712 568 774 verba,
590 725 708 780 qua:
729 706 794 761 ad
818 706 987 775 ipsum
1008 700 1160 767 dixit,
1188 698 1351 770 ipsius
1377 692 1694 751 ineﬂ‘abllem
1718 699 1953 780 amorem

387 775 769 857 demonstrant.
792 795 860 849 Et
879 792 1004 863 quid
1020 805 1153 860 opus
1175 798 1276 854 est,
1308 796 1364 841 ut
1383 784 1561 840 omnia
1582 780 1739 836 verba
1760 775 1957 833 dicam?

388 893 557 962 prima
611 886 848 959 profecto
873 883 1035 939 dietio
1062 880 1238 935 statim
1281 877 1442 947 ipsius
1475 886 1710 928 amorem
1734 868 1957 923 demon-

387 961 595 1037 stravit.
624 978 737 1033 Non
768 977 909 1031 enim
940 972 1110 1037 dixit,
1141 970 1276 1023 sicut
1302 980 1395 1035 par
1418 972 1536 1019 erat
1560 961 1804 1030 injuriam
1835 970 1957 1025 pas-

387 1087 505 1125 sum
532 1070 709 1124 dicere
734 1065 814 1120 :0
839 1065 1097 1119 scelerate
1117 1068 1170 1114 et
1190 1054 1587 1117 scelestissime,
1613 1051 1701 1104 tali
1726 1064 1841 1103 mea
1870 1046 1961 1100 be-

388 1158 688 1216 nevolentia
738 1155 933 1225 potitus
960 1193 973 1215 ,
996 1160 1143 1204 tanto
1173 1148 1451 1201 decoratus
1493 1156 1656 1211 regno
1675 1180 1690 1205 ,
1718 1137 1963 1192 omnibus

388 1250 728 1307 terrestribus
745 1246 890 1300 nullo
916 1253 1004 1296 tuo
1020 1241 1207 1295 merito
1230 1234 1570 1307 prmhabitus,
1592 1240 1645 1286 et
1669 1245 1799 1283 mea:
1822 1241 1965 1283 curae

392 1343 609 1412 pignora
639 1353 731 1407 per
756 1349 917 1404 opera
941 1341 995 1387 et
1021 1345 1199 1384 veram
1229 1324 1571 1397 providentiae
1601 1319 1964 1390 probationem

389 1437 706 1500 assequutus
726 1468 742 1493 ,
765 1422 1063 1493 improbum
1102 1419 1399 1473 dmmonem
1427 1424 1482 1469 et
1511 1412 1819 1483 pestiferum
1861 1418 1965 1463 tuae

395 1519 582 1574 salutis
606 1516 876 1570 inimicum
903 1554 918 1577 ,
948 1510 1172 1565 Domino
1214 1516 1270 1562 et
1314 1515 1487 1560 tutore
1509 1544 1525 1571 ,
1555 1503 1638 1559 cui
1676 1500 1926 1558 crederes
1949 1540 1964 1564 ,

393 1610 688 1681 digniorem
729 1601 957 1660 duxisti?
983 1600 1109 1670 quid
1138 1599 1229 1654 ille
1256 1597 1358 1651 tale
1388 1605 1474 1650 tua
1499 1608 1658 1649 causa
1686 1591 1967 1662 praestitit,

393 1702 549 1769 quale
574 1697 722 1768 ego?
751 1709 927 1750 nonne
953 1693 1140 1747 caelum
1176 1698 1393 1761 propter
1416 1696 1468 1742 te
1493 1685 1702 1740 creavi?
1729 1694 1922 1738 terram
1951 1723 1966 1747 ,

392 1805 563 1855 mare,
594 1789 782 1852 solem,
809 1786 1010 1847 lunam,
1039 1791 1093 1837 et
1121 1780 1300 1835 stellas
1326 1776 1550 1833 omnes?
1576 1790 1680 1829 non
1711 1774 1852 1828 enim
1879 1772 1971 1825 ulli

395 1881 569 1951 angeli
607 1878 763 1947 hujus
789 1883 1046 1930 creatura:
1090 1869 1425 1940 indigebant,
1458 1866 1553 1923 sed
1583 1872 1798 1935 propter
1825 1872 1880 1917 te
1918 1869 1973 1915 et

398 1972 635 2040 requiem
668 1980 809 2023 tuam
834 2009 849 2034 ,
879 1966 1035 2020 talem
1062 1973 1118 2019 et
1156 1972 1355 2016 tantum
1385 1959 1486 2014 feci
1515 1957 1766 2012 mundum
1792 1974 1805 2009 :
1834 1963 1889 2010 et
1917 1963 1973 2008 tu

400 2064 541 2120 nuda
570 2061 761 2126 verba,
791 2068 844 2114 et
864 2056 1272 2128 promissionem
1302 2052 1489 2106 falsam
1514 2091 1528 2115 ,
1558 2058 1613 2104 et
1638 2046 1974 2118 pollicitatio-

400 2172 523 2211 nem
555 2152 739 2209 fraude
768 2152 1000 2221 plenam,
1023 2147 1215 2204 collata
1243 2143 1494 2213 operibus
1521 2141 1649 2212 ipsis
1676 2139 1978 2194 beneﬁcen-

400 2251 471 2303 tia
497 2256 549 2303 et
569 2244 920 2317 providentia,
949 2241 1050 2296 ﬁde
1074 2238 1366 2308 digniorem
1393 2250 1513 2291 esse
1540 2242 1706 2300 ratus,
1730 2243 1782 2287 te
1803 2230 1973 2300 ipsum

402 2340 474 2396 illi
502 2336 788 2403 tradidisti,
817 2347 1067 2403 measque
1086 2331 1230 2400 leges
1252 2326 1606 2385 conculcasti?
1649 2330 1655 2335 '

472 2430 567 2483 Dei
605 2445 721 2497 erga
747 2426 963 2496 primum
999 2423 1248 2477 hominem
1276 2417 1557 2473 clementia.
1586 2446 1658 2456 —
1684 2414 1810 2469 Haec
1835 2413 1976 2468 enim

402 2532 456 2576 et
478 2521 560 2575 his
583 2519 730 2589 plura
760 2517 948 2571 lmsum
974 2529 1068 2583 par
1088 2519 1202 2567 erat
1220 2509 1397 2565 dicere
1420 2525 1434 2561 :
1458 2507 1553 2562 sed
1580 2520 1685 2560 non
1717 2506 1788 2558 ita
1817 2504 1976 2569 Deus,

403 2625 591 2665 verum
614 2607 832 2664 omnino
852 2613 1058 2659 contra.
1089 2603 1128 2655 A
1158 2600 1326 2670 prima
1347 2598 1487 2654 enim
1511 2612 1642 2651 voce
1665 2595 1835 2664 ipsum
1866 2602 1980 2647 sta-

409 2700 505 2754 tim
531 2698 740 2761 erexit,
764 2708 827 2748 ae
861 2693 1154 2762 jacentem,
1186 2697 1343 2758 atque
1374 2689 1643 2741 timentem
1671 2694 1724 2739 et
1752 2693 1981 2738 tremen—

407 2802 513 2847 tem
541 2787 811 2845 conlidere
840 2784 985 2851 fecit,
1017 2782 1163 2852 prior
1189 2795 1312 2835 cum
1340 2791 1537 2833 vocans
1563 2777 1674 2845 ipse
1701 2794 1713 2829 :
1744 2774 1981 2845 quinimo

409 2896 516 2936 non
557 2887 761 2933 tantum
804 2875 949 2944 prior
972 2886 1166 2926 vocans
1191 2909 1207 2938 ,
1234 2868 1325 2923 sed
1361 2869 1521 2923 etiam
1570 2881 1634 2920 ex
1682 2879 1779 2919 suo
1808 2864 1979 2933 ipsum

408 2971 624 3027 nomine
643 2966 936 3037 appellans,
960 2972 1014 3018 et
1032 2962 1215 3017 dicens
1242 2977 1255 3013 :
1280 2960 1439 3013 Adam
1461 2958 1543 3012 ubi
1567 2973 1618 3011 es
1640 2954 1790 3027 (Gen.
1820 2954 1872 3009 '5.
1897 2952 1983 3023 9)?

409 3075 644 3117 amorem
664 3054 840 3124 suum,
862 3065 915 3111 et
935 3055 1151 3110 multam
1174 3052 1314 3107 circa
1336 3051 1506 3120 ipsum
1527 3062 1708 3104 curam
1730 3045 1981 3101 ostendit.

417 3151 528 3208 lam
556 3150 697 3204 enim
726 3161 912 3202 omnes
953 3145 1122 3199 nostis
1170 3141 1272 3197 hoc
1314 3155 1433 3196 esse
1462 3139 1709 3209 legitima:
1736 3136 1983 3191 amicitiae

411 3242 685 3299 Indicium.
714 3240 805 3295 Sic
829 3236 1007 3292 facere
1035 3240 1423 3290 consueverunt
1449 3232 1538 3302 qui
1567 3239 1802 3286 mortuos
1832 3242 1986 3282 revo-

411 3342 575 3399 cant,
619 3331 922 3400 frequenter
960 3328 1196 3397 ipsorum
1238 3323 1452 3379 nomina
1498 3330 1773 3376 versantes
1804 3337 1817 3373 :
1851 3317 1987 3372 sicut

411 3424 646 3481 vicissim
688 3421 779 3492 qui
814 3420 937 3476 odio
964 3419 1197 3480 habent,
1224 3426 1278 3471 et
1312 3415 1526 3471 inimice
1563 3428 1685 3483 erga
1712 3410 1986 3481 quospiam

412 3515 587 3572 affecti
616 3521 772 3578 sunt,
798 3524 897 3567 nec
922 3509 1135 3564 nomina
1160 3522 1342 3563 eorum
1366 3505 1456 3576 qui
1484 3518 1547 3559 se
1571 3504 1779 3569 laesere,
1810 3500 1989 3556 ferunt

421 3617 862 3664 commemorare.
902 3601 1028 3656 ideo
1067 3598 1194 3655 Sani
1238 3598 1434 3652 nullam
1481 3594 1693 3666 quidem
1741 3592 1986 3662 injuriam

418 3712 603 3770 passus
625 3736 643 3764 ,
665 3694 860 3751 multas
877 3706 1006 3747 vero
1031 3698 1087 3744 et
1114 3703 1332 3760 magnas
1358 3687 1579 3757 injurias
1604 3686 1657 3740 in
1685 3684 1848 3739 David
1875 3698 1989 3738 ma-

415 3790 681 3850 chinatus,
709 3792 986 3854 postquam
1016 3781 1189 3850 ipsum
1219 3776 1563 3834 aversabatur
1586 3784 1640 3830 et
1659 3774 1864 3840 oderat,
1887 3787 1989 3828 nec

416 3877 559 3933 illius
595 3873 1005 3945 appellationem
1048 3882 1468 3924 commemorare
1523 3864 1814 3921 sustinebat
1839 3904 1854 3928 ,
1894 3861 1990 3917 sed

415 3963 823 4022 considentibus
850 3959 1099 4015 omnibus
1127 3967 1407 4027 postquam
1437 3972 1543 4011 non
1574 3956 1787 4009 venisse
1815 3952 1943 4007 vidit
1970 3994 1987 4019 ,

418 4055 545 4126 quid
584 4053 785 4123 inquit?
812 4050 929 4106 Non
971 4049 1139 4112 dixit,
1164 4047 1256 4102 ubi
1289 4055 1374 4103 est
1409 4046 1613 4100 David?
1633 4044 1726 4100 sed
1746 4084 1762 4110 ,
1797 4042 1895 4098 Ubi
1919 4052 1992 4097 est

422 4147 560 4214 ﬁlius
588 4142 734 4199 Iesse
754 4146 827 4214 (l.
857 4143 979 4215 Reg.
997 4139 1437 4211 20,27)?apatre
1469 4137 1646 4208 ipsum
1679 4147 1896 4189 vocans.
1924 4132 1995 4187 Et

420 4238 612 4293 iterum
636 4234 803 4291 Judaei
829 4234 895 4289 de
920 4233 1133 4289 Christo
1157 4232 1294 4286 idem
1316 4228 1548 4284 faciunt:
1577 4226 1822 4297 quoniam
1851 4224 1993 4281 enim

423 4327 597 4396 ipsum
618 4324 1001 4379 aversabantur
1019 4332 1072 4378 et
1096 4325 1337 4385 oderant,
1366 4335 1472 4375 non
1498 4318 1768 4383 dixerunt,
1792 4315 1891 4372 Ubi
1913 4323 1996 4370 est

425 4414 692 4478 Christus,
721 4414 837 4477 sed,
873 4412 971 4469 Ubi
994 4422 1066 4467 est
1093 4412 1179 4467 ille
1206 4410 1380 4483 (Joan.
1411 4410 1462 4464 7.
1493 4408 1623 4480 H)?

496 4507 551 4563 4.
582 4505 686 4561 Sed
717 4504 857 4559 Deus
885 4514 938 4558 et
985 4504 1038 4557 in
1078 4502 1177 4557 hoc
1204 4502 1568 4555 demonstrare
1606 4499 1789 4554 volens
1808 4539 1823 4565 ,
1856 4496 1997 4567 quod

427 4611 528 4653 nec
555 4602 827 4667 peccatum
855 4608 1092 4647 amorem
1129 4592 1478 4655 exstinxerit,
1512 4604 1608 4645 nec
1646 4588 1997 4643 inobedientia

425 4703 576 4744 suam
608 4686 659 4742 in
688 4686 859 4756 ipsum
889 4682 1311 4738 benevolentiam
1353 4681 1658 4745 sustulerit,
1690 4679 1783 4733 sed
1826 4678 2001 4733 adhuc

427 4775 701 4848 provideat
725 4782 779 4829 et
803 4788 981 4826 curam
1004 4781 1153 4841 gerat
1178 4770 1329 4840 lapsi,
1359 4771 1526 4839 inquit
1554 4788 1566 4824 :
1600 4770 1763 4822 Adam
1792 4768 1875 4821 ubi
1902 4768 2001 4821 es?

428 4881 536 4922 non
564 4866 813 4936 ignorans
838 4861 927 4916 ubi
950 4861 1187 4930 degeret,
1215 4859 1308 4914 sed
1338 4860 1584 4928 quoniam
1612 4859 1677 4913 iis
1699 4858 1787 4927 qui
1813 4870 2000 4926 pecca-

425 4964 620 5012 verunt
645 4968 709 5010 os
731 4960 1010 5008 consulum
1035 4960 1148 5017 est,
1179 4960 1396 5019 peccato
1432 4949 1659 5019 linguam
1689 4954 1962 5001 avertente
1984 4984 1997 5005 ,

428 5053 485 5100 et
511 5043 833 5100 conscientia
861 5043 1027 5113 ipsam
1056 5041 1361 5105 cohibente,
1393 5039 1690 5109 stupidique
1715 5038 1791 5092 illi
1833 5050 2005 5091 rema-

431 5142 579 5198 nent,
608 5134 819 5190 silentio
844 5142 1114 5203 tamquam
1140 5131 1368 5203 quodam
1397 5131 1605 5185 vinculo
1632 5128 1869 5183 coerciti.
1896 5126 2004 5182 Vo-

433 5225 550 5277 lens
580 5225 755 5293 itaque
790 5226 930 5280 Deus
982 5224 1154 5295 ipsum
1204 5224 1271 5279 ad
1320 5223 1561 5278 fiduciam
1608 5231 1660 5276 et
1707 5221 2005 5276 libertatem

434 5314 683 5381 loquendi
704 5314 992 5383 provocare
1014 5357 1032 5380 ,
1061 5325 1115 5370 et
1136 5316 1189 5371 in
1215 5330 1398 5370 eorum
1424 5329 1541 5385 qua:
1565 5312 1850 5369 admiserat
1876 5328 2005 5383 pur-

432 5403 701 5473 gationem
732 5402 981 5458 inducere
1011 5444 1026 5468 ,
1051 5414 1109 5459 ut
1132 5405 1309 5475 aliqua
1337 5404 1601 5460 frueretur
1629 5404 1800 5470 venia,
1832 5404 2005 5473 ipsum

439 5492 585 5563 prior
634 5491 749 5563 ipse
793 5493 1028 5557 vocavit,
1061 5495 1336 5549 anxietatis
1394 5495 1616 5551 multum
1659 5494 2008 5564 appellatione

437 5583 681 5641 recidens
704 5625 720 5651 ,
748 5592 804 5638 et
827 5583 1097 5651 expellens
1122 5586 1387 5649 timorem,
1418 5601 1585 5657 osque
1611 5587 1853 5643 vocando
1880 5601 2008 5656 ape-

440 5676 603 5737 riens.
626 5675 854 5747 Ideoque
868 5675 1095 5739 dicebat,
1114 5676 1273 5729 Adam
1289 5677 1372 5730 ubi
1390 5679 1477 5733 ea?
1493 5679 1629 5734 Alibi
1647 5688 1696 5735 te
1711 5679 1917 5749 reliqui,
1939 5678 2013 5732 in~

439 5769 573 5840 quit,
590 5776 645 5828 et
662 5767 787 5829 alibi
801 5782 943 5827 nunc
956 5764 1168 5828 invenio
1183 5767 1395 5838 :reliqui
1413 5778 1464 5829 te
1481 5770 1534 5829 iu
1552 5771 1738 5828 fiducia
1755 5781 1808 5828 ct
1820 5770 2008 5845 gloria,

2058 522 2202 565 nunc
2228 517 2404 562 autem
2431 505 2639 562 invenio
2666 504 2718 559 in
2746 502 3056 560 confusione
3083 511 3137 557 et
3174 501 3400 556 silentio.
3423 500 3482 555 Et
3504 516 3606 558 mn-

2058 602 2233 656 Sidera
2275 613 2457 655 curam
2503 598 2598 653 Dei
2630 613 2645 652 :
2676 611 2783 651 non
2825 595 2989 649 Evam
3033 593 3276 659 vocavit,
3307 607 3406 647 non
3431 595 3611 651 vocatit

2060 700 2361 763 serpentem
2387 733 2401 754 ,
2432 690 2526 746 sed
2571 690 2660 760 qui
2690 687 2924 743 omnium
2968 685 3237 741 levissime
3285 696 3606 753 peccaverat,

2062 782 2203 837 hunc
2244 780 2312 836 ad
2344 780 2601 850 judicium
2643 777 2868 847 primum
2907 774 3164 839 accersit,
3198 782 3255 827 ut
3300 772 3365 827 ab
3408 788 3469 827 eo
3494 773 3615 829 inci-

2062 873 2212 942 piens
2238 913 2252 935 ,
2284 872 2373 941 qui
2412 870 2587 940 aliqua
2614 876 2821 938 poterat
2849 866 3003 921 venia
3031 865 3210 935 potiri,
3240 863 3395 918 etiam
3439 862 3486 916 in
3511 878 3616 919 eam

2063 982 2181 1036 qua:
2212 965 2436 1018 multum
2466 969 2796 1033 peccaverat,
2831 959 3095 1014 mitiorem
3141 956 3273 1010 ferat
3303 956 3619 1010 sententiam.

2068 1057 2139 1111 Et
2162 1056 2367 1126 iudices
2393 1054 2604 1124 quidem
2632 1065 2920 1106 conservos
2945 1064 3091 1113 suos,
3120 1055 3176 1102 et
3202 1046 3431 1115 ejusdem
3460 1060 3622 1101 secum

2069 1157 2272 1202 natura;
2302 1144 2613 1214 participes,
2652 1157 2750 1213 per
2780 1141 2983 1209 seipsos
3010 1136 3301 1192 examinari
3344 1153 3444 1189 non
3479 1136 3628 1189 susti-

2066 1245 2229 1300 nent,
2259 1235 2353 1289 scd
2387 1233 2749 1287 ministrorum
2777 1230 3077 1300 quempiam
3122 1226 3475 1299 sibimedium
3519 1241 3626 1294 pro-

2070 1332 2365 1393 poneutes,
2395 1321 2832 1391 interrogationes
2875 1319 3021 1372 illum
3056 1332 3182 1371 suas
3223 1315 3289 1369 ad
3334 1330 3475 1369 reum
3518 1329 3631 1383 pro.

2068 1419 2206 1475 ferre
2225 1417 2413 1487 jubent
2436 1458 2451 1483 ,
2478 1424 2534 1471 et
2554 1430 2648 1484 per
2678 1414 2847 1483 ipsum
2890 1423 3235 1481 quaecumque
3262 1408 3446 1474 velint,
3466 1406 3634 1461 dicunt

2069 1522 2123 1565 et
2159 1507 2417 1570 audiunt,
2448 1505 2572 1559 dum
2620 1518 2741 1558 reos
2769 1501 3072 1557 examinant
3099 1516 3113 1563 ;
3144 1499 3282 1553 Deus
3327 1508 3499 1551 autem
3525 1511 3633 1551 me-

2071 1598 2277 1653 diatore
2308 1596 2454 1652 nullo
2479 1594 2547 1649 ad
2581 1593 2850 1648 hominem
2878 1605 3013 1660 opus
3040 1588 3257 1655 habuit,
3289 1586 3385 1642 sed
3423 1587 3531 1656 ipse
3556 1601 3639 1654 per

2071 1691 2303 1759 scipsum
2330 1687 2531 1758 judicat
2551 1727 2567 1752 ,
2599 1693 2652 1740 et
2694 1683 3026 1738 consolatur.
3056 1679 3166 1735 Nec
3205 1680 3305 1734 hoc
3350 1686 3542 1733 tantum
3564 1686 3641 1732 est

2075 1779 2387 1834 admirabile
2409 1818 2423 1841 ,
2468 1776 2563 1831 sed
2588 1775 2749 1829 etiam
2772 1771 2914 1842 quod
2944 1771 3226 1826 commissa
3254 1770 3503 1838 corrigat.
3550 1768 3639 1822 Ju-

2075 1869 2223 1924 dices
2242 1869 2383 1923 enim
2409 1881 2530 1922 eum
2570 1866 2803 1920 latrones
2844 1862 3081 1931 ceperint
3107 1870 3160 1915 et
3197 1860 3518 1928 sacrilegos,
3542 1873 3640 1912 non

2075 1957 2341 2029 quomodo
2391 1958 2534 2026 ipsos
2574 1954 2801 2009 reddant
2836 1951 3086 2006 meliores
3130 1951 3515 2015 considerant,
3559 1947 3647 2003 sed

2077 2047 2344 2117 quomodo
2370 2046 2439 2102 ab
2483 2046 2612 2116 ipsis
2650 2050 2984 2115 peccatorum
3012 2056 3199 2111 pmnas
3223 2041 3477 2110 exigant;
3521 2039 3651 2094 Deus

2076 2146 2253 2192 autem
2281 2146 2489 2203 contra,
2519 2149 2639 2190 cum
2666 2135 2893 2203 aliquem
2922 2131 3124 2201 ceperit
3153 2141 3489 2200 peccatorem
3509 2170 3523 2195 ,
3552 2142 3651 2182 non

2077 2226 2380 2284 considerat
2404 2223 2670 2296 quomodo
2698 2232 2871 2278 sumat
2900 2220 3243 2290 supplicium,
3269 2219 3369 2273 sed
3402 2216 3658 2287 quomodo

2079 2321 2252 2390 ipsum
2275 2317 2540 2388 corrigat,
2570 2324 2623 2371 et
2641 2315 2913 2369 meliorem
2960 2313 3116 2367 faciat
3141 2320 3196 2366 et
3222 2311 3276 2366 in
3308 2308 3550 2364 futurum
3585 2309 3660 2362 in-

2079 2411 2505 2482 expugnabilem.
2532 2409 2712 2478 Itaque
2738 2415 2790 2461 et
2823 2404 2989 2475 judex
3021 2403 3217 2475 pariter
3238 2444 3254 2470 ,
3284 2411 3346 2457 et
3385 2400 3623 2455 medicus
3643 2439 3659 2465 ,

2079 2514 2134 2560 et
2162 2504 2415 2573 magister
2438 2509 2521 2556 est
2550 2500 2689 2555 Deus
2712 2516 2727 2553 :
2748 2497 2943 2553 etenim
2974 2505 3243 2565 tamquam
3267 2494 3440 2564 judex
3458 2492 3659 2547 exami-

2082 2604 2194 2659 nat,
2226 2603 2281 2649 et
2306 2603 2573 2663 tamquam
2616 2589 2857 2646 medicus
2889 2587 3146 2658 corrigit,
3172 2594 3228 2641 et
3252 2594 3529 2656 tamquam
3558 2596 3667 2637 ma-

2081 2685 2245 2755 gister
2271 2682 2447 2747 docet,
2478 2682 2852 2750 praevaricatos
2880 2678 2931 2732 in
2958 2691 3170 2732 omnem
3204 2674 3551 2744 disciplinam
3587 2671 3668 2726 in-

2083 2776 2305 2831 ducens.
2337 2773 2394 2828 Si
2433 2786 2559 2828 vero
2593 2786 2754 2825 unum
2791 2778 2845 2825 et
2874 2769 3034 2824 breve
3076 2766 3300 2821 verbum
3333 2774 3538 2819 tantam
3585 2761 3672 2817 Dei

2083 2883 2266 2923 curam
2297 2864 2700 2929 demonstravit,
2722 2862 2847 2934 quid
2876 2863 2921 2916 si
2961 2870 3123 2915 totam
3151 2860 3305 2914 vobis
3350 2860 3503 2914 litem
3532 2857 3673 2926 lege-

2088 2972 2292 3023 remus,
2321 2966 2376 3011 et
2402 2956 2603 3023 integra
2630 2955 3017 3023 explicaremus
3044 2959 3399 3005 monumenta
3425 2950 3449 3002 Ἰ
3492 2947 3677 3002 Cernis

2086 3045 2354 3115 quomodo
2386 3054 2492 3098 tota
2519 3043 2791 3112 Scriptura
2820 3041 3113 3096 consolatio
3138 3047 3217 3094 est
3247 3050 3303 3093 et
3334 3036 3677 3093 exhortatio?

2086 3138 2155 3194 Et
2178 3138 2280 3192 hoc
2303 3136 2516 3207 quidem
2545 3148 2780 3204 congruo
2818 3144 3055 3201 tempore
3082 3131 3331 3185 dicemus
3364 3147 3378 3182 :
3408 3138 3537 3182 ante
3574 3127 3683 3180 hmo

2086 3239 2263 3283 autem
2293 3226 2651 3283 necessarium
2680 3234 2761 3280 est
2788 3223 2969 3278 dicere
2992 3262 3008 3288 ,
3034 3221 3246 3291 quando
3278 3221 3424 3275 liber
3450 3220 3537 3272 hic
3568 3216 3683 3272 edi-

2089 3330 2175 3377 tus
2220 3322 2362 3377 fuit:
2396 3336 2501 3375 non
2546 3320 2688 3375 enim
2736 3318 2787 3371 in
2828 3316 3122 3387 principio,
3170 3329 3281 3367 non
3333 3313 3523 3367 statim
3573 3320 3689 3379 post

2089 3414 2257 3469 Adam
2304 3412 2419 3465 haec
2463 3410 2658 3478 scripta
2687 3416 2849 3472 sunt,
2879 3405 2973 3461 sed
2998 3412 3116 3474 post
3144 3403 3349 3457 multas
3378 3400 3684 3472 generatio—

2091 3519 2188 3560 nes
2215 3521 2228 3556 :
2256 3511 2309 3558 et
2341 3515 2520 3571 operae
2556 3499 2779 3569 pretium
2806 3506 2884 3552 est
2907 3509 3146 3566 quaerere
3166 3535 3180 3559 ,
3214 3507 3322 3547 cur
3351 3503 3474 3562 post
3502 3490 3693 3545 multas

2091 3592 2498 3665 generationes,
2539 3597 2595 3644 et
2647 3603 2742 3644 cur
2778 3586 2991 3641 tandem
3038 3583 3235 3639 Iudaeis
3286 3584 3615 3645 dumtaxat,
3643 3586 3695 3632 et

2093 3700 2199 3741 non
2224 3684 2470 3740 omnibus
2515 3678 2859 3735 hominibus?
2898 3692 2994 3733 cur
3030 3676 3294 3731 Hebr-nica
3346 3675 3535 3745 lingua
3559 3714 3574 3735 ,
3607 3686 3700 3725 cur

2094 3778 2147 3832 in
2177 3776 2388 3832 deserto
2418 3774 2544 3829 Sina
2569 3774 2592 3826 ?
2616 3771 2798 3842 Neque
2823 3770 2964 3825 enim
2994 3768 3315 3837 simpliciter
3345 3768 3533 3823 locum
3557 3769 3697 3833 Apo-

2094 3866 2263 3922 stolus
2292 3863 2670 3933 prmtercurrit,
2698 3861 2794 3917 sed
2816 3860 2942 3915 etin
2974 3860 3072 3913 hoc
3099 3873 3359 3928 magnam
3385 3858 3556 3911 nobis
3581 3870 3706 3910 con-

2096 3956 2492 4026 templationem
2518 3952 2873 4014 demonstrat,
2896 3951 2974 4003 sic
2997 3948 3216 4002 dicens:
3255 3946 3395 4000 ch
3427 3949 3568 3999 enim
3607 3944 3705 3995 duo

2096 4045 2738 4111 Testamentasunt,ununt
2764 4058 2796 4094 a
2834 4050 3001 4094 monte
3038 4038 3168 4094 Sina
3197 4039 3251 4091 in
3285 4039 3598 4092 servitutem
3622 4050 3710 4107 ge-

2097 4152 2280 4191 nerous
2309 4134 2463 4206 (Gal.
2489 4135 2542 4188 4.
2568 4134 2683 4204 24).

2171 4230 2224 4285 ὅ.
2254 4225 2504 4279 Consueta
2522 4224 2589 4276 ad
2606 4225 2894 4293 juramcnta
2922 4220 3123 4274 vitanda
3146 4220 3564 4275 exhortatio.—
3578 4215 3717 4286 Quin

2101 4325 2155 4371 et
2180 4317 2281 4370 alia
2323 4317 2470 4384 plura
2496 4330 2735 4385 quaerere
2775 4314 3133 4367 necessarium
3177 4324 3380 4379 esset;
3429 4312 3532 4366 sed
3565 4312 3720 4364 video

2103 4417 2311 4475 tempus
2340 4406 2489 4461 nobis
2531 4422 2636 4460 non
2665 4406 2972 4475 permittere
2995 4414 3052 4458 ut
3076 4419 3404 4459 sermonem
3438 4413 3598 4459 tanto
3621 4416 3720 4472 pe-

2102 4498 2221 4566 lago
2248 4498 2639 4550 committamus
2662 4514 2676 4549 :
2710 4495 2828 4550 ideo
2850 4496 2932 4549 bis
2965 4496 3019 4549 in
3045 4509 3353 4563 congruum
3382 4506 3611 4565 tempus
3637 4493 3724 4547 di—

2103 4588 2244 4652 latis,
2272 4587 2461 4639 iterum
2491 4586 2556 4641 de
2581 4588 2791 4657 jurandi
2817 4587 3134 4644 abstinentia
3157 4587 3322 4641 vobis
3354 4588 3729 4650 disseremus,

2103 4688 2157 4735 et
2182 4675 2490 4747 rogabimus
2505 4682 3156 4743 cbaritatemvestram,ut
3179 4679 3373 4733 multo
3412 4680 3571 4734 circa
3597 4679 3736 4731 hanc

2106 4785 2217 4825 rem
2266 4770 2449 4830 studio
2489 4780 2684 4824 utatur.
2714 4768 2992 4835 Quomodo
3019 4769 3160 4822 enim
3209 4784 3332 4823 non
3381 4769 3735 4831 absurdum,

2105 4875 2319 4918 servum
2363 4862 2574 4932 quidem
2618 4875 2723 4914 non
2759 4859 2954 4914 audere
2990 4859 3274 4914 dominum
3312 4863 3660 4916 nominatim
3686 4869 3744 4913 et

2109 4952 2229 5009 sine
2272 4953 2487 5009 honoris
2531 4951 2838 5021 prmfatione
2877 4952 3177 5020 appellare,
3206 4954 3563 5023 angelorum
3612 4964 3744 5007 vero

2109 5042 2393 5098 Dominum
2422 5050 2623 5095 temere
2665 5049 2719 5094 et
2759 5042 3101 5111 contemptim
3133 5040 3349 5110 ubique
3397 5044 3665 5113 jactare?
3692 5052 3749 5097 et

2111 5135 2159 5190 si
2183 5131 2518 5201 Evangelium
2543 5131 2755 5201 quidem
2783 5146 2976 5201 capere
3001 5141 3248 5198 Oporteat
3280 5134 3563 5189 manibus
3598 5133 3747 5200 lotis,

2112 5234 2308 5281 etcum
2340 5223 2504 5276 multa
2540 5222 2837 5277 reverentia
2873 5230 2927 5276 et
2960 5222 3216 5292 religione
3265 5232 3542 5280 tremens
3578 5233 3640 5281 et
3684 5224 3753 5278 ti-

2114 5329 2265 5371 mens
2290 5314 2486 5379 sumis,
2522 5314 2793 5385 Evangelii
2821 5329 2950 5370 vero
2980 5315 3269 5369 Dominum
3304 5325 3537 5373 temere
3568 5319 3752 5388 lingua

2115 5405 2310 5474 passim
2339 5405 2566 5459 versas?
2594 5404 2686 5459 Vis
2731 5403 2938 5459 discere
2977 5403 3253 5474 quomodo
3304 5407 3507 5477 ipsum
3562 5407 3755 5479 appel-

2116 5496 2227 5551 lant
2263 5510 2506 5565 superna:
2527 5494 2763 5550 Virtutes
2784 5535 2801 5562 ,
2823 5511 2944 5550 cum
2971 5502 3166 5565 quanto
3192 5502 3471 5553 tremore
3491 5539 3509 5563 ,
3543 5506 3753 5568 quanto

2115 5587 2338 5641 horrore
2362 5626 2377 5649 ,
2403 5594 2596 5655 quanta
2632 5584 3031 5641 admiratione?
3070 5584 3180 5639 Vidi
3212 5584 3536 5642 Dominum
3581 5588 3760 5643 sedato

2117 5688 2235 5745 tem,
2268 5678 2457 5748 inquit,
2483 5678 2538 5732 in
2564 5679 2746 5733 throno
2769 5680 2875 5733 alto
2903 5687 2949 5733 et
2973 5677 3191 5743 elevato,
3230 5687 3287 5731 et
3325 5679 3635 5749 Seraphim
3658 5688 3766 5732 sla-

2120 5771 2237 5832 bant
2265 5773 2399 5829 circa
2442 5770 2625 5842 ipsum,
2652 5780 2697 5825 et
2728 5770 3011 5826 clamabant
3039 5772 3166 5825 alter
3186 5773 3271 5823 ad
3300 5772 3573 5841 alterum,
3606 5782 3656 5828 et
3681 5770 3768 5828 di-
