4070 6208
175 334 238 389 95
384 283 395 290 ~
1192 324 1284 381 AD
1321 321 1654 382 POPULL‘M
1687 319 2190 379 ANTIOCIIENUM
2231 319 2466 378 HOMIE.
2509 319 2621 377 VII.
3559 325 3628 385 96

174 445 239 499 τὰ
265 443 478 516 ῥήματα
499 443 752 508 ἅπαντας
786 441 820 514 ή
843 436 1036 514 πρώτη
1074 441 1170 512 μὲν
1190 436 1284 495 οῦν
1319 441 1479 512 ῥῆσις
1517 439 1719 504 εὐθέως
1744 439 1842 492 αὐ-

166 531 256 585 τοῦ
283 533 345 586 τὸ
379 529 600 601 φίλτρον
637 529 916 602 ἐνέφηνεν.
947 529 1025 584 Οὐ
1068 529 1176 601 γὰρ
1211 526 1330 582 εἷπε
1355 571 1367 595 ,
1402 528 1654 599 καθάπερ
1697 527 1845 592 εἰκὸς

165 613 228 691 ἦν
260 618 585 690 ὑϐρισμένον
615 619 788 670 εἰπεῖν
809 634 822 647 ·
847 615 916 670 Ὦ
956 618 1118 689 μιαρέ
1139 659 1153 684 ,
1186 618 1280 671 καὶ
1310 615 1622 689 παμμίαρε,
1654 614 1840 669 τοιαύ-

163 722 261 772 της
286 705 599 770 ἀπολαύσας
626 705 839 770 εὐνοίας
867 707 995 777 παρ’
1021 704 1178 776 ἐμοῦ,
1210 704 1448 777 τοσαύτῃ
1470 704 1722 776 τιμηθεὶς
1756 703 1847 774 βα-

166 795 363 865 σιλεία,
392 795 487 847 καὶ
520 793 629 846 τῶν
662 794 756 846 ἐπὶ
783 793 882 864 τῆς
904 792 1009 864 γῆς
1043 792 1402 864 προτιμηθείς
1437 793 1693 846 ἀπάντων
1730 794 1846 846 ἀντ’

163 884 378 947 οὐδενὸς
418 881 875 955 κατορθώματος,
922 883 1017 936 καὶ⁵
1051 882 1139 937 διά
1176 882 1285 935 τῶν
1312 881 1489 953 ἔργων
1541 881 1722 936 αὐτῶν
1762 881 1849 934 ἐν-

165 973 336 1044 έχυρα
386 971 569 1026 λαϐὼν
599 971 700 1042 τῆς
741 971 881 1041 ἐμῆς
912 969 1261 1041 κηδεμονίας,
1298 971 1395 1024 καὶ
1441 970 1543 1040 τῆς
1591 971 1848 1041 προνοίας

162 1059 434 1124 ἀπόδειξιν
467 1058 644 1129 ἀληθῆ
670 1098 685 1123 ,
712 1057 951 1128 πονηρὸν
981 1057 1211 1128 δαίμονα
1236 1059 1329 1112 καὶ
1353 1058 1608 1126 λυμεῶνα
1634 1058 1729 1111 καὶ
1750 1060 1849 1129 τῆς

163 1151 263 1222 σῆς
320 1148 516 1221 ἐχθρὸν
572 1147 847 1218 σωτηρίας
901 1145 1340 1218 ἀξιοπιστότερον
1396 1147 1658 1216 ἐποίησας
1687 1159 1714 1187 ιι
1753 1146 1847 1200 τοῦ

162 1236 436 1290 Δεσπότω
473 1235 571 1288 καὶ
597 1233 926 1306 κηδεμόνος;
961 1233 1014 1287 τί
1042 1251 1125 1286 σοι
1151 1232 1390 1287 τοιοῦτον
1413 1235 1619 1298 ἐκεῖνος
1649 1234 1848 1302 ἔδειξεν

160 1319 270 1378 οἷον
319 1322 474 1392 ἐγώ;
507 1323 628 1394 οὐχὶ
655 1321 746 1377 τὸν
797 1321 1024 1395 οὐρανὸν
1054 1321 1287 1392 ἐποίησα
1331 1321 1420 1374 διὰ
1449 1321 1542 1388 σέ;
1582 1321 1679 1393 τὴν
1721 1323 1844 1394 γῆν,

159 1430 254 1483 την
279 1411 578 1477 θάλατταν,
607 1411 700 1464 τὸν
717 1410 891 1482 ἥλιον,
925 1410 1025 1482 τὴν
1049 1409 1278 1480 σελήνην
1302 1447 1317 1473 ,
1350 1409 1420 1462 τά
1445 1408 1622 1480 ἄστρα
1647 1409 1845 1475 πάντα;

159 1501 214 1554 οὐ
246 1501 363 1572 γὰρ
403 1499 576 1570 δήπου
606 1497 718 1551 τῶν
764 1497 1014 1565 ἀγγέλων
1044 1497 1189 1559 τινὲς
1234 1495 1440 1567 ταύτης
1493 1495 1702 1549 ἐδέοντο
1748 1496 1847 1566 τῆς

159 1589 524 1661 δημιουργίας
548 1628 563 1653 ,
596 1587 731 1641 ἀλλά
775 1586 864 1640 διὰ
898 1586 958 1639 σέ
995 1586 1090 1639 καὶ
1133 1586 1234 1657 τὴν
1279 1585 1586 1640 ἀνάπαυσιν
1614 1584 1715 1655 τὴν
1747 1583 1847 1655 σὴν

161 1678 246 1732 τὸν
271 1676 531 1731 τοσοῦτον
561 1676 656 1729 καὶ
683 1674 998 1746 τηλικοῦτον
1037 1673 1272 1744 ἐποίησα
1303 1674 1507 1743 κόσμον
1533 1688 1548 1703 ο
1590 1673 1686 1726 καὶ
1715 1670 1848 1741 ψιλά

161 1769 409 1840 ῥήματα,
439 1767 536 1820 καὶ
582 1765 878 1835 ὑπόσχεσιν
901 1763 1071 1834 ψευδῆ
1096 1804 1111 1830 ,
1156 1763 1252 1816 καὶ
1274 1762 1607 1831 ἐπαγγελίαν
1630 1761 1848 1831 ἀπάτης

162 1857 436 1928 γέμουσαν
459 1896 475 1920 ,
515 1856 616 1927 τῆς
653 1855 743 1909 διὰ
783 1853 892 1909 τῶν
923 1854 1100 1926 ἔργων
1132 1852 1450 1924 εὐεργεσίας
1488 1869 1548 1905 τε
1575 1851 1667 1904 καὶ
1715 1866 1848 1919 προ-

161 1945 308 2008 νοίας
335 1943 788 2014 ἀξιοπιστοτέραν
815 1941 1044 2013 νομίσας
1075 1936 1235 2007 εἶναι,
1265 1940 1460 2011 ἐκείνῳ
1488 1937 1684 1993 σαυτὸν
1713 1936 1845 1991 ἐδω-

163 2049 258 2096 κας
283 2071 299 2094 ,
331 2031 431 2086 καὶ
457 2031 584 2095 τοὺς
610 2030 778 2101 ἐμοὺς
802 2028 1190 2100 κατεπάτησας
1216 2029 1451 2098 νόμους;

222 2119 418 2174 Ταῦτα
441 2118 552 2190 γάρ
596 2119 692 2172 καὶ
733 2117 956 2173 πλείονα
984 2115 1188 2171 τούτων
1219 2115 1310 2169 τὸν
1340 2113 1667 2187 ὑϐρισμένον
1700 2111 1852 2175 εἰκὸς

157 2201 219 2276 ἧν
244 2208 431 2261 είπεῖν
453 2225 466 2237 ·
495 2206 609 2260 ἀλλ’
637 2206 738 2276 οὐχ
761 2208 789 2259 6
809 2205 940 2268 Θεὸς
955 2203 1150 2270 οὑτως,
1175 2202 1312 2258 ἀλλά
1337 2201 1651 2256 τούναντίον
1678 2200 1844 2256 ἅπαν.

169 2295 303 2349 ’Δπὸ
351 2294 466 2368 γὰρ
513 2294 612 2366 τῆς
655 2292 882 2366 πρώτης
922 2292 1109 2363 φωνῆς
1142 2291 1347 2355 εὐθέως
1376 2290 1538 2344 αὐτὸν
1581 2289 1847 2359 ἀνέστησε

157 2385 448 2454 κείμενον,
495 2383 591 2434 καὶ
640 2380 914 2434 δεδοικότα
971 2381 1068 2434 καὶ
1118 2380 1394 2451 τρέμοντα
1426 2376 1652 2450 θαρρεῖν
1701 2391 1847 2448 παρ-

157 2471 425 2526 ετκεύασε
461 2469 679 2542 πρῶτος
727 2469 892 2522 αὐτὸν
956 2467 1196 2530 καλέσας
1222 2466 1385 2530 αὑτός
1409 2482 1422 2496 ο
1455 2464 1656 2536 μᾶλλον
1691 2463 1748 2517 δὲ
1784 2463 1845 2517 οὐ

154 2561 226 2631 τῷ
248 2560 488 2613 καλέσαι
525 2557 739 2630 πρῶτος
760 2598 776 2623 ,
805 2555 942 2611 ἀλλά
964 2558 1058 2610 καὶ
1091 2553 1167 2625 τῷ
1197 2555 1518 2626 προσειπεῖν
1547 2551 1710 2606 αὑτὸν
1737 2549 1848 2605 ἀπὸ

154 2649 247 2719 τῆς
270 2647 448 2701 αὐτοῦ
480 2644 852 2719 προσηγορίας
873 2645 968 2699 καὶ
999 2644 1197 2697 εἰπεῖν’
1237 2640 1430 2712 Ἀδὰμ,
1458 2640 1578 2695 ποῦ
1602 2637 1691 2703 aI;
1715 2638 1849 2692 ἔδει·

155 2735 238 2802 ξεν
291 2735 464 2790 αὐτοῦ
509 2735 572 2789 τὸ
605 2734 860 2806 φίλτρον,
898 2734 991 2787 καὶ
1019 2732 1120 2804 τὴν
1158 2730 1358 2802 πολλὴν
1392 2723 1522 2802 περὶ
1553 2729 1715 2782 αὑτὸν
1745 2745 1838 2799 κη·

153 2823 437 2894 δεμονίαν.
469 2823 614 2875 Ἰστε
659 2819 768 2890 γὰρ
791 2820 964 2891 δήπου
997 2819 1230 2883 πάντες,
1263 2817 1346 2871 ὅτι
1393 2815 1576 2887 φιλίας
1616 2813 1848 2885 γνησίας

152 2912 269 2964 ἐστὶ
315 2909 482 2964 τοῦτο
511 2909 843 2982 τεκμήριονο
876 2907 1018 2962 οὑτω
1051 2906 1147 2960 καὶ
1185 2907 1235 2959 οί
1273 2902 1674 2966 ἀνακαλοῦντες
1720 2903 1848 2966 τοὺς

152 2998 619 3070 τετελευτηκότας
670 2996 896 3051 εἰώθασι
946 2997 1120 3049 ποιεῖν
1144 3037 1159 3062 ,
1209 2992 1446 3064 συνεχῶς
1495 2991 1566 3046 τά
1608 2990 1848 3061 ὀνόματα

151 3085 337 3140 αὐτῶν
370 3085 831 3156 περιατρέφοντες
850 3123 864 3146 ,
885 3082 961 3145 ὡς
986 3083 1040 3135 οῖ
1065 3098 1130 3150 γε
1159 3081 1444 3151 μισοῦντες
1469 3079 1564 3133 καὶ
1589 3076 1846 3148 ἀπεχθῶς

154 3176 292 3246 πρός
316 3190 478 3237 τινας
511 3172 758 3243 ἔχοντες,
793 3168 914 3222 οὐδὲ
937 3168 1005 3222 τὰ
1031 3169 1274 3240 ὀνόματα
1297 3166 1711 3238 ἀναμνησθῆναι
1737 3165 1848 3218 τῶν

154 3260 544 3330 λελυπηκότων
592 3256 894 3327 ἀνέχονται.
936 3255 996 3310 '0
1027 3255 1160 3324 γοῦν
1199 3254 1373 3308 Σαοὺλ
1418 3253 1702 3323 ἀδικηθεὶς
1749 3253 1848 3322 μὲν

147 3348 322 3413 οὐδὲν,
360 3341 540 3399 πολλά
556 3341 614 3396 δὲ
636 3341 732 3396 καὶ
766 3342 977 3413 μεγάλα
1003 3341 1096 3394 τὸν
1123 3340 1286 3394 Δαυῒδ
1321 3341 1590 3412 ἀδικήσας
1611 3380 1626 3403 ,
1658 3337 1848 3409 ἐπειδὴ

150 3435 321 3489 αὑτὸν
372 3430 750 3504 ἀπεστρέφετο
798 3431 892 3483 καὶ
922 3429 1102 3499 ἐμίσει
1123 3468 1138 3493 ,
1168 3428 1292 3482 οὑδέ
1337 3428 1438 3499 τῆς
1473 3426 1848 3498 προσηγορίας

146 3522 321 3576 αὐτοῦ
391 3519 809 3591 ἀναμνησθῆναι
873 3515 1118 3587 ἀνείχετο
1143 3555 1160 3582 ,
1217 3515 1354 3570 ἀλλὰ
1415 3513 1848 3584 συγκαθημένων

149 3609 444 3670 ἁπάντων,
469 3605 657 3676 ἐπειδὴ
709 3603 1155 3676 παραγενόμενον
1205 3603 1307 3656 οὐκ
1349 3598 1520 3668 είδεν,
1564 3602 1620 3655 τί
1647 3616 1846 3672 φησιν;

146 3699 266 3750 Οὐκ
301 3692 434 3749 εἶπε
457 3733 474 3757 ,
518 3692 628 3746 Ποῦ
671 3691 788 3744 ἔστι
827 3690 1024 3756 Δαϐίδ;
1061 3690 1234 3754 ἀλλά,
1281 3691 1405 3746 Ποῦ
1442 3692 1615 3745 ἔστιν
1645 3692 1678 3744 ό
1721 3688 1852 3756 υἱὸς

160 3785 397 3840 Ἰεσσαί
413 3799 434 3846 ;
465 3782 574 3836 ἀπὸ
601 3781 696 3834 τοῦ
726 3779 933 3851 πατρὸς
961 3780 1127 3834 αὑτὸν
1155 3781 1411 3845 καλέσας.
1451 3780 1561 3834 Kal
1586 3778 1702 3852 [89]
1747 3779 1852 3833 πά-

146 3872 230 3926 λιν
253 3875 310 3927 οἱ
345 3869 600 3924 Ἰουδαῖοι
621 3868 714 3922 ἐπὶ
737 3865 832 3921 τοῦ
859 3867 1097 3939 Χριστοῦ
1120 3867 1182 3920 τὸ
1205 3867 1338 3921 αὐτὸ
1359 3865 1606 3922 ποιοῦσιν
1624 3885 1636 3897 ο
1661 3864 1850 3937 ἐπειδὴ

145 3962 258 4034 γάρ
286 3959 465 4014 αὐτὸν
501 3959 908 4030 ἀπεστρέφοντο
946 3957 1043 4010 καὶ
1073 3956 1298 4027 ἐμίσουν
1321 3995 1337 4020 ,
1369 3956 1471 4010 οὐκ
1521 3953 1694 4021 εἷπον,
1737 3955 1849 4010 Ποῦ

141 4050 301 4105 ἐστιν
326 4052 358 4104 6
389 4048 664 4120 Χριστός;
698 4047 857 4112 ἀλλά,
896 4045 1022 4101 Ποῦ
1052 4045 1227 4100 ἔστιν
1248 4045 1520 4111 ἑκεῒνος;

214 4139 285 4192 δ’.
321 4136 470 4190 Ἀλλ’
485 4137 516 4188 6
540 4135 670 4198 Θεὸς
688 4136 791 4188 κάν
808 4133 985 4206 τούτῳ
1010 4133 1330 4206 βουλόμενος
1347 4133 1536 4198 δεῖξαι,
1557 4131 1719 4188 ὅτιτὸ
1733 4130 1852 4203 φίλ-

145 4241 280 4298 τρον
311 4226 424 4280 οὐκ
470 4223 694 4277 ἔσϐεσεν
727 4224 760 4294 ἡ
798 4223 1043 4295 ἁμαρτία
1067 4263 1082 4287 ,
1117 4222 1237 4278 οὑδέ
1269 4221 1368 4294 τὴν
1401 4221 1540 4295 πρὸς
1569 4222 1733 4276 αὑτὸν
1763 4219 1858 4274 εῦ-

143 4333 306 4370 νοιαν
340 4313 560 4368 ἀνεῖλεν
582 4313 616 4382 ἡ
644 4312 918 4384 παρακοὴ,
953 4311 1067 4365 ἀλλ’
1094 4309 1173 4365 ἐτι
1199 4312 1421 4383 προνοεῖ
1451 4310 1548 4364 καὶ
1572 4309 1799 4380 κήδεται
1823 4310 1852 4351 δ

141 4403 244 4457 τοῦ
271 4400 790 4474 περιπεπτωκότας,
813 4399 980 4471 φησίν
999 4416 1016 4431 ’
1047 4398 1249 4468 Ἀδὰμ,
1271 4398 1390 4452 ποῦ
1402 4395 1488 4461 el;
1514 4399 1616 4452 οὐκ
1639 4397 1852 4466 ἀγνοῶν

139 4492 286 4545 ὅπου
317 4488 622 4562 διέτριϐεν,
663 4487 776 4542 ἀλλ’
801 4487 991 4558 ἐπειδὴ
1023 4489 1135 4550 τοῖς
1177 4485 1556 4558 ἡμαρτηκόσιν
1584 4485 1853 4557 ἔρραπται

138 4583 204 4632 το
237 4580 438 4650 στόμα
459 4619 475 4645 ,
505 4577 608 4646 τῆς
646 4576 922 4648 ἁμαρτίας
948 4572 1402 4646 ἀποστρεφούσης
1436 4573 1536 4645 τὴν
1579 4573 1853 4643 γλῶσσαν,

137 4672 240 4723 ul
265 4667 376 4722 τοῦ
402 4663 708 4728 συνειδότος
734 4663 908 4734 αὐτῆς
935 4661 1478 4733 ἐπιλαμϐανομένου,
1521 4661 1618 4715 καὶ
1665 4662 1856 4732 μένου-

136 4774 230 4809 σιν
250 4757 499 4826 ἀχανεῖς
522 4755 574 4806 οί
598 4753 848 4820 τοιοῦτοι,
882 4751 1072 4822 ὥσπερ
1092 4749 1198 4803 τινὶ
1219 4749 1406 4821 δεσμῷ
1436 4753 1502 4822 τῇ
1560 4753 1687 4822 σιγῇ
1719 4767 1854 4804 κατ-

129 4845 443 4914 εχόμενοι.
487 4839 821 4911 Βουλόμενος
857 4840 886 4892 6
920 4838 1052 4900 Θεὸς
1083 4839 1165 4901 είς
1207 4837 1523 4909 παρρησίαν
1565 4838 1728 4891 αὑτὸν
1765 4840 1858 4890 ἐκ-

130 4928 500 4986 καλέσασθαι
543 4927 829 4994 διαλέξεως
860 4936 908 4989 ο,
948 4925 1044 4979 καὶ
1089 4923 1270 4978 δοῦναι
1326 4923 1547 4996 θαρρεῖν
1572 4963 1588 4988 ,
1635 4923 1729 4976 καὶ
1775 4925 1856 4988 είς

125 5017 469 5086 ἀπολογίαν
515 5008 592 5069 ὧν
636 5016 884 5086 ἥμαρτεν
921 5011 1214 5082 ἐμϐαλεῖν,
1259 5011 1348 5065 ίνα
1389 5010 1536 5076 τινὸς
1571 5009 1856 5084 ἀπολαύσῃ

129 5104 506 5178 συγγνώμης
527 5142 544 5167 ,
595 5103 858 5174 πρότερος
905 5101 1066 5166 αὐτὸς
1114 5100 1278 5155 αὑτὸν
1325 5099 1551 5155 ἐκάλεσε
1573 5138 1590 5165 ,
1617 5099 1679 5153 τὸ
1719 5100 1855 5155 πολὺ

127 5198 236 5269 τῆς
292 5194 560 5263 ἀγωνίας
610 5190 1048 5261 ὑποτεμνόμενος
1082 5192 1150 5261 τῇ
1204 5189 1581 5262 προσηγορίᾳ,
1633 5188 1857 5246 καὶτὸν

127 5285 326 5351 φόϐον
357 5279 707 5343 ἀπελαύνων,
737 5280 835 5332 καὶ
859 5278 922 5331 τὸ
945 5276 1120 5348 στόμα
1142 5275 1233 5330 διὰ
1264 5274 1732 5347 ταύτηςάνοίγων
1755 5275 1858 5346 τῆς
1898 5303 1909 5313 -

130 5372 446 5443 κλήσεως.
473 5365 565 5418 Διὸ
594 5365 690 5418 καὶ
714 5364 919 5433 ἐλεγενο
939 5363 1130 5433 Ἀδὰμ,
1160 5363 1278 5420 ποῦ
1311 5359 1407 5425 εἷς
1434 5362 1700 5436 Ἑτέρωθι
1726 5380 1859 5417 κατ-

131 5461 348 5514 ang
399 5472 483 5518 σε,
512 5456 668 5524 φησι,
707 5455 804 5508 καὶ
848 5451 1074 5525 ἐτέρωθι
1133 5452 1228 5506 νῦν
1266 5452 1534 5523 εὑρίσκω’
1567 5451 1861 5506 κατέλιπόν

134 5563 196 5600 σε
237 5550 314 5600 ἐν
357 5542 656 5617 παρρησίᾳ
687 5543 783 5596 καὶ
806 5541 966 5614 δόξῃ,
1001 5540 1097 5594 καὶ
1135 5539 1374 5613 εὑρίσκω
1419 5540 1516 5596 νῦν
1563 5542 1623 5596 ἐν
1663 5541 1861 5614 ἀτιμία

1950 438 2050 510 τὴν
2075 436 2240 505 Εὔαν,
2281 437 2380 491 οὐκ
2406 437 2632 492 ἐκάλεσε
2655 435 2747 490 τὸν
2777 436 2924 508 ὅφιν,
2955 439 3090 494 ἀλλά
3109 441 3199 498 τὸν
3225 441 3481 499 ἀπάντων
3509 457 3632 497 κου-

1955 527 2181 597 φότερον
2207 525 2587 598 ἡμαρτηκότα,
2615 523 2803 580 τοῦτον
2837 527 2918 588 είς
2945 525 3007 578 τὸ
3035 527 3392 602 δικαστήριον
3420 532 3634 598 εἰσάγει

1953 614 2252 686 πρότερον,
2294 615 2382 668 ἵνα
2411 615 2517 668 ἀπὸ
2552 613 2646 668 τοῦ
2685 613 2984 684 δυναμένου
3021 621 3352 689 συγγνώμης
3388 617 3631 672 ἀπολαῦ-

1949 703 2039 756 σαί
2073 720 2217 767 τινος
2251 702 2596 774 ἀρξάμενος,
2649 702 3006 774 ἡμερωτέραν
3054 703 3253 776 ἐνέγκῃ
3307 706 3406 775 τὴν
3453 706 3633 778 ψῆφον

1947 791 2041 843 καὶ
2072 790 2211 862 πρὸς
2239 791 2338 862 τὴν
2382 790 2592 862 μεγάλα
2630 789 3070 862 ἐξαμαρτοῦσαν.
3109 792 3222 846 Kal
3250 791 3504 847 δικασταὶ
3533 795 3634 865 μὲν

1945 873 2039 931 οῦν
2076 879 2202 942 τούς
2230 877 2548 942 συνδούλους
2581 879 2707 940 τοὺς
2738 877 2950 933 ἑαυτῶν
2977 879 3072 933 καὶ
3110 879 3211 950 τῆς
3241 880 3416 952 αὐτῆς
3450 884 3633 945 αὐτοῖς

1947 965 2337 1030 κοινωνοῦντας
2376 967 2592 1036 φύσεως
2629 966 2729 1019 οὐκ
2761 965 3044 1037 ἀνέχονται
3089 966 3158 1021 δι’
3192 967 3407 1022 ἐαυτῶν
3449 968 3635 1034 ἐξετά-

1948 1053 2061 1118 ζειν
2081 1095 2094 1119 ,
2134 1055 2269 1109 ἀλλά
2323 1055 2487 1125 μέσον
2517 1054 2639 1108 τινὰ
2667 1054 2776 1108 τῶν
2813 1054 3247 1126 διακονουμένων
3282 1056 3468 1121 αὐτοῖς
3501 1075 3636 1127 προ-

1947 1141 2301 1214 ϐαλλόμενοι,
2341 1144 2440 1207 τὰς
2473 1143 2682 1196 ἑαυτῶν
2714 1143 3011 1215 ἐρωτήσεις
3039 1145 3247 1199 ἐκεῖνον
3277 1146 3632 1217 παρασκευά-

1947 1229 2098 1294 ζουσι
2125 1231 2458 1296 διαϐιϐάζειν
2492 1232 2629 1302 πρὸς
2657 1231 2746 1284 τὸν
2776 1231 3088 1296 κατάδικον,
3121 1232 3218 1286 καὶ
3253 1232 3323 1287 δι’
3349 1232 3513 1287 αὐτοῦ
3547 1233 3635 1287 λέ-

1945 1335 2105 1387 γουσι
2163 1320 2257 1372 καὶ
2290 1320 2578 1373 ἀκούουσιν
2620 1320 2762 1392 άπερ
2805 1319 2873 1374 ἂν
2913 1319 3206 1386 ἐθέλωσιν,
3249 1322 3469 1376 ἐπειδὰν
3504 1323 3634 1386 τοὺς

1946 1409 2334 1478 ἡμαρτηκότας
2364 1406 2690 1473 ἐξετάξωσιν
2709 1425 2722 1439 ο
2755 1409 2784 1460 6
2805 1407 2863 1460 δὲ
2893 1408 3025 1471 Θεὸς
3054 1409 3156 1462 οὑκ
3185 1409 3380 1482 ἐδεήθη
3409 1409 3630 1482 μεσίτου

1945 1497 2090 1562 τινὸς
2114 1498 2248 1571 πρὸς
2284 1498 2375 1551 τὸν
2408 1497 2695 1571 ἄνθρωπον
2719 1538 2733 1561 ,
2762 1497 2878 1550 ἀλλ’
2901 1498 3065 1563 αὐτὸς
3097 1499 3165 1552 δι’
3194 1499 3390 1553 ἐαυτοῦ
3420 1498 3630 1564 δικάζει

1946 1588 2041 1640 καὶ
2080 1587 2511 1659 παραμυθεῖται.
2545 1588 2655 1641 Kal
2683 1587 2744 1639 ού
2782 1585 2942 1640 τοῦτο
2984 1587 3144 1658 μόνον
3175 1587 3294 1641 ἐστὶ
3323 1587 3384 1641 τὸ
3415 1587 3630 1657 θαυμα-

1949 1675 2093 1740 στὸν,
2130 1674 2244 1728 ἀλλ’
2275 1677 2357 1729 ὃτι
2402 1674 2496 1728 καὶ
2527 1674 2834 1745 διορθοῦται
2864 1674 2932 1728 τά
2959 1674 3434 1750 πλημμελήματατ
3467 1678 3630 1729 Δικα-

1949 1763 2073 1818 στα)⁸
2100 1764 2198 1834 μὲν
2223 1763 2332 1834 γὰρ
2357 1762 2576 1817 ἐπειδάν
2611 1762 2816 1816 λάϐωσι
2846 1761 3049 1834 λῃστάς
3078 1762 3184 1815 καὶ.
3207 1762 3628 1835 τυμϐωρύχους,

1947 1853 2046 1923 οὐχ
2072 1853 2222 1916 ὅπως
2261 1852 2459 1915 αὐτοὺς
2495 1852 2839 1923 ἐργάσωνται
2879 1850 3122 1921 βελτίους
3153 1842 3450 1906 σκοποῦσιν
3469 1891 3483 1916 ,
3511 1853 3628 1908 ἀλλ’

1946 1939 2097 2002 ὅπως
2143 1939 2340 2003 αὐτοὺς
2372 1940 2718 2010 ἀπαιτήσωσι
2751 1938 2861 1992 τῶν
2905 1939 3312 2011 ἡμαρτημένων
3364 1941 3558 2012 δίκην·
3600 1943 3630 1995 6

1946 2026 2003 2079 δέ
2036 2026 2169 2091 Θεὸς
2218 2027 2530 2081 τούναντίον
2586 2027 2761 2080 ἄπαν-
2795 2027 3018 2082 ἐπειδάν
3047 2045 3170 2082 τινα
3205 2028 3346 2102 λάϐῃ
3377 2031 3627 2102 ἡμαρτη-

1947 2114 2116 2178 κότα,
2150 2115 2250 2185 οὐχ
2274 2116 2422 2179 ὄπως
2449 2116 2731 2186 ἀπαιτήσῃ
2765 2114 2922 2186 δίκην
2949 2118 3161 2182 σκοπεῖ,
3191 2115 3308 2170 ἀλλ’
3348 2117 3497 2181 ὅπως
3528 2117 3627 2171 αύ-

1945 2203 2038 2256 τὸν
2064 2201 2447 2277 διορθώσηται,
2479 2202 2575 2256 καὶ
2603 2202 2797 2273 βελτίω
2825 2203 3026 2274 ποιήσῃ
3047 2242 3063 2268 ,
3102 2203 3198 2258 καὶ
3231 2203 3370 2276 πρὸς
3397 2204 3460 2258 τό
3499 2205 3630 2275 μέλ-

1945 2290 2035 2344 λον
2071 2290 2390 2361 ἀχείρωτον.
2421 2291 2584 2343 Ὥστε
2622 2289 2759 2360 ὁμοῦ
2812 2289 2908 2343 καὶ
2935 2289 3198 2362 δικαστὴς
3224 2331 3240 2358 ,
3281 2289 3379 2346 καὶ
3419 2292 3625 2367 ἰατρὸς,

1947 2379 2041 2432 καὶ
2073 2378 2392 2442 διδάσκαλός
2435 2379 2582 2432 ἐστιν
2606 2380 2634 2432 6
2661 2377 2820 2440 Θεός·
2855 2377 2950 2431 καὶ
2981 2377 3091 2449 γὰρ
3142 2378 3220 2442 ώς
3246 2378 3504 2456 δικαστὴς
3537 2380 3626 2447 ἐξ-

1946 2467 2148 2532 ετάζει,
2173 2467 2268 2521 καὶ
2291 2466 2366 2530 ὼς
2386 2467 2571 2538 ίατρὸς
2594 2464 2925 2537 διορθοῦται,
2947 2465 3041 2519 καὶ
3060 2465 3136 2529 ὼς
3159 2466 3477 2532 διδάσκαλος
3496 2487 3624 2524 παι-

1944 2554 2089 2609 δεύει
2117 2555 2245 2618 τοὺς
2284 2553 2675 2626 ἡμαρτηκότας
2710 2554 2792 2617 είς
2826 2554 3006 2607 πᾶσαν
3035 2553 3246 2623 ἐνάγων
3278 2556 3621 2626 φιλοσοφίαν.

1946 2645 2008 2698 El
2037 2643 2094 2698 δέ
2116 2645 2176 2699 ἓν
2205 2644 2356 2716 ῥῆμα
2380 2642 2536 2714 ψιλὸν
2562 2643 2658 2697 καὶ
2688 2641 2862 2715 βραχὺ
2892 2641 3163 2713 τοσαύτην
3199 2643 3498 2710 ἐνεδείξατο
3529 2646 3623 2700 τοῦ

1945 2731 2079 2786 Θεοῦ
2121 2732 2221 2803 τὴν
2268 2731 2595 2804 κηδεμονίαν
2621 2769 2636 2795 ,
2673 2731 2728 2785 τί
2766 2731 2815 2783 εί
2847 2731 3030 2784 πᾶσαν
3061 2731 3267 2803 ταύτην
3303 2733 3629 2806 ἀναγνῶμεν

1943 2821 2075 2892 ὑμῖν
2099 2821 2198 2894 τὴν
2221 2820 2398 2892 δίκην,
2437 2820 2535 2875 καὶ
2556 2820 2830 2892 ὁλόκληρα
2855 2819 3258 2891 ἀναπτύξωμεν
3287 2821 3355 2875 τὰ
3383 2810 3631 2895 ὑπομνή-

1949 2925 2133 2981 ματα;
2175 2909 2340 2980 Ὀρᾷς
2391 2907 2510 2972 πῶς
2547 2909 2700 2962 πᾶσα
2744 2906 2938 2980 Γραφὴ
2972 2907 3317 2980 παράκλησίς
3369 2909 3486 2963 ἐστι
3534 2911 3631 2966 καὶ

1946 2995 2317 3068 παραμυθία;
2358 2993 2521 3048 Ἀλλά
2569 2994 2744 3049 ταῦτα
2798 2995 2897 3065 μὲν
2939 2993 3080 3049 κατὰ
3135 2995 3226 3048 τὸν
3282 2997 3631 3068 προσήκοντα

1944 3085 2138 3157 καιρὸν
2170 3083 2434 3156 ἐροῦμεν
2470 3082 2580 3154 πρὸ
2610 3082 2668 3136 δέ
2704 3082 2910 3137 τούτων
2939 3084 3234 3153 ἀναγκαῖον
3265 3085 3460 3149 εἰπεῖν,
3497 3085 3628 3139 πότε

1944 3174 2004 3227 τὸ
2045 3171 2248 3245 βιϐλίον
2287 3171 2444 3243 ἐδόθη
2473 3171 2663 3224 τοῦτο’
2695 3171 2757 3224 οὐ
2795 3169 2904 3243 γάρ
2936 3170 2999 3242 δὴ
3033 3171 3092 3223 ἐν
3120 3172 3265 3243 ἀρχῇ
3285 3171 3338 3240 ἀ,
3382 3173 3503 3227 ούδέ
3534 3173 3627 3226 εὐ-

1945 3260 2084 3326 θέως
2110 3266 2204 3315 τοῦ
2251 3260 2426 3333 Ἀδὰμ
2472 3258 2768 3330 γενομένου
2803 3257 2976 3312 ταῦτα
3002 3259 3295 3329 ἐγράφετο,
3322 3259 3458 3315 ἀλλά
3488 3261 3630 3331 μετά

1945 3347 2146 3412 πολλάς
2172 3346 2623 3421 ὓστερονγενεάς
2645 3363 2659 3377 ·
2687 3345 2783 3400 καὶ
2820 3345 2971 3414 ἀξιον
2997 3345 3232 3417 ζητῆσαι
3260 3346 3406 3409 τίνος
3438 3336 3628 3402 ἐνεκεν

1951 3436 2089 3507 μετά
2121 3435 2320 3499 πολλάς
2366 3436 2594 3507 ὓστερον
2637 3433 2862 3504 γενεὰς,
2895 3433 2990 3488 καὶ
3018 3431 3071 3485 τί
3108 3432 3310 3504 δήποτε
3351 3433 3630 3499 Ἰουδαίοις

1951 3524 2133 3595 μόνον,
2167 3523 2286 3596 [90]
2333 3525 2429 3578 zeal
2455 3523 2578 3594 οὐχὶ
2622 3524 2791 3578 πᾶσιν
2817 3519 3157 3593 ἀνθρώποις,
3190 3521 3287 3574 καὶ
3334 3520 3388 3574 τί
3426 3521 3626 3592 δήποτε

1946 3615 2014 3684 τῇ
2059 3612 2298 3683 Ἐϐραΐδι
2325 3611 2578 3683 γλώσσῃ,
2619 3612 2712 3664 καὶ
2742 3611 2888 3672 τίνος
2927 3610 3114 3662 ἕνεκεν
3153 3609 3248 3661 ἐπὶ
3288 3609 3386 3678 τῆς
3415 3609 3626 3680 ἐρήμου

1950 3701 2114 3765 Emi;
2146 3699 2283 3752 Οὐδέ
2304 3701 2413 3771 γὰρ
2440 3699 2708 3754 τὸνετόπον
2737 3696 2926 3760 ἁπλῶς
2951 3694 3320 3760 όἈπόστολος
3345 3698 3629 3768 παρατρέ-

1949 3805 2036 3860 χει
2054 3805 2071 3821 ο
2108 3785 2246 3841 ἀλλὰ
2263 3787 2559 3841 κάντεῦθεν
2591 3785 2833 3856 μεγάλην
2858 3786 2990 3857 ἡμῖν
3029 3783 3418 3856 παραδείκνυσι
3446 3783 3627 3838 εθεω-

1952 3876 2096 3950 ρίαν,
2123 3875 2267 3930 οὕτω
2292 3875 2467 3943 λέγων
2491 3893 2506 3908 ο
2539 3870 2726 3930 Αὗται
2747 3872 2860 3942 γάρ
2887 3874 3006 3927 εισι
3043 3871 3155 3926 δύο
3196 3869 3489 3942 διαθῆκαι,
3519 3873 3630 3942 μία

1942 3965 2064 4036 μὲν
2085 3963 2204 4020 ἀπὸ
2233 3964 2411 4032 ὅρους
2439 3960 2583 4017 Σινᾶ
2610 3963 2699 4028 είς
2726 3960 3016 4015 δουλείαν
3043 3957 3342 4029 γεννῶσα.

2019 4059 2060 4106 ε’
2070 4066 2082 4108 .'
2096 4051 2208 4107 Kal
2225 4051 2392 4124 ἔτερα
2409 4049 2466 4104 δέ
2490 4048 2662 4103 πλείω
2678 4047 2884 4101 τούτων
2905 4048 3205 4116 ἀναγκαῖον
3222 4047 3456 4120 ζητῆσαι
3470 4065 3485 4081 ·
3512 4047 3630 4102 ἀλλ’

1947 4139 2062 4214 ὁρῶ
2113 4141 2206 4195 τὸν
2240 4139 2431 4212 καιρὸν
2480 4138 2614 4210 ἡμῖν
2665 4137 2766 4190 οὑκ
2813 4135 3181 4207 ἐπιτρέποντα
3216 4134 3353 4206 πρὸς
3388 4135 3631 4190 τοιοῦτον

1949 4229 2168 4298 ἀφεῖναι
2195 4228 2287 4282 τὸν
2304 4227 2462 4297 λόγον
2495 4225 2764 4294 πέλαγοςο
2785 4222 2972 4294 διόπερ
2999 4221 3174 4278 ταῦτα
3194 4223 3274 4294 τῷ
3299 4224 3630 4296 προσήκοντι

1950 4312 2132 4386 καιρῷ
2155 4313 2602 4385 ταμιευσάμενοι,
2635 4310 2798 4366 πάλιν
2825 4311 2956 4381 περὶ
2983 4310 3084 4381 τῆς
3107 4308 3217 4363 τῶν
3247 4311 3429 4381 ὅρκων
3451 4311 3632 4365 ἀπαλ-

1950 4400 2128 4471 λαγῆς
2157 4402 2286 4473 ὑμῖν
2315 4399 2668 4470 διαλεξόμεθα
2691 4441 2706 4466 ,
2741 4399 2837 4454 καὶ
2863 4397 3322 4469 παρακαλέσομεν
3347 4398 3503 4469 ὑμῶν
3529 4398 3632 4470 τήν

1951 4487 2174 4558 ἀγάπην
2227 4485 2394 4558 πολλῇ
2446 4485 2576 4556 περὶ
2630 4486 2691 4538 τὸ
2728 4487 2963 4558 πρᾶγμα
2994 4483 3155 4539 τοῦτο
3205 4486 3515 4557 χρήσασθαι
3559 4489 3628 4559 τῇ

1955 4575 2181 4645 σπουδῇ.
2221 4572 2346 4637 Πῶς
2370 4573 2481 4645 γάρ
2516 4574 2618 4628 οὐκ
2663 4574 2860 4628 ἀτννπον
2909 4573 3132 4644 οἰκέτην
3164 4573 3262 4645 μέν
3315 4574 3390 4646 μὴ
3424 4574 3630 4646 τολμᾷν

1954 4661 2014 4728 ἐξ
2053 4661 2320 4732 ὀνόματος
2364 4659 2458 4714 τὸν
2509 4659 2786 4731 δεσπότην·
2821 4659 2912 4714 τὸν
2969 4658 3166 4714 ἐαυτοῦ
3213 4660 3398 4714 καλεῖν
3421 4699 3438 4724 ,
3495 4661 3631 4730 μηδέ

1954 4749 2143 4814 ἀπλῶς
2193 4748 2292 4804 καὶ
2327 4748 2402 4813 ὡς
2447 4747 2638 4820 ἐτυχε’
2687 4749 2777 4803 τὸν
2818 4749 2876 4803 δέ
2928 4748 3038 4804 τῶν
3071 4749 3320 4818 ἀγγέλων
3350 4747 3630 4820 Δεσπότην

1957 4837 2144 4902 ἀπλῶς
2175 4838 2268 4893 καὶ
2303 4837 2443 4910 μετά
2475 4837 2677 4909 πολλῆς
2713 4837 2812 4907 τῆς
2849 4839 3315 4910 καταφρονήσεως
3351 4837 3630 4908 πανταχοῦ

1955 4925 2312 4999 περιφέρειν;
2346 4925 2452 4981 κάν
2489 4924 2586 4996 μὲν
2633 4925 2969 4996 Εὑαγγέλιον
3017 4927 3310 4995 κατασχεῖν
3357 4924 3490 4997 δέῃ,
3529 4925 3631 4991 τάς

1956 5016 2145 5085 χεῖρας
2172 5013 2603 5084 ἀπονιψάμενος,
2648 5012 2788 5084 μετά
2825 5013 3025 5084 πολλῆς
3051 5013 3153 5082 τῆς
3188 5011 3372 5076 αἰδοῦς
3405 5013 3500 5068 καὶ
3528 5013 3634 5085 τῆς

1958 5099 2245 5163 εὐλαϐείας
2277 5100 2516 5173 φρίττων
2571 5101 2666 5155 καὶ
2715 5098 2966 5163 δεδοικὼς
2994 5100 3246 5169 κατέχεις
3269 5115 3284 5130 ο
3323 5099 3415 5154 τὸν
3447 5101 3506 5154 δέ
3536 5102 3633 5156 τοῦ

1959 5187 2291 5256 Εὑαγγελίου
2319 5189 2596 5258 Δεσπότην
2639 5187 2826 5251 ἀπλῶς
2869 5188 2964 5241 ἐπὶ
2996 5188 3096 5260 τῆς
3129 5185 3380 5259 γλώττης
3427 5207 3634 5245 παντα-

1959 5274 2056 5346 χοῦ
2087 5273 2435 5346 περιφέρεις;
2468 5276 2658 5330 Βούλει
2711 5275 2903 5348 μαθεῖν
2931 5275 3049 5339 πῶς
3073 5275 3235 5331 αὑτὸν
3273 5276 3531 5333 καλοῦσιν
3575 5279 3634 5333 αι

1960 5362 2075 5417 ἀνω
2107 5362 2386 5434 δυνάμεις,
2412 5363 2528 5435 μεθ’
2557 5367 2690 5436 ὅσης
2718 5363 2921 5434 φρίκης
2941 5403 2958 5428 ,
2990 5363 3109 5435 μεθ’
3135 5365 3270 5437 ὅσης
3292 5365 3634 5438 ἐκπλήξεως,

1963 5451 2083 5525 μεθ’
2120 5452 2246 5507 ὃσου
2277 5450 2592 5523 θαύματος;
2639 5452 2824 5508 Εἶδον
2866 5453 2974 5507 τὸν
3016 5454 3237 5522 Κύριον
3266 5454 3636 5525 καθήμενον,

1959 5539 2156 5610 φησὶν,
2195 5539 2295 5592 ἐπὶ
2331 5539 2546 5608 θρόνου
2584 5539 2835 5610 ὑψηλοῦ
2869 5539 2968 5596 καί
3007 5540 3351 5614 ὲπηρμέῡιου
3375 5581 3394 5609 ,
3432 5542 3531 5596 καὶ
3565 5545 3644 5607 τὸ

131 5640 234 5691 καὶ
293 5636 468 5705 σιγῇ.
511 5633 625 5688 Kal
662 5633 856 5685 σκόπει
887 5630 1023 5684 Θεοῦ
1084 5629 1443 5702 κηδεμονίαν·
1493 5629 1594 5686 οὑκ
1631 5631 1860 5686 ἐκάλεσε
1962 5626 2227 5696 Σεραφὶμ
2259 5623 2646 5693 είστήκεισαν
2678 5629 2882 5697 κύκλῳ
2926 5628 3149 5695 αὐτοῦ,
3181 5627 3647 5697 καῖἐκέκραγον

201 5848 232 5877 ⁸
262 5842 432 5896 Sac“
475 5847 530 5891 el
548 5839 632 5892 alii
652 5840 851 5902 quidam
875 5837 1110 5897 ἐποιήσω.

201 5907 240 5949 δ
267 5906 400 5955 Alli
426 5905 548 5951 ἀλλὰ
567 5903 783 5965 προνοῶν
804 5902 885 5949 καὶ
905 5903 1181 5965 κηδόμενος.

216 5967 242 5994 ⁸
259 5965 434 6019 5⁸111
470 5964 668 6043 diyerso
694 5975 865 6028 sensu,
889 5965 964 6015 διὰ
987 5971 1072 6024 τῆς
1097 5964 1357 6022 διαλέξεως.

2021 5841 2046 5881 d
2070 5836 2220 5887 Savil.
2245 5840 2298 5887 et
2318 5837 2506 5900 aliquot
2537 5853 2656 5889 mss;
2683 5839 2852 5890 τοῦτο·
2877 5841 2987 5890 οὐδὲ
3007 5838 3097 5902 γὰρ
3120 5839 3168 5887 ἐν
3189 5838 3330 5945 ΜΕ·

2025 5905 2048 5931 ε
2071 5899 2219 5945 Savll.
2237 5901 2752 5945 naomiwumzllorel.
2774 5903 3128 5945 παααδείινυσι.
3148 5899 3232 5945 aui
3295 5905 3330 5942 ll

1965 5899 2219 6024 αξξ-ἐξέξ-
2237 5899 2752 5966 παρσιμῖγνυσιιθιοτει.
2774 5899 3128 5967 παραδεικνυάι,
3148 5899 3343 5959 quidam
3368 5903 3484 5941 mss.
3509 5908 3694 5965 an",
