4070 6208
431 339 500 394 97
1283 331 1322 385 S
1375 327 1661 386 JOANNIS
1691 325 2186 386 CHRYSOSTOMI
2224 325 2546 385 ABCHIEP.
2587 325 3141 386 CONSTANTINOP.
3325 371 3332 380 .
3783 329 3856 388 98

415 452 618 523 ἕτερος
656 449 805 518 πρὸς
831 447 939 506 τὸν
969 446 1192 513 ἕτερον,
1229 444 1328 498 καί
1365 444 1606 514 ἔλεγον·
1639 444 1834 514 Ἄγιος
1856 483 1870 507 ,
1895 443 2081 512 ἅγιος,

414 538 580 607 ἅγιος
612 537 828 606 Κύριος
865 531 1140 588 σαϐαώθ·
1171 529 1409 601 πλήρης
1451 529 1619 587 πᾶσα
1650 533 1686 598 ἡ
1733 530 1808 601 γῆ
1841 529 1950 598 τῆς
1989 530 2087 582 δό-

414 626 530 693 ξης
569 621 779 678 αὐτοῦ.
813 619 966 684 Εἶδες
1002 619 1120 690 μεθ’
1153 620 1279 674 ὅσου
1313 618 1479 688 φόϐου
1500 659 1516 682 ,
1559 618 1682 688 μεθ’
1709 619 1843 690 ὅσης
1885 617 2086 688 φρίκης

414 713 640 768 καλοῦσι
692 708 1066 778 δοξολογοῦσαι
1117 707 1213 762 καὶ
1246 707 1548 778 ὑμνοῦσαι;
1586 707 1657 760 Σὺ
1709 705 1765 758 δέ
1805 707 1864 758 ἐν
1902 706 2086 774 εὐχαῖς

419 801 516 871 μέν
549 799 643 852 καὶ
676 797 978 868 ἱκετηρίαις
1019 797 1160 866 μετά
1203 795 1404 866 πολλῆς
1441 795 1601 848 αὑτὸν
1639 792 1822 856 καλεῖς
1861 794 1958 863 τῆς
1989 795 2087 863 ρᾳ-

415 889 640 959 θυμίας,
667 887 756 940 ὅτε
786 886 1030 957 φρίττειν
1061 884 1188 946 ἔδει,
1214 883 1308 937 καὶ
1329 882 1713 954 ἐγρηγορέναι,
1743 882 1836 934 καὶ
1860 882 2049 951 νήφειν
2071 897 2084 911 ι

415 979 472 1030 ἐν
505 978 688 1047 ὅρκοις
731 974 786 1030 δέ
835 975 921 1028 ὅτε
960 973 1068 1026 οὐδ’
1095 973 1229 1036 ὅλως
1270 972 1328 1026 τὸ
1371 971 1680 1042 θαυμαστὸν
1728 969 1888 1024 τοῦτο
1917 971 2087 1038 ὄνομα

415 1065 686 1138 παράγειν
711 1062 898 1136 ἐχρῆν,
925 1061 1200 1124 ποικίλους
1231 1060 1380 1124 τινάς
1404 1060 1496 1112 καὶ
1527 1059 1861 1129 ἐπαλλήλους
1891 1059 2087 1127 ὅρκους

418 1153 706 1224 συνείρεις.
751 1153 860 1206 Καὶ
891 1150 1020 1204 ποία
1057 1141 1383 1220 συγγνώμη,
1423 1149 1503 1212 τίς
1536 1149 1591 1201 δέ
1613 1151 1744 1220 ἡμῖν
1775 1148 1926 1202 ἔσται
1953 1149 2087 1200 ἀπο-

416 1241 573 1311 λογία
597 1283 612 1306 ,
653 1240 754 1300 κᾶν
806 1239 1062 1312 μυριάκις
1097 1237 1384 1307 συνήθειαν
1423 1235 1888 1308 προϐαλλώμεοα;
1915 1237 2086 1304 Λέγε-

415 1329 504 1383 ταί
529 1347 613 1390 τις
657 1328 763 1381 τῶν
801 1325 998 1392 ἔξωθεν
1035 1325 1280 1396 ρητόρων
1319 1323 1422 1376 ὑπό
1463 1341 1607 1386 τινος
1639 1323 1926 1394 συνηθείας
1967 1323 2088 1378 ἀλό-

417 1437 513 1489 γου
547 1419 639 1472 τὸν
671 1415 842 1482 δεξιὸν
872 1414 1108 1484 συνεχῶς
1135 1407 1284 1483 ὦμον
1309 1415 1479 1465 κινεῖν
1515 1412 1768 1482 βαδίζων,
1797 1411 1909 1464 ἀλλ’
1940 1411 2088 1480 ὅμως

416 1504 762 1576 περιεγένετο
786 1503 886 1572 τῆς
911 1499 1219 1572 συνηθείας,
1245 1502 1339 1553 καὶ
1365 1500 1643 1572 μαχαίρας
1669 1501 1937 1569 ἀκονήσας
1963 1500 2092 1550 ἐκα-

415 1589 656 1664 τέρωθεν
689 1589 926 1660 ἐπέθηκε
958 1591 1070 1651 τοῖς
1101 1585 1300 1658 ὤμοις,
1323 1587 1462 1640 ὥστε
1490 1586 1566 1658 τῷ
1599 1586 1748 1657 φόϐῳ
1781 1586 1882 1656 τῆς
1915 1587 2090 1658 τομῆς

420 1678 752 1750 σωφρονίσαι
791 1678 851 1730 τὸ
897 1675 1055 1746 μέλος
1094 1675 1339 1745 ἀκαίρως
1386 1675 1701 1744 κινούμενον
1728 1692 1741 1705 -
1783 1673 1941 1727 τοῦτο
1996 1673 2089 1728 καὶ

421 1767 485 1818 συ
518 1765 740 1832 ποίησον
772 1765 863 1816 ἐπὶ
890 1765 987 1833 τῆς
1016 1763 1261 1831 γλώττης
1282 1801 1296 1826 ,
1327 1763 1420 1815 καὶ
1451 1763 1569 1815 ἀντί
1601 1762 1873 1834 μαχαίρας
1907 1759 2090 1823 ἐπίθες

418 1853 556 1922 αὐτῇ
592 1853 682 1906 τὸν
729 1851 890 1919 φόϐον
944 1851 1041 1920 τῆς
1089 1849 1181 1902 τοῦ
1223 1847 1357 1901 Θεοῦ
1397 1850 1701 1914 κολάσεως,
1733 1852 1826 1904 καὶ
1863 1848 2091 1922 περιέσῃ

421 1938 657 2001 πάντως.
698 1938 1003 2007 Ἀμήχανον
1044 1937 1149 2007 γάρ
1175 1976 1188 2000 ,
1241 1937 1519 2008 ἀμήχανον
1571 1935 1949 2007 μεριμνῶντας
1997 1937 2091 1988 καὶ

423 2023 822 2087 σπουδάζοντας
869 2023 964 2077 καὶ
996 2022 1154 2094 ἔργον
1199 2021 1357 2074 τοῦτο
1406 2021 1761 2091 ποιουμένους
1793 2021 2092 2092 ήττηθῆναί

421 2129 574 2166 ποτε.
622 2113 922 2166 Ἐπαινεὴε
959 2110 1054 2164 νῦν
1079 2109 1147 2163 τὰ
1167 2109 1478 2182 εἰρημένα,
1518 2109 1632 2162 ἀλλ’
1657 2111 1782 2161 ὅταν
1814 2107 2088 2179 κατορθώ-

423 2217 575 2271 σητε,
607 2198 870 2270 μειζόνως
898 2197 1268 2260 ἐπαινέσεσθε,
1300 2200 1400 2268 οὐχ
1433 2199 1578 2268 ἡμᾶς
1613 2197 1793 2268 μόνον,
1829 2195 1965 2250 ἀλλά
1997 2197 2090 2250 καὶ

423 2289 568 2359 ὑμᾶς
600 2289 826 2353 αὐτοὺς,
863 2289 956 2341 καὶ
985 2287 1126 2361 μετά
1159 2285 1414 2356 πλείονος
1443 2287 1540 2357 τῆς
1569 2286 1762 2357 ήδονῆς
1787 2285 2087 2339 ἀκούσεσθε

2189 443 2298 497 τῶν
2329 443 2656 513 λεγομένων,
2683 444 2777 495 καὶ
2817 442 2954 514 μετὰ
2982 441 3223 516 καθαροῦ
3249 441 3344 496 τοῦ
3377 441 3674 506 συνειδότος
3696 443 3859 496 καλέ-

2191 547 2311 582 σετε
2341 530 2432 584 τὸν
2462 529 2592 582 Θεὸν
2611 569 2625 592 ,
2659 529 2718 593 ὃς
2745 527 2889 582 οὕτω
2922 547 3014 582 σου
3061 529 3300 600 φείδεται
3326 569 3341 594 ,
3369 527 3445 590 ὡς
3474 529 3672 581 εἰπεῖν·
3699 529 3864 598 Μηδὲ

2187 618 2336 670 κατὰ
2379 615 2492 684 τῆς
2541 615 2812 684 κεφαλῆς
2839 631 2956 670 σου
3011 617 3242 685 ὀμόσῃς
3263 632 3276 646 ·
3313 615 3376 668 σὺ
3405 614 3461 666 δέ
3492 613 3663 678 οὕτως
3697 615 3865 669 αὐτοῦ

2187 705 2550 774 καταφρονεῖς
2573 744 2586 766 ,
2615 703 2692 767 ώς
2741 704 2835 756 καὶ
2881 703 3022 756 κατά
3057 702 3156 774 τῆς
3207 701 3374 757 αὑτοῦ
3408 701 3564 772 δόξης
3613 700 3859 772 ὀμνύναι.

2188 793 2297 846 Καὶ
2344 792 2398 846 τί
2432 789 2590 844 πάθω
2619 801 2660 858 ⁸,
2710 790 2874 862 φησὶ,
2909 790 3044 862 πρὸς
3089 792 3214 854 τοὺς
3248 791 3493 860 ἀνάγκην
3525 788 3857 860 ἐπάγονταςς

2189 881 2356 934 Ποίαν
2408 879 2688 949 ἀνάγκην,
2743 877 3031 948 άνθρωπε;
3082 877 3416 932 Μαθέτωσαν
3469 878 3740 941 ἅπαντες,
3781 879 3857 931 ὃτι

2189 967 2366 1020 πάντα
2399 966 2590 1038 αἰρέσῃ
2621 965 2832 1030 παθεῖν,
2868 965 2900 1035 ἢ
2931 965 3021 1018 τὸν
3052 965 3146 1018 τοῦ
3173 963 3307 1018 Θεοῦ
3337 957 3654 1034 παραϐῆναι
3676 965 3838 1040 νόμον

2189 1053 2304 1127 [91]
2335 1056 2426 1108 καὶ
2457 1054 2855 1123 ἀποστήσονται
2880 1053 2976 1123 τῆς
3008 1053 3410 1122 ἀνάγκης.”οτι
3445 1051 3552 1124 γὰρ
3577 1053 3675 1122 οὐχ
3705 1049 3833 1123 ὄρκο

2187 1143 2500 1207 ἀξιόπιστον
2535 1142 2708 1203 ποιεῖ,
2761 1139 2897 1194 ἀλλά
2953 1139 3066 1209 βίου
3117 1139 3392 1211 μαρτυρία
3443 1137 3537 1192 καὶ
3587 1137 3830 1191 πολιτεία

2188 1230 2472 1302 ἀκρίϐεια,
2519 1227 2610 1282 καὶ
2644 1225 2909 1298 ὑπόληψις
2941 1225 3156 1297 ἀγαθὴ,
3186 1225 3372 1279 πολλοὶ
3423 1225 3685 1288 πολλάκις
3721 1225 3832 1293 διερ

2191 1318 2437 1388 ῥάγησαν
2473 1313 2762 1386 ὀμνύντες,
2793 1315 2886 1367 καὶ
2911 1313 3098 1365 ούδένα
3146 1312 3403 1378 ἔπεισαν,
3435 1311 3611 1383 ἕτεροι
3654 1311 3708 1364 δέ
3747 1314 3834 1364 ἐπι

2190 1404 2477 1466 νεύσαντες
2509 1403 2702 1472 μόνον,
2733 1401 3160 1470 ἀξιοπιστότεροι
3206 1400 3312 1452 τῶν
3358 1399 3593 1452 τοσαῦτα
3643 1399 3838 1469 ὀμωμο

2191 1493 2365 1546 κότων
2416 1483 2713 1562 ἐφάνησαν,
2745 1489 2906 1543 Ταῦτ’
2945 1485 3038 1543 οῦν
3090 1488 3292 1552 εἰδότες
3331 1487 3580 1553 ἅπαντα,
3634 1485 3727 1539 καὶ
3765 1484 3834 1556 τὴ

2191 1579 2449 1650 κειμένην
2482 1581 2593 1642 τοῖς
2638 1595 2696 1630 τε
2727 1577 2985 1648 ὀμνύουσι
3017 1579 3128 1640 τοῖς
3176 1589 3234 1628 τε
3278 1575 3595 1646 ἐπιορκοῦσι
3645 1572 3848 1625 κόλασιε

2193 1667 2298 1738 πρὸ
2332 1667 2436 1720 τῶν
2466 1665 2756 1736 ὀφθαλμῶν
2789 1665 3106 1734 βλέποντες,Δ
3133 1663 3458 1732 ἀποστῶμεν
3491 1661 3588 1731 τῆς
3621 1660 3855 1734 πονηρᾶς

2193 1754 2477 1825 συνηθείας
2498 1793 2511 1818 ,
2545 1755 2611 1807 ἵν’
2641 1753 2888 1806 ἐντεῦθεν
2939 1753 3032 1806 καὶ
3067 1751 3202 1823 πρὸς
3249 1751 3316 1803 τὰ
3353 1749 3513 1802 λοιπά
3559 1747 3865 1819 βαδίζοντες

2193 1841 2591 1914 κατορθώματα
2617 1882 2630 1904 ,
2661 1841 2768 1894 τῶν
2801 1841 3102 1912 μελλόντων
3127 1839 3346 1908 ἀγαθῶν
3379 1837 3722 1907 ἐπιτύχωμεν
3741 1876 3754 1898 ,
3785 1828 3866 1888 ὧν

2192 1929 2402 1998 γένοιτο
2430 1929 2636 1991 πάντας
2662 1929 2807 1998 ἡμᾶς
2842 1926 3171 1996 ἀξιωθῆναι,
3205 1927 3391 1998 χάριτι
3418 1924 3510 1978 καὶ
3552 1923 3864 1993 φιλανθρω-

2195 2017 2294 2086 πίᾳ
2326 2013 2420 2068 τοῦ
2455 2014 2661 2086 Κυρίου
2697 2013 2852 2086 ήμῶν
2893 2013 3069 2086 Ἰησοῦ
3097 2013 3332 2085 Χριστοῦ
3357 2053 3372 2077 ,
3407 2011 3474 2065 δι’
3510 2005 3570 2064 οῦ
3613 2011 3709 2064 καὶ
3742 2009 3867 2080 μεθ’

2195 2095 2255 2155 οῦ
2288 2103 2366 2173 τῷ
2395 2103 2568 2174 Πατρὶ
2597 2103 2711 2175 ἅμα
2739 2103 2816 2174 τῷ
2848 2103 2987 2174 άγίῳ
3003 2102 3280 2174 Πνεύματι
3299 2101 3445 2166 δόξαν
3469 2099 3685 2172 κράτος.
3706 2097 3866 2170 τιμὴν

2198 2189 2292 2242 νῦν
2319 2189 2412 2245 καὶ
2443 2191 2550 2254 ἀεὶ,
2582 2191 2675 2244 καὶ
2699 2193 2778 2252 είς
2805 2191 2930 2255 τοὺς
2960 2190 3162 2254 αἰῶνας
3189 2189 3298 2243 τῶν
3322 2187 3556 2262 αἰώνων.
3597 2187 3784 2257 Ἀμήν.

2261 2296 2286 2322 ⁸
2310 2293 2459 2346 Savil.
2487 2295 2566 2344 καὶ
2592 2295 2637 2343 τί
2659 2295 2864 2352 ποιῆσω.

421 2657 736 2734 Προτροπὴ
763 2659 850 2722 είς
885 2655 1128 2724 ἀρετήν·
1172 2654 1270 2708 καί
1302 2656 1389 2722 εις
1437 2657 1526 2720 τὸ,
1567 2653 1892 2725 Περιεπάτει
1933 2657 1961 2708 ό
1999 2654 2131 2718 Θεὸς
2163 2655 2222 2708 τὸ
2255 2655 2478 2709 δειλινὸν
2518 2658 2574 2710 ἐν
2607 2656 2684 2726 τῷ
2728 2656 3070 2728 παραδείσῳ·
3123 2658 3220 2712 καί
3271 2659 3403 2726 περὶ
3459 2659 3566 2714 τοῦ
3621 2659 3866 2728 φεύγειν

1922 2747 2062 2812 τοὺς
2106 2746 2336 2815 ὅρκους.

1102 3029 1323 3100 ὀμιλία
1361 3037 1434 3098 η’.

499 3121 574 3182 α’.
591 3121 831 3189 Ἐγνωτε
849 3116 1042 3192 πρώην
1069 3117 1182 3180 πῶς
1198 3118 1347 3170 πᾶσα
1363 3117 1552 3189 Γραφὴ
1575 3117 1916 3188 παράκλησιν
1941 3117 2094 3188 φέρει

428 3213 523 3267 καὶ
561 3205 934 3280 παραμυθίαν,
972 3203 1076 3257 κᾶν
1120 3203 1356 3272 ἱστορίας
1387 3200 1721 3276 διήγησις·
1748 3206 1840 3258 καὶ
1869 3205 1979 3275 γάρ
2009 3204 2090 3269 τὸ,

441 3301 544 3353 Ἐν
566 3293 722 3365 ἀρχῇ
742 3292 1029 3359 ἐποίησεν
1054 3293 1086 3345 ό
1109 3289 1252 3355 Θεὸς
1285 3291 1394 3345 τὸν
1417 3293 1676 3361 οὐρανὸν
1700 3293 1795 3346 καὶ
1825 3291 1939 3358 τὴν
1956 3289 2090 3358 γῆν,

429 3381 670 3454 ἱστορίας
702 3377 958 3449 ἐξήγησις
997 3372 1086 3448 ἦν,
1115 3375 1228 3430 ἀλλ’
1258 3375 1456 3440 ἔδειξεν
1492 3380 1521 3430 ὁ
1556 3378 1713 3446 λόγος
1759 3377 1960 3447 πολλῆς
1997 3377 2090 3445 γέ-

433 3485 640 3544 μουσαν
668 3463 1022 3537 παραμυθίας
1041 3463 1142 3533 τὴν
1173 3462 1330 3532 ῥῆσιν
1350 3478 1364 3492 ·
1397 3456 1529 3526 οἷον,
1555 3463 1638 3516 ὅτι
1667 3463 1860 3534 διπλῆν
1889 3463 2094 3534 τράπε-

429 3557 530 3624 ζαν
549 3558 577 3610 ό
597 3554 731 3618 Θεὸς
759 3551 1004 3622 ἐποίησε,
1033 3549 1138 3620 γῆν
1159 3551 1253 3602 καὶ
1273 3549 1544 3604 θάλατταν
1567 3548 1702 3619 ὁμοῦ
1731 3549 1974 3621 προθεὶς,
1999 3552 2093 3604 καὶ

429 3643 728 3715 φωστῆρας
757 3637 1000 3705 διπλοῦς,
1037 3638 1186 3708 ἥλιον
1215 3637 1309 3692 καὶ
1339 3638 1588 3710 σελήνην,
1627 3637 1837 3707 ἀνάψας
1865 3637 2092 3703 ἄνωθεν,

429 3731 526 3788 καὶ
545 3725 736 3784 διπλοῦ
766 3725 967 3800 δρόμου
993 3723 1206 3796 καιρὸν,
1231 3723 1445 3796 ἡμέραν
1472 3723 1566 3778 καὶ
1593 3725 1764 3778 νύκτα
1786 3725 2095 3795 ἐργασάμε-

427 3835 542 3882 νος,
579 3815 674 3871 καὶ
701 3814 802 3883 τὴν
841 3814 938 3882 μέν
979 3813 1060 3873 εἰς
1087 3811 1372 3882 ἐργασίαν,
1409 3811 1508 3880 τὴν
1539 3811 1597 3864 δέ
1647 3813 1727 3875 εἰς
1766 3811 2092 3866 ἀνάπαυσιν.

500 3904 577 3957 Ού
610 3900 719 3970 γὰρ
749 3898 1006 3954 ἐλάττονα
1037 3895 1136 3964 τῆς
1165 3897 1376 3966 ἡμέρας
1413 3897 1545 3965 ἡμῖν
1576 3896 1820 3966 εἰσφέρει
1850 3896 2092 3968 λειτουρ-

427 3990 554 4060 γίαν
588 3991 622 4059 ή
653 3985 748 4051 νύξ
771 4001 785 4016 ⁸
811 3983 926 4038 ἀλλ’
957 3981 1147 4051 ὥσπερ
1171 3982 1262 4034 ἐπὶ
1293 3982 1400 4034 τῶν
1430 3981 1659 4052 δένδρων
1683 3978 1852 4048 εἷπον,
1883 3982 2094 4038 ὅτιτῶν

427 4075 724 4144 ἐγκάρπων
747 4069 816 4124 τά
847 4067 1073 4140 ἄκαρπα
1109 4066 1401 4136 ἐφάμιλλον
1430 4067 1727 4136 παρέχεται
1760 4067 1966 4137 χρείαν,
1995 4068 2095 4120 ούκ

429 4160 803 4230 ἀναγκάζοντα
849 4157 997 4228 ἡμᾶς
1023 4153 1133 4208 τῶν
1167 4154 1392 4226 ἡμέρων
1427 4155 1692 4208 ἅπτεσθαι
1739 4156 1973 4226 δένδρων
2013 4157 2093 4220 εἰς

425 4250 528 4314 »νὰς
553 4247 857 4315 οἰκοδομάς·
885 4244 979 4298 καὶ
1003 4244 1110 4298 τῶν
1135 4242 1357 4313 ήμέρων
1375 4239 1529 4306 ζώων
1555 4243 1654 4296 οὐκ
1673 4243 1928 4298 ἐλάττονα
1951 4259 2092 4312 παρ-

427 4333 610 4406 έχεται
655 4330 842 4402 χρείαν
889 4332 1022 4399 ήμῖν
1075 4327 1144 4380 τά
1190 4328 1358 4397 ἄγρια
1405 4329 1499 4380 καὶ
1547 4329 1819 4398 ἀνήμερα,
1875 4329 1968 4382 καὶ
2014 4327 2094 4400 τῷ

429 4418 580 4490 φόϐῳ
596 4415 730 4488 πρὸς
741 4414 838 4478 τάς
865 4413 1046 4476 πόλεις
1075 4414 1220 4484 ἡμᾶς
1245 4411 1652 4477 συνελαύνοντα,
1682 4414 1775 4466 καὶ
1805 4431 2092 4484 προσεκτι-

427 4503 699 4576 κωτέρους
735 4499 1023 4564 ποιοῦντα,
1075 4501 1168 4553 καὶ
1214 4498 1582 4568 συσφίγγοντα
1627 4499 1762 4570 πρὸς
1809 4499 2089 4571 ἀλλήλους,

427 4592 522 4654 καὶ
550 4589 658 4644 τῶν
683 4589 779 4660 μὲν
811 4588 910 4656 τὴν
931 4585 1157 4656 δύναμιν
1181 4586 1608 4656 ἐγγυμνάςοντα,
1637 4585 1742 4639 τῶν
1769 4587 1825 4640 δὲ
1846 4588 1914 4642 τά
1936 4591 2094 4661 νοσή-

431 4695 577 4750 ματα
605 4675 800 4730 λύοντα
827 4672 1018 4743 (πολλά
1051 4672 1160 4742 γάρ
1191 4671 1250 4738 ἐξ
1275 4674 1500 4727 ἐκείνων
1529 4673 1599 4726 τὰ
1632 4673 1900 4746 φάρμακα
1923 4693 2092 4728 κατα-

427 4761 783 4827 σκευάζουσιν
827 4759 1026 4832 ἰατρῶν
1079 4759 1310 4827 παῖδες),
1357 4760 1454 4812 καὶ
1505 4759 1608 4830 τῆς
1664 4761 1898 4826 παλαιᾶς
1945 4765 2091 4834 ήμᾶς

425 4849 697 4922 ἁμαρτίας
715 4848 1216 4918 ἀναμιμνήσκοντα.
1233 4847 1400 4900 Ὅταν
1414 4847 1522 4918 γάρ
1533 4847 1770 4911 ἀκούσω,
1785 4850 1866 4902 ὃτι
1888 4852 2090 4904 Ἔσται

426 4941 461 4992 ό
491 4936 674 5006 φόϐος
701 4932 867 5004 ὑμῶν
899 4933 996 4987 καὶ
1030 4935 1063 4986 ό
1087 4933 1301 5000 τρόμος
1331 4932 1430 4985 ἐπὶ
1460 4931 1657 4988 πάντα
1683 4935 1755 4988 τὰ
1784 4935 1956 5003 θηρία
1980 4936 2090 5005 τῆς

427 5022 560 5098 γῆς,
589 5015 708 5090 εἶτα
728 5021 827 5090 τὴν
849 5019 1014 5090 τιμὴν
1036 5018 1573 5095 ἀκρωτηριασθεῖσαν
1597 5019 1689 5074 ἴδω
1709 5021 1931 5090 ταύτην,
1961 5023 2090 5078 ἀνα-

417 5109 809 5180 μιμνήσκομαι
835 5105 936 5176 τῆς
973 5104 1265 5176 ἁμαρτίας,
1293 5106 1326 5176 ἡ
1358 5105 1451 5160 καὶ
1494 5105 1584 5162 τὸν
1617 5107 1779 5176 φόϐον
1800 5107 1957 5184 ήμῶν
1996 5109 2087 5176 ἐξ-

427 5196 605 5260 ὁλυσε,
647 5195 741 5252 καὶ
773 5194 871 5263 τὴν
918 5192 1090 5268 ἀρχὴν
1120 5193 1443 5264 ὑπετέμετο,
1485 5193 1580 5246 καὶ
1612 5193 1830 5265 γίνομαι
1865 5195 2088 5265 βελτίων

427 5282 523 5336 κα)⁴
556 5279 1008 5352 σωφρονέστερος,
1054 5278 1242 5351 μαθὼν
1284 5279 1382 5351 τήν
1411 5282 1476 5334 ἐκ
1515 5280 1614 5350 τῆς
1647 5281 1919 5354 ἁμαρτίας
1955 5285 2086 5354 ἡμῖν

425 5366 796 5438 γεγενημένην
824 5378 850 5406 ει
879 5365 1104 5438 ζημίαν.
1149 5369 1358 5438 ’Ὠσπερ
1403 5362 1518 5426 οὖν,
1546 5367 1683 5436 ὅπερ
1731 5368 1888 5438 έφην,
1929 5371 1989 5424 ού
2026 5372 2088 5426 τὸ

425 5453 588 5524 τυχὸν
617 5451 699 5514 είς
732 5451 824 5502 τὸν
849 5451 960 5520 βίον
993 5455 1122 5521 ἡμῖν
1151 5453 1395 5508 συντελεῖ
1423 5453 1600 5508 ταῦτά
1631 5471 1690 5508 τε
1719 5454 1788 5509 τά
1820 5456 2085 5526 εἰρημένα

425 5539 522 5594 καὶ
547 5537 710 5609 ἔτερα
732 5535 899 5590 πλείω
927 5538 1148 5602 τούτων,
1168 5539 1309 5610 ἅπερ
1329 5540 1356 5592 ὁ
1379 5541 1608 5612 ποιήσας
1632 5535 1740 5593 οἶδε
1759 5540 1889 5604 Θεός
1909 5557 1922 5571 ·
1945 5541 2086 5596 οὕτω

424 5617 492 5698 δὴ
519 5621 668 5696 καὶὴ
700 5621 797 5688 νὺξ
817 5622 916 5676 οὐκ
945 5623 1202 5678 ἐλάττονα
1238 5625 1335 5694 τῆς
1362 5625 1578 5696 ἡμέρας
1600 5625 1839 5696 εἰσφέρει
1867 5628 2082 5698 χρῆσιν,

423 5713 728 5776 ἀνάπαυσις
755 5706 889 5766 οὖσα
921 5708 1120 5774 πόνων,
1152 5711 1246 5763 καὶ
1275 5712 1563 5781 φάρμακον
1587 5708 1720 5766 οὖσα
1742 5714 2081 5786 νοσημάτων.

488 5869 518 5940 3
540 5867 762 5940 Sail-,9!
773 5869 969 5940 quidam
1129 5867 1448 5940 ἐγγενομένηνε
1465 5869 1575 5939 Ποι
1599 5872 1796 5934 quidam
1820 5887 1931 5924 mss.
1950 5875 2079 5940 ἔφην,

425 5931 509 5990 val
605 5929 805 6002 τυχόντα
829 5933 893 5994 είς
913 5931 992 5982 τὸν
1015 5929 1113 5992 βίον
1136 5931 1270 5992 ἡμῶν
1295 5930 1523 5982 συντελεῖ.

2203 3030 2468 3095 Πολλάκις
2491 3033 2620 3100 γοῦν
2653 3034 2828 3104 ἰατροὶ
2857 3031 3026 3088 πολλά
3052 3035 3622 3106 πραγμαὴυσάμενοι,
3650 3037 3746 3089 καὶ
3771 3053 3858 3108 μυ-

2205 3118 2294 3188 ρία
2326 3120 2830 3183 κατασκευάσαντες
2855 3121 3140 3192 φάρμακα,
3171 3122 3270 3174 οὐκ
3299 3122 3524 3192 ἴσχυσαν
3555 3123 3858 3190 ἀπαλλάξαι

2203 3202 2318 3277 [92]
2343 3204 2442 3276 τῆς
2474 3205 2783 3277 ἀρρωστίας
2803 3205 2896 3260 τὸν
2929 3207 3205 3277 κάμνοντα
3229 3225 3241 3238 ·
3277 3207 3442 3272 ὕπνος
3466 3209 3523 3262 δὲ
3557 3211 3859 3281 αὐτόματος

2199 3290 2462 3356 ἐπελθὼν,
2489 3292 2552 3345 τὸ
2588 3295 2696 3346 πᾶν
2735 3293 2890 3346 ἔλυσε
2932 3294 3166 3365 νόσημα,
3206 3297 3300 3350 καὶ
3337 3296 3445 3349 τῶν
3487 3299 3694 3370 μυρίων
3719 3299 3870 3351 ἐκεί-

2197 3392 2319 3440 νους
2339 3377 2614 3450 ἀπήλλαξε
2643 3379 2820 3434 πόνων
2841 3398 2853 3412 ·
2888 3383 2950 3434 ού
2987 3381 3176 3437 παθῶν
3213 3382 3270 3435 δὲ
3317 3383 3645 3454 σωματικῶν
3675 3385 3870 3455 μόνον,

2197 3463 2334 3518 ἀλλὰ
2357 3466 2450 3518 καὶ
2473 3467 2718 3536 ψυχικῶν
2741 3466 3062 3538 νοσημάτων
3091 3469 3206 3522 ἐστὶ
3227 3471 3516 3541 φάρμακον
3545 3474 3578 3544 ή
3613 3471 3710 3538 νὺξ
3731 3473 3874 3526 ἀνα-

2197 3551 2443 3605 παύουσα
2467 3555 2563 3618 τὰς
2589 3555 2926 3626 όδυνωμένας
2951 3555 3148 3626 ψυχάς.
3175 3557 3442 3622 Πολλάκις
3465 3559 3598 3628 γοῦν
3635 3577 3720 3623 τις
3755 3562 3874 3614 ἀπ-

2195 3639 2386 3693 έϐαλεν
2406 3641 2540 3704 υίὸν,
2574 3643 2669 3694 καὶ
2700 3643 2910 3713 μυρίων
2941 3644 3116 3714 μυρία
3157 3645 3614 3715 παρακαλούντων
3635 3648 3735 3700 οὐκ
3762 3650 3868 3718 ἡν-

2197 3724 2387 3797 ἐσχετο
2410 3727 2516 3781 τῶν
2543 3728 2756 3800 θρήνων
2787 3730 3088 3801 ἀποστῆναι
3121 3732 3338 3802 καὶτῆς
3370 3735 3634 3806 οἰμωγῆς·
3667 3736 3870 3800 νυκτὸς

2192 3812 2250 3865 δὲ
2291 3813 2642 3885 ἐπελθούσης.
2684 3810 2791 3880 εἶξε
2823 3820 2888 3888 τῇ
2932 3817 3206 3887 τυραννίδι
3245 3819 3340 3872 τοῦ
3381 3819 3548 3874 ὕπνου
3582 3823 3868 3893 ἡττηθεὶς,

2193 3900 2286 3952 καὶ
2313 3901 2382 3953 τά
2407 3901 2650 3972 βλέφαρα
2687 3904 3060 3974 κατεκοίμισε,
3088 3906 3180 3957 καὶ
3209 3907 3411 3976 μικράν
3437 3925 3557 3961 τινα
3582 3909 3690 3962 τῶν
3727 3910 3874 3963 καθ-

2189 3987 2466 4059 ημερινῶν
2497 3989 2524 4028 δ
2557 3989 2744 4042 κακῶν
2783 3990 3136 4062 παραμυθίαν
3170 3993 3351 4047 ἔλαϐε.
3383 3995 3518 4066 Φέρε
3561 3996 3625 4068 δὴ
3671 3997 3872 4054 λοιπὸν

2192 4073 2328 4144 πρὸς
2353 4073 2450 4146 τὴν
2478 4075 2734 4128 ὑπόθεσιν
2761 4077 2952 4146 ἴωμεν,
2981 4077 3074 4146 ἀφ’
3101 4073 3169 4150 ἧς
3209 4081 3302 4133 καὶ
3333 4081 3506 4136 ταῦτα
3531 4084 3868 4155 εἰρήκαμεν.

2191 4161 2302 4213 Καὶ
2323 4160 2432 4232 γάρ
2460 4158 2520 4214 εὖ
2556 4157 2674 4215 οῖδα
2699 4163 2780 4214 ὅτι
2813 4163 2950 4234 πρὸς
2981 4163 3186 4236 ταύτην
3215 4169 3476 4238 κεχήνατε
3505 4169 3728 4235 πάντες,
3767 4174 3872 4227 καὶ

2191 4246 2420 4310 ἕκαστος
2452 4247 2604 4317 ὑμῶν
2629 4247 2809 4300 ὼδίνει
2842 4249 3034 4318 μαθεῖν
3069 4251 3213 4315 τίνος
3241 4251 3424 4306 ἕνεκεν
3469 4255 3570 4308 οὐκ
3593 4255 3652 4322 ἐξ
3682 4257 3872 4330 ἀρχῆς

2191 4333 2254 4388 τὸ
2286 4335 2490 4404 βιϐλίον
2527 4336 2687 4412 ’τοῦτο
2727 4337 2906 4407 ἐδόθη,
2945 4339 3060 4392 ἀλλ’
3086 4340 3205 4393 οὐδὲ
3246 4341 3344 4396 νῦν
3371 4343 3481 4413 ὁρῶ
3525 4344 3618 4397 τὸν
3665 4347 3874 4416 καιρὸν

2191 4421 2319 4476 ὄντα
2343 4423 2440 4494 τῆς
2465 4423 2771 4495 ἐξηγήσεως
2804 4425 3026 4495 ταύτης.
3065 4427 3130 4479 Τί
3166 4426 3402 4497 δήποτε;
3433 4429 3578 4503 Πρὸς
3605 4433 3668 4484 τὸ
3703 4433 3874 4498 τέλος

2191 4511 2377 4580 ήμῖνή
2421 4510 2655 4579 ἑϐδομὰς
2681 4512 2984 4583 ἀπήντησε,
3031 4515 3124 4566 καὶ
3149 4515 3364 4569 δέδοικα
3405 4517 3506 4586 τῆς
3545 4519 3874 4585 ὑποθέσεως

2191 4595 2454 4664 ἅψασθαι,
2481 4592 2601 4651 εἶτα
2630 4597 2834 4661 εὐθέως
2859 4599 3088 4668 ἐγκόψαι
3110 4602 3210 4672 τὴν
3239 4602 3608 4658 διδασκαλίαν.
3638 4607 3874 4662 Πολλῶν

2189 4681 2298 4753 γάρ
2321 4683 2516 4754 ἐφεξῆς
2541 4685 2764 4754 ἡμερῶν
2785 4687 2916 4754 ἡμῖν
2946 4689 2978 4756 ή
3010 4687 3264 4751 ὑπόθεσις
3289 4688 3456 4744 δεῖται
3478 4693 3572 4744 καὶ
3601 4693 3876 4762 συνεχοῦς

2189 4767 2290 4836 τῆς
2325 4770 2578 4839 μνήμης⁸
2615 4769 2696 4822 διὸ
2733 4770 2894 4824 πάλιν
2931 4771 3100 4841 αὐτὴν
3127 4773 3543 4844 ἀναϐαλώμεθα.
3586 4777 3754 4831 Ἀλλὰ
3785 4781 3878 4851 μὴ

2187 4852 2573 4925 δυσχεράνητε,
2611 4857 2750 4926 μετὰ
2787 4858 2948 4910 τόκου
2989 4859 3206 4921 πάντως
3247 4861 3376 4931 ὑμῖν
3413 4862 3772 4935 ἀποδώσομεν
3801 4867 3880 4920 τὸ

2189 4937 2374 5008 χρέος·
2409 4939 2550 4992 οὕτω
2582 4941 2688 5013 γὰρ
2717 4942 2812 4994 καὶ
2839 4944 2967 5013 ἡμῖν
2999 4953 3022 4982 ε
3055 4945 3166 5005 τοῖς
3203 4945 3598 5001 καταϐάλλουσι
3644 4952 3880 5021 συμφέ-

2193 5039 2302 5094 ρευ
2335 5025 2472 5088 τέως
2503 5025 2559 5078 δέ
2587 5027 2648 5080 τὸ
2694 5027 2819 5097 χθὲς
2866 5029 3234 5100 παραλειφθὲν
3268 5033 3500 5104 ἐροῦμεν
3533 5035 3649 5090 νῦν.
3685 5037 3776 5091 Τί-
3803 5040 3882 5094 δὲ

2188 5109 2250 5162 τὸ
2280 5111 2406 5181 χθὲς
2435 5113 2806 5184 παραλειφθὲν
2833 5110 2934 5185 ἦνς
2961 5116 3324 5187 Περιεπάτει,
3348 5121 3530 5190 φησίν,
3557 5125 3590 5175 ό
3613 5123 3765 5190 Θεὸς
3789 5126 3886 5180 ἐν·

2187 5195 2268 5260 τῷ
2299 5197 2638 5296 πφαδείσῳ
2673 5200 2736 5253 τό
2779 5200 3062 5256 δειλινόν.
3101 5203 3164 5256 Τί
3206 5205 3405 5274 λέγεις,
3447 5209 3567 5261 εἰπέ
3599 5227 3712 5278 μοι,
3743 5215 3884 5266 Πε-

2179 5287 2446 5350 ριεπάτει
2483 5287 2516 5339 ό
2557 5287 2736 5350 Θεός;
2771 5287 2845 5340 Οὐ
2891 5290 3208 5358 περιεπάτει
3245 5294 3274 5344 ό
3307 5294 3440 5358 Θεός
3463 5313 3475 5325 ·
3523 5296 3640 5360 πῶς
3667 5295 3778 5369 γὰρ
3833 5302 3886 5356 ὀ

2189 5371 2460 5459 πανταχοῦ
2483 5373 2698 5444 παρὼν,
2725 5376 2818 5429 καὶ
2843 5376 2911 5429 τὰ
2942 5377 3118 5432 πάντα
3149 5380 3406 5451 πληρῶν;
3437 5382 3574 5436 ἀλλὰ
3597 5385 3886 5459 τοιαύτην

2188 5455 2437 5548 ⁸ὶιίσοησιν
2459 5459 2680 5548 ἐνέθηκε
2697 5462 2786 5548 ,τῷ
2824 5464 3012 5534 Ἀδάμ,
3045 5465 3111 5518 ἵν’
3135 5467 3330 5522 ἐαυτὸν
3353 5469 3630 5542 συστείλῃ,
3663 5471 3756 5525 ἵνα

2185 5537 2572 5614 διακεχυμένος
2603 5541 2658 5620 ᾗ,
2691 5547 2778 5600 ἴνα
2813 5548 2875 5601 τὸ
2918 5554 3108 5619 φυγεῖν
3149 5555 3245 5607 καὶ
3285 5555 3554 5627 κρυϐῆναι
3577 5537 3896 5627 -μέροςντί

2185 5627 2285 5698 τῆς
2317 5630 2610 5700 ἀπολογίας
2639 5634 2975 5706 προϐάληται
3009 5637 3037 5678 ἀ
3075 5639 3167 5694 καὶ
3199 5641 3304 5712 πρὸ
3328 5639 3434 5695 τῶν
3471 5643 3734 5714 ῥημάτων
3759 5647 3900 5701 αὐ-

2245 5815 2275 5888 ξ
2297 5816 2450 5888 ἓανίί.
2477 5819 2654 5888 et_d_uq
2672 5833 2787 5888 ωδε.
2810 5824 3142 5888 μεθημερινῶν.

2249 5880 2273 5944 °_
2296 5877 2356 5944 ξε
2367 5881 2446 5944 fil.
2475 5882 2554 5944 καὶ
2571 5882 2679 5944 ὑμῖν
2700 5883 2780 5930 καὶ
2803 5877 2930 5944 ἡμῖν.

2249 5939 2275 5976 α
2301 5939 2400 5988 Alii
2422 5946 2471 5989 el
2495 5939 2642 5992 Savil.
2668 5939 3099 6007 προκαταϐἀληται.
