4070 6208
331 341 402 399 91
813 355 816 360 -
1226 328 1318 384 AD
1356 327 1678 386 POPULUH
1720 327 2215 388 ANTIOCIIENUM
2277 328 2511 388 IIOMIL.
2553 333 2688 390 VIII.
3545 347 3616 407 93

333 450 507 507 reboat
556 462 577 502 :
627 447 854 503 Sanctus
879 487 893 511 ,
939 454 1145 500 sanctus
1167 487 1182 510 ,
1228 455 1432 505 sanctus
1485 444 1733 500 Dominus
1787 444 1923 499 Dens

331 537 601 595 Sabaoth:
619 539 770 611 plena
800 538 963 592 omnis
995 547 1130 592 terra
1157 538 1321 609 gloria
1355 540 1462 610 ejus
1496 537 1661 612 (Isai.
1697 539 1750 593 6.
1785 537 1920 606 1-5).

336 631 526 686 Vidisti
548 646 669 686 cum
691 638 892 701 quanto
922 628 1115 686 timore
1131 671 1148 696 ,
1173 641 1371 701 quanto
1396 630 1620 687 horrore
1647 631 1926 686 nominaut

338 738 455 778 eum
486 721 842 793 gloriﬁcantes
871 730 928 777 et
968 721 1248 778 laudantes
1266 722 1290 775 ?
1310 723 1391 777 Tu
1429 737 1556 778 vero
1597 723 1648 777 in
1676 723 1926 793 precibus

333 813 548 883 quidem
579 824 632 869 et
657 814 1134 884 supplicationibus
1159 830 1279 870 cum
1305 816 1474 871 multo
1499 819 1716 878 invocas
1751 817 1924 887 ipsum

335 911 574 974 torpore,
601 905 814 975 quando
844 905 1158 961 horrescere
1186 907 1486 976 oportebat,
1515 915 1570 963 et
1596 908 1812 978 vigilare
1829 949 1844 974 ,
1874 916 1929 963 ct

336 995 576 1050 sobrium
633 1011 753 1052 esse
782 1015 796 1050 :
831 997 883 1051 in
915 997 1144 1066 iurando
1193 1014 1321 1054 vero
1344 1039 1359 1063 ,
1391 1015 1510 1055 cum
1566 1016 1666 1056 neo
1709 1002 1927 1062 omnino

336 1085 605 1141 adducere
653 1087 968 1142 admirabile
1013 1104 1206 1144 nomen
1257 1090 1575 1160 oportebat,
1608 1094 1752 1146 varia
1781 1108 1929 1162 quie-

337 1171 462 1233 dani
489 1188 541 1235 et
567 1178 670 1233 alia
691 1193 853 1249 super
878 1180 981 1234 alia
1006 1182 1282 1236 connectis
1306 1182 1628 1250 juramenta.
1666 1184 1730 1240 Et
1755 1185 1928 1253 qualis

335 1270 527 1335 venia,
555 1285 673 1339 qua:
713 1285 841 1324 vero
884 1270 1038 1326 nobis
1077 1273 1178 1326 erit
1219 1273 1527 1340 excusatio,
1571 1275 1697 1329 licet
1737 1275 1932 1331 millies

337 1360 780 1415 consuetudinem
832 1360 1146 1431 objiciamus
1179 1363 1203 1404 ⁷
1258 1363 1460 1418 Dicitur
1514 1364 1654 1434 quod
1714 1365 1928 1435 quidam

339 1461 684 1505 externorum
715 1461 987 1506 oratorum
1017 1451 1091 1523 (a)
1133 1468 1241 1522 pra}
1266 1454 1491 1523 quadam
1521 1456 1680 1510 stulta
1706 1471 1932 1511 consuc-

343 1542 528 1595 tudine
552 1542 829 1596 dexterum
859 1541 1036 1597 eundo
1086 1542 1363 1598 humerum
1404 1545 1619 1601 assidue
1649 1548 1890 1602 movebat
1910 1589 1924 1610 ,

338 1633 435 1686 sed
479 1643 654 1686 tamen
701 1632 1143 1688 consuetudinem
1193 1635 1356 1701 vicit,
1407 1644 1460 1690 et
1502 1636 1708 1705 gladios
1747 1646 1932 1693 acutos

337 1723 610 1792 utrimque
635 1723 869 1778 humeris
899 1724 1169 1793 imposuit,
1204 1735 1259 1779 ut
1282 1727 1516 1782 vulneris
1544 1729 1734 1784 timore
1764 1745 1933 1784 mem-

337 1815 496 1869 brum
519 1814 696 1884 iuepte
725 1829 784 1870 se
817 1830 1038 1870 movens
1075 1817 1404 1886 corrigeret:
1439 1817 1541 1872 hoc
1567 1828 1620 1872 et
1649 1827 1704 1873 tu
1741 1820 1934 1890 linguae

338 1903 532 1969 facias,
566 1913 621 1960 et
653 1905 751 1976 ipsi
783 1920 880 1974 pro
904 1906 1080 1976 gladio
1114 1906 1307 1962 divinae
1348 1922 1522 1978 poenae
1562 1910 1806 1966 timorem
1835 1912 1937 1966 im-

340 2010 515 2066 pone,
545 2005 601 2051 et
643 1996 864 2052 omnino
909 1999 1202 2068 superabis.
1239 1999 1572 2070 [inpossibile
1614 2004 1794 2070 enim,
1830 2005 1933 2059 im-

343 2089 634 2158 possibile,
681 2090 895 2160 inquam
922 2132 936 2155 ,
977 2102 1059 2145 est
1108 2092 1428 2148 meditantes
1456 2104 1511 2149 et
1555 2095 1832 2151 studentes
1881 2107 1938 2153 et

339 2194 479 2249 opus
522 2179 624 2235 hoc
674 2181 929 2237 facientes
979 2198 1227 2253 umquam
1282 2186 1546 2253 superari.
1591 2187 1739 2242 Dicta
1793 2204 1936 2244 nunc

344 2270 572 2326 laudatis
592 2312 607 2336 ,
639 2271 732 2326 sed
765 2288 886 2328 cum
915 2274 1142 2329 correcti
1164 2276 1398 2343 fueritis,
1425 2278 1592 2348 magis
1621 2277 1937 2352 laudabitis,

409 2451 483 2515 (a)
516 2452 892 2502 Demosthenes.

2032 461 2136 501 nou
2163 454 2366 504 tantum
2398 464 2496 504 nos
2514 492 2530 518 ,
2553 449 2649 507 sed
2673 459 2726 506 et
2753 466 2848 508 vos
2875 455 3018 524 ipsos
3039 497 3054 519 ,
3071 465 3126 513 et
3155 473 3276 516 cum
3305 461 3509 532 majore
3532 483 3618 522 νο·
3643 511 3651 532 ,

2030 535 2231 606 luptate
2250 538 2476 595 audietis
2501 557 2620 610 qua:
2647 541 2927 613 dicentur,
2950 555 3149 604 etcum
3175 566 3306 622 pura
3335 557 3616 615 conscien-
3645 535 3651 547 ’

2033 628 2101 691 tia
2135 629 2296 686 Deum
2323 631 2656 701 invocabitis,
2689 636 2778 706 qui
2807 645 3008 694 tantum
3036 639 3128 696 tibi
3160 643 3346 712 parcit,
3372 657 3426 700 ut
3453 649 3616 716 dicat,

2036 720 2214 790 Neque
2247 740 2338 794 per
2361 734 2513 796 caput
2538 735 2676 780 tuum
2691 728 2894 798 jurabis
2916 728 3130 802 (Matth.
3153 732 3206 794 5.
3239 733 3378 805 36);
3406 747 3461 792 tu
3491 755 3618 797 vero

2031 815 2110 870 sic
2138 814 2308 884 ipsum
2333 819 2636 874 contemnis
2655 860 2670 886 ,
2699 828 2754 874 ut
2789 829 2843 875 et
2870 836 2970 892 per
3003 822 3167 894 ipsius
3193 824 3418 896 gloriam
3444 831 3616 900 jures.

2033 905 2099 959 Et
2125 906 2248 975 quid
2280 906 2468 963 faciam
2495 951 2510 976 ,
2548 910 2753 981 inquiet
2795 913 2985 983 aliquis
3010 955 3024 978 ,
3056 915 3313 972 adversus
3352 934 3447 974 eos
3467 961 3484 986 ,
3531 924 3619 992 qui

2035 998 2404 1052 necessitatem
2472 1000 2770 1056 inducunt?
2829 1003 3050 1071 Qualem
3122 1008 3536 1076 necessitatem,
3589 1029 3622 1068 ο

2035 1085 2238 1163 homo?
2275 1088 2490 1145 Discant
2531 1105 2718 1165 omnes
2763 1102 2815 1148 te
2858 1096 3036 1152 omnia
3082 1097 3240 1154 malle
3291 1101 3428 1170 pati,
3458 1117 3620 1173 quam

2035 1175 2128 1230 Dei
2151 1177 2318 1248 legem
2337 1182 2656 1250 transgredi,
2673 1192 2727 1238 et
2753 1184 2819 1240 ab
2844 1184 3114 1242 inferenda
3143 1191 3461 1248 necessitate
3482 1192 3625 1250 desi-

2035 1277 2194 1322 stent.
2225 1268 2375 1336 Quod
2396 1272 2536 1326 enim
2568 1288 2672 1328 non
2698 1274 3060 1342 juramentum
3084 1279 3189 1336 fide
3209 1281 3425 1352 dignum
3447 1284 3624 1340 homi-

2037 1374 2156 1413 nem
2188 1359 2372 1428 faciat,
2398 1363 2493 1417 sed
2541 1364 2663 1418 vita:
2694 1368 3084 1435 testimonium,
3117 1380 3172 1428 et
3201 1376 3625 1435 conversationis

2036 1449 2310 1519 integritas
2329 1493 2345 1518 ,
2371 1461 2425 1506 et
2452 1469 2604 1510 mens
2633 1455 2768 1511 bona
2790 1499 2804 1524 ,
2835 1474 2978 1530 smpe
3009 1463 3155 1516 multi
3180 1462 3421 1534 jurantes
3448 1467 3625 1525 dism-

2037 1540 2112 1609 pti
2157 1552 2318 1608 sunt,
2347 1551 2403 1597 et
2443 1559 2549 1599 non
2596 1559 3005 1617 persuaserunt;
3036 1554 3125 1608 alii
3167 1570 3298 1611 vero
3326 1569 3624 1616 annuentes

2037 1640 2274 1697 tantum,
2321 1636 2489 1689 multo
2529 1637 2722 1707 juratis
2771 1640 2874 1696 ﬁde
2923 1643 3190 1713 digniores
3241 1661 3626 1718 apparuerunt.

2038 1721 2166 1780 Haec
2196 1725 2354 1795 igitur
2399 1730 2575 1783 omnia
2620 1731 2849 1787 scientes
2869 1775 2882 1800 ,
2911 1743 2964 1788 et
2993 1750 3204 1804 pennam
3241 1738 3545 1808 jurantibns
3571 1752 3626 1798 et

2039 1815 2399 1885 pejerantibus
2449 1830 2701 1876 statutam
2755 1834 2880 1880 ante
2929 1827 3113 1883 oculos
3165 1843 3471 1900 ponentes,
3518 1834 3626 1890 im-

2040 1907 2206 1975 proba
2233 1912 2623 1968 consuetudine
2641 1913 2984 1984 absistamus,
3008 1926 3066 1972 ut
3095 1919 3220 1974 hinc
3247 1929 3300 1975 et
3329 1922 3394 1976 ad
3425 1923 3627 1993 reliqua

2039 1997 2348 2068 gradientes
2379 2001 2589 2058 virtutis
2618 2020 2802 2075 opera,
2829 2022 3221 2080 consequamur
3243 2011 3381 2068 bona
3411 2013 3587 2074 futura
3611 2034 3628 2071 :

2041 2101 2161 2155 quae
2189 2105 2288 2144 nos
2317 2106 2504 2148 omnes
2539 2096 2747 2166 assequi
2786 2097 2975 2166 detur,
3001 2100 3173 2171 gratia
3207 2113 3262 2158 et
3305 2104 3629 2176 benignitate

2041 2177 2248 2234 Domini
2289 2185 2455 2238 nostri
2489 2183 2614 2240 Jesu
2656 2186 2888 2254 Christi,
2917 2206 3015 2260 per
3052 2207 3211 2262 quem
3255 2203 3312 2250 et
3354 2211 3477 2252 cum
3519 2214 3628 2268 quo

2043 2268 2185 2326 Patri
2229 2288 2332 2327 una
2377 2290 2498 2329 cum
2552 2276 2756 2346 Spiritu
2806 2292 2993 2340 sancto
3041 2283 3248 2352 gloria,
3301 2285 3584 2355 imperium
3611 2328 3629 2355 ,

2043 2359 2418 2428 honor,nunc
2457 2375 2512 2422 et
2559 2383 2803 2440 semper,
2833 2381 2887 2438 et
2934 2373 2988 2428 in
3041 2375 3237 2431 saecula
3287 2379 3627 2446 saeculorum.

2042 2455 2232 2510 Amen.

348 2576 3629 2617 ____________________._______________________

344 2651 435 2706 an
478 2650 801 2694 VIRTUTEM
849 2649 1393 2722 EXEORTATIQ,nET
1435 2650 1502 2722 ΠΣ
1544 2651 1732 2722 ιμω)
1774 2653 2054 2710 GENESIS,
2079 2657 2547 2705 DEAMBULABAT
2588 2664 2749 2708 DEUS
2791 2665 2859 2710 tu
2902 2668 3176 2716 Haemus
3219 2671 3286 2717 ιι(
3328 2673 3635 2722 nummo

1239 2708 1417 2788 (Gen.
1465 2711 1524 2771 3.
1569 2711 1658 2788 8),
1713 2731 1794 2774 ET
1835 2733 1920 2775 ne
1965 2708 2303 2783 FUGIENDIS
2333 2740 2752 2788 JURAMENTIS.

968 2995 1189 3036 HOIILIA
1225 2995 1337 3035 VIII.

422 3117 474 3172 1.
506 3114 744 3171 Audistis
771 3130 963 3184 nuper,
994 3113 1267 3184 quomodo
1292 3113 1466 3169 omnis
1492 3113 1769 3184 Scriptura
1806 3130 1940 3171 con-

346 3208 668 3264 solationem
711 3206 896 3262 aﬁ‘erat
925 3215 980 3261 et
1007 3204 1337 3276 refrigerium
1361 3247 1377 3272 ,
1419 3204 1549 3261 licet
1577 3185 1831 3261 historica
1874 3208 1946 3262 sit

347 3299 608 3354 narratio.
639 3297 844 3352 Etenim
871 3296 1002 3352 illud
1029 3320 1041 3356 :
1064 3294 1132 3350 In
1159 3296 1412 3367 principio
1449 3296 1568 3365 fecit
1593 3295 1732 3350 Deus
1765 3298 1944 3352 caelum

347 3400 394 3445 oi
441 3401 628 3444 terram
670 3386 840 3459 (Gen.
870 3389 923 3444 l.
954 3389 978 3442 I
1005 3387 1052 3458 ),
1089 3386 1329 3444 historia;
1365 3389 1630 3458 expositio
1671 3398 1784 3443 erat
1809 3407 1822 3442 :
1851 3389 1944 3444 sed

351 3479 745 3535 demonstravit
787 3478 960 3533 oratio
1005 3471 1273 3533 et‘multa
1320 3477 1534 3548 plenam
1579 3479 1946 3534 consolatione

349 3571 640 3627 dictionem
667 3585 788 3627 esse
821 3587 836 3624 :
867 3571 1024 3639 quale
1051 3579 1153 3638 est,
1181 3569 1320 3640 quod
1343 3569 1607 3640 duplicem
1631 3570 1771 3625 Deus
1793 3586 1948 3625 men-

349 3678 467 3718 sam
495 3662 714 3727 fecerit,
744 3671 945 3718 terram
973 3672 1028 3718 et
1057 3677 1207 3717 mare
1235 3662 1391 3717 simul
1421 3677 1627 3733 ponens
1656 3679 1670 3715 :
1703 3669 1756 3716 et
1783 3661 1944 3716 lumi-

352 3755 500 3810 naria
528 3755 762 3824 gemina,
796 3754 964 3808 solem
991 3761 1046 3809 et
1065 3752 1243 3807 lunam
1274 3766 1506 3823 superne
1533 3752 1830 3808 accendens
1857 3758 1949 3808 :et

350 3845 583 3916 duplicis
621 3860 811 3900 cursus
850 3855 1094 3914 tempus,
1126 3843 1269 3899 diem
1316 3852 1371 3898 et
1415 3851 1626 3898 noctem
1658 3850 1945 3913 operatus:

353 3937 506 3993 iIIum
533 3936 745 4006 quidem
780 3936 832 3990 in
863 3936 1257 4006 operationem,
1293 3933 1430 3989 hanc
1455 3935 1507 3988 in
1532 3935 1790 4004 requiem.

425 4028 611 4083 Noctis
657 4027 962 4082 utilitas.—
987 4026 1104 4082 Non
1146 4027 1286 4083 enim
1337 4025 1512 4081 minus
1555 4025 1906 4081 ministerium
1933 4065 1949 4091 ,

350 4137 514 4192 quam
546 4121 660 4177 dies
693 4121 847 4176 nobis
889 4136 993 4176 nox
1031 4119 1216 4186 aﬁ‘ert;
1260 4118 1355 4175 sed
1401 4119 1538 4174 sicut
1579 4118 1632 4172 in
1675 4117 1953 4172 arboribus

351 4215 502 4279 dixi,
530 4213 673 4284 quod
702 4213 988 4268 fructuosis
1022 4212 1367 4268 infructuosae
1405 4212 1649 4266 :emulam
1683 4211 1953 4280 praebeant

353 4306 677 4372 utilitatem,
698 4305 952 4360 facientes
982 4320 1049 4360 ne
1073 4319 1328 4374 cogamur
1351 4303 1417 4358 ad
1447 4303 1670 4358 aediﬁcia
1692 4302 1954 4358 domesti-

355 4411 454 4451 cas
481 4394 702 4449 arbores
723 4395 983 4464 attingere
1007 4412 1023 4450 :
1043 4404 1096 4450 et
1116 4392 1490 4449 mansuefactis
1508 4393 1830 4449 animalibus
1845 4407 1952 4454 non

353 4493 622 4546 minorem
653 4489 810 4543 nobis
839 4489 1122 4544 utilitatem
1164 4488 1441 4560 sylvestria
1477 4496 1532 4544 et
1573 4487 1793 4542 immitia
1819 4486 1954 4542 alle-

356 4589 507 4642 runt,
539 4595 660 4648 qua:
691 4579 882 4636 timore
910 4578 993 4633 sui
1025 4594 1121 4633 nos
1148 4579 1200 4632 in
1227 4579 1388 4634 urbes
1417 4580 1776 4649 compellunt,
1824 4577 1954 4634 red-

355 4669 492 4724 dunt
535 4669 842 4732 cautiores,
886 4677 941 4724 et
985 4684 1085 4724 nos
1132 4679 1314 4723 mutuo
1361 4668 1766 4739 constringunt,
1796 4676 1956 4738 atque

357 4761 554 4814 horum
581 4760 795 4830 quidem
821 4769 1076 4815 exercent
1106 4762 1378 4823 virtutem,
1411 4760 1624 4815 illorum
1653 4774 1780 4815 vero
1806 4776 1952 4815 mor-

359 4853 464 4906 bos
495 4854 751 4919 solvunt;
793 4853 958 4908 multa
989 4853 1225 4917 enim,ex
1255 4854 1319 4910 iis
1349 4853 1734 4914 medicamenta
1763 4856 1956 4912 medici

358 4943 689 5009 coniiciunt;
733 4944 937 5015 antiqui
996 4945 1122 5000 item
1179 4959 1279 5000 nos
1330 4945 1536 5016 peccati
1589 4956 1953 5002 commonent.

361 5034 497 5090 Cum
527 5035 670 5090 enim
697 5035 919 5090 audiero
939 5077 955 5098 ,
988 5035 1159 5090 Timor
1188 5044 1346 5090 vester
1383 5036 1475 5089 erit
1501 5052 1653 5104 super
1679 5053 1850 5092 omnes
1875 5037 1960 5090 be-

361 5127 488 5180 stias
519 5123 837 5198 terr¢(Gen.
861 5126 915 5181 9.
935 5125 1015 5198 2),
1041 5137 1095 5180 et
1122 5136 1303 5196 postea
1327 5126 1583 5181 honorem
1613 5127 1752 5183 hunc
1777 5128 1960 5184 subla-

364 5227 478 5271 tum
528 5216 753 5282 videro,
792 5217 998 5286 peccati
1049 5217 1387 5286 reminiscar,
1429 5216 1573 5288 quod
1615 5225 1669 5272 et
1711 5218 1956 5274 timorem

368 5307 540 5361 nostri
571 5305 834 5366 dissolvit.
863 5315 919 5361 et
947 5307 1300 5376 principatum
1344 5304 1648 5372 imminuit,
1676 5317 1731 5362 et
1759 5307 1960 5362 efﬁciar

365 5395 561 5449 melior
584 5403 639 5450 et
664 5395 996 5463 prudentior,
1024 5395 1280 5450 damnum
1301 5411 1367 5451 ex
1397 5406 1618 5467 peccato
1647 5396 1802 5451 nobis
1833 5397 1954 5453 illa-

367 5493 482 5537 tum
509 5483 919 5553 contemplatus.
961 5483 1114 5540 Sicut
1154 5485 1315 5556 igitur
1337 5525 1352 5552 ,
1381 5485 1521 5556 quod
1549 5493 1604 5540 et
1629 5493 1783 5541 antea
1814 5485 1961 5556 dixi,

367 5573 438 5628 ad
464 5574 626 5628 vitam
659 5573 812 5630 nobis
837 5575 1018 5630 omnia
1043 5575 1326 5631 conferunt
1349 5576 1464 5632 haec
1491 5591 1611 5647 qua:
1637 5575 1778 5632 dicta
1800 5586 1958 5648 sunt,

371 5675 428 5719 et
457 5665 564 5720 alia
594 5665 676 5722 bis
704 5666 885 5736 plura,
908 5683 1026 5738 quae
1055 5668 1144 5738 qui
1171 5666 1296 5722 fecit
1325 5667 1464 5722 Deus
1487 5709 1502 5734 ,
1536 5668 1648 5736 ipse
1673 5669 1818 5723 novit
1846 5688 1858 5724 :
1890 5671 1961 5726 ita

373 5755 592 5826 quidem
639 5766 697 5814 et
742 5773 848 5815 nox
900 5773 1008 5816 non
1049 5758 1311 5816 minorem
1331 5797 1346 5827 ,
1388 5772 1545 5830 quam
1591 5756 1706 5816 dies
1736 5797 1753 5826 ,
1809 5775 1960 5816 usum

2051 2984 2221 3053 aﬁ‘ert,
2252 3002 2373 3044 cum
2402 2989 2642 3047 laborum
2673 2993 2743 3048 sit
2769 2996 3002 3065 requies,
3033 3007 3089 3054 et
3117 2999 3428 3056 morborum
3463 3003 3633 3060 medin

2045 3075 2186 3132 cina.
2229 3077 2385 3148 Smpe
2426 3082 2568 3136 enim
2616 3083 2806 3140 medici
2846 3088 3012 3146 multa
3054 3091 3286 3160 operati,
3325 3101 3382 3148 et
3421 3093 3628 3150 infinita

2047 3167 2400 3226 medicamina
2429 3173 2618 3240 moliti,
2647 3191 2679 3229 a
2707 3177 2894 3233 morbo
2919 3193 3119 3250 aegrum
3148 3180 3376 3238 liberare
3409 3198 3516 3238 non
3543 3201 3636 3255 po-

2050 3271 2302 3329 tuerunt;
2349 3281 2569 3322 somnus
2611 3279 2789 3324 autem
2839 3282 3032 3341 sponte
3080 3274 3391 3343 adveniens,
3423 3292 3638 3335 omnem

2049 3355 2208 3409 solvit
2233 3356 2599 3427 aegritudinem
2620 3401 2635 3427 ,
2668 3369 2724 3416 et
2761 3361 2982 3418 infinitis
3008 3364 3113 3419 illis
3143 3364 3411 3422 laboribus
3440 3368 3636 3424 libera-

2050 3448 2161 3502 vit:
2191 3464 2290 3504 nec
2315 3451 2515 3507 morbis
2553 3462 2755 3508 tantum
2787 3457 3026 3526 corporis
3047 3497 3064 3523 ,
3095 3458 3187 3513 sed
3215 3468 3270 3514 et
3295 3461 3488 3515 anima:
3527 3479 3636 3518 nox

2051 3546 2134 3592 est
2162 3539 2447 3608 medicina,
2472 3542 2714 3599 dolentes
2734 3546 2940 3602 animas
2964 3549 3176 3604 sedans.
3201 3550 3355 3621 S:epe
3375 3553 3637 3624 quispiam

2052 3639 2331 3702 postquam
2359 3632 2522 3688 ﬁlium
2549 3637 2760 3702 amisit,
2792 3639 3086 3696 innumeris
3127 3643 3202 3697 illi
3247 3645 3640 3704 consolationes

2053 3720 2411 3789 aﬂ'erentibus,
2444 3739 2474 3778 a
2501 3724 2711 3780 ﬂetibus
2735 3737 2788 3782 et
2807 3730 3004 3799 gemitu
3024 3731 3282 3788 desistere
3305 3750 3411 3789 non
3439 3737 3637 3804 valuit;

2055 3819 2213 3868 nocte
2239 3828 2365 3868 vero
2389 3817 2821 3884 superveniente,
2850 3820 3022 3874 somni
3044 3823 3207 3877 cessit
3233 3824 3457 3894 imperio
3476 3842 3638 3896 snpe-

2056 3913 2204 3961 ratus
2227 3947 2242 3973 ,
2271 3907 2554 3977 palpebras
2578 3909 2646 3966 ad
2680 3924 2926 3966 somnum
2957 3915 3282 3983 composuit,
3313 3925 3370 3972 et
3398 3921 3640 3988 exiguam

2057 3997 2356 4068 quampiam
2383 3998 2696 4054 diurnorum
2725 4001 2869 4071 cepit
2909 4003 3169 4058 malorum
3199 4005 3638 4063 consolationem.

2057 4088 2171 4157 Age
2190 4102 2318 4143 vero
2339 4087 2449 4159 jam
2475 4089 2541 4143 ad
2564 4091 2840 4146 materiam
2867 4107 3050 4147 eamus
3076 4093 3217 4150 unde
3239 4098 3498 4165 processit
3524 4112 3646 4153 ora-

2057 4179 2151 4234 tio.
2177 4179 2308 4235 Nam
2331 4180 2497 4251 probe
2518 4183 2639 4237 novi
2662 4198 2756 4239 vos
2781 4183 2906 4240 huic
2931 4200 3115 4241 omnes
3136 4187 3360 4255 inhiare,
3384 4198 3439 4243 et
3457 4205 3646 4259 quem-

2061 4287 2166 4344 que
2213 4273 2426 4331 discere
2471 4286 2723 4345 exoptare
2773 4293 2876 4345 qua
2917 4277 2986 4332 dc
3031 4293 3190 4334 causa
3232 4295 3338 4334 non
3382 4281 3452 4335 ab
3496 4282 3648 4338 initio

2060 4365 2236 4420 editus
2261 4366 2332 4421 sit
2361 4366 2445 4420 hic
2469 4366 2606 4421 liber
2634 4384 2648 4420 :
2677 4367 2772 4423 sed
2803 4382 2976 4439 neque
2999 4385 3141 4424 nunc
3169 4372 3515 4440 expositionis
3542 4372 3644 4426 hu-

2055 4459 2144 4530 jus
2185 4475 2306 4516 esse
2352 4469 2561 4531 tempus
2603 4461 2778 4517 video.
2807 4462 2944 4530 Quid
2985 4463 3056 4519 ita
3103 4464 3460 4521 tandemiAd
3488 4467 3646 4522 linem

2063 4553 2218 4608 nobis
2247 4552 2362 4608 hazc
2389 4553 2601 4608 devenit
2631 4554 2921 4608 hebdomas
2939 4595 2953 4620 ,
2985 4564 3039 4609 et
3080 4557 3356 4610 materiam
3387 4559 3648 4628 attingere

2064 4657 2282 4714 metuo,
2321 4646 2516 4702 deinde
2563 4647 2738 4701 statim
2793 4647 3181 4718 expOsitionem
3231 4649 3644 4720 intercepturus.

2063 4737 2239 4794 Multis
2288 4738 2430 4793 enim
2477 4738 2665 4794 diebus
2709 4754 2842 4808 opus
2892 4738 3052 4795 habet
3093 4739 3194 4794 hoc
3238 4750 3606 4810 argumentum
3635 4783 3651 4806 ,

2062 4830 2284 4900 ejusque
2333 4831 2532 4886 mentio
2582 4832 2886 4901 frequenter
2937 4831 3178 4887 habenda
3223 4831 3396 4890 :ideo
3433 4847 3647 4889 rursum

2061 4921 2235 4992 ipsum
2278 4921 2604 4976 differamus.
2630 4922 2735 4977 Sed
2765 4938 2832 4978 ne
2857 4939 2998 4993 aegre
3035 4922 3250 4989 feratis,
3282 4936 3403 4977 cum
3442 4920 3649 4978 {tenore

2063 5012 2215 5068 vobis
2241 5012 2459 5066 omnino
2486 5012 2720 5068 debitum
2748 5014 3033 5069 reddemus
3057 5031 3070 5068 :
3097 5014 3175 5068 sic
3201 5013 3343 5068 enim
3373 5021 3426 5067 et
3455 5012 3645 5069 nobis'

2063 5105 2151 5174 qui
2195 5105 2546 5175 persolvimus
2572 5106 2821 5176 expedit:
2853 5119 2992 5162 nunc
3041 5103 3216 5164 autem
3256 5105 3470 5160 interim
3499 5103 3650 5160 dice-

2067 5210 2189 5260 mus.
2209 5195 2351 5262 quod
2371 5196 2484 5250 heri
2509 5194 2751 5251 relictum
2779 5196 2894 5251 fuit.
2912 5195 3044 5263 Quid
3067 5202 3243 5250 autem
3266 5194 3378 5250 heri
3405 5195 3646 5252 relictum

2064 5283 2202 5350 iuit?
2232 5285 2614 5352 Deambulabat,
2649 5287 2837 5356 inquit,
2869 5286 3003 5348 Deus
3030 5287 3082 5340 in
3107 5286 3346 5360 paradiso
3367 5285 3422 5341 in
3444 5285 3650 5344 meridie

2068 5373 2220 5445 (Gen.
2247 5366 2304 5430 '5.
2330 5375 2406 5445 8).
2430 5376 2567 5444 Quid
2595 5377 2694 5440 ais,
2725 5373 3094 5433 Deambulabat
3123 5375 3299 5434 Deus?
3317 5376 3436 5434 Non
3467 5377 3653 5434 deam-

2065 5467 2279 5528 bulabat
2307 5483 2321 5520 :
2353 5467 2622 5538 quomodo
2668 5467 2811 5524 enim
2862 5466 3056 5537 ubique
3103 5483 3342 5539 praesens
3377 5477 3433 5526 et
3473 5469 3652 5524 omnia

2065 5561 2324 5632 implens?
2356 5562 2452 5622 sed
2494 5563 2548 5620 in
2591 5564 2758 5620 Adam
2796 5565 2958 5620 talem
2981 5579 3198 5622 sensum
3224 5565 3431 5636 posuit,
3467 5573 3526 5619 ut
3558 5577 3648 5619 se-

2068 5653 2242 5724 ipsum
2267 5654 2590 5724 corriperet,
2623 5669 2690 5710 ne
2715 5655 3006 5714 dissolutus
3031 5665 3172 5714 esset
3189 5697 3205 5726 ,
3237 5665 3294 5713 ut
3319 5652 3568 5727 fugiendo
3594 5661 3650 5709 et

2135 5773 2150 5803 ¹
2190 5777 2238 5820 tu
2262 5777 2365 5822 Sav.
2392 5767 2493 5834 leg.
2525 5786 2537 5822 :
2565 5776 2621 5824 ει
2640 5770 2834 5862 nobisa!
2853 5768 3007 5822 nobis.
