4070 6208
433 333 503 393 99
1137 323 1194 380 S.
1233 300 1517 380 JOANNIS'
1544 317 2016 376 CHRYSOSTOMI
2054 319 2370 379 ARCHIEP.
2410 321 2944 384 CONSTANTINOP.

430 445 646 504 latendo
672 442 903 514 aliquam
925 438 1280 498 excusationis
1306 446 1508 509 partem
1532 432 1904 506 prtetenderet,
1927 434 2012 490 vel

430 545 557 594 ante
600 537 716 606 ipsa
755 532 937 590 verba.
980 529 1128 586 Sicut
1173 530 1262 600 qui
1310 533 1363 583 in
1410 526 1668 598 judicium
1720 524 2018 580 adducendi

430 638 575 692 sunt,
605 626 1011 682 commissorum
1043 636 1230 693 poenas
1249 619 1492 684 subituri,
1524 615 1773 688 squalidi,
1796 615 2018 672 sorden-

435 730 548 783 tes,
589 718 769 771 tristes
789 755 805 779 ,
831 713 1121 783 contempti
1137 709 1506 781 ;judieantibus
1544 715 1830 780 apparent,
1862 716 1920 761 ut
1944 722 2013 761 ex

433 809 614 863 habitu
640 808 784 876 ipsos
813 805 879 859 ad
911 804 1293 862 humanitatem
1331 809 1385 856 et
1408 798 1617 854 veniam
1641 806 1697 853 et
1717 797 2018 852 misericor-

431 899 574 954 diam
606 898 821 951 trahant
847 915 861 952 :
891 897 968 950 sic
992 904 1048 951 et
1071 895 1126 949 in
1158 893 1325 949 Adam
1368 891 1563 946 factum
1591 899 1696 945 est.
1727 889 2018 958 Oportebat

431 991 576 1046 enim
622 991 908 1045 demissum
955 990 1008 1042 in
1051 986 1309 1056 judicium
1361 984 1462 1038 hoc
1510 982 1686 1065 trahi;
1742 991 2017 1049 propterea

437 1081 701 1154 praevenit
741 1082 914 1150 ipsum
944 1080 1082 1133 Deus
1101 1119 1117 1144 ,
1146 1086 1200 1131 et
1227 1075 1496 1144 corripuit.
1533 1074 1634 1129 Sed
1663 1071 1802 1143 quod
1831 1071 2019 1142 aliquis

438 1175 804 1230 deambularet
848 1171 1051 1226 sensit:
1083 1169 1222 1224 unde
1248 1182 1375 1222 vero
1414 1167 1663 1237 cogitavit
1698 1164 1841 1235 quod
1881 1164 2020 1218 Deus

438 1265 838 1325 deambularet?
860 1263 1004 1317 Talis
1033 1269 1115 1316 est
1144 1260 1478 1330 peccantium
1506 1255 1873 1312 consuetudo:
1904 1271 2020 1310 om-

433 1360 520 1414 nia
550 1364 793 1424 su5pecta
820 1352 1035 1417 habent,
1068 1352 1286 1405 umbras
1311 1357 1561 1411 tremunt,
1585 1361 1797 1401 omnem
1825 1345 2019 1413 strepi-

456 1459 546 1503 um
576 1448 783 1510 timent,
809 1457 1073 1513 quemque
1099 1450 1284 1510 putant
1310 1447 1495 1494 contra
1525 1453 1584 1492 se
1603 1438 1806 1492 venire.
1827 1435 2019 1491 Multos

437 1540 598 1610 igitur
617 1551 758 1605 saepe
779 1533 1066 1603 conSpicati
1088 1533 1153 1586 ad
1178 1531 1318 1585 aliud
1344 1531 1693 1585 ministerium
1721 1537 2014 1593 currentes,

437 1631 504 1685 ad
531 1644 589 1683 se
619 1627 801 1682 venire
830 1627 1196 1694 cogitaverunt
1221 1631 1526 1692 peccatores
1554 1639 1567 1675 :
1599 1629 1652 1676 et
1673 1621 1789 1675 aliis
1809 1619 1913 1674 alia
1939 1620 2018 1674 in-

436 1733 519 1777 ter
541 1735 600 1775 se
625 1717 1035 1781 disserentihus,
1065 1715 1273 1786 peccati
1300 1714 1401 1770 sibi
1431 1715 1560 1785 ipsis
1591 1711 1793 1770 conscii
1832 1720 2017 1785 putant

434 1813 554 1866 illos
581 1809 650 1865 de
672 1824 730 1864 se
756 1807 1121 1864 sermocinari.

499 1895 552 1948 2.
596 1893 740 1948 Talis
764 1896 904 1947 enim
935 1908 1022 1948 res
1048 1901 1322 1963 peccatum
1350 1902 1470 1959 est,
1494 1897 1666 1949 .nullo
1704 1901 1882 1964 prodit
1925 1909 2018 1948 ar-

430 1991 624 2053 guente
651 2025 664 2047 .
693 1984 840 2037 nullo
867 1983 1196 2038 condemnat
1229 1992 1513 2038 accusante
1538 2024 1554 2050 ,
1595 1984 1843 2053 pavidum
1894 1985 2022 2040 facit

432 2085 489 2132 et
535 2075 778 2130 timidum
820 2085 1154 2145 peccatorem
1182 2115 1198 2142 ,
1244 2075 1383 2130 sicut
1423 2074 1628 2146 justitia
1674 2077 2019 2131 contrarium.

432 2166 574 2223 Audi
603 2167 764 2237 igitur
789 2167 1060 2237 quomodo
1087 2176 1140 2222 et
1169 2165 1328 2237 hujus
1353 2182 1606 2237 pavorem
1633 2209 1647 2233 ,
1688 2177 1742 2222 et
1779 2168 1922 2223 illius
1961 2170 2025 2223 li-

431 2248 696 2304 bertatem
731 2249 1012 2321 Scriptura
1035 2253 1339 2326 designavit
1358 2271 1372 2308 :
1393 2254 1557 2326 Fugit
1576 2257 1775 2328 impius
1809 2257 2021 2317 nemine
2037 2285 2064 2322 ιε

427 2353 767 2418 persequente
797 2339 988 2410 (Prov.
1027 2343 1118 2400 28.
1152 2346 1232 2415 1),
1267 2346 1466 2417 inquit.
1509 2347 1795 2414 Quomodo
1830 2366 2017 2420 perse-

427 2441 625 2500 quente
653 2433 864 2488 nemine
897 2434 1026 2504 fugit
1049 2439 1073 2488 1'
1112 2434 1258 2491 Intus
1283 2436 1443 2493 habet
1469 2449 1714 2510 agentem
1743 2443 2022 2497 conscien-

429 2521 519 2574 tia;
568 2531 936 2578 accusatorem
962 2565 978 2590 ,
1027 2533 1082 2579 et
1129 2525 1273 2580 hunc
1315 2527 1512 2598 ubique
1554 2529 1862 2584 circumfert
1905 2550 1920 2586 :
1967 2542 2022 2588 et

429 2611 570 2665 sicut
595 2612 830 2682 seipsqu
861 2629 965 2668 non
993 2623 1171 2683 potest
1195 2617 1379 2685 fugere
1403 2618 1522 2681 ,sie
1552 2634 1650 2674 nec
1675 2635 1797 2675 eum
1823 2623 1913 2691 qui
1942 2622 2021 2676 in-

431 2708 518 2754 tus
543 2701 716 2770 ipsum
746 2703 909 2771 agitat
934 2721 949 2767 ;
983 2705 1074 2759 sed
1103 2721 1438 2777 quocumque
1462 2709 1618 2764 abeat
1644 2753 1659 2776 ,
1691 2711 2017 2783 flagellatur,

430 2799 489 2846 et
515 2792 706 2846 vulnus
737 2793 896 2848 habet
935 2794 1346 2852 immedicabile.
1391 2799 1462 2852 At
1500 2815 1605 2855 non
1652 2802 1772 2858 talis
1805 2803 2018 2874 justus;

433 2882 527 2937 sed
553 2882 724 2952 qualis
749 2925 765 2951 ,
797 2885 918 2938 audi
952 2903 967 2940 :
993 2884 1176 2942 Justus
1206 2896 1464 2957 tamquam
1489 2890 1598 2956 leo,
1627 2893 1834 2963 inquit,
1860 2896 2021 2965 conﬁ-

437 2975 512 3028 dit
540 2974 714 3046 (Ibid.
749 2980 785 3042 ).
817 2976 962 3032 Talis
987 2989 1103 3034 erat
1133 2980 1309 3036 Helias
1338 3000 1353 3037 :
1389 2982 1523 3038 vidit
1559 2985 1719 3054 igitur
1748 3001 1925 3057 regem
1952 2989 2020 3044 ad

432 3081 492 3121 se
520 3067 823 3123 venientem
855 3084 871 3124 :
898 3079 953 3125 et
977 3070 1190 3128 dicente
1219 3073 1312 3128 illo
1337 3115 1353 3142 ,
1386 3073 1454 3129 Ut
1495 3075 1619 3146 quid
1662 3079 1898 3146 pervertis
1935 3078 2022 3133 Is-

433 3159 542 3212 rael
567 3157 595 3212 1
623 3157 745 3212 Non
773 3175 864 3229 ego
891 3171 1115 3230 perverto
1142 3161 1346 3230 Israel,
1373 3165 1579 3234 inquit,
1609 3168 1696 3220 sed
1739 3177 1794 3221 tu
1834 3177 1883 3222 et
1921 3169 2016 3224 do-

429 3267 543 3305 mus
577 3255 737 3323 patris
766 3255 838 3309 tui
872 3254 972 3328 (5.
1002 3255 1130 3327 Reg.
1163 3258 1250 3311 18.
1289 3259 1376 3311 17.
1410 3258 1476 3313 i8
1498 3262 1541 3330 ).
1574 3259 1712 3315 Vere
1745 3260 1919 3331 justus
1963 3272 2020 3317 ut

429 3343 513 3397 leo
542 3345 807 3401 confidit:
838 3347 974 3402 sicut
1015 3350 1155 3403 enim
1201 3349 1285 3405 leo
1331 3349 1382 3404 in
1426 3365 1606 3421 regem
1655 3361 1919 3422 tamquam
1963 3353 2016 3409 in

427 3433 585 3488 vilem
611 3436 861 3491 catellum
885 3437 1178 3492 insurrexit
1201 3454 1218 3504 ;
1244 3440 1453 3495 tametsi
1480 3457 1760 3510 purpuram
1789 3444 2017 3500 habebat

426 3524 519 3580 ille
541 3568 556 3591 ,
587 3527 679 3581 sed
712 3527 798 3583 hic
826 3530 1056 3584 meloten
1084 3528 1350 3597 habebat,
1381 3531 1752 3587 indumentum
1786 3550 2015 3605 purpura

426 3613 514 3669 illa
549 3617 922 3673 venerabilius.

499 3707 718 3765 Etiamne
767 3711 957 3780 duplex
1017 3710 1164 3767 Etias
1215 3715 1490 3768 secundum
1555 3715 2014 3786 interpretationem

423 3797 786 3871 Cltrysoetomi.
833 3833 905 3844 —
955 3804 1191 3875 Purpura
1251 3808 1392 3862 enim
1449 3808 1537 3862 illa
1599 3809 1790 3865 famem
1848 3827 2013 3881 pepe-

425 3891 496 3945 rit
550 3908 802 3961 gravem;
867 3895 1062 3950 melote
1117 3905 1292 3950 autem
1354 3897 1469 3952 haec
1516 3899 1842 3955 calamitates
1898 3902 2010 3956 dis-

423 3983 588 4036 cussit
612 4023 628 4048 ,
672 3984 787 4039 haec
827 3985 1111 4040 Jurdanem
1143 3987 1358 4054 divisit;
1403 3989 1517 4045 lucc
1553 3991 1800 4046 Eliszeum
1840 3993 2011 4064 dupli-

419 4085 536 4126 cem
569 4073 738 4129 Eliam
769 4075 892 4131 fecit
921 4077 940 4147 (
966 4077 1019 4130 4.
1053 4076 1180 4148 Reg.
1210 4079 1264 4132 2.
1289 4075 1342 4132 8.
1369 4077 1446 4150 9).
1469 4079 1514 4135 0
1551 4091 1749 4150 quanta
1792 4097 2010 4140 sancto-

421 4180 538 4218 rum
571 4167 774 4222 virtus!
804 4184 910 4222 nou
941 4169 1054 4222 sola
1085 4170 1319 4238 ipsorum
1349 4171 1509 4224 verba
1540 4181 1594 4226 et
1618 4187 1840 4244 corpora
1865 4216 1880 4240 ,
1910 4176 2007 4232 sed

420 4263 474 4307 et
504 4255 613 4324 ipsa
646 4257 949 4312 indumenta
972 4268 1228 4314 creatura:
1248 4261 1392 4314 omni
1417 4273 1670 4333 perpetuo
1696 4274 1818 4319 sunt
1839 4281 2004 4323 vene-

420 4345 625 4398 rabilia.
655 4345 822 4415 Hujus
850 4349 1045 4403 melote
1074 4349 1358 4405 Jordanem
1388 4351 1564 4406 divisit
1593 4370 1606 4406 :
1637 4354 1998 4413 calceamenta

422 4436 578 4489 trium
625 4451 906 4504 puerorum
957 4440 1133 4509 ignem
1178 4442 1664 4498 conculcaverunt:
1713 4445 1893 4501 Elisaei
1934 4448 2002 4503 li-

419 4539 582 4593 gnum
612 4526 629 4556 ί
679 4542 844 4596 aquas
897 4531 1139 4597 mutavit,
1187 4541 1239 4585 et
1287 4541 1345 4586 ut
1382 4532 1577 4586 ferrum
1622 4534 1673 4588 in
1721 4537 2002 4606 superficie

416 4626 689 4686 portarent
713 4618 888 4674 effecit
913 4638 925 4672 :
955 4621 1115 4676 Musis
1145 4623 1292 4691 virga
1319 4639 1466 4680 mare
1494 4625 1733 4684 Rubrum
1775 4628 1992 4697 divisit,

418 4719 621 4777 petram
666 4711 866 4766 scidit:
913 4713 1060 4767 Pauli
1104 4716 1416 4771 vestimenta
1458 4717 1740 4789 languores
1782 4722 2000 4792 expule-

413 4809 582 4854 runt:
611 4802 792 4856 umbra
821 4802 960 4857 Petri
997 4812 1220 4858 mortem
1260 4805 1478 4876 fugavit.

477 4891 765 4962 Hartyrum
779 4895 952 4966 favilla
966 4895 1220 4948 dwmonas
1237 4897 1848 4966 expellit.—Sanctorum
1866 4916 1997 4957 mar-

411 4993 584 5055 tyrum
600 4983 773 5040 favilla
788 4986 1044 5057 malignos
1055 4988 1270 5058 expellit
1281 4988 1857 5062 daamonasPropterea
1872 5010 1990 5051 cum

409 5074 596 5130 fiducia
613 5078 790 5131 omnia
806 5076 1004 5132 faciunt
1020 5120 1034 5144 ,
1071 5079 1210 5134 sicut
1225 5087 1278 5133 et
1310 5079 1484 5134 Elias:
1507 5096 1611 5135 non
1629 5083 1769 5137 enim
1787 5094 1994 5154 specta-

407 5167 497 5220 bat
517 5166 782 5234 diadema,
807 5178 862 5225 et
878 5171 1201 5226 exteriorem
1221 5172 1360 5242 regis
1373 5171 1710 5242 splendorem
1731 5190 1746 5240 ;
1763 5175 1857 5230 sed
1872 5177 1992 5230 ani-

405 5271 544 5310 mam
562 5271 872 5326 pannosam,
891 5262 1244 5332 squalentem,
1260 5262 1549 5329 sordidam,
1567 5266 1770 5320 etomni
1790 5281 1884 5320 reo
1901 5267 1992 5322 mi-

403 5347 573 5401 serius
603 5348 844 5404 an‘ectam
869 5353 1161 5421 respiciens
1183 5394 1198 5420 ,
1227 5363 1282 5408 et
1307 5353 1483 5424 ipsum
1533 5355 1675 5409 intus
1717 5357 1982 5426 captivum

409 5450 542 5501 esse,
565 5450 628 5492 ac
644 5437 886 5494 vitiorum
905 5455 1140 5511 servum,
1157 5443 1322 5515 ipsius
1358 5444 1706 5514 principatum
1742 5455 1988 5502 contem-

404 5527 538 5600 psit:
559 5529 758 5583 etenim
787 5537 1056 5602 tamquam
1074 5533 1126 5588 in
1143 5547 1323 5602 scena,
1343 5535 1437 5590 sed
1463 5550 1565 5592 non
1589 5536 1640 5595 in
1660 5537 1880 5592 veritate
1902 5553 1990 5593 re-

468 5660 487 5733 _'
513 5663 586 5733 Sic
624 5662 764 5733 savil.
813 5669 866 5714 et
886 5676 1058 5733 omnes
1093 5677 1224 5727 pene
1269 5674 1372 5733 Mss.
1399 5666 1563 5733 Morel.
1589 5682 1604 5719 :
1629 5669 1775 5733 Ligna
1798 5667 1982 5723 Elismi.

402 5720 527 5776 inﬂa
543 5723 640 5776 duo
659 5731 764 5777 Mss.
791 5720 1166 5779 :sanctortan'et
1195 5728 1388 5792 egregie
1422 5729 1652 5782 victorum
1680 5720 1978 5799 inm-tyrant.

3604 342 3703 399 100

2120 453 2239 511 gem
2252 437 2354 498 sibi
2367 451 2587 497 cernere
2600 441 3029 516 videbatur.Qu:e
3045 449 3186 506 enim
3201 453 3480 512 exterioris
3490 461 3705 529 opulen-

2121 534 2207 590 tia:
2225 537 2241 567 ¹
2271 537 2488 608 utilitas,
2507 554 2628 596 cum
2653 540 2793 597 intus
2811 550 2893 597 est
2917 548 3060 596 tanta
3082 545 3398 613 pauperies?
3431 563 3549 618 qua:
3577 566 3704 607 vero

2120 628 2446 696 paupertatis
2476 644 2610 684 noxa
2635 670 2652 697 ,
2680 646 2799 686 cum
2841 633 2984 687 intus
3017 644 3177 690 tanta:
3203 638 3453 706 reposita:
3476 650 3599 694 sunt
3625 642 3704 697 di-

2121 718 2261 772 vitia:
2281 719 2306 773 i
2325 719 2468 775 Talis
2490 731 2604 775 erat
2628 723 2714 776 leo
2735 731 2788 777 et
2807 723 2991 778 beatus
3011 725 3208 780 Paulus
3230 745 3244 780 :
3269 743 3538 785 carcerem
3562 734 3704 788 enim

2120 808 2390 879 ingressus
2409 852 2423 875 ,
2443 811 2562 864 solo
2580 812 2815 868 clamore
2833 815 3010 874 omnia
3038 815 3376 873 fundamenta
3401 825 3700 890 concussit,

2119 898 2331 953 vincula
2361 901 2492 954 rosit
2523 901 2541 970 (
2566 901 2678 956 Act.
2711 905 2798 958 i6.
2825 904 2896 960 26
2923 903 2966 974 ),
2992 921 3097 961 non
3136 907 3382 964 dentibus
3402 952 3416 974 ,
3451 910 3544 966 sed
3578 929 3704 968 vcr-

2120 989 2239 1044 bis:
2267 1001 2544 1061 pr0pterea
2574 1010 2678 1047 non
2707 995 2886 1051 leones
2912 993 3064 1064 ipsos
3094 1007 3298 1054 tantum
3319 1042 3334 1068 ,
3369 1001 3461 1056 sed
3489 1011 3542 1057 et
3562 1005 3703 1059 aliud

2120 1080 2244 1149 quid
2275 1082 2516 1138 leonibus
2546 1084 2717 1156 majus
2756 1093 2966 1156 oportet
3005 1089 3294 1159 appellare.
3330 1091 3439 1148 Leo
3469 1095 3612 1150 enim
3649 1095 3704 1152 in

2120 1172 2252 1227 retia
2278 1189 2423 1244 smpe
2439 1177 2616 1246 lapsus
2632 1179 2839 1248 capitur
2859 1221 2875 1246 ,
2908 1183 3080 1236 sancti
3107 1198 3234 1238 vero
3276 1200 3396 1240 cum
3432 1187 3660 1257 ﬁgantur
3680 1231 3697 1259 ,

2123 1261 2246 1318 hinc
2273 1263 2524 1321 fortiores
2563 1267 2736 1322 fiunt:
2773 1268 2910 1324 sicut
2943 1280 2997 1326 et
3040 1272 3126 1328 hic
3165 1274 3350 1330 beatus
3392 1278 3444 1331 in
3487 1294 3701 1338 carcere

2123 1362 2248 1409 tunc
2273 1353 2397 1410 fecit
2416 1397 2432 1422 ,
2463 1357 2675 1413 solvens
2701 1361 3029 1430 compeditos
3054 1405 3068 1428 ,
3095 1366 3324 1434 parietes
3353 1371 3698 1440 concutiens,

2120 1445 2353 1500 carceris
2375 1447 2648 1502 custodem
2675 1449 2897 1520 alligans
2925 1462 2978 1506 ct
3004 1453 3216 1523 pietatis
3252 1456 3421 1512 verbo
3461 1459 3697 1528 capiens.

2121 1535 2230 1590 Leo
2257 1536 2490 1605 clamat,
2523 1549 2577 1593 et
2604 1554 2790 1597 omnes
2813 1542 3010 1597 bestias
3033 1542 3210 1614 fugat;
3239 1556 3453 1604 sanctus
3472 1550 3696 1620 clamat,

2119 1637 2173 1680 et
2197 1626 2467 1683 dazmones
2494 1630 2723 1701 undique
2753 1626 2990 1701 expelait.
3017 1633 3214 1692 Leonis
3239 1652 3385 1693 arma
3410 1684 3423 1705 ,
3452 1640 3698 1710 iubarum

2121 1717 2348 1786 horror,
2402 1722 2654 1792 unguium
2700 1739 2922 1790 mucro,
2963 1733 3019 1780 et
3059 1726 3247 1784 dentes
3286 1733 3426 1786 acuti
3479 1751 3492 1787 :
3552 1750 3699 1792 arma

2113 1809 2244 1880 justi
2269 1853 2284 1878 ,
2316 1812 2652 1884 philosophia
2671 1854 2688 1880 ,
2716 1818 3068 1886 temperantia
3094 1861 3113 1888 ,
3143 1821 3395 1897 patientia
3419 1865 3438 1890 ,
3468 1842 3702 1895 prtesen-

2124 1903 2250 1951 tium
2283 1911 2618 1970 contemptus
2635 1903 2892 1956 omnium.
2920 1903 3044 1957 Haec
3062 1919 3212 1958 arma
3238 1905 3478 1977 quisquis
3504 1907 3701 1978 habet,

2123 2005 2226 2043 non
2261 1989 2503 2046 homines
2534 2003 2738 2048 tantum
2770 1993 3042 2064 improbos
3067 2037 3082 2063 ,
3114 1997 3208 2052 sed
3237 2007 3292 2054 et
3332 1999 3474 2069 ipsas
3515 2002 3702 2058 adver-

2121 2084 2289 2137 sarias
2321 2090 2611 2152 potestates
2649 2085 2936 2142 deridebit.
2985 2086 3153 2144 Stude
3189 2090 3350 2160 igitur
3374 2133 3388 2156 ,
3428 2107 3463 2146 o
3505 2093 3701 2162 homo,

2122 2175 2416 2230 secundum
2448 2177 2615 2233 Deum
2650 2179 2826 2234 vivere
2853 2221 2869 2246 ,
2908 2188 2964 2236 et
3003 2197 3164 2236 nemo
3189 2190 3241 2237 te
3268 2198 3516 2253 umquam
3547 2201 3702 2255 supe-

2121 2268 2293 2334 rabit;
2327 2268 2420 2325 sed
2449 2271 2609 2325 etiam
2641 2272 2684 2326 si
2711 2271 2949 2326 omnium
2979 2272 3268 2328 vilissimus
3297 2288 3416 2333 esse
3444 2275 3699 2346 videaris,

2121 2361 2361 2416 omnium
2389 2362 2498 2418 eris
2526 2363 2969 2433 potentissimus;
3000 2365 3137 2420 sicut
3167 2366 3210 2419 si
3254 2367 3415 2421 animi
3457 2367 3699 2424 virtutem

2121 2455 2426 2524 neglexeris
2447 2497 2463 2522 ,
2489 2457 2650 2512 etiam
2681 2457 2725 2512 si
2751 2457 2988 2513 omnium
3018 2459 3095 2514 sis
3123 2459 3523 2528 potentissimus
3549 2502 3563 2521 .
3591 2475 3716 2516 om-

2122 2542 2281 2598 nibus
2324 2543 2699 2601 insidiantibus
2732 2548 2840 2603 eris
2878 2548 3034 2605 facile
3070 2549 3456 2620 expugnabilis.
3494 2551 3560 2605 Et
3607 2552 3698 2606 hor

2120 2636 2332 2706 quidem
2354 2637 2495 2692 dicta
2517 2638 3018 2695 demonstraverunt
3035 2642 3278 2710 exempla
3303 2659 3317 2706 ;
3339 2641 3384 2696 si
3403 2641 3483 2697 vis
3503 2651 3700 2709 autem,

2120 2735 2176 2781 et
2207 2743 2302 2796 per
2330 2743 2492 2796 opera
2524 2739 2575 2785 te
2601 2729 2796 2785 docere
2821 2731 3057 2786 conabor
3080 2773 3095 2798 ,
3128 2734 3232 2786 vim
3257 2733 3520 2802 justorum
3552 2734 3699 2790 incx.

2122 2818 2507 2888 pugnabilem,
2561 2831 2615 2876 et
2665 2822 2873 2878 facilem
2933 2837 3269 2892 peccatorum
3323 2825 3701 2893 captivitatem.

2120 2908 2257 2962 Audi
2288 2910 2444 2980 igitur
2462 2913 2729 2982 quomodo
2761 2912 2874 2968 haec
2904 2914 3063 2967 ambo
3082 2913 3346 2983 Propheta
3376 2915 3694 2979 insinuavit:

2125 2997 2248 3052 Non
2287 3001 2360 3054 sic
2401 3002 2581 3072 impii,
2627 3020 2725 3056 non
2749 3004 2820 3056 sic
2842 3045 2857 3068 ,
2900 3003 2986 3056 sed
3027 3012 3281 3071 tamquam
3324 3004 3518 3074 pulvis,
3559 3023 3705 3074 quem

2122 3093 2323 3164 projicit
2348 3105 2520 3148 ventus
2541 3111 2572 3147 α
2598 3095 2728 3164 [acie
2751 3105 2897 3149 terra:
2925 3095 2943 3167 (
2973 3095 3120 3150 Psat.
3153 3097 3202 3150 l.
3235 3096 3329 3167 4).
3374 3098 3524 3153 Sicut
3560 3099 3702 3154 enim

2118 3180 2213 3237 ille
2250 3191 2528 3237 ventorum
2561 3183 2858 3238 incursibus
2886 3184 3040 3239 facile
3066 3184 3426 3255 projiciendus
3458 3189 3693 3258 preposi-

2119 3277 2206 3327 tus
2231 3282 2313 3328 est
2337 3293 2349 3326 :
2379 3275 2457 3328 sic
2485 3281 2540 3327 et
2570 3283 2817 3342 peccator
2845 3275 2913 3329 ab
2941 3276 3085 3330 omni
3118 3278 3408 3332 tentatione
3436 3279 3703 3334 subverti-

2119 3371 2224 3419 tur.
2255 3364 2391 3419 Cum
2416 3365 2558 3420 enim
2587 3365 2702 3434 ipse
2727 3366 2831 3420 sibi
2873 3377 3171 3438 repugnet,
3211 3379 3264 3423 et
3301 3369 3440 3425 hanc
3473 3385 3702 3441 pugnam

2116 3459 2315 3530 passim
2345 3456 2722 3525 circumferat;
2761 3474 2883 3528 qua:
2913 3459 3012 3528 ipsi
3036 3473 3159 3529 spes
3188 3461 3372 3515 salutis
3401 3462 3546 3516 domi
3576 3477 3702 3532 pro-

2116 3551 2229 3606 dito
2254 3594 2269 3616 ,
2306 3560 2360 3606 et
2392 3551 2702 3606 continuum
2731 3551 2941 3607 hostem
2971 3553 3350 3609 conscientiam
3379 3569 3559 3609 secum
3592 3565 3700 3608 tra-

2117 3643 2310 3698 henti?
2346 3643 2452 3698 Sed
2481 3658 2585 3698 non
2618 3643 2733 3697 talis
2754 3643 2947 3713 justus.
2971 3643 3155 3710 Qualis
3179 3645 3349 3714 ergo?
3369 3645 3504 3700 Audi
3528 3647 3698 3714 ipsum

2105 3733 2428 3803 PrOpltetam
2476 3734 2740 3789 dicentem
2789 3753 2803 3789 :
2851 3734 2952 3801 Qui
3003 3736 3264 3804 conﬁdunt
3322 3738 3375 3790 in
3445 3737 3696 3803 Domino,

2115 3824 2258 3877 Sicut
2298 3841 2441 3878 mons
2489 3825 2615 3879 Sion
2659 3823 2846 3898 (Psal.
2891 3825 2992 3879 124
3104 3826 3237 3892 Quid
3290 3826 3518 3881 tamdem
3568 3837 3648 3881 est
3675 3868 3693 3894 ,

2110 3914 2241 3967 sicut
2262 3930 2404 3967 mons
2423 3913 2580 3968 Sion?
2599 3912 2718 3967 Non
2739 3916 3124 3969 commovebitur
3145 3917 3196 3970 in
3221 3927 3461 3970 aeternum
3485 3913 3694 3988 (Ibid),

2112 4008 2302 4079 inquit.
2347 4009 2705 4080 Quaacumque
2754 4010 2896 4064 enim
2941 4009 3247 4065 adhibueris
3302 4010 3698 4066 machinamen-

2111 4109 2204 4168 ta,
2265 4117 2610 4171 quacumque
2661 4087 2977 4172 jaculaveris
3037 4102 3139 4157 tela
3207 4113 3442 4157 montem
3511 4104 3697 4158 demo-

2110 4191 2195 4246 liri
2231 4193 2414 4248 volens
2436 4234 2450 4259 ,
2486 4193 2632 4246 illum
2673 4192 2888 4262 quidem
2927 4208 3212 4264 numquam
3257 4194 3532 4263 superabis
3563 4212 3576 4246 :
3603 4194 3694 4265 qtti

2110 4284 2256 4338 enim
2309 4283 2556 4353 poteris?
2605 4283 3027 4338 machinamenta
3080 4298 3205 4338 vero
3254 4285 3428 4338 solves
3472 4285 3691 4353 omnia,

2106 4373 2265 4428 etiam
2301 4383 2442 4428 tuam
2462 4373 2709 4428 dcstrues
2729 4373 3114 4429 fortitudinem.
3137 4375 3280 4429 Talis
3299 4385 3382 4430 est
3407 4384 3459 4430 et
3481 4377 3693 4445 justus:

2105 4478 2454 4532 quaecumque
2495 4463 2719 4517 vulnera
2763 4464 3074 4534 exceperit,
3127 4463 3241 4535 ipse
3280 4465 3493 4534 quidem
3531 4480 3694 4536 grave

2104 4555 2302 4624 patitur
2339 4556 2511 4623 nihil,
2561 4555 2655 4610 sed
2697 4555 3062 4610 insidiantium
3104 4557 3208 4610 vim
3264 4557 3545 4622 dissolvit,
3593 4573 3693 4613 nec

2105 4662 2234 4701 vero
2262 4646 2564 4700 mortalium
2592 4645 2753 4700 modo
2775 4688 2791 4710 ,
2820 4646 2913 4700 sed
2959 4647 3194 4717 ipsorum
3237 4662 3447 4716 quoque
3486 4646 3693 4701 daemo-

2101 4754 2250 4793 num.
2284 4739 2490 4794 Audisti
2523 4754 2750 4808 namque
2781 4740 2974 4809 sa:pius
2997 4780 3014 4805 ,
3048 4748 3180 4808 quot
3207 4738 3456 4793 diabolus
3486 4738 3692 4794 maelii-

2100 4838 2350 4884 nameuta
2376 4829 2478 4884 Job
2499 4829 2840 4894 adhibuerit,
2863 4843 2962 4884 nec
2984 4829 3155 4883 solum
3181 4838 3354 4882 tamen
3373 4829 3518 4883 illum
3540 4843 3695 4884 mou-

2105 4930 2211 4976 tem
2253 4937 2359 4976 non
2407 4922 2823 4992 conquassavit,
2864 4921 2959 4976 sed
2995 4930 3047 4976 et
3093 4931 3376 4976 enervatus
3425 4922 3694 4990 recessit,

2098 5013 2304 5084 sagittis
2334 5013 2461 5082 ipsis
2485 5013 2772 5068 eoufractis
2791 5055 2806 5079 ,
2837 5021 2891 5068 et
2930 5013 3370 5068 machinamentis
3415 5013 3694 5071 inutilibus

2097 5097 2163 5161 ex
2193 5107 2283 5160 illo
2309 5104 2512 5160 inflictu
2537 5105 2778 5160 redditis.

2169 5195 2222 5251 3.
2266 5195 2390 5250 Hice
2419 5194 2593 5265 itaque
2621 5194 2882 5261 scientes,
2927 5194 3090 5248 vitam
3125 5209 3373 5250 curemus
3401 5203 3640 5250 nostram
3678 5215 3692 5228 ο

2097 5301 2270 5355 neque
2295 5285 2435 5341 circa
2466 5286 2714 5355 pecunias
2747 5285 3054 5340 studeanms
3081 5327 3097 5351 ,
3126 5300 3244 5356 qua:
3274 5298 3498 5355 pereunt
3540 5303 3554 5340 :
3599 5300 3669 5342 ne

2094 5392 2199 5448 que
2225 5377 2363 5434 circa
2395 5377 2615 5446 gloriam
2644 5419 2658 5440 ,
2687 5392 2806 5447 qua:
2832 5377 3186 5446 exstinguitur
3215 5395 3229 5431 :
3262 5392 3368 5431 non
3389 5379 3528 5432 circa
3562 5393 3688 5433 cor-

2095 5481 2230 5538 pus,
2259 5465 2402 5537 quod
2440 5466 2710 5533 senescit,
2744 5482 2850 5520 non
2893 5467 3034 5521 circa
3064 5465 3533 5535 pulchritudinem,
3568 5483 3687 5535 quze

2093 5557 2412 5628 marcescit,
2463 5573 2569 5614 non
2625 5559 2766 5613 circa
2809 5557 3065 5626 delicias,
3109 5573 3231 5629 qua:
3263 5558 3530 5623 defluunt;
3584 5558 3678 5614 sed

2155 5735 2170 5768 ί
2193 5735 2263 5786 sic
2286 5731 2424 5786 Savil.
2453 5739 2504 5786 et
2524 5734 2731 5786 maxima
2762 5746 2874 5798 pars
2894 5741 3004 5788 Mss.
3031 5743 3190 5789 recte.
3210 5735 3615 5802 Moret.,decort’s.
