4070 6208
549 317 648 378 101

540 445 644 502 την
677 427 839 484 παντὶ
873 427 1295 506 θεραπεύσωμεν
1327 430 1532 502 τρόπῳ.
1581 429 1815 502 Σώματα
1847 431 1946 502 μὲν
1974 431 2080 502 γὰρ
2108 431 2198 486 θε-

546 517 813 588 ραπεῦσαι
843 516 1163 588 νενοσηκότα
1191 516 1252 570 οὐ
1289 517 1451 571 παντὶ
1477 517 1681 590 ῥᾴδιον,
1715 517 1892 589 ψυχὴν
1937 518 1991 570 δὲ
2015 517 2200 589 ἀῤῥωὲ

545 603 773 656 στοῦσαν
808 603 1053 657 ίάσασθαι
1082 603 1263 675 ῥᾴδιον
1299 604 1451 656 πᾶσι·
1493 605 1587 657 καὶ
1619 606 1651 675 ἡ
1683 604 1783 672 μὲν
1815 603 1908 680 τοῦ
1954 602 2202 674 σώματος

542 689 822 762 ἀρρωστία
852 691 945 743 καὶ
975 691 1280 761 φαρμάκων
1309 689 1498 756 δεῖται,
1527 691 1621 743 καὶ
1657 690 1917 762 ἀργυρίου
1949 690 2085 761 πρὸς
2113 690 2199 742 θε-

544 777 792 846 ραπείανο
824 778 858 846 ή
877 776 935 830 δὲ
954 777 1051 848 τῆς
1073 777 1250 848 ψυχῆς
1279 776 1548 846 Θεραπεία
1568 775 1766 840 εὖωνος
1791 778 1888 831 καὶ⁹
1908 778 2198 840 ἀδάπανος·

542 862 636 915 καὶ
662 863 762 933 τῆς
792 862 890 933 μὲν
921 863 1122 934 σαρκὸς
1154 866 1186 934 ή
1212 863 1372 933 φύσις
1401 865 1538 934 μετά
1563 863 1755 916 πολλοῦ
1779 863 1872 916 τοῦ
1899 864 2061 916 πόνου
2093 863 2204 916 τῶν

541 947 898 1018 ἐνοχλούντων
923 949 1319 1003 ἀπαλλάττεται
1342 950 1691 1019 τραυμάτωνο
1717 951 1810 1004 καί⁵
1831 950 1938 1020 γὰρ
1962 950 2202 1020 σιδήριον

541 1033 838 1104 ἐπαγαγεῖν
857 1037 1151 1104 ἀναγκαῖον
1179 1037 1456 1100 πολλάκις,
1483 1039 1578 1090 καὶ
1597 1038 1770 1108 πικρά
1799 1038 2085 1108 φάρμακα·
2111 1039 2202 1090 ἐπὶ

538 1120 594 1175 δέ
619 1123 719 1193 τῆς
745 1122 926 1194 ψυχῆς
958 1124 1108 1179 οὐδὲν
1145 1124 1388 1177 τοιοῦτόν
1424 1127 1593 1187 ἐστιν,
1633 1126 1749 1179 ἀλλ’
1787 1127 1947 1197 ἀρκεῖ
1977 1125 2202 1196 θελῆσαι

538 1208 635 1262 καί⁵
665 1209 985 1281 βουληθῆναι
1009 1211 1186 1281 μόνον,
1209 1213 1302 1266 καί
1328 1213 1499 1266 πάντα
1524 1210 1899 1283 κατώρθωται.
1925 1212 2033 1265 Καὶ
2047 1211 2202 1264 τοῦτο

536 1295 636 1364 τῆς
674 1295 768 1348 τοῦ
799 1296 934 1350 Θεοῦ
968 1299 1221 1370 προνοίας
1263 1298 1422 1370 ἔργον
1465 1299 1707 1366 γέγονεν·
1744 1300 1930 1370 ἐπειδὴ
1958 1300 2067 1370 γὰρ
2095 1300 2202 1352 ἀπὸ

539 1381 638 1451 μὲν
672 1386 769 1452 τῆς
806 1383 900 1437 τοῦ
932 1383 1180 1455 σώματος
1209 1385 1518 1456 ἀρῥωστίας
1549 1387 1610 1438 οὐ
1649 1385 1818 1457 πολλὴ
1853 1385 2048 1454 γένοιτ’
2075 1385 2141 1438 ἂν
2167 1387 2200 1456 ή

537 1465 708 1539 βλάϐη
738 1470 864 1537 (κᾶν
881 1470 990 1542 γὰρ
1024 1470 1100 1542 μὴ
1127 1473 1461 1543 νοσήσωμεν,
1486 1471 1728 1525 ἐπελθὼν
1757 1472 1784 1523 6
1813 1472 2042 1535 θάνατος
2071 1472 2202 1526 αὐτὸ

540 1551 727 1624 φθερεῖ
761 1555 853 1606 καὶ
887 1555 1175 1609 καταλύσει
1215 1556 1474 1624 πάντως),
1497 1557 1557 1610 τὸ
1582 1557 1639 1610 δὲ
1663 1559 1769 1610 πᾶν
1798 1558 1855 1610 ἐν
1875 1561 1940 1628 τῇ
1969 1559 2068 1626 τῆς
2099 1557 2201 1627 ψυ-

531 1639 633 1709 χῆς
666 1640 847 1710 ήμῶνσ
899 1642 1056 1713 ὑγεία
1085 1645 1284 1704 κεῖται,
1319 1641 1412 1695 τοῦ
1447 1643 1627 1714 πολλῷ
1655 1644 2074 1715 χρησιμωτέρου
2106 1645 2200 1698 καὶ

530 1725 952 1798 ἀναγκαιοτέρου
991 1728 1177 1800 ῥᾳδίαν
1216 1729 1436 1799 ἐποίησε
1461 1731 1554 1784 καὶ
1584 1730 1857 1784 ἀδάπανον
1877 1730 1972 1783 καὶ
1995 1729 2198 1784 ἀνώδυ-

530 1829 621 1866 νον
648 1813 745 1885 τὴν
775 1815 1088 1885 θεραπείαν.
1115 1816 1248 1871 Τίνα
1270 1812 1363 1870 οὖν
1387 1815 1580 1887 ἕξομεν
1608 1817 1923 1886 ἀπολογίαν,
1962 1818 2120 1872 ποίαν
2143 1817 2198 1871 δὲ

531 1901 882 1974 συγγνώμην,
911 1905 1037 1957 ὅταν
1064 1903 1316 1974 σώματος
1348 1906 1446 1975 μὲν
1481 1905 1782 1969 νοσοῦντος,
1813 1905 1940 1960 ἔνθα
1974 1907 2069 1960 καὶ
2097 1907 2197 1979 ἀρ·

527 1989 718 2063 γύριόν
743 1991 860 2043 ἐστι
895 1991 1242 2056 καταϐαλεῖν,
1274 1995 1370 2047 καὶ
1402 1996 1620 2065 ἰατροὺς
1648 1994 2062 2065 ’παρακαλέσαι,
2101 1995 2196 2047 καὶ

527 2076 719 2148 ὀδύνην
753 2079 1042 2149 ὑπομεῖναι
1072 2080 1293 2151 πολλὴν,
1317 2080 1584 2152 τοσαύτην
1611 2081 1892 2152 ποιώμεθα
1914 2080 2030 2153 [95]
2063 2081 2197 2152 πρό-

524 2179 694 2229 νοιαν,
723 2165 816 2219 καὶ
834 2165 1006 2219 ταῦτα
1019 2167 1297 2237 οὐπολλῆς
1318 2169 1448 2239 ήμῖν
1466 2169 1493 2208 δ
1512 2169 1610 2240 τῆς
1628 2167 1829 2239 βλάϐης
1851 2168 1957 2221 ἀπὸ
1975 2169 2072 2238 τῆς
2093 2169 2193 2239 ἀρ-

524 2252 764 2322 ρωστίας
799 2253 1091 2325 γινομένης
1133 2254 1365 2325 ἐκείνης’
1414 2255 1591 2326 ψυχῆς
1639 2257 1698 2310 δέ
1740 2255 2190 2327 καταφρονῶμεν,

523 2341 618 2392 καὶ
646 2338 818 2393 ταῦτα
851 2342 989 2412 μήτε
1024 2341 1288 2414 ἀργύριον
1327 2343 1685 2397 καταϐάλλειν
1720 2343 2025 2413 μέλλοντες,
2058 2344 2194 2413 μήτε

521 2426 742 2498 ἐτέρους
763 2428 1071 2498 διενοχλεῖν,
1099 2431 1236 2501 μήτε
1274 2430 1464 2493 ὀδύνας
1488 2429 1838 2500 ὑφίστασθαι,
1864 2429 1999 2484 ἀλλά
2024 2431 2192 2500 χωρὶς

520 2511 726 2566 τούτων
755 2515 1012 2567 ἁπάντων
1033 2515 1122 2568 διὰ
1141 2517 1234 2568 τοῦ
1255 2517 1580 2588 προελέσθαι
1614 2517 1708 2570 καὶ
1737 2515 2063 2586 βουληθῆναι
2092 2517 2190 2588 μό·-

520 2615 630 2664 νον,
665 2600 846 2652 πᾶσαν
871 2600 1038 2671 αὐτῆς
1075 2602 1360 2671 δυνάμενοι
1395 2602 1722 2672 ποιήσασθαι
1752 2602 1848 2673 τὴν
1880 2602 2185 2673 διόρθωσιν,

521 2686 616 2740 καὶ
648 2686 890 2755 ἀκριϐῶς
931 2689 1151 2752 εἰδότες,
1182 2688 1258 2752 ὡς
1297 2691 1345 2742 εί
1392 2689 1468 2760 μὴ
1505 2689 1663 2742 τοῦτο
1705 2691 2051 2761 ποιήσαιμεν,
2089 2690 2188 2760 τὴν

519 2775 758 2845 ἐσχάτην
788 2773 1207 2846 ὑποπησόμεθα
1229 2776 1403 2848 δίκην,
1432 2777 1526 2829 καὶ
1551 2777 1649 2840 τάς
1669 2776 2076 2849 ἀπαραιτήτους
2099 2791 2191 2829 κου

518 2862 705 2928 λάσεις
730 2863 825 2917 καὶ
843 2865 1111 2935 τιμωρίας
1131 2881 1145 2929 ;
1170 2865 1305 2918 Είπὲ
1327 2864 1434 2936 γάρ
1463 2882 1574 2935 μοι,
1603 2865 1754 2929 εἴτις
1775 2865 2040 2936 ὑπέσχετο
2063 2880 2191 2917 παι-

516 2950 703 3004 δεῦσαί
733 2968 792 3004 σε
825 2952 1020 3022 τέχνην
1056 2951 1303 3024 ἰατρικὴν
1337 2955 1394 3005 ἐν
1429 2951 1659 3023 βραχείᾳ
1685 2951 1878 3024 καιροῦ
1916 2953 2053 3022 ῥοπῇ
2081 2968 2189 3021 χω-

520 3037 606 3106 ρἰς
627 3038 892 3108 ἀργυρίου
916 3040 1010 3091 καὶ
1037 3039 1223 3106 πόνου,
1251 3040 1351 3092 οὐκ
1377 3038 1442 3092 ἂν
1465 3040 1761 3110 εὐεργέτην
1781 3039 2066 3109 ἐνόμισας;
2088 3039 2188 3091 οὐκ

519 3124 587 3177 ἂν
618 3125 886 3191 κατεδέξω
913 3125 1006 3178 καί⁸
1037 3127 1262 3196 ποιῆσαι
1290 3127 1384 3179 καὶ
1416 3125 1610 3178 παθεῖν
1645 3125 1860 3178 ἅπαντα
1898 3124 2040 3195 άπερ
2069 3124 2186 3178 ἐκέ·

517 3210 708 3264 λευσεν
738 3215 766 3264 6
797 3211 970 3265 ταῦτα
999 3212 1491 3281 ἐπαγγειλάμενος;
1545 3212 1675 3265 ’1δού
1701 3211 1796 3265 νῦν
1821 3211 1994 3276 ἔξεστι
2019 3213 2187 3284 χωρὶς

520 3297 694 3352 πόνων
722 3299 844 3370 οὑχί
874 3299 1163 3370 σωμάτων,
1198 3299 1336 3354 ἀλλά
1371 3300 1478 3352 τῶν
1515 3300 1616 3370 τῆς
1651 3299 1829 3370 ψυχῆς
1859 3299 2185 3370 τραυμάτων

515 3386 585 3439 τά
617 3387 883 3459 φάρμακα
913 3388 1115 3455 εὑρεῖν,
1158 3389 1251 3442 καί
1289 3388 1456 3459 χωρὶς
1486 3387 1678 3458 ὀδύνης
1709 3387 1854 3450 τινὸς
1882 3389 1962 3448 είς
1999 3387 2184 3454 ὑγείαν

515 3474 684 3546 αὐτὴν
704 3478 1092 3544 ἐπαναγαγεῖν.
1127 3477 1217 3546 Μὴ
1237 3476 1418 3529 τοίνυν
1440 3476 1752 3545 ἀμελῶμεν.
1780 3475 1913 3528 Ποία
1935 3474 2042 3544 γὰρ
2067 3473 2185 3528 ὀδύ-

516 3579 605 3633 νη.
635 3563 758 3616 εἰπέ
791 3581 902 3635 μοι,
929 3563 1098 3637 ὀργὴν
1127 3565 1346 3634 ἀφεῖναι
1370 3563 1449 3635 τῷ
1471 3564 1832 3634 λελυπηκότι;
1872 3563 2059 3634 Ὸδύνη
2085 3562 2183 3633 μὲν

515 3645 610 3704 οὖν
634 3651 750 3705 ἐστι
777 3651 838 3704 τὸ
865 3653 1242 3723 μνησικακεῖν,
1281 3653 1376 3705 καὶ
1404 3652 1478 3722 μὴ
1509 3649 1991 3705 καταλλάττεσθαι.
2026 3654 2192 3714 Ποῖος

515 3738 676 3802 πόνος
696 3737 956 3804 εὔξασθαι
980 3740 1072 3792 καὶ
1097 3740 1318 3809 αἰτῆσαι
1354 3739 1523 3810 μυρία
1549 3739 1729 3806 ἀγαθά
1755 3738 1904 3810 παρά
1930 3738 2024 3791 τοῦ
2052 3727 2184 3808 προ-

515 3824 701 3894 θύμως
734 3825 969 3889 διδόντος
993 3826 1157 3890 Θεοῦ;
1183 3829 1332 3888 ποῖος
1353 3826 1514 3888 πόνος
1551 3828 1625 3895 μὴ
1656 3826 1843 3889 κακῶς
1877 3827 2050 3879 εἰπεῖν
2081 3843 2183 3895 μη-

513 3910 667 3976 δένας
701 3910 826 3963 ποία
849 3911 1103 3964 δυσκολία
1121 3911 1496 3981 ἀπαλλαγῆναι
1517 3911 1707 3979 φθόνου
1732 3913 1824 3964 καί
1848 3911 2178 3981 βασκανίαςς

519 3998 669 4059 ποῖος
701 3995 899 4066 μόχθος
922 3998 1142 4068 ἀγαπᾷν
1172 3997 1263 4050 τὸν
1288 3997 1542 4067 πλησίον;
1577 3997 1705 4049 ποία
1737 3997 2078 4069 ταλαιπωρία
2104 3997 2181 4070 μὴ

516 4082 848 4152 φθέγγεσθαι
894 4084 1095 4156 αἰσχρά
1142 4086 1382 4156 ῥήματα,
1441 4082 1574 4154 μηδὲ
1611 4083 1987 4154 λοιδορεῖσθαι,
2047 4085 2181 4154 μηδέ

513 4170 786 4241 ὑϐρίζεινς
810 4175 960 4234 ποῖος
983 4174 1224 4242 κάματος
1255 4171 1328 4242 μὴ
1355 4171 1612 4242 ὀμνύναι;
1640 4171 1800 4224 πάλιν
1825 4171 1934 4242 γάρ
1963 4171 2056 4224 ἐπὶ
2081 4172 2179 4241 τὴν

515 4257 686 4327 αὐτὴν
713 4257 827 4326 ἥξω
857 4258 1193 4329 παραίνεσιν.
1231 4258 1397 4321 Πόνος
1431 4258 1527 4328 μὲν
1557 4254 1650 4310 οὖν
1683 4256 1937 4327 μέγιστος
1965 4258 2022 4310 τὸ
2051 4258 2180 4328 ὀμό-

519 4359 629 4396 σαι’
675 4343 932 4408 πολλάκις
971 4345 1099 4412 γοῦν
1140 4346 1246 4398 ὑπὸ
1284 4345 1458 4416 θυμοῦ
1490 4347 1584 4398 καὶ
1619 4346 1786 4416 ὀργῆς
1827 4345 2177 4415 κατεχόμενοι

515 4430 896 4501 διωμοσάμεθα
922 4432 1188 4502 μηδέποτε
1203 4432 1609 4486 διαλλάττεσθαι
1630 4443 1652 4472 ο
1672 4432 2177 4508 τοῖςλελυπηκόσιν,

515 4512 633 4570 εἷτα
660 4517 758 4586 τῆς
786 4518 953 4589 ὀργῆς
984 4519 1322 4590 σϐεσθείσης,
1354 4522 1445 4574 καὶ
1472 4519 1565 4573 τοῦ
1599 4519 1771 4590 θυμοῦ
1797 4518 2176 4589 χαλασθέντος,

514 4601 870 4679 βουληθέντες
911 4605 1338 4678 καταλλαγῆναι,
1377 4607 1472 4660 καὶ
1512 4607 1616 4660 ὑπὸ
1645 4607 1744 4675 τῆς
1778 4605 2021 4675 ἀνάγκης
2050 4623 2176 4659 κατ-

514 4692 762 4762 εχόμενοι
791 4692 898 4745 τῶν
920 4693 1120 4762 ὅρκων,
1154 4693 1471 4766 ήλγήσαμεν
1500 4693 1686 4763 ὥσπερ
1709 4693 1814 4744 τινὶ
1837 4693 2021 4760 παγίδι
2055 4710 2179 4745 κατ-

513 4779 781 4852 εχόμενοι,
803 4781 896 4834 καὶ
922 4781 1140 4850 δεσμοῖς
1163 4779 1378 4843 ἀλύτοις
1401 4780 1611 4832 συνδεδε
1620 4778 1788 4850 μένοι.
1827 4780 2003 4850 Ὅπερ
2035 4781 2126 4833 καὶ
2149 4782 2177 4833 ό

515 4867 759 4932 διάϐολος
790 4866 965 4930 είδὼς,
1001 4867 1094 4920 καὶ
1125 4865 1368 4937 ἀκριϐῶς
1395 4869 1754 4936 ἐπιστάμενος
1783 4867 1864 4920 δτι
1895 4865 2006 4938 πῦρ
2029 4867 2174 4920 ἐστιν

511 4957 542 5007 ὀ
567 4954 757 5027 θυμὸς,
793 4957 884 5009 καὶ
915 4954 1112 5026 ῥᾳδίως
1145 4953 1450 5017 σϐέννυται,
1480 4955 1575 5006 καὶ
1603 4953 1697 5006 τοῦ
1728 4953 1900 5021 θυμοῦ
1928 4953 2178 5006 σϐεσθέν-

514 5052 622 5100 τος,
666 5038 973 5108 καταλλαγὴ
1011 5038 1222 5104 γίνεται
1260 5038 1352 5090 καὶ
1392 5036 1562 5105 φιλία,
1609 5036 1926 5106 βουλόμενος
1963 5037 2024 5090 τὸ
2064 5037 2176 5108 πῦρ

512 5116 670 5170 τοῦτο
703 5120 883 5188 μένειν
915 5119 1197 5182 ἄσϐεστον,
1226 5119 1376 5189 ὅρκῳ
1400 5117 1658 5180 πολλάκις
1681 5120 1826 5187 ἡμᾶς
1857 5118 2172 5189 κατέδησεν,

515 5193 624 5264 ἵνα,
659 5199 814 5269 κᾶνή
843 5199 980 5271 ὀργὴ
1008 5200 1167 5271 λήξῃ,
1199 5201 1232 5271 ή
1258 5201 1471 5271 ἀνάγκη
1493 5198 1583 5254 τοῦ
1611 5200 1773 5271 ὅρκου
1808 5198 2042 5270 μένουσα
2063 5200 2166 5254 δια-

579 5349 781 5421 ἒὲενὲἓ·
806 5358 858 5403 ει
877 5358 1072 5421 quidam
1097 5373 1213 5408 mss.
1237 5358 1363 5421 ἡμῖν,
1392 5357 1564 5408 Morel.
1589 5365 1641 5408 et
1657 5358 1741 5410 alii
1768 5358 1921 5420 ἡμῶν.

576 5404 778 5482 θείνῃ.
803 5404 1403 5482 ειεῖἰῖοὐμᾶἆληξῗδμῖνξ

577 5471 605 5509 ‘3
628 5470 698 5522 ιιι
716 5472 890 5524 Μαι-οι.
911 5484 968 5525 οι
979 5470 1128 5529 Sam:
1151 5470 1385 5541 reéiefut
1405 5480 1600 5538 videtur
1620 5495 1631 5530 :
1654 5479 1840 5541 aliquot
1861 5483 2026 5529 autem
2049 5490 2165 5528 mss.

1387 315 1444 374 S.
1482 316 1769 374 JOANNIS
1803 315 2291 374 CHRYSOSTOMI
2330 312 2649 372 ARCHIEP.
2693 311 3236 371 CONSTANTINOP.

3867 311 3962 368 eo:

2306 433 2446 506 τηρῇ
2472 430 2573 500 τὴν
2601 427 2782 499 πυρὰν
2818 429 2876 480 ἐν
2911 427 3064 496 ἡμῖν,
3097 424 3193 478 καὶ
3225 425 3369 478 δυοῖν
3399 423 3623 496 θάτερον
3657 424 3897 493 γένηται,
3935 427 3966 495 ἢ

2307 513 2740 582 καταλλαγέντες
2772 513 3212 583 ἐπιορκήσωμεν,
3245 511 3278 581 ἢ
3313 509 3385 581 μὴ
3408 510 3831 579 καταλλαγέντες
3857 515 3966 564 τοῖς

2306 605 2404 674 τῆς
2441 601 2810 673 μνησικακίας
2849 600 3145 669 ἐπιτιμίοις
3187 597 3518 662 ὑπευθύνους
3543 599 3778 662 ἑαυτοὺς
3804 615 3962 651 κατα-

2304 691 2614 760 στήσωμεν.

2368 776 2429 832 ᾶ.
2449 776 2633 828 Ταῦτα
2659 769 2752 828 οὖν
2777 773 2976 836 εἰδότες
3005 772 3294 843 φεύγωμεν
3319 770 3442 834 τούς
3458 771 3671 841 ὅρκους,
3693 772 3787 826 καὶ
3812 772 3960 842 μελε-

2299 863 2445 916 τάτω
2483 861 2543 915 τὸ
2581 862 2755 932 στόμα
2783 861 2940 931 ήμῶν
2967 860 3146 927 λέγειν
3185 858 3441 929 συνεχῶςυ
3475 860 3836 912 Πίστευσον·
3876 860 3958 912 καὶ

2301 950 2451 1002 ἐσται
2471 948 2628 1001 τοῦτο
2650 949 2832 1018 πάσης
2855 947 3142 1010 εὐλαϐείας
3165 945 3418 1009 ὑπόθεσις
3443 947 3594 1015 ήμῖν.
3621 945 3842 999 Γλῶττα
3863 946 3960 1013 γὰρ

2300 1035 2644 1090 παιδευθεῖσα
2678 1034 2838 1088 τοῦτο
2869 1034 3049 1102 λέγειν
3086 1033 3146 1086 τὸ
3181 1034 3238 1086 ἒν
3262 1033 3288 1073 ἀ
3321 1035 3491 1103 ῥῆμα,
3521 1036 3839 1103 αἰσχύνεται
3877 1032 3967 1086 καὶ

2299 1123 2527 1195 ἐρυθριᾷ
2561 1124 2781 1195 ῥήματα
2808 1121 3112 1190 ἐξενεγκεῖν
3142 1121 3345 1192 αἰσχρά
3369 1121 3463 1174 καὶ
3493 1119 3687 1174 honr
3729 1121 3838 1174 κᾶν
3864 1119 3961 1173 ἀπό

2303 1210 2588 1282 συνηθείας
2613 1210 2859 1281 προαχθῇ
2893 1225 3045 1272 ποτε,
3081 1208 3311 1270 πολλοὺς
3340 1207 3537 1278 ἔχουσα
3567 1209 3690 1270 τοὺς
3723 1205 3968 1277 κατηγό-

2304 1315 2427 1368 ρους
2459 1296 2907 1366 ἀνασταλήσεται.
2945 1297 3112 1348 Ὅταν
3137 1295 3248 1365 γάρ
3276 1311 3357 1358 τις
3393 1295 3478 1366 ίδῃ
3507 1293 3598 1348 τὸν
3625 1294 3698 1364 μὴ
3726 1293 3969 1364 ὀμνύντα

2297 1383 2498 1454 αἰσχρά
2531 1383 2916 1454 φθεγγόμενον,
2952 1381 3325 1452 ἐπεμϐήσεται
3357 1381 3553 1452 ῥᾳδίως
3574 1379 3720 1450 αὐτῷ
3747 1379 3848 1432 καὶ
3875 1397 3970 1432 κα-

2297 1471 2676 1538 ταγελάσεται,
2705 1469 2800 1523 καὶ
2837 1467 3113 1539 κωμῳδῶν
3157 1470 3292 1539 ἐρεῖο
3318 1469 3390 1521 Σὺ
3429 1470 3457 1521 6
3486 1468 3566 1533 τὸ,
3601 1469 3968 1534 Πίστευσον,

2298 1559 2391 1612 ἐπὶ
2422 1559 2555 1611 πᾶσι
2591 1558 2786 1625 λέγων,
2823 1557 2922 1609 οὐκ
2951 1557 3117 1627 ἀνέχῃ
3152 1556 3314 1625 ὅρκον
3353 1555 3630 1626 προέσθαι,
3662 1555 3756 1607 καὶ
3793 1555 3970 1624 ῥήμαο

2301 1663 2385 1699 σιν
2413 1647 2661 1716 αἰσχροῖς
2701 1642 3085 1713 καταισχύνεις
3119 1659 3212 1695 σου
3245 1643 3345 1714 τὴν
3370 1641 3648 1710 γλῶτταν;
3681 1641 3848 1693 Ὥστε
3878 1642 3969 1693 καὶ

2297 1734 2541 1795 ἄκοντες,
2571 1732 2675 1784 ὑπὸ
2698 1731 2806 1784 τῶν
2837 1730 3121 1800 παρόντων
3151 1730 3614 1800 συνελαυνόμενοι,
3645 1728 3785 1798 πρὸς
3813 1727 3970 1780 εὐλά-

2299 1821 2451 1873 ϐειαν
2482 1819 2842 1890 ἐπανήξομεν.
2873 1818 2937 1871 Τί
2960 1814 3074 1882 οὖν,
3106 1819 3201 1872 ἐὰν
3238 1819 3476 1887 ἀνάγκη,
3510 1817 3694 1888 φησὶν,
3731 1815 3962 1886 ὀμόσαις

2299 1908 2475 1960 Ὅπου
2505 1905 2670 1976 νόμου
2713 1905 3024 1976 παράϐασίς
3065 1904 3178 1978 [96]
3221 1909 3388 1966 ἐστιν,
3421 1906 3520 1957 οὐκ
3548 1905 3692 1957 ἐστιν
3725 1904 3964 1973 ἀνάγκη.

2295 1996 2407 2048 Καὶ
2432 1993 2674 2056 δυνατὸν,
2715 1995 2869 2064 φησὶ,
2912 1993 3142 2073 καθοόλου
3177 1994 3251 2064 μῆ
3289 1991 3552 2063 ὀμνύναι;
3593 1992 3656 2044 Τί
3692 1991 3912 2059 λέγεις;
3941 1992 3967 2044 ὀ

2295 2082 2426 2145 Θεὸς
2445 2081 2719 2147 ἐκέλευσε,
2745 2082 2839 2135 καὶ
2865 2080 3071 2152 τολμᾷς
3097 2081 3375 2151 ἐρωτῆσαι
3401 2081 3449 2133 εἰ
3478 2079 3703 2134 δυνατὸν
3729 2079 3967 2147 φυλάξαι

2291 2171 2384 2224 τὸν
2406 2170 2600 2240 νόμον;
2637 2169 2923 2223 Ἀδύνατον
2959 2169 3058 2240 μὲν
3085 2164 3177 2222 οὖν
3204 2169 3264 2222 τὸ
3293 2168 3368 2239 μὴ
3403 2167 3654 2236 φυλάξαια
3688 2168 3785 2220 καὶ
3806 2166 3967 2220 τοῦτο

2292 2257 2400 2311 ἀπὸ
2435 2257 2543 2310 τῶν
2574 2257 2856 2329 παρόντων
2883 2257 3028 2327 ὑμᾶς
3060 2257 3246 2310 πεῖσαι
3282 2254 3563 2325 βούλομαι,
3595 2256 3678 2309 δτι
3709 2255 3774 2307 οὗ
3803 2254 3865 2307 τὸ
3893 2254 3967 2326 μὴ

2291 2343 2542 2414 ὀμνύναι,
2578 2344 2713 2397 ἀλλά
2739 2344 2799 2397 τὸ
2825 2343 3055 2414 ὀμνύναι
3088 2342 3370 2396 ἀδύνατον.
3413 2343 3548 2396 Ἰδοὺ
3579 2341 3711 2412 γοῦν
3738 2342 3967 2411 χρυσίον

2292 2432 2689 2502 ἐκελεύσθησαν
2726 2434 3054 2502 εἰσενεγκεῖν
3079 2434 3129 2485 οί
3164 2433 3263 2504 τὴν
3292 2431 3446 2485 πόλιν
3476 2432 3748 2494 οἰκοῦντες
3773 2431 3967 2485 δοκοῦν

2291 2520 2390 2591 τὴν
2404 2519 2512 2572 τῶν
2527 2520 2738 2574 πολλῶν
2757 2521 3106 2592 ὑπερϐαίνειν
3131 2521 3377 2591 δύναμιν,
3398 2521 3510 2586 καὶ,
3535 2521 3596 2574 τὸ
3614 2521 3779 2573 πλέον
3793 2522 3968 2572 εἰσεν⁴

2292 2605 2536 2675 ήνεκται,
2565 2607 2793 2661 καὶτῶν
2824 2608 3199 2662 ἀπαιτούντων
3228 2608 3376 2662 ἐστιν
3400 2608 3630 2662 ἀκοῦσαι
3667 2608 3964 2676 λεγόντων·

2293 2693 2358 2745 Τί
2385 2692 2619 2763 μέλλεις,
2655 2692 2904 2764 ἄνθρωπε
2925 2711 2939 2758 ;
2963 2695 3014 2754 τί
3042 2695 3099 2747 δέ
3128 2694 3343 2766 ἡμέραν
3361 2693 3419 2761 ἐξ
3447 2694 3659 2764 ἡμέρας
3683 2692 3969 2763 ἀναϐάλλῃ

2292 2780 2467 2849 ἡμᾶςς
2503 2779 2578 2850 μὴ
2613 2779 2723 2850 γάρ
2753 2780 2978 2834 δυνατὸν
3005 2781 3298 2849 ἐκφυγεῖν;
3338 2780 3596 2850 βασιλέως
3637 2780 3803 2850 νόμος
3847 2781 3970 2832 ἐστί

2293 2865 2603 2936 μελλήσεως
2631 2867 2730 2920 οὐκ
2770 2865 3114 2936 ἀνεχόμενος.
3148 2867 3213 2919 Τί
3252 2867 3454 2935 λέγεις,
3498 2867 3619 2920 εἰπέ
3660 2883 3780 2936 pm;
3816 2866 3968 2937 βασι-

2289 2948 2414 3013 λεὺς
2465 2949 2721 3002 ἐκέλευσε
2767 2952 3024 3021 χρήματα
3069 2952 3418 3020 εἰσενεγκεῖν,
3464 2955 3558 3005 καὶ
3590 2952 3857 3006 ἀδύνατον
3895 2955 3970 3024 μὴ

2289 3037 2636 3104 εἰσενεγκεῖψ
2676 3039 2705 3090 ὁ
2741 3036 2873 3100 Θεὸς
2905 3036 3160 3090 ἐκέλευσε
3194 3037 3417 3107 φεύγειν
3447 3038 3573 3102 τοὺς
3611 3039 3829 3109 ὅρκους,
3873 3043 3970 3093 καὶ

2289 3123 2469 3192 λέγεις
2503 3126 2585 3178 ὃτι
2618 3123 2876 3179 ἀδύνατον
2910 3125 3133 3194 φεύγειν
3164 3126 3289 3190 τοὺς
3328 3128 3557 3197 ὃρκους;
3595 3128 3804 3198 ’Έκτην
3853 3129 3970 3198 ἔχω

2285 3211 2492 3282 ταύτην
2511 3213 2728 3282 ἡμέραν
2753 3213 2882 3283 περὶ
2907 3214 3112 3283 ταύτης
3135 3214 3164 3266 ὑ
3174 3217 3264 3284 μῖν
3289 3212 3568 3286 παραινῶν
3586 3214 3688 3283 τῆς
3710 3215 3964 3287 ἐντολῆς·

2286 3298 2468 3352 λοιπὸν
2496 3299 2623 3369 ὑμῖν
2653 3298 3018 3363 συντάξασθαι
3049 3300 3315 3370 βούλομαι·
3340 3301 3417 3364 ὡς
3445 3301 3844 3372 ἀφιστάμενος,
3879 3305 3966 3358 ἵνα

2284 3385 2676 3456 ἀσφαλίζησθε.
2728 3387 2843 3439 Οὐκ
2887 3386 2965 3440 ἐτι
3000 3387 3268 3457 ἀπολογία
3314 3405 3399 3451 τις
3442 3389 3572 3459 ὑμῖν
3620 3388 3802 3452 ἐσται,
3843 3392 3966 3444 οὐδὲ

2288 3471 2607 3544 συγγνώμηο
2647 3473 2883 3543 μάλιστα
2914 3473 3012 3544 μὲν
3039 3474 3148 3546 γάρ
3185 3476 3235 3527 εἰ
3271 3476 3364 3527 καὶ
3399 3475 3563 3546 μηδὲν
3587 3475 3803 3544 εἴρητο,
3833 3480 3966 3547 παρ’

2286 3558 2442 3628 ὑμῶν
2477 3557 2654 3611 αὐτῶν
2684 3558 2788 3611 ἔδει
2816 3558 3174 3631 διορθωθῆναι
3201 3560 3380 3614 τοῦτο’
3419 3561 3540 3614 οὐδέ
3568 3560 3677 3632 γὰρ
3709 3564 3968 3615 ποικίλον

2285 3645 2454 3704 ἐστὶν,
2497 3644 2619 3698 οὑδέ
2651 3644 2853 3715 πολλῆς
2881 3646 3134 3716 δεόμενον
3165 3647 3528 3718 κατασκευῆς.
3571 3649 3743 3703 Ὅταν
3774 3648 3836 3703 δὲ
3865 3651 3966 3703 καὶ

2283 3729 2551 3800 τοσαύτης
2579 3725 2677 3801 ἦτε
2718 3733 3095 3802 παραινέσεως
3127 3735 3221 3788 καὶ
3253 3733 3562 3805 συμϐουλῆς
3593 3734 3970 3790 ἀπολελαυκὰ

2281 3835 2395 3896 τες,
2422 3818 2544 3873 τίνα
2578 3819 2873 3888 ἀπολογίαν
2905 3822 3078 3874 εἰπεῖν
3108 3821 3258 3886 ἕξετε
3296 3821 3702 3892 ἐγκαλούμενοι,
3741 3825 3844 3876 καὶ
3871 3825 3969 3876 ἐπὶ

2283 3905 2376 3958 τοῦ
2404 3904 2647 3976 βήματος
2675 3906 2908 3971 ἑστῶτες
2931 3907 3025 3961 τοῦ
3049 3909 3301 3981 φοϐεροῦ,
3323 3909 3414 3962 καὶ
3435 3909 3662 3973 εὐθύνας
3691 3911 3968 3964 ἀπαιτούς

2287 4009 2439 4063 μενοι
2465 3991 2568 4062 τῆς
2610 3994 2954 4064 παρανομίας
2985 3995 3224 4064 ταύτης;
3253 3997 3366 4050 Οὐκ
3404 3997 3550 4050 ἐστιν
3585 3997 3856 4067 οὐδεμίαν
3884 3999 3967 4052 el-

2282 4083 2403 4133 πεῖν
2419 4081 2736 4149 ἀπολογίαν,
2763 4081 2877 4136 ἀλλ’
2895 4084 3130 4154 ἀνάγκη,
3152 4084 3186 4154 ἢ
3210 4084 3656 4155 κατορθώσαντας
3669 4085 3963 4146 ἀπελθεῖν,

2281 4166 2314 4235 ἢ
2355 4166 2428 4236 μή
2466 4167 2920 4239 κατορθώσαντας
2945 4169 3291 4235 κολάζεσθαι,
3320 4172 3416 4224 καὶ
3439 4171 3538 4241 τὴν
3559 4171 3802 4241 ἐσχάτην
3831 4174 3963 4226 ὑπο.

2283 4251 2464 4321 μένειν
2486 4251 2658 4324 δίκην.
2688 4254 2872 4308 Ταῦτα
2899 4251 2992 4309 οῦν
3017 4258 3366 4327 ἐννοήσαντες
3388 4258 3606 4312 ἅπαντα
3626 4269 3671 4321 ο,
3696 4259 3805 4310 καὶ
3825 4261 3964 4330 μετά

2281 4339 2479 4410 πολλῆς
2524 4340 2775 4397 ἐντεῦθεν
2819 4345 3275 4417 ἀναχωρήσαντες
3319 4347 3420 4417 τῆς
3453 4347 3758 4418 φροντίδος,
3803 4349 3964 4420 ἀλλήο

2281 4427 2404 4492 λους
2434 4430 2876 4499 παρακελεύεσθε
2909 4433 2977 4487 τά
3008 4435 3066 4488 ἐν
3098 4433 3385 4497 τοσαύταις
3415 4436 3652 4506 ἡμέραις
3679 4439 3966 4510 εἰρημένα

2285 4513 2430 4592 μετὰ⁸
2451 4513 2630 4584 πάσης
2655 4517 2893 4587 τηρῆσαι
2928 4519 3029 4589 τῆς
3059 4519 3309 4589 φυλακῆς
3338 4522 3430 4574 ἐπὶ
3457 4523 3554 4593 τῆς
3579 4522 3834 4588 διανοίας
3863 4525 3968 4594 τῆς

2283 4595 2570 4667 ὑμετέρας,
2598 4598 2686 4652 ἵνα
2706 4601 2797 4652 καὶ
2817 4600 2974 4672 ήμῶν
2996 4601 3271 4671 σιγώντων
3292 4604 3555 4675 ἀλλήλους
3574 4606 3966 4674 παιδεύοντες,

2278 4683 2706 4754 οἰκοδομοῦντες,
2743 4687 3212 4758 παρακαλοῦντες,
3242 4689 3446 4761 πολλὴν
3477 4691 3837 4762 ἐπιδείξησθε
3865 4696 3968 4765 τὴν

2278 4768 2538 4833 ἐπίδοσιν,
2567 4771 2660 4824 καὶ
2689 4773 2816 4837 τοὺς
2846 4773 3065 4838 λοιποὺς
3097 4775 3344 4839 ἅπαντας
3368 4777 3845 4849 ἐκπληρώσαντες
3873 4781 3967 4836 νό-

2282 4872 2436 4925 μους,
2467 4857 2811 4930 ἀπολαύσητε
2852 4861 2960 4914 τῶν
3003 4862 3236 4916 αἰωνίων
3279 4863 3580 4931 στεφάνων,
3624 4858 3701 4918 ὦν
3744 4868 3971 4936 γένοιτο

2279 4942 2487 5007 πάντας
2525 4946 2672 5016 ἡμᾶς
2719 4949 3018 5017 ἐπιτυχεῖν,
3065 4949 3249 5021 χάριτι
3298 4953 3392 5006 καὶ
3440 4951 3838 5028 φιλανθρωπίᾳ
3869 4957 3968 5010 τοῦ

2279 5030 2484 5101 Κυρίου
2508 5032 2665 5102 ήμῶν
2703 5035 2876 5106 Ἰησοῦ
2910 5037 3170 5106 Χριστοῦ,
3203 5038 3270 5092 δι’
3297 5032 3358 5094 οὗ
3383 5040 3476 5093 καὶ
3503 5040 3621 5110 μεθ’
3640 5036 3705 5095 οῦ
3728 5043 3820 5113 τῷ
3846 5045 3968 5099 Πα-

2277 5116 2369 5186 τρὶ
2401 5117 2434 5185 ή
2469 5117 2596 5184 δόξα
2635 5119 2755 5190 ἅμα
2793 5121 2870 5190 τῷ
2915 5122 3058 5196 ἁγίῳ
3094 5123 3391 5196 Πνεύματι,
3445 5126 3526 5190 είς
3570 5129 3702 5192 τοὺς
3744 5127 3974 5196 αἰῶνας

2277 5202 2383 5255 τῶν
2421 5203 2653 5269 αἰώνων.
2699 5208 2892 5279 Ἀμήν.

2279 5357 2582 5414 διαλέξεσθαι.

2337 5419 2367 5511 ς
2382 5418 2995 5541 Ἡιάὲξίξξὲςηοὶὺυεάαω
3012 5443 3126 5482 mss.
3139 5429 3267 5483 Infra
3281 5432 3392 5484 Sav.
3405 5433 3496 5483 ὑπὸ
3508 5435 3669 5494 omne.
3689 5449 3761 5499 ιφ
3804 5438 3986 5490 πάλιν.
