4070 6208
208 202 304 261 ίοί
1147 212 1238 270 AD
1276 211 1594 271 POPULUM
1633 211 2118 270 ANTtecuENUtu
2180 215 2407 271 neum.
2451 215 2576 272 vnt

205 334 350 374 circa
380 321 615 374 animam
643 336 856 376 omnem
893 337 1074 378 curam
1117 326 1484 395 impendamus
1507 367 1522 393 ,
1563 335 1618 380 ct
1659 326 1795 380 hanc

201 410 351 464 (muti
379 411 541 466 modo
565 428 834 470 curemus.
867 415 1106 484 Corpora
1136 417 1332 488 quippe
1357 419 1661 489 languentia
1687 434 1792 473 non

201 501 460 556 omnibus
481 516 672 558 curare
704 505 854 559 facile
878 515 999 570 est,
1030 507 1263 560 animam
1293 523 1421 562 vero
1459 508 1792 563 laborantem

198 599 286 642 est
312 590 507 660 cuique
536 592 786 646 medicari
817 593 1120 651 facillimum
1147 614 1161 650 ε
1193 606 1247 651 et
1288 598 1530 667 corporis
1576 599 1790 668 quidem

198 679 412 731 curatio
438 721 454 746 ,
481 689 534 733 et
559 682 966 737 medicaminum
993 693 1048 739 et
1081 685 1284 755 argenti
1329 686 1525 757 indiget
1550 729 1564 752 ,
1603 689 1792 742 animm

198 782 335 823 vero
360 768 517 824 facile
547 772 794 840 parabilis
819 782 872 827 et
904 775 1173 842 impendio
1211 791 1401 830 carens
1437 780 1655 832 :carnis
1693 795 1790 832 na-
1827 794 1842 808 ’

201 869 322 914 tura
351 862 520 916 multo
543 877 661 927 cum
691 863 874 918 labore
900 866 968 918 ab
999 865 1369 921 iufestantibus
1397 867 1650 922 liberatur
1675 871 1787 923 vui-

197 955 428 1010 nerihus
462 972 476 1008 :
510 957 704 1010 etenim
737 955 938 1010 ferrum
962 973 1108 1028 .smpe
1142 969 1194 1013 et
1233 974 1412 1013 amara
1439 959 1789 1014 medicamina

196 1046 464 1103 adhibere
491 1049 851 1104 necessarium
884 1058 1000 1117 cst;
1044 1051 1094 1105 in
1139 1052 1311 1105 anima
1356 1068 1486 1107 vero
1533 1053 1660 1106 nihil
1710 1063 1790 1107 est

198 1138 310 1192 tale
340 1178 357 1203 ,
387 1138 479 1192 sed
514 1147 718 1192 tantum
752 1140 884 1194 velle
911 1151 963 1195 et
1003 1158 1198 1212 cupere
1243 1143 1435 1198 sufficit
1459 1185 1474 1209 ,
1514 1153 1570 1198 et
1611 1145 1788 1198 omnia

197 1237 446 1282 correcta
493 1239 635 1282 sunt.
681 1229 750 1283 Et
792 1231 892 1285 hoc
936 1230 1035 1286 fuit
1077 1248 1209 1302 opus
1260 1233 1354 1287 Dei
1399 1233 1784 1303 providentiae:

199 1319 456 1386 quoniam
502 1319 643 1373 enim
688 1336 752 1375 ex
797 1323 1037 1391 corporis
1074 1324 1378 1380 infirmitate
1417 1341 1521 1380 non
1565 1327 1786 1380 multum

199 1409 316 1464 fieri
349 1421 726 1465 nocumentutn
760 1422 972 1482 potest:
1011 1431 1131 1468 nam
1159 1417 1318 1469 etiam
1350 1417 1394 1470 si
1427 1433 1532 1471 non
1561 1427 1786 1488 :egrote-

198 1515 321 1554 mus
345 1543 361 1567 ,
394 1516 539 1556 mors
567 1503 950 1571 superveniens
986 1505 1154 1574 ipsum
1200 1515 1504 1576 corrumpet
1526 1549 1541 1574 ,
1579 1520 1632 1563 et
1671 1524 1785 1562 om-

200 1593 330 1646 nino
356 1592 653 1648 dissolvet:
687 1604 854 1648 totum
897 1611 1025 1650 vero
1062 1598 1215 1652 nobis
1264 1598 1518 1652 in‘animi
1559 1601 1787 1654 sanitate

194 1686 356 1738 situm
383 1695 467 1739 est
498 1705 510 1738 :
555 1687 722 1741 multo
751 1687 976 1742 utilioris
1005 1698 1058 1744 ct
1084 1689 1249 1758 magis
1277 1690 1593 1744 necessariae
1621 1692 1786 1760 partis

194 1777 528 1832 curationem
557 1778 678 1832 fecit
705 1777 908 1832 facilem
936 1788 989 1834 et
1020 1780 1288 1849 impendio
1309 1790 1362 1835 et
1383 1781 1566 1836 dolore
1594 1796 1784 1836 caren-

191 1875 325 1922 tem.
376 1868 544 1934 Quam
591 1870 748 1939 igitur
782 1871 1178 1926 excusationem
1234 1872 1590 1927 habebimus?
1623 1889 1781 1944 quam

189 1967 371 2013 autem
398 1963 606 2016 veniam
636 2004 650 2028 ,
677 1978 796 2017 cum
827 1966 1066 2034 corporis
1095 1964 1307 2035 quidem
1335 2007 1350 2032 ,
1385 1965 1469 2019 ubi
1498 1976 1774 2036 argentum

193 2059 490 2119 erogatur,
537 2062 589 2105 et
632 2053 821 2109 medici
863 2049 1248 2123 accersuntur,
1293 2064 1346 2110 et
1389 2055 1588 2110 multus
1633 2057 1786 2111 dolor

190 2140 529 2206 sustinetur,
564 2152 761 2197 tantam
802 2160 1050 2214 geramus
1090 2161 1270 2199 curam
1297 2185 1312 2211 ,
1356 2148 1619 2217 prtecipue
1663 2161 1784 2201 cum

188 2246 297 2285 non
327 2247 582 2302 magnum
612 2235 682 2288 sit
711 2234 865 2289 nobis
893 2235 1143 2289 damnum
1166 2250 1228 2289 ex
1258 2235 1402 2290 illius
1429 2236 1740 2305 aegritudine
1767 2255 1782 2302 ;

183 2322 425 2374 animam
456 2338 582 2376 vero
610 2333 1014 2380 contemnamus
1037 2366 1052 2392 ,
1085 2333 1141 2379 et
1177 2324 1280 2381 hoc
1306 2340 1427 2380 cum
1459 2341 1557 2380 nec
1595 2313 1785 2396 argen-

187 2424 298 2468 tum
330 2430 558 2485 erogare
580 2457 594 2480 ,
626 2430 724 2470 nec
766 2416 900 2470 alios
943 2416 1255 2486 perturbare
1279 2458 1294 2483 ,
1345 2431 1522 2486 neque
1561 2417 1773 2472 dolores

183 2507 458 2561 sustinere
485 2506 779 2562 debeamus
804 2524 817 2572 ;
847 2507 940 2562 sed
970 2507 1172 2578 absque
1199 2508 1280 2562 his
1310 2508 1557 2562 omnibus
1587 2524 1781 2579 propo-

184 2597 290 2650 sito
321 2596 498 2650 solum
530 2606 584 2651 et
624 2597 896 2652 voluntate
935 2611 1147 2653 omnem
1192 2597 1357 2668 ipsius
1396 2599 1780 2653 correctionem
1837 2658 1846 2678 ε

1887 2691 1992 2748 est,
2020 2692 2182 2754 atque
2228 2695 2508 2741 exactores
2555 2685 2742 2741 audire
2796 2685 2956 2750 licet,
3009 2685 3294 2740 dicentes:
3335 2685 3473 2753 Quid

184 2685 363 2744 facere
395 2688 669 2756 possimus
696 2705 710 2742 :
739 2697 794 2744 et
827 2690 1028 2758 optime
1071 2691 1302 2744 sciamus
1340 2705 1437 2745 nos
1466 2732 1482 2757 ,
1532 2690 1633 2744 nisi
1681 2689 1782 2746 hoc

187 2776 479 2834 fecerimus
508 2821 524 2846 ,
556 2788 848 2835 extremam
879 2782 1150 2835 subituros
1180 2796 1386 2849 pinnam
1409 2822 1425 2847 ,
1465 2791 1520 2836 et
1561 2781 1783 2838 inevita-

187 2868 309 2922 bilia
340 2878 613 2924 tormenta
641 2880 800 2940 atque
830 2871 1088 2940 supplicia
1111 2869 1133 2924 ?
1164 2871 1256 2924 Dic
1282 2885 1510 2940 namque
1537 2871 1666 2924 mihi
1690 2910 1709 2939 ,
1736 2872 1778 2927 si

179 2959 299 3021 quis
329 2968 504 3015 artem
529 2961 806 3016 medicinae
836 2962 984 3016 brevi
1007 2961 1263 3032 temporis
1289 2971 1560 3017 momento
1577 2962 1781 3033 absque

177 3061 410 3120 argento
441 3061 492 3106 et
518 3053 702 3108 labore
728 3068 789 3107 se
829 3052 1113 3107 docturum
1161 3061 1214 3108 te
1251 3052 1589 3122 polliceretur
1611 3094 1627 3119 ,
1670 3069 1779 3109 non

177 3143 356 3211 ipsum
388 3151 607 3212 putares
651 3142 1089 3198 benefactorem?
1131 3131 1310 3197 nonne
1352 3143 1562 3198 subires
1599 3145 1777 3199 omnia

177 3232 360 3288 facere
387 3241 447 3288 et
473 3235 578 3303 pati
605 3275 620 3300 ,
651 3249 1001 3304 qumcumque
1031 3233 1147 3288 haec
1191 3231 1448 3303 pollicens
1485 3234 1778 3304 jussisset?

179 3322 321 3377 Ecce
356 3335 505 3376 nunc
543 3322 660 3378 sine
693 3323 963 3378 laboribus
1006 3323 1167 3387 licet,
1208 3338 1315 3377 non
1355 3324 1595 3392 corporis
1620 3365 1635 3390 ,
1681 3324 1775 3379 sed

176 3412 379 3466 anima:
409 3413 690 3467 vulnerum
736 3414 977 3469 invenire
1015 3413 1248 3469 remedia
1273 3455 1289 3481 ,
1330 3423 1385 3469 et
1418 3429 1535 3469 eam
1573 3415 1776 3486 absque

175 3502 370 3557 dolore
403 3503 512 3557 ullo
540 3503 604 3558 ad
641 3503 925 3559 sanitatem
956 3504 1256 3560 reducere:
1300 3520 1368 3561 ne
1413 3505 1572 3575 igitur
1610 3507 1775 3576 negli-

171 3607 388 3660 gamus.
426 3591 555 3659 Quis
581 3595 723 3648 enim
753 3635 768 3658 ,
814 3594 901 3650 dic
945 3595 1114 3662 mihi,
1165 3595 1358 3660 dolor,
1401 3595 1533 3649 iram
1577 3597 1776 3650 centri-

172 3685 336 3738 Stanti
369 3686 698 3740 remittere?
727 3686 892 3741 Dolor
932 3686 1146 3758 quidem
1193 3697 1276 3743 est
1324 3689 1544 3758 injurias
1587 3689 1770 3744 metui.

173 3775 319 3828 uisse
347 3817 364 3838 ,
402 3783 458 3828 et
486 3789 590 3829 non
615 3771 908 3831 conciliari.
937 3777 1068 3846 Quis
1097 3778 1249 3833 labor
1276 3793 1433 3833 orare
1455 3820 1469 3844 ,
1500 3788 1553 3833 et
1590 3793 1620 3833 a
1664 3779 1773 3834 Deo

174 3876 428 3936 prompte
450 3867 724 3936 praebente
744 3911 757 3935 ,
783 3869 1062 3924 innumera
1094 3871 1230 3925 bona
1253 3871 1472 3940 petere?
1489 3870 1606 3940 quis
1625 3869 1774 3924 labor

170 3959 469 4014 detrahere
501 3962 698 4016 nemini
722 3963 745 4016 ?
768 3980 886 4033 qum
907 3963 1190 4019 difficultas
1210 3965 1278 4020 ab
1305 3965 1501 4019 invidia
1528 3973 1581 4018 et
1605 3965 1773 4020 livore

169 4051 438 4106 liberari?
483 4068 604 4123 qua:
672 4055 915 4110 molestia
986 4057 1286 4126 proximum
1339 4057 1602 4128 diligere?
1651 4073 1770 4127 qua:

172 4160 420 4199 :nrumna
469 4160 576 4199 non
613 4148 783 4216 turpia
830 4148 991 4202 verba
1043 4148 1228 4219 loqui,
1273 4163 1379 4203 non
1429 4147 1724 4204 convicium
1750 4189 1765 4214 ,

172 4251 278 4289 non
308 4235 566 4306 injuriam
595 4235 835 4292 inferre?
857 4254 975 4308 qtue
1003 4237 1237 4310 fatigatio
1264 4254 1367 4294 non
1392 4239 1574 4308 jurare
1597 4239 1622 4292 ?
1647 4254 1767 4293 rur-

175 4341 291 4380 sum
318 4327 470 4381 enim
501 4326 566 4381 ad
597 4328 838 4382 eamdem
864 4327 1144 4384 deveniam
1171 4330 1611 4385 admonitionem.
1656 4329 1768 4384 lmo

172 4416 328 4472 labor
371 4417 644 4473 maximus
676 4418 900 4489 jurare;
950 4422 1144 4490 saepius
1183 4422 1327 4476 enim
1375 4422 1452 4476 ira
1489 4431 1544 4477 et
1589 4421 1768 4478 furore

169 4508 380 4563 detenti
411 4549 427 4575 ,
457 4523 556 4563 nos
583 4509 943 4565 infestantium
969 4511 1198 4581 cuipiam
1243 4525 1348 4565 non
1395 4512 1770 4567 reconciliatu-

167 4614 263 4653 ros
284 4599 592 4668 juravimus
615 4642 630 4667 ,
657 4609 839 4670 postea
867 4600 944 4656 ira
973 4603 1233 4657 exstincta
1261 4613 1314 4657 et
1339 4601 1516 4659 furore
1543 4604 1726 4659 sedato
1745 4646 1762 4672 ,

168 4689 521 4744 reconciliari
573 4691 854 4759 volentes,
895 4701 951 4747 et
981 4693 1404 4763 juramentorum
1449 4697 1766 4752 necessitate

162 4780 394 4834 coerciti
423 4821 437 4842 ,
463 4779 727 4836 doluimus
756 4791 1025 4852 tamquam
1072 4784 1262 4856 laqueo
1302 4785 1531 4857 quodam
1561 4787 1766 4843 detenti

160 4880 219 4923 et
250 4870 490 4924 vinculis
521 4870 888 4928 insolubilibus
917 4872 1130 4930 irretiti.
1153 4875 1302 4943 Quod
1326 4886 1380 4931 et
1401 4877 1644 4934 diabolus
1665 4891 1766 4933 no-

162 4963 243 5013 vit
264 5001 283 5027 ,
316 4971 375 5017 et
402 4963 530 5032 quia
561 4962 712 5031 plane
737 4965 885 5019 novit
910 4965 1043 5020 iram
1089 4981 1208 5022 esse
1252 4968 1426 5038 ignem
1452 5009 1468 5036 ,
1513 4979 1567 5025 et
1609 4969 1766 5026 facile

163 5052 446 5122 exstingui
472 5094 487 5117 ,
517 5061 570 5108 et
595 5054 853 5111 exstincta
882 5055 961 5111 ira
988 5058 1477 5115 reconciliationem
1505 5069 1560 5116 et
1587 5063 1767 5117 amici-

164 5139 299 5194 tiam
349 5138 549 5208 sequi,
593 5140 812 5211 cupiens
867 5141 1046 5214 ignem
1097 5144 1238 5199 hunc
1281 5145 1763 5220 inexstinguibilem

165 5245 398 5286 manere
420 5273 438 5299 ,
465 5230 770 5303 juramenta
799 5249 899 5290 nos
923 5237 1118 5308 sapius
1146 5238 1374 5295 irrctivit
1398 5282 1414 5310 ,
1439 5249 1499 5296 ut
1523 5250 1577 5298 et
1613 5243 1659 5298 si
1684 5244 1764 5299 ira

161 5320 472 5392 desiverit,
509 5322 797 5396 juramenti
825 5329 1116 5386 necessita
1145 5343 1369 5394 manens
1389 5373 1406 5404 ,
1433 5331 1680 5391 ardorem
1707 5335 1762 5391 in

3381 219 3482 274 102

1903 327 2058 380 nobis
2082 337 2398 394 conservet,
2430 338 2482 382 et
2507 329 2730 382 duorum
2761 327 2850 380 flat
2880 329 3099 382 alterum
3125 370 3140 395 ,
3167 330 3248 383 vel
3289 344 3470 385 recen-

1900 415 2062 468 ciliati
2100 416 2399 484 pejuremus
2423 457 2438 482 ,
2493 417 2576 470 vel
2622 432 2727 471 non
2773 416 3137 486 reconciliati,
3171 417 3277 474 odii
3311 421 3482 488 culpa:

1907 515 2114 559 nosmet
2145 520 2265 560 reos
2291 507 2695 561 constituamus.

1970 597 2024 650 ὁ.
2069 595 2281 650 Mor-alis
2327 597 2610 650 exhortatio
2652 597 2722 650 ad
2769 597 3062 667 juramenta
3127 597 3356 650 vitanda.
3409 628 3474 640 --

1905 689 2029 741 "i130
2077 688 2234 757 igitur
2282 689 2550 753 scientes,
2599 689 2897 758 juramenta
2949 687 3208 758 fugiamus
3246 699 3299 744 et
3349 691 3474 744 assi-

1901 777 2004 832 due
2052 778 2336 832 meditetur
2378 794 2438 832 os
2483 787 2720 832 nostrum
2775 779 2991 843 dicere,
3039 777 3240 831 Crede:
3284 787 3341 832 et
3381 778 3481 832 hoc

1893 869 1996 923 erit
2067 868 2221 922 nobis
2289 870 2449 924 totius
2515 869 2727 937 pietatis
2807 878 3196 938 argumentum.
3279 867 3477 938 Lingua

1894 960 2035 1013 enim
2085 961 2300 1014 verbum
2361 961 2462 1014 hoc
2504 977 2664 1014 ttnum
2695 962 2711 992 ⁸
2757 960 2937 1015 dicere
2978 962 3152 1026 docta,
3197 959 3479 1016 confundi-

1895 1058 1980 1104 tur
2035 1059 2090 1105 et
2153 1051 2424 1105 erubescit
2473 1053 2643 1122 turpia
2714 1061 2769 1106 et
2833 1052 3060 1106 absurda
3130 1053 3291 1106 verba
3352 1066 3477 1120 pro-

1895 1141 2034 1196 ferre
2063 1159 2077 1196 :
2105 1151 2160 1196 et
2183 1144 2226 1196 si
2256 1159 2465 1197 rursum
2492 1159 2520 1196 a
2546 1142 2929 1198 consuetudine
2966 1144 3271 1198 retrahatur
3298 1185 3312 1204 ,
3342 1143 3473 1198 mul-

1895 1239 1977 1283 tos
2020 1231 2221 1285 habens
2259 1242 2596 1287 accusatores
2635 1233 2971 1301 corripietur.
3013 1236 3141 1286 Cum
3173 1234 3315 1289 enim
3353 1233 3474 1304 quis

1895 1319 2284 1391 nonjurantem
2315 1325 2482 1392 turpia
2527 1323 2722 1377 viderit
2747 1323 2907 1377 verba
2950 1323 3303 1392 proferentem
3331 1363 3348 1389 ,
3397 1323 3478 1378 in-

1894 1410 2113 1465 sultabi-t
2143 1410 2296 1467 facile
2322 1453 2336 1478 ,
2365 1413 2626 1468 deridebit
2656 1454 2672 1480 ,
2714 1422 2768 1468 et
2802 1430 3026 1483 carpens
3070 1414 3210 1469 dicet
3242 1433 3256 1470 :
3284 1415 3361 1470 'l‘u
3387 1415 3474 1485 qui

1892 1501 1945 1556 in
1977 1503 2226 1558 omnibus
2251 1503 2382 1558 dicis
2410 1545 2424 1570 ,
2455 1502 2646 1571 Crede,
2684 1505 3042 1574 juramentum
3088 1505 3323 1575 proferre
3368 1522 3473 1560 non

1891 1593 2131 1655 audens,
2165 1595 2434 1664 quomodo
2480 1596 2721 1664 turpibus
2761 1597 2988 1665 linguam
3035 1607 3176 1651 tuam
3217 1599 3477 1652 sermoni-

1892 1683 1990 1738 bus
2019 1687 2394 1741 contaminas?
2423 1687 2601 1756 itaque
2625 1697 2678 1740 et
2719 1687 2865 1742 inviti
2897 1703 2926 1741 a
2955 1689 3304 1756 praesentibus
3330 1704 3478 1742 Cum-

1892 1777 2065 1844 pulsi,
2098 1777 2164 1831 ad
2195 1780 2440 1846 pietatem
2466 1780 2773 1834 redibimus.
2800 1779 2936 1846 Quid
2979 1780 3138 1849 igitur
3180 1779 3222 1832 si
3259 1779 3470 1848 juraudi

1895 1867 2187 1922 necessitas
2210 1869 2278 1922 sit
2301 1870 2323 1922 ?
2351 1870 2522 1938 inquit
2546 1870 2753 1938 aliquis.
2783 1871 2878 1925 Ubi
2902 1879 2984 1926 est
3012 1871 3139 1939 legis
3167 1872 3476 1940 praevarica-

1897 1956 1970 2008 tio
1997 1997 2011 2022 ,
2036 1972 2142 2012 non
2173 1968 2255 2012 est
2278 1961 2590 2013 necessitas.
2623 1959 2690 2013 Et
2721 1961 2971 2029 possibile
2999 1971 3081 2015 est
3111 1962 3320 2028 penitus
3346 2001 3361 2025 ,
3391 1961 3475 2014 in-

1894 2048 2047 2116 quit,
2077 2049 2588 2119 nonjurare?Quid
2629 2051 2750 2105 ais?
2798 2051 2936 2104 Deus
2978 2051 3178 2121 jussit,
3227 2063 3281 2106 et
3313 2051 3475 2106 amics

1893 2135 2265 2207 interrogare,
2343 2155 2408 2192 an
2475 2139 2644 2210 legem
2707 2141 2976 2196 custodire
3040 2142 3108 2194 sit
3173 2141 3474 2211 possibile!

1897 2227 2009 2282 lmo
2063 2229 2389 2298 impossibile
2437 2248 2540 2284 non
2587 2231 2896 2296 custodire,
2949 2241 3003 2284 et
3051 2230 3152 2284 hoc
3203 2245 3296 2300 per
3339 2246 3474 2300 pra:-

1891 2321 2061 2373 sentia
2109 2321 2260 2374 vobis
2311 2322 2635 2389 persuadere
2701 2321 2821 2375 volo
2880 2321 3021 2391 quod
3093 2336 3196 2374 non
3277 2322 3474 2388 impos-

1892 2409 2048 2464 sibile
2092 2410 2162 2465 sit
2211 2427 2314 2465 non
2356 2412 2578 2479 jurare,
2629 2413 2720 2466 sed
2765 2412 2967 2481 jurare.
3000 2412 3135 2466 Ecce
3168 2411 3309 2465 enim
3335 2409 3474 2480 jussi

1886 2510 2010 2554 sunt
2039 2499 2226 2556 urbem
2255 2502 2574 2567 habitantes,
2601 2501 2738 2574 quod
2767 2502 3050 2557 multorum
3074 2502 3212 2556 vires
3233 2501 3468 2557 excede-

1887 2605 1947 2644 re
1973 2591 2203 2653 videtur,
2229 2608 2417 2647 aurum
2441 2608 2682 2663 erogare,
2711 2605 2762 2648 et
2805 2593 2976 2662 major
2999 2593 3247 2662 parsjam
3276 2593 3468 2647 collata

1883 2776 2068 2830 tardas
2094 2776 2289 2833 homo?
2316 2777 2441 2846 quid
2481 2793 2610 2832 vero
2639 2792 2738 2832 nos
2771 2777 2838 2832 de
2865 2777 2953 2833 die
2981 2778 3030 2832 in
3064 2777 3204 2832 diem
3251 2776 3472 2832 εἰὶσετεῖ

1889 2882 1997 2922 non
2022 2868 2163 2923 enim
2190 2868 2422 2939 eti’ugere
2453 2878 2604 2938 potes
2634 2887 2647 2922 :
2677 2869 2760 2924 lex
2811 2869 3153 2939 imperatoris
3203 2878 3304 2934 est,
3348 2884 3469 2939 qua:

1889 2973 2093 3014 moram
2129 2974 2236 3014 non
2289 2961 2506 3029 patitur.
2546 2960 2682 3028 Quid
2725 2975 2906 3030 quaso
2957 2960 3129 3015 dicis?
3177 2961 3471 3031 Imperator

1879 3048 2044 3117 jussit
2061 3049 2314 3118 pecunias
2343 3049 2536 3118 pendi,
2554 3060 2608 3105 et
2630 3060 2686 3105 ut
2715 3066 2819 3106 non
2852 3049 3074 3120 pendas,
3103 3050 3214 3105 fieri
3234 3065 3339 3105 non
3368 3066 3469 3120 po-

1881 3145 2020 3204 test;
2054 3139 2193 3194 Deus
2238 3140 2538 3209 juramenta
2597 3140 2780 3210 fugere
2811 3141 2989 3210 jussit,
3046 3148 3100 3195 et
3141 3140 3296 3207 dicis,
3347 3140 3462 3196 Non

1882 3243 2164 3298 possumus
2190 3231 2373 3300 fugere
2395 3233 2694 3300 juramenta
2716 3232 2738 3285 ?
2764 3231 2956 3286 Sextus
2988 3231 3086 3284 hic.
3100 3231 3214 3286 dies
3230 3232 3467 3301 estquod

1883 3316 1953 3374 de
1979 3318 2082 3373 hoc
2101 3334 2195 3373 vos
2224 3331 2492 3392 praecepto
2511 3320 2774 3375 admoneo
2805 3337 2819 3372 :
2857 3321 2909 3374 in
2930 3320 3163 3374 futurum
3193 3320 3466 3375 vobiscum

1883 3409 2078 3476 pacisci
2118 3410 2259 3472 volo,
2295 3421 2562 3480 tamquam
2590 3411 2886 3477 desistens,
2942 3421 3000 3465 ut
3051 3412 3306 3466 caveatis.
3348 3409 3467 3465 Nor.

1878 3497 2103 3566 amplius
2123 3500 2273 3554 vobis
2292 3500 2393 3554 erit
2413 3500 2684 3554 excusatio
2701 3515 2871 3569 neque
2893 3500 3064 3564 venia,
3089 3499 3320 3554 maxime
3344 3514 3464 3553 cum

1879 3587 2086 3641 etiamsi
2107 3603 2135 3640 a
2165 3589 2317 3643 nobis
2331 3589 2527 3644 dictum
2550 3589 2733 3644 fuisset
2760 3589 2886 3644 nihil
2913 3631 2928 3654 ,
2957 3604 2985 3642 a
3019 3589 3171 3644 vobis
3197 3591 3325 3657 ipsis
3358 3589 3462 3644 hoc

1883 3678 2076 3746 corrigi
2123 3677 2366 3732 debuerit
2410 3695 2553 3735 :nec
2600 3681 2740 3734 enim
2785 3679 2987 3733 varium
3040 3687 3142 3743 est,
3195 3689 3248 3734 et
3298 3682 3461 3735 multa

1879 3768 2268 3834 praeparatione
2297 3767 2556 3838 indigens.
2604 3769 2736 3824 Cum
2785 3784 2914 3824 vero
2939 3778 3139 3823 tantum
3169 3770 3285 3825 suis
3325 3771 3462 3825 nacti
3535 3760 3538 3762 ⁷

1878 3853 2256 3910 admonitionis
2275 3866 2328 3912 et
2353 3857 2583 3924 censilii,
2610 3873 2767 3927 quam
2786 3859 3046 3913 habebitis
3063 3863 3461 3915 excusationem

1877 3945 2132 4010 accusati,
2159 3963 2254 4012 pro
2276 3947 2524 4001 tribunali
2546 3948 2817 4001 constituti
2836 3949 3131 4013 tremendo,
3149 3964 3268 4004 cum
3288 3965 3459 4020 pinnae

1878 4034 2329 4102 prmvaricationis
2381 4037 2540 4106 hujus
2593 4052 2623 4090 a
2671 4037 2822 4093 vobis
2873 4039 3206 4109 exigeutur?
3244 4041 3452 4096 Nullam

1877 4121 2069 4178 ati‘erre
2111 4123 2289 4177 licebit
2333 4127 2732 4182 excusationem
2760 4167 2777 4188 .
2818 4128 2912 4182 sed
2963 4143 3185 4184 necesse
3232 4130 3334 4183 erit
3375 4131 3460 4186 vel

1876 4214 2188 4270 emendatos
2214 4215 2381 4281 abire,
2415 4217 2500 4274 vel
2528 4233 2634 4272 non
2662 4219 2971 4274 emendatos
2988 4219 3180 4290 puniri,
3199 4229 3253 4275 et
3277 4232 3458 4275 extre-

1877 4321 2021 4360 mum
2065 4304 2245 4362 subire
2289 4308 2625 4376 supplicium.
2665 4308 2790 4363 Haec
2821 4309 2978 4379 igitur
3002 4311 3177 4364 omnia
3221 4311 3460 4381 cogitan-

1875 4403 1957 4451 tes
1981 4399 2024 4463 ¹,
2054 4412 2174 4452 cum
2199 4399 2359 4453 multa
2388 4399 2510 4454 hinc
2544 4415 2668 4455 cura
2691 4401 2944 4471 digressi,
2987 4417 3103 4472 quae
3156 4412 3234 4458 tot
3269 4403 3458 4462 diebus

1873 4485 2012 4542 dicta
2033 4497 2158 4543 sunt
2182 4491 2326 4544 omni
2349 4489 2586 4546 custodia
2618 4492 2668 4545 in
2709 4501 2888 4547 mente
2919 4502 3092 4548 vestra
3132 4509 3458 4553 conservare

1875 4578 2015 4634 inter
2038 4595 2133 4635 vos
2161 4581 2519 4638 exhortamini
2548 4600 2561 4636 :
2593 4598 2699 4652 quo
2739 4583 2825 4638 vel
2862 4584 3016 4639 nobis
3045 4587 3345 4643 tacentibus
3371 4589 3455 4642 al-

1875 4679 1959 4727 ter
1980 4673 2206 4728 alterum
2231 4673 2485 4730 docentes
2503 4715 2518 4740 ,
2549 4675 2894 4743 aedificantes,
2924 4675 3266 4735 exhortantes
3283 4721 3298 4744 ,
3318 4680 3458 4733 mul-

1875 4769 1986 4817 tum
2012 4763 2388 4819 demonstretis
2414 4763 2729 4835 profectum,
2759 4776 2815 4822 et
2841 4781 3028 4822 omnes
3053 4768 3285 4838 reliquas
3309 4768 3455 4840 leges

1873 4854 2176 4928 implentes,
2209 4859 2426 4914 aeternis
2470 4857 2717 4914 fruamini
2757 4861 3160 4931 coroniszquas
3183 4861 3460 4932 contingat

1874 4967 1975 5007 nos
2003 4965 2190 5008 omnes
2215 4951 2446 5022 assequi,
2477 4954 2645 5022 gratia
2667 4959 2723 5009 et
2744 4952 3068 5024 benignitate
3119 4952 3326 5007 Domini
3359 4968 3458 5008 no-

1871 5043 1971 5098 stri
1993 5038 2118 5097 Jesu
2144 5043 2363 5108 Christi,
2406 5058 2502 5114 per
2527 5059 2686 5115 quem
2714 5053 2768 5100 et
2806 5059 2928 5099 cum
2961 5059 3066 5114 quo
3107 5041 3248 5098 Patri
3281 5041 3454 5114 gloria

1875 5134 2137 5204 simulque
2152 5145 2338 5190 sancto
2350 5134 2589 5206 Spiritui,
2609 5135 2663 5190 in
2696 5135 2888 5191 menta
2909 5133 3436 5190 smeulorum.Ameit

1934 5286 1950 5349 ξ
1978 5291 2095 5349 vox.
2117 5285 2427 5349 immndeest
2450 5287 2498 5335 in
2514 5283 2800 5349 quibusdam
2822 5291 2927 5337 ms.

1931 5345 1954 5379 ί
1977 5346 2095 5396 Atil:
2123 5355 2237 5397 πως
2253 5345 2398 5411 igitur
2419 5345 2580 5398 me:
2601 5347 2872 5411 cogitantes.
