4070 6208
638 267 753 344 ,ios
1428 263 1487 320 s.
1526 258 1803 320 JOANNIS
1826 258 2296 318 CHRYSOSTOMI
2320 228 2651 322 'Aacmsp.
2688 260 3221 322 consranrxsor.
3820 268 3913 328 to;

653 489 723 532 ιλ
748 493 986 539 υυιτιο
1027 492 1245 536 Βοιιωί
1287 491 1395 544 QUI
1436 491 1710 535 JURANDI
1752 490 2222 534 CONSUE'I‘UDINE

2329 490 2777 533 DEPOSUERAN'I‘
2807 492 2822 532 2
2855 492 2935 533 ET
2977 490 3147 543 QUOD
3188 490 3364 534 NEMO
3430 490 3913 536 SUPERSTITIOK'

746 592 980 636 TENERI
1022 591 1251 646 DEBET,
1293 590 1376 634 NE
1418 589 1571 633 POS'I‘
1613 589 2056 633 BEFECTIONEM
2099 586 2349 630 DIVINOS
2390 587 2454 630 IN
2499 588 2790 632 ECCLESIA
2833 590 3159 633 SERMONES
3199 591 3437 633 AUDIA'I'
3468 592 3483 632 2
3518 590 3727 645 QUABE
3771 594 3916 639 POS'I'

744 691 1013 737 IIII-TUM
1055 690 1302 736 TEHPUS
1347 689 1585 734 DIVINE
1628 689 1787 733 SUNT
1834 688 2128 731 TBADITE
2171 686 2534 729 SCRIPTURB
2566 689 2581 728 2
2617 688 2696 730 ΕΤ
2739 688 2803 730 IN
2846 688 3056 743 ILLUD,
3090 688 3247 731 C(ELI
3277 689 3612 732 ENARRAN'I‘
3640 690 3913 735 GLORIAI

746 791 853 836 nm
885 772 1106 855 (Psal.
1153 771 1251 840 18,
1294 771 1374 851 2)
1408 791 1424 831 :
1453 788 1657 832 unum
1687 786 2032 831 NATUBALIS
2059 783 2430 839 nascmrrto
2463 786 2478 825 :
2512 786 2592 827 ET
2622 785 2686 828 IN
2729 786 2901 843 FINE,
2946 787 3029 828 nn
3072 786 3195 830 non
3238 787 3552 830 JUBANDO.

2057 912 2475 979 mm

1288 1065 1503 1105 BOIILIL
1542 1067 1615 1105 IX.

736 1172 787 1226 ι.
828 1168 897 1225 Et
924 1183 1092 1238 nuper
1120 1166 1185 1221 ad
1214 1179 1311 1219 vos
1334 1206 1348 1230 ,
1379 1176 1432 1220 et
1470 1180 1612 1219 nunc
1639 1164 1708 1219 ad
1749 1180 1843 1220 vos
1867 1165 2027 1220 verba
2053 1164 2187 1219 facio
2220 1181 2234 1217 :

666 1264 862 1318 utinam
895 1274 1024 1315 vero
1055 1266 1110 1313 et
1142 1272 1356 1327 semper
1376 1256 1677 1322 vobiscum,
1709 1255 1816 1309 imo
1836 1256 2011 1324 potius
2029 1270 2240 1325 semper

663 1353 937 1408 vobiscum
961 1391 977 1417 ,
1006 1349 1107 1405 etsi
1138 1362 1242 1401 non
1269 1346 1508 1416 corporis
1537 1346 1815 1415 praesentia
1833 1345 2047 1410 ,saltem
2062 1344 2237 1399 chari—

661 1447 784 1498 tatis
810 1443 862 1497 vi
894 1459 909 1496 :
937 1456 1035 1497 nec
1059 1440 1199 1495 enim
1230 1439 1358 1492 mihi
1386 1446 1471 1492 est
1504 1437 1605 1491 alia
1638 1437 1745 1491 vita
1767 1478 1782 1503 ,
1815 1436 1917 1491 nisi
1946 1450 2042 1490 vos
2068 1444 2122 1490 et
2155 1450 2239 1490 sa-

665 1534 790 1589 lutis
817 1544 1005 1589 vestra:
1024 1547 1169 1588 cura.
1198 1530 1348 1586 Sicut
1368 1531 1508 1585 enim
1530 1530 1751 1584 colonus
1773 1528 1901 1582 nihil
1923 1528 2063 1583 aliud
2088 1538 2239 1584 curat

665 1634 860 1695 praeter
885 1624 1084 1678 semina
1111 1629 1165 1676 et
1197 1629 1405 1690 segetes
1428 1659 1443 1684 ,
1474 1628 1529 1672 et
1553 1628 1710 1673 nauta
1741 1619 1910 1673 undas
1934 1630 1986 1674 et
2012 1628 2194 1689 portus
2221 1636 2235 1673 :

664 1717 744 1770 sic
766 1726 819 1771 et
851 1716 937 1785 qui
966 1714 1220 1784 loquitur,
1250 1710 1518 1765 auditores
1545 1721 1713 1776 curat,
1742 1720 1797 1765 et
1822 1711 2030 1766 illorum
2060 1709 2236 1780 profe-

661 1816 828 1873 ctum,
851 1806 987 1859 sicut
1008 1814 1063 1860 et
1086 1819 1185 1875 ego
1210 1817 1351 1859 nunc
1372 1805 1411 1856 ¹.
1436 1802 1559 1857 Ideo
1580 1811 1635 1857 et
1655 1818 1842 1858 omnes
1865 1819 1961 1859 vos
1982 1804 2035 1858 in
2063 1813 2239 1861 mente

664 1911 778 1951 mea
806 1894 1151 1961 circumfero,
1181 1910 1281 1950 nec
1306 1910 1434 1949 vero
1462 1893 1546 1949 hic
1588 1903 1785 1948 tantum
1810 1937 1824 1961 ,
1856 1895 1949 1951 sed
1991 1906 2045 1951 et
2072 1897 2233 1951 domi.

664 1986 776 2041 Etsi
803 1985 945 2040 enim
983 1985 1180 2039 multus
1217 1995 1299 2040 est
1337 1985 1586 2054 p0pulus,
1614 1994 1667 2041 ct
1706 1986 1883 2041 brevis
1916 1988 2093 2043 cardis
2131 1991 2235 2044 mei

664 2092 931 2141 mensura,
954 2076 1049 2132 sed
1069 2077 1171 2131 lata
1192 2087 1274 2132 est
1286 2076 1607 2143 charitas,et
1624 2077 1740 2135 Non
1754 2080 1806 2133 in
1823 2077 1963 2132 nobis
1980 2081 2238 2149 angustia-

661 2170 784 2223 mini
811 2169 888 2240 (Ξ.
915 2167 1032 2224 Cor.
1062 2169 1115 2224 6.
1145 2168 1233 2238 12)
1259 2187 1273 2223 :
1296 2169 1569 2240 sequentia
1600 2185 1725 2224 vero
1752 2185 1857 2224 non
1881 2170 2105 2237 addam;
2138 2188 2235 2228 ne-

662 2273 767 2328 que
796 2258 938 2313 enim
975 2272 1073 2311 nos
1102 2257 1238 2327 apud
1269 2272 1363 2313 vos
1390 2259 1773 2328 augustiamur.
1815 2258 1965 2315 Unde
1992 2262 2091 2316 hoc
2119 2276 2234 2316 ma-

662 2351 945 2407 nifestum?
969 2350 1100 2405 Novi
1128 2351 1323 2406 multos
1350 2351 1663 2417 referentes,
1689 2351 1989 2407 Mandatum
2015 2352 2236 2410 fecimus

661 2440 805 2510 leges
832 2440 1095 2495 nobismet
1118 2449 1375 2510 ponentes
1403 2443 1445 2506 ',
1474 2452 1527 2496 et
1551 2441 1855 2511 jurantibus
1885 2457 2069 2513 pinnas
2099 2444 2232 2499 defl-

661 2532 887 2597 nientes,
906 2540 961 2586 et
980 2531 1148 2601 legem
1171 2532 1675 2603 transgredientibus
1692 2548 1900 2605 penam
1920 2536 2228 2603 inferentes,

659 2637 870 2691 pinnam
901 2623 1049 2677 vobis
1084 2637 1393 2692 congruam,
1429 2623 1567 2693 quod
1601 2634 1686 2679 est
1709 2628 2232 2684 inaximzncharimis

661 2710 931 2766 indicium.
954 2710 1071 2766 Non
1092 2713 1231 2767 enim
1252 2728 1338 2767 me
1356 2712 1521 2784 pudet
1541 2715 1665 2769 talia
1686 2724 1960 2788 satagere:
1981 2721 2230 2788 quoniam

660 2802 713 2856 in
740 2804 840 2857 hoc
863 2802 1179 2857 curiositatis
1207 2803 1335 2858 nihil
1374 2814 1492 2869 est,
1522 2804 1617 2861 sed
1639 2807 1983 2876 providentia
2012 2809 2127 2865 haec
2148 2820 2233 2867 est

656 2892 973 2947 sollicitudo.
1001 2893 1058 2949 Si
1089 2895 1231 2949 enim
1273 2892 1481 2950 medico
1518 2910 1623 2950 non
1664 2907 1748 2952 est
1782 2898 2123 2968 opprobrium
2163 2900 2231 2957 de

656 2992 857 3054 aegroto
875 2984 1153 3049 sciscitari,
1176 3000 1349 3054 neque
1369 2986 1521 3041 nobis
1531 2988 1732 3042 crimen
1745 2988 1810 3043 de
1828 3000 2002 3044 vestra
2022 3006 2231 3063 semper

658 3075 925 3146 inquirere
954 3078 1142 3133 salute.
1187 3078 1277 3133 Sic
1301 3080 1442 3134 enim
1470 3080 1655 3135 moniti
1683 3080 1808 3150 quid
1836 3081 1989 3136 vobis
2015 3083 2227 3151 quidem

652 3165 954 3236 expeditum
982 3169 1066 3233 sit,
1091 3167 1214 3236 quid
1240 3183 1367 3223 vero
1388 3169 1649 3235 relictum,
1670 3185 1899 3241 congrua
1925 3186 2046 3226 cum
2067 3173 2228 3229 disci-

650 3256 793 3329 plina
822 3256 1021 3327 reliqua
1048 3257 1331 3313 atl'eremus
1358 3258 1613 3313 remedia.

723 3347 989 3401 Auditora
1016 3364 1047 3400 α
1067 3349 1371 3419 juramentis
1398 3349 1495 3402 cito
1523 3349 1790 3405 emendati.
1816 3380 1886 3392 -
1916 3352 2040 3408 [ltro
2068 3353 2226 3424 igitur

652 3438 864 3497 curiose
887 3440 1102 3493 scrutati
1130 3440 1470 3509 cognovimus
1498 3481 1512 3504 ,
1539 3450 1592 3495 et
1628 3441 1735 3497 Deo
1759 3444 1955 3512 gratias
1981 3447 2185 3515 egimus
2204 3487 2221 3513 ,

650 3529 790 3599 quod
816 3544 919 3584 non
951 3529 1002 3584 in
1036 3530 1195 3600 petris
1219 3530 1595 3586 seminavimus
1618 3572 1633 3597 ,
1663 3548 1762 3587 nec
1790 3534 1840 3587 in
1864 3534 2043 3604 spinas
2073 3538 2220 3591 misi.

652 3638 768 3677 mus
794 3623 1015 3689 semina,
1039 3638 1210 3693 neque
1237 3623 1402 3677 multo
1428 3632 1667 3695 tempore
1687 3626 1952 3697 multaque
1973 3627 2222 3686 dilatione

649 3710 965 3782 indiguimus
990 3753 1005 3778 ,
1041 3722 1097 3767 ut
1128 3721 1332 3783 segetes
1358 3723 1697 3770 meteremus.
1736 3715 2016 3786 Pr0pterea
2044 3735 2136 3773 vos
2168 3721 2218 3774 in

646 3804 806 3856 corde
832 3818 951 3857 meo
970 3804 1183 3860 assidue
1206 3819 1353 3873 gero,
1378 3816 1651 3874 propterea
1676 3821 1784 3861 non
1807 3809 1977 3863 sentio
1996 3809 2219 3865 docendi

646 3889 878 3944 laborem
898 3930 915 3956 ,
945 3890 1241 3945 auditorum
1269 3892 1415 3947 lucro
1443 3894 1725 3950 revelatus.
1759 3896 1883 3953 lla‘c
1908 3898 2046 3951 enim
2075 3916 2217 3955 mer-

644 3992 736 4032 ces
773 3992 870 4032 nos
897 3992 1144 4047 reparare
1175 3988 1347 4048 potest
1377 3990 1431 4036 et
1467 3982 1702 4038 relevare
1726 3994 1779 4038 et
1805 3987 2005 4041 alacres
2035 4003 2214 4057 p:-om-

644 4078 866 4139 ptosque
891 4068 1063 4124 facere
1084 4069 1149 4124 ad
1175 4086 1385 4125 omnem
1411 4087 1507 4141 pro
1526 4074 1675 4128 vobis
1698 4075 1932 4131 laborem
1954 4080 2219 4135 sustinen-

643 4162 791 4216 dum.
839 4160 1100 4228 Quoniam
1148 4161 1305 4233 igitur
1348 4164 1511 4218 multa
1548 4179 1641 4218 vos
1678 4168 1811 4235 grati
1856 4169 2019 4223 animi
2067 4171 2213 4240 signa

642 4252 882 4317 dedistis,
914 4268 1010 4322 age
1029 4253 1137 4320 jam
1166 4261 1220 4308 et
1245 4268 1341 4307 nos
1367 4252 1600 4309 debitum
1625 4270 1922 4325 erogemus,
1950 4261 2088 4329 quod
2119 4278 2215 4316 nu-

642 4357 741 4412 per
771 4343 1183 4411 promiseramus
1219 4360 1233 4397 :
1268 4344 1391 4399 licet
1420 4361 1525 4399 non
1553 4346 1756 4400 videam
1786 4359 2073 4416 pnesentes
2094 4368 2213 4409 esse

640 4432 760 4486 illos
774 4448 979 4498 omnes,
995 4434 1106 4503 qui,
1122 4449 1242 4489 cum
1261 4435 1662 4504 promissionem
1682 4435 1801 4502 feci,
1820 4438 1921 4494 huc
1936 4454 2207 4498 venerant.

638 4521 767 4590 Quae
795 4524 1004 4579 tandem
1030 4523 1206 4595 itaque
1230 4541 1387 4581 causa
1404 4527 1428 4582 f
1447 4528 1568 4597 quid
1595 4528 1736 4598 ipsos
1760 4546 1788 4583 a
1817 4540 1993 4587 nostra
2021 4537 2212 4604 repulit

638 4616 858 4669 mensa?
886 4615 987 4681 Qui
1014 4618 1345 4688 corporalem
1374 4619 1543 4689 attigit
1572 4636 1809 4676 mensam
1840 4662 1856 4687 ,
1890 4633 1946 4678 ut
1970 4626 2209 4695 videtur,

637 4707 908 4778 indignum
932 4723 1054 4765 esse
1082 4713 1302 4779 putavit,
1328 4722 1449 4782 post
1474 4714 1712 4783 corporis
1734 4716 2113 4774 nutrimentum
2139 4721 2206 4775 ad

634 4800 937 4857 divinorum
972 4802 1294 4877 auditionem
1333 4804 1662 4874 eloquiorum
1702 4808 1901 4864 venire.
1950 4810 2054 4866 Sed
2104 4826 2207 4867 non

632 4903 781 4949 recte
802 4893 854 4947 in
873 4892 975 4948 hoc
1002 4893 1236 4948 sentiunt
1258 4912 1273 4948 :
1296 4910 1469 4964 neque
1488 4897 1650 4962 enim,
1672 4898 1716 4952 si
1739 4896 1841 4952 hoc
1860 4909 2001 4955 esset
2020 4900 2212 4956 absur-

631 4986 780 5053 dum,
803 4986 997 5041 multos
1023 4994 1078 5040 et
1100 4986 1287 5056 longos
1311 4987 1655 5056 impendisset
1675 5004 1947 5047 sermones
1967 4994 2207 5051 Christus

632 5083 752 5137 post
792 5075 934 5130 illam
973 5076 1249 5148 mysticam
1294 5091 1501 5131 caenam
1532 5095 1545 5129 :
1576 5093 1682 5133 non
1718 5082 1901 5151 utique
1924 5084 1969 5137 si
1998 5083 2102 5140 hoc
2127 5086 2207 5140 in-

632 5180 921 5237 congruum
948 5176 1114 5233 esset,
1145 5167 1339 5224 refecta
1369 5170 1563 5239 saepius
1591 5170 1643 5225 in
1673 5173 1885 5228 deserto
1914 5176 2207 5232 multitudi-

632 5270 699 5309 ne
717 5257 876 5311 etiam
897 5272 1172 5313 sermones
1193 5258 1320 5327 ipsis
1342 5268 1460 5329 post
1484 5275 1718 5315 mensam
1741 5264 2200 5322 communicasset.

632 5342 685 5397 Si
706 5347 846 5401 enim
870 5347 946 5403 fas
970 5360 1051 5404 est
1070 5350 1264 5422 aliquid
1285 5351 1442 5406 etiam
1467 5361 1656 5421 prmter
1674 5352 1975 5424 opinionem
1998 5357 2199 5429 dicere,

631 5438 757 5489 tunc
793 5438 1025 5505 profecto
1062 5441 1397 5497 utilissimum
1437 5451 1520 5499 est
1555 5443 1747 5500 divinis
1774 5445 2000 5519 eloquiis
2040 5463 2198 5506 aures

689 5567 712 5662 ζ
740 5564 937 5662 suae

740 5627 939 5690 matiam
961 5644 975 5681 :
1003 5641 1167 5698 Legem
1186 5627 1321 5689 noth
1341 5627 1804 5701 meum}ow

2350 1050 2771 1107 accommodare.
2800 1049 2929 1105 Cum
2950 1049 3089 1105 enim
3116 1048 3206 1105 tibi
3228 1048 3575 1119 persuaseris,
3606 1060 3726 1120 post
3746 1048 3915 1105 cibum

2343 1154 2398 1200 et
2424 1154 2606 1214 potum
2633 1152 2689 1198 et
2714 1143 2781 1197 ad
2806 1142 3047 1214 synaxim
3072 1142 3355 1196 convenire
3382 1156 3598 1195 necesse
3624 1156 3773 1207 esse,
3800 1157 3915 1195 om»

2344 1236 2469 1290 nino
2507 1235 2589 1289 vel
2620 1234 2814 1289 invitus
2848 1234 3065 1287 multam
3104 1247 3259 1302 geres
3287 1231 3589 1285 sobrietatis
3616 1246 3796 1285 curam
3819 1273 3834 1296 ,
3868 1240 3921 1285 et

2345 1344 2519 1399 neque
2548 1328 2600 1382 in
2630 1328 2937 1382 ebrietatem
2964 1340 3137 1396 neque
3165 1326 3218 1379 in
3252 1323 3519 1393 crapulam
3551 1339 3796 1392 umquam
3822 1324 3920 1377 de—

2344 1419 2594 1475 duceris:
2621 1433 2748 1473 cura
2787 1418 2928 1472 enim
2972 1425 3027 1471 et
3066 1415 3390 1484 exspectatio
3429 1414 3481 1468 in
3522 1412 3743 1469 ecclesia
3787 1428 3920 1468 con-

2346 1512 2591 1569 veniendi
2623 1527 2742 1567 cum
2777 1509 2997 1565 honesta
3037 1522 3285 1564 mensura
3324 1508 3499 1563 cibum
3525 1515 3580 1561 et
3607 1514 3787 1575 potum
3828 1518 3919 1559 su-

2343 1620 2493 1661 mere
2528 1605 2714 1671 docet,
2758 1619 2826 1658 ne
2867 1603 3135 1672 ingressus
3174 1611 3228 1657 et
3269 1599 3521 1656 fratribus
3557 1597 3881 1654 commixtus
3904 1638 3921 1663 ,

2344 1706 2526 1768 postea
2556 1697 2736 1750 vinum
2773 1694 3059 1761 redoleas,
3100 1703 3155 1748 et
3192 1692 3505 1747 immodeste
3542 1698 3827 1755 eructans,
3858 1688 3923 1743 ab

2342 1787 2588 1841 omnibus
2614 1785 2963 1854 praesentibus
2981 1782 3295 1838 deridearis.
3326 1781 3450 1835 Hmc
3475 1796 3579 1834 non
3605 1780 3755 1833 vobis
3781 1792 3924 1833 nunc

2346 1876 2727 1947 praesentibus,
2758 1874 2851 1930 sed
2882 1874 2947 1928 iis
2975 1873 3062 1943 qui
3088 1872 3283 1927 absunt
3306 1870 3455 1935 dico,
3484 1878 3541 1923 ut
3566 1868 3679 1922 hzec
3710 1883 3807 1937 per
3833 1883 3922 1923 vos

2340 1968 2568 2023 discant.
2613 1966 2729 2021 Non
2774 1967 2916 2021 enim
2969 1962 3249 2020 comedere
3291 1962 3539 2017 audiendi
3583 1961 3921 2016 obstaculum

2340 2058 2566 2130 praebet,
2594 2057 2685 2112 sed
2714 2067 2957 2127 torpere;
2989 2067 3043 2110 tu
3074 2071 3201 2111 vero
3226 2055 3426 2109 crimen
3452 2069 3569 2109 esse
3594 2063 3785 2123 putans
3817 2068 3921 2107 non

2335 2151 2600 2221 jejunare,
2620 2152 2671 2205 in
2693 2149 2833 2204 aliud
2857 2148 3083 2203 incurris
3102 2148 3325 2213 crimen,
3350 2145 3515 2200 multo
3536 2144 3706 2213 majus
3727 2154 3781 2197 et
3804 2160 3925 2213 gra.

2339 2242 2476 2309 vius,
2501 2243 2641 2312 quod
2662 2256 2827 2296 sacra:
2849 2240 3003 2310 hujus
3024 2254 3221 2294 mensae
3241 2254 3345 2292 non
3369 2237 3629 2307 particeps
3647 2234 3922 2299 efficiaris,

2339 2343 2392 2389 et
2416 2332 2557 2404 quod
2586 2347 2780 2402 corpus
2806 2340 2950 2385 tuum
2981 2330 3150 2395 alens,
3183 2330 3412 2382 animam
3440 2326 3576 2380 fame
3599 2340 3925 2379 consumas:

2339 2433 2394 2481 et
2440 2440 2595 2495 quam
2643 2423 3040 2478 excusationem
3090 2420 3343 2475 habebis?
3392 2419 3446 2473 lu
3484 2418 3686 2488 jejunio
3721 2416 3922 2487 quippe

2338 2518 2578 2587 corporis
2596 2517 3003 2571 imbecillitatem
3024 2513 3352 2585 praetendere
3370 2513 3592 2566 fortasse
3611 2512 3817 2580 poteris
3836 2552 3852 2575 ,
3872 2515 3924 2563 in

2336 2606 2600 2662 audiendo
2619 2617 2793 2661 autem
2816 2604 2939 2675 quid
2962 2604 3174 2658 tandem
3198 2604 3375 2657 dicere
3401 2601 3622 2671 posses?
3644 2616 3748 2655 non
3774 2601 3925 2655 enim

2334 2698 2577 2767 corporis
2624 2697 2901 2751 infirmitas
2947 2696 3246 2750 divinorum
3298 2693 3541 2763 prohibet
3583 2694 3924 2763 eloquiorum

2335 2788 2642 2857 participem
2681 2787 2818 2842 ﬁeri.
2861 2787 2916 2842 Si
2956 2787 3097 2841 enim
3139 2786 3389 2840 dixissem
3428 2802 3441 2839 :
3480 2784 3648 2840 Nemo
3690 2798 3929 2855 pransus

2333 2877 2453 2933 aliis
2482 2878 2784 2944 misceatur,
2814 2887 2931 2948 post
2956 2877 3133 2934 cibum
3158 2876 3337 2931 audiat
3364 2891 3539 2942 nemo,
3564 2876 3801 2946 aliquam
3830 2874 3929 2929 ha-

2334 2968 2540 3024 buisses
2567 2969 2808 3034 veniam;
2840 2984 2978 3023 nunc
3002 2982 3130 3023 vero
3156 2983 3276 3022 cum
3308 2982 3401 3023 vos
3431 2968 3724 3029 trahamus,
3756 2975 3819 3022 et
3843 2967 3928 3019 al-

2333 3058 2594 3124 liciamus,
2623 3068 2676 3113 et
2704 3058 2769 3113 ad
2798 3074 2896 3114 nos
2925 3074 3198 3126 vocemus,
3229 3074 3385 3129 quam
3417 3059 3715 3113 resilientes
3740 3074 3926 3113 excu-

2331 3152 2590 3207 sationem
2633 3151 2931 3207 habebitis?
2957 3153 3164 3208 Etenim
3196 3168 3300 3207 non
3330 3153 3552 3207 idoneus
3579 3153 3801 3207 auditor
3833 3152 3930 3207 ille

2329 3253 2491 3309 esset,
2516 3259 2620 3297 non
2647 3245 2734 3313 qui
2764 3244 3084 3301 comedisset
3108 3255 3198 3300 aut
3228 3246 3470 3309 bibisset,
3496 3246 3588 3300 sed
3615 3245 3705 3315 qui
3738 3246 3927 3300 verbis

2333 3349 2437 3389 non
2464 3333 2782 3399 attenderet,
2812 3335 3045 3390 oscitans
3072 3344 3128 3391 et
3150 3336 3457 3402 dissolutus,
3485 3338 3573 3407 qui
3602 3351 3809 3405 corpus
3840 3336 3930 3390 hic

2331 3424 2553 3488 habens,
2578 3434 2755 3478 mente
2782 3425 2889 3478 alio
2918 3436 3229 3495 vagaretur;
3258 3426 3344 3481 hic
3368 3427 3575 3481 etiamsi
3590 3426 3834 3496 jejunet,
3859 3427 3925 3479 ad

2326 3514 2647 3570 audiendum
2680 3514 2877 3570 inutilis
2912 3526 2995 3572 est
3021 3534 3035 3569 :
3062 3518 3324 3573 excitatus
3350 3527 3533 3573 contra
3564 3527 3617 3571 et
3642 3518 3887 3588 vigilans
3912 3560 3930 3581 ,

2327 3616 2608 3675 menteque
2633 3605 2936 3673 attendens,
2968 3607 3082 3662 sive
3104 3607 3398 3663 comederit
3421 3609 3533 3662 sive
3561 3608 3786 3676 biberit,
3820 3626 3929 3663 no-

2325 3699 2406 3754 bis
2448 3699 2551 3755 erit
2594 3701 2829 3755 omnium
2873 3701 3179 3771 aptissimus
3221 3703 3450 3758 auditor.
3502 3703 3556 3757 In
3598 3717 3933 3760 exterarum

2324 3791 2465 3845 enim
2488 3791 2699 3862 judiciis
2731 3804 2785 3848 et
2820 3795 3055 3850 consiliis
3084 3810 3315 3867 congrue
3345 3797 3426 3851 lex
3454 3798 3551 3851 ista
3581 3799 3877 3867 prmvaluit
3911 3815 3930 3851 :

2326 3898 2422 3940 nec
2447 3885 2588 3939 enim
2620 3896 2815 3941 norunt
2841 3886 3217 3958 philosophari,
3252 3888 3371 3943 ideo
3399 3904 3504 3943 non
3534 3889 3838 3944 comedunt
3865 3900 3937 3944 ut

2324 3978 2624 4032 nutriantur
2646 4019 2661 4043 ,
2691 3979 2784 4034 sed
2824 3989 2880 4033 ut
2916 3980 3314 4051 disrumpantur
3345 3998 3359 4035 :
3388 3995 3529 4050 saepe
3571 3982 3718 4034 enim
3751 3996 3935 4050 supra

2321 4071 2618 4125 satietatem
2654 4071 2881 4126 bibunt:
2921 4081 3198 4142 propterea
3235 4074 3438 4142 seipsos
3466 4088 3645 4127 rerum
3672 4073 3925 4129 admini-

2322 4160 2561 4214 strationi
2590 4162 2795 4231 ineptos
2820 4161 3101 4216 reddentes
3121 4204 3136 4227 ,
3167 4177 3388 4232 vespere
3415 4171 3469 4217 et
3499 4162 3729 4216 meridie
3760 4180 3797 4216 a
3834 4179 3902 4217 se

2324 4260 2446 4305 natu
2474 4260 2527 4306 et
2549 4252 2763 4320 judiciis
2792 4252 3077 4307 abstinent.
3110 4252 3205 4307 Hic
3232 4266 3406 4307 autem
3436 4268 3543 4307 non
3588 4256 3680 4319 ita,
3724 4255 3887 4308 absit

2319 4342 2412 4396 sed
2439 4343 2524 4412 qui
2546 4343 2805 4408 comedit,
2833 4343 3017 4413 jejuno
3044 4345 3206 4398 animi
3234 4345 3492 4399 modestia
3516 4345 3618 4399 erit
3640 4347 3889 4416 mqualis
3916 4364 3933 4399 :

2319 4447 2423 4486 non
2463 4434 2603 4486 enim
2640 4442 2696 4485 nt
2735 4441 2974 4488 ventrem
3012 4433 3307 4504 disrumpat
3342 4445 3433 4489 aut
3461 4436 3729 4490 rationem
3762 4437 3937 4491 obte-

2319 4522 2536 4588 nebret,
2566 4523 2796 4579 comedit
2830 4534 2882 4579 et
2920 4524 3071 4591 bibit,
3108 4526 3201 4581 sed
3242 4536 3300 4581 ut
3331 4542 3525 4598 corpus
3562 4526 3938 4583 debilitatum

2316 4622 2549 4682 reparet.

2384 4704 2437 4757 2.
2478 4704 2584 4761 Sed
2622 4705 2734 4762 haec
2762 4720 2856 4776 pro
2881 4706 3241 4763 admonitione
3268 4709 3429 4773 satis;
3453 4709 3563 4777 jam
3591 4724 3727 4763 vero
3776 4720 3944 4767 tem-

2316 4810 2413 4864 pus
2449 4805 2531 4850 cst
2554 4795 2621 4851 ad
2648 4809 3014 4867 argumentum
3047 4800 3391 4865 transeundi,
3431 4800 3553 4854 licet
3590 4800 3849 4871 refugiat
3881 4816 3942 4857 et

2314 4895 2520 4955 torpeat
2543 4887 2683 4942 circa
2708 4888 3001 4945 doctrinam
3034 4890 3168 4945 hanc
3194 4892 3443 4961 cogitatio
3468 4901 3647 4946 nostra
3679 4906 3946 4965 propter

2310 4991 2425 5041 eos,
2468 4979 2557 5047 qui
2598 4993 2705 5033 non
2732 4988 3009 5034 venerunt.
3057 4981 3124 5035 Et
3150 4982 3288 5037 sicut
3328 4982 3411 5052 pia
3441 4993 3613 5039 mater
3650 5001 3942 5042 mensam

2310 5082 2583 5137 apponens
2605 5109 2621 5133 ,
2647 5071 2893 5126 omnibus
2935 5072 3055 5126 filiis
3096 5088 3201 5127 non
3240 5074 3588 5143 praesentibus
3611 5117 3625 5140 ,
3656 5075 3842 5134 dolet
3884 5094 3949 5135 et

2309 5161 2472 5230 gemit
2498 5177 2513 5213 :
2544 5162 2644 5217 hoc
2670 5172 2723 5217 et
2747 5178 2845 5233 ego
2874 5180 3014 5220 nunc
3041 5166 3230 5235 patior,
3259 5176 3313 5222 et
3336 5167 3556 5222 fratrum
3583 5182 3946 5227 nostrorum

2306 5253 2598 5308 absentiam
2615 5255 2872 5324 cogitans,
2886 5270 2915 5309 a
2937 5256 3199 5311 solutione
3220 5258 3462 5313 retrahor
3477 5264 3947 5331 promissorum;

2305 5342 2400 5398 sed
2430 5356 2525 5397 vos
2553 5344 2771 5413 potestis
2797 5346 2936 5401 hunc
2960 5346 3152 5415 ejicere
3184 5357 3474 5419 torporem.
3506 5348 3561 5404 Si
3591 5351 3754 5407 enim
3797 5358 3942 5423 pol-

2303 5434 2570 5491 liceamini
2596 5437 2723 5491 mihi
2748 5452 2842 5492 vos
2865 5440 3040 5492 omnia
3067 5438 3135 5493 ad
3163 5439 3283 5495 illos
3306 5455 3426 5494 cum
3452 5441 3740 5511 diligentia
3776 5455 3954 5504 tela-

2302 5534 2469 5593 turos,
2492 5543 2591 5583 nos
2614 5528 2763 5583 vobis
2782 5530 2959 5584 omnia
2979 5539 3223 5602 prompte
3243 5531 3579 5602 erogabimus
3604 5550 3618 5587 :
3640 5543 3737 5601 sic
3763 5553 3951 5597 ειιιηι

2302 5617 2405 5675 illis
2437 5619 2536 5674 erit
2562 5619 2817 5677 absentiae
2844 5621 3157 5693 consolatio,
3172 5634 3362 5684 vestrm
3375 5624 3650 5683 claritatis
3674 5626 3951 5690 docui.
