4070 6208
243 340 338 393 103

236 467 304 506 na
337 469 350 504 :
381 461 583 518 vosque
612 459 710 500 nos
751 445 1006 500 attentius
1041 441 1267 498 audietis
1288 484 1302 506 ,
1337 441 1567 496 scientes
1593 437 1663 493 ad
1690 435 1823 491 alios

236 543 390 598 vobis
419 541 537 597 haec
562 538 763 595 referre
797 537 1153 593 necessarium
1182 550 1320 589 esse.
1367 533 1438 589 Ut
1471 532 1628 602 igitur
1655 531 1825 584 mani-

238 637 423 693 festior
442 636 596 691 nobis
615 634 787 690 oratio
812 634 924 699 fiat,
946 647 977 686 a
1001 628 1364 700 superioribus
1390 627 1555 696 ipsam
1578 634 1825 693 repeten-

237 742 318 788 tes
345 729 606 785 dicamus.

261 879 270 898 I
308 821 416 877 Cur
458 818 732 890 Scriptura
769 833 871 872 non
912 826 1132 885 tempore
1173 813 1336 866 Adam
1384 825 1542 880 neque
1587 806 1702 860 Noe
1748 805 1824 858 uel

233 914 457 970 Abrahc
481 914 602 967 data
641 912 727 965 sit.
752 939 826 952 â€”-
849 907 1030 978 Nuper
1066 907 1243 976 itaque
1281 903 1648 974 quaerebamus
1673 941 1688 964 ,
1719 913 1820 969 qua

231 1007 302 1060 de
342 1018 500 1060 causa
528 1012 650 1073 post
693 1009 771 1056 tot
812 1014 981 1054 annos
1008 997 1165 1052 editae
1192 1005 1317 1050 sunt
1343 995 1629 1064 Scriptura:
1667 1010 1681 1045 :
1714 1007 1818 1044 non

230 1096 379 1149 enim
402 1093 569 1148 Adam
596 1106 770 1161 neque
801 1090 912 1145 Noe
941 1097 996 1144 et
1021 1087 1287 1143 Abraham
1310 1097 1570 1154 tempore,
1595 1082 1689 1138 sed
1711 1081 1822 1135 Mo-

229 1187 309 1240 sis
334 1228 349 1251 ,
383 1184 517 1239 liber
545 1183 632 1238 hic
659 1183 882 1237 traditus
910 1191 1024 1245 est;
1052 1191 1106 1235 et
1135 1181 1328 1233 multos
1355 1178 1511 1233 audio
1537 1177 1775 1231 dicentes
1801 1215 1816 1238 ,

230 1278 379 1346 quod
411 1275 458 1330 si
492 1274 635 1329 utilis
662 1284 777 1329 erat
799 1315 816 1339 ,
847 1274 916 1329 ab
952 1272 1101 1327 initio
1128 1270 1308 1325 datum
1337 1284 1456 1325 esse
1484 1268 1758 1338 oportebat
1801 1283 1816 1318 :

231 1369 279 1422 si
311 1382 441 1422 vero
465 1367 663 1420 inutilis
687 1372 821 1429 erat,
844 1378 1017 1434 neque
1041 1373 1223 1435 postea
1248 1362 1525 1433 oportebat
1548 1361 1685 1415 dari.
1711 1359 1816 1414 Sed

227 1471 368 1510 sana
400 1456 512 1510 htec
536 1455 897 1513 ratiocinatio:
919 1452 1182 1509 nonenim
1198 1451 1442 1516 omnino,
1458 1453 1502 1506 si
1523 1449 1650 1519 quid
1669 1457 1813 1518 post-

231 1561 297 1598 ea
339 1545 473 1598 utile
531 1553 612 1599 est
653 1541 885 1597 futurum
910 1578 928 1605 ,
957 1541 1026 1595 ab
1065 1541 1215 1596 initio
1247 1543 1378 1596 tradi
1409 1541 1568 1596 debet
1599 1559 1611 1594 :
1643 1557 1818 1611 neque

224 1632 276 1686 si
307 1629 436 1699 quid
477 1646 509 1684 a
549 1631 810 1701 principio
839 1631 1019 1685 datum
1044 1640 1128 1686 cst
1150 1672 1166 1696 ,
1199 1631 1300 1686 hoc
1333 1631 1552 1686 omnino
1579 1631 1734 1686 debet
1766 1642 1818 1686 et

227 1732 418 1792 postea
450 1736 686 1777 manere.
712 1721 972 1788 Quoniam
995 1731 1052 1777 et
1077 1723 1160 1778 lac
1180 1721 1329 1788 utile,
1355 1737 1455 1777 nec
1480 1732 1655 1776 tamen
1679 1738 1819 1776 scm-

223 1827 328 1882 per
349 1855 366 1877 ,
401 1812 494 1868 sed
533 1814 712 1882 pueris
749 1822 952 1868 tantum
978 1814 1134 1869 nobis
1163 1814 1318 1868 datur
1343 1832 1357 1869 :
1386 1825 1441 1870 et
1466 1815 1691 1870 solidum
1723 1833 1818 1868 nn-

223 1905 540 1959 trimentum
568 1905 699 1959 utile
721 1944 737 1970 ,
770 1905 862 1959 sed
898 1920 1058 1959 nemo
1084 1906 1236 1960 nobis
1266 1906 1438 1975 ipsmn
1471 1907 1520 1960 in
1557 1907 1818 1976 principio

222 1999 415 2058 tradit.
438 1997 530 2052 sed
557 2008 832 2067 postquam
856 1999 1110 2066 puerilem
1133 1997 1389 2054 fuerimus
1411 2009 1621 2054 aetatem
1645 2014 1818 2069 egres-

218 2093 294 2146 si.
331 2093 559 2146 Rursum
591 2101 749 2146 testas
777 2091 922 2146 utilis
942 2133 957 2156 ,
985 2091 1079 2147 sed
1105 2108 1208 2146 nou
1236 2108 1447 2161 semper
1471 2101 1691 2162 apparet
1721 2111 1734 2147 :
1763 2104 1818 2148 et

221 2183 420 2253 byems
445 2181 723 2236 commoda
742 2223 759 2246 ,
791 2182 884 2236 sed
911 2192 965 2236 et
990 2181 1107 2237 bare
1131 2183 1340 2237 transit.
1366 2183 1500 2251 Quid
1528 2185 1704 2254 igitur,
1734 2185 1817 2238 di-

218 2282 312 2328 cet
327 2273 542 2343 aliquis,
562 2273 848 2343 Scripturae
862 2289 969 2329 non
989 2284 1114 2330 sunt
1131 2275 1319 2331 utiles?
1341 2276 1648 2332 Utilissinne
1663 2292 1812 2344 sane,

217 2373 280 2419 et
308 2363 602 2418 admodum
629 2366 964 2420 necessarias.
1004 2365 1074 2420 Et
1101 2367 1143 2420 si
1170 2367 1358 2430 utiles,
1387 2366 1591 2436 inquit,
1619 2383 1721 2437 qua
1747 2367 1816 2423 de

212 2471 385 2510 causa
419 2471 526 2510 non
557 2464 679 2510 sunt
707 2457 912 2512 traditte
940 2457 1092 2513 nobis
1117 2459 1184 2512 ab
1210 2458 1399 2513 initio?
1424 2459 1558 2525 Quia
1585 2475 1691 2514 non
1720 2475 1816 2528 per

213 2546 454 2609 litteras,
484 2547 576 2601 sed
606 2563 702 2617 per
728 2564 813 2601 res
842 2548 981 2603 Deus
1009 2557 1250 2603 naturam
1281 2550 1565 2604 humanam
1620 2551 1812 2609 docere

211 2640 457 2693 volebat.
491 2639 629 2704 Quid
661 2641 872 2694 tandem
904 2649 987 2695 est
1009 2683 1024 2706 ,
1057 2657 1148 2708 per
1177 2643 1302 2696 res?
1338 2641 1440 2696 Per
1468 2644 1635 2713 ipsam
1662 2658 1813 2699 crea-

213 2741 422 2784 turam.
457 2728 511 2782 lu
545 2729 682 2785 hanc
713 2731 854 2785 enim
879 2731 1463 2787 sententiamiucidens
1484 2735 1808 2804 Apostolus,

209 2833 267 2875 et
309 2823 365 2875 in
398 2821 628 2890 gentiles
651 2822 931 2875 intendens
951 2863 966 2888 ,
995 2823 1236 2876 dicentes
1258 2865 1273 2886 ,
1305 2822 1422 2876 Non
1447 2825 1514 2876 ab
1537 2822 1687 2875 initio
1718 2822 1806 2875 Dei

208 2913 587 2981 cognitionem
623 2925 685 2965 ex
716 2911 1004 2980 Seripturis
1032 2912 1311 2967 didicimus
1333 2952 1350 2978 ,
1388 2913 1508 2966 vide
1544 2913 1810 2981 quaniodo

209 3004 522 3072 respOnilit.
551 3004 684 3058 Cum
713 3005 854 3057 enim
881 3003 1135 3070 dixisset,
1173 3002 1494 3058 Revelabitnr
1520 3003 1598 3058 ira
1625 3002 1722 3056 Dei
1747 3005 1810 3057 de

207 3098 342 3150 caelo
379 3111 540 3165 super
577 3111 774 3148 omnem
803 3094 1108 3162 impietatem
1140 3104 1187 3148 et
1227 3095 1527 3164 iniustitiam
1551 3094 1812 3148 hominum

205 3206 415 3252 eorum,
447 3189 537 3255 qui
563 3189 817 3243 ueritatem
839 3188 938 3243 Dei
961 3188 1015 3241 in
1037 3188 1287 3258 injustitia
1310 3187 1531 3242 detinent
1555 3187 1730 3258 (liam.
1755 3187 1807 3240 1.

209 3281 330 3353 18),
359 3290 420 3336 et
448 3281 670 3350 vidisset
690 3281 1044 3350 objectiouem
1065 3280 1163 3336 sibi
1185 3288 1576 3345 occurrentem,
1599 3290 1655 3336 et
1677 3280 1812 3333 mul-

207 3385 299 3429 tus
341 3383 537 3429 contra
576 3383 908 3443 quaerentes,
948 3373 1087 3429 unde
1123 3373 1352 3444 gentiles
1397 3373 1490 3428 Dei
1530 3373 1809 3428 veritatem

205 3467 620 3538 cognovissent,
645 3467 820 3521 intulit
844 3467 1028 3522 dicens
1051 3484 1066 3520 :
1093 3465 1227 3534 Quia
1244 3466 1379 3536 quod
1402 3477 1574 3521 notum
1598 3477 1670 3521 est
1693 3466 1807 3533 Dei,

203 3558 550 3626 manifestum
577 3566 651 3610 est
674 3557 728 3609 in
754 3557 858 3610 illis
883 3555 933 3630 (1
941 3557 1068 3613 b.v.
1100 3555 1210 3627 19).
1244 3555 1313 3610 Et
1341 3556 1606 3626 quomodo
1634 3557 1808 3609 mani-

203 3648 419 3703 festum
448 3657 532 3701 est
559 3647 614 3700 in
652 3647 792 3701 illis?
817 3649 1084 3717 quomodo
1109 3665 1237 3704 vero
1276 3651 1442 3704 Deum
1470 3665 1628 3704 nosse
1659 3659 1811 3719 pote-

199 3734 379 3787 rant?
406 3732 532 3801 quis
556 3731 824 3786 ostendit?
847 3731 953 3788 die.
971 3731 1110 3787 Deus
1139 3736 1270 3788 enim
1294 3735 1399 3790 illis
1413 3737 1748 3806 manifestavit
1767 3737 1808 3800 Â³,

199 3826 414 3896 inquit.
451 3825 570 3893 Quo
619 3825 807 3893 pacto?
833 3841 990 3896 quem
1019 3827 1334 3898 prophetam
1385 3829 1620 3896 mittens,
1649 3846 1806 3900 quem

193 3916 609 3985 evangelistam
631 3918 657 3969 â€™á¼
683 3931 839 3985 quem
870 3915 1166 3984 doctorem,
1196 3918 1240 3972 si
1265 3917 1552 3988 Scriptura:
1575 3921 1808 3974 nondmn

191 4009 416 4061 erant?
451 4005 734 4060 Inuisibilia
752 4009 880 4060 enim
907 4010 1086 4077 ipsius,
1117 4010 1303 4080 inquit,
1331 4027 1362 4062 (Î¹
1386 4021 1614 4064 creatura
1636 4011 1812 4089 mundi

191 4114 306 4166 per
329 4114 394 4150 ea
422 4112 538 4167 qua
565 4098 696 4164 facta
726 4110 874 4164 sunt,
905 4100 1158 4155 intellecta
1183 4103 1560 4173 conspiciuntur
1579 4143 1594 4168 ,
1623 4104 1810 4172 sempi-

187 4201 469 4259 ternaque
491 4191 648 4242 uirtus
669 4191 775 4262 ejus
795 4202 842 4244 et
862 4191 1100 4246 diuinitas
1117 4192 1164 4263 (1
1173 4193 1220 4246 b.
1244 4209 1290 4246 Ï….
1320 4193 1433 4262 20).
1458 4193 1608 4261 Quod
1635 4205 1811 4248 autem

187 4283 384 4348 dicit,
419 4283 530 4336 tale
572 4292 696 4337 est:
732 4285 869 4338 Ante
911 4285 1147 4338 muniunt
1193 4286 1378 4341 oculos
1417 4295 1716 4341 creaturam
1758 4287 1812 4340 in

185 4374 402 4428 medio
459 4375 762 4442 proposuit,
807 4384 866 4428 ut
900 4390 966 4430 ex
1014 4375 1264 4445 cperibus
1299 4391 1593 4432 creatorem
1639 4378 1810 4446 conji-

183 4467 401 4519 ciant:
431 4464 575 4534 quod
602 4464 814 4534 quidem
845 4476 898 4521 et
927 4467 1062 4522 alius
1087 4467 1294 4523 dicebat
1320 4486 1333 4522 :
1365 4469 1445 4523 Ea:
1468 4470 1814 4540 magnitudine

175 4562 356 4614 enim
408 4567 460 4610 et
505 4557 883 4627 pulchritudine
930 4568 1276 4612 creaturarum
1321 4560 1816 4630 proportionabiliter

175 4665 459 4723 ipsarum
490 4657 668 4701 auctor
693 4649 1043 4704 consideratur
1070 4651 1229 4720 (Sap.
1261 4653 1347 4707 15.
1378 4651 1456 4722 5).
1490 4651 1678 4706 Vidisti
1702 4668 1816 4707 ma-

166 4740 600 4813 gnitudinem?
623 4743 902 4798 considera
930 4745 1218 4812 potentiam
1245 4744 1548 4801 Conditoris
1573 4761 1694 4801 cum
1721 4749 1816 4802 ad-

165 4832 533 4890 miratione.
574 4831 761 4886 \â€˜idisti
798 4834 1286 4903 pulchritudinem?
1312 4837 1625 4906 sapientiam
1653 4854 1814 4894 exor-

163 4922 432 4981 natoris
472 4922 830 4992 obstupesce,
876 4925 1015 4994 quod
1063 4934 1122 4981 et
1141 4924 1402 4996 Propheta
1441 4928 1814 4990 demonstrans

161 5020 441 5076 dicebat
475 5013 641 5071 :Cwli
686 5027 926 5071 enarrant
963 5018 1178 5090 gloriam
1218 5018 1316 5074 Dei
1360 5019 1380 5090 (
1406 5020 1550 5076 Psal.
1595 5024 1681 5079 18.
1717 5027 1752 5081 2
1774 5027 1812 5095 ).

157 5108 510 5184 Quomodo
536 5109 714 5180 igitur,
740 5127 950 5180 qumso,
978 5114 1232 5166 narrant?
1257 5129 1438 5169 vocem
1467 5131 1569 5168 non
1597 5115 1811 5183 habent,

155 5223 232 5260 os
269 5219 421 5259 non
452 5201 756 5272 possident,
791 5217 896 5256 non
923 5213 1004 5258 est
1031 5204 1160 5273 ipsis
1187 5204 1362 5273 lingua
1390 5222 1404 5258 :
1429 5207 1695 5276 quomodo
1722 5209 1817 5278 igi-

157 5311 265 5352 tur
301 5291 601 5350 narrant?
630 5292 732 5347 Per
761 5293 930 5361 ipsum
961 5305 1253 5362 aspectum.
1286 5297 1419 5350 Cum
1448 5297 1588 5352 enim
1621 5297 1816 5353 videris

161 5383 704 5457 pulchritudinem,
731 5385 1167 5454 magnitudinem,
1199 5386 1592 5454 celsitudinem,
1625 5391 1810 5455 situm,

157 5482 457 5537 fortnam
498 5489 592 5544 per
633 5485 831 5530 tantum
877 5478 1131 5549 temporis
1165 5495 1478 5550 permanere
1501 5523 1515 5546 ,
1547 5492 1815 5554 tamquam

161 5585 406 5629 Î½Î¿Î¿ÎµÎ·Î¹
447 5565 690 5632 audiens,
722 5576 775 5621 et
801 5583 896 5638 per
921 5579 1192 5639 aspectum
1225 5571 1410 5626 dicens
1429 5615 1444 5638 ,
1473 5573 1663 5630 adoras
1690 5589 1814 5630 cum

235 5756 252 5788 â¸
291 5758 452 5804 Salv.
481 5745 746 5804 Mquidem
765 5745 844 5796 alii
871 5761 885 5796 :
912 5756 1043 5800 Deus
1063 5755 1190 5805 enim
1211 5750 1310 5801 illis
1324 5748 1620 5801 monstravit.

535 5836 805 5899 Puncta
855 5843 969 5903 Gn.
1018 5844 1241 5904 XLIX.
1745 5885 1787 5898 Î¹Ï‰
1867 5927 1880 5930 *Î‘
1931 5924 1949 5930 ,

1212 329 1303 383 AD
1341 322 1661 383 POPULUM
1697 318 2184 376 ANTIOCIIENUM
2249 320 2473 377 1101111..
2517 320 2602 376 IX.

3408 327 3508 381 106

1933 434 2020 504 qui
2047 443 2151 488 tam
2172 435 2451 506 pulchrum
2476 444 2529 490 et
2547 435 2858 490 admirabile
2883 450 3074 506 corpus
3098 439 3316 495 creavit.
3346 441 3512 497 Tacet

1929 523 2152 591 omium,
2197 526 2290 581 sed
2333 527 2497 594 ipsius
2539 537 2784 597 aspectus
2827 541 3010 581 vocem
3059 529 3179 583 tuba
3225 532 3507 590 clariorem

1929 615 2122 669 emittit
2145 657 2160 680 ,
2186 630 2285 685 per
2309 615 2494 672 oculos
2518 658 2533 682 ,
2566 633 2671 670 non
2711 632 2803 685 per
2838 633 2998 671 aures
3024 633 3120 673 nos
3147 619 3345 677 docens
3375 641 3388 676 :
3423 623 3512 680 hic

1814 694 1885 764 Îµá¼°)
1928 707 2070 760 enim
2101 720 2292 762 sensus
2331 723 2360 761 a
2404 717 2589 762 natura
2616 717 2699 762 est
2728 708 2822 763 illo
2849 709 3046 763 certior
3072 721 3126 763 ct
3155 713 3507 770 manifestior.

1926 797 1979 851 Si
2007 804 2148 852 enim
2173 813 2267 868 per
2291 799 2453 854 libros
2473 800 2744 856 docuisset
2767 811 2820 856 et
2848 801 3368 866 litteras,litterarum
3392 809 3511 876 qui-

1926 889 2046 943 dem
2084 891 2285 960 peritus
2319 894 2515 962 scripta
2556 894 3160 960 didicisset,il|itteratus
3208 913 3334 952 vero
3378 900 3510 954 nihil

1928 983 2051 1037 inde
2079 984 2290 1053 adjutus
2323 986 2538 1042 abiisset
2563 1029 2578 1052 ,
2611 988 2655 1042 si
2694 989 2813 1058 quis
2853 990 2989 1044 alius
3027 1005 3133 1044 non
3163 991 3459 1048 induxisset
3492 1035 3508 1050 .

1923 1075 2074 1130 dives
2112 1076 2303 1130 librum
2334 1079 2583 1142 emisset,
2620 1095 2822 1150 pauper
2847 1096 3028 1135 emere
3068 1099 3172 1136 non
3204 1085 3463 1151 potuisset
3491 1103 3506 1139 :

1926 1182 2136 1221 rursum
2165 1169 2254 1237 qui
2274 1169 2632 1226 sciretvocem
2650 1175 2792 1228 illam
2807 1187 2901 1240 per
2914 1174 3116 1232 litteras
3131 1175 3506 1245 significatam,

1925 1255 2068 1312 intus
2090 1258 2256 1326 posita
2278 1268 2494 1324 nosset;
2519 1258 2714 1330 Scytha
2739 1275 2868 1314 vero
2893 1272 2946 1316 et
2967 1262 3248 1328 Barbarus,
3275 1277 3328 1321 et
3346 1265 3507 1321 Indus

1925 1358 1978 1404 et
2006 1348 2306 1421 Egyptius,
2337 1363 2389 1406 et
2414 1367 2598 1407 omnes
2622 1354 2798 1424 lingua
2822 1366 3062 1412 carentes
3087 1359 3197 1424 illa,
3223 1360 3353 1415 nihil
3379 1363 3509 1418 edo-

1922 1441 1990 1493 eti
2020 1442 2293 1497 abiissent.
2321 1443 2434 1497 Hoc
2454 1453 2632 1498 autem
2659 1446 2726 1500 de
2748 1447 2881 1502 caelo
2904 1449 3081 1504 dicere
3108 1466 3212 1506 non
3239 1452 3382 1520 licet,
3409 1457 3504 1509 sed

1923 1540 1976 1584 et
1997 1531 2191 1602 Scytha
2213 1541 2267 1585 et
2288 1533 2566 1598 Barbarus,
2593 1545 2644 1589 et
2671 1535 2832 1592 Indus
2851 1547 2904 1591 et
2925 1537 3227 1610 Egyptius,
3253 1552 3306 1598 et
3331 1545 3506 1598 omnis

1925 1623 2083 1676 homo
2129 1638 2292 1693 super
2320 1634 2513 1680 terram
2555 1627 2844 1695 incedens,
2879 1629 3016 1684 hanc
3053 1646 3239 1686 vocem
3279 1634 3502 1690 audiet:

1922 1730 2027 1768 non
2054 1715 2197 1770 enim
2230 1731 2324 1784 per
2349 1733 2507 1772 aures
2530 1761 2544 1783 ,
2573 1719 2667 1774 sed
2699 1735 2796 1788 per
2823 1721 3008 1776 oculos
3035 1721 3090 1777 in
3115 1733 3346 1780 mentem
3372 1727 3507 1783 inei-

1920 1805 1999 1858 dit
2020 1815 2280 1861 nostram.
2303 1807 2600 1863 Visibilium
2623 1820 2799 1865 autem
2825 1813 3158 1882 participatio
3180 1816 3366 1872 eadem
3392 1829 3502 1882 est,

1923 1912 2093 1967 neque
2132 1898 2384 1954 differens
2408 1900 2548 1955 sicut
2586 1901 2882 1972 linguarum
2915 1921 2930 1958 :
2963 1905 3014 1958 in
3047 1904 3188 1961 hunc
3214 1910 3414 1977 pariter
3436 1911 3504 1964 li-

1921 1986 2074 2041 brum
2106 1997 2159 2042 ct
2183 1987 2343 2042 idiota
2369 1999 2424 2045 et
2447 1991 2661 2060 sapiens
2685 1993 2876 2048 intueri
2905 2005 3186 2064 poterunt,
3219 2008 3275 2053 et
3302 2015 3507 2072 pauper

1920 2089 1974 2134 et
1999 2080 2168 2145 dives,
2197 2094 2252 2137 et
2279 2099 2611 2155 quocumque
2637 2087 2754 2153 quis
2781 2088 3008 2155 venerit,
3037 2089 3090 2145 in
3115 2090 3304 2150 etelum
3335 2096 3506 2164 respi-

1919 2171 2106 2238 ciens,
2159 2171 2508 2230 suflicientem
2552 2177 2721 2245 capiet
2768 2176 3064 2233 doctrinam
3111 2196 3178 2235 cx
3235 2193 3500 2251 aspectu:

1919 2262 2058 2331 quod
2078 2266 2355 2335 quidemet
2372 2266 2485 2338 ipse
2499 2266 2760 2340 Pr0pheta
2783 2269 3012 2324 innitens
3028 2280 3077 2324 et
3097 2271 3498 2341 demonstrans,

1918 2355 2058 2423 quod
2087 2369 2272 2409 vocem
2311 2365 2554 2412 creatura
2584 2367 2636 2412 ct
2667 2358 2905 2414 barbaris
2932 2363 3138 2417 emittat
3165 2373 3220 2418 et
3256 2365 3459 2423 Gnecis
3483 2410 3498 2432 ,

1917 2455 1970 2500 et
1989 2447 2235 2502 omnibus
2250 2449 2304 2503 in
2323 2449 2624 2504 universum
2651 2450 2954 2506 hominibus
2975 2453 3242 2510 intellectu
3265 2458 3497 2525 facilem,

1915 2539 2126 2596 dicebat
2165 2559 2177 2594 :
2211 2540 2332 2596 Non
2369 2552 2485 2596 sunt
2523 2543 2735 2607 loquela:
2770 2562 2927 2614 neque
2963 2564 3245 2614 sermones,
3288 2568 3502 2622 quorum

1916 2647 2016 2685 non
2045 2633 2316 2686 audiantur
2341 2650 2482 2687 voces
2509 2651 2680 2688 eorum
2705 2636 2880 2704 (Psal.
2912 2638 3000 2693 18.
3030 2638 3106 2708 4).
3135 2641 3286 2706 Quod
3317 2654 3498 2698 autem

1914 2723 2062 2790 dicit,
2094 2725 2199 2780 tale
2227 2737 2310 2780 est
2341 2744 2355 2779 :
2383 2725 2500 2780 Non
2534 2737 2616 2781 est
2643 2743 2775 2796 gens
2806 2744 2978 2798 neque
3009 2731 3185 2801 lingua
3214 2750 3332 2802 quae
3363 2735 3502 2791 hanc

1913 2829 2102 2870 vocem
2147 2818 2444 2888 intelligere
2489 2834 2593 2874 non
2627 2822 2824 2889 possit;
2858 2822 2951 2876 sed
2985 2824 3105 2877 talis
3139 2833 3221 2879 est
3259 2826 3498 2896 ipsorum

1913 2919 2037 2970 vox,
2065 2916 2122 2960 ut
2147 2908 2214 2960 ab
2239 2910 2486 2964 omnibus
2512 2911 2812 2967 hominibus
2837 2915 3008 2969 audiri
3033 2918 3196 2984 possit
3223 2935 3234 2970 :
3260 2935 3359 2974 nec
3383 2920 3500 2976 caeli

1916 3004 2164 3063 tantum,
2197 2999 2290 3053 sed
2329 3009 2383 3054 ct
2420 3001 2523 3057 diei
2558 3013 2613 3056 et
2653 3006 2843 3059 noctis.
2891 3005 2959 3060 Et
2996 3009 3263 3074 quomodo
3301 3010 3405 3066 dici
3447 3023 3502 3068 et

1914 3088 2126 3142 noctis?
2156 3089 2284 3144 illud
2311 3093 2450 3146 enim
2479 3103 2534 3148 et
2559 3109 2656 3164 per
2682 3097 3157 3166 pulchritudinem,
3185 3112 3243 3157 et
3269 3119 3364 3173 per
3389 3121 3500 3159 ma-

1913 3178 2242 3246 gnitudinem
2267 3222 2281 3242 .
2312 3192 2367 3238 et
2395 3199 2493 3254 per
2521 3185 2622 3240 alia
2653 3191 2833 3244 omnia
2859 3203 3186 3260 spectatores
3217 3199 3456 3264 percellit
3483 3241 3498 3264 ,

1913 3281 1969 3325 et
2011 3271 2065 3326 in
2107 3273 2271 3343 ipsius
2306 3275 2578 3334 Creatoris
2618 3279 3029 3339 admirationem
3077 3285 3338 3354 traducit;
3384 3289 3501 3344 dies

1913 3379 2043 3419 vero
2064 3374 2118 3420 et
2143 3382 2245 3420 nox
2275 3369 2400 3437 quid
2427 3371 2582 3425 nobis
2610 3381 2880 3429 ostentare
2910 3379 3163 3446 possent?
3186 3379 3500 3449 llujusmodi

1913 3455 2126 3524 quidem
2157 3459 2312 3525 nihil,
2342 3459 2436 3514 sed
2465 3461 2566 3515 alia
2598 3463 2681 3516 his
2707 3479 2811 3517 non
2844 3465 3093 3521 inferiora
3130 3485 3144 3522 :
3175 3471 3501 3527 convenien-

1914 3546 2042 3600 tiam
2067 3588 2083 3611 ,
2112 3548 2353 3603 ordinem
2383 3566 2503 3605 cum
2541 3553 2686 3607 omni
2729 3555 2997 3625 diligentia
3034 3569 3325 3616 servatum.
3363 3565 3498 3620 Cum

1913 3639 2057 3692 enim
2094 3641 2408 3709 cogitaveris
2433 3683 2448 3707 ,
2478 3645 2746 3713 quomodo
2775 3657 2940 3702 totum
2975 3665 3070 3718 per
3091 3667 3287 3707 annum
3318 3655 3499 3711 distri-

1918 3730 2177 3796 buuntur,
2205 3742 2259 3787 et
2289 3741 2554 3802 tamquam
2586 3735 2639 3789 in
2672 3735 2804 3790 libra
2835 3747 2889 3793 et
2918 3739 3125 3796 bilance
3151 3743 3311 3799 totius
3339 3747 3497 3814 spatii

1916 3819 2297 3890 longitudinem
2335 3822 2630 3880 diviserunt
2664 3843 2680 3879 :
2719 3843 2842 3883 eum
2883 3831 2974 3900 qui
3019 3833 3284 3889 ordinavit
3325 3837 3499 3892 admi-

1918 3912 2143 3966 raberis.
2172 3911 2334 3967 Velut
2361 3915 2502 3970 enim
2547 3932 2768 3974 sorores
2801 3921 3043 3990 quaedam
3087 3933 3361 3994 paternam
3385 3941 3490 3981 nae-

1916 4004 2196 4058 reditatem
2211 4006 2414 4073 partitae
2425 4008 2817 4065 eumcliaritate
2832 4011 3012 4075 inulta,
3026 4014 3347 4071 nullomodo
3361 4015 3498 4072 inter

1915 4112 1976 4151 se
1993 4098 2402 4164 calumniantes,
2432 4098 2511 4153 sic
2535 4106 2590 4152 et
2612 4097 2727 4154 dies
2753 4111 2807 4154 et
2833 4115 2934 4155 nox
2962 4118 3082 4156 cum
3103 4107 3249 4158 omni
3270 4105 3496 4178 diligen-

1919 4190 1988 4244 tia
2027 4206 2225 4246 annum
2257 4193 2558 4261 turpialitate
2592 4200 2737 4246 tanta
2765 4193 3126 4262 distribuunt,
3154 4207 3206 4252 et
3247 4200 3492 4269 proprios

1916 4294 2232 4338 conservant
2260 4283 2392 4339 fines
2418 4326 2432 4348 ,
2463 4299 2567 4340 nec
2595 4299 2844 4354 umquam
2877 4285 3098 4340 alteram
3127 4286 3293 4343 altera
3324 4293 3492 4360 pellit.

1917 4372 2212 4442 Numquam
2237 4375 2394 4443 igitur
2431 4374 2607 4429 hieme
2629 4375 2743 4428 dies
2771 4374 2865 4429 fuit
2890 4375 3066 4445 longa,
3096 4378 3231 4434 sicut
3254 4397 3356 4437 nec
3382 4400 3495 4438 uni-

1917 4481 2073 4536 quam
2101 4476 2285 4521 testate
2312 4467 2466 4536 longa
2487 4456 2592 4520 Tuit
2619 4483 2743 4529 nox,
2773 4475 2854 4521 tot
2884 4469 3166 4536 praeteritis
3192 4475 3494 4540 generatio-

1918 4561 2073 4615 nibus
2097 4602 2113 4626 ,
2145 4559 2240 4615 sed
2269 4561 2319 4613 in
2351 4560 2540 4615 eodem
2578 4559 2854 4614 intervnllo
2885 4570 2938 4615 et
2966 4561 3296 4630 longitudine
3325 4581 3497 4635 neque

1919 4649 2185 4704 modicum
2209 4665 2306 4704 nec
2325 4649 2597 4704 dimidiam
2622 4650 2802 4705 horam
2829 4667 2927 4706 nec
2945 4653 3086 4708 oculi
3108 4654 3307 4710 uictum
3333 4657 3497 4712 altera

1919 4758 2078 4812 quam
2105 4744 2268 4796 altera
2297 4742 2413 4810 plus
2441 4743 2641 4797 habuit.

1991 4836 2045 4890 3.
2070 4835 2166 4890 Dei
2182 4837 2428 4902 sapientia
2453 4837 2503 4889 in
2525 4853 2690 4888 rerum
2711 4839 3020 4892 naturalium
3047 4840 3317 4894 ordine.â€”
3362 4841 3496 4896 Pro-

1919 4936 2102 4995 pterea
2129 4935 2183 4981 et
2201 4921 2488 4978 Psalmista
2506 4922 2742 4990 ipsowm
2797 4927 3152 4998 aequalitatem
3181 4929 3496 4996 admiratus,

1919 5015 2178 5072 clamabat
2209 5016 2389 5069 dicens
2420 5031 2434 5067 :
2471 5015 2591 5070 Î‘â€™Î¿Î¹
2628 5019 2763 5070 nocti
2788 5021 2980 5074 indicat
3007 5021 3266 5074 scientiam
3291 5023 3312 5092 (
3348 5022 3497 5078 Psal.

1922 5108 2008 5163 18.
2032 5108 2067 5162 3
2091 5109 2133 5176 ).
2164 5106 2218 5161 Si
2253 5107 2364 5160 hazc
2409 5107 2767 5176 phiIOSOphari
2824 5109 2983 5175 scias,
3022 5111 3100 5165 sic
3149 5111 3500 5169 admiraberis

1919 5213 2063 5258 eum,
2092 5197 2180 5267 qui
2210 5197 2278 5250 ab
2328 5197 2477 5251 initio
2519 5197 2618 5250 hos
2657 5198 2960 5255 immobiles
2989 5202 3248 5258 terminos
3289 5205 3497 5262 statuit.

1922 5288 2153 5344 Audiant
2197 5287 2312 5342 lnec
2357 5288 2502 5342 avari
2528 5297 2582 5341 et
2609 5289 2778 5343 aliena
2806 5290 3250 5360 coneupiscentes
3269 5335 3283 5359 ,
3309 5305 3366 5351 et
3392 5295 3499 5353 (itet

1923 5381 2199 5450 noctisque
2244 5379 2600 5447 aequalitatem
2649 5378 2941 5434 imitentur.
2973 5382 3207 5438 Audiant
3253 5385 3418 5442 inï¬‚ati
3449 5398 3501 5445 et

1922 5473 2028 5527 alta
2048 5473 2336 5541 sapientes,
2367 5479 2423 5526 ct
2461 5473 2705 5525 nolentes
2733 5471 2932 5539 primas
2950 5484 3130 5543 partes
3154 5476 3276 5533 aliis
3301 5494 3498 5536 concc-

1922 5563 2070 5620 dere.
2092 5564 2211 5618 Dies
2231 5563 2368 5618 nocti
2391 5562 2529 5617 cedit
2547 5577 2646 5617 nec
2669 5563 2868 5618 alienos
2889 5565 3022 5622 lines
3047 5567 3268 5638 invadit;
3293 5580 3350 5626 tu
3373 5587 3504 5628 vero

1923 5668 2134 5725 semper
2178 5655 2380 5710 honore
2431 5653 2614 5709 fruens
2659 5656 2909 5712 tratribus
2937 5657 3077 5715 hunc
3103 5664 3501 5719 communicare

1926 5764 2032 5805 non
2064 5748 2343 5817 dignaris?
2368 5747 2435 5803 Et
2460 5747 2739 5805 considera
2781 5750 2909 5806 mihi
2948 5752 3264 5824 legislatoris
3293 5756 3506 5825 sapien-

3097 5852 3135 5909 7
