4070 6208
560 251 656 306 107

555 370 697 421 tiam.
728 365 784 421 lu
815 366 1007 438 hyeme
1048 366 1256 434 longam
1288 376 1498 422 noctem
1543 382 1660 422 esse
1682 367 1881 437 jussit,
1910 366 2127 436 quando

555 459 796 513 molliora
835 458 1038 512 semina
1073 465 1129 512 et
1161 458 1327 527 magis
1359 457 1647 528 frigescere
1681 458 1968 527 indigentia
1989 497 2005 524 ,
2030 472 2128 512 nec

552 549 859 604 calidiorem
907 548 1113 604 radium
1166 547 1443 604 tolerant:
1477 557 1753 617 postquam
1795 562 1926 601 vero
1975 555 2126 601 aucta

552 639 784 704 fuerint,
818 655 920 694 una
945 656 1066 694 eum
1099 640 1228 709 ipsis
1255 640 1446 695 crescit
1479 655 1694 694 rursum
1741 639 1894 707 dies,
1921 648 1973 694 ct
2003 648 2128 694 tunc

561 733 617 785 fit
641 731 867 800 longior,
899 729 1113 800 quando
1134 729 1243 800 jam
1279 731 1423 800 viget
1467 729 1690 783 fructus.
1723 729 1833 783 lloc
1856 743 1984 783 vero
2023 744 2128 784 non

547 821 835 876 seminibus
855 829 1077 886 tantum,
1105 820 1199 875 sed
1220 819 1378 874 etiam
1405 819 1718 890 corporibus
1744 829 2121 889 opportunum.

547 912 805 980 Quoniam
854 910 1046 982 hyeme
1098 923 1254 966 nauta
1283 952 1298 977 ,
1329 912 1650 982 gubernator
1674 923 1727 965 et
1755 911 1942 976 viator,
1973 911 2126 965 miles

547 1015 600 1056 et
638 1003 866 1072 agricola
905 1004 1128 1057 multum
1177 1003 1320 1056 domi
1351 1002 1570 1069 sedent,
1593 1002 1713 1072 gelu
1744 1002 2051 1068 constricti,
2072 1011 2125 1057 et

545 1097 638 1149 otii
672 1106 879 1164 tempus
923 1105 1004 1150 est
1052 1096 1104 1150 in
1135 1095 1330 1166 hyeme
1355 1136 1369 1161 ,
1413 1097 1534 1165 plus
1563 1095 1814 1164 temporis
1856 1095 1911 1148 in
1940 1105 2146 1152 noctes.

543 1185 776 1254 impendi
803 1185 942 1239 Deus
977 1185 1272 1252 constituit,
1312 1199 1378 1239 ne
1413 1185 1518 1239 diei
1567 1183 1837 1254 longitudo
1857 1183 2124 1253 superï¬‚ua

545 1278 634 1341 sit,
665 1276 795 1330 nihil
823 1274 1125 1330 hominibus
1157 1275 1332 1330 facere
1353 1275 1671 1330 valentibus.
1702 1275 1831 1342 Quis
1857 1276 1981 1330 anni
2003 1291 2124 1345 par-

541 1368 668 1420 tium
719 1367 960 1420 ordinem
1012 1365 1193 1421 dicere
1244 1366 1751 1436 possit?quomodo
1779 1366 1942 1422 cthze
1981 1375 2118 1420 tam-

541 1474 698 1526 quam
726 1459 961 1527 virgines
992 1458 1235 1528 quzrdam
1269 1459 1321 1512 in
1356 1473 1489 1530 gyro
1509 1460 1783 1522 Saltantes,
1803 1475 1922 1514 cum
1953 1461 2118 1515 multa

540 1550 747 1604 ratione
777 1550 877 1604 sibi
905 1560 1088 1604 mutuo
1113 1552 1427 1616 succedunt,
1457 1559 1510 1605 et
1540 1551 1790 1620 paulatim
1822 1551 1938 1606 sine
1975 1561 2115 1607 stre-

542 1641 653 1708 pitu
683 1639 750 1694 ad
771 1643 1067 1695 contrarias
1089 1640 1279 1695 media:
1309 1641 1535 1696 transire
1564 1656 1670 1696 non
1697 1652 1910 1697 cessant
1933 1641 1955 1695 ?
1977 1643 2112 1696 Pro-

540 1742 716 1801 pterea
746 1749 844 1788 nec
867 1734 934 1788 ab
979 1734 1170 1806 hyeme
1198 1751 1295 1790 nos
1333 1735 1529 1804 excipit
1557 1743 1736 1797 restas,
1768 1751 1867 1790 nec
1908 1737 1976 1790 ab
2000 1737 2118 1806 ipsa

539 1826 718 1880 statim
747 1824 958 1898 hyems,
988 1825 1080 1879 sed
1109 1826 1339 1881 medium
1374 1841 1471 1880 ver
1498 1825 1866 1896 interpositum
1895 1837 2008 1895 est,
2043 1830 2113 1885 ita

537 1926 593 1970 ut
621 1915 822 1971 sensim
849 1925 904 1972 et
929 1916 1181 1985 paulatim
1210 1916 1619 1988 succedentibus
1649 1917 1867 1972 densata
1885 1934 2110 1988 corpora

535 2017 716 2062 nostra
750 2008 922 2062 testati
962 2008 1078 2063 sine
1129 2008 1338 2062 tristitia
1388 2006 1654 2062 adducat:
1689 2009 1939 2078 quoniam
1971 2010 2113 2064 enim

534 2101 826 2154 subitanea:
857 2101 907 2153 in
938 2101 1268 2154 contrarium
1310 2100 1632 2155 mutationes
1658 2111 2030 2156 nocumentum
2060 2111 2115 2158 et

534 2193 778 2247 morbum
829 2193 1038 2261 pariunt
1089 2201 1429 2258 extremum,
1471 2191 1798 2262 dispensavit
1850 2193 1997 2247 Deus
2045 2193 2114 2248 ab

533 2285 721 2355 hyeme
743 2285 955 2353 quidem
981 2299 1075 2338 ver
1104 2297 1202 2337 nos
1226 2284 1475 2353 excipere
1497 2323 1514 2349 ,
1542 2299 1574 2338 a
1605 2299 1730 2339 vere
1757 2299 1916 2354 porro
1941 2295 2102 2339 uasta-

540 2387 667 2441 tem,
689 2376 757 2429 ab
781 2383 963 2430 :rstate
985 2387 1318 2439 autumnum,
1342 2384 1395 2428 et
1419 2376 1496 2429 sic
1515 2373 1692 2446 hyemi
1722 2376 2109 2432 transmittere:

533 2470 708 2537 itaque
741 2468 982 2521 innocuae
1022 2475 1077 2520 et
1123 2467 1470 2535 procedentes
1509 2468 1763 2536 paulatim
1793 2468 2110 2524 mutationes

530 2577 593 2614 cx
621 2560 900 2615 contrariis
919 2559 1043 2613 anni
1066 2559 1466 2628 tempestatibus
1495 2575 1588 2626 per
1606 2561 1810 2614 medias
1834 2562 1986 2615 nobis
2010 2561 2109 2614 ad-

532 2651 768 2705 veniunt.
795 2651 923 2718 Quis
953 2650 1110 2718 igitur
1129 2658 1234 2703 tam
1264 2649 1424 2704 miser
1448 2657 1502 2703 et
1528 2651 1986 2718 mrumnosus,qui
2007 2668 2115 2706 cm-

535 2742 638 2794 lum
673 2740 888 2809 quidem
915 2755 1142 2795 cernens
1164 2782 1178 2806 ,
1210 2755 1435 2795 cernens
1467 2756 1594 2795 vero
1625 2756 1771 2795 mare
1812 2753 1864 2796 et
1891 2750 2107 2810 terram,

533 2837 913 2899 tempestatum
933 2833 1056 2886 anni
1087 2833 1394 2901 temperiem
1429 2842 1535 2886 tam
1560 2831 1839 2902 diligenter
1869 2833 2110 2888 modera-

533 2934 674 2988 tam,
699 2930 755 2977 et
796 2920 1165 2976 inconcussum
1210 2923 1315 2977 diei
1381 2931 1435 2977 et
1479 2923 1649 2978 noctis
1689 2924 1964 2990 ordinem,
1992 2925 2112 2980 inec

536 3024 726 3083 Sponte
753 3015 866 3068 fieri
897 3024 1042 3084 putet
1065 3057 1078 3080 ,
1109 3031 1208 3069 nec
1236 3015 1419 3070 adoret
1449 3031 1567 3071 eum
1593 3057 1607 3079 ,
1637 3017 1724 3086 qui
1771 3016 1888 3072 haec
1933 3018 2110 3072 omnia

531 3122 650 3162 cum
682 3107 937 3176 sapientia
976 3122 1207 3177 congrua
1227 3106 1531 3176 disposuit?
1557 3107 1737 3162 Habeo
1763 3107 1903 3177 quod
1932 3109 2108 3163 dicam

531 3207 586 3250 et
633 3197 712 3250 his
752 3197 922 3266 majus
970 3213 985 3251 :
1031 3213 1134 3250 non
1161 3198 1301 3251 euim
1348 3197 1655 3268 magnitudo
1683 3207 1880 3252 tantum
1911 3207 1962 3253 et
1993 3199 2109 3268 pul-

534 3288 801 3353 chritudo,
831 3288 922 3342 sed
953 3297 1007 3342 et
1037 3289 1149 3356 ipse
1175 3288 1459 3343 creationis
1485 3287 1676 3342 modus
1705 3288 1940 3342 omnium
1970 3303 2105 3342 con-

531 3383 756 3437 ditorem
802 3381 1151 3436 demonstrat.
1204 3381 1466 3448 Quoniam
1528 3381 1673 3434 enim
1731 3381 1980 3435 condenti
2048 3389 2102 3435 et

532 3473 732 3528 creanti
775 3473 950 3527 omnia
991 3473 1058 3528 ab
1084 3473 1234 3526 initio
1263 3487 1365 3526 non
1387 3471 1686 3534 aderamus,
1711 3488 1909 3542 neque,
1938 3472 1981 3525 si
2011 3473 2108 3526 ad-

533 3566 832 3628 l'uissemus,
863 3562 1128 3634 quomodo
1158 3562 1356 3617 fiebant
1395 3561 1534 3617 scire
1565 3575 1890 3632 pOtcrrantus,
1918 3562 2105 3617 invisi-

530 3657 621 3712 bili
674 3656 867 3710 virtute
908 3665 1096 3710 cuncta
1152 3664 1542 3724 componente,
1595 3655 1770 3724 ipsum
1821 3655 2108 3710 creationis

533 3746 746 3801 modum
773 3746 1033 3814 optimum
1061 3744 1213 3801 nobis
1241 3747 1552 3815 magistrum
1587 3759 1708 3800 esse
1747 3743 1891 3810 fecit,
1916 3759 2106 3814 super-

534 3839 756 3892 naturali
787 3837 1162 3906 consequentia
1198 3851 1521 3904 componens
1541 3839 1717 3890 omnia
1743 3852 1860 3907 qua:
1890 3837 2104 3892 fiebant.

536 3916 692 3983 Forte
729 3929 867 3998 quod
917 3928 1024 3982 dixi
1055 3928 1333 3983 obscurius
1367 3937 1449 3982 est
1489 3947 1501 3981 :
1550 3928 1712 4000 igitur
1753 3944 1972 3983 necesse
2008 3929 2109 3983 hoc

535 4036 745 4075 rursum
785 4020 1112 4074 manifestius
1153 4018 1352 4073 dicere.
1405 4018 1601 4074 Omnes
1628 4019 1807 4088 utique
1847 4019 2110 4074 fateantur

535 4122 734 4166 natura:
775 4111 1208 4181 consequentiam
1258 4125 1378 4165 esse
1403 4151 1416 4174 ,
1451 4119 1506 4163 ut
1557 4125 1693 4180 aqua
1725 4125 1884 4179 super
1911 4120 2108 4165 terram

533 4201 627 4257 sed
672 4218 775 4256 non
808 4212 946 4256 terra
999 4203 1066 4255 ab
1094 4202 1244 4270 aquis
1291 4200 1508 4255 feratur.
1535 4199 1699 4254 Terra
1751 4201 1946 4270 quippe
1986 4215 2108 4254 cum

536 4292 603 4345 sit
631 4291 791 4345 densa
822 4333 836 4357 ,
866 4291 997 4346 dura
1027 4302 1080 4346 ct
1121 4307 1224 4346 non
1255 4291 1449 4346 cedens
1475 4332 1490 4355 ,
1523 4301 1684 4361 atque
1723 4292 1889 4346 solida
1913 4333 1927 4355 ,
1957 4290 2109 4346 facile

539 4388 710 4450 potest
749 4397 1003 4450 aquarum
1039 4393 1276 4435 naturam
1326 4387 1587 4435 sustinere
1617 4398 1630 4444 ;
1663 4397 1797 4450 aqua
1836 4398 1962 4435 vero
1984 4396 2106 4436 cum

538 4473 729 4541 liquida
755 4475 824 4526 sit
853 4482 907 4526 et
931 4474 1126 4537 mollis,
1161 4484 1447 4542 teneraque
1475 4483 1529 4528 et
1552 4473 1817 4539 difï¬‚uens,
1849 4483 1903 4529 et
1931 4475 2106 4528 omni-

535 4567 635 4620 bus
661 4566 856 4621 cedens
905 4567 1304 4620 occurrentibus
1327 4608 1342 4631 ,
1371 4565 1570 4620 nullum
1620 4581 1814 4635 corpus
1859 4582 2105 4636 umquam

533 4659 798 4713 sustinere
827 4658 1048 4724 valeret,
1073 4659 1278 4713 etiamsi
1309 4659 1630 4714 levissimum
1677 4661 1744 4713 sit
1773 4676 1786 4712 :
1820 4675 1939 4713 nam
1967 4674 2109 4729 sccpe

530 4751 707 4821 lapillo
738 4749 984 4804 incidenti
1013 4765 1176 4820 parvo
1203 4751 1344 4804 cedit
1371 4760 1424 4804 et
1467 4752 1689 4820 refugit,
1738 4751 2014 4820 ipsumque
2041 4753 2108 4807 ad

531 4842 844 4911 profundum
879 4839 1341 4895 transmittit.Cum
1364 4840 1558 4895 videris
1584 4841 1738 4910 igitur
1752 4857 1853 4895 non
1877 4843 2108 4910 lapillum

530 4949 781 5004 parvum,
803 4928 896 4985 sed
916 4937 1112 4984 terram
1146 4947 1355 4986 omnem
1398 4946 1556 5000 super
1579 4946 1740 5000 aquas
1766 4931 1910 4998 ferri,
1941 4948 2110 5001 neque

527 5025 814 5095 submergi,
839 5023 1100 5076 admirare
1127 5021 1410 5090 potentiam
1437 5035 1592 5089 supra
1617 5030 1853 5075 naturam
1882 5022 1994 5076 hare
2015 5023 2114 5075 miâ€”

532 5117 764 5171 rabiliter
785 5126 1114 5186 operantem.
1149 5115 1214 5169 Et
1266 5113 1405 5167 ttnde
1434 5113 1536 5167 hoc
1563 5113 1918 5178 manifestum,
1968 5114 2109 5182 quod

533 5215 670 5260 terra
696 5223 852 5275 super
867 5222 1028 5276 aquas
1050 5205 1288 5261 feratur?
1313 5203 1573 5271 Propheta
1602 5203 1700 5257 hoc
1724 5203 1868 5259 dicit:
1893 5203 1915 5255 Î™
1927 5221 2011 5272 pse
2025 5221 2113 5257 su-

533 5312 624 5365 per
644 5298 802 5349 maria
824 5298 1052 5368 fundavi!
1082 5314 1188 5351 eam
1206 5306 1250 5350 et
1270 5312 1422 5366 super
1445 5296 1656 5365 [lmnina
1681 5297 1980 5365 prwparavit
2001 5312 2109 5348 eam

534 5384 874 5457 (Psal.23.9.):
893 5400 944 5441 et
969 5403 1198 5450 rursum,
1226 5387 1326 5454 Qui
1342 5387 1565 5454 [tardavit
1587 5396 1932 5454 terramsuper
1953 5403 2110 5454 aquas

532 5475 704 5546 (Iâ€™sal.
739 5477 861 5532 153.
885 5478 1104 5545 6).Quid
1153 5477 1325 5533 dicis?
1356 5479 1588 5546 lapillum
1611 5477 1854 5545 exiguum
1893 5492 2026 5543 aqua
2055 5476 2108 5531 in

531 5567 812 5639 superficie
840 5567 978 5622 ferre
1009 5585 1112 5622 non
1140 5579 1347 5639 potest,
1378 5580 1433 5625 et
1476 5581 1666 5623 terram
1700 5577 1895 5622 tantam
1923 5569 2059 5638 gerit
2086 5607 2103 5634 ,

531 5673 586 5718 et
611 5670 839 5730 montes,
870 5669 924 5718 et
943 5659 1127 5730 colles,
1154 5668 1209 5715 et
1236 5660 1413 5728 urbes,
1435 5669 1488 5716 et
1511 5661 1738 5732 plantas,
1760 5668 1814 5715 et
1838 5659 2101 5729 homines,

1255 253 1311 308 S.
1335 253 1627 310 JOANNIS
1665 254 2135 312 CllRYSOSTOMi
2179 256 2489 313 ARClllEiP.
2532 261 3060 323 CONSTANTINOIâ€˜.
3655 282 3729 343 tm;

2239 375 2291 422 et
2317 365 2488 436 bruta,
2513 380 2566 425 ct
2592 387 2697 426 non
2731 374 3122 446 submergitur?
3148 377 3213 433 Et
3239 379 3361 449 quid
3386 381 3512 451 dico,
3532 401 3616 444 non
3636 396 3734 450 sub.

2239 459 2496 528 mergitur
2524 477 2538 525 ;
2568 464 2832 531 quomodo
2873 465 3090 520 inferius
3139 469 3501 528 circumstante
3521 477 3600 533 sibi
3625 498 3727 552 aqua

2236 556 2380 602 tanto
2405 559 2643 620 tempore
2692 568 2795 606 non
2824 564 2910 609 est
2948 556 3238 625 dissoluta,
3288 575 3384 615 nec
3424 565 3568 620 lutum
3601 575 3737 628 omnia

2235 638 2367 693 facta
2389 643 2556 696 sunt?
2580 641 2633 698 Si
2661 646 2800 699 enim
2828 646 3089 716 lignorum
3116 662 3304 706 natura
3336 669 3503 722 parum
3531 669 3736 731 temporis

2233 732 2381 822 aquis
2402 735 2680 789 immorata
2706 741 3060 809 corrumpitur
3083 752 3136 796 et
3159 743 3491 813 dissolvitur;
3517 754 3620 822 quid
3644 756 3741 810 dico

2234 819 2500 889 lignorum
2545 828 2779 880 natura?
2806 830 2930 898 quid
2971 830 3112 886 ferro
3167 833 3394 888 validius
3435 819 3544 894 esset
3571 847 3741 912 possit?

2231 912 2322 966 sed
2351 925 2405 968 et
2435 915 2535 970 hoc
2560 933 2702 987 saepe
2729 922 2992 975 mollescit
3020 964 3035 988 ,
3068 941 3185 979 cum
3213 930 3486 996 semperin
3508 937 3636 1000 aquis
3658 954 3744 991 ma-

2233 1016 2340 1070 net,
2370 1016 2424 1060 et
2454 1011 2648 1065 merito
2678 1028 2691 1064 :
2724 1015 2919 1082 quippe
2939 1025 2991 1068 et
3022 1015 3190 1084 ipsum
3212 1033 3243 1071 a
3273 1027 3413 1073 terra
3450 1023 3742 1082 substantiam

2230 1094 2406 1151 habet.
2449 1099 2737 1170 Propterea
2785 1104 2938 1158 multi
2986 1105 3324 1176 fugitivorum
3360 1126 3747 1186 servorumpost-

2226 1203 2384 1257 quam
2405 1192 2689 1260 compedes
2714 1204 2768 1249 et
2797 1205 3009 1251 catenas
3026 1199 3398 1268 .pertrahentes
3426 1204 3668 1275 fugerunt,
3693 1212 3745 1266 ad

2225 1279 2369 1334 rivos
2396 1296 2648 1351 aquarum
2681 1286 2952 1340 venientes
2996 1297 3050 1342 et
3094 1289 3299 1345 vinctos
3337 1293 3478 1361 aquis
3508 1297 3648 1363 pedes
3667 1300 3747 1353 im-

2225 1369 2493 1428 mittentes
2517 1415 2530 1438 ,
2552 1383 2612 1429 et
2649 1377 2726 1431 sic
2756 1379 2967 1432 mollius
2996 1377 3197 1434 ferrum
3233 1381 3507 1448 facient-es,
3533 1388 3663 1444 facile
3681 1390 3747 1444 la-

2225 1461 2344 1531 pide
2391 1467 2758 1534 percutientes
2785 1468 3110 1540 dilfringunt.
3164 1471 3327 1542 Igitur
3363 1475 3546 1531 ferrum
3571 1481 3752 1548 quidem

2221 1554 2504 1623 mollescit,
2536 1556 2676 1627 ligna
2700 1559 2996 1628 pulrefiunt
3016 1601 3032 1627 ,
3063 1572 3120 1617 et
3159 1564 3366 1633 lapides
3391 1581 3758 1639 corrumpuntur

2222 1644 2289 1698 ab
2316 1659 2570 1715 aquarum
2604 1657 2792 1704 natura
2817 1668 2831 1714 ;
2860 1660 3014 1706 terra:
3033 1668 3160 1709 vero
3184 1657 3484 1726 magnitudo
3504 1669 3634 1717 tanto
3651 1672 3756 1718 tem-

2222 1751 2352 1804 pore
2381 1740 2532 1809 aquis
2569 1742 2849 1811 imposita,
2899 1759 3005 1799 non
3032 1756 3114 1801 est
3140 1749 3453 1819 submersa,
3499 1769 3589 1809 nec
3615 1755 3763 1811 disso-

2223 1824 2352 1889 luta,
2383 1843 2483 1884 nec
2511 1831 2736 1899 perdita.

2287 1920 2340 1971 4.
2374 1919 2439 1994 Et
2464 1922 2581 1989 quis
2611 1922 2725 1976 hac
2754 1939 2856 1978 non
2886 1926 3227 1996 Obstupescat
3251 1939 3307 1983 et
3339 1931 3650 1998 admiretur,
3680 1952 3766 1992 nec

2218 2021 2337 2060 cum
2367 2009 2555 2064 fiducia
2585 2011 2743 2078 dicat,
2775 2029 2878 2067 non
2905 2031 3024 2070 esse
3054 2026 3254 2072 naturae
3282 2022 3762 2089 upera,sedProri-

2217 2096 2409 2152 demite
2447 2111 2687 2157 naturam
2717 2105 3064 2160 excedentis?
3111 2108 3232 2162 Ideo
3261 2112 3479 2178 quidam
3512 2115 3663 2169 dicit:
3687 2117 3770 2182 Qui

2215 2193 2474 2260 suspendit
2501 2204 2684 2247 terram
2712 2211 2861 2265 super
2902 2197 3060 2274 nihilo
3092 2199 3214 2268 (Job
3264 2201 3362 2256 26.
3392 2201 3445 2274 7)
3472 2223 3485 2258 :
3509 2207 3635 2259 alius
3661 2222 3771 2261 vero

2214 2282 2425 2351 quidam
2459 2304 2473 2336 :
2505 2283 2573 2338 In
2612 2303 2766 2340 manu
2815 2288 2973 2357 ipsius
3014 2268 3139 2358 fines
3181 2302 3334 2346 terra:
3373 2268 3544 2362 (ÏÎ´Ï…Î¹.
3584 2298 3669 2352 9L
3708 2298 3776 2367 Î¹).

2215 2369 2383 2440 Item,
2430 2374 2600 2445 Super
2651 2379 2812 2431 maria
2857 2381 3088 2450 fundavit
3135 2399 3244 2436 eam
3299 2384 3471 2456 (Psal.
3507 2389 3592 2442 9.5.
3621 2389 3691 2458 2).
3721 2391 3775 2444 Et

2215 2461 2330 2519 hare
2362 2465 2572 2534 quidem
2603 2471 2867 2523 contraria
2896 2485 3013 2526 esse
3033 2472 3288 2527 videntur
3309 2515 3325 2539 ,
3375 2477 3593 2531 multam
3622 2491 3781 2536 tamen

2215 2551 2411 2609 habent
2438 2560 2859 2613 consonantiam.
2893 2560 2991 2627 Qui
3023 2563 3162 2616 enim
3205 2564 3386 2631 dixit,
3432 2569 3599 2636 Super
3640 2570 3783 2622 maria

2213 2646 2444 2714 fundavit
2470 2663 2608 2712 eam,
2644 2648 2781 2704 idem
2808 2649 2938 2705 dixit
2965 2661 3121 2722 atque
3160 2654 3204 2707 is
3244 2657 3346 2725 qui
3374 2657 3450 2711 ait
3476 2659 3616 2728 quod
3641 2675 3785 2728 super

2214 2735 2380 2790 nihilo
2424 2746 2615 2791 terram
2667 2740 3043 2808 suspenderit:
3075 2757 3236 2811 super
3282 2760 3456 2814 aquas
3500 2749 3638 2801 enim
3677 2763 3793 2802 con-

2213 2825 2401 2880 sistere
2425 2829 2627 2896 mquale
2647 2839 2728 2883 est
2749 2846 2810 2884 ac
2831 2845 2990 2900 super
3016 2832 3180 2887 nihilo
3205 2839 3500 2904 suspendi.
3529 2838 3626 2894 Ubi
3652 2840 3792 2910 igitur

2211 2931 2464 2986 suspensa
2495 2928 2549 2973 et
2577 2930 2766 2975 statuta
2796 2924 2911 2977 est?
2941 2923 3078 2978 Audi
3133 2927 3396 2982 eumdem
3426 2930 3686 2986 dicentem
3707 2950 3719 2984 :
3740 2930 3799 2984 In

2212 3024 2365 3060 manu
2415 3008 2573 3078 ipsius
2620 3011 2745 3078 ï¬nes
2792 3021 2954 3066 terra.
3009 3013 3122 3067 Non
3170 3017 3326 3084 quod
3382 3035 3576 3073 manus
3623 3019 3800 3073 habeat

2212 3095 2352 3150 Deus
2375 3137 2389 3159 ,
2421 3097 2513 3152 sed
2545 3106 2602 3151 ut
2627 3099 2834 3167 discas,
2885 3103 3051 3171 ipsius
3082 3107 3392 3172 potentiam
3424 3111 3675 3162 omnibus
3697 3125 3810 3179 pro-

2211 3187 2474 3244 videntem
2506 3205 2656 3258 esse,
2688 3209 2805 3262 qua:
2836 3203 2990 3248 terra:
3019 3199 3210 3265 corpus
3251 3201 3508 3254 continet
3534 3211 3590 3256 et
3625 3211 3805 3271 portat.

2212 3279 2267 3335 Si
2305 3280 2458 3336 dictis
2497 3300 2599 3336 non
2630 3285 2803 3338 credis
2824 3326 2838 3349 ,
2885 3287 2949 3341 iis
2976 3303 3093 3356 qua:
3124 3289 3285 3345 vides
3324 3294 3497 3348 crede
3523 3311 3536 3345 :
3561 3305 3615 3347 ct
3640 3293 3689 3347 in
3719 3293 3816 3346 alio

2211 3371 2404 3440 quippe
2421 3372 2685 3427 elemento
2703 3374 2837 3429 hanc
2857 3377 3147 3431 mirabilem
3166 3384 3566 3448 operationem
3592 3384 3815 3438 invenire

2211 3463 2353 3516 licet.
2379 3463 2521 3533 ignis
2544 3466 2683 3519 enim
2714 3477 2897 3522 natura
2927 3469 3030 3523 alta
3061 3471 3212 3538 petit,
3241 3484 3304 3528 et
3337 3476 3395 3529 in
3431 3477 3668 3531 sublime
3696 3491 3826 3530 sem-

2213 3568 2308 3621 per
2337 3555 2475 3619 salit,
2508 3565 2560 3610 et
2586 3573 2615 3610 a
2647 3569 2832 3613 natura
2859 3570 2917 3614 ut
2946 3560 3182 3624 exsiliat,
3219 3564 3404 3621 habet
3429 3587 3445 3623 :
3473 3578 3530 3622 et
3559 3570 3681 3623 licet
3709 3568 3820 3622 inli-

2211 3645 2319 3697 nita
2345 3655 2536 3715 cogant
2561 3657 2614 3701 et
2643 3660 2894 3718 urgeant,
2922 3652 2987 3705 ad
3017 3650 3283 3710 inferiora
3317 3657 3537 3714 deferri
3567 3677 3676 3714 non
3699 3659 3828 3729 patio

2214 3742 2316 3788 tur.
2347 3733 2748 3808 Nonnumquam
2787 3741 2928 3796 enim
2971 3743 3137 3798 facem
3180 3761 3498 3804 accensam
3531 3751 3827 3819 capientes,

2210 3836 2265 3882 et
2293 3828 2344 3883 in
2370 3840 2525 3898 caput
2551 3831 2896 3899 inclinantes,
2943 3834 3078 3903 ignis
3116 3837 3407 3906 impetum
3442 3841 3681 3898 inferius
3722 3841 3838 3895 ferri

2213 3934 2316 3974 non
2358 3922 2598 3994 cogimus
2623 3943 2636 3979 :
2660 3924 2752 3979 sed
2781 3936 2834 3979 et
2859 3927 2934 3980 sic
2963 3927 3013 3980 in
3043 3931 3344 3997 superiora
3381 3936 3630 3989 recurrit
3654 3977 3669 3999 ,
3713 3943 3767 3988 et
3792 3934 3838 3985 in

2212 4016 2436 4070 sublime
2467 4016 2671 4072 inferne
2703 4016 2940 4083 festinat;
2991 4021 3040 4073 in
3086 4022 3206 4076 sole
3237 4039 3394 4079 vero
3428 4036 3613 4081 totum
3641 4034 3847 4082 contra-

2211 4107 2348 4161 rium
2380 4108 2514 4163 Deus
2559 4107 2718 4162 fecit:
2745 4109 2909 4177 ipsius
2944 4111 3083 4163 enim
3130 4113 3340 4168 radios
3377 4117 3453 4169 ad
3495 4128 3701 4171 terram
3731 4130 3852 4168 cou-

2212 4200 2403 4265 vertit,
2445 4208 2498 4252 et
2535 4198 2706 4252 lucem
2755 4200 2878 4253 fecit
2916 4199 3135 4255 inferius
3171 4218 3478 4274 vergere;
3515 4217 3730 4261 tantum
3754 4219 3855 4259 non

2211 4289 2393 4343 dicens
2420 4289 2515 4357 ipsi
2549 4303 2642 4356 per
2668 4289 2906 4358 figuram,
2943 4286 3169 4343 Inferius
3203 4297 3519 4363 prospice,
3549 4308 3606 4350 et
3633 4294 3862 4349 homini-

2213 4383 2312 4432 bus
2351 4379 2734 4449 lucezpropter
2775 4379 2891 4434 illos
2933 4381 3073 4433 enim
3125 4380 3336 4439 factus
3383 4402 3475 4441 es.
3524 4388 3598 4442 Et
3639 4388 3867 4440 lucerna

2213 4469 2422 4538 quidem
2452 4467 2661 4522 flamma
2695 4469 2792 4522 hoc
2823 4469 2925 4536 pati
2958 4484 3062 4522 non
3107 4481 3354 4540 potest;
3396 4476 3566 4530 sidus
3597 4492 3730 4530 vero
3769 4483 3869 4526 tam

2213 4575 2457 4630 maguum
2486 4569 2539 4613 et
2568 4559 2876 4614 admirabile
2904 4560 2970 4614 ad
2997 4560 3278 4617 inferiora
3327 4567 3532 4637 vergit
3574 4576 3635 4622 et
3675 4565 3744 4618 ad
3773 4575 3874 4617 ter-

2213 4668 2324 4706 ram
2357 4652 2601 4720 reSpicit,
2651 4663 2833 4705 contra
2873 4667 3028 4720 quam
3077 4651 3235 4720 ignis
3261 4695 3279 4718 ,
3337 4668 3597 4726 propter
3641 4657 3761 4726 ejus
3796 4655 3880 4722 qui

2209 4742 2368 4811 jussit
2416 4741 2722 4811 potentiam.
2772 4740 2861 4794 Vis
2902 4750 2957 4794 et
2994 4741 3138 4794 aliud
3203 4745 3334 4799 tale
3391 4741 3883 4802 commemorem?

2216 4835 2381 4889 Dorsa
2401 4834 2513 4887 cmli
2543 4833 2695 4902 hujus
2721 4833 2871 4885 nobis
2899 4835 3188 4901 conspicui
3227 4851 3419 4907 aqua:
3453 4841 3716 4910 undique
3743 4853 3885 4891 com-

2216 4924 2566 4994 prehendunt,
2599 4932 2652 4976 et
2681 4939 2851 4992 neque
2878 4923 3117 4977 deï¬‚uunt
3158 4940 3376 4994 neque
3411 4930 3750 4984 excedunt:
3775 4927 3892 4979 licet

2215 5031 2319 5068 non
2350 5015 2468 5070 talis
2491 5015 2558 5068 sit
2587 5029 2840 5083 aquarum
2872 5023 3076 5077 natura,
3114 5017 3236 5068 sccl
3279 5019 3343 5071 in
3382 5036 3656 5074 concava
3682 5017 3897 5091 quidem

2217 5108 2366 5163 facile
2391 5117 2744 5171 concurrant;
2776 5121 2894 5160 cum
2940 5115 3125 5158 autem
3163 5108 3252 5161 sit
3282 5125 3522 5180 corpus
3551 5124 3898 5168 convexum.

2214 5201 2442 5269 undique
2463 5197 2716 5262 defluunt,
2741 5206 2794 5252 et
2816 5211 2983 5266 neque
3009 5197 3255 5252 modica
3289 5218 3516 5258 earum
3555 5219 3691 5275 pars
3721 5219 3776 5257 tn
3819 5198 3904 5253 tali

2217 5301 2391 5362 posset
2433 5289 2548 5342 loco
2592 5288 2902 5342 subsistere.
2948 5285 3053 5340 Sed
3095 5301 3262 5344 ecce
3309 5291 3437 5347 hoc
3484 5293 3823 5348 miraculum
3856 5290 3905 5340 in

2210 5381 2355 5436 cuelis
2384 5381 2577 5435 factum
2604 5389 2704 5439 est,
2737 5389 2790 5432 et
2816 5376 2915 5431 hoc
2941 5378 3123 5446 ipsum
3165 5395 3405 5439 rursus
3436 5388 3761 5444 insinuans
3779 5387 3909 5442 Î¡Ï„Î¸Î‡

2212 5474 2390 5545 pheta,
2423 5473 2630 5528 dicebat
2655 5490 2667 5525 Îµ
2695 5471 2922 5524 Laudale
2949 5469 3275 5527 Dominum
3297 5516 3315 5538 ,
3355 5493 3533 5546 aqua!
3554 5520 3569 5538 ,
3606 5493 3735 5546 qui:
3767 5485 3912 5538 super

2213 5568 2360 5621 caelos
2404 5567 2520 5620 estis
2571 5563 2739 5638 (PsaL
2790 5563 2912 5618 148.
2965 5564 3044 5628 4).
3117 5563 3207 5619 Et
3275 5584 3490 5640 neque
3546 5585 3700 5638 aqua
3751 5564 3915 5620 solem

2216 5661 2499 5729 exstinxit,
2543 5672 2712 5729 neque
2757 5655 2837 5711 sol
2881 5662 3025 5709 tanto
3067 5655 3313 5714 subtus
3349 5660 3590 5717 vadens
3635 5668 3919 5728 tempore:
