4070 6208
499 247 601 304 109

502 377 662 432 μενον
713 357 1040 430 ἀνεξήρανεν
1090 357 1252 428 ὔδωρ.
1293 355 1480 410 Βούλει
1521 374 1580 409 σε
1611 357 1773 410 πάλιν
1817 359 1898 420 εἰς
1929 357 2030 426 τὴν
2063 355 2164 424 γῆν

497 447 916 516 καταγάγωμεν,
967 444 1059 496 καὶ
1112 444 1173 496 τὸ
1205 444 1390 513 θαῦμα
1433 444 1823 514 ἐπιδείξωμεν;
1869 445 1981 512 Οὐχ
2031 444 2162 513 ὁρᾷς

492 535 828 606 ταυτηνὶτὴν
849 533 1140 597 θάλατταν,
1167 532 1265 602 τὴν
1297 533 1556 602 κυμάτων
1581 533 1854 602 γέμουσαν
1885 531 1976 586 καὶ
2003 549 2160 583 πνευ-

497 626 682 697 μάτων
709 624 936 694 βιαίων;
977 621 1093 676 ἀλλ’
1135 621 1274 692 αὑτη
1307 625 1339 692 ή
1373 622 1612 675 θάλαττα
1659 623 1693 692 ή
1727 620 2036 692 εὐρύχωρος
2073 621 2163 672 καὶ

495 712 704 783 μεγάλη
735 712 828 764 καὶ
864 709 1164 780 μαινομένη
1197 709 1414 762 ἀσθενεῖ
1444 709 1658 780 ψάμμῳ
1701 709 2019 778 τειχίζεται.
2053 707 2163 760 Καὶ

493 801 685 854 σκόπει
731 798 864 854 Θεοῦ
901 798 1120 867 σοφίαν·
1149 798 1250 850 οὐκ
1281 798 1491 867 ἀφῆκεν
1529 796 1698 865 αὐτὴν
1730 796 2022 868 ἡσυχάζειν
2041 794 2163 848 οὐδὲ

492 889 742 959 ἠρεμεῖν,
796 887 884 939 ἵνα
935 887 1008 958 μὴ
1035 887 1132 956 τῆς
1161 885 1376 953 φύσεως
1429 884 1600 954 αὐτῆς
1631 881 1770 938 εἶναι
1809 883 2036 953 νομίσῃς
2063 881 2162 952 τὴν

491 976 762 1040 εὐταξίαν,
798 975 912 1028 ἀλλ’
941 974 1088 1028 ἔνδον
1119 974 1353 1043 μένουσα
1384 972 1500 1043 βοᾷ,
1542 973 1636 1026 καὶ
1681 971 2034 1042 ταράττεται,
2068 972 2162 1023 καὶ

494 1063 705 1132 μεγάλα
727 1063 867 1132 ἠχεῖ,
895 1061 988 1114 καὶ
1008 1060 1076 1114 τά
1102 1059 1322 1130 κύματα
1340 1061 1473 1130 πρὸς
1503 1059 1635 1129 ὑψος
1659 1060 1994 1129 διανίστησιν
2021 1059 2162 1126 ἀφα-

489 1167 608 1205 τον·
643 1150 860 1204 ὲπειδάν
883 1151 940 1204 δὲ
969 1149 1096 1222 ἔλθῃ
1127 1149 1263 1220 πρὸς
1279 1150 1403 1212 τοὺς
1431 1149 1731 1217 αἰγιαλοὺς,
1765 1150 1858 1203 καὶ
1884 1148 1981 1219 τὴν
2013 1148 2162 1218 ψάμ-

493 1255 591 1309 μον
627 1239 730 1310 ίδῃ.
753 1237 1062 1292 διαλυθεῖσα
1089 1237 1226 1307 πρὸς
1255 1238 1452 1306 ἑαυτὴν
1482 1236 1642 1290 πάλιν
1668 1236 1934 1299 ἐπάνεισι,
1965 1235 2030 1288 δι’
2053 1236 2162 1305 ἀμ-

488 1325 728 1396 φοτέρων
775 1343 835 1377 σε
871 1325 1076 1378 τούτων
1103 1325 1445 1388 διδάσκουσα,
1480 1325 1562 1376 ὃτι
1605 1325 1726 1393 οὐχί
1760 1323 1974 1393 φύσεως
1999 1322 2159 1394 ἔργον

487 1413 603 1466 ἐστὶ
636 1413 698 1466 τὸ
733 1413 912 1484 μένειν
945 1413 1112 1481 αὐτὴν
1145 1411 1277 1464 εῖσω
1303 1410 1411 1462 τῶν
1455 1411 1672 1464 οἰκείων
1697 1411 1858 1480 ὅρων,
1896 1408 2034 1462 ἀλλά
2059 1409 2159 1478 τῆς

485 1501 578 1554 τοῦ
641 1501 958 1571 κατέχοντος
1011 1499 1177 1570 αὐτὴν
1233 1498 1538 1568 δυνάμεως.
1572 1499 1670 1552 Διά
1714 1498 1876 1551 τοῦτο
1905 1496 2035 1566 γοῦν
2065 1496 2160 1548 καὶ

485 1589 708 1653 ἀσθενὲς
731 1589 790 1642 τὸ
815 1589 1016 1659 τειχίον
1054 1587 1298 1657 ἐποίησε,
1329 1587 1424 1640 καὶ
1457 1587 1516 1638 οὐ
1543 1585 1674 1650 ξύλα
1708 1587 1801 1640 καὶ
1832 1585 2013 1647 λίθους
2037 1583 2159 1636 οὐδὲ

483 1677 584 1747 ὅρη
633 1679 746 1740 τοῖς
797 1675 1064 1744 αἰγιαλοῖς
1113 1673 1404 1744 περιέϐαλε
1446 1673 1677 1736 τούτοις,
1707 1675 1794 1726 ἵνα
1850 1673 1924 1742 μὴ
1950 1671 2158 1735 τούτοις

483 1764 672 1837 λογίσῃ
699 1762 792 1816 τοῦ
822 1763 1083 1833 στοιχείου
1107 1763 1206 1833 τὴν
1224 1761 1497 1826 εὐταξίαν.
1522 1761 1691 1814 Τοῦτο
1718 1761 1848 1829 γοῦν
1879 1761 1970 1814 καὶ
1996 1757 2159 1820 αὐτός

485 1869 614 1904 ποτε
642 1853 754 1914 τοῖς
793 1849 1062 1913 Ἰουδαίοις
1077 1848 1347 1912 ὀνειδίζων
1375 1848 1590 1916 ἔλεγεν·
1639 1849 1770 1916 Ἐμὲ
1795 1851 1866 1902 οὐ
1897 1844 2158 1916 φοϐηθή-

483 1941 667 1992 σεσθε
690 1937 796 1992 τὸν
815 1937 1079 2002 τάξαντα
1105 1935 1302 2004 ἄμμον
1320 1935 1485 2002 ὅριον
1499 1933 1571 2002 τῇ
1597 1933 1902 2002 θαλάσσῃ,
1929 1932 2028 1986 καί
2045 1933 2156 2000 οὐχ

481 2025 914 2093 ὑπερϐήσεται;
953 2025 1028 2078 Οὐ
1079 2021 1238 2076 τοῦτο
1277 2022 1334 2074 δὲ
1373 2021 1532 2091 μόνον
1561 2022 1678 2074 ἐστὶ
1716 2021 1776 2073 τὸ
1821 2019 2154 2090 θαυμαστὸν,

479 2117 564 2168 ὄτι
599 2117 774 2183 μέγαν
798 2113 890 2166 καὶ
919 2110 1231 2180 θαυμαστὸν
1274 2109 1363 2162 τὸν
1393 2108 1597 2179 κόσμον
1626 2108 1902 2178 ἐποίησεν,
1931 2107 2039 2160 οὐδ’
2073 2107 2155 2160 ὅτι

482 2203 625 2272 ὑπὲρ
659 2201 874 2269 φύσεως
901 2197 1224 2252 ἀκολουθίαν
1251 2195 1413 2249 αὐτὸν
1439 2195 1761 2266 συνέπηξεν,
1794 2196 1910 2248 ἀλλ’
1948 2196 2029 2248 ὅτι
2061 2195 2155 2248 καὶ

479 2290 540 2355 ἐξ
565 2289 820 2342 ἐναντίων
839 2286 1000 2340 αὑτὸν
1025 2284 1342 2356 συνέστησε,
1369 2283 1574 2355 θερμοῦ
1601 2286 1698 2336 καὶ⁵
1723 2283 1957 2354 ψυχροῦ,
1985 2281 2153 2353 ξηροῦ

481 2377 576 2430 καὶ
592 2375 780 2446 ὑγροῦ,
796 2374 966 2443 πυρὸς
997 2373 1093 2426 καὶ
1124 2370 1334 2434 ὓδατος,
1351 2371 1454 2442 γῆς
1473 2371 1567 2424 καὶ
1589 2371 1773 2441 ἀέρος’
1802 2372 1894 2424 καὶ
1909 2370 1976 2424 τὰ
1999 2372 2154 2423 ἐναν-

479 2465 570 2518 τία
594 2464 764 2518 ταῦτα
806 2463 1063 2530 στοιχεῖα,
1089 2460 1177 2527 ἀφ’
1209 2454 1282 2512 ὧν
1307 2459 1422 2511 τόδε
1459 2459 1520 2510 τὸ
1547 2460 1654 2512 πᾶν
1685 2457 2034 2527 συνέστηκεν,
2059 2459 2153 2510 ἀλ-

480 2550 662 2622 λήλοις
693 2550 973 2620 μαχόμενα
1013 2549 1105 2600 ὑπ’
1139 2547 1383 2616 ἀλλήλων
1416 2547 1514 2598 οὐκ
1560 2545 1834 2614 ἀνηλώθη,
1863 2547 1926 2598 οὑ
1950 2545 2011 2598 τὸ
2041 2546 2152 2615 πῦρ

480 2639 755 2707 ἐπέδραμε
785 2637 879 2688 καὶ
905 2634 1107 2704 ἀνῆψεν
1143 2635 1379 2694 ἅπαντα,
1417 2633 1476 2684 οὐ
1527 2632 1592 2684 τὸ
1622 2631 1766 2701 ὕδωρ
1796 2631 2020 2684 ἐπελθὸν
2050 2633 2151 2684 ἐπ-

481 2725 674 2778 έκλυσε
699 2723 796 2793 τὴν
835 2721 1178 2790 οἰκουμένην.
1213 2719 1350 2772 Ἀλλ’
1376 2719 1467 2772 ἐπὶ
1497 2721 1592 2790 μὲν
1619 2719 1726 2773 τῶν
1764 2720 2030 2789 σωμάτων
2046 2719 2151 2772 τῶν

479 2813 512 2882 ή
523 2811 764 2882 μετέρων
775 2808 947 2864 ταῦτα
968 2809 1200 2877 γίνεται,
1219 2810 1312 2862 καὶ
1338 2809 1502 2878 χολῆς
1516 2808 1888 2878 αὐξανομένης
1907 2808 2150 2860 τίκτεται

481 2897 732 2968 πυρετὸς,
760 2896 855 2950 καὶ
891 2895 968 2966 τῷ
993 2897 1157 2948 παντὶ
1191 2895 1312 2966 ζώῳ
1349 2895 1669 2965 λυμαίνεται
1690 2911 1702 2923 ·
1728 2896 1820 2946 καί
1841 2894 2150 2964 φλέγματος

479 2984 860 3048 πλεονάζοντος
896 2983 1064 3036 πολλά
1092 2984 1376 3053 νοσήματα
1405 2981 1622 3051 φύεται,
1643 2983 1737 3034 καὶ
1765 2981 2069 3053 διαφθείρει
2089 2983 2150 3034 τὸ

477 3071 636 3136 ζῶον.
687 3071 810 3124 Ἐπὶ
840 3071 898 3124 δὲ
938 3070 1092 3124 τοῦδε
1139 3069 1234 3123 τοῦ
1270 3070 1468 3133 παντὸς
1508 3070 1660 3122 οὐδὲν
1692 3069 1897 3122 τούτων
1929 3070 2148 3140 συνέϐη,

477 3158 592 3210 ἀλλ’
625 3157 853 3210 ἕκαστον
887 3155 1037 3226 μένει
1084 3157 1334 3226 καθάπερ
1369 3157 1476 3224 τινὶ
1506 3155 1711 3226 χαλινῷ
1737 3157 1828 3208 καὶ
1852 3154 2036 3226 δεσμῷ
2070 3155 2147 3226 τῷ

477 3244 777 3317 βουλήματι
835 3245 928 3298 τοῦ
973 3245 1297 3316 ποιήσαντος
1353 3243 1480 3306 τοὺς
1507 3243 1739 3307 οἰκείους
1789 3242 2147 3312 διαφυλάττον

475 3336 660 3407 ὅρους,
710 3335 806 3388 καὶ
841 3337 874 3405 ή
927 3334 1074 3405 μάχη
1111 3331 1317 3387 τούτων
1375 3333 1596 3403 εἰρήνης
1636 3331 1786 3385 αἰτία
1821 3331 2031 3400 γίνεται
2070 3331 2148 3403 τῷ

476 3423 660 3478 παντί.
713 3422 898 3476 Ταῦτα
959 3423 1080 3492 οὐχὶ
1129 3422 1224 3475 καὶ
1253 3420 1439 3492 τυφλῷ
1479 3420 1636 3491 δῆλα,
1666 3421 1761 3473 καὶ
1800 3423 1914 3483 τοῖς
1941 3420 2148 3490 σφόδρα

473 3513 721 3582 ἀνοήτοις
753 3511 1076 3575 εὐσύνοπτα,
1127 3510 1303 3570 δτινέκ
1337 3508 1593 3579 προνοίας
1619 3507 1766 3570 τινὸς
1817 3507 2008 3576 γέγονε
2053 3510 2147 3564 καὶ

479 3601 870 3668 συγκρατεῖται
896 3610 958 3662 εις
988 3597 1084 3660 Τίς
1118 3596 1224 3668 γὰρ
1253 3594 1426 3658 οὑτως
1459 3595 1648 3664 ἄφρων
1669 3596 1763 3648 καί⁵
1797 3595 2142 3667 ἀναίσθητος,

471 3686 534 3750 ὃς
589 3687 732 3757 ὀρῶν
779 3685 1032 3738 τοσοῦτον
1082 3684 1347 3754 σωμάτων
1399 3683 1583 3752 ὄγκον,
1627 3682 1882 3737 τοσοῦτον
1926 3685 2142 3750 κάλλος,

469 3773 740 3844 τοσαύτην
767 3771 1036 3835 σύνθεσιν,
1064 3771 1320 3826 τοιούτων
1373 3771 1653 3840 στοιχείων
1681 3771 1859 3842 μάχην
1883 3771 2032 3844 [104]
2065 3773 2145 3826 δι-

471 3861 646 3932 ηνεκῆ
675 3861 770 3914 καὶ
800 3859 1133 3923 ἐναντίωσιν,
1151 3857 1536 3928 καὶδιαμονὴν,
1569 3859 1644 3928 μὴ
1671 3859 1984 3926 λογίσασθαι
2009 3861 2142 3932 πρὸς

473 3946 664 3999 ἐαυτὸν
703 3947 797 4000 καὶ
829 3947 1120 4009 εἰπεῖν,ὃτι
1153 3947 1202 3998 εί
1231 3945 1305 4016 μὴ
1329 3945 1558 4015 πρόνοιά
1580 3962 1664 4008 τις
1699 3941 1767 4016 ἦν
1797 3949 1830 4016 ή
1864 3947 1952 4000 τὸν
1980 3947 2142 4016 ὄγκον

472 4033 582 4087 τῶν
615 4033 883 4104 σωμάτων
915 4031 1298 4104 διακρατοῦσα,
1326 4033 1420 4085 καὶ
1469 4034 1544 4104 μὴ
1577 4033 1936 4104 συγχωροῦσα
1957 4035 2013 4088 τὸ
2033 4037 2142 4090 πᾶν

469 4120 766 4185 διαπεσεῖν,
787 4123 888 4176 οὐκ
917 4120 982 4174 ἂν
1015 4121 1250 4190 ἔμεινεν,
1266 4120 1368 4173 οὑκ
1385 4121 1448 4198 ἀν
1463 4120 1718 4190 διήρκεσε
1737 4137 1752 4184 ;
1777 4122 2025 4194 Τοσαύτη
2044 4123 2142 4194 μὲν

470 4209 628 4280 ὡρῶν
657 4209 898 4276 εὐταξία,
929 4208 1165 4280 τοσαύτη
1179 4209 1238 4262 δὲ
1259 4208 1471 4280 ἡμέρας
1498 4209 1594 4262 καὶ
1619 4209 1812 4272 νυκτὸς
1832 4211 2138 4280 συμφωνία,

467 4297 736 4352 τοσούτων
759 4297 816 4350 δὲ
843 4297 1053 4366 ἀλόγων
1079 4294 1233 4360 ζώων
1257 4296 1413 4366 γένη,
1441 4296 1535 4348 καὶ
1552 4295 1754 4364 φυτῶν,
1772 4298 1866 4350 καὶ
1889 4300 2139 4370 σπερμάο

1319 240 1374 292 S.
1419 237 1706 294 JOANNIS
1743 239 2237 300 CHRYSOSTUMK
2275 239 2593 298 ARCHIEP.
2635 243 3186 302 CONSTANTINOP.

2273 354 2454 448 μόνον,
2499 356 2634 448 ἀλλά
2663 361 2754 448 καὶ
2783 360 3060 428 σιγῶντες,
3101 361 3196 448 καί
3227 362 3294 431 τῇ
3327 359 3414 448 τοῦ
3449 363 3547 432 βίου
3569 368 3838 448 λαμπρότητι

2273 442 2480 506 πάντας
2513 444 2927 516 ἐκπλήττοντες.
2975 447 3276 516 Λαμψάτω
3297 447 3420 519 γὰρ,
3457 455 3616 522 φησὶν,
3636 458 3768 526 ὑμῶν
3787 442 3838 518 τὸ

2265 527 2394 592 φῶς
2437 528 2778 597 ἔμπροσθεν
2803 532 2924 584 τῶν
2963 534 3306 604 ἀνθρώπων,
3337 535 3485 602 ὅπως
3514 539 3691 596 ίδωσιν
3716 547 3846 614 ίγιών

2265 615 2336 666 τὰ
2353 615 2510 670 καλὰ
2527 617 2689 688 ἔργα,
2719 620 2814 672 καὶ
2841 620 3146 685 δοξάσωσι
3173 622 3280 676 τὸν
3307 624 3522 691 Πατέρα
3537 628 3678 695 ὑμῶν
3701 635 3844 688 τέγέν

2263 702 2388 768 τοῖς
2419 705 2717 774 οὐρανοῖς.
2761 709 2928 761 Ὅταν
2969 709 3078 778 γὰρ
3101 711 3129 762 ὁ
3151 709 3374 773 ἄπιστος
3407 711 3485 782 ἴδῃ
3515 714 3570 765 σέ
3593 714 3670 768 τον
3700 720 3845 774 πιστὸν

2265 791 2716 862 κατεσταλμένον,
2754 796 3154 867 σωφρονοῦντα,
3177 797 3398 867 κόσμιον
3417 799 3553 862 ὄντα,
3581 804 3849 876 ἐκπλαγήσε·

2263 894 2352 930 ται
2385 879 2482 931 καὶ
2521 881 2669 952 ἐρεῖ·
2720 883 2957 953 Ἀληθῶς
2993 884 3168 954 μέγας
3199 886 3228 936 ὁ
3275 885 3382 938 τῶν
3405 887 3706 956 Χριστιανῶν
3726 895 3848 960 θεὸς,

2264 966 2408 1030 οἴους
2429 969 2762 1039 κατέστησεν
2791 969 3128 1040 ἀνθρώπους,
3150 971 3292 1034 οἴους
3313 972 3369 1038 ἐξ
3397 974 3515 1026 οἵων
3537 977 3768 1048 ἐποίησεν,
3783 983 3852 1050 ἀγ-

2263 1054 2451 1122 γέλους
2479 1058 2674 1120 αὐτοὺς
2699 1057 2756 1124 ἐξ
2795 1058 3095 1129 ἀνθρώπων
3120 1059 3429 1130 εἰργάσατο.
3467 1064 3556 1116 Ἂν
3574 1064 3744 1139 ὑϐρίσῃ
3771 1087 3852 1134 τις,

2261 1141 2320 1192 οὐ
2351 1140 2714 1212 λοιδοροῦνται
2736 1159 2749 1174 ·
2784 1145 2850 1198 ἂν
2869 1147 3119 1218 τυπτήσῃ
3143 1163 3246 1210 τις,
3279 1147 3378 1200 οὑκ
3405 1149 3781 1216 ἀγανακτοῦσιν·
3808 1157 3857 1209 ἂν

2263 1229 2494 1301 ἀδικήσῃ
2511 1249 2614 1294 τις,
2647 1232 3036 1303 ὑπερεύχονται
3064 1234 3158 1288 τοῦ
3185 1234 3542 1306 λελυπηκότος
3559 1256 3570 1268 ·
3605 1241 3766 1311 ἐχθρὸν
3781 1245 3858 1296 οὐκ

2262 1317 2463 1388 ἔχουσι,
2503 1323 2860 1392 μνησικακεῖν
2887 1323 2986 1375 οὐκ
3021 1324 3360 1386 ἐπίστανται,
3389 1326 3631 1397 φλυαρεῖν
3659 1330 3742 1382 οὑκ
3764 1329 3864 1383 ἰσα-

2264 1422 2364 1468 σιν,
2401 1406 2500 1459 οὐκ
2538 1406 2740 1477 ἔμαθον
2772 1408 3095 1478 ψεύδεσθαι,
3142 1412 3418 1482 ἐπιορκεῖν
3459 1415 3554 1466 οὑκ
3591 1415 3860 1484 ἀνέχονται,

2265 1495 2464 1562 μᾶλλον
2493 1496 2550 1548 δέ
2575 1498 2696 1550 οὐδὲ
2729 1499 2950 1568 ὀμνύειν
2970 1516 2982 1530 ·
3015 1499 3150 1554 ἀλλά
3183 1503 3282 1572 τὴν
3315 1503 3554 1570 γλῶτταν
3581 1506 3870 1576 ἐκτμηθῆναι

2263 1581 2328 1634 ἂν
2379 1583 2580 1636 ἕλοιντο
2627 1587 2912 1656 πρότερον,
2953 1587 2986 1657 ἦ
3025 1588 3186 1658 ὅρκον
3234 1589 3358 1642 τινὰ
3385 1591 3488 1642 ἀπὸ
3517 1591 3604 1644 τοῦ
3648 1595 3870 1662 στόματος

2261 1672 2545 1742 προέσθαι.
2576 1673 2759 1726 Ταῦτα
2791 1675 2970 1743 δῶμεν
3021 1675 3204 1738 αὐτοῖς
3233 1678 3362 1749 περὶ
3403 1678 3554 1748 ήμῶν
3589 1677 3768 1748 λέγειν,
3795 1681 3872 1734 καὶ

2260 1757 2358 1828 τὴν
2409 1761 2650 1830 πονηράν
2703 1759 2813 1814 τῶν
2841 1762 3020 1832 ὅρκων
3067 1763 3362 1833 συνήθειαν
3401 1765 3757 1835 ἀπελάσωμεν,
3799 1769 3874 1820 καὶ

2261 1846 2528 1917 τοσαύτην
2555 1847 2734 1918 δῶμεν
2757 1849 2834 1918 τῷ
2858 1849 2978 1920 Θεῷ
2999 1850 3183 1922 τιμὴν,
3210 1853 3346 1923 ὅσην
3375 1857 3486 1916 τοῖς
3521 1857 3734 1923 ἱματίοις
3747 1856 3874 1924 ἡμῶν

2259 1941 2372 2000 τοῖς
2397 1939 2886 2010 πολυτελεστέροις.
2927 1939 3052 2002 Πῶς
3085 1941 3192 2011 γάρ
3227 1942 3332 1994 οὑκ
3355 1941 3553 1996 ἄτοπον
3581 1943 3772 2012 ἱμάτιον
3799 1943 3878 2012 μὲν

2260 2021 2478 2092 ἔχοντας
2503 2026 2610 2078 τῶν
2639 2025 2838 2079 λοιπῶν
2865 2026 3068 2096 βέλτιον
3097 2029 3170 2097 μὴ
3199 2028 3492 2099 ἀνέχεσθαι
3522 2029 3738 2099 συνεχῶς
3759 2029 3878 2098 αὐτῷ

2261 2113 2656 2183 καταχρᾶσθαι,
2673 2112 2734 2164 τὸ
2753 2113 2809 2165 δὲ
2833 2113 2924 2165 τοῦ
2951 2113 3084 2166 Θεοῦ
3113 2113 3284 2184 ὄνομα
3319 2115 3594 2185 πανταχοῦ
3615 2115 3883 2184 περισύρειν

2261 2201 2444 2263 ἁπλῶς
2471 2201 2566 2254 καὶ
2591 2200 2666 2263 ὼς
2685 2200 2844 2269 έτυχε
2864 2217 2878 2265 ;
2901 2201 3012 2271 Μὴ,
3037 2201 3226 2271 δέομαι
3255 2203 3357 2254 καὶ
3381 2203 3655 2268 ἀντιϐολῶ,
3685 2203 3750 2272 μὴ
3769 2203 3883 2254 οὑτω

2260 2287 2686 2358 καταφρονῶμεν
2730 2288 2886 2358 ἡμῶν
2916 2289 3016 2358 τῆς
3065 2291 3341 2360 σωτηρίας
3385 2291 3522 2346 ἀλλά
3569 2291 3662 2362 τὴν
3691 2289 3888 2358 σπουδὴν

2259 2377 2324 2446 ἢν
2347 2376 2406 2440 ἐξ
2430 2377 2604 2447 ἀρχῆς
2635 2376 3009 2446 ἐποιησάμεθα
3033 2387 3054 2414 ο
3081 2378 3208 2447 περὶ
3233 2377 3340 2449 τὴν
3367 2379 3586 2450 ἐντολὴν
3613 2379 3808 2449 ταύτην,
3824 2379 3887 2438 εἰς

2257 2463 2407 2525 τέλος
2430 2463 2748 2532 ἀγάγωμεν.
2771 2463 2877 2514 Καὶ
2899 2463 3004 2532 γάρ
3028 2461 3136 2530 ἐγὼ
3155 2463 3242 2515 διά
3261 2463 3432 2518 τοῦτο
3455 2464 3652 2536 συνεχῆ
3671 2463 3890 2534 ποιοῦμαι

2255 2549 2352 2618 τὴν
2383 2549 2728 2620 παράκλησιν
2771 2549 2868 2619 τὴν
2900 2550 3028 2619 περὶ
3058 2549 3163 2602 τῶν
3198 2551 3412 2619 ὅρκων,
3451 2553 3552 2606 οὐκ
3593 2551 3761 2622 ἐπειδὴ
3787 2567 3894 2602 κατ-

2256 2635 2429 2703 έγνων
2458 2636 2610 2704 ὑμῶν
2640 2635 2932 2706 ρᾳθυμίαν,
2951 2635 3066 2689 ἀλλ’
3087 2638 3276 2708 ἐπειδὴ
3309 2637 3374 2691 τὸ
3403 2639 3564 2693 πλέον
3595 2636 3894 2710 κατορθωθέν

2256 2723 2382 2792 ὑμῖν
2415 2721 2572 2788 εἶδον,
2610 2725 2705 2778 καὶ
2731 2724 2944 2776 σπεύδω
2974 2725 3068 2776 καὶ
3109 2725 3416 2797 ἐπείγομαι
3453 2727 3514 2780 τὸ
3558 2729 3660 2780 πᾶν
3699 2729 3901 2796 ἀπαρτι-

2255 2810 2450 2880 σθῆναι
2487 2813 2580 2864 καὶ
2611 2811 2762 2873 τέλος
2791 2810 2994 2864 λαϐεῖν.
3031 2809 3186 2864 Οὕτω
3231 2815 3337 2866 καὶ
3381 2816 3430 2866 οἰ
3472 2813 3658 2866 θεαταὶ
3697 2812 3897 2870 ποιοῦσι,

2253 2900 2378 2962 τοὺς
2411 2900 2576 2967 ἐγγυς
2601 2897 2759 2961 ὄντας
2786 2899 2892 2951 τῶν
2935 2897 3202 2968 βραϐείων
3224 2900 3570 2972 διεγείρουσι
3603 2901 3803 2971 μᾶλλον.
3826 2901 3903 2968 Μὴ

2251 2985 2428 3038 τοίνυν
2464 2985 2838 3054 ἀποκάμωμεν
2868 2985 3001 3055 μηδὲ
3046 2987 3229 3055 ἡμεῖς.
3275 2989 3380 3040 καὶ
3417 2987 3530 3059 γὰρ
3565 2988 3725 3056 ἐγγὺς
3764 2986 3902 3054 ἐστή-

2253 3088 2426 3142 καμεν
2455 3071 2547 3124 τοῦ
2578 3071 2776 3134 παντὸς
2809 3069 3246 3141 κατορθώματος,
3290 3075 3395 3127 καὶ
3431 3076 3466 3145 ἡ
3495 3073 3751 3128 δυσκολία
3778 3071 3910 3142 παρὰ

2250 3158 2348 3229 τήν
2389 3158 2565 3229 ἀρχὴν
2612 3153 2701 3229 ἦν.
2737 3154 2890 3230 [105]
2929 3157 3058 3212 Ὅτε
3103 3159 3159 3212 δὲ
3201 3159 3264 3210 τὸ
3301 3160 3475 3214 πλέον
3527 3161 3626 3231 τῆς
3656 3157 3908 3230 συνηθείας

2252 3246 2542 3318 ὑπετμήθη
2581 3246 2696 3312 νῦν,
2736 3245 2832 3299 καὶ
2889 3246 3081 3317 μικρὸν
3120 3246 3530 3302 ὑπολέλειπται
3562 3248 3774 3312 λοιπὸν,
3811 3244 3912 3299 οὐδὲ

2253 3333 2415 3386 πόνου
2456 3333 2614 3404 χρεία
2659 3332 2804 3396 τινὸς
2823 3375 2838 3398 ,
2867 3332 3005 3386 ἀλλὰ
3055 3335 3262 3404 μικρᾶς
3315 3336 3794 3407 παρατηρήσεως,
3835 3331 3912 3384 καὶ

2253 3420 2510 3490 βραχείας
2540 3420 2685 3484 τινὸς
2711 3420 3000 3490 ἀκριϐείας
3044 3419 3307 3491 δεόμεθα,
3345 3423 3442 3476 ἵνα
3483 3423 3642 3477 αὑτοὶ
3666 3415 3912 3491 κατορθώ-
4013 3480 4015 3486 ι

2253 3525 2444 3572 σαντες
2471 3509 2564 3562 καὶ
2594 3507 2804 3578 ἑτέροις
2825 3506 3112 3578 γενώμεθα
3135 3507 3496 3575 διδάσκαλοι,
3521 3511 3618 3564 καὶ
3643 3508 3774 3579 μετά
3798 3507 3917 3576 παῤ-
4011 3513 4015 3579 ς

2253 3594 2448 3666 ρησίας
2487 3596 2549 3648 τὸ
2597 3594 2743 3666 ἱερὸν
2777 3593 2978 3664 ἴδωμεν
3019 3594 3238 3664 Πάσχα,
3277 3597 3388 3650 καὶ
3421 3599 3568 3668 μετά
3606 3595 3796 3666 πολλῆς
3833 3593 3916 3660 τῆς
4011 3606 4013 3614 ’

2249 3683 2444 3755 ἡδονῆς
2487 3682 2802 3737 διπλασίονα
2839 3683 2933 3735 καί¹
2969 3681 3341 3752 τριπλασίονα
3385 3685 3494 3756 τῆς
3531 3684 3780 3744 εἰωθυίας
3806 3697 3922 3747 καρ-

2249 3766 2561 3838 πωσώμεθα
2589 3767 2687 3838 τὴν
2717 3766 3074 3838 εὐφροσύνην.
3105 3767 3180 3820 Οὐ
3205 3769 3330 3840 γὰρ
3367 3769 3525 3824 οὕτω
3554 3771 3615 3822 τὸ
3643 3768 3747 3820 τῶν
3769 3766 3919 3817 πόνων

2247 3859 2394 3927 ἡμᾶς
2427 3854 2804 3926 ἀπαλλαγῆναι
2843 3854 2936 3908 καὶ
2970 3855 3078 3908 τῶν
3121 3855 3382 3929 ἱδρώτων
3412 3859 3521 3930 τῆς
3566 3855 3812 3928 νηστείας
3845 3853 3924 3904 εὐ-

2248 3945 2486 4016 φραίνει,
2521 3945 2597 4006 ὡς
2620 3943 2682 3995 τὸ
2721 3942 2862 4014 μετά
2889 3941 3334 4012 κατορθώματος
3367 3946 3472 3999 καὶ
3507 3945 3769 4013 στεφάνου
3803 3940 3924 4008 λαμ-

2246 4029 2387 4101 προῦ
2421 4032 2501 4092 εἰς
2527 4027 2624 4100 τὴν
2653 4029 2804 4100 ἰεράν
2833 4028 3043 4098 ἐκείνην
3065 4028 3266 4098 ἑορτὴν
3293 4031 3656 4101 ἀπαντῆσαι,
3689 4024 3927 4095 στεφάνου

2249 4118 2517 4188 μηδέποτε
2559 4117 2982 4187 μαραινομένου.
3005 4116 3167 4169 Ὥστε
3213 4117 3280 4170 δὲ
3324 4121 3660 4190 ταχυτέραν
3703 4113 3927 4185 γενέσθαι

2243 4205 2341 4275 τὴν
2369 4203 2678 4275 διόρθωσιν,
2723 4202 2880 4256 τοῦτο
2916 4203 3138 4274 ποίησον
3167 4202 3196 4254 ὃ
3235 4203 3404 4273 λέγω
3429 4223 3444 4236 ·
3485 4205 3713 4278 Γράψον
3747 4201 3833 4256 ἐπὶ
3853 4197 3930 4252 τὸν

2243 4293 2420 4360 τοῖχον
2453 4290 2552 4359 τῆς
2592 4289 2766 4352 οἰκίας
2806 4305 2921 4352 σου,
2951 4289 3045 4340 καὶ
3084 4289 3180 4341 ἐπὶ
3219 4289 3327 4342 τὸν
3359 4294 3560 4362 τοῖχον
3603 4292 3705 4357 τῆς
3733 4285 3932 4356 καρδίας

3985 939 4000 986 ι

2245 4395 2338 4430 σου
2375 4377 2473 4447 τὴν
2501 4376 2774 4448 δρεπάνην
2804 4375 2902 4444 τὴν
2933 4374 3246 4444 πετομένην
3295 4377 3564 4448 ἐκείνην,
3621 4377 3720 4430 καὶ
3754 4372 3932 4440 ταύτην

2242 4467 2335 4517 ἐπὶ
2362 4465 2460 4533 τῆς
2481 4465 2620 4534 ἀρᾶς
2661 4460 2915 4515 πέτεσθαι
2947 4460 3156 4530 νόμιζε,
3183 4463 3289 4513 καὶ
3325 4464 3598 4533 συνεχῶς
3629 4461 3796 4530 αὐτὴν
3823 4461 3938 4511 ἀνα-

2240 4553 2452 4622 λογίζου
2475 4571 2488 4583 ’
2525 4552 2625 4605 κᾶν
2654 4551 2839 4621 ἕτερον
2875 4549 3144 4620 ὀμνύοντα
3189 4550 3348 4623 ἴδῃς,
3387 4541 3660 4622 ἐπίσχες,
3699 4549 3936 4604 κώλυσονο

2239 4640 2335 4692 καὶ
2363 4639 2468 4692 τῶν
2493 4638 2721 4692 οἰκετῶν
2763 4636 3124 4707 ἐπιμελήθητι
3154 4636 3274 4690 τῶν
3341 4640 3492 4694 σῶν.
3529 4643 3636 4693 ’Ἂν
3673 4639 3781 4708 γὰρ
3805 4634 3943 4688 τοῦτο

2241 4729 2606 4798 σκοπήσωμεν
2639 4726 2859 4788 ά,ὅπως
2909 4726 2983 4794 μὴ
3027 4725 3186 4794 μόνον
3233 4726 3417 4780 αὐτοὶ
3463 4728 3938 4800 κατορθώσαιμεν,

2237 4814 2372 4867 ἀλλὰ
2416 4815 2508 4865 καὶ
2537 4815 2754 4884 ἑτέρους
2793 4813 2872 4876 εἰς
2909 4811 3065 4864 τοῦτο
3093 4813 3526 4886 ἐναγάγοιμεν,
3559 4817 3777 4888 ταχέως
3811 4809 3946 4866 αὐτοὶ

2237 4901 2373 4971 πρὸς
2407 4900 2465 4952 τὸ
2496 4899 2667 4969 πέρας
2697 4898 2916 4968 ἥξομεν.
2943 4900 3005 4951 Οἱ
3032 4897 3140 4968 γὰρ
3171 4899 3432 4970 ἐτέρους
3469 4903 3764 4957 παιδεύειν
3799 4912 3945 4952 κατα-
4019 4955 4021 4960 ,

2233 4989 2532 5059 δεξάμενοι,
2553 4988 2682 5059 ἐρυθ
2693 4989 2950 5060 ριάσομεν
2974 4989 3066 5039 καὶ
3088 4989 3377 5056 αἰσχυνού
3387 5009 3462 5062 με
3473 4991 3570 5052 θα,
3601 4993 3640 5046 ὃ.
3661 4995 3771 5054 τοῖς
3790 4987 3948 5048 ἄλλοις

2234 5077 2613 5150 ἐπιτάττομεν,
2651 5076 2824 5128 ταῦτα
2853 5075 3291 5142 ἐλλιμπάνοντες
3335 5080 3518 5132 αὐτοὶ
3549 5081 3810 5148 φανῆναι.
3833 5073 3950 5126 Οὐδὲ

2232 5166 2389 5236 χρεία
2421 5163 2681 5216 πλειόνων
2707 5163 2878 5230 λόγων
2899 5180 2912 5191 ·
2945 5161 3115 5213 πολλά
3151 5161 3279 5233 γὰρ
3319 5165 3436 5218 καὶ
3477 5167 3556 5222 τὰ
3595 5166 3792 5238 πρώην
3817 5163 3954 5235 εἰρη-

2233 5253 2390 5322 μένα,
2419 5251 2514 5304 καὶ
2547 5251 2716 5304 ταῦτα
2749 5251 2803 5302 δὲ
2831 5249 3186 5318 ὑπομνήσεως
3229 5250 3424 5322 χάριν
3461 5257 3648 5326 μόνης
3679 5267 3704 5292 ε
3735 5255 3950 5324 εἴρηται.

2243 5339 2296 5392 'U
2331 5339 2386 5390 δέ
2430 5339 2582 5401 Θεὸς,
2615 5341 2642 5389 ὁ
2689 5336 2887 5407 μᾶλλον
2921 5335 3078 5406 ήμῶν
3103 5333 3218 5388 τῶν
3277 5340 3608 5415 ἡμετέρων
3661 5341 3956 5412 φειδόμενος

2227 5425 2432 5496 ψυχῶν,
2463 5427 2557 5478 καὶ
2597 5426 2654 5476 ἐν
2699 5423 2871 5492 τούτῳ
2903 5423 2997 5476 καὶ
3036 5423 3093 5474 ἐν
3127 5429 3320 5478 παντὶ
3357 5433 3782 5502 καταρτίσειεν
3825 5428 3959 5498 ἡμᾶς

2230 5513 2451 5583 ἀγαθῷ,
2489 5514 2575 5566 ἵνα
2619 5510 3004 5582 πληρώσαντες
3055 5509 3240 5562 πάντα
3282 5516 3532 5586 καρπον
3580 5515 3960 5586 δικαιοσύνης,

469 4400 596 4450 των,
635 4385 728 4436 καὶ
757 4384 996 4455 βοτανῶν
1025 4384 1129 4454 ὁδῷ
1153 4383 1378 4454 βαδίξει,
1409 4385 1502 4437 καὶ
1522 4384 1675 4438 οὐδὲν
1697 4387 1778 4448 εἰς
1807 4387 1906 4457 τὴν
1935 4389 2138 4458 παροῦ-

471 4487 571 4525 σαν
609 4471 822 4544 ἡμέραν
868 4471 990 4525 οὔτε
1024 4473 1290 4536 διέπεσεν,
1329 4472 1452 4526 οὐτε
1481 4471 1732 4546 ἀνηλώθη
1769 4473 2042 4541 καθάπαξ.

537 4565 598 4614 ε’.
618 4563 694 4614 Οὐ
721 4559 893 4614 ταῦτα
917 4560 971 4612 δὲ
1001 4561 1178 4631 μόνον,
1209 4561 1346 4614 ἀλλά
1375 4563 1467 4614 καὶ
1493 4561 1666 4614 πολλά
1693 4563 1855 4634 έτερα
1881 4564 1908 4604 ι)
1931 4564 2134 4618 τούτων

467 4647 689 4704 πλείονα
712 4650 804 4702 καὶ
833 4647 1106 4720 βαθύτερα
1139 4645 1206 4720 ἦν
1229 4651 1426 4716 εἰπεῖν,
1455 4653 1547 4704 καὶ
1573 4652 1702 4723 περὶ
1732 4652 1900 4723 αὐτῆς
1930 4653 2138 4722 φιλοσο-

461 4737 637 4808 φῆσαι
653 4738 750 4808 τῆς
765 4738 1012 4800 κτίσεως·
1032 4737 1130 4791 ἀλλ
1144 4737 1159 4758 ’
1173 4740 1252 4801 εἰς
1270 4739 1366 4809 τὴν
1383 4738 1827 4794 ἐπιοῦσανέκεῖνα
1837 4759 1904 4794 τα
1911 4743 2136 4812 μιευσά-

467 4843 641 4896 μενοι,
677 4826 1066 4896 σπουδάσωμεν
1099 4825 1169 4878 τά
1201 4827 1466 4896 εἰρημένα
1495 4827 1630 4897 μετά
1653 4828 1935 4898 ἀκριϐείας
1967 4847 2135 4882 κατα-

467 4918 638 4986 σχεῖν,
663 4915 757 4968 κα¹ι
789 4917 868 4978 εἰς
895 4915 1116 4984 ἐτέρους
1149 4915 1471 4982 ἐξενεγκεῖν.
1511 4917 1618 4969 Καὶ
1647 4913 1762 4971 οἶδα
1796 4918 1894 4987 μὲν
1919 4919 2002 4971 ὅτι
2032 4920 2131 4988 τὴν

465 5003 633 5076 ἀκοὴν
679 5003 830 5073 ὑμῶν
867 5001 1069 5067 ἐξένισε
1111 5001 1220 5056 τῶν
1249 5002 1533 5072 νοημάτων
1574 5003 1634 5055 τὸ
1666 5005 1846 5074 βάθος,
1889 5005 2002 5059 ἀλλ’
2035 5008 2130 5060 ἐὰν

463 5089 640 5156 ὀλίγον
663 5090 942 5160 νήψωμεν,
974 5091 1068 5142 καὶ
1111 5091 1170 5143 ἐν
1200 5089 1410 5154 τούτοις
1439 5090 1706 5162 ἐθίσωμεν
1753 5094 1998 5156 ἑαυτοὺς,
2037 5095 2130 5148 καὶ

461 5173 667 5244 ἑτέροις
699 5177 894 5248 ῥᾳδίως
912 5177 1152 5248 ἐσόμεθα
1178 5177 1500 5232 διδάσκαλοι.
1531 5179 1680 5242 Τέως
1705 5179 1762 5232 δέ
1787 5181 1964 5234 ἐκεῖνο
1991 5183 2127 5251 πρὸς

461 5259 563 5328 τὴν
583 5261 850 5332 ὑμετέραν
867 5265 1086 5334 ἀγάπην
1102 5267 1396 5332 ἀναγκαῖον
1419 5267 1592 5318 εἰπεῖν
1610 5281 1622 5294 ·
1653 5266 1863 5338 Ὥσπερ
1879 5268 2126 5332 ἐδόξασεν

463 5345 610 5416 ἡμᾶς
642 5348 669 5397 ὀ
700 5347 830 5409 Θεὸς
859 5350 945 5402 διά
975 5353 1074 5422 τῆς
1104 5351 1368 5422 τοσαύτης
1398 5353 1776 5425 δημιουργίας,
1808 5354 1949 5407 οὕτω
1974 5355 2122 5418 δοξά-

465 5450 645 5502 σωμεν
673 5433 830 5486 αὐτὸν
869 5438 961 5489 καὶ
991 5441 1148 5508 ἡμεῖς
1174 5441 1264 5493 διὰ
1295 5443 1392 5512 τῆς
1424 5441 1698 5505 πολιτείας
1727 5445 1826 5513 τῆς
1859 5447 2121 5514 καθαρᾶς,

465 5523 529 5574 Οί
556 5523 796 5589 οὐρανοὶ
816 5523 1155 5592 διηγοῦνται
1183 5529 1370 5592 δόξαν
1400 5533 1568 5596 Θεοῦ,
1607 5532 1918 5600 φαινόμενοι
1943 5535 2120 5603 μόνον·

460 5609 555 5663 καὶ
583 5611 740 5679 ἡμεῖς
783 5610 962 5664 τοίνυν
993 5613 1375 5687 διηγησῶμεθα
1405 5619 1560 5684 δόξαν
1583 5621 1744 5687 Θεοῦί
1769 5624 1842 5693 μὴ
1875 5623 2125 5692 λέγοντες
2289 5677 2313 5705 ε
2335 5677 2432 5724 Διίὶ
2459 5674 2702 5725 ἐποιοῦμεθ

2289 5691 2312 5705 ι.
2681 5691 2690 5714 τ
2743 5709 2754 5717 ,

2285 5735 2314 5776 ἀ
2949 5733 3232 5810 σκοπῶμεν.
3263 5735 3422 5790 Infra
3446 5741 3620 5794 iidem
3669 5743 3960 5810 ἐναγάγοιμεν

2225 5801 2272 5866 (ι
2297 5803 2425 5869 agat
2443 5811 2534 5869 .1305!
2555 5794 2644 5861 pio
2664 5797 2792 5869 vlulg.
2817 5796 3069 5869 ἀγάγωμεν
3103 5794 3162 5852 ι).

519 5788 535 5812 ³
565 5789 698 5859 Unus
716 5793 796 5840 καὶ
823 5791 1082 5852 σύγκειται.
1105 5792 1232 5842 Infra
1257 5795 1406 5844 Savil.
1435 5798 1654 5856 τοιαύτην
1679 5800 1926 5862 στοιχείων
1946 5799 2118 5863 μάχην.

519 5855 548 5897 h
574 5855 686 5903 [ρει
711 5869 820 5903 mss.
854 5857 932 5901 γαί
959 5856 1120 5908 πολλῷ
1147 5855 1298 5905 ἕτεεα.

2258 5817 2272 5850 ι
2297 5803 2425 5850 Sicut
2444 5811 2532 5846 nos
2555 5788 2644 5861 pio
2664 5812 2696 5840 v1

2293 5865 2317 5893 ε
2342 5857 2488 5908 Savil.
2517 5857 2696 5908 ὑπουνῆ

2342 5871 2488 5908 εει-ιι.
2517 5871 2827 5919 ὑπομνήσεως
2847 5873 2989 5917 μονης
3014 5871 3184 5904 ενεκεν.

517 5855 548 5897 h
569 5855 686 5903 lips
711 5869 820 5903 mss.
854 5857 932 5901 γαί
959 5856 1120 5913 πολλῷ
1147 5855 1298 5905 ἕτεεα.
