4070 6208
259 401 359 457 109

254 511 648 580 superpositam
705 526 894 580 aquam
950 509 1250 564 exsiccavit.
1300 509 1393 564 Vis
1443 520 1492 564 te
1539 509 1592 563 in
1639 517 1832 562 terram

257 604 453 657 iterum
483 600 820 667 reducamus,
852 609 905 655 et
923 599 1061 670 quod
1084 600 1292 654 mireris
1315 599 1693 654 ostendamus?
1718 597 1834 651 Nnn

255 691 437 745 cernis
463 690 565 744 hoc
589 706 735 744 mare
759 690 912 744 undis
931 731 944 755 ,
979 699 1034 744 et
1058 690 1302 745 violentis
1328 689 1538 743 ﬂatibus
1574 687 1836 757 plenum?

258 780 356 835 sed
389 781 491 835 hoc
515 797 661 835 mare
689 783 978 850 spatiosum
1008 791 1060 834 et
1089 796 1333 850 magnum
1355 821 1370 845 ,
1415 788 1468 834 et
1509 779 1688 834 furens
1707 820 1719 840 ,
1753 779 1836 832 in-

259 871 414 923 firma
443 870 746 924 continetur
768 885 952 924 arena.
987 871 1050 924 Et
1066 870 1346 925 .considera
1371 870 1461 923 Dei
1491 869 1833 938 sapientiam:

263 977 372 1014 non
415 960 650 1030 permisit
691 961 860 1029 ipsum
889 961 1160 1030 quiescere
1183 1003 1196 1027 ,
1237 976 1408 1031 neque
1435 975 1652 1016 manere
1680 960 1838 1014 seda-

264 1059 401 1114 tum,
433 1066 498 1104 ne
527 1050 576 1104 id
608 1065 726 1105 esse
751 1060 954 1105 natura:
980 1053 1144 1120 ipsius
1170 1054 1407 1107 ordinem
1433 1052 1721 1116 existimes,
1745 1050 1836 1103 Sed

266 1139 405 1192 intra
434 1142 687 1192 terminos
719 1155 935 1193 manens
965 1140 1175 1206 clamat,
1207 1141 1462 1204 turbatur,
1496 1140 1839 1194 vehementer

267 1235 502 1290 resonat,
530 1237 582 1280 et
611 1227 1011 1282 inenarrabilem
1045 1229 1094 1282 in
1119 1229 1444 1284 altitudinem
1472 1227 1664 1282 ﬂuctus
1692 1228 1838 1282 exei-

267 1326 378 1380 tat;
397 1333 515 1372 cum
527 1328 703 1372 autem
728 1319 794 1373 ad
823 1319 969 1374 littus
980 1329 1034 1374 et
1048 1336 1261 1376 arenam
1279 1322 1594 1392 pervenerit,
1609 1322 1836 1376 dissolu-

269 1417 382 1460 tum
415 1423 620 1462 rursum
647 1409 712 1463 ad
738 1410 968 1479 seipsum
1009 1411 1324 1476 revertitur,
1354 1427 1451 1481 per
1481 1412 1596 1467 hazc
1621 1422 1841 1482 utraque

269 1505 321 1551 te
363 1496 592 1567 docens,
637 1500 780 1570 quod
824 1516 930 1556 non
979 1510 1179 1557 natum
1218 1517 1351 1572 opus
1389 1513 1471 1559 est
1506 1505 1674 1574 ipsum
1701 1505 1840 1560 intra

266 1590 514 1657 proprios
538 1589 670 1646 ﬁnes
698 1608 946 1659 manere,
987 1593 1080 1649 sed
1122 1595 1328 1650 virtutis
1355 1595 1504 1666 ejus,
1543 1596 1631 1666 qui
1669 1595 1840 1666 ipsum

267 1678 502 1734 cohibet.
522 1681 806 1750 Propterea
828 1685 968 1738 enim
992 1685 1257 1740 inﬁrmum
1279 1687 1440 1757 ipsius
1465 1703 1670 1741 murum
1693 1687 1840 1752 fecit,

273 1785 380 1824 non
410 1772 571 1842 ligna,
593 1790 698 1828 non
725 1776 944 1846 lapides,
977 1793 1080 1832 non
1109 1787 1317 1834 montes
1346 1778 1428 1834 his
1454 1779 1718 1834 littoribus
1737 1780 1843 1834 cir-

268 1864 602 1932 cumposuit,
649 1874 706 1919 ut
739 1881 842 1920 non
879 1867 962 1923 his
983 1868 1306 1923 elementum
1351 1869 1403 1924 in
1445 1869 1685 1924 ordinem
1723 1869 1842 1940 cogi

270 1961 445 2021 putes.
476 1954 585 2009 Hoc
612 1955 769 2026 igitur
804 1966 858 2011 et
896 1958 1005 2026 ipse
1043 1959 1324 2028 aliquando
1355 1959 1552 2014 Judmis
1577 1960 1843 2029 imprope-

271 2057 401 2097 rans
429 2043 638 2099 dicebat
661 2063 674 2095 :
698 2045 785 2100 Me
811 2063 911 2100 non
937 2049 1193 2114 timcbitis,
1231 2050 1317 2119 qui
1342 2064 1546 2104 arenam
1582 2050 1712 2103 mari
1739 2061 1841 2104 ter-

271 2133 466 2187 uinum
495 2132 752 2198 constitui,
762 2141 808 2185 et
823 2135 1250 2190 nontrauscendet
1273 2137 1398 2206 (Jer.
1411 2142 1462 2198 5.
1478 2139 1593 2204 22;?
1609 2139 1722 2194 Non
1747 2157 1840 2197 au-

271 2229 383 2277 tem
402 2221 502 2276 hoc
515 2234 706 2289 sutum,
731 2241 763 2279 ο
785 2226 964 2294 homo,
980 2237 1064 2284 est
1081 2228 1409 2297 admirabile,
1431 2232 1573 2301 quod
1593 2248 1840 2304 magnum

270 2322 324 2366 et
351 2312 649 2368 mirabilem
674 2315 858 2371 fecerit
904 2316 1044 2372 hunc
1070 2318 1322 2374 mundum
1341 2361 1357 2386 ,
1388 2322 1527 2390 quod
1556 2337 1713 2393 supra
1743 2339 1843 2379 na-

269 2413 406 2458 tura:
447 2409 878 2476 consequentiam
920 2409 1090 2479 ipsum
1140 2413 1505 2482 compegerit,
1556 2414 1652 2470 sed
1700 2417 1842 2486 quod

264 2495 432 2548 etiam
462 2511 528 2550 ex
552 2498 834 2554 contrariis
857 2500 1027 2570 ipsum
1063 2502 1432 2572 constituerit,
1473 2505 1644 2561 calido
1668 2516 1720 2562 et
1745 2507 1840 2562 fri-

265 2587 418 2656 gido,
440 2587 584 2644 sicco
608 2601 661 2644 et
689 2591 924 2660 humido,
953 2594 1071 2664 igne
1099 2605 1152 2651 et
1180 2611 1337 2667 aqua,
1367 2607 1503 2653 terra
1531 2607 1587 2653 et
1613 2613 1736 2654 aere
1755 2617 1768 2656 :
1787 2608 1843 2655 et

265 2681 536 2732 contraria
576 2679 692 2737 base
737 2683 1018 2750 elementa,
1063 2703 1131 2741 ex
1177 2688 1241 2742 iis
1283 2686 1478 2758 quibus
1525 2687 1625 2743 hoc
1676 2697 1842 2744 totum

265 2769 546 2836 consistit,
578 2771 716 2825 inter
743 2788 800 2827 se
828 2779 1130 2844 pugnantia,
1177 2792 1206 2831 a
1244 2792 1366 2833 sese
1409 2793 1514 2832 non
1551 2762 1673 2833 sunt
1711 2795 1842 2834 con-

264 2867 518 2926 sumpta:
543 2873 647 2914 non
679 2862 812 2930 ignis
837 2867 1140 2931 supervenit
1163 2875 1217 2921 et
1243 2867 1480 2922 ascendit
1507 2868 1705 2932 omnia,
1737 2884 1842 2923 non

263 2962 406 3016 aqua
435 2953 817 3017 superveniens
856 2954 1038 3008 orbem
1064 2956 1366 3011 submersit.
1395 2956 1500 3012 Sed
1525 2958 1576 3011 in
1605 2959 1842 3027 corpori-

267 3040 368 3094 bus
389 3041 607 3109 quidem
636 3045 831 3098 nostris
853 3045 966 3100 hwe
990 3048 1137 3113 liunt,
1167 3057 1221 3102 et
1243 3049 1348 3104 bile
1369 3058 1641 3104 crescente
1669 3051 1840 3104 nasci-

266 3141 352 3184 tur
395 3131 588 3199 febris,
620 3145 672 3188 et
702 3143 867 3188 totum
894 3137 1086 3191 animal
1123 3138 1264 3192 lmdit
1290 3157 1304 3193 :
1326 3149 1380 3194 et
1410 3140 1591 3208 pituita
1622 3156 1840 3210 supera-

264 3220 541 3275 bundante
571 3223 782 3291 plurimi
828 3235 1114 3280 nascuntur
1141 3227 1347 3293 morbi,
1394 3237 1449 3283 et
1489 3229 1681 3284 animal
1723 3244 1842 3284 cor-

263 3322 545 3382 rumpunt.
576 3313 632 3368 ln
656 3315 757 3370 hoc
782 3325 958 3372 autem
987 3320 1232 3374 universo
1254 3321 1383 3374 nihil
1411 3321 1599 3376 horum
1626 3322 1837 3386 accidit,

264 3404 358 3457 sed
384 3405 798 3475 unumquodque
824 3417 1032 3475 manet,
1063 3418 1325 3480 tamquam
1354 3411 1582 3482 quodam
1610 3411 1761 3467 freno
1788 3421 1843 3470 et

264 3493 503 3561 vinculo,
531 3495 833 3552 Conditoris
854 3499 1120 3554 voluntate
1141 3502 1382 3570 proprios
1402 3503 1704 3558 custodiens
1730 3513 1839 3558 ter-

263 3583 471 3649 minos,
516 3595 569 3640 et
597 3585 785 3641 horum
812 3604 985 3658 pugna
1029 3590 1226 3643 mundo
1253 3593 1343 3646 toti
1381 3593 1525 3659 pacis
1564 3593 1626 3646 ﬁt
1660 3608 1837 3647 causa.

263 3675 460 3728 Annon
489 3675 604 3731 hare
629 3687 682 3732 et
702 3693 844 3733 creco
869 3689 994 3733 sunt
1022 3680 1296 3736 manifesta
1317 3724 1331 3746 ,
1359 3693 1414 3737 et
1452 3684 1605 3738 valde
1644 3684 1840 3754 impru-

262 3763 516 3818 dentibus
541 3765 902 3836 intelligibilia,
925 3769 1063 3837 quod
1089 3770 1412 3838 providentia
1432 3773 1680 3842 quapiam
1704 3773 1840 3827 facta

264 3858 373 3910 sint
419 3868 474 3911 et
517 3859 920 3914 contineantur?
957 3861 1086 3928 Quis
1119 3863 1259 3917 enim
1298 3872 1402 3917 tam
1433 3865 1624 3918 stultus
1666 3875 1748 3919 est
1787 3876 1842 3920 et

261 3947 548 4016 stupidus,
596 3949 684 4018 qui
723 3958 920 4004 tantam
960 3953 1149 4006 molem
1180 3967 1436 4021 cernens,
1482 3964 1680 4009 tantam
1725 3955 1841 4024 pul-

262 4037 626 4091 chritudinem
651 4079 667 4104 ,
715 4048 912 4096 tantam
935 4043 1372 4112 compositionem
1395 4085 1410 4109 ,
1457 4044 1637 4098 talium
1671 4045 1842 4100 conti-

262 4141 426 4178 nuam
477 4127 862 4184 elementorum
911 4146 1136 4201 pugnam
1188 4141 1242 4187 et
1291 4134 1738 4201 contrarietatem,
1788 4144 1841 4190 et

262 4218 721 4282 perseverantiam
746 4259 761 4284 ,
805 4234 909 4273 non
947 4222 1080 4275 intra
1120 4223 1349 4292 seipsum
1379 4225 1752 4293 ratiocinetur,
1788 4236 1840 4281 et

259 4305 408 4357 dicat
431 4324 444 4358 :
471 4304 578 4359 Nisi
609 4307 936 4374 providentia
965 4309 1206 4380 quazdam
1250 4321 1394 4366 esset
1421 4327 1699 4383 corporum
1729 4331 1842 4369 ma-

256 4395 597 4464 gnitudinem
631 4398 906 4462 cohibens,
937 4415 1035 4454 nec
1061 4400 1368 4470 permittens
1394 4412 1559 4456 totum
1587 4403 1838 4471 dissilire,

256 4502 363 4540 nec
405 4501 752 4555 permanere,
799 4504 897 4543 nec
928 4491 1119 4546 durare
1156 4493 1443 4560 potuisset?
1482 4492 1677 4546 Tantus
1716 4494 1841 4547 anni

254 4587 645 4644 tempestatum
678 4577 840 4642 ordo,
873 4589 1014 4632 tanta
1046 4582 1215 4634 noctis
1237 4590 1290 4635 et
1313 4582 1414 4636 diei
1442 4583 1838 4646 convenientia,

1195 400 1288 454 AD
1330 397 1644 455 POPULUM
1684 397 2169 454 ANTIOCHENUM
2233 397 2462 452 llOMlL.
2504 397 2593 454 IX.

3413 407 3511 454 HU

1943 517 2262 573 creaturam,
2300 507 2369 560 ita
2400 522 2496 563 nos
2523 522 2730 576 quoque
2760 521 2851 576 per
2877 524 3059 579 puram
3088 510 3256 579 ipsum
3288 524 3514 564 conver-

1941 597 2198 652 sationem
2215 598 2587 668 gloriﬁcamus.
2607 596 2731 652 Certi
2749 607 2984 650 enat-rant
2998 599 3210 668 gloriam
3224 599 3321 654 Dei
3339 599 3513 669 (ιἐηι.

1943 689 2030 743 18.
2061 688 2118 760 2)
2143 729 2158 754 ,
2205 689 2328 744 dum
2360 698 2618 758 apparent
2645 690 2816 744 solum
2842 706 2855 742 :
2881 696 2934 745 et
2960 704 3058 744 nos
3085 690 3244 760 igitur
3274 691 3364 746 Dei
3396 693 3506 761 glu-

1942 781 2073 834 riam
2096 796 2423 846 enarremus,
2449 798 2551 835 non
2573 781 2808 836 dicentes
2831 789 3055 848 tantum,
3073 781 3165 836 sed
3185 790 3238 835 et
3253 790 3511 849 tacentes,

1943 880 1994 924 et
2021 871 2140 924 vitae
2161 873 2400 926 claritate
2427 887 2614 928 omnes
2641 873 2692 926 in
2724 873 3130 927 admirationem
3154 871 3512 927 adducentes:

1944 961 2128 1015 Lucra:
2156 963 2320 1030 enim,
2351 964 2426 1016 ait
2451 1004 2466 1029 ,
2499 964 2590 1017 luas
2617 973 2776 1017 vestra
2803 980 2970 1016 coram
3011 963 3322 1028 hominibus,
3361 973 3416 1016 ut
3441 964 3517 1016 ri-

1943 1053 2092 1106 deant
2118 1071 2270 1122 opera
2296 1065 2456 1107 vcstra
2485 1055 2611 1108 bona
2631 1096 2645 1120 ,
2671 1065 2715 1107 et
2743 1055 3022 1122 glori/iacnt
3067 1054 3274 1108 Patrem
3298 1063 3517 1107 vestrum

1942 1141 2028 1212 qui
2054 1153 2127 1198 est
2154 1145 2204 1197 in
2232 1144 2367 1198 caelis
2399 1144 2606 1215 (Matt/1.
2650 1145 2701 1200 5.
2736 1145 2846 1210 16).
2887 1145 3019 1199 Cum
3046 1145 3186 1200 enim
3216 1144 3410 1198 viderit
3433 1144 3518 1197 in-

1944 1233 2115 1288 ﬁdelis
2143 1243 2193 1288 te
2239 1234 2443 1288 ﬁdelem
2472 1235 2822 1304 compositum
2847 1275 2861 1301 ,
2892 1234 3190 1290 modestum
3225 1277 3241 1301 ,
3270 1243 3518 1289 ornatum

1943 1340 2082 1391 esse,
2113 1325 2388 1380 mirabitur
2411 1336 2461 1382 et
2485 1327 2625 1381 dicet
2648 1345 2661 1380 :
2685 1326 2822 1382 Vere
2853 1342 3072 1398 magnus
3095 1325 3514 1381 Christianorum

1945 1415 2085 1470 Deus
2107 1435 2121 1471 :
2143 1416 2337 1486 quales
2363 1418 2635 1472 constituit
2680 1417 2923 1472 homines
2946 1457 2962 1481 ,
3003 1417 3186 1487 quales
3211 1431 3242 1471 e
3275 1415 3517 1486 qualibus

1944 1505 2350 1576 fecitiangelos
2388 1522 2454 1561 ex
2497 1507 2795 1563 hominibus
2845 1508 2987 1576 ipsos
3014 1506 3260 1562 reddidit.
3297 1505 3353 1561 Si
3397 1505 3516 1575 quis

1943 1596 2316 1650 contumeliam
2357 1597 2571 1661 fecerit,
2613 1612 2719 1651 non
2755 1595 3218 1651 conviciantur:si
3246 1595 3364 1666 quis
3394 1611 3516 1664 pcr-

1943 1687 2190 1754 cusserit,
2221 1702 2328 1741 non
2354 1703 2494 1758 aegre
2522 1690 2697 1743 ferunt
2722 1707 2736 1743 :
2758 1689 2802 1742 si
2829 1689 2946 1756 quis
2973 1687 3219 1756 injuriam
3245 1686 3512 1750 intulerit,

1944 1791 2042 1845 pro
2072 1777 2136 1831 iis
2160 1778 2251 1847 qui
2278 1791 2338 1833 se
2363 1777 2619 1846 lzeserint,
2650 1789 2807 1834 orant
2828 1796 2840 1832 :
2865 1778 3134 1832 inimicum
3166 1792 3269 1831 non
3298 1776 3511 1837 habent,

1945 1865 2076 1920 iram
2119 1881 2333 1924 servare
2369 1882 2474 1923 non
2521 1877 2744 1935 norunt,
2779 1868 2962 1938 nugari
3002 1867 3262 1934 nesciunt,
3305 1865 3515 1920 mentiri

1943 1972 2050 2012 non
2095 1958 2426 2025 didicerunt,
2477 1960 2718 2030 pejerare
2766 1975 2869 2014 non
2913 1958 3204 2023 sustinent,
3259 1957 3366 2011 imo
3415 1970 3512 2010 nec

1939 2047 2148 2116 jurare,
2188 2050 2280 2104 sed
2325 2050 2553 2121 linguam
2581 2050 2748 2105 excidi
2779 2049 3027 2114 mallent,
3071 2063 3227 2118 quam
3258 2046 3420 2101 ullum
3447 2060 3510 2099 ex

1943 2152 2038 2194 ore
2073 2139 2431 2208 juramentum
2472 2141 2736 2196 emittere.
2778 2140 2905 2196 Haec
2943 2139 3046 2193 illis
3089 2137 3417 2209 praebeamus
3449 2135 3517 2190 de

1944 2228 2098 2284 nobis
2117 2229 2359 2294 dicenda,
2391 2239 2446 2286 et
2474 2231 2766 2300 improbam
2792 2230 3212 2299 juramentorum
3238 2233 3518 2282 consuetu-

1945 2319 2123 2375 dinem
2150 2321 2477 2391 cxpellamus
2501 2339 2514 2375 :
2539 2330 2592 2376 et
2616 2321 2698 2376 vel
2727 2329 2926 2375 tantum
2967 2321 3075 2374 Deo
3101 2319 3397 2373 tribuamus
3421 2316 3520 2370 bo-

1945 2410 2090 2464 noris
2119 2450 2136 2474 ,
2189 2420 2440 2480 quantum
2488 2410 2818 2465 vestimentis
2861 2409 3057 2463 nostris
3091 2405 3515 2477 pretiosioribus.

1945 2499 2223 2566 Quomodo
2248 2501 2390 2555 enim
2421 2515 2526 2555 non
2557 2500 2842 2555 absurdum
2874 2509 2976 2564 est,
3004 2499 3373 2553 vestimentum
3404 2497 3519 2565 qui-

1946 2590 2066 2646 dem
2098 2591 2352 2646 habentes
2377 2591 2591 2660 reliquis
2616 2590 2836 2655 melius,
2883 2590 2998 2658 ipso
3041 2586 3346 2657 frequenter
3371 2586 3514 2641 abuti

1946 2696 2050 2736 non
2078 2683 2363 2747 sustinere,
2410 2681 2500 2735 Dei
2526 2695 2653 2734 vero
2681 2694 2870 2734 nomen
2901 2678 3094 2748 ubique
3122 2685 3321 2732 temere
3340 2718 3354 2742 ,
3382 2687 3436 2731 et
3464 2685 3519 2729 ut

1946 2773 2196 2839 occurrit,
2225 2771 2553 2826 distrahere?
2583 2771 2742 2840 Igitur
2769 2785 2956 2840 precor
2981 2778 3036 2822 et
3063 2767 3322 2838 supplico,
3351 2783 3418 2822 ne
3443 2766 3520 2821 sic

1946 2865 2166 2918 salutem
2195 2872 2600 2917 contemnamus
2630 2871 2862 2916 nostram
2886 2902 2901 2927 ,
2948 2859 3040 2912 sed
3080 2859 3309 2912 studium
3331 2899 3346 2924 ,
3376 2858 3513 2926 quod

1944 2952 2013 3006 ab
2048 2953 2196 3006 initio
2223 2953 2361 3006 circa
2392 2951 2694 3005 mandatum
2726 2950 2864 3004 istud
2895 2949 3272 3004 adhibebamus
3292 2987 3309 3014 ,
3349 2947 3514 3002 dedu-

1947 3057 2128 3096 camus
2172 3042 2239 3096 ad
2269 3044 2445 3096 linem.
2477 3043 2760 3111 Propterea
2800 3056 2897 3110 ego
2926 3041 3228 3095 continuam
3268 3038 3335 3092 de
3373 3037 3519 3108 jura-

1947 3135 2139 3188 mentis
2191 3133 2616 3187 exhortationem
2668 3132 2840 3198 facio,
2892 3147 2996 3185 non
3050 3129 3188 3200 quod
3249 3138 3514 3199 torporem

1945 3235 2177 3280 vestrum
2213 3225 2596 3287 condemnem,
2643 3223 2736 3278 sed
2777 3223 2916 3293 quod
2957 3223 3210 3291 majorem
3255 3231 3455 3290 partem
3486 3236 3516 3274 a

1946 3314 2097 3368 vobis
2124 3323 2416 3369 correctam
2448 3313 2656 3367 videam
2688 3324 2778 3367 :et
2807 3312 2994 3366 studeo
3026 3312 3324 3380 festinoque
3350 3319 3514 3364 totmn

1948 3403 2234 3472 perfectum
2261 3418 2408 3469 esse,
2438 3411 2491 3458 et
2514 3401 2672 3457 ﬁnem
2703 3403 2963 3471 accipere.
3005 3401 3092 3456 Sic
3117 3410 3170 3455 et
3195 3408 3516 3470 spectatores

1945 3495 2164 3560 faciunt,
2195 3495 2284 3565 qui
2309 3495 2503 3549 braviis
2529 3495 2797 3564 proximos
2823 3495 2990 3565 magis
3013 3495 3264 3549 excitant.
3294 3493 3401 3548 Nec
3421 3508 3515 3547 nos

1949 3585 2106 3652 igitur
2160 3584 2417 3639 lassemur
2446 3602 2458 3637 :
2488 3599 2670 3638 sumus
2713 3586 2853 3638 enim
2911 3599 3075 3652 prope
3125 3587 3288 3637 totius
3338 3598 3518 3638 corre-

1943 3675 2136 3730 ctionis
2181 3676 2368 3740 ﬁnem,
2418 3685 2470 3728 et
2516 3675 2654 3728 circa
2699 3673 3009 3742 principium
3055 3681 3169 3727 erat
3211 3671 3512 3725 difﬁcultas.

1944 3765 2166 3832 Quando
2193 3779 2320 3818 vero
2346 3764 2742 3818 consuetudinis
2784 3762 3069 3832 plurimum
3099 3776 3240 3815 nunc
3266 3769 3349 3816 est
3376 3760 3514 3814 reci-

1945 3869 2084 3922 sum,
2112 3864 2168 3908 et
2192 3854 2456 3908 modicum
2483 3860 2722 3922 superest
2745 3870 2758 3906 :
2781 3853 2888 3921 jam
2915 3867 3012 3906 nec
3036 3851 3144 3905 ullo
3172 3850 3356 3904 labore
3383 3864 3514 3919 opus

1944 3954 2058 4011 est,
2107 3945 2199 4001 sed
2245 3945 2450 4000 modica
2497 3945 2900 4008 observatione;
2952 3953 3006 3998 et
3049 3943 3192 3996 brevi
3243 3942 3512 4012 diligentia

1945 4052 2180 4106 egemus,
2212 4047 2270 4090 ut
2299 4036 2396 4106 ipsi
2422 4035 2644 4090 correcti
2671 4035 2788 4088 aliis
2813 4034 3061 4089 doctores
3092 4034 3287 4094 simus,
3319 4041 3514 4086 etcum

1946 4128 2136 4182 ﬁducia
2162 4143 2369 4182 sacrum
2401 4126 2593 4195 pascha
2625 4125 2918 4189 videamus,
2948 4133 3003 4178 et
3027 4139 3146 4178 cum
3171 4121 3334 4176 multa
3361 4121 3513 4176 volu-

1945 4230 2086 4290 ptate
2129 4219 2340 4288 duplam
2380 4227 2434 4272 et
2473 4218 2683 4287 triplam
2727 4225 3034 4270 consuetam
3077 4214 3345 4283 capiamus
3378 4213 3511 4266 laeti-

1947 4311 2091 4364 tiam.
2118 4310 2231 4364 Non
2256 4309 2397 4364 enim
2425 4317 2624 4361 tantum
2652 4321 2750 4360 nos
2769 4306 2954 4376 jejunii
2983 4305 3252 4360 laboribus
3277 4314 3330 4359 et
3350 4301 3514 4358 sudo-

1945 4403 2089 4456 ribus
2115 4401 2360 4455 liberatos
2382 4414 2499 4453 esse
2532 4399 2758 4453 delectat
2777 4436 2792 4458 ,
2821 4406 3073 4466 quantum
3102 4410 3220 4449 cum
3248 4394 3439 4448 merito
3463 4403 3516 4448 et

1945 4492 2218 4565 splendida
2265 4507 2462 4546 corona
2506 4505 2672 4545 sacra:
2719 4489 2792 4543 illi
2841 4487 3161 4542 solemnitali
3205 4498 3512 4549 occurrere,

1945 4600 2140 4640 corona
2163 4598 2448 4653 numquam
2475 4589 2856 4635 marcescente.
2883 4579 2951 4634 Ut
2971 4589 3146 4633 autem
3174 4577 3398 4632 celerior
3428 4573 3514 4629 ﬁat

246 4677 337 4721 tot
374 4668 760 4722 irrationalium
797 4685 990 4736 genera
1031 4671 1333 4725 animalium
1354 4712 1369 4737 ,
1398 4672 1692 4742 plantarum
1715 4714 1730 4738 ,
1758 4687 1842 4726 se-

243 4758 471 4810 minum
509 4766 561 4810 et
594 4757 876 4812 herbarum
911 4769 1149 4814 tenorem
1175 4777 1327 4815 sumn
1358 4770 1604 4827 servant,
1632 4771 1684 4817 et
1710 4763 1840 4816 nihil

242 4850 305 4900 in
347 4857 670 4916 pra-sentem
712 4849 851 4902 diem
898 4867 1066 4920 neque
1101 4852 1399 4918 intercidit,
1439 4868 1610 4924 neque
1636 4854 1842 4923 penitus

238 4947 639 5006 consumptum
683 4950 783 4995 est.

329 5027 391 5081 5.
439 5025 554 5080 Non
604 5027 718 5083 inec
765 5045 892 5085 vero
920 5040 1156 5097 tantum,
1198 5031 1291 5086 sed
1335 5041 1389 5086 et
1429 5033 1527 5086 alia
1573 5033 1736 5088 multo
1762 5035 1843 5090 bis

241 5119 418 5189 plura
447 5129 500 5170 et
530 5120 871 5187 profundiora
896 5121 1000 5174 dici
1027 5131 1291 5191 poterant,
1332 5132 1386 5177 et
1423 5123 1490 5176 de
1516 5123 1626 5192 ipsa
1655 5125 1840 5178 disseri

239 5219 544 5273 creatura;
571 5210 662 5264 sed
688 5211 738 5264 in
763 5212 1052 5266 crastinum
1098 5213 1184 5266 illa
1213 5213 1548 5279 differentes,
1592 5214 1728 5268 dicta
1759 5216 1841 5269 di-

239 5301 497 5361 ligenter
524 5298 753 5352 retinere
781 5308 835 5352 et
863 5301 917 5352 in
941 5300 1075 5353 alios
1094 5301 1284 5357 ell'erre
1309 5303 1629 5357 Studeamus.
1653 5304 1716 5356 Et
1735 5304 1842 5356 scio

236 5387 484 5457 quidem
533 5389 914 5443 sententiarum
957 5391 1363 5459 profunditatem
1403 5394 1616 5446 auribus
1657 5394 1842 5449 vestris

239 5480 574 5535 inusitatam
602 5496 719 5536 esse
741 5525 756 5548 ,
798 5483 891 5537 sed
917 5484 961 5539 si
994 5499 1276 5553 parumper
1314 5485 1620 5554 vigilemus,
1665 5493 1718 5540 et
1761 5485 1842 5540 bis

240 5590 362 5628 nos
411 5573 556 5641 ipsos
597 5575 1044 5641 assuefaciamus,
1090 5578 1248 5631 etiam
1295 5578 1411 5631 aliis
1453 5577 1648 5632 erimus
1692 5577 1842 5632 facile

240 5668 540 5722 doctores.
581 5666 792 5724 Interim
820 5668 1091 5724 veroillud
1107 5668 1348 5725 charitati
1377 5678 1564 5723 vestra:
1601 5684 1842 5724 necessa-

243 5762 415 5817 rium
433 5771 517 5816 est
535 5759 711 5820 dicere
730 5779 745 5816 :
767 5765 901 5821 sicut
924 5779 1021 5822 nos
1036 5763 1344 5838 gloriﬁcavit
1369 5765 1506 5820 Deus
1530 5778 1622 5834 per
1644 5774 1840 5819 tantam

1946 4674 2268 4741 emendatio,
2311 4675 2411 4726 hoc
2449 4671 2530 4725 fac
2569 4670 2709 4741 quod
2734 4671 2851 4723 dico
2874 4686 2886 4721 :
2911 4668 3083 4722 scribe
3109 4668 3159 4721 in
3190 4667 3389 4736 pariete
3416 4664 3516 4718 do-

1948 4779 2064 4819 mus
2095 4774 2196 4818 tua:
2215 4805 2230 4827 ,
2259 4774 2313 4817 et
2340 4764 2391 4816 in
2419 4760 2596 4816 cordis
2625 4761 2696 4815 tui
2726 4761 2925 4831 pariete
2950 4759 3139 4814 falcem
3166 4758 3306 4812 illam
3335 4755 3515 4808 volan-

1946 4866 2074 4918 tem,
2106 4863 2159 4908 et
2184 4855 2318 4908 hanc
2343 4853 2408 4908 ad
2433 4852 2852 4907 maledictionem
2880 4851 3060 4905 volare
3087 4857 3208 4919 puta
3238 4845 3416 4916 (Zach.
3451 4844 3506 4898 5.

1949 4944 2068 5014 1-5)
2091 4963 2102 4997 :
2127 4952 2182 4999 et
2208 4943 2417 4998 assidue
2453 4943 2618 5012 ipsam
2646 4943 2898 5011 recogita,
2933 4942 3045 4996 sive
3070 4939 3228 4994 alium
3248 4939 3512 5006 jurantem

1948 5035 2147 5099 videas,
2173 5034 2379 5096 cohibe,
2403 5043 2542 5098 veta,
2563 5041 2617 5086 et
2635 5046 2814 5086 curam
2843 5042 3048 5085 tuorum
3074 5043 3198 5097 gere
3217 5040 3510 5080 servorum.

1947 5126 2001 5179 Si
2023 5124 2164 5178 enim
2194 5124 2292 5178 hoc
2319 5123 2732 5188 consideremus,
2759 5121 3030 5192 quomodo
3051 5135 3153 5172 non
3182 5126 3384 5172 tantum
3415 5116 3513 5186 ipsi

1949 5223 2092 5268 recte
2137 5230 2233 5267 nos
2258 5229 2502 5283 geramus
2521 5254 2538 5278 ,
2581 5213 2674 5266 sed
2720 5221 2774 5265 et
2801 5212 2932 5264 alios
2958 5212 3009 5264 in
3039 5209 3138 5262 hoc
3167 5207 3473 5261 inducamus
3495 5247 3512 5272 ,

1948 5305 2189 5359 celeriter
2213 5305 2307 5372 ipsi
2333 5304 2396 5357 ad
2419 5304 2574 5357 ﬁnem
2602 5302 2892 5356 veniemus.
2914 5300 3060 5353 Alios
3077 5298 3218 5352 enim
3246 5298 3515 5366 corrigere

1948 5395 2310 5466 aggredientes
2331 5437 2344 5458 ,
2379 5394 2740 5448 erubescimus
2763 5400 2817 5445 et
2840 5389 3231 5454 confundimur,
3259 5404 3377 5459 qua:
3397 5389 3515 5444 abis

1949 5489 2278 5550 mandamus,
2304 5489 2417 5542 haec
2436 5486 2535 5556 ipsi
2557 5486 2878 5541 omittentes.
2901 5483 3007 5539 Nec
3028 5483 3263 5554 pluribus
3283 5491 3365 5538 est
3383 5496 3518 5551 opus

1949 5579 2319 5635 sermonibus:
2343 5577 2506 5632 multa
2549 5576 2691 5632 enim
2731 5576 2876 5645 prius
2903 5585 3026 5630 sunt
3061 5581 3471 5629 commemorata
3496 5610 3514 5635 ,

1950 5679 2004 5727 et
2031 5670 2143 5725 hzec
2167 5669 2483 5726 renovandae
2506 5669 2774 5723 memoria:
2801 5676 3000 5721 tantum
3027 5681 3182 5720 causa
3203 5665 3343 5720 dicta
3367 5669 3512 5719 sunt.

1953 5762 2093 5818 Deus
2119 5775 2245 5819 vero
2267 5759 2354 5832 qui
2382 5761 2548 5833 magis
2576 5774 2733 5830 quam
2761 5773 2856 5815 nos
2882 5757 3076 5815 nostris
3103 5757 3270 5826 parcit
3293 5751 3506 5816 animis,
