4070 6208
554 312 645 368 Hi
1265 313 1320 366 S.
1362 312 1636 367 JOANNlS
1673 312 1847 367 Clll’d
1863 311 2147 369 SOSTOMI
2186 317 2501 375 ARCHIEP.
2543 317 3071 386 CONSTANTINOP.

546 438 601 482 et
625 428 679 483 in
708 426 812 482 hoc
848 436 903 483 et
941 427 992 482 in
1028 426 1172 481 omni
1219 441 1316 481 nos
1351 428 1489 481 booo
1528 425 1791 495 perfectos
1837 426 2021 491 faciat,
2068 436 2126 482 ut

542 534 757 575 omnem
794 520 1013 589 justitite
1055 519 1284 574 fructum
1328 519 1635 589 assequuti,
1676 520 1929 573 caelorum
1963 534 2127 589 regno

543 612 685 682 digni
713 626 1031 667 censeamur
1050 651 1066 677 ,
1104 612 1270 679 gratia
1298 621 1352 665 et
1382 610 1704 679 benignitate
1730 611 1937 664 Domini
1959 612 2128 666 nostri

3672 352 3754 409 H2

2237 431 2361 487 Jesu
2402 433 2630 502 Christi,
2681 452 2776 505 per
2814 455 2972 509 quem
3002 452 3055 496 et
3082 457 3203 497 cum
3230 459 3336 517 quo
3363 446 3494 505 Patri
3516 455 3655 524 gloria
3688 469 3748 520 si.

2239 524 2456 594 mulque
2482 536 2667 582 sancto
2687 527 2928 599 Spiritui,
2959 532 3011 586 in
3039 533 3233 589 saecula
3257 539 3571 599 saeculorum.
3593 551 3752 611 Amen.

3089 754 3755 784 ———N*

537 834 689 878 ἰαὶιέ
734 835 954 879 ποιιυΜ
996 834 1105 887 QUI
1149 833 1299 876 POST
1341 833 1539 875 CIBUM
1582 834 1666 875 ΔΙ)
1724 832 2071 875 AUDIENDUl!

2174 828 2513 887 ΙΕΝΕΒΔΝΤ,
2580 833 2661 875 ΕΤ
2732 836 3079 885 ΝΑτυιιΔιιε
3146 845 3353 889 MUNDI
3415 850 3751 917 BNARRATM,

694 934 851 975 ITEM
894 933 1142 976 CONTRA
1186 931 1488 975 GENTILES
1520 931 1905 974 CREATURAM
1954 930 2033 972 UT
2074 928 2254 970 DEUM
2296 926 2634 988 COLENTES,
2681 934 2762 977 ET
2802 935 2884 978 DE
2932 939 3211 986 VITANDO
3238 945 3618 996 JURAMENTO.

1942 1054 2360 1111 (8406000ὶῶ

1173 1198 1388 1237 ﬂOIﬂLIA
1429 1198 1481 1235 Χ.

597 1278 649 1332 1.
688 1275 941 1343 Gaudeo,
979 1283 1033 1331 et
1080 1275 1318 1345 gratulor
1347 1274 1592 1329 omnibus
1622 1273 1774 1327 vobis
1798 1312 1814 1338 ,
1840 1271 1983 1342 quod
2016 1271 2109 1324 ad-

525 1366 869 1422 monitionem
905 1376 1140 1420 nostram
1170 1406 1185 1433 ,
1216 1381 1375 1436 quam
1405 1380 1499 1433 pro
1521 1380 1625 1418 non
1666 1363 2026 1434 jejunantibus
2053 1370 2109 1415 et

524 1467 801 1526 propterea
844 1456 1154 1512 absentibus
1181 1472 1351 1526 nuper
1375 1454 1511 1518 feci,
1542 1470 1600 1509 re
1637 1454 1977 1524 praestitistis.
2005 1453 2109 1506 Ar-

522 1546 690 1600 bitror
709 1546 848 1600 enim
880 1546 1074 1599 multos
1106 1546 1213 1613 jam
1238 1558 1460 1613 pransos
1486 1542 1645 1597 hodie
1676 1542 1863 1597 adesse
1898 1551 1949 1596 ct
1989 1541 2107 1609 pul-

518 1638 700 1693 chram
735 1638 872 1693 hanc
901 1639 1053 1694 nobis
1093 1639 1317 1708 implere
1338 1638 1648 1692 concionem
1674 1653 1686 1689 :
1716 1644 1771 1691 et
1807 1635 1908 1689 hoc
1931 1634 2102 1702 conji-

517 1730 602 1783 cio
646 1746 710 1784 co
735 1771 748 1793 ,
783 1729 923 1799 quod
972 1731 1203 1799 amplius
1245 1730 1396 1784 nobis
1438 1729 1698 1782 theatrum
1730 1727 1924 1781 factum
1954 1729 2021 1781 sit
2048 1735 2103 1780 ct

518 1824 685 1892 major
713 1827 1042 1883 audientium
1073 1836 1383 1882 conventus.
1406 1825 1521 1880 Non
1550 1825 1762 1887 frustra,
1787 1832 1842 1876 ut
1869 1822 2096 1887 videtur,

517 1917 712 1971 multos
755 1918 824 1973 de
871 1920 1000 1989 ipsis
1045 1934 1321 1974 sermones
1362 1933 1533 1986 nuper
1578 1915 1970 1985 impendimus,
2000 1929 2097 1968 ve-

514 2014 676 2059 stram
706 2007 1050 2063 exhortantes
1073 2009 1413 2072 charitatem,
1442 2008 1587 2077 ipsos
1628 2005 1695 2060 ad
1736 2014 1959 2059 matrem
1990 2015 2098 2057 tra-

514 2096 671 2163 here,
703 2100 845 2155 etiis
870 2102 1194 2171 persuadere
1233 2099 1373 2171 quod
1414 2100 1570 2155 liceat
1598 2107 1653 2153 et
1696 2107 1814 2166 post
1853 2099 2094 2168 corporis

510 2191 891 2247 nutrimentum
959 2193 1250 2263 spiritualis
1316 2207 1454 2247 escae
1514 2190 1917 2260 participatione
1984 2205 2089 2243 non

507 2279 757 2336 fraudari.
789 2284 1014 2353 Quando
1042 2301 1205 2351 vero,
1250 2298 1464 2354 quccso,
1494 2296 1592 2336 vos
1614 2323 1628 2345 ,
1653 2281 1865 2346 dilecti,
1899 2282 2090 2337 melius

504 2371 745 2428 fecistis?
778 2390 844 2429 an
877 2376 1144 2444 przcterita
1174 2375 1360 2447 synaxi
1387 2415 1402 2438 ,
1442 2371 1657 2442 quando
1693 2379 1816 2440 post
1850 2387 2087 2425 mensam

501 2465 567 2518 ad
594 2480 839 2520 somnum
871 2468 1344 2529 convcrtebamini,
1375 2480 1441 2517 an
1468 2477 1612 2517 nunc
1640 2477 1758 2515 eum
1790 2471 1909 2531 post
1936 2477 2086 2515 men-

500 2571 614 2610 sam
642 2557 707 2610 ad
734 2556 938 2613 divinas
966 2559 1112 2629 leges
1154 2556 1447 2612 audiendas
1474 2553 1838 2609 convenistis?
1872 2553 2084 2622 quando

501 2648 555 2702 in
598 2648 717 2703 foro
761 2650 1233 2704 commorabamini
1258 2690 1272 2711 ,
1306 2657 1362 2702 et
1401 2659 1749 2701 eonsessuum
1796 2644 1927 2698 nihil
1958 2643 2083 2698 boui

502 2740 806 2796 habentium
858 2744 1141 2813 participes
1192 2743 1354 2797 eratis
1378 2783 1392 2805 ,
1425 2754 1492 2794 an
1538 2752 1680 2791 nunc
1712 2737 1924 2806 quando
1958 2751 2079 2792 cum

498 2832 752 2886 fratribus
780 2835 974 2889 vestris
1000 2832 1151 2888 statis
1192 2844 1246 2889 et
1290 2834 1629 2903 pr0pltetieos
1667 2852 1943 2893 sermones
1986 2854 2081 2893 au-

492 2921 651 2976 ditis?
673 2921 787 2977 Non
813 2934 895 2978 est
924 2924 1211 2995 ignominia
1231 2924 1513 2982 comedere
1530 2969 1547 2994 ,
1576 2928 1784 2995 dilecti,
1816 2930 1909 2984 sed
1931 2944 2078 2985 sum-

494 3022 584 3081 pto
611 3013 733 3069 cibo
757 3015 899 3070 domi
922 3032 1198 3072 remanere
1223 3026 1278 3071 et
1311 3018 1409 3073 hac
1433 3034 1583 3074 sacra
1609 3020 1944 3077 solemnitate
1969 3023 2077 3092 pri-

493 3106 624 3159 vari.
654 3106 806 3160 Domi
824 3108 966 3161 enim
988 3123 1209 3162 manens
1244 3109 1466 3163 otiosior
1489 3111 1596 3164 eris
1614 3119 1667 3165 et
1695 3112 1942 3180 segnior:
1970 3112 2074 3168 huc

489 3206 665 3252 autem
694 3199 912 3254 veniens
935 3240 950 3265 ,
980 3215 1192 3253 omnem
1233 3213 1479 3254 somnum
1518 3210 1573 3256 et
1602 3210 1868 3272 torporem
1909 3219 2072 3259 excu-

488 3287 621 3353 ties,
660 3305 759 3345 nec
790 3300 1057 3359 torporem
1102 3306 1230 3345 vero
1274 3298 1515 3355 tantum,
1562 3292 1653 3348 sed
1700 3301 1755 3347 et
1805 3294 2068 3351 tristitiam

483 3395 697 3435 onmem
727 3382 1035 3450 deponens,
1067 3381 1275 3437 facilior
1303 3392 1358 3437 et
1398 3384 1570 3437 laetior
1610 3384 1662 3438 in
1689 3385 1934 3439 omnibus
1962 3388 2068 3442 eris

481 3471 714 3527 casibus.
744 3473 810 3525 Et
836 3473 960 3542 quid
999 3488 1131 3543 Opus
1169 3482 1251 3528 est
1293 3474 1444 3542 plura
1479 3473 1694 3528 dicere?
1720 3473 1812 3529 Sta
1863 3484 2065 3529 tantum

480 3578 647 3633 prope
694 3565 1061 3634 jejunantem,
1112 3576 1168 3621 et
1214 3566 1380 3636 ipsius
1431 3566 1608 3619 statim
1657 3565 1840 3620 odoris
1888 3566 2067 3621 suavi-

478 3664 639 3710 tatem
669 3656 890 3712 senties.
932 3655 1063 3711 Nam
1089 3657 1178 3727 qui
1201 3657 1407 3726 jejunat
1427 3698 1442 3721 ,
1490 3664 1814 3725 unguentum
1843 3664 1925 3711 est
1951 3657 2063 3726 spi-

476 3745 705 3809 rituale,
733 3756 788 3801 et
830 3763 926 3814 per
959 3748 1143 3802 oculos
1168 3757 1221 3801 et
1248 3763 1343 3817 per
1386 3748 1615 3817 linguam
1652 3758 1706 3803 et
1753 3763 1847 3817 per
1883 3750 2061 3805 omnia

476 3835 671 3891 bonam
719 3837 910 3891 anima:
946 3838 1350 3905 dispositioaem
1393 3838 1673 3892 exhibens.
1698 3839 1823 3893 llaec
1857 3855 1960 3893 non
2002 3850 2061 3895 ut

475 3943 702 3997 pransos
730 3943 978 3984 accusem
1012 3929 1119 3984 dixi
1143 3970 1158 3995 ,
1188 3928 1281 3984 sed
1308 3938 1365 3983 ut
1389 3928 1573 3999 jejunii
1601 3930 1805 3985 lucrum
1831 3931 2057 3988 demon-

475 4031 663 4078 strem.

544 4115 766 4170 Praua:
792 4114 992 4171 verbum
1018 4114 1114 4170 Dei
1154 4113 1332 4168 audire
1358 4130 1507 4183 quam
1526 4113 1784 4184 jejunare.
1810 4144 1882 4154 —
1903 4114 2054 4186 Jeju-

473 4209 621 4264 nium
656 4224 786 4264 vero
829 4225 934 4264 non
964 4210 1205 4265 ciborum
1234 4208 1613 4263 abstinentiam
1658 4218 1861 4262 tantum
1891 4209 2012 4263 dico
2032 4250 2049 4275 ,

468 4298 563 4353 sed
594 4307 647 4352 et
662 4307 995 4366 peccatorum
1025 4298 1198 4368 fugam
1222 4300 1388 4368 magis
1416 4313 1573 4367 quam
1596 4298 1773 4351 illam:
1803 4301 2051 4369 quoniam

467 4400 525 4447 et
552 4391 977 4457 convivatus,.et
1016 4391 1121 4445 huc
1158 4405 1278 4445 eum
1324 4389 1584 4444 modestia
1615 4388 1883 4459 profeetus
1924 4404 2053 4444 con-

466 4497 595 4553 grua
615 4523 631 4548 ,
660 4482 768 4537 'non
797 4483 966 4537 multo
988 4498 1018 4536 a
1042 4481 1315 4551 jejunante
1353 4480 1583 4535 vincitur
1612 4497 1626 4534 :
1656 4481 1792 4535 sicut
1817 4480 2047 4535 vicissim

462 4574 711 4646 jejunans
748 4590 848 4629 nec
874 4590 993 4629 cum
1038 4573 1217 4628 studio
1249 4583 1302 4628 et
1326 4572 1595 4643 diligentia
1627 4573 1691 4627 iis
1717 4587 1836 4641 qua:
1857 4571 2047 4626 dicun-

463 4676 554 4723 tur
584 4666 894 4732 attendens,
934 4664 1067 4721 nihil
1093 4682 1158 4722 ex
1188 4665 1289 4721 hoc
1304 4664 1511 4735 jejunio
1540 4680 1788 4735 magnum
1818 4663 2049 4719 lucrabi-

463 4769 567 4814 tur.
607 4758 907 4814 Comedens
951 4758 1094 4813 enim
1137 4767 1192 4813 et
1231 4757 1506 4812 eoneionis
1558 4765 1760 4811 sanctae
1810 4771 2046 4827 congruo

460 4851 639 4906 studio
668 4850 977 4922 participem
1006 4864 1066 4906 se
1096 4849 1315 4916 faciens,
1340 4848 1467 4903 nihil
1505 4848 1820 4903 comedente
1858 4856 1912 4903 et
1950 4849 2048 4901 ab-

458 4954 614 4999 sente
639 4942 808 4998 multo
837 4944 1025 4997 melior
1051 4950 1134 4997 est
1163 4959 1174 4993 :
1204 4956 1307 4995 neu
1337 4940 1477 4995 enim
1511 4947 1715 4994 tantum
1746 4953 1843 4993 nos
1872 4937 2045 4993 inedia

459 5038 713 5104 adjuvare
758 5036 985 5106 poterit,
1017 5042 1270 5104 quantum
1300 5032 1515 5103 prodest
1542 5041 1595 5087 et
1620 5031 1818 5086 bonum
1845 5030 2041 5096 affert,

459 5127 720 5195 spirituali
750 5126 1044 5195 disciplinae
1076 5126 1353 5179 interesse.
1384 5122 1612 5179 Ubinam
1659 5122 1775 5177 hate
1820 5121 2037 5187 audies,

458 5231 578 5284 qua:
606 5218 691 5270 hic
719 5217 1108 5287 philosopharis
1132 5218 1156 5271 ?
1184 5215 1238 5271 Si
1270 5215 1325 5269 in
1354 5214 1525 5269 forum
1572 5213 1733 5268 iveris
1755 5254 1771 5281 ,
1802 5214 1933 5267 rixae
1969 5212 2041 5268 ibi

458 5319 512 5361 et
542 5325 727 5378 pugna:
756 5327 770 5362 :
801 5310 845 5364 si
877 5312 927 5365 in
949 5311 1170 5371 curiam,
1199 5308 1429 5364 civilium
1459 5322 1636 5362 rerum
1674 5322 1798 5361 cum
1824 5323 1837 5358 :
1870 5305 1914 5359 si
1942 5304 2039 5359 do-

456 5416 603 5455 mum
626 5442 641 5467 ,
675 5402 991 5470 privatarum
1037 5401 1333 5457 sollicitudo
1380 5399 1612 5469 undique
1638 5397 1825 5467 affligit
1855 5415 1867 5450 :
1911 5396 1955 5450 si
1987 5396 2038 5449 in

455 5492 559 5549 fori
585 5492 949 5548 conventicula
979 5502 1031 5547 et
1054 5508 1335 5548 consessus
1357 5533 1372 5552 .
1406 5491 1584 5545 omnia
1615 5489 1721 5543 illic
1745 5496 1955 5542 terrena
1984 5496 2040 5541 et

454 5583 818 5655 eorruptibilia
847 5600 863 5639 :
894 5584 977 5638 vel
1008 5583 1147 5638 enim
1176 5582 1242 5637 de
1262 5583 1565 5643 venalibus,
1593 5579 1676 5633 vel
1701 5578 1767 5633 de
1794 5576 2002 5631 tributis
2022 5619 2036 5640 ,

457 5681 541 5734 vel
567 5680 635 5735 de
661 5681 798 5734 lauta
825 5693 1009 5733 mensa
1035 5719 1047 5741 ,
1079 5678 1161 5733 vel
1198 5677 1265 5730 de
1288 5692 1535 5746 agrorum
1576 5673 1881 5729 venditione
1901 5714 1916 5739 ,
1951 5671 2039 5727 vel

455 5773 525 5831 de
552 5774 669 5831 aliis
697 5772 1054 5830 contractibus
1073 5809 1088 5838 ,
1123 5770 1207 5824 vel
1237 5768 1304 5826 de
1331 5768 1657 5825 testamentis
1680 5807 1695 5837 ,
1752 5761 1838 5821 vel
1853 5760 1918 5818 de
1935 5760 2041 5818 lue-

2221 1175 2566 1248 reditalibus,
2596 1186 2677 1240 vel
2705 1186 2771 1241 de
2806 1188 2922 1245 aliis
2951 1192 3141 1249 talibus
3179 1212 3210 1251 a
3248 1201 3451 1254 cunctis
3487 1218 3548 1258 eo
3587 1220 3759 1265 conve-

2216 1266 2481 1328 nientibus
2516 1290 2790 1337 sermones
2825 1282 3107 1342 habentur.
3138 1290 3201 1343 Et
3229 1291 3271 1344 si
3302 1293 3354 1345 in
3385 1294 3542 1362 ipsam
3575 1304 3757 1356 veneris

2216 1362 2412 1430 regiam
2432 1404 2448 1429 ,
2474 1377 2525 1420 ct
2554 1369 2660 1424 illic
2689 1388 2898 1429 rursum
2928 1392 3116 1433 omnes
3139 1381 3460 1440 disserentes
3498 1392 3666 1447 audies
3702 1396 3758 1450 de

2214 1453 2472 1520 pecuniis,
2500 1456 2568 1511 de
2594 1462 2847 1529 potentia,
2876 1464 2944 1520 de
2970 1468 3136 1536 gloria
3156 1511 3170 1535 ,
3194 1487 3313 1541 qua:
3342 1475 3425 1529 hic
3460 1477 3723 1536 honoratur
3741 1525 3755 1546 ,

2211 1544 2483 1612 spirituale
2510 1565 2637 1605 vero
2662 1554 2789 1607 nihil
2821 1572 2835 1609 :
2870 1556 2957 1611 hic
2987 1574 3111 1614 vero
3140 1565 3465 1620 contrarium
3494 1578 3679 1636 totum,
3704 1544 3762 1630 de

2210 1635 2274 1690 iis
2299 1653 2417 1707 quae
2443 1640 2493 1694 in
2522 1643 2653 1697 colo
2675 1657 2798 1700 sunt
2825 1649 3000 1715 rebus,
3033 1652 3099 1705 de
3127 1654 3324 1723 anima,
3355 1657 3422 1711 de
3445 1659 3547 1713 vita
3581 1635 3759 1728 nostra,

2208 1738 2261 1783 et
2298 1746 2461 1799 quare
2488 1732 2608 1788 facti
2652 1754 2860 1804 sumus,
2896 1750 2948 1794 et
2974 1759 3136 1812 quare
3182 1746 3267 1801 hic
3298 1759 3502 1804 tantum
3534 1757 3767 1823 temporis

2204 1834 2614 1916 commorantur,
2635 1838 2686 1881 et
2706 1830 2771 1883 ad
2798 1848 2914 1899 qua:
2945 1833 3068 1889 hinc
3098 1837 3407 1907 tnigramus,
3439 1854 3493 1897 et
3515 1846 3634 1913 quid
3662 1856 3764 1916 post

2206 1908 2317 1964 haec
2346 1927 2444 1967 nos
2472 1918 2722 1985 suscipiet
2751 1960 2765 1984 ,
2798 1931 2852 1974 et
2878 1938 3035 1992 quam
3066 1926 3135 1980 ob
3158 1943 3377 1984 causam
3420 1935 3573 1989 nobis
3595 1908 3768 2006 corpus

2200 2011 2283 2055 est
2313 2003 2508 2059 luteum
2534 2049 2548 2071 ,
2578 2018 2631 2062 et
2659 2026 2775 2079 qua:
2804 2017 2987 2069 mortis
3020 2029 3204 2073 natura
3228 2061 3243 2085 ,
3288 2024 3420 2091 quid
3466 2028 3668 2082 tandem
3684 2003 3768 2085 est

2199 2107 2435 2161 prtesens
2458 2098 2561 2151 vita
2589 2109 2642 2153 et
2667 2117 2784 2169 qua:
2810 2103 2979 2158 futura
3013 2125 3027 2161 :
3066 2108 3196 2163 nihil
3224 2127 3447 2178 prorsus
3477 2125 3733 2172 terrenum
3755 2159 3770 2185 ,

2196 2186 2289 2238 sed
2317 2200 2504 2242 omnes
2527 2188 2595 2244 de
2622 2193 2982 2261 spiritualibus
3003 2213 3276 2257 sermones
3302 2206 3462 2260 nobis
3487 2208 3767 2276 habentur;

2195 2285 2248 2329 et
2295 2293 2481 2346 magna
2517 2283 2702 2338 salutis
2746 2296 2941 2342 nostra:
2983 2291 3169 2346 viatica
3204 2297 3523 2367 capientes,
3552 2301 3673 2357 hinc
3708 2302 3774 2357 ita

2194 2379 2311 2419 cum
2343 2368 2480 2423 bona
2510 2385 2605 2441 Spe
2634 2376 2994 2444 migrabimus.

2261 2458 2315 2512 2.
2351 2461 2608 2528 Quoniam
2635 2466 2792 2535 igitur
2820 2484 2925 2524 non
2959 2480 3157 2527 temere
3181 2477 3396 2532 semina
3421 2478 3669 2549 iecimus,
3688 2483 3772 2538 sed

2190 2548 2326 2601 sicut
2355 2565 2448 2605 vos
2488 2553 2796 2611 exhortatus
2819 2556 3044 2624 fueram,
3076 2578 3265 2619 omnes
3293 2569 3390 2636 qui
3418 2585 3488 2624 ex
3518 2548 3665 2626 vobis
3686 2572 3776 2627 de-

2188 2638 2421 2696 fecerant
2443 2684 2458 2703 ,
2490 2648 2665 2701 venati
2693 2651 2822 2705 estis
2851 2669 2865 2705 :
2896 2667 2993 2723 age
3020 2662 3075 2709 et
3114 2670 3212 2710 nos
3250 2658 3416 2715 vobis
3445 2665 3670 2733 gratiam
3694 2680 3780 2720 re-

2188 2733 2479 2801 pendamus
2507 2747 2562 2793 et
2589 2754 2755 2809 pauca
2796 2745 2949 2800 vobis
2996 2747 3142 2815 prius
3169 2748 3452 2807 dictorum
3485 2754 3539 2808 in
3583 2772 3779 2811 memo-

2183 2822 2316 2878 riam
2380 2839 2726 2896 revocantes,
2771 2831 2972 2902 reliqua
3012 2850 3221 2907 quoque
3284 2841 3607 2898 reddamus.
3659 2846 3779 2913 Qua:

2181 2914 2340 2984 igitur
2364 2919 2509 2987 prius
2540 2931 2664 2975 sunt
2691 2922 2830 2977 dicta
2851 2925 2874 2977 ?
2894 2925 3280 2991 Qumrebamus
3307 2936 3551 3004 qualiter
3576 2948 3629 2992 et
3656 2954 3783 3007 quo-

2180 3009 2341 3064 modo
2384 3022 2509 3067 ante
2550 3012 2942 3084 Scripturarum
2990 3020 3185 3075 donum
3237 3040 3338 3080 res
3386 3038 3606 3082 nostras
3650 3029 3783 3084 Deus

2177 3099 2439 3170 disposuit
2463 3121 2477 3158 :
2503 3114 2558 3159 et
2580 3105 2917 3173 dicebamus,
2956 3110 3097 3179 quod
3125 3128 3220 3179 per
3241 3126 3570 3172 creaturam
3599 3120 3790 3174 docue-

2175 3197 2245 3248 rit
2287 3210 2456 3265 genus
2489 3212 2729 3253 nosuum
2753 3241 2767 3265 ,
2800 3200 2989 3255 coelum
3030 3204 3340 3261 extendens
3370 3222 3429 3263 et
3461 3212 3518 3264 in
3561 3212 3785 3265 medium

2174 3303 2476 3357 proponens
2499 3331 2514 3356 ,
2549 3294 2838 3348 maximum
2882 3294 3071 3349 librum
3103 3296 3293 3352 idiotis
3324 3310 3385 3353 et
3416 3304 3790 3370 sapientibus,

2176 3379 2490 3446 pauperibus
2518 3391 2573 3436 et
2598 3382 2869 3450 divitibus,
2897 3384 3108 3456 Scythis
3132 3395 3187 3439 et
3211 3387 3514 3455 Barbaris,
3544 3401 3601 3445 et
3624 3394 3790 3446 omni-

2172 3466 2272 3522 bus
2295 3471 2615 3538 generaliter
2645 3482 2839 3528 terram
2872 3474 3241 3530 habitantibus
3275 3480 3481 3535 utilem
3510 3522 3526 3545 ,
3558 3482 3750 3536 librum
3776 3484 3793 3515 ⁸

2168 3561 2335 3616 multo
2399 3564 2655 3634 majorem
2703 3582 2885 3621 eorum
2937 3568 3026 3637 qui
3083 3566 3369 3624 docentur
3425 3573 3787 3627 multitudine.

2166 3650 2326 3705 Multa
2360 3654 2519 3708 etiam
2556 3655 2624 3709 de
2651 3668 2805 3711 nocte
2829 3666 2882 3711 et
2911 3658 3027 3721 die,
3055 3668 3109 3713 et
3134 3659 3346 3714 borum
3376 3663 3583 3718 ordine
3606 3706 3620 3728 ,
3651 3675 3707 3718 et
3732 3666 3797 3717 de

2164 3746 2532 3801 convenientia
2572 3747 2641 3801 ab
2666 3749 2794 3817 ipsis
2815 3764 2936 3803 cum
2966 3749 3244 3820 diligentia
3277 3763 3515 3807 servata
3543 3755 3795 3808 disserui-

2163 3849 2283 3889 mus
2306 3852 2320 3889 :
2350 3837 2513 3891 multa
2541 3847 2596 3892 et
2622 3839 2689 3893 de
2716 3849 3087 3909 tempestatum
3115 3845 3251 3899 anni
3278 3862 3560 3913 numero,
3586 3862 3799 3902 earum-

2162 3942 2264 3996 que
2308 3928 2628 3998 aequalitate.
2671 3930 2818 3985 Sicut
2867 3932 3011 3986 enim
3051 3924 3168 3987 dies
3228 3946 3415 3991 nocte
3463 3953 3539 3992 ne
3581 3936 3799 3992 dimidia

2161 4018 2373 4086 quidem
2407 4019 2536 4074 hora
2581 4019 2699 4088 plus
2742 4020 2903 4076 habet
2949 4038 3046 4091 per
3088 4032 3274 4080 totum
3323 4042 3553 4082 annum
3579 4070 3597 4095 ,
3625 4028 3707 4083 sic
3752 4034 3806 4080 ct

2161 4108 2244 4162 ha:
2286 4110 2424 4163 inter
2459 4125 2518 4177 se
2545 4125 2610 4165 ex
2649 4126 2804 4181 aequo
2840 4112 2960 4167 dies
2996 4128 3186 4169 omnes
3239 4115 3679 4172 distribuerunt
3707 4134 3724 4171 :
3752 4123 3804 4170 et

2157 4200 2298 4271 quod
2343 4202 2489 4270 prius
2535 4202 2814 4270 dicebam,
2868 4220 2975 4258 non
3029 4205 3372 4275 magnitudo
3422 4221 3707 4266 creatura:
3753 4219 3809 4263 et

2156 4290 2496 4359 pulchritudo
2548 4300 2749 4346 tantum
2801 4303 3096 4349 creatorem
3150 4295 3576 4365 demonstrat,
3609 4300 3709 4355 sed
3755 4309 3811 4354 et

2155 4384 2269 4453 ipse
2294 4384 2770 4454 coagmentationis
2795 4385 2985 4441 modus
3006 4425 3023 4451 ,
3055 4394 3110 4441 et
3152 4390 3327 4458 quod
3356 4408 3545 4463 super
3586 4401 3810 4448 natura-

2151 4477 2258 4533 lem
2304 4477 2738 4548 consequentiam
2795 4478 2864 4532 sit
2916 4478 3108 4532 modus
3159 4483 3533 4540 creationis.
3595 4485 3812 4539 Natura:

2152 4583 2344 4637 nempe
2368 4567 2744 4637 consequentia
2773 4576 2907 4631 erat,
2932 4582 3120 4637 aquam
3148 4582 3349 4641 super
3381 4582 3607 4629 terram
3639 4572 3809 4629 ferri:

2150 4676 2291 4715 nunc
2343 4675 2470 4715 vero
2513 4658 2838 4714 contrarium
2890 4658 3173 4727 videmus,
3236 4670 3478 4720 terram
3538 4667 3616 4720 ab
3665 4666 3815 4735 aquis

2149 4750 2298 4809 ferri.
2326 4751 2537 4806 Natura:
2574 4758 2690 4805 erat
2727 4752 3124 4820 consequentia,
3164 4752 3379 4824 ignem
3416 4757 3495 4813 ad
3526 4758 3815 4829 superiora

2148 4859 2362 4901 currere
2391 4860 2406 4897 :
2435 4857 2576 4898 nunc
2636 4856 2764 4896 vero
2818 4842 3140 4895 contrarium
3204 4845 3539 4915 videmus,
3594 4849 3819 4903 inferius

2148 4950 2343 4996 terram
2372 4955 2557 4995 versus
2581 4952 2869 4995 conversos
2898 4938 3028 4992 solis
3062 4937 3305 5005 radios,
3347 4953 3413 4999 et
3440 4961 3628 5017 aquas
3656 4957 3820 5013 super

2143 5035 2306 5090 corlos
2342 5047 2493 5098 esse,
2522 5041 2708 5087 etnon
2735 5030 2976 5085 consumi
3005 5047 3019 5094 ;
3065 5030 3265 5087 solem
3328 5040 3550 5093 sumus
3593 5054 3822 5093 ειη-τε..-

2148 5134 2253 5178 tem
2289 5139 2394 5178 non
2434 5121 2698 5191 exstingui
2727 5121 2796 5176 ab
2839 5122 3010 5189 aquis,
3042 5135 3150 5173 nec
3202 5122 3643 5183 humiditatem
3676 5129 3819 5182 illam

2144 5217 2446 5269 absumere.
2478 5213 2556 5269 Ad
2608 5212 2721 5267 haec
2767 5212 3038 5277 diximus,
3070 5226 3146 5266 ex
3196 5227 3475 5286 quatuor
3527 5222 3821 5276 elementis

2146 5308 2245 5361 hoc
2272 5316 2436 5361 totum
2466 5306 2759 5360 consistere
2798 5305 2934 5358 inter
2972 5319 3030 5357 se
3055 5312 3397 5365 contrariis
3430 5327 3493 5367 et
3524 5314 3820 5387 pugnanti-

2144 5402 2240 5455 bus
2263 5441 2279 5465 ,
2306 5410 2360 5456 et
2399 5401 2622 5453 alterum
2651 5398 2874 5451 alterum
2907 5412 3010 5450 non
3041 5409 3423 5461 consumere
3445 5448 3463 5472 ,
3502 5408 3640 5462 licet.
3685 5410 3824 5459 alle-

2144 5509 2259 5546 rum
2290 5494 2355 5545 ab
2381 5492 2549 5545 altero
2579 5498 2762 5543 natura
2793 5503 2890 5542 sua
2914 5488 3171 5542 consumi
3207 5491 3464 5550 debeat,
3503 5497 3672 5553 unde
3706 5512 3822 5549 nm-

2143 5581 2412 5648 nifestum,
2443 5580 2583 5651 quod
2614 5582 2779 5634 virtus
2805 5578 3046 5649 quaedam
3088 5576 3437 5642 invisibilis
3488 5591 3619 5646 lucc
3668 5591 3825 5645 coln-

2205 5772 2219 5802 ι
2250 5776 2441 5827 vocem,
2465 5763 2659 5825 librum,
2683 5762 2761 5813 hic
2778 5762 3178 5826 interposuimus
3201 5765 3475 5822 Savilium
3502 5776 3696 5824 sentit.
