4070 6208
404 287 506 345 H3

402 401 644 470 καίτοιγε
699 401 945 472 ἀλλήλων
997 401 1125 453 ὄντα
1174 399 1502 454 ἀναλωτικά.
1563 399 1722 453 Ὅθεν
1767 400 1942 472 δῆλον,
1988 402 2068 454 ὅτι

399 489 626 560 δύναμίς
653 507 736 552 τις
767 489 996 559 ἀόρατος
1025 487 1162 540 αὐτά
1196 487 1424 558 χαλινοῖ,
1453 489 1548 550 καὶ
1577 488 1772 559 δεσμὸς
1795 487 2004 555 γίνεται
2034 492 2067 560 ἡ

398 576 494 630 τ<ύ
534 576 668 631 Θεοῦ
702 576 972 648 βούλησις.
1018 575 1204 645 Τούτῳ
1251 576 1413 629 πλέον
1456 577 1796 648 ἑνδιατρίψαι
1825 578 2066 648 σήμερον

403 665 666 737 βούλομαι
701 665 780 735 τῷ
809 665 981 736 λόγῳ’
1036 663 1174 718 ἀλλά
1219 665 1575 736 διανάστητε,
1626 666 1722 718 καὶ
1770 663 2066 734 προσέχετε

404 753 522 822 μετ’
555 753 838 816 ἀκριϐείας
874 755 1027 823 ἡμῖν.
1070 753 1232 804 Ὥστε
1260 751 1315 804 δὲ
1361 752 1692 823 σαφέστερον
1724 751 1974 820 γενέσθαι
2005 751 2067 804 τὸ

401 839 605 911 θαῦμα,
636 836 744 894 ἀπὸ
771 840 866 893 τοῦ
897 839 1148 910 σώματος
1171 838 1268 892 τοῦ
1303 839 1571 910 ἡμετέρου
1604 839 1702 910 τὴν
1723 838 2066 892 διδασκαλίαν

399 928 497 999 τὴν
530 930 658 996 περὶ
690 927 894 980 τούτων
921 928 1236 998 ποιήσομαι.
1266 927 1376 979 Καὶ
1407 926 1517 998 γάρ
1542 927 1602 979 τὸ
1635 926 1794 996 σῶμα
1831 926 1893 980 τὸ
1923 927 2065 996 ήμέ-

398 1031 552 1087 τερον
593 1015 655 1068 τὸ
697 1015 868 1086 βραχὺ
922 1014 1079 1068 τοῦτο
1111 1016 1204 1068 καὶ
1249 1015 1440 1084 μικρὸν
1499 1016 1562 1067 ἐκ
1612 1015 1885 1086 τεττάρων
1938 1032 2064 1067 συν-

401 1104 598 1173 έστηκε
630 1115 656 1143 ιι
684 1103 991 1172 στοιχείων,
1025 1101 1227 1173 θερμοῦ
1270 1103 1366 1173 μὲν
1403 1101 1497 1154 τοῦ
1527 1102 1776 1172 αἵματος,
1810 1100 1975 1174 ξηροῦ
2002 1102 2058 1154 δὲ

396 1193 495 1260 τῆς
521 1189 681 1261 χολῆς
708 1191 808 1259 τῆς
831 1189 1049 1258 ξανθῆς
1069 1190 1163 1242 καὶ
1191 1187 1358 1259 ὑγροῦ
1381 1189 1476 1259 μὲν
1504 1189 1598 1241 τοῦ
1621 1189 1946 1258 φλέγματος,
1963 1187 2064 1257 ψυο

397 1277 528 1348 χροῦ
555 1277 611 1330 δὲ
643 1277 743 1347 τῆς
774 1277 1032 1348 μελαίνης
1051 1276 1234 1346 χολῆς.
1263 1277 1373 1329 Καὶ
1396 1278 1468 1347 μή
1494 1295 1577 1340 τις
1603 1276 1878 1348 ἀλλότριον
1906 1276 2064 1346 ἡμῶν

395 1361 534 1418 εἶναι
562 1362 832 1434 νομιζέτω
853 1362 1040 1416 τοῦτον
1073 1363 1164 1416 τὸν
1186 1363 1342 1430 λόγον
1364 1379 1377 1392 ⁸
1416 1363 1478 1416 '0
1509 1363 1619 1434 γάρ
1664 1363 2064 1437 πνευμᾳτικὸς

394 1451 699 1520 ἀνακρίνει
724 1449 842 1519 μὲν
869 1450 940 1503 τὰ
965 1449 1182 1510 πάντα,
1213 1450 1396 1516 αὐτὸς
1420 1448 1487 1503 δὲ
1514 1451 1614 1504 ὑπ’
1643 1451 1892 1517 οὐδενὸς
1918 1451 2062 1505 ἀνα-

394 1539 677 1605 κρίνεται.
719 1536 876 1590 Οὐτω
905 1539 1000 1590 καὶ
1035 1537 1247 1600 Παῦλος
1287 1537 1606 1607 γεωργικῶν
1645 1538 1820 1608 ἥψατο
1853 1538 2060 1610 θεωρη-

396 1625 601 1696 μάτων,
622 1626 750 1696 περὶ
775 1625 1123 1688 ἀναστάσεως
1151 1626 1280 1696 ἡμῖν
1301 1624 1705 1695 διαλεγόμενος,
1735 1625 1829 1678 καί
1857 1644 2023 1698 φησιν
2045 1643 2058 1656 ·

397 1715 635 1782 Ἀφρον,
681 1714 763 1767 σὺ
808 1713 839 1766 δ
885 1713 1154 1779 σπείρεις
1213 1715 1285 1766 οὐ
1322 1713 1679 1774 ζωοποιεῖται
1724 1714 1773 1778 ι),
1817 1714 1925 1768 ἐὰν
1973 1713 2060 1783 μὴ

393 1799 686 1869 ἀποθάνῃ.
718 1802 780 1854 Εἰ
805 1801 860 1853 δὲ
883 1803 912 1853 6
955 1800 1222 1872 μακάριος
1248 1801 1456 1866 ἐκεῖνος
1490 1803 1618 1865 τοὺς
1657 1801 1758 1872 τῆς
1786 1803 2062 1872 γεωργίας

391 1890 559 1942 ἐκίνει
589 1888 801 1957 λόγους,
845 1887 964 1941 οὐδὲ
996 1890 1127 1959 ἡμῖν
1173 1888 1438 1960 μέμφοιτό
1477 1907 1560 1952 τις
1604 1889 1862 1959 ἰατρικῶν
1892 1889 2060 1942 ἀπτο-

394 1975 578 2047 μένοις
609 1975 893 2046 νοημάτων
915 1993 929 2006 ·
962 1976 1092 2046 περὶ
1131 1975 1240 2044 γάρ
1266 1976 1629 2048 δημιουργίας
1654 1975 1788 2028 Θεοῦ
1817 1975 1907 2029 νῦν
1932 1978 2061 2047 ἡμῖν

390 2066 418 2116 6
441 2063 629 2132 λόγος’
661 2062 756 2116 καὶ
783 2063 1058 2131 ἀναγκαία
1079 2063 1274 2132 γένοιτ’
1300 2064 1366 2117 ἂν
1401 2064 1530 2134 ἡμῖν
1559 2062 1698 2134 αῦτη
1721 2063 1828 2116 τῶν
1854 2065 2060 2134 νοημά-

387 2167 496 2204 των
526 2152 560 2221 ἡ
595 2149 872 2213 ὑπόθεσις.
901 2150 1080 2220 Ὅπερ
1126 2145 1218 2203 οῦν
1257 2149 1428 2220 ἔφθην
1463 2149 1655 2213 εἰπὼν,
1689 2152 1752 2204 ἐκ
1787 2150 2060 2222 τεττάρων

389 2239 522 2309 ἡμῖν
556 2239 836 2308 στοιχείων
862 2236 1019 2289 τοῦτο
1042 2237 1103 2290 τὸ
1132 2237 1292 2307 σῶμα
1316 2237 1631 2308 συνέστηκε,
1664 2238 1767 2292 κᾶν
1791 2239 1852 2292 τὸ
1874 2239 2060 2309 ἕτερον

389 2324 659 2397 στασιάσῃ
694 2323 856 2395 μέχρι
883 2323 1105 2387 παντὸς,
1147 2323 1377 2388 Θάνατος
1420 2325 1534 2379 ἀπὸ
1558 2325 1656 2396 τῆς
1704 2326 1945 2390 στάσεως
1969 2327 2056 2395 γί-

386 2428 536 2466 νεται
566 2411 768 2479 ταύτης
786 2426 801 2441 ·
823 2409 974 2482 [108]
1004 2405 1114 2463 οἷον
1135 2411 1234 2482 τῆς
1257 2411 1418 2482 χολῆς
1440 2410 1860 2482 πλεοναζούσης,
1882 2411 2060 2466 τίκτε-

384 2513 476 2550 ται
507 2497 760 2568 πυρετὸς,
779 2494 884 2550 κᾶν
905 2497 1250 2569 ἐπικρατήσῃ
1271 2497 1414 2570 πέρα
1433 2498 1527 2552 τοῦ
1554 2498 1775 2570 μέτρου,
1797 2500 2058 2570 ταχίστην

389 2583 587 2651 ἐπάγει
619 2583 725 2654 τὴν
756 2583 1044 2654 τελευτήνι
1076 2585 1237 2638 πάλιν
1270 2585 1364 2638 τοῦ
1395 2583 1603 2656 ψυχροῦ
1649 2585 2053 2652 πλεονάζοντος,

387 2672 649 2743 παρέσεις
676 2670 771 2723 καὶ
792 2670 984 2741 τρόμοι
1013 2673 1106 2724 καὶ
1132 2672 1460 2743 ἀποπληξίαι
1487 2676 1580 2725 καὶ
1599 2672 1766 2742 μυρία
1785 2673 1948 2743 ἕτερα
1972 2692 2056 2726 νου

387 2759 607 2829 σήματα
632 2757 903 2810 τίκτεται·
943 2762 1037 2810 καὶ
1066 2758 1202 2821 ὅλως
1228 2760 1433 2830 ἑκάστη
1457 2759 1776 2830 νοσημάτων
1804 2760 1914 2814 ἰδέα
1945 2761 2055 2815 ἀπὸ

386 2846 484 2913 τῆς
522 2844 834 2910 πλεονεξίας
861 2844 970 2897 τῶν
1013 2846 1292 2916 στοιχείων
1325 2847 1532 2916 γίνεται
1569 2835 1792 2908 τούτων,
1835 2849 1963 2901 ὅταν
1995 2849 2055 2901 τὸ

389 2937 578 3002 ἕτερον
601 2931 726 2993 τοὺς
775 2931 1007 2996 οἰκείους
1039 2933 1285 3004 ύπερϐἀν
1326 2935 1484 3006 ὅρους
1527 2934 1668 2988 κατά
1717 2935 1823 2988 τῶν
1853 2935 2052 2988 λοιπῶν

387 3021 645 3090 τυραννῇ,
681 3019 773 3071 καὶ⁹
802 3019 896 3090 τὴν
922 3022 1262 3093 συμμετρίαν
1293 3021 1596 3093 λυμήνηται
1625 3023 1800 3075 πᾶσαν
1829 3035 1873 3076 ε.

449 3101 662 3178 Ἐρώτη
671 3123 758 3159 σον
774 3107 949 3159 τοίνυν
968 3108 1057 3161 τὸν
1078 3108 1303 3177 λέγοντα
1319 3110 1598 3180 αὐτόματα
1617 3106 1834 3163 εἶναιτὰ
1855 3111 2049 3169 πάντα,

383 3193 478 3246 καὶ
508 3194 600 3264 ἀφ’
634 3194 842 3248 ἑαυτῶν
889 3197 1226 3252 συνεστάναι.
1291 3199 1354 3250 Εἰ
1402 3198 1459 3250 τὸ
1499 3198 1668 3270 βραχὺ
1705 3199 1861 3251 τοῦτο
1895 3199 2051 3268 σῶμα

381 3281 476 3333 καὶ
513 3281 728 3352 μικρὸν,
761 3281 856 3335 καὶ
885 3283 1190 3353 φαρμάκων
1223 3284 1492 3337 ἀπολαῦον
1521 3287 1614 3338 καὶ
1646 3285 1894 3356 ἰατρικῆς
1928 3287 2050 3336 ἐπι-

383 3368 617 3439 στήμης,
649 3367 746 3422 καὶ
769 3369 866 3440 τῆς
891 3369 1195 3444 διοικούσης
1217 3373 1348 3426 αὐτὸ
1375 3373 1553 3443 ψυχῆς
1583 3373 1748 3437 ἔνδον,
1779 3373 1871 3426 καὶ
1906 3372 2053 3441 φιλο-

383 3455 574 3525 σοφίας
615 3456 837 3526 πολλῆς,
888 3460 982 3512 καὶ
1029 3460 1236 3530 μυρίων
1292 3461 1495 3532 ἐτέρων
1535 3461 1916 3532 βοηθημάτων,
1951 3462 2052 3515 οὐκ

384 3540 556 3610 ἰσχύει
583 3541 872 3606 διαπαντὸς
901 3546 958 3596 ὲν
999 3546 1218 3617 εὐταξίᾳ
1250 3546 1449 3616 μένειν,
1485 3548 1599 3600 ἀλλ’
1623 3548 1918 3601 ἀπόλλυται
1955 3551 2051 3602 καὶ

379 3627 749 3700 διαφθείρεται
797 3630 1081 3697 πολλάκις,
1117 3633 1174 3684 ἐν
1208 3633 1357 3704 αὐτῷ
1413 3636 1658 3706 ταραχῆς
1719 3636 2047 3706 γενομένηςο

379 3713 499 3776 πῶς
532 3715 598 3769 ἂν
635 3716 663 3767 ὁ
707 3717 961 3780 τοσοῦτος
997 3718 1202 3789 κόσμος
1231 3721 1520 3785 τοσούτους
1557 3723 1755 3790 δγκους
1783 3724 2051 3793 σωμάτων

381 3801 540 3871 ἔχων,
575 3803 671 3856 καὶ
703 3805 767 3856 ὲκ
794 3803 902 3857 τῶν
947 3805 1126 3858 αὐτῶν
1159 3808 1515 3879 συγκείμενος
1550 3810 1851 3881 στοιχείων,
1887 3813 1936 3864 εἰ
1974 3811 2048 3881 μὴ

379 3889 585 3958 πολλῆς
611 3890 898 3960 ἀπήλαυσε
924 3894 1196 3961 προνοίας,
1217 3894 1430 3964 ἔμεινεν
1451 3895 1516 3948 ἂν
1540 3898 1634 3950 ἐπὶ
1654 3897 1906 3951 τοσοῦτον
1923 3898 2049 3968 χρό-

380 3993 471 4029 νον
495 3977 798 4046 ἀτάραχος;
832 3979 966 4031 Οὐδέ
987 3980 1092 4050 γάρ
1123 3981 1188 4033 ἂν
1219 3981 1330 4050 ἔχοι
1364 3982 1539 4051 λόγον,
1573 3985 1634 4037 τὸ
1665 3986 1762 4055 μὲν
1794 3985 2049 4056 προνοίας

381 4063 650 4116 ἀπολαῦον
678 4064 836 4134 ἡμῶν
881 4065 1038 4136 σῶμα
1079 4069 1174 4119 καὶ
1210 4068 1311 4137 τῆς
1343 4068 1539 4135 ἔξωθεν
1569 4073 1662 4126 καὶ
1689 4076 1785 4144 τῆς
1813 4073 2043 4138 ἔνδοθεν,

384 4151 534 4221 μόλις
569 4151 810 4224 διαρκεῖν
835 4154 969 4225 πρὸς
995 4155 1093 4225 τὴν
1117 4156 1312 4210 ἑαυτοῦ
1342 4157 1600 4212 σύστασιν
1622 4177 1634 4190 ·
1659 4161 1750 4214 τὸν
1781 4162 1837 4214 δὲ
1858 4161 2041 4215 τοσοῦο

378 4255 470 4291 τον
493 4239 716 4309 κόσμον,
743 4241 1014 4310 μηδεμιᾶς
1035 4242 1375 4296 ἀπολαύοντα
1395 4246 1668 4315 προνοίας,
1693 4249 1784 4300 ἐπὶ
1810 4251 2045 4304 τοσαῦτα

381 4325 475 4396 ἔτη
511 4327 676 4396 μηδὲν
709 4328 946 4380 τοιοῦτον
980 4329 1190 4394 παθεῖν,
1237 4327 1346 4387 οἷον
1378 4334 1437 4386 τὸ
1470 4335 1629 4405 σῶμα
1660 4336 1721 4388 τὸ
1758 4336 2041 4410 ἡμέτερον.

380 4410 508 4474 Πῶς
525 4412 636 4483 γάρ
654 4413 774 4465 οὐδὲ
797 4413 854 4464 ἓν
869 4413 976 4466 τῶν
1001 4418 1280 4487 στοιχείων
1303 4419 1526 4484 τούτων,
1549 4421 1670 4474 εἰπέ
1697 4440 1807 4492 μοι,
1826 4426 1950 4487 τοὺς
1971 4427 2046 4478 οἰ-

380 4499 562 4561 κείους
577 4501 677 4552 ύπε
687 4499 846 4570 ρέϐηά
861 4501 1139 4572 ὄρους,καί
1150 4503 1218 4556 τά
1232 4504 1392 4559 λοιπά
1409 4508 1788 4577 κατηνάλωσεν
1805 4510 2042 4579 ἀπαντα;

378 4585 464 4650 τίς
493 4586 550 4640 δὲ
577 4587 717 4640 αὐτά
748 4589 1051 4659 συνήγαγεν
1077 4591 1169 4644 ἀπ’
1196 4592 1400 4663 ἀρχῆς;
1434 4594 1520 4657 τίς
1549 4595 1724 4666 ἔδησε,
1753 4597 1837 4660 τίς
1861 4599 2044 4667 ἐχαλί-

380 4691 540 4738 νωσε,
583 4675 666 4738 τίς
696 4675 794 4729 ἐπὶ⁹
839 4675 1092 4731 τοσοῦτον
1128 4679 1409 4751 διακρατεῖ
1446 4683 1670 4754 χρόνον;
1716 4686 1822 4737 Καὶ
1857 4687 1964 4756 γάρ
1997 4690 2044 4740 εἰ

383 4762 483 4832 μὲν
515 4762 720 4816 ἁπλοῦν
751 4765 844 4816 καὶ
870 4769 1146 4846 ,μονοειδὲς
1188 4763 1256 4839 ἦν
1283 4768 1377 4820 τοῦ
1413 4771 1617 4840 κόσμου
1645 4771 1705 4824 τὸ
1734 4773 1912 4842 σῶμα,
1949 4776 2045 4846 οὐχ

380 4849 555 4912 οὕτως
581 4849 842 4903 ἀδύνατον
859 4845 928 4920 ἦν
957 4852 1018 4904 τὸ
1041 4853 1327 4924 λεγόμενον
1344 4872 1357 4885 ·
1392 4856 1519 4908 ὅταν
1543 4857 1598 4910 δὲ
1631 4859 1776 4932 μάχη
1811 4845 2045 4933 τοσαύτη

380 4935 488 4988 τῶν
521 4936 801 5005 στοιχείων
835 4936 896 5001 ἐξ
932 4938 1105 5010 ἀρχῆς
1139 4935 1196 5013 ᾖ,
1237 4939 1319 5004 τίς
1349 4941 1522 5005 οὕτως
1566 4943 1790 5015 ἀνόητος
1838 4947 1914 5012 ὠς
1962 4950 2048 5001 ἐν-

382 5023 590 5092 νοῆσαι,
611 5023 695 5076 ὅτι
723 5023 894 5096 χωρὶς
927 5023 1022 5077 τοῦ
1058 5027 1380 5094 συνάγοντος
1425 5029 1651 5100 συνῆλθε
1688 5032 1862 5086 ταῦτα
1887 5036 2048 5089 αὐτό-

386 5125 550 5177 ματα,
573 5111 664 5163 καὶ
693 5111 1016 5166 συνελθόντα
1050 5113 1291 5184 ἔμεινεν;
1318 5117 1379 5168 Εἰ
1401 5116 1508 5186 γὰρ
1534 5119 1695 5187 ἡμεῖς
1721 5119 1839 5190 οὐχί
1863 5121 2046 5190 φύσει,

382 5194 520 5247 ἀλλά
561 5198 880 5268 προαιρέσει
916 5199 1054 5270 πρὸς
1092 5199 1352 5272 ἀλλήλους
1390 5201 1676 5273 ἐχθρωδῶς
1705 5204 1917 5275 ἔχοντες
1948 5209 2047 5262 οὐκ

386 5278 452 5332 ἂν
479 5281 773 5351 αὐτόματοι
803 5286 1172 5358 συμϐαίημεν,
1212 5289 1316 5353 ἕως
1362 5289 1426 5342 ἂν
1456 5289 1640 5362 ἐχθροὶ
1672 5293 1921 5366 μένωμεν
1954 5299 2048 5351 καὶ

383 5365 520 5435 πρὸς
543 5365 804 5436 ἀλλήλους
833 5371 1082 5442 έχωμενο
1109 5373 1308 5446 ἀηδῶς,
1343 5375 1456 5428 ἀλλ’
1487 5377 1672 5448 ἐτέρου
1702 5365 1932 5451 δεόμεθα
1952 5383 2046 5437 τοῦ

386 5452 710 5519 συνάγοντος
728 5455 894 5524 ἡμᾶς,
916 5461 1010 5511 καὶ
1037 5461 1174 5528 μετά
1187 5461 1249 5514 τὸ
1271 5466 1595 5532 συναγαγεῖν
1611 5467 2045 5536 ἐπισφίγγοντος,

383 5539 478 5592 καὶ
505 5537 784 5627 πείθοντος
819 5542 1000 5611 μένειν
1033 5546 1124 5599 ἐπὶ
1160 5549 1259 5620 τῆς
1300 5551 1665 5622 καταλλαγῆς,
1708 5553 1800 5607 καὶ
1837 5557 1910 5627 μὴ
1941 5559 2046 5611 πά-

444 5627 472 5697 ξ
497 5625 646 5697 ﬂavi]:
676 5633 729 5697 ει
754 5629 951 5697 ηυὶόιιω
981 5644 1094 5680 mss.
1121 5635 1381 5697 σύγκειται.

441 5685 472 5760 ξ
493 5687 652 5760 ἓωξῌ.
676 5695 729 5760 εἰ.
745 5685 929 5760 σίζειυοί
951 5705 1064 5740 mss.
1089 5695 1143 5760 οὐ
1166 5685 1478 5760 ζωογονεῖται.
1504 5699 1620 5749 Mor.
1649 5703 1704 5750 ού
1731 5705 2044 5757 ζωοποιεῖται.

445 5753 472 5816 εξ
493 5749 642 5816 S_avi_l_.
667 5755 720 5797 et
745 5749 932 5816 {lirium
952 5767 1064 5802 mss.
1094 5749 1369 5816 λυμαίνηται
1392 5761 1595 5810 ἅπασαν.

445 5811 474 5877 ἀ
500 5811 652 5877 §av_i_l.
675 5816 728 5877 οὶ
746 5810 909 5863 iidém.
937 5829 1050 5865 mss.
1078 5810 1274 5877 παρέϐη.

448 5875 472 5903 ⁸
497 5871 645 5920 Savil.
675 5872 880 5938 ἔχοιμεν.

1177 286 1232 341 S.
1275 284 1560 341 JOANNIS
1593 283 2097 343 CHRYSOSTOMI
2124 285 2446 343 ARCHIEP.
2482 285 3039 345 CONSTANTINOP.

3746 292 3836 348 ll-l

2178 401 2255 454 λιν
2299 401 2585 472 ἀποπηδᾷν
2603 419 2616 432 ·
2671 402 2789 466 πῶς
2841 402 2906 456 ἂν
2947 402 3015 455 τά
3043 401 3178 472 μήτε
3207 402 3470 472 λογισμοῦ
3497 403 3635 473 μήτε
3663 402 3846 473 αἰσθή-

2179 488 2314 551 σεώς
2348 507 2491 553 τινος
2535 491 2831 561 μετέχοντα
2870 495 3128 560 στοιχεῖα,
3171 490 3265 544 καὶ
3293 489 3450 558 φύσει
3483 490 3720 564 πολέμια
3751 491 3842 544 ἀλ-

2175 574 2354 644 λήλοις
2396 574 2526 628 ὄντα
2567 575 2663 629 καὶ
2706 575 2875 646 ἐχθρά
2919 575 3144 646 συνῆλθε
3180 575 3275 628 καί⁵
3329 575 3548 646 συνέϐη,
3594 576 3688 630 καὶ
3729 576 3844 646 μετ’

2179 662 2422 732 ἀλλήλων
2457 663 2692 733 ἔμεινεν,
2726 666 2774 716 εἰ
2808 663 2882 734 μὴ
2913 662 3139 734 δύναμίς
3171 681 3254 726 τις
3299 659 3369 734 ἦν
3401 663 3657 735 ἄρῤητος,
3692 665 3726 734 ἡ
3751 664 3846 717 καὶ

2175 749 2502 817 συνάγουσα,
2527 754 2621 804 καὶ
2657 750 2794 821 μετά
2824 751 2886 803 τὸ
2919 753 3240 819 συναγαγεῖν
3270 751 3559 815 διαπαντὸς
3588 751 3726 824 μετά
3749 748 3843 805 τοῦ

2173 835 2374 905 δεσμοῦ
2404 837 2593 890 τούτου
2624 838 2927 907 κατέχουσα
2943 853 2958 901 ;
3885 899 3890 906 _

2239 925 2430 994 γ⁹.οὐχ
2450 925 2582 994 ὁρᾷς
2606 923 2888 987 πῶςτοῦτο
2901 924 2962 978 τὸ
2977 925 3133 995 σῶμα
3160 925 3258 995 τῆς
3283 925 3456 996 ψυχῆς
3485 926 3794 997 ἀποστάσης
3817 925 3839 965 ί

2170 1011 2401 1082 διαρρεῖ,
2438 1012 2531 1064 καὶ
2567 1012 2908 1081 μαραίνεται,
2958 1011 3048 1064 καὶ
3094 1011 3409 1078 ἀπόλλυται,
3445 1015 3541 1066 καὶ
3572 1013 3710 1082 πρὸς
3745 1013 3841 1084 τὴν

2170 1096 2374 1148 οἰκείαν
2406 1095 2636 1149 ’ἑκαστον
2669 1097 2778 1150 τῶν
2828 1099 3106 1168 στοιχείων
3151 1099 3508 1170 ἐπανέρχεται
3536 1098 3720 1169 λῆξιν;
3769 1100 3843 1152 Τὸ

2175 1182 2306 1235 αὐτὸ
2329 1182 2574 1253 δήτοῦτο
2604 1184 2700 1237 καὶ
2729 1184 2823 1237 ἐπὶ
2865 1183 3018 1237 τοῦδε
3065 1184 3281 1252 ἐγένετο
3312 1185 3377 1238 ἂν
3407 1185 3500 1238 τοῦ
3532 1186 3758 1254 κόσμου,
3791 1186 3842 1238 εἰ

2179 1269 2467 1322 κατέλιπεν
2489 1269 2648 1322 αὐτὸν
2677 1268 2774 1340 έρη
2785 1287 2881 1341 μον
2904 1270 3002 1340 τῆς
3028 1271 3234 1333 οἰκείας
3264 1271 3520 1342 προνοίας
3551 1272 3584 1342 ἡ
3609 1270 3840 1324 διαπαν-

2169 1353 2261 1415 τὸς
2289 1355 2450 1406 αὐτὸν
2482 1352 2799 1422 κυϐερνῶσα
2830 1355 3080 1424 δύναμις.
3133 1357 3194 1408 Εἰ
3225 1355 3334 1427 γάρ
3373 1354 3555 1409 πλοῖον
3585 1355 3712 1409 ἀνευ
3739 1373 3839 1409 κυ-

2169 1440 2430 1510 ϐερνήτου
2469 1441 2530 1492 οὐ
2566 1441 2898 1512 συνίσταται,
2930 1441 3066 1494 ἀλλά
3094 1441 3544 1504 καταποντίζεται
3577 1441 3840 1506 εὐκόλως,

2168 1528 2196 1580 ὁ
2224 1527 2426 1597 κόσμος
2451 1527 2568 1590 πῶς
2611 1527 2676 1580 ἂν
2723 1529 2951 1598 συνέστη
2988 1529 3080 1582 ἐπὶ
3122 1529 3374 1581 τοσοῦτον
3397 1529 3585 1600 χρόνον
3613 1529 3843 1599 μηδενὸς

2173 1613 2336 1668 αὐτὸν
2377 1614 2780 1685 κυϐερνῶντος;
2808 1616 2918 1668 Καὶ
2952 1617 3037 1669 ἵνα
3069 1616 3233 1686 μηδὲν
3256 1616 3397 1670 εἴπω
3416 1616 3595 1678 πλέον,
3618 1617 3843 1687 νόμισον

2168 1697 2307 1755 εἶναι
2341 1701 2524 1755 πλοῖον
2567 1703 2658 1754 τὸν
2703 1703 2926 1772 κόσμον,
2963 1701 3112 1774 [109]
3155 1703 3348 1774 τρόπιν
3385 1703 3705 1756 ὑποκεῖσθαι
3737 1703 3846 1773 τὴν

2173 1789 2296 1858 γῆν,
2327 1787 2471 1840 ἱστία
2499 1787 2592 1841 τὸν
2637 1788 2884 1858 οὐρανὸν,
2920 1788 3184 1852 ἐπιϐάτας
3210 1789 3336 1852 τοὺς
3373 1787 3709 1859 ἀνθρώπους,
3739 1789 3843 1841 πέ-

2165 1873 2326 1944 λαγος
2351 1876 2450 1946 τὴν
2479 1875 2842 1946 ὑποκειμένην
2887 1875 3123 1929 ἄϐυσσον
3153 1893 3167 1907 ·
3213 1875 3327 1938 πῶς
3349 1872 3442 1930 οῦν
3466 1875 3558 1928 ἐπὶ
3584 1875 3844 1928 τοσούτου

2167 1963 2365 2032 χρόνου
2392 1964 2417 2002 ε
2448 1961 2704 2030 ναυάγιον
2732 1961 2832 2015 οὐκ
2868 1961 3086 2030 ἐγένετο
3111 1979 3125 2027 ;
3173 1961 3330 2016 ἔασον
3353 1961 3482 2030 γοῦν
3504 1961 3685 2016 πλοῖον
3709 1961 3849 2032 μίαν

2179 2050 2389 2118 ἡμέραν
2429 2048 2596 2120 χωρὶς
2634 2047 2964 2119 κυϐερνήτου
2995 2049 3090 2101 καὶ
3119 2049 3350 2111 ναυτῶν,
3391 2049 3484 2102 καὶ
3514 2049 3633 2119 δψει
3667 2065 3846 2102 κατα-

2179 2132 2562 2203 ποπιζὸμενον
2577 2131 2804 2196 εὐθέωςο
2828 2132 2942 2186 ἀλλ’
2963 2133 2992 2185 6
3013 2133 3215 2204 κόσμος
3238 2133 3389 2186 οὐδὲν
3408 2133 3644 2186 τοιοῦτον
3666 2132 3845 2187 ἔπαθε

2175 2221 2586 2292 πεντακισχίλια
2615 2221 2710 2275 καὶ
2734 2221 2915 2291 πολλῷ
2943 2221 3164 2274 πλείονα
3187 2221 3372 2274 λοιπὸν
3401 2220 3498 2292 ἐτη
3533 2221 3690 2291 ἔχων.
3726 2222 3847 2276 Καὶ

2167 2307 2222 2361 τί
2273 2307 2417 2376 λέγω
2451 2308 2668 2372 πλοῖον;
2704 2307 2946 2376 καλύϐην
2989 2309 3192 2378 μικρὰν
3231 2308 3467 2378 ἐπήξατό
3513 2324 3597 2371 τις
3624 2309 3684 2360 ἐν
3711 2310 3847 2371 ταῖς

2165 2393 2455 2464 ἀμπέλοις,
2491 2395 2584 2447 καὶ
2618 2393 2708 2446 τοῦ
2741 2393 2952 2464 καρποῦ
2988 2393 3437 2464 συναιρεθέντος¹ι
3470 2393 3682 2463 ἀφῆκεν
3709 2393 3846 2464 ἐρη-

2165 2497 2286 2551 μον,
2315 2481 2408 2533 καὶ
2435 2479 2556 2532 οὐδὲ
2593 2480 2686 2533 δύο
2719 2481 2976 2543 πολλάκις
3026 2480 3238 2551 ἡμέρας
3264 2480 3529 2550 διαμένει,
3553 2480 3687 2534 ἀλλά
3714 2479 3843 2532 διαο

2161 2567 2346 2621 λύεται
2369 2567 2462 2620 καὶ
2494 2567 2826 2619 καταπίπτει
2853 2567 3082 2636 ταχέως.
3110 2564 3241 2618 Εἶτα
3272 2566 3479 2637 καλύϐη
3516 2567 3612 2637 μὲν
3637 2568 3736 2619 οὐκ
3766 2566 3843 2619 ἂν

2163 2653 2319 2722 σταίη
2347 2654 2517 2723 χωρὶς
2545 2652 2638 2704 τοῦ
2674 2653 3046 2721 προνοοῦντος,
3081 2652 3468 2723 δημιούργημα
3497 2652 3554 2705 δὲ
3579 2651 3845 2705 τοσοῦτον

2159 2741 2300 2794 οὕτω
2339 2741 2500 2794 καλὸν
2541 2742 2635 2793 καὶ
2673 2740 3002 2809 θαυμαστὸν,
3040 2741 3134 2793 καὶ
3159 2741 3312 2810 νόμοι
3345 2742 3538 2803 νυκτὸς
3571 2741 3664 2793 καὶ
3695 2741 3844 2810 ἡμέ-

2162 2843 2280 2897 ρας,
2311 2827 2403 2878 καὶ
2417 2825 2573 2894 ὡρῶν
2604 2825 2999 2894 ἐνηλλαγμέναι
3039 2829 3265 2895 χορεῖαι,
3291 2825 3384 2878 καὶ
3401 2825 3611 2893 φύσεως
3635 2824 3845 2895 δρόμος

2160 2913 2401 2974 ποικίλος
2427 2930 2511 2977 τις
2575 2913 2672 2965 καὶ
2708 2912 3045 2975 παντοδαπὸς
3088 2915 3146 2965 ἐν
3188 2915 3258 2983 γῇ
3294 2914 3387 2965 καὶ
3435 2912 3694 2982 θαλάττῃ,
3736 2913 3844 2965 καὶ

2159 2999 2304 3070 ἀέρι,
2347 3000 2442 3051 καὶ
2487 2997 2720 3068 οὐρανῷ,
2771 2999 2864 3052 καὶ
2903 3002 3108 3068 φυτοῖς,
3143 3001 3237 3052 καὶ
3277 2999 3435 3062 ζώοις
3493 2998 3842 3066 πετομένοις,

2160 3083 2497 3154 νηχομένοις,
2549 3083 2872 3154 βαδίζουσιν,
2923 3085 3168 3156 ἓρπουσι,
3228 3086 3322 3137 καὶ
3370 3086 3427 3138 ἐν
3488 3085 3564 3155 τῷ
3610 3084 3842 3139 πάντων

2165 3171 2384 3224 ἐκείνων
2412 3171 2730 3242 κυριωτέρῳ
2750 3172 2857 3226 τῶν
2881 3171 3180 3244 ἀνθρώπων
3202 3173 3370 3241 γένει,
3397 3171 3513 3236 πῶς
3538 3171 3603 3226 ἀν
3633 3173 3845 3240 διέμειο

2159 3275 2244 3311 νεν
2296 3259 2388 3311 ἐπὶ
2423 3257 2676 3311 τοσοῦτον
2726 3259 3063 3322 ἀδιάπτωτος
3109 3260 3298 3330 χρόνον
3345 3260 3513 3330 χωρὶς
3575 3261 3844 3329 προνοίας

2156 3345 2326 3408 τινός;
2363 3345 2516 3397 Μετὰ
2542 3345 2650 3414 γὰρ
2677 3347 2785 3398 τῶν
2809 3349 3114 3418 εἰρημένων
3147 3347 3338 3400 ἑπελθέ
3367 3364 3454 3418 μοι
3480 3347 3607 3410 τοὺς
3636 3347 3848 3418 λειμῶ-

2157 3449 2254 3495 νας
2297 3434 2372 3502 τῷ
2419 3431 2582 3502 λόγῳ,
2612 3434 2738 3497 τοὺς
2792 3434 3172 3503 παραδείσους,
3209 3434 3278 3486 τὰ
3329 3434 3460 3504 γένη
3493 3433 3602 3486 τῶν
3627 3433 3842 3500 ἀνθῶν,

2158 3519 2256 3580 τὰς
2289 3517 2517 3586 βοτάνας
2549 3519 2783 3583 ἁπάσας,
2826 3521 2926 3583 τάς
2965 3521 3153 3591 χρείας
3210 3519 3407 3586 αὐτῶν,
3437 3522 3532 3590 τὴν
3577 3520 3841 3587 εὐωδίαν,

2155 3605 2221 3656 τά
2254 3606 2528 3675 σχήματα,
2550 3605 2646 3676 τὴν
2672 3605 2840 3668 θέσιν,
2869 3605 2938 3659 τὰ
2963 3607 3201 3676 ὀνόματα
3249 3607 3426 3676 μόνον·
3461 3607 3526 3660 τά
3547 3605 3737 3677 δένδρα
3763 3609 3845 3661 τὰ

2156 3691 2429 3762 ἔγκαρπα,
2483 3691 2553 3745 τά
2609 3693 2863 3762 ἄκαρπα·
2909 3693 3020 3745 τῶν
3069 3693 3343 3763 μετάλλων
3373 3693 3472 3764 τὴν
3507 3692 3689 3762 φύσινο
3717 3693 3842 3747 τῶν

2159 3778 2311 3842 ζώων
2338 3779 2446 3831 τῶν
2478 3781 2536 3830 ὲν
2577 3777 2836 3850 θαλάττῃ,
2869 3779 2977 3831 τῶν
3010 3781 3068 3832 ἐν
3096 3783 3161 3851 τῇ
3208 3783 3300 3851 γῇ,
3331 3780 3436 3833 τῶν
3457 3780 3690 3850 νηκτῶν,
3716 3778 3843 3835 τῶν

2154 3866 2492 3936 ἀεροπόρων·
2530 3866 2598 3917 τὰ
2626 3865 2750 3935 ὅρη,
2785 3865 2884 3928 τὰς
2916 3865 3111 3929 νάπας,
3129 3866 3252 3930 τοὺς
3269 3867 3525 3936 δρυμοὺς,
3553 3867 3644 3919 τὸν
3675 3869 3846 3922 κάτω

2153 3951 2412 4022 λειμῶνα,
2459 3953 2550 4005 τὸν
2583 3953 2694 4006 ἄνω
2739 3953 2979 4022 λειμῶνα
3038 3955 3152 4025 (καὶ
3195 3955 3304 4024 γὰρ
3341 3957 3400 4007 ἐν
3424 3958 3490 4026 τῇ
3522 3959 3591 4025 γῇ
3619 3955 3844 4025 λειμὼν

2153 4040 2248 4092 καὶ
2275 4042 2330 4092 ἐν
2353 4039 2430 4109 τῷ
2451 4039 2662 4110 οὐρανῷ
2689 4039 2937 4109 λειμὼν),
2958 4041 3028 4093 τά
3051 4041 3269 4094 ποικίλα
3292 4041 3400 4093 τῶν
3425 4041 3638 4108 ἄστρων
3661 4043 3838 4114 ἀνθη,

2152 4126 2300 4178 κάτω
2325 4127 2472 4196 ῥόδα,
2501 4127 2612 4180 ἄνω
2649 4122 2779 4197 ῐρις.
2831 4127 3016 4180 Βούλει
3065 4128 3160 4182 καὶ
3198 4129 3290 4180 ἐπὶ
3337 4128 3445 4180 τῶν
3478 4128 3707 4199 ὀρνίθων
3741 4148 3842 4184 σοι

2150 4210 2308 4274 δείξω
2327 4210 2593 4278 λειμῶνα;
2618 4211 2897 4282 κατάμαθε
2920 4213 3012 4266 τοῦ
3037 4212 3185 4267 ταὼί
3214 4213 3277 4266 τὸ
3300 4215 3455 4284 σῶμα
3497 4215 3559 4266 τὸ
3579 4215 3845 4269 ποικίλον

2152 4297 2245 4348 καὶ
2264 4298 2439 4349 πᾶσαν
2463 4297 2786 4368 ὑπερϐαῖνον
2805 4297 3003 4369 βαφὴν,
3029 4301 3153 4363 τοὺς
3179 4299 3607 4371 πορφυρίζοντας
3630 4317 3849 4372 στρου-

2151 4383 2295 4446 θούς.
2315 4384 2594 4454 Ἐννόησόν
2619 4402 2707 4454 μοι
2727 4385 2789 4437 τὸ
2808 4386 2998 4448 κάλλος
3015 4385 3106 4439 τοῦ
3131 4386 3361 4454 οὐρανοῦ
3381 4387 3543 4440 πόσον
3565 4387 3680 4457 ἔχει
3702 4389 3847 4460 χρό-

2151 4488 2240 4522 νον
2267 4471 2358 4522 καί
2382 4471 2482 4522 οὐκ
2508 4471 2830 4542 ῆμαυρώθη,
2854 4472 2968 4525 ἀλλ’
2995 4473 3182 4543 ῶσπερ
3213 4475 3449 4543 σήμερον
3475 4491 3848 4529 κατασκευαο

2153 4557 2318 4619 σθείς,
2362 4555 2535 4620 οὕτως
2575 4559 2722 4610 ἐστίν
2745 4559 3084 4612 ἀποστίλϐων
3123 4561 3218 4612 καὶ
3244 4559 3494 4631 λαμπρός
3516 4578 3530 4591 ο
3581 4563 3683 4630 τῆς
3719 4564 3851 4634 γῆς

2149 4646 2247 4716 τὴν
2276 4646 2527 4718 δύναμιν,
2560 4647 2677 4710 πῶς
2705 4649 2803 4701 οὐκ
2832 4648 3094 4720 ὴτόνησεν
3126 4649 3353 4719 αὐτῆςή
3386 4651 3598 4722 γαστὴρ
3633 4653 3853 4706 τοσοῦ-

2149 4751 2242 4786 τον
2266 4735 2522 4787 τίκτουσα
2549 4735 2756 4806 χρόνον.
2790 4736 3068 4802 Ἐννόησον
3093 4753 3181 4806 μοι
3208 4738 3306 4800 τάς
3338 4738 3520 4806 πηγὰς
3554 4739 3674 4801 πῶς
3692 4741 3853 4792 ἀνα-

2151 4819 2426 4884 ϐλύζουσι,
2465 4823 2560 4875 καὶ
2598 4823 2699 4875 οὐκ
2747 4823 3002 4876 ἐπέλιπον
3049 4822 3110 4888 ἐξ
3151 4817 3213 4877 οὗ
3261 4825 3516 4892 γεγόνασι
3556 4824 3855 4894 διηνεκῶς

2153 4909 2409 4980 βρύουσαι
2455 4909 2548 4961 καὶ
2582 4909 2793 4980 ἡμέραν
2844 4911 2936 4964 καὶ
2970 4909 3140 4964 νύκτα
3180 4912 3392 4963 πᾶσανο
3445 4911 3696 4979 ἐννόησόν
3736 4933 3856 4983 μοι

2150 4997 2250 5066 τήν
2278 4995 2564 5056 θάλατταν,
2604 4996 2802 5061 πόσους
2831 4997 3094 5067 δεχομένη
3137 4998 3417 5068 ποταμοὺς
3454 4999 3552 5068 οὐχ
3580 4999 3853 5073 ὑπερέϐη

2150 5083 2210 5136 τὸ
2236 5081 2453 5152 μέτρον.
2498 5081 2658 5135 Ἀλλά
2684 5083 2844 5155 μέχρι
2869 5085 3011 5148 τίνος
3042 5084 3311 5156 διώκομεν
3336 5087 3602 5157 ἀκίχητα;
3641 5089 3859 5152 ’Ἄξιον

2153 5170 2237 5238 ἐφ’
2268 5169 2482 5240 ἑκάστῳ
2505 5169 2614 5222 τῶν
2643 5171 2945 5242 εἰρημένων
2969 5172 3147 5241 λέγειν
3171 5191 3184 5204 ·
3229 5174 3322 5238 Ὡς
3348 5174 3721 5242 ἐμεγαλύνθη
3759 5179 3859 5232 τὰ

2151 5257 2294 5326 ἔργα
2314 5273 2451 5318 σου,
2483 5259 2658 5326 Κύριε
2676 5259 2696 5312 !
2750 5258 2944 5314 πάντα
2977 5261 3048 5312 ἐν
3083 5261 3266 5330 σοφίᾳ
3304 5262 3617 5327 ἐποίησας.
3663 5263 3862 5319 Ἀλλὰ

2150 5345 2234 5406 τίς
2286 5345 2314 5396 6
2359 5343 2523 5413 σοφὸς
2569 5345 2675 5399 τῶν
2723 5346 2969 5400 ἀπίστων
3012 5347 3190 5415 λόγος,
3225 5349 3353 5401 ὅταν
3397 5348 3612 5402 ἅπαντα
3651 5349 3861 5407 ταῦτα

2151 5427 2447 5498 διέλθωμεν
2485 5430 2619 5500 πρὸς
2645 5432 2859 5495 αὐτοὺς,
2892 5433 2950 5485 τὸ
2983 5433 3230 5503 μέγεθος,
3269 5435 3331 5488 τὸ
3358 5435 3553 5498 κάλλος
3576 5435 3676 5506 τῆς
3704 5438 3863 5491 κτί-

2155 5532 2316 5580 σεως,
2343 5515 2442 5586 τὴν
2467 5515 2767 5586 δαψίλειαν,
2799 5519 2896 5590 τὴν
2917 5518 3174 5588 ἀφθονίαν
3208 5522 3305 5592 τὴν
3335 5525 3392 5576 ἐν
3414 5523 3618 5576 ἅπασιν
3642 5539 3657 5588 ;
3681 5524 3868 5581 Αὐτὸ

2155 5601 2254 5672 μὲν
2285 5597 2378 5654 οῦν
2406 5603 2562 5656 τοῦτο
2599 5605 2832 5674 μάλιστά
2864 5609 3010 5660 ἐστιν
3051 5608 3322 5681 ἔγκλημα,
3354 5611 3539 5679 φησὶν.
3573 5611 3652 5663 ὅτι
3677 5609 3864 5667 οὕτω

2219 5707 2240 5783 ξ
2269 5710 2552 5783 Legionem
2581 5715 2771 5783 Sayilii.
2803 5719 3099 5783 ἀποστάσης,
3143 5720 3354 5770 reddidit
3387 5723 3649 5783 interpres.
3679 5722 3856 5780 Enn.

2216 5775 2240 5846 εἰ
2267 5775 2467 5846 Quigam
2495 5791 2608 5846 mss.
2641 5779 2715 5826 ἐπὶ
2737 5779 2967 5830 τοσοῦτον
2988 5775 3171 5846 χρονον.

2216 5832 2242 5870 1·
2266 5837 2412 5898 ξείνη.
2440 5838 2668 5898 ἀρθέντος.

2222 5897 2232 5932 i
2268 5896 2414 5946 Savil.
2441 5896 2489 5948 ei
2515 5903 2711 5961 quidam
2737 5917 2849 5953 mss.
2876 5903 2960 5953 τοῦ
2982 5908 3173 5962 mro-mg.
3205 5907 3379 5958 Morel.
3406 5915 3456 5958 et
3479 5909 3562 5960 alii
3588 5908 3670 5958 τοῦ
3688 5925 3763 5958 τα
3776 5933 3856 5976 ῳ.
