4070 6208
321 342 431 399 115

315 456 481 519 beat,
527 459 583 507 et
626 450 897 506 vinculum
960 451 1030 504 sit
1089 448 1182 505 Dei
1236 448 1501 503 voluntas.
1564 447 1694 502 Iluic
1743 445 1900 501 hodie

315 542 559 599 sermoni
610 541 840 610 amplius
896 538 1168 594 immorari
1221 539 1345 593 volo
1377 579 1393 602 ,
1436 538 1530 593 sed
1578 536 1899 607 expergisci-

316 636 474 702 mini,
501 645 559 690 et
582 633 865 700 diligenter
899 631 1052 688 nobis
1077 630 1351 687 attendite.
1379 629 1450 686 Ut
1471 639 1646 684 autem
1675 630 1904 683 miracu-

313 727 427 782 lum
462 726 555 781 flat
585 724 918 782 manifestius
958 739 991 779 a
1016 738 1241 794 corpore
1274 732 1458 779 nostro
1493 722 1900 779 demonstratio.

315 833 442 873 nem
489 816 677 873 horum
724 816 935 871 faciam.
967 816 1176 871 Etenim
1217 828 1412 884 corpus
1451 821 1691 869 nostrum
1742 812 1903 866 breve

314 908 421 964 hoc
451 919 507 965 et
534 923 755 977 parvum
782 923 815 963 θ
848 917 1074 978 quatuor
1101 906 1451 977 compositum
1482 916 1564 961 est
1589 903 1897 967 elementis,

313 1000 492 1055 calido
511 998 744 1070 quidem,
778 1012 907 1066 sang
948 998 1034 1053 ine
1058 1013 1075 1063 ;
1101 997 1245 1051 sicco
1265 1010 1392 1050 vero
1414 1037 1429 1061 ,
1457 994 1564 1049 bile
1597 993 1729 1048 ﬂava
1759 1009 1773 1059 ;
1799 992 1900 1045 hu-

317 1091 490 1155 mido,
514 1090 736 1160 pituita;
767 1088 976 1159 frigido,
1004 1097 1118 1142 atra
1141 1088 1265 1143 bile.
1289 1087 1357 1142 Et
1378 1102 1534 1141 nemo
1554 1086 1898 1155 incongruum

315 1183 463 1236 hunc
486 1189 632 1249 putet
659 1194 780 1235 esse
810 1192 1112 1242 sermonem
1145 1195 1158 1231 :
1189 1177 1486 1246 Spiritualis
1511 1191 1700 1246 nempe
1730 1176 1899 1228 omnia

312 1274 597 1345 dijudicat,
626 1272 738 1341 ipse
776 1285 892 1324 vero
918 1286 951 1322 η
991 1269 1188 1323 nemine
1231 1267 1538 1338 diiudicatur
1565 1265 1584 1338 (
1614 1267 1663 1320 Ι.
1695 1265 1813 1321 Cor.
1840 1264 1895 1318 2.

311 1367 387 1422 £5
416 1367 456 1435 ).
487 1363 575 1420 Sic
610 1372 666 1417 et
704 1362 901 1417 Paulus
929 1361 1266 1430 agricultura:
1304 1359 1540 1413 rationes
1579 1358 1787 1427 tetigit,
1830 1356 1898 1411 de

310 1453 708 1511 resurrectione
732 1452 887 1507 nobis
911 1451 1180 1506 disserens
1207 1462 1224 1504 :
1256 1448 1441 1513 Stulte,
1468 1449 1655 1518 inquit,
1685 1457 1739 1500 tu
1763 1446 1898 1516 quod

309 1546 531 1601 asinina:
567 1559 668 1598 non
707 1542 986 1609 viviﬁcatur
1005 1581 1024 1610 ,
1050 1540 1147 1595 nisi
1175 1540 1419 1594 moriatur
1442 1532 1832 1607 (i.Cor.l5.36
1854 1536 1894 1608 ).

309 1634 370 1691 Si
398 1648 530 1689 vero
554 1634 743 1689 beatus
769 1632 861 1687 ille
880 1631 948 1687 de
970 1630 1293 1702 agricultura
1316 1644 1619 1708 sermonem
1646 1627 1894 1688 habebat.

309 1740 382 1780 ne
407 1738 508 1779 nos
531 1723 795 1794 quispiam
825 1729 1040 1778 accuset
1077 1721 1125 1777 si
1164 1719 1535 1776 medicinalem
1564 1718 1896 1788 disciplinam

306 1815 631 1884 attingamus
661 1812 771 1870 :de
808 1812 904 1868 Dei
935 1810 1079 1868 enim
1123 1810 1392 1866 creatione
1419 1825 1562 1865 nunc
1593 1808 1747 1865 nobis
1770 1824 1896 1864 ora-

307 1908 409 1975 tio,
436 1915 494 1962 et
532 1905 891 1962 necessarium
937 1904 1092 1959 nobis
1115 1912 1199 1959 est
1226 1903 1384 1971 hujus
1404 1902 1699 1972 disciplinae
1738 1915 1899 1971 argu-

306 2007 572 2053 mentum.
601 1996 754 2065 Quod
804 1996 962 2066 igitur
988 2004 1112 2051 ante
1136 1995 1244 2050 dixi
1268 2010 1378 2061 ,-ex
1406 2002 1634 2065 quatuor
1672 1993 1755 2049 his
1783 1993 1895 2049 eleo

304 2090 507 2144 mentis
532 2102 730 2158 corpus
750 2087 907 2143 nobis
926 2088 1280 2156 compositum
1299 2095 1404 2153 est,
1427 2093 1481 2141 et
1505 2085 1549 2141 si
1577 2099 1700 2155 pars
1720 2099 1753 2139 a
1784 2094 1895 2140 toto

301 2181 585 2247 dissideat,
614 2195 680 2236 ex
730 2179 836 2235 hoc
883 2178 1106 2235 dissidio
1151 2193 1300 2233 mors
1333 2177 1561 2233 efficitur
1589 2195 1603 2231 :
1636 2184 1697 2231 ut
1723 2183 1847 2246 puta
1872 2216 1889 2242 ,

302 2272 415 2328 bile
459 2270 929 2342 superabundante
983 2270 1292 2340 producitur
1340 2268 1505 2324 febris
1536 2308 1552 2331 ,
1581 2276 1638 2322 et
1680 2268 1724 2321 si
1754 2268 1893 2323 ultra

302 2378 614 2419 mensuram
643 2361 929 2434 praevaleat
946 2403 962 2427 ,
992 2362 1150 2416 finem
1179 2360 1334 2416 affert
1358 2360 1694 2416 celerrimum
1721 2377 1734 2412 :
1767 2374 1890 2413 rur-

302 2473 425 2512 sum
453 2455 646 2526 frigido
683 2454 1185 2525 superabundante,
1232 2454 1493 2525 paralysis
1536 2461 1591 2508 et
1636 2461 1893 2507 tremores

302 2556 361 2602 et
379 2545 675 2616 apoplexia:
694 2552 750 2599 et
770 2544 1034 2599 innumeri
1057 2542 1229 2599 morbi
1260 2543 1556 2613 pariuntur,
1584 2551 1638 2596 et
1675 2540 1892 2594 omnino

302 2652 533 2707 qumque
581 2635 949 2704 aegritudinum
996 2633 1163 2689 forma
1189 2634 1258 2688 ab
1286 2635 1474 2688 horum
1504 2632 1890 2687 elementorum

301 2724 789 2796 superabundantia
817 2726 1071 2790 nascitur,
1089 2713 1302 2794 quando
1330 2738 1493 2777 unum
1519 2723 1740 2792 ett-ipsis
1769 2737 1893 2792 pro-

303 2819 453 2888 prios
504 2815 771 2873 excedens
824 2817 1118 2881 terminos,
1162 2823 1347 2870 contra
1393 2814 1496 2869 alia
1549 2814 1893 2884 insurgit,et

305 2923 526 2963 omnem
559 2907 704 2961 lzedit
731 2906 1113 2978 symmetriam.

376 2997 607 3052 Mundus
621 2999 729 3052 sine
744 2997 841 3052 Dei
855 2998 1166 3069 providentia
1193 3008 1326 3053 stare
1351 2997 1886 3068 nequit.—Intcrroga

303 3090 471 3161 igitur
485 3090 777 3155 dicentem,
794 3089 935 3160 quod
957 3104 1052 3159 per
1086 3105 1146 3146 se
1174 3100 1294 3144 nata
1313 3091 1514 3155 omnia,
1535 3105 1630 3160 per
1643 3105 1703 3144 se
1718 3090 1891 3143 subsi-

301 3189 465 3236 stant.
480 3181 537 3235 Si
555 3182 716 3236 breve
730 3179 834 3235 boc
856 3189 909 3236 et
928 3181 1194 3236 modicum
1213 3195 1405 3251 corpus
1430 3179 1889 3245 medicaminibus,

304 3281 353 3327 et
372 3271 679 3326 medicinali
716 3270 936 3326 scientia
958 3280 1133 3333 utens,
1162 3271 1335 3325 anima
1355 3270 1575 3325 interius
1596 3268 1894 3340 ipsumdis—

303 3364 547 3428 ponente
602 3373 666 3413 ac
685 3359 850 3413 multa
866 3358 1196 3428 philosophia
1214 3367 1269 3414 et
1284 3359 1756 3415 innumerabilibus
1772 3359 1893 3414 aliis

299 3450 533 3514 auxiliis,
556 3464 664 3503 non
680 3464 895 3520 semper
909 3450 961 3504 in
979 3450 1123 3505 bono
1137 3457 1274 3505 statu
1297 3464 1607 3520 permanere
1622 3450 1779 3516 valet,
1798 3449 1891 3504 sed

299 3540 511 3606 peritet
532 3539 892 3609 corrumpitur
918 3540 1132 3609 saepius,
1161 3539 1458 3595 turbatione
1475 3540 1526 3594 in
1564 3541 1679 3609 ipso
1708 3539 1844 3594 facta
1874 3556 1887 3592 :

300 3630 574 3697 quomodo
591 3635 767 3685 tantus
783 3630 1208 3697 mundus,tantas
1220 3630 1419 3687 habens
1428 3645 1709 3701 corporum
1727 3630 1893 3684 moles

299 3727 354 3773 et
370 3734 441 3773 ex
459 3718 649 3773 iisdem
665 3720 989 3789 compositus
1001 3720 1300 3785 elementis,
1320 3721 1419 3777 nisi
1437 3722 1599 3775 multa
1617 3720 1894 3790 providen-

300 3810 376 3862 tia
392 3807 834 3872 frueretur,tanto
853 3820 1089 3881 tempore
1123 3812 1535 3882 imperturbatus
1549 3826 1765 3866 manere
1799 3828 1892 3881 po—

300 3901 540 3957 tuisset?
576 3902 687 3957 Nec
704 3905 846 3958 enim
873 3919 993 3959 cum
1018 3905 1225 3961 ratione
1255 3906 1368 3961 fieri
1407 3915 1606 3976 posset,
1635 3916 1693 3961 ut
1716 3906 1891 3976 provi-

300 3991 540 4044 dentiam
569 3991 783 4060 quidem
817 3992 1019 4048 habens
1060 3994 1281 4049 iuterius
1315 4004 1371 4050 et
1393 3995 1627 4050 exterius
1651 4004 1890 4051 nostrum

300 4096 523 4150 corpus,
554 4082 642 4135 vix
683 4082 750 4137 ad
791 4084 871 4137 sui
899 4086 1356 4140 conservationem
1387 4084 1680 4152 sufﬁceret;
1714 4093 1890 4141 tantus

302 4189 434 4228 vero
450 4174 685 4229 mundus
701 4176 844 4231 nulla
862 4176 1041 4233 fruens
1062 4179 1390 4249 providentia
1413 4195 1509 4250 per
1528 4188 1606 4234 tot
1625 4195 1794 4235 annos
1816 4181 1890 4236 nil

300 4266 409 4320 tale
438 4274 713 4335 pateretur
735 4269 887 4338 quale
906 4285 1101 4339 corpus
1120 4281 1381 4326 nostrum.
1424 4272 1702 4340 Quomodo
1747 4274 1887 4327 extim

299 4358 513 4414 nullum
540 4359 728 4415 horum
759 4361 1142 4419 elementorum
1165 4404 1183 4429 ,
1210 4379 1414 4434 qumso,
1443 4366 1688 4434 proprios
1713 4375 1889 4419 trans-

297 4451 883 4518 eenditterminos,nec
924 4455 1127 4524 reliqua
1163 4454 1341 4509 omnia
1373 4456 1741 4525 consumpsit?
1769 4457 1889 4526 quis

296 4557 435 4597 vero
483 4543 600 4613 ipsa
647 4546 715 4600 ab
756 4545 908 4601 initio
945 4546 1267 4617 conjunxit?
1300 4546 1420 4617 quis
1468 4546 1740 4603 devinxit?
1771 4549 1890 4619 quis

294 4632 573 4689 frenavit?
600 4636 721 4705 quis
746 4649 916 4706 usque
958 4637 1011 4692 in
1062 4646 1266 4693 tantum
1296 4649 1505 4710 tempus
1532 4642 1804 4696 continet?
1832 4641 1888 4697 Si

292 4725 447 4780 enim
470 4724 696 4795 simplex
722 4734 774 4780 et
803 4726 1067 4784 uniforme
1093 4728 1281 4785 fuisset
1308 4731 1491 4784 mundi
1520 4746 1742 4801 corpus,
1780 4747 1885 4788 non

291 4823 415 4868 tam
442 4814 777 4883 impossibile
814 4816 1001 4873 fuisset
1026 4819 1168 4889 quod
1190 4820 1436 4886 dicitur;
1468 4821 1683 4891 quando
1709 4833 1887 4879 autem

289 4912 454 4958 larua
480 4906 867 4962 elementorum
895 4924 1066 4980 pugna
1095 4909 1192 4966 fuit
1223 4911 1292 4966 ab
1318 4911 1487 4976 initio,
1510 4913 1629 4981 quis
1654 4921 1761 4969 tam
1791 4916 1889 4971 de-

284 5010 481 5057 mens,
514 5005 571 5051 ut
597 5006 747 5067 putet
769 5000 888 5055 sine
928 5011 1150 5071 cogente
1177 5002 1291 5057 haec
1334 5018 1430 5072 per
1466 5018 1526 5059 se
1551 5006 1885 5072 convenisse,

280 5097 349 5141 et
380 5086 669 5156 conjuncta
690 5092 986 5146 mansisse?
1011 5092 1064 5147 Si
1103 5093 1241 5148 enim
1271 5109 1371 5149 nos
1403 5109 1508 5150 non
1547 5104 1733 5151 natura
1753 5137 1769 5164 ,
1795 5099 1888 5154 sed

282 5177 581 5232 voluntate
600 5179 739 5235 male
764 5191 949 5236 mutuo
968 5182 1140 5238 affecti
1168 5192 1359 5253 sponte
1383 5199 1489 5238 non
1516 5186 1885 5251 convenimus,

275 5268 476 5324 donec
500 5283 778 5326 manemus
804 5272 1002 5328 inimici
1037 5283 1092 5329 et
1117 5276 1323 5331 olfenso
1357 5274 1426 5329 ab
1455 5274 1679 5331 invicem
1704 5277 1885 5330 animo

274 5362 657 5427 dissidemus;
686 5365 779 5420 sed
805 5367 978 5422 altero
1003 5366 1297 5437 indigemus
1321 5367 1413 5439 qui
1440 5382 1538 5423 nos
1577 5368 1883 5438 coniungat,

271 5463 347 5510 es
380 5460 664 5523 postquam
701 5454 1065 5525 coniunxerit,
1094 5457 1419 5528 constringat
1448 5472 1501 5512 et
1527 5458 1578 5512 in
1616 5473 1747 5529 pace
1775 5473 1887 5512 ma-

273 5556 434 5600 nere
472 5544 828 5613 persuadeat,
862 5561 1034 5618 neque
1071 5564 1282 5603 rursum
1312 5548 1521 5605 resilire
1548 5564 1562 5602 :
1595 5565 1701 5620 quo
1727 5549 1886 5606 modo

272 5632 566 5690 elementa
596 5651 768 5707 neque
801 5638 1007 5695 ratione
1029 5655 1205 5712 neque
1228 5656 1388 5697 sensu
1417 5642 1530 5697 ullo
1554 5643 1795 5711 przcdita,
1823 5658 1887 5701 ac

275 5722 406 5782 sibi
422 5740 518 5798 per
542 5738 781 5786 naturam
803 5731 1008 5792 inimica
1026 5735 1817 5809 etadversantia,couvenissent
1832 5747 1885 5797 et

1310 336 1403 393 AD
1440 333 1761 393 POPULUM
1800 331 2288 390 ANTIOCHENUM
2349 331 2577 388 HOMIL.
2616 333 2685 388 Χ.

3486 334 3585 390 ω

2008 460 2292 514 congressa
2310 445 2611 511 fuissent,et
2627 444 2848 500 alterum
2862 460 2982 501 eum
2995 446 3160 502 altero
3174 446 3465 517 potuissent
3477 467 3600 521 per.

2006 537 2353 604 manere,nisi
2369 538 2602 609 potentia
2616 537 2856 608 quaadam
2874 549 3015 594 esset
3027 539 3443 605 ineffabilis,qu:e
3457 554 3590 594 con-

2004 641 2268 700 gregaret,
2291 638 2345 684 et
2361 638 2679 700 congregata
2707 645 2918 700 semper
2934 631 3035 685 hoc
3054 632 3266 686 vinculo
3283 632 3582 688 cohiberet?

2077 722 2129 774 5.
2170 719 2283 775 Νοη
2313 721 2489 776 cernis
2512 720 2777 791 quomodo
2800 735 2995 790 corpus
3017 721 3117 777 hoc
3144 722 3319 776 anima
3339 723 3584 778 avolante

2006 808 2188 864 deﬂuit
2227 819 2282 865 et
2317 810 2561 875 tabescit,
2591 820 2644 865 et
2668 811 2939 882 perditur,
2962 821 3015 865 et
3039 813 3090 866 in
3134 828 3286 867 suam
3336 812 3583 882 quodque

2006 901 2389 955 elementorum
2422 902 2705 956 revertitur
2732 903 2972 957 sortem?
3005 903 3115 957 Hoc
3149 902 3321 972 ipsum
3348 902 3583 972 profecto

2007 991 2130 1046 etin
2157 991 2257 1046 hoc
2288 992 2439 1046 fieret
2466 991 2685 1057 mundo,
2723 993 2768 1045 si
2798 993 2965 1046 virtus
2997 1000 3254 1062 perpetuo
3284 993 3586 1061 gubernans

2004 1083 2177 1153 ipsum
2204 1083 2509 1153 reliquisset
2554 1084 2764 1153 prepria
2811 1084 3121 1139 destitutum
3145 1085 3497 1155 providentia.
3531 1084 3585 1140 Si

2002 1175 2143 1229 enim
2174 1175 2437 1245 navigium
2469 1177 2584 1230 sine
2604 1175 2958 1249 gubernatore
2986 1191 3089 1230 non
3120 1177 3432 1247 persisteret
3451 1217 3467 1240 ,
3490 1176 3586 1230 sed

2002 1264 2155 1322 facile
2207 1268 2642 1339 submergeretur
2689 1272 3011 1340 :quomodo
3069 1280 3273 1325 tantum
3329 1271 3587 1340 temporis

2001 1358 2313 1413 subsisteret
2347 1359 2575 1413 mundus
2601 1360 2930 1430 gubernante
2981 1362 3238 1416 nemine?
3264 1361 3332 1416 Et
3364 1375 3432 1415 ne
3457 1358 3583 1430 quid

2004 1449 2118 1519 plus
2157 1450 2347 1515 dicam,
2380 1451 2647 1521 navigium
2692 1454 2946 1513 mundum
2985 1468 3106 1510 esse
3136 1461 3279 1525 puta,
3346 1453 3581 1509 carinam

2000 1541 2325 1609 suppositam
2359 1549 2577 1608 terram,
2604 1544 2781 1598 velum
2809 1545 3018 1608 caelum,
3049 1554 3291 1602 vectores
3315 1544 3580 1612 homines,

2000 1646 2147 1687 mare
2170 1633 2463 1704 subjectam
2490 1634 2738 1707 abyssum
2772 1655 2787 1692 :
2817 1638 3087 1708 quomodo
3112 1639 3270 1709 igitur
3285 1647 3430 1694 tanto
3453 1653 3582 1693 nau-

1999 1722 2220 1795 fragium
2271 1735 2511 1795 tempore
2530 1743 2636 1783 non
2664 1737 2745 1785 est
2776 1728 3018 1784 factum?
3060 1730 3275 1787 Dimitte
3301 1731 3444 1787 enim
3481 1744 3583 1785 na~

1999 1815 2193 1884 vigium
2220 1832 2314 1885 per
2340 1815 2483 1871 diem
2514 1833 2674 1872 unum
2696 1820 2898 1889 absque
2912 1819 3269 1891 gubernatore
3306 1829 3361 1875 et
3386 1820 3581 1885 nautis,

1999 1914 2054 1960 et
2083 1907 2261 1960 statim
2292 1907 2630 1963 submersum
2661 1908 2907 1975 videbis;
2939 1910 3032 1965 sed
3056 1911 3284 1965 mundus
3314 1909 3418 1966 tale
3447 1909 3581 1964 nihil

1998 2008 2185 2065 passus
2217 2004 2318 2063 est,
2349 1997 2584 2068 quinque
2608 1999 2773 2054 millia
2793 2008 2847 2053 et
2876 2001 3044 2055 mttlto
3067 2001 3183 2069 plus
3220 2000 3331 2071 jam
3375 2001 3578 2056 habens

1997 2101 2278 2141 annorum.
2331 2088 2398 2143 Et
2439 2090 2565 2160 quid
2604 2090 2726 2145 dico
2772 2092 3074 2162 navigium?
3120 2093 3355 2149 casulam
3394 2092 3583 2163 aliquis

1998 2190 2218 2246 parvam
2245 2177 2297 2232 in
2329 2179 2496 2234 vineis
2521 2182 2806 2251 compegit,
2839 2190 2894 2237 et
2914 2182 3084 2238 fructu
3110 2183 3287 2239 ablato
3315 2183 3582 2239 desertam

1998 2267 2236 2338 reliquit,
2268 2278 2322 2323 et
2341 2285 2514 2340 neque
2537 2271 2673 2326 duos
2699 2286 2841 2341 saepe
2869 2272 2986 2328 dies
3010 2284 3313 2342 permanet.
3339 2273 3436 2330 sed
3465 2274 3579 2330 sol-

1996 2359 2139 2412 vitur
2178 2367 2233 2412 et
2270 2360 2419 2415 brevi
2462 2361 2621 2416 cadit.
2659 2361 2820 2430 Igitur
2847 2364 3109 2433 tugurium
3131 2364 3343 2433 quidem
3376 2364 3581 2433 absque

2001 2449 2316 2518 providente
2342 2465 2446 2505 non
2472 2460 2665 2516 staret;
2690 2461 2932 2508 creatura
2966 2468 3098 2509 vero
3134 2463 3300 2523 tanta,
3323 2464 3429 2510 tam
3459 2455 3582 2525 pul-

1994 2541 2144 2608 chra,
2178 2551 2282 2594 tam
2312 2541 2592 2607 mirabilis,
2623 2552 2677 2596 et
2702 2542 2845 2613 leges
2876 2545 3048 2598 noctis
3075 2553 3130 2598 et
3153 2544 3259 2599 diei
3283 2587 3298 2610 ,
3342 2543 3578 2600 alterna-

1995 2647 2218 2701 rnmque
2238 2631 2486 2686 horarum
2506 2632 2717 2687 choreae
2742 2675 2757 2699 ,
2790 2642 2843 2689 et
2878 2644 3080 2688 natura:
3108 2649 3299 2689 cursus
3324 2635 3500 2690 varius
3528 2644 3582 2692 et

1998 2722 2334 2777 omnimodus
2364 2723 2418 2777 in
2444 2730 2606 2789 terra,
2640 2723 2691 2777 in
2720 2724 2875 2790 mari,
2908 2739 3055 2788 aere,
3084 2715 3218 2780 cci-lo
3241 2767 3257 2792 ,
3285 2735 3342 2780 et
3367 2726 3579 2795 plantis,

1996 2820 2052 2868 et
2100 2813 2417 2868 animalibus
2457 2813 2786 2877 volantibus,
2830 2814 3157 2883 natatilibus,
3198 2816 3579 2884 gradientibus,

1998 2905 2361 2974 serpentibus,
2393 2914 2445 2960 et
2466 2904 2520 2959 in
2547 2904 2821 2959 hominum
2853 2921 3050 2975 genere
3076 2907 3323 2962 omnibus
3357 2907 3460 2961 illis
3485 2908 3569 2961 di-

1993 2995 2198 3065 gniore,
2226 3003 2429 3051 tantum
2462 2995 2717 3063 temporis
2760 2995 2961 3066 absque
3019 2996 3191 3066 aliqua
3238 2996 3572 3066 providentia

1994 3084 2199 3139 stabilis
2222 3085 2638 3152 permansisset?
2694 3084 2961 3140 Praeterea
3013 3096 3191 3141 mente
3237 3087 3367 3142 mihi
3421 3099 3576 3158 prata

1995 3190 2270 3245 percurre,
2302 3174 2508 3241 hortos,
2544 3176 2738 3233 ﬂorum
2786 3193 3001 3247 genera,
3047 3178 3240 3235 herbas
3283 3194 3500 3240 omnes,
3528 3187 3581 3233 et

1997 3281 2182 3321 earum
2211 3282 2368 3334 usus,
2400 3269 2816 3323 suaveolentiam
2835 3311 2850 3334 ,
2879 3271 3071 3340 figuras
3095 3312 3110 3335 ,
3140 3270 3298 3324 situm
3320 3312 3334 3337 ,
3362 3269 3577 3324 nomina

1996 3366 2225 3425 tantum,
2250 3357 2471 3413 arbores
2507 3357 2804 3413 fructuosas
2825 3367 2879 3414 et
2915 3359 3266 3415 infructuosas
3293 3401 3307 3423 ,
3336 3360 3581 3418 metallo-

1996 3463 2115 3502 rum
2170 3456 2435 3514 naturam,
2480 3448 2782 3503 animalium
2836 3451 3167 3514 terrestium,
3216 3448 3576 3517 marinorum,

1996 3539 2312 3605 natatilium,
2343 3555 2435 3608 per
2459 3553 2637 3593 aerem
2658 3540 2967 3605 meantium,
3001 3551 3210 3594 montes
3233 3581 3248 3605 ,
3271 3539 3468 3603 saltus,
3492 3539 3576 3593 lu-

1993 3646 2106 3697 cos,
2131 3631 2350 3686 inferius
2378 3638 2620 3699 pratum,
2660 3630 2903 3700 superius
2946 3639 3172 3700 pratum,
3202 3639 3284 3684 est
3329 3630 3473 3685 enim
3517 3629 3573 3685 iu

1998 3731 2135 3777 terra
2161 3731 2395 3792 pratum,
2417 3730 2470 3776 et
2499 3721 2551 3774 in
2580 3728 2714 3774 cmto
2731 3729 2959 3790 pratum,
2989 3720 3223 3775 siderum
3248 3720 3376 3774 varii
3393 3719 3574 3786 flores,

1993 3813 2212 3867 inferius
2235 3827 2393 3878 rosae,
2424 3812 2665 3881 superius
2692 3812 2805 3866 iris.
2849 3811 2945 3866 Vis
2968 3821 3016 3865 et
3042 3811 3094 3865 in
3115 3811 3298 3866 avibus
3327 3811 3419 3866 tibi
3455 3827 3578 3882 pra-

1996 3913 2105 3959 tum
2132 3903 2491 3959 demonstrem
2514 3903 2538 3956 ?
2574 3902 2852 3958 considera
2880 3904 3099 3973 pavonis
3122 3917 3314 3972 corpus
3336 3902 3536 3957 varium
3554 3944 3571 3969 ,

1994 4005 2049 4052 et
2075 4011 2288 4051 omnem
2317 3995 2581 4051 excedens
2625 3995 2907 4050 tincturam
2928 4036 2943 4060 ,
2974 4005 3432 4065 purpurantesque
3466 3994 3576 4048 avi-

1994 4090 2159 4144 culas.
2199 4088 2379 4159 Cogita
2403 4087 2531 4143 mihi
2551 4088 2668 4144 cceli
2688 4088 3154 4157 pulchritudinem,
3176 4097 3425 4157 quantum
3445 4096 3577 4141 tem-

1992 4183 2137 4253 poris
2156 4182 2262 4253 agit
2286 4222 2301 4244 ,
2335 4196 2433 4236 nec
2457 4180 2769 4238 oll‘uscatum
2797 4191 2876 4236 est
2898 4222 2911 4245 ,
2944 4181 3038 4235 sed
3064 4182 3208 4236 velut
3232 4181 3390 4237 hodie
3415 4180 3578 4235 fabri-

1994 4281 2191 4338 catum,
2241 4273 2313 4327 ita
2365 4281 2448 4327 est
2491 4272 2666 4327 nitens
2691 4281 2747 4328 et
2774 4272 3108 4342 splendidum
3147 4291 3161 4327 :
3200 4282 3354 4328 terra:
3395 4282 3577 4328 uterus

1993 4372 2197 4418 tantum
2223 4373 2431 4434 tempus
2455 4364 2688 4433 pariens,
2716 4363 2985 4433 quomodo
3005 4378 3110 4418 non
3131 4364 3579 4419 hebetavitvirtu-

1998 4465 2103 4510 tem
2127 4471 2299 4511 suam.
2356 4456 2537 4526 Cogita
2565 4457 2693 4511 mihi
2726 4455 2898 4511 fontes
2921 4499 2937 4525 ,
2967 4457 3234 4527 quomodo
3258 4458 3572 4521 scaturiunt.

1993 4558 2046 4602 et
2073 4563 2176 4602 non
2197 4547 2509 4603 defecerunt
2533 4562 2599 4602 ex
2619 4562 2724 4618 quo
2752 4546 2874 4602 facti
2893 4555 3018 4603 sunt
3035 4589 3050 4615 ,
3076 4548 3273 4619 jugiter
3301 4560 3575 4603 manantes

1995 4637 2182 4692 diebus
2209 4645 2265 4692 et
2290 4638 2530 4692 noctibus
2554 4654 2568 4690 :
2600 4637 2770 4707 cogita
2797 4653 2943 4693 mare
2962 4680 2977 4704 ,
3001 4647 3131 4709 quot
3159 4637 3374 4693 ﬂumina
3405 4636 3572 4692 susci-

1997 4731 2148 4799 piens
2176 4742 2480 4783 mensuram
2510 4743 2617 4783 non
2657 4728 2911 4784 excessit.
2948 4728 3051 4784 Sed
3079 4743 3355 4801 quousque
3378 4728 3574 4781 incom-

1994 4820 2363 4893 prehensibilia
2391 4821 2701 4876 sectamur?
2721 4821 2777 4876 1η
2806 4830 3217 4875 memoratorum
3247 4818 3468 4891 singulis
3487 4818 3573 4873 di—

1993 4929 2117 4969 cere
2142 4928 2237 4983 par
2261 4921 2342 4967 est
2375 4930 2389 4966 :
2427 4912 2595 4979 Quam
2618 4913 2945 4984 magniﬁcam
2962 4920 3077 4965 sunt
3099 4928 3252 4983 opera
3267 4923 3374 4974 tua,
3397 4909 3573 4965 Domi-

1992 5022 2055 5059 ne
2082 5020 2096 5057 :
2130 5004 2301 5058 omnia
2324 5019 2378 5057 tu
2424 5005 2668 5076 sapientia
2700 5003 2861 5073 fecisti
2886 5001 3107 5071 (Psalm.
3156 5002 3278 5057 105.
3327 4999 3440 5073 24).
3471 4997 3575 5054 Sed

1993 5094 2117 5165 quid
2144 5094 2210 5149 ad
2240 5094 2353 5151 hanc
2378 5097 2550 5151 solent
2570 5093 2811 5151 infideles
2838 5094 3037 5161 dicere,
3068 5091 3275 5164 quoties
3296 5092 3423 5162 ipsis
3435 5106 3572 5146 com-

1997 5202 2355 5244 memoramus
2379 5187 2789 5258 magnitudinem
2816 5186 2997 5241 mundi
3013 5183 3577 5253 ,ornatum,abundan-

1993 5281 2142 5343 tiam,
2173 5278 2379 5346 copiam
2405 5279 2455 5331 in
2478 5277 2765 5332 omnibus?
2797 5277 2907 5332 lloc
2932 5277 3126 5346 ipsum,
3157 5277 3423 5347 inquiunt,
3456 5289 3577 5330 ma-

1992 5368 2133 5421 xima
2156 5367 2398 5422 criminis
2418 5377 2500 5422 cst
2528 5381 2704 5431 causa,
2734 5366 2875 5435 quod
2926 5375 3029 5421 tam
3058 5365 3337 5436 pulchrum
3371 5375 3426 5422 et
3463 5380 3577 5420 ma-

1994 5475 2153 5530 gnum
2209 5458 2336 5515 fecit
2383 5459 2521 5514 Deus
2561 5457 2973 5513 munuummisi
3029 5458 3170 5513 enim
3220 5474 3465 5529 magnum
3521 5464 3578 5513 et

1992 5551 2270 5622 pulchrum
2303 5550 2534 5616 fecisset,
2563 5563 2665 5605 non
2690 5549 2862 5619 ipsum
2891 5549 3048 5604 deum
3075 5550 3416 5616 fecissemus;
3436 5562 3578 5603 nunc

1995 5659 2120 5699 vero
2146 5642 2503 5715 magnitudine
2529 5642 2778 5712 perculsi,
2814 5652 2869 5698 et
2916 5642 3081 5712 ipsius
3127 5642 3571 5714 pulchritudinem

1994 5736 2258 5805 admirati,
2290 5735 2462 5807 ipsum
2491 5735 2651 5794 deum
2669 5750 2789 5793 esse
2815 5732 3134 5805 putavimus.
3175 5734 3281 5790 Sed
3312 5747 3476 5788 vanus
3494 5739 3577 5787 est
