4070 6208
452 308 554 365 115

447 419 531 473 hic
561 429 739 472 sermo
773 433 785 468 :
810 413 952 484 quod
977 413 1119 467 enim
1150 426 1321 481 neque
1359 406 1664 478 magnitudo
1685 422 1784 462 nec
1805 416 2022 462 ornatus

449 506 737 577 impietatis
785 505 854 560 sit
901 518 1089 566 causa,
1118 503 1213 556 sed
1240 500 1450 555 illorum
1481 498 1796 567 ignorantia,
1827 512 1924 552 nos
1951 496 2024 550 nil

447 599 548 652 tale
576 598 716 667 passi
743 595 1097 650 declaramus.
1137 594 1249 660 Qua
1301 591 1442 646 enim
1480 589 1548 643 de
1586 603 1746 642 causa
1804 602 1901 641 nos
1926 587 2024 655 ipsi

443 687 651 742 divinos
682 685 916 739 honores
946 699 1049 737 non
1074 680 1448 737 decrevimus?
1475 694 1651 732 nonne
1681 676 1866 730 iisdem
1893 691 2025 730 ocu-

444 777 508 832 lis
535 778 706 846 ipsum
731 775 1060 846 aspicimus?
1097 788 1273 827 nonne
1297 771 1481 826 eadem
1511 785 1576 823 ex
1606 767 1877 822 creatione
1903 781 2025 835 per-

444 869 671 940 cipimus
694 885 812 939 qua:
835 868 946 921 illi?
980 880 1156 920 nonne
1185 862 1424 917 eamdem
1457 860 1686 913 animam
1728 857 2025 911 habemus?

446 976 624 1014 nonne
651 960 788 1014 idem
827 972 1022 1026 corpus
1045 951 1608 1023 possidemus?nonne
1631 947 1872 1003 eamdem
1915 947 2023 1000 cal-

447 1065 632 1106 camus
669 1047 956 1104 tellurem?
980 1062 1085 1115 quo
1106 1044 1264 1098 modo
1295 1041 1626 1112 pulchritudo
1647 1050 1699 1094 et
1722 1039 2024 1108 magnitudo

448 1156 546 1195 nos
571 1141 755 1195 eadem
783 1154 902 1192 cum
935 1137 1038 1191 illis
1070 1135 1267 1188 sentire
1303 1147 1406 1186 non
1435 1129 1731 1200 persuasit?
1763 1128 1872 1182 Nec
1905 1128 2024 1180 hinc

407 1286 409 1288 ,
446 1246 576 1285 vero
604 1239 804 1283 tantum
855 1227 958 1281 hoc
987 1226 1155 1295 palam
1193 1224 1315 1288 erit,
1342 1222 1436 1276 sed
1489 1231 1545 1276 et
1592 1219 1823 1274 aliunde.
1873 1219 2022 1288 Quod

445 1324 586 1377 enim
618 1336 722 1374 non
754 1328 970 1389 propter
996 1314 1439 1387 pulchritudinem
1481 1313 1650 1382 ipsum
1682 1325 2026 1365 consecrat-e-

444 1411 570 1476 rint,
596 1409 688 1464 sed
711 1411 780 1464 ob
810 1409 1074 1477 propriam
1117 1405 1412 1467 stultitiam,
1443 1401 1622 1456 dicant
1663 1401 1870 1454 simiam
1913 1415 2016 1468 qua

445 1502 512 1556 de
532 1517 688 1556 causa
720 1501 1094 1564 adoraverunt,
1119 1494 1463 1558 crocodilum,
1483 1507 1693 1556 canem,
1721 1491 2023 1544 animalium

443 1592 730 1646 vilissima?
761 1591 892 1644 Vere
923 1588 1250 1642 Evauuerunt
1283 1589 1334 1640 in
1387 1583 1767 1654 cogitationibus
1812 1581 1948 1644 suis,
1977 1589 2024 1632 et

446 1683 817 1739 obtenebratum
839 1691 908 1735 est
933 1681 1174 1749 insipiens
1201 1694 1287 1730 cor
1314 1691 1486 1730 eorum
1519 1691 1537 1729 :
1572 1674 1790 1726 dicentes
1818 1673 1946 1725 enim
1975 1688 2026 1725 se

447 1791 553 1828 esse
571 1778 839 1842 sapientes,
873 1771 1009 1825 stulti
1030 1770 1150 1840 facti
1188 1776 1304 1822 sunt
1346 1766 1606 1842 (Rom._i.
1636 1764 1727 1818 21.
1770 1763 1884 1831 2‘2).
1919 1763 2024 1818 Ve-

446 1875 744 1919 rumtamen
777 1880 879 1916 non
910 1879 973 1916 ex
1005 1861 1088 1914 his
1119 1869 1319 1913 tantum
1346 1826 1806 1927 respon‘dehimus,
1832 1854 1925 1908 sed
1971 1862 2025 1907 ct

447 1959 588 2012 aliud
616 1956 741 2026 quiti
772 1955 998 2024 amplius
1021 1954 1276 2007 dicemus.

518 2049 570 2102 4.
613 2048 736 2102 ll:cc
779 2047 920 2101 enim
950 2046 1086 2099 Deus
1113 2043 1239 2098 olim
1273 2039 1566 2110 praevidens
1587 2081 1599 2101 ,
1633 2047 1689 2092 et
1715 2037 1850 2090 hanc
1896 2035 2025 2104 ipsis

447 2155 631 2193 ansam
651 2137 940 2192 secundum
963 2134 1272 2204 sapientiam
1294 2146 1443 2185 suam
1464 2130 1672 2184 sustulit
1701 2146 1714 2181 :
1748 2135 2025 2198 propterea

449 2247 553 2285 non
583 2238 783 2284 tantum
816 2227 1108 2282 mirabilem
1138 2235 1191 2280 et
1220 2239 1462 2293 magnum
1483 2222 1607 2276 fecit
1634 2220 1907 2283 mundum,
1929 2217 2022 2272 sed

447 2330 502 2375 et
529 2320 926 2389 corruptibilem
956 2327 1011 2372 et
1054 2315 1492 2378 marcescihilem,
1517 2321 1572 2367 et
1595 2314 1758 2382 ipsius
1789 2311 2027 2364 imbecil-

449 2410 618 2465 litatis
668 2409 863 2463 multas
920 2407 1141 2461 inseruit
1179 2404 1658 2459 demonstrationes
1683 2411 1766 2456 :et
1794 2401 1934 2471 quod
1972 2400 2024 2453 in

452 2499 707 2568 apostolis
737 2498 858 2552 fecit
877 2538 892 2560 ,
924 2496 1024 2550 hoc
1047 2504 1102 2550 et
1125 2495 1176 2548 in
1205 2503 1314 2548 toto
1349 2492 1566 2548 mundo.
1607 2491 1742 2558 Quid
1768 2498 1944 2544 autem
1973 2489 2025 2543 in

448 2589 705 2658 apostolis
752 2587 915 2641 fecit?
964 2585 1223 2652 Quoniam
1271 2584 1418 2653 signa
1447 2583 1608 2636 multa
1647 2581 1942 2644 faciebant,
1971 2586 2027 2633 et

450 2679 703 2733 miracula
733 2692 919 2747 magna
946 2687 998 2730 et
1024 2675 1303 2737 mirabilia,
1352 2675 1496 2743 ipsos
1546 2680 1720 2726 tamen
1755 2686 1896 2740 sche
1939 2669 2026 2726 lla-

452 2771 636 2842 gellari
686 2771 942 2840 permisit,
989 2769 1132 2838 pelli,
1160 2781 1425 2821 carcerem
1479 2765 1716 2819 habitare
1744 2805 1758 2828 ,
1789 2765 2024 2832 corporis

456 2863 672 2918 morbos
700 2862 876 2916 subire
900 2901 914 2926 ,
949 2861 998 2913 in
1025 2858 1289 2914 continuis
1311 2873 1430 2912 esse
1469 2855 1888 2910 tribulationibus
1912 2896 1925 2917 ,
1959 2871 2025 2908 ne

454 2953 723 3023 signorum
751 2951 1054 3020 magnitudo
1081 2949 1210 3004 deos
1241 2950 1381 3017 ipsos
1409 2947 1546 3015 apud
1583 2947 1823 3000 homines
1852 2945 2024 3014 putari

454 3044 683 3104 faceret;
726 3050 1022 3112 preptcrea,
1059 3049 1255 3094 tantam
1295 3039 1512 3108 largitus
1560 3040 1802 3106 gratiam,
1834 3051 2026 3104 corpus

453 3147 570 3190 esse
588 3135 808 3188 mortale
825 3133 1085 3204 permisit,
1100 3131 1277 3186 multis
1294 3146 1418 3186 vero
1435 3129 1870 3184 valetudinarium
1893 3143 1907 3190 ;
1927 3141 2027 3181 nec

455 3225 688 3294 ipsorum
714 3223 1073 3278 inﬁrmitatem
1106 3221 1349 3284 mutavit,
1369 3230 1426 3274 ut
1449 3229 1688 3274 naturam
1717 3218 2024 3272 insinuaret.

453 3315 563 3371 Nec
590 3330 739 3370 meus
779 3315 864 3368 hic
893 3329 1068 3368 sermo
1090 3353 1104 3377 ,
1134 3312 1228 3366 sed
1276 3311 1440 3382 ipsius
1471 3311 1615 3364 Pauli
1654 3310 1729 3364 sic
1754 3310 1977 3363 dicentis
2009 3325 2023 3361 :

455 3406 519 3460 Si
545 3407 676 3460 enim
704 3405 912 3476 gloriari
932 3402 1132 3456 voluero
1158 3443 1172 3466 ,
1219 3417 1320 3454 non
1349 3417 1432 3456 ero
1454 3400 1726 3468 insipiens;
1752 3416 1902 3469 parco
1927 3416 2024 3452 au-

459 3506 574 3559 tem,
601 3512 663 3549 ne
694 3496 804 3564 quis
846 3495 899 3546 in
938 3508 1018 3546 me
1046 3501 1183 3561 putet
1212 3507 1366 3562 supra
1391 3490 1524 3560 quod
1551 3490 1700 3553 videt,
1752 3489 1828 3543 uel
1881 3489 2023 3541 audit

457 3587 649 3659 aliquid
669 3604 730 3642 ea:
749 3604 826 3640 me
851 3585 1049 3656 (2.8M.
1077 3585 1161 3640 12.
1190 3585 1267 3655 6):
1289 3593 1341 3638 et
1370 3597 1576 3638 rursum
1602 3601 1614 3636 :
1643 3581 1898 3636 Habemus
1927 3598 2025 3634 nu-

455 3690 552 3734 tent
580 3680 864 3738 thesaurum
889 3681 1021 3733 hunc
1046 3679 1097 3732 in
1118 3680 1248 3732 uasis
1269 3677 1504 3747 ﬁctilibus
1525 3673 1866 3745 (2Cor.4.7).
1891 3675 2026 3743 Quid

453 3783 631 3827 autem
661 3781 762 3836 est,
795 3771 862 3824 In
885 3773 1015 3825 vasis
1041 3769 1316 3840 ﬁctilibus?
1342 3768 1396 3822 In
1422 3783 1648 3838 corpore
1675 3766 1796 3831 hoc,
1833 3766 2024 3836 inquit,

455 3863 667 3917 mortali
713 3871 766 3916 et
794 3861 1140 3930 corruptibili.
1186 3861 1334 3916 Sicut
1373 3860 1514 3914 enim
1543 3867 1676 3912 testa
1711 3874 1778 3912 ex
1823 3858 1934 3912 luto
1972 3866 2046 3912 ett

451 3953 575 4023 igne
603 3953 654 4006 tit
686 3952 801 4006 :sic
844 3951 1078 4021 profecto
1106 3959 1158 4006 et
1187 3964 1382 4018 corpus
1429 3957 1728 4003 sanctorum
1781 3949 2022 4014 illorum,

455 4061 576 4101 cum
599 4044 670 4098 sit
696 4045 893 4098 luteum
918 4051 974 4098 et
991 4043 1278 4113 Spiritualis
1305 4041 1438 4111 ignis
1461 4041 1748 4096 efficaciam
1780 4057 2028 4111 suscepe-

452 4137 542 4201 rit,
575 4143 708 4189 testa
739 4133 1064 4196 factumest.
1095 4134 1160 4187 Et
1178 4148 1281 4202 qua
1302 4131 1368 4186 de
1393 4147 1549 4186 causa
1573 4131 1672 4186 hoc
1699 4130 1892 4186 factum
1921 4141 2021 4197 est,

453 4234 512 4281 et
535 4225 836 4280 thesaurum
861 4225 1018 4278 talem
1041 4264 1057 4290 ,
1093 4233 1148 4277 et
1185 4223 1471 4292 gratiarum
1501 4224 1704 4292 copiam
1734 4223 1943 4278 mortali
1971 4231 2027 4278 et

450 4317 778 4386 corruptibili
811 4316 986 4370 intulit
1010 4315 1258 4384 corpori?
1301 4313 1366 4368 Ut
1408 4313 1869 4383 superabundantia
1923 4313 2025 4367 uir-

452 4400 572 4454 tutis
592 4401 657 4453 sit
681 4416 712 4452 a
732 4397 863 4465 Deo,
883 4408 927 4452 et
953 4415 1054 4452 non
1079 4415 1111 4451 a
1139 4398 1279 4451 nobis
1301 4396 1508 4470 (Ibid)
1524 4396 1653 4452 Cum
1671 4397 1812 4452 enim
1829 4396 2026 4451 videris

452 4490 722 4559 apostolos
771 4499 1008 4545 mortuos
1050 4489 1259 4560 quidem
1313 4490 1662 4554 suscitantes,
1711 4491 1855 4560 ipsos
1900 4504 2027 4544 vero

451 4589 793 4648 aegrotantes,
825 4595 924 4636 nec
950 4580 1256 4635 inﬁrmitate
1283 4595 1341 4634 se
1372 4581 1595 4636 liberare
1615 4580 1882 4642 valentes,
1916 4594 2028 4632 ma-

450 4673 645 4729 nifeste
688 4674 826 4729 scies
847 4715 860 4738 ,
911 4673 1105 4727 mortui
1150 4673 1590 4728 resurrectionem
1617 4688 1720 4726 non
1751 4687 1814 4726 ex
1836 4673 2027 4726 virtute

447 4763 772 4828 suscitantis,
801 4763 893 4818 sed
921 4763 1147 4832 Spiritus
1167 4763 1474 4831 operatione
1496 4763 1686 4817 factam
1707 4778 1845 4816 esse.
1874 4763 2025 4827 Quod

448 4854 588 4909 cnim
622 4853 926 4922 frequenter
952 4861 1304 4923 argrotarent,
1334 4854 1452 4907 audi
1489 4853 1612 4922 quid
1651 4852 1718 4907 de
1749 4853 2024 4906 Timotheo

446 4945 588 4998 dicat
605 4943 929 5016 Apostolus:
971 4943 1096 4998 Vino
1119 4944 1314 4997 modico
1336 4955 1471 4996 utere
1489 4954 1692 5013 prepter
1713 4929 2023 4997 stomachum

443 5046 490 5088 et
516 5041 794 5107 frequentes
819 5038 1135 5105 inﬁrmitates
1161 5045 1273 5089 tuas
1293 5035 1366 5106 (1.
1391 5035 1524 5088 Tim.
1546 5033 1695 5106 5.25)
1718 5045 1804 5100 :et
1816 5051 2024 5090 rursum

449 5126 515 5178 de
539 5128 678 5180 alio:
715 5127 1042 5196 Tropliimum
1083 5139 1248 5180 autent
1269 5126 1448 5197 reliqui
1479 5125 1642 5178 Mileti
1664 5127 1920 5194 inﬁrmum
1944 5127 2019 5196 (‘2.

455 5215 588 5268 Tim.
650 5219 699 5271 ὁ.
735 5220 850 5288 20).
903 5219 967 5271 Et
1006 5218 1432 5288 Philippensihns
1483 5217 1723 5271 scribens
1769 5218 2023 5274 dicebat:

448 5306 827 5375 Epaphroditus
857 5313 872 5344 ¹
901 5313 1156 5380 a’grotavit
1184 5327 1338 5382 prope
1362 5318 1567 5363 mortem
1591 5309 2022 5380 (Pliilipp.2.27).

450 5397 506 5449 Si
536 5397 677 5451 enim
708 5409 762 5451 et
787 5416 906 5454 cum
939 5403 1051 5456 lucc
1079 5416 1279 5470 essent,
1303 5405 1444 5472 ipsos
1465 5403 1592 5456 deos
1613 5418 1732 5458 esse
1750 5403 2019 5472 putabant,

450 5498 504 5542 et
530 5489 825 5545 sacriﬁcare
853 5495 1129 5561 parabant,
1149 5496 1386 5550 dicentes
1419 5513 1432 5548 :
1464 5493 1552 5548 Dii
1579 5495 1765 5549 similes
1787 5496 1909 5568 facti
1928 5496 2021 5549 lto-

449 5580 664 5636 minibus
685 5581 1044 5638 descenderunt
1069 5587 1135 5639 ad
1160 5603 1250 5641 nos
1274 5587 1406 5658 (Act.
1438 5588 1523 5642 14.
1557 5588 1670 5657 10).
1702 5588 1748 5642 si
1775 5588 1890 5645 lucc
1917 5604 2020 5645 non

510 5678 528 5705 ι
563 5675 636 5722 Sic
657 5672 795 5723 Savit.
817 5681 869 5725 et
892 5673 1055 5726 ttorel.
1077 5677 1294 5737 Quinque
1318 5685 1445 5740 Mss,
1472 5679 1739 5745 Epaphras.

1190 301 1249 359 s.
1288 298 1562 356 ιοΑΝΝιε
1597 293 2070 352 cunvsosrom
2109 273 2424 351 sacni‘ap.
2465 278 3003 350 CONSTANTINOP.

3606 291 3704 352 illi

2131 404 2465 470 accidissent,
2495 405 2558 460 ad
2587 405 2713 474 quid
2745 404 3050 474 impietatis,
3081 402 3350 458 miraculis
3375 407 3704 474 conspectis,

2131 505 2256 550 tunc
2278 511 2383 550 non
2409 495 3001 566 processissent?Sicut
3043 496 3200 567 igitur
3247 495 3333 551 hic
3378 508 3596 568 propter
3633 500 3707 553 si-

2129 603 2352 658 gnorum
2385 587 2802 658 magnitudinem
2827 597 2880 643 ct
2905 597 3147 642 naturam
3177 603 3361 644 eorum
3396 589 3448 643 in
3496 589 3706 644 inﬁrmi-

2138 689 2243 734 tate
2274 695 2392 734 esse
2418 680 2678 750 permisit,
2705 688 2758 734 et
2781 680 3081 748 frequentes
3101 680 3344 750 permisit
3365 681 3703 745 tentationes,

2131 785 2199 825 ne
2229 779 2534 840 putarentur
2553 786 2670 826 esse
2695 771 2767 826 dii
2799 786 2814 823 :
2845 772 2921 825 sic
2940 781 2993 826 et
3022 772 3072 824 in
3093 780 3329 825 creatura
3353 772 3531 826 mundi
3551 775 3704 842 quid-

2129 861 2248 915 dam
2277 861 2357 916 his
2377 862 2549 916 simile
2580 861 2700 916 fecit
2723 878 2738 915 :
2759 862 2955 916 etenim
2997 861 3267 930 pulchram
3295 863 3462 930 ipsam
3499 873 3554 917 et
3596 881 3706 917 ma.

2128 968 2282 1021 gnam
2315 953 2435 1006 fecit
2462 961 2550 1018 ,et
2594 967 2803 1008 rursum
2848 953 3244 1023 corruptibilem
3291 956 3586 1009 constituit.
3643 957 3707 1010 Et

2132 1045 2243 1097 hu'c
2271 1053 2489 1111 utraque
2517 1043 2804 1112 Scriptura:
2843 1043 3033 1098 docent
3057 1060 3071 1098 :
3101 1043 3187 1098 hic
3215 1043 3425 1113 quidem
3453 1046 3703 1100 caelorum

2130 1133 2571 1202 pulchritudinem
2626 1150 2868 1198 narrans,
2922 1135 3000 1188 sic
3045 1135 3215 1204 inquit
3261 1153 3274 1188 :
3317 1135 3440 1189 Caeli
3466 1147 3705 1190 enarravit

2130 1227 2351 1295 gloriam
2380 1225 2476 1280 Dei
2503 1226 2673 1296 (Psal.
2695 1229 2780 1282 18.
2809 1229 2846 1284 2
2874 1226 2930 1298 ):
2963 1237 3017 1282 et
3037 1241 3247 1281 rursum
3271 1245 3284 1280 :
3322 1227 3420 1294 Qui
3448 1229 3704 1282 constituit

2129 1317 2310 1371 cazlum
2331 1316 2462 1370 velut
2487 1335 2758 1386 cameram,
2799 1332 2847 1372 et
2871 1319 3090 1373 extendit
3119 1320 3283 1389 ipsum
3309 1321 3454 1390 quasi
3475 1323 3704 1375 taberna-

2127 1410 2296 1463 culum
2323 1410 2376 1463 in
2402 1420 2534 1464 terra
2563 1409 2716 1479 (Isai.
2739 1410 2826 1466 40.
2858 1412 2953 1481 22)
2976 1429 2990 1476 ;
3013 1422 3068 1466 et
3097 1427 3305 1473 rursum
3331 1430 3344 1465 :
3367 1413 3466 1479 Qui
3487 1415 3702 1468 continet

2121 1501 2389 1556 circuitum
2409 1501 2522 1556 coeli
2543 1502 2726 1574 (Eccli.
2743 1504 2831 1558 45.
2857 1504 2971 1574 15).
2991 1505 3140 1558 Alter
3161 1520 3292 1559 vero
3307 1504 3700 1570 demonstrans,

2127 1595 2228 1650 etsi
2258 1595 2532 1664 pulchrum
2558 1604 2611 1649 et
2639 1610 2885 1665 magnum
2907 1638 2923 1663 ,
2951 1604 3128 1650 tamen
3173 1596 3514 1664 corruptibile
3555 1611 3698 1663 esse,

2127 1689 2204 1742 sic
2225 1688 2426 1758 inquit:
2462 1686 2618 1740 Initio
2647 1698 2722 1753 tu,
2755 1687 2989 1750 Domine,
3014 1697 3200 1740 terram
3230 1687 3481 1757 fundasti,
3507 1697 3552 1740 et
3578 1705 3700 1756 ope-

2126 1796 2186 1831 ra
2213 1794 2454 1830 manuum
2496 1788 2696 1830 tuarum
2736 1788 2853 1832 sunt
2876 1779 2986 1832 cteli
3010 1795 3028 1833 :
3048 1780 3146 1850 ipsi
3169 1779 3423 1848 peribunt,
3449 1788 3501 1832 tu
3535 1789 3702 1832 autem

2128 1886 2407 1941 permanes,
2448 1880 2493 1924 et
2533 1886 2702 1924 omnes
2726 1870 2858 1923 sicut
2894 1871 3240 1924 uestimentum
3293 1879 3702 1934 veterascent;et

2121 1961 2253 2014 sicut
2278 1960 2582 2028 opertorium
2608 1960 2825 2014 mutabis
2849 1976 2971 2027 eos,
3021 1971 3068 2015 et
3115 1960 3459 2014 mutabuntur
3492 1956 3508 2020 (
3537 1953 3660 2006 Psal
3678 1992 3693 2004 .

2130 2053 2248 2107 101.
2277 2053 2368 2106 26.
2391 2051 2504 2123 ‘27).
2532 2053 2596 2107 Et
2625 2053 2816 2106 iterum
2851 2052 2918 2106 de
2959 2051 3072 2106 sole
3113 2051 3283 2119 inquit
3321 2050 3458 2104 idem
3495 2049 3691 2104 David:

2131 2143 2404 2213 Tamquam
2431 2159 2644 2212 sponsus
2677 2143 2948 2212 procedens
2982 2142 3045 2194 de
3095 2143 3317 2195 thalamo
3367 2157 3458 2194 suo
3489 2156 3510 2194 :
3531 2141 3702 2194 exsul-

2129 2235 2251 2288 tavit
2269 2245 2323 2288 ut
2349 2235 2490 2306 gigas
2509 2235 2578 2287 ad
2596 2233 2893 2288 currendam
2912 2235 3043 2286 uiam
3064 2232 3233 2301 (Psal.
3259 2233 3347 2287 18.
3381 2231 3454 2304 6).
3487 2231 3699 2298 Vidisti,

2127 2325 2393 2394 quomodo
2417 2325 2608 2378 sideris
2647 2324 3092 2394 pulchritudinem
3117 2323 3271 2376 simul
3297 2332 3351 2376 et
3382 2321 3703 2390 magnitudi-

2132 2432 2252 2471 nem
2277 2417 2368 2470 tibi
2391 2425 2513 2470 ante
2535 2417 2720 2471 oculos
2759 2415 2967 2485 posuit?
3015 2415 3162 2469 Sicut
3190 2415 3330 2468 enim
3361 2429 3424 2468 ex
3469 2413 3702 2467 thalamo

2128 2505 2355 2576 quodam
2379 2521 2608 2576 sponsus
2627 2520 2906 2575 apparens,
2929 2505 3007 2558 sic
3039 2513 3092 2558 et
3112 2504 3190 2558 sol
3219 2503 3318 2558 sub
3343 2518 3588 2558 auroram
3609 2517 3702 2556 ra-

2129 2599 2244 2653 dios
2271 2599 2452 2662 mittit,
2491 2606 2544 2652 et
2575 2607 2841 2665 tamquam
2879 2594 3105 2666 quodam
3158 2609 3350 2648 croceo
3379 2595 3495 2648 velo
3514 2593 3704 2648 caelum

2129 2703 2322 2746 ornans
2345 2730 2360 2754 ,
2391 2699 2445 2743 et
2478 2703 2660 2742 roseas
2691 2688 2888 2741 faciens
2914 2687 3098 2750 nubes,
3130 2695 3183 2740 et
3210 2688 3324 2740 sine
3351 2685 3550 2740 offensa
3581 2699 3703 2738 cur-

2127 2796 2254 2836 rens
2285 2789 2448 2834 totum
2473 2780 2636 2842 diem,
2657 2779 2798 2832 nullo
2819 2793 3031 2832 cursum
3048 2777 3322 2830 obstaculo
3345 2775 3698 2842 interrumpit.

2129 2871 2318 2926 Vidisti
2343 2871 2496 2942 igitur
2525 2870 2688 2939 ipsius
2710 2868 3196 2939 pulchritudinem?
3223 2866 3398 2920 vidisti
3433 2865 3702 2936 magnitu-

2129 2964 2346 3020 dinem?
2385 2964 2502 3019 vide
2532 2972 2586 3017 et
2613 2962 2982 3017 imbecillitatis
3013 2961 3130 3029 ejus
3169 2959 3700 3014 demonstrationem.

2130 3058 2336 3112 Etenim
2358 3065 2410 3111 et
2437 3057 2535 3110 hoc
2560 3056 2930 3109 demonstrans
2965 3055 3176 3121 sapiens
3200 3051 3416 3122 quidam
3435 3051 3646 3105 dicebat
3683 3066 3699 3104 :

2135 3149 2267 3215 Quid
2293 3147 2510 3202 lucidius
2539 3148 2748 3200 sole?et
2769 3146 2850 3198 hic
2870 3145 3035 3213 deﬁcit
3064 3144 3248 3212 (Eccli.
3290 3144 3374 3195 η.
3435 3140 3552 3211 50).
3589 3139 3698 3194 Nec

2130 3255 2193 3294 es
2222 3240 2324 3294 hoc
2371 3248 2573 3292 tantum
2621 3237 2785 3306 ipsius
2836 3235 3249 3290 imbecillitatem
3298 3232 3478 3286 videre
3519 3230 3698 3295 datur,

2130 3331 2223 3386 sed
2250 3331 2406 3384 etiam
2434 3329 2485 3383 in
2508 3327 2725 3382 nubium
2749 3326 3113 3381 concursibus.
3155 3323 3302 3378 Nube
3333 3323 3488 3392 igitur
3505 3320 3702 3388 saepius

2130 3421 2314 3476 subtus
2329 3419 2777 3485 currente,radios
2799 3418 3168 3483 immittens,et
3188 3416 3382 3469 nubem
3401 3411 3702 3467 discindere

2130 3527 2372 3580 conatus,
2404 3531 2508 3569 non
2533 3510 2826 3582 prmvaluit,
2848 3526 2966 3565 cum
2989 3519 3128 3564 esset
3149 3507 3318 3562 nubes
3333 3505 3581 3569 crassior,
3603 3518 3703 3558 nec

2131 3608 2231 3676 ipsi
2261 3605 2452 3662 cedere
2478 3605 2657 3660 vellet.
2696 3602 2804 3658 Sed
2830 3601 3054 3667 semina,
3085 3600 3284 3670 inquit,
3317 3599 3482 3653 nutrit
3511 3616 3524 3653 :
3552 3598 3700 3669 atqui

2130 3712 2238 3752 non
2261 3697 2372 3765 ipse
2389 3696 2555 3750 nutrit
2576 3695 2744 3760 solus,
2770 3693 2863 3749 sed
2885 3702 2939 3748 et
2957 3679 3112 3747 terra:
3140 3691 3338 3761 indiget
3383 3705 3445 3744 ac
3471 3690 3624 3755 roris,
3649 3700 3704 3745 et

2131 3789 2424 3858 pluviarum
2446 3796 2605 3856 atque
2633 3795 2931 3849 ventorum,
2965 3792 3018 3838 et
3032 3783 3185 3838 bona:
3215 3790 3586 3852 tempestatum
3607 3795 3706 3834 an-

2131 3880 2184 3934 ni
2211 3877 2626 3943 distributionis;
2650 3877 2752 3932 nisi
2777 3876 2892 3932 hinc
2917 3875 3092 3931 omnia
3107 3874 3487 3939 concurrerint,
3507 3886 3706 3943 super-

2131 3971 2276 4027 ﬂuus
2307 3971 2366 4025 lit
2389 3970 2520 4025 solis
2548 3986 2696 4024 usus.

2202 4061 2298 4116 Dei
2320 4060 2479 4116 solius
2509 4061 2766 4130 proprium
2808 4077 2910 4114 non
2944 4059 3185 4130 indigere.
3212 4088 3283 4098 —
3307 4057 3420 4113 Hoc
3444 4073 3571 4112 vero
3601 4055 3698 4111 Dei

2132 4169 2236 4207 non
2264 4161 2364 4216 est,
2390 4151 2457 4205 ad
2497 4166 2559 4205 ea
2587 4150 2821 4205 facienda
2848 4165 2965 4220 qua:
2993 4151 3125 4212 vult,
3156 4148 3274 4203 aliis
3311 4148 3580 4218 indigere:
3609 4146 3703 4200 Dei

2131 4245 2272 4299 enim
2302 4242 2532 4298 maxime
2561 4241 2850 4310 proprium,
2873 4256 2978 4295 non
3002 4241 3254 4309 indigere.
3286 4238 3403 4309 Ipse
3428 4238 3566 4291 enim
3596 4251 3704 4290 non

2132 4337 2209 4391 sic
2245 4349 2277 4390 e
2331 4344 2470 4390 terra
2517 4334 2719 4388 semina
2770 4333 3004 4403 protulit,
3053 4332 3146 4388 sed
3198 4341 3397 4384 tantum
3431 4329 3609 4400 jussit,
3652 4337 3708 4383 et

2133 4429 2310 4484 Omnia
2340 4427 2787 4497 germinavernnt.
2819 4427 2881 4480 Et
2906 4441 3116 4480 rursum
3145 4434 3200 4479 ut
3224 4425 3418 4488 discas,
3455 4440 3558 4477 non
3594 4424 3710 4478 ele-

2133 4528 2426 4574 mentorum
2458 4527 2719 4582 naturam,
2752 4516 2845 4571 sed
2889 4515 3054 4586 ipsius
3090 4514 3394 4568 mandatum
3421 4513 3593 4566 omnia
3625 4513 3705 4565 la-

2131 4627 2274 4677 cere,
2312 4610 2528 4680 ipsaque
2556 4608 2839 4673 elementa,
2881 4622 2999 4676 quae
3041 4621 3146 4660 non
3185 4614 3356 4670 erant,
3386 4603 3704 4673 producere,

2131 4701 2331 4757 Jutlaris
2377 4701 2574 4756 nullius
2609 4715 2711 4766 ope
2741 4714 2929 4752 manna
2968 4698 3217 4752 demisit:
3249 4697 3462 4760 Panem,
3512 4695 3707 4765 inquit,

2131 4795 2240 4847 εωιὶ
2283 4794 2419 4847 dedit
2458 4794 2529 4845 eis
2574 4791 2741 4860 (Psal.
2775 4791 2860 4844 77.
2887 4789 3000 4860 24).
3051 4783 3116 4843 Et
3143 4789 3268 4858 quid
3296 4788 3414 4842 (lico
3439 4787 3606 4840 solem
3637 4785 3707 4839 ad

2131 4885 2393 4938 fructuum
2424 4883 2807 4951 vegetationcm
2837 4881 3285 4948 mutationemque
3324 4878 3444 4932 aliis
3468 4876 3710 4946 indigere

2130 4975 2428 5035 elementis,
2451 4989 2570 5027 cum
2594 4981 2648 5027 ct
2677 4972 2856 5026 multis
2881 4971 2946 5026 ad
2967 4971 3046 5025 sui
3071 4971 3498 5024 constitutionem
3529 4978 3707 5038 egeat,

2133 5082 2228 5121 nec
2255 5066 2368 5135 ipse
2396 5065 2493 5118 sibi
2524 5062 2769 5117 sufﬁcere
2795 5061 3034 5132 possit‘?
3063 5061 3266 5130 Quippe
3291 5071 3348 5114 ut
3368 5059 3545 5122 vadat,
3574 5059 3712 5112 calo

2131 5157 2349 5228 indiget,
2379 5165 2624 5225 tanquam
2653 5155 2951 5223 pavimento
2977 5152 3204 5222 quodam
3233 5152 3504 5220 supposito
3530 5167 3543 5205 :
3570 5159 3625 5203 et
3651 5157 3708 5203 ut

2129 5252 2324 5316 luceat,
2350 5250 2488 5303 aeris
2509 5249 2732 5316 puritate
2760 5257 2816 5302 et
2844 5249 3117 5301 tenuitate.
3144 5245 3296 5312 Quod
3323 5245 3365 5298 si
3404 5242 3489 5297 hic
3517 5251 3711 5310 praeter

2131 5342 2346 5396 modum
2374 5341 2646 5404 densetur,
2671 5340 2758 5394 ille
2788 5339 2958 5393 lucem
2991 5352 3141 5390 suam
3169 5335 3449 5390 ostendere
3479 5350 3583 5387 non
3615 5348 3708 5401 po-

2193 5497 2211 5527 ι
2246 5495 2329 5542 Hic
2354 5495 2510 5544 secuti
2545 5505 2714 5542 sumus
2739 5492 2978 5541 Savilium.
3004 5487 3320 5552 Apudguorel.
3348 5493 3400 5535 et
3434 5481 3709 5552 Montcfalc.

2129 5558 2198 5606 sic
2220 5555 2369 5606 habet
2392 5557 2469 5605 hic
2515 5554 2649 5605 locus
2671 5554 2951 5604 mutilatas:
2979 5544 3181 5609 Et'quid
3223 5549 3333 5598 (lico
3371 5545 3494 5609 quod
3519 5544 3583 5593 ad
3603 5546 3715 5609 [ιη-

2130 5625 2296 5690 ctuuin
2316 5617 2648 5690 vegetationem
2685 5616 2794 5690 (diis
2831 5614 3012 5690 indiget
3035 5607 3277 5690 elementis
3299 5609 3324 5660 1’
3361 5607 3425 5659 ad
3459 5607 3717 5672 propriam

2132 5673 2507 5734 cumulationem
2522 5692 2615 5730 non
2637 5676 2870 5742 sufﬁceret
2893 5673 2992 5741 ipse
3015 5673 3124 5726 sibi.
