  <div class='ocr_page' id='page_1' title='image "/cluster/home/n/w/nwhite01/storage/ocr_20150623/49/hvd.32044054086806/117.png"; bbox 0 0 4070 6208; ppageno 0'>
   <div class='ocr_carea' id='block_1_1' title="bbox 393 258 513 345">
    <p class='ocr_par' dir='ltr' id='par_1_1' title="bbox 393 258 513 345">
     <span class='ocr_line' id='line_1_1' title="bbox 393 258 513 345; baseline -0.017 0"><span class='ocrx_word' id='word_1_1' title='bbox 393 258 513 345; x_wconf 70' lang='grc' dir='ltr'>ιη’</span> 
     </span>
    </p>
   </div>
   <div class='ocr_carea' id='block_1_2' title="bbox 389 405 2060 482">
    <p class='ocr_par' dir='ltr' id='par_1_2' title="bbox 389 405 2060 482">
     <span class='ocr_line' id='line_1_2' title="bbox 389 405 2060 482; baseline -0.001 -21"><span class='ocrx_word' id='word_1_2' title='bbox 389 408 485 462; x_wconf 75' lang='grc' dir='ltr'>καὶ</span> <span class='ocrx_word' id='word_1_3' title='bbox 522 408 609 462; x_wconf 80' lang='grc' dir='ltr'>ἵνα</span> <span class='ocrx_word' id='word_1_4' title='bbox 644 408 720 479; x_wconf 81' lang='grc' dir='ltr'>μὴ</span> <span class='ocrx_word' id='word_1_5' title='bbox 750 408 914 461; x_wconf 85' lang='grc' dir='ltr'>πᾶσιν</span> <span class='ocrx_word' id='word_1_6' title='bbox 944 407 1216 480; x_wconf 83' lang='grc' dir='ltr'>ἀφόρητος</span> <span class='ocrx_word' id='word_1_7' title='bbox 1244 405 1301 482; x_wconf 82' lang='grc' dir='ltr'>ᾖ,</span> <span class='ocrx_word' id='word_1_8' title='bbox 1337 409 1472 480; x_wconf 86' lang='grc' dir='ltr'>μηδὲ</span> <span class='ocrx_word' id='word_1_9' title='bbox 1495 408 1817 480; x_wconf 79' lang='grc' dir='ltr'>κατακαύσῃ</span> <span class='ocrx_word' id='word_1_10' title='bbox 1859 407 2060 469; x_wconf 88' lang='grc' dir='ltr'>πάντα,</span> 
     </span>
    </p>
   </div>
   <div class='ocr_carea' id='block_1_3' title="bbox 385 493 2057 569">
    <p class='ocr_par' dir='ltr' id='par_1_3' title="bbox 385 493 2057 569">
     <span class='ocr_line' id='line_1_3' title="bbox 385 493 2057 569; baseline -0.002 -19"><span class='ocrx_word' id='word_1_11' title='bbox 385 496 725 567; x_wconf 72' lang='grc' dir='ltr'>ψυχρότητος</span> <span class='ocrx_word' id='word_1_12' title='bbox 753 496 924 551; x_wconf 87' lang='grc' dir='ltr'>δεῖται</span> <span class='ocrx_word' id='word_1_13' title='bbox 953 496 1114 551; x_wconf 86' lang='grc' dir='ltr'>πάλιν</span> <span class='ocrx_word' id='word_1_14' title='bbox 1149 498 1245 551; x_wconf 74' lang='grc' dir='ltr'>καὶ</span> <span class='ocrx_word' id='word_1_15' title='bbox 1287 498 1675 569; x_wconf 83' lang='grc' dir='ltr'>δρόσου.”οταν</span> <span class='ocrx_word' id='word_1_16' title='bbox 1707 493 1800 551; x_wconf 85' lang='grc' dir='ltr'>οῦν</span> <span class='ocrx_word' id='word_1_17' title='bbox 1829 496 1924 550; x_wconf 77' lang='grc' dir='ltr'>καὶ</span> <span class='ocrx_word' id='word_1_18' title='bbox 1961 511 2057 547; x_wconf 88' lang='grc' dir='ltr'>πε-</span> 
     </span>
    </p>
   </div>
   <div class='ocr_carea' id='block_1_4' title="bbox 389 581 2054 657">
    <p class='ocr_par' dir='ltr' id='par_1_4' title="bbox 389 581 2054 657">
     <span class='ocr_line' id='line_1_4' title="bbox 389 581 2054 657; baseline -0.001 -22"><span class='ocrx_word' id='word_1_19' title='bbox 389 583 660 654; x_wconf 91' lang='grc' dir='ltr'>ριγίνηται</span> <span class='ocrx_word' id='word_1_20' title='bbox 687 584 850 638; x_wconf 84' lang='grc' dir='ltr'>αὑτοῦ</span> <span class='ocrx_word' id='word_1_21' title='bbox 878 588 1115 654; x_wconf 89' lang='grc' dir='ltr'>στοιχεῖα</span> <span class='ocrx_word' id='word_1_22' title='bbox 1134 584 1315 656; x_wconf 80' lang='grc' dir='ltr'>ἕτερα,</span> <span class='ocrx_word' id='word_1_23' title='bbox 1344 586 1437 639; x_wconf 79' lang='grc' dir='ltr'>καὶ</span> <span class='ocrx_word' id='word_1_24' title='bbox 1458 586 1556 657; x_wconf 85' lang='grc' dir='ltr'>τὴν</span> <span class='ocrx_word' id='word_1_25' title='bbox 1577 585 1862 639; x_wconf 88' lang='grc' dir='ltr'>ἀσθένειαν</span> <span class='ocrx_word' id='word_1_26' title='bbox 1889 581 2054 636; x_wconf 85' lang='grc' dir='ltr'>αὑτοῦ</span> 
     </span>
    </p>
   </div>
   <div class='ocr_carea' id='block_1_5' title="bbox 386 669 2058 743">
    <p class='ocr_par' dir='ltr' id='par_1_5' title="bbox 386 669 2058 743">
     <span class='ocr_line' id='line_1_5' title="bbox 386 669 2058 743; baseline -0.001 -20"><span class='ocrx_word' id='word_1_27' title='bbox 386 669 668 741; x_wconf 88' lang='grc' dir='ltr'>διορθῶται</span> <span class='ocrx_word' id='word_1_28' title='bbox 703 671 1082 743; x_wconf 78' lang='grc' dir='ltr'>(περιγίνεται</span> <span class='ocrx_word' id='word_1_29' title='bbox 1119 673 1217 743; x_wconf 85' lang='grc' dir='ltr'>μὲν</span> <span class='ocrx_word' id='word_1_30' title='bbox 1247 673 1323 737; x_wconf 88' lang='grc' dir='ltr'>ὼς</span> <span class='ocrx_word' id='word_1_31' title='bbox 1350 674 1568 743; x_wconf 82' lang='grc' dir='ltr'>νεφέλαι</span> <span class='ocrx_word' id='word_1_32' title='bbox 1614 673 1709 727; x_wconf 75' lang='grc' dir='ltr'>καὶ</span> <span class='ocrx_word' id='word_1_33' title='bbox 1744 674 1932 742; x_wconf 83' lang='grc' dir='ltr'>τοῖχοι,</span> <span class='ocrx_word' id='word_1_34' title='bbox 1965 669 2058 723; x_wconf 76' lang='grc' dir='ltr'>καὶ</span> 
     </span>
    </p>
   </div>
   <div class='ocr_carea' id='block_1_6' title="bbox 385 755 2052 830">
    <p class='ocr_par' dir='ltr' id='par_1_6' title="bbox 385 755 2052 830">
     <span class='ocr_line' id='line_1_6' title="bbox 385 755 2052 830; baseline -0.001 -20"><span class='ocrx_word' id='word_1_35' title='bbox 385 755 521 810; x_wconf 76' lang='grc' dir='ltr'>ἄλλα</span> <span class='ocrx_word' id='word_1_36' title='bbox 551 758 671 812; x_wconf 86' lang='grc' dir='ltr'>τινά</span> <span class='ocrx_word' id='word_1_37' title='bbox 704 757 929 830; x_wconf 88' lang='grc' dir='ltr'>σώματα</span> <span class='ocrx_word' id='word_1_38' title='bbox 952 759 1373 830; x_wconf 81' lang='grc' dir='ltr'>ἀποκρύπτοντα</span> <span class='ocrx_word' id='word_1_39' title='bbox 1413 758 1578 814; x_wconf 74' lang='grc' dir='ltr'>αὑτοῦ</span> <span class='ocrx_word' id='word_1_40' title='bbox 1613 761 1673 813; x_wconf 89' lang='grc' dir='ltr'>τὸ</span> <span class='ocrx_word' id='word_1_41' title='bbox 1718 759 1833 829; x_wconf 91' lang='grc' dir='ltr'>φῶς</span> <span class='ocrx_word' id='word_1_42' title='bbox 1854 774 1866 787; x_wconf 70' lang='grc'><strong><em>⁸</em></strong></span> <span class='ocrx_word' id='word_1_43' title='bbox 1918 756 2052 827; x_wconf 72' lang='grc' dir='ltr'>διορι</span> 
     </span>
    </p>
   </div>
   <div class='ocr_carea' id='block_1_7' title="bbox 386 842 2057 917">
    <p class='ocr_par' dir='ltr' id='par_1_7' title="bbox 386 842 2057 917">
     <span class='ocr_line' id='line_1_7' title="bbox 386 842 2057 917; baseline 0.001 -21"><span class='ocrx_word' id='word_1_44' title='bbox 386 842 574 898; x_wconf 85' lang='grc' dir='ltr'>θοῦται</span> <span class='ocrx_word' id='word_1_45' title='bbox 596 845 654 899; x_wconf 87' lang='grc' dir='ltr'>δὲ</span> <span class='ocrx_word' id='word_1_46' title='bbox 680 844 844 900; x_wconf 85' lang='grc' dir='ltr'>αὑτοῦ</span> <span class='ocrx_word' id='word_1_47' title='bbox 873 845 971 917; x_wconf 83' lang='grc' dir='ltr'>τὴν</span> <span class='ocrx_word' id='word_1_48' title='bbox 1001 845 1266 917; x_wconf 82' lang='grc' dir='ltr'>ἀμετρίαν</span> <span class='ocrx_word' id='word_1_49' title='bbox 1294 847 1370 912; x_wconf 87' lang='grc' dir='ltr'>ὡς</span> <span class='ocrx_word' id='word_1_50' title='bbox 1397 847 1598 910; x_wconf 83' lang='grc' dir='ltr'>δρόσοι,</span> <span class='ocrx_word' id='word_1_51' title='bbox 1624 845 1720 899; x_wconf 77' lang='grc' dir='ltr'>καὶ</span> <span class='ocrx_word' id='word_1_52' title='bbox 1750 844 1944 917; x_wconf 72' lang='grc' dir='ltr'>πηγαὶ,</span> <span class='ocrx_word' id='word_1_53' title='bbox 1964 844 2057 897; x_wconf 76' lang='grc' dir='ltr'>καὶ</span> 
     </span>
    </p>
   </div>
   <div class='ocr_carea' id='block_1_8' title="bbox 384 926 2056 1005">
    <p class='ocr_par' dir='ltr' id='par_1_8' title="bbox 384 926 2056 1005">
     <span class='ocr_line' id='line_1_8' title="bbox 384 926 2056 1005; baseline 0.001 -21"><span class='ocrx_word' id='word_1_54' title='bbox 384 930 663 1005; x_wconf 74' lang='grc' dir='ltr'>ψυχρότης</span> <span class='ocrx_word' id='word_1_55' title='bbox 687 933 893 1005; x_wconf 82' lang='grc' dir='ltr'>ἀέρος),</span> <span class='ocrx_word' id='word_1_56' title='bbox 920 933 1037 996; x_wconf 86' lang='grc' dir='ltr'>πῶς</span> <span class='ocrx_word' id='word_1_57' title='bbox 1061 932 1128 986; x_wconf 84' lang='grc' dir='ltr'>ἂν</span> <span class='ocrx_word' id='word_1_58' title='bbox 1157 926 1312 996; x_wconf 74' lang='grc' dir='ltr'>οὗτος</span> <span class='ocrx_word' id='word_1_59' title='bbox 1346 935 1432 1003; x_wconf 74' lang='grc' dir='ltr'>εἴη</span> <span class='ocrx_word' id='word_1_60' title='bbox 1452 928 1619 1000; x_wconf 83' lang='grc' dir='ltr'>Θεός;</span> <span class='ocrx_word' id='word_1_61' title='bbox 1657 932 1759 986; x_wconf 89' lang='grc' dir='ltr'>Τὸν</span> <span class='ocrx_word' id='word_1_62' title='bbox 1787 931 1895 1003; x_wconf 85' lang='grc' dir='ltr'>γάρ</span> <span class='ocrx_word' id='word_1_63' title='bbox 1924 931 2056 985; x_wconf 86' lang='grc' dir='ltr'>Θεὸν</span> 
     </span>
    </p>
   </div>
   <div class='ocr_carea' id='block_1_9' title="bbox 385 1017 2058 1093">
    <p class='ocr_par' dir='ltr' id='par_1_9' title="bbox 385 1017 2058 1093">
     <span class='ocr_line' id='line_1_9' title="bbox 385 1017 2058 1093; baseline 0.001 -21"><span class='ocrx_word' id='word_1_64' title='bbox 385 1020 609 1091; x_wconf 87' lang='grc' dir='ltr'>ἀνενδεῆ</span> <span class='ocrx_word' id='word_1_65' title='bbox 635 1017 772 1074; x_wconf 74' lang='grc' dir='ltr'>εἶναι</span> <span class='ocrx_word' id='word_1_66' title='bbox 802 1021 930 1093; x_wconf 80' lang='grc' dir='ltr'>χρὴ,</span> <span class='ocrx_word' id='word_1_67' title='bbox 953 1021 1047 1074; x_wconf 71' lang='grc' dir='ltr'>καὶ</span> <span class='ocrx_word' id='word_1_68' title='bbox 1072 1020 1300 1091; x_wconf 85' lang='grc' dir='ltr'>μηδενὸς</span> <span class='ocrx_word' id='word_1_69' title='bbox 1323 1020 1551 1085; x_wconf 89' lang='grc' dir='ltr'>δεῖσθαι,</span> <span class='ocrx_word' id='word_1_70' title='bbox 1574 1020 1668 1074; x_wconf 76' lang='grc' dir='ltr'>καὶ</span> <span class='ocrx_word' id='word_1_71' title='bbox 1697 1022 1861 1074; x_wconf 81' lang='grc' dir='ltr'>πᾶσιν</span> <span class='ocrx_word' id='word_1_72' title='bbox 1884 1021 2058 1074; x_wconf 86' lang='grc' dir='ltr'>ἀπάν-</span> 
     </span>
    </p>
   </div>
   <div class='ocr_carea' id='block_1_10' title="bbox 384 1104 2056 1180">
    <p class='ocr_par' dir='ltr' id='par_1_10' title="bbox 384 1104 2056 1180">
     <span class='ocr_line' id='line_1_10' title="bbox 384 1104 2056 1180; baseline 0.002 -22"><span class='ocrx_word' id='word_1_73' title='bbox 384 1122 493 1159; x_wconf 97' lang='grc' dir='ltr'>των</span> <span class='ocrx_word' id='word_1_74' title='bbox 518 1104 688 1160; x_wconf 74' lang='grc' dir='ltr'>αἴτιον</span> <span class='ocrx_word' id='word_1_75' title='bbox 716 1104 852 1162; x_wconf 78' lang='grc' dir='ltr'>εἶναι</span> <span class='ocrx_word' id='word_1_76' title='bbox 880 1108 989 1163; x_wconf 88' lang='grc' dir='ltr'>τῶν</span> <span class='ocrx_word' id='word_1_77' title='bbox 1020 1108 1220 1172; x_wconf 86' lang='grc' dir='ltr'>καλῶν,</span> <span class='ocrx_word' id='word_1_78' title='bbox 1254 1108 1348 1163; x_wconf 76' lang='grc' dir='ltr'>καὶ</span> <span class='ocrx_word' id='word_1_79' title='bbox 1388 1107 1537 1180; x_wconf 82' lang='grc' dir='ltr'>παρὰ</span> <span class='ocrx_word' id='word_1_80' title='bbox 1578 1107 1804 1179; x_wconf 90' lang='grc' dir='ltr'>μηδενὸς</span> <span class='ocrx_word' id='word_1_81' title='bbox 1849 1107 2056 1161; x_wconf 88' lang='grc' dir='ltr'>κωλύε-</span> 
     </span>
    </p>
   </div>
   <div class='ocr_carea' id='block_1_11' title="bbox 387 1192 2058 1268">
    <p class='ocr_par' dir='ltr' id='par_1_11' title="bbox 387 1192 2058 1268">
     <span class='ocr_line' id='line_1_11' title="bbox 387 1192 2058 1268; baseline 0.001 -22"><span class='ocrx_word' id='word_1_82' title='bbox 387 1193 510 1247; x_wconf 88' lang='grc' dir='ltr'>σθαι</span> <span class='ocrx_word' id='word_1_83' title='bbox 532 1210 547 1226; x_wconf 83' lang='grc'><em>’</em></span> <span class='ocrx_word' id='word_1_84' title='bbox 580 1194 829 1267; x_wconf 84' lang='grc' dir='ltr'>καθάπερ</span> <span class='ocrx_word' id='word_1_85' title='bbox 877 1192 968 1251; x_wconf 85' lang='grc' dir='ltr'>οῦν</span> <span class='ocrx_word' id='word_1_86' title='bbox 1013 1198 1107 1251; x_wconf 73' lang='grc' dir='ltr'>καὶ</span> <span class='ocrx_word' id='word_1_87' title='bbox 1146 1198 1275 1268; x_wconf 75' lang='grc' dir='ltr'>περὶ</span> <span class='ocrx_word' id='word_1_88' title='bbox 1316 1195 1409 1249; x_wconf 86' lang='grc' dir='ltr'>τοῦ</span> <span class='ocrx_word' id='word_1_89' title='bbox 1435 1194 1570 1249; x_wconf 84' lang='grc' dir='ltr'>Θεοῦ</span> <span class='ocrx_word' id='word_1_90' title='bbox 1597 1213 1761 1268; x_wconf 85' lang='grc' dir='ltr'>φησιν</span> <span class='ocrx_word' id='word_1_91' title='bbox 1790 1198 1819 1249; x_wconf 97' lang='lat'>6</span> <span class='ocrx_word' id='word_1_92' title='bbox 1848 1195 2058 1261; x_wconf 79' lang='grc' dir='ltr'>Παῦλος</span> 
     </span>
    </p>
   </div>
   <div class='ocr_carea' id='block_1_12' title="bbox 384 1281 2056 1355">
    <p class='ocr_par' dir='ltr' id='par_1_12' title="bbox 384 1281 2056 1355">
     <span class='ocr_line' id='line_1_12' title="bbox 384 1281 2056 1355; baseline 0.001 -22"><span class='ocrx_word' id='word_1_93' title='bbox 384 1281 478 1335; x_wconf 73' lang='grc' dir='ltr'>καὶ</span> <span class='ocrx_word' id='word_1_94' title='bbox 503 1283 531 1334; x_wconf 92' lang='lat'>6</span> <span class='ocrx_word' id='word_1_95' title='bbox 562 1284 848 1354; x_wconf 85' lang='grc' dir='ltr'>προφήτης</span> <span class='ocrx_word' id='word_1_96' title='bbox 887 1284 1135 1348; x_wconf 81' lang='grc' dir='ltr'>Ἡσαΐας,</span> <span class='ocrx_word' id='word_1_97' title='bbox 1162 1284 1192 1336; x_wconf 92' lang='lat'>6</span> <span class='ocrx_word' id='word_1_98' title='bbox 1238 1283 1337 1354; x_wconf 82' lang='grc' dir='ltr'>μὲν</span> <span class='ocrx_word' id='word_1_99' title='bbox 1386 1282 1529 1337; x_wconf 78' lang='grc' dir='ltr'>οὕτω</span> <span class='ocrx_word' id='word_1_100' title='bbox 1573 1283 1748 1352; x_wconf 88' lang='grc' dir='ltr'>λέγων</span> <span class='ocrx_word' id='word_1_101' title='bbox 1784 1285 1849 1336; x_wconf 86' lang='grc' dir='ltr'>ἐκ</span> <span class='ocrx_word' id='word_1_102' title='bbox 1889 1300 2056 1355; x_wconf 78' lang='grc' dir='ltr'>προσο</span> 
     </span>
    </p>
   </div>
   <div class='ocr_carea' id='block_1_13' title="bbox 384 1366 2055 1440">
    <p class='ocr_par' dir='ltr' id='par_1_13' title="bbox 384 1366 2055 1440">
     <span class='ocr_line' id='line_1_13' title="bbox 384 1366 2055 1440; baseline 0.004 -21"><span class='ocrx_word' id='word_1_103' title='bbox 384 1366 535 1421; x_wconf 85' lang='grc' dir='ltr'>ώπου</span> <span class='ocrx_word' id='word_1_104' title='bbox 570 1368 755 1423; x_wconf 78' lang='grc' dir='ltr'>αὐτοῦ’</span> <span class='ocrx_word' id='word_1_105' title='bbox 800 1370 910 1424; x_wconf 81' lang='grc' dir='ltr'>Τόν</span> <span class='ocrx_word' id='word_1_106' title='bbox 938 1372 1200 1438; x_wconf 73' lang='grc' dir='ltr'>οὐρανὸν</span> <span class='ocrx_word' id='word_1_107' title='bbox 1229 1370 1330 1424; x_wconf 81' lang='grc' dir='ltr'>καὶ</span> <span class='ocrx_word' id='word_1_108' title='bbox 1361 1370 1473 1438; x_wconf 79' lang='grc' dir='ltr'>τὴν</span> <span class='ocrx_word' id='word_1_109' title='bbox 1513 1370 1632 1440; x_wconf 75' lang='grc' dir='ltr'>γῆν</span> <span class='ocrx_word' id='word_1_110' title='bbox 1670 1371 1784 1440; x_wconf 78' lang='grc' dir='ltr'>ἐγὼ</span> <span class='ocrx_word' id='word_1_111' title='bbox 1827 1370 2055 1439; x_wconf 79' lang='grc' dir='ltr'>πληρῶ,</span> 
     </span>
    </p>
   </div>
   <div class='ocr_carea' id='block_1_14' title="bbox 382 1454 2059 1528">
    <p class='ocr_par' dir='ltr' id='par_1_14' title="bbox 382 1454 2059 1528">
     <span class='ocr_line' id='line_1_14' title="bbox 382 1454 2059 1528; baseline 0.002 -20"><span class='ocrx_word' id='word_1_112' title='bbox 382 1454 546 1525; x_wconf 75' lang='grc' dir='ltr'>λέγει</span> <span class='ocrx_word' id='word_1_113' title='bbox 578 1458 825 1525; x_wconf 81' lang='grc' dir='ltr'>Κύριος’</span> <span class='ocrx_word' id='word_1_114' title='bbox 862 1458 958 1511; x_wconf 74' lang='grc' dir='ltr'>καὶ</span> <span class='ocrx_word' id='word_1_115' title='bbox 991 1458 1171 1512; x_wconf 60' lang='grc' dir='ltr'>πάλιν</span> <span class='ocrx_word' id='word_1_116' title='bbox 1211 1458 1358 1524; x_wconf 86' lang='grc' dir='ltr'>Θεὸς</span> <span class='ocrx_word' id='word_1_117' title='bbox 1385 1457 1628 1528; x_wconf 77' lang='grc' dir='ltr'>ἐγγίζων</span> <span class='ocrx_word' id='word_1_118' title='bbox 1650 1457 1764 1525; x_wconf 75' lang='grc' dir='ltr'>ἐγώ</span> <span class='ocrx_word' id='word_1_119' title='bbox 1788 1460 1924 1526; x_wconf 79' lang='grc' dir='ltr'>εἰμι,</span> <span class='ocrx_word' id='word_1_120' title='bbox 1960 1457 2059 1511; x_wconf 82' lang='grc' dir='ltr'>καὶ</span> 
     </span>
    </p>
   </div>
   <div class='ocr_carea' id='block_1_15' title="bbox 382 1541 2060 1615">
    <p class='ocr_par' dir='ltr' id='par_1_15' title="bbox 382 1541 2060 1615">
     <span class='ocr_line' id='line_1_15' title="bbox 382 1541 2060 1615; baseline 0.002 -20"><span class='ocrx_word' id='word_1_121' title='bbox 382 1544 455 1596; x_wconf 83' lang='grc' dir='ltr'>οὐ</span> <span class='ocrx_word' id='word_1_122' title='bbox 505 1543 649 1611; x_wconf 79' lang='grc' dir='ltr'>Θεὸς</span> <span class='ocrx_word' id='word_1_123' title='bbox 680 1545 1014 1615; x_wconf 77' lang='grc' dir='ltr'>πόρρωθεν·</span> <span class='ocrx_word' id='word_1_124' title='bbox 1053 1545 1147 1599; x_wconf 74' lang='grc' dir='ltr'>καὶ</span> <span class='ocrx_word' id='word_1_125' title='bbox 1186 1545 1348 1600; x_wconf 86' lang='grc' dir='ltr'>πάλιν</span> <span class='ocrx_word' id='word_1_126' title='bbox 1373 1547 1402 1598; x_wconf 94' lang='lat'>6</span> <span class='ocrx_word' id='word_1_127' title='bbox 1434 1545 1615 1599; x_wconf 83' lang='grc' dir='ltr'>Δαυῖδ·</span> <span class='ocrx_word' id='word_1_128' title='bbox 1652 1541 1811 1599; x_wconf 84' lang='grc' dir='ltr'>Εἷπα</span> <span class='ocrx_word' id='word_1_129' title='bbox 1838 1544 1919 1610; x_wconf 86' lang='grc' dir='ltr'>τῷ</span> <span class='ocrx_word' id='word_1_130' title='bbox 1943 1549 2060 1599; x_wconf 84' lang='grc' dir='ltr'>Κυ-</span> 
     </span>
    </p>
   </div>
   <div class='ocr_carea' id='block_1_16' title="bbox 377 1627 2060 1704">
    <p class='ocr_par' dir='ltr' id='par_1_16' title="bbox 377 1627 2060 1704">
     <span class='ocr_line' id='line_1_16' title="bbox 377 1627 2060 1704; baseline 0.001 -21"><span class='ocrx_word' id='word_1_131' title='bbox 377 1629 506 1697; x_wconf 80' lang='grc' dir='ltr'>ρίῳ’</span> <span class='ocrx_word' id='word_1_132' title='bbox 528 1632 742 1700; x_wconf 85' lang='grc' dir='ltr'>Κύριός</span> <span class='ocrx_word' id='word_1_133' title='bbox 757 1650 875 1700; x_wconf 82' lang='grc' dir='ltr'>μου</span> <span class='ocrx_word' id='word_1_134' title='bbox 897 1627 959 1685; x_wconf 84' lang='grc' dir='ltr'>εἷ</span> <span class='ocrx_word' id='word_1_135' title='bbox 973 1631 1074 1695; x_wconf 84' lang='grc' dir='ltr'>σὺ,</span> <span class='ocrx_word' id='word_1_136' title='bbox 1100 1632 1188 1687; x_wconf 84' lang='grc' dir='ltr'>ὅτι</span> <span class='ocrx_word' id='word_1_137' title='bbox 1215 1632 1332 1687; x_wconf 84' lang='grc' dir='ltr'>τῶν</span> <span class='ocrx_word' id='word_1_138' title='bbox 1353 1631 1590 1704; x_wconf 64' lang='grc' dir='ltr'>ἀγαθῶν</span> <span class='ocrx_word' id='word_1_139' title='bbox 1612 1650 1730 1702; x_wconf 85' lang='grc' dir='ltr'>μου</span> <span class='ocrx_word' id='word_1_140' title='bbox 1752 1634 1824 1686; x_wconf 85' lang='grc' dir='ltr'>οὐ</span> <span class='ocrx_word' id='word_1_141' title='bbox 1848 1632 2060 1701; x_wconf 80' lang='grc' dir='ltr'>χρείαν</span> 
     </span>
    </p>
   </div>
   <div class='ocr_carea' id='block_1_17' title="bbox 380 1718 2060 1793">
    <p class='ocr_par' dir='ltr' id='par_1_17' title="bbox 380 1718 2060 1793">
     <span class='ocr_line' id='line_1_17' title="bbox 380 1718 2060 1793; baseline 0.002 -22"><span class='ocrx_word' id='word_1_142' title='bbox 380 1718 561 1787; x_wconf 78' lang='grc' dir='ltr'>ἔχεις.</span> <span class='ocrx_word' id='word_1_143' title='bbox 580 1720 637 1773; x_wconf 86' lang='grc' dir='ltr'>ὐ</span> <span class='ocrx_word' id='word_1_144' title='bbox 664 1719 721 1773; x_wconf 88' lang='grc' dir='ltr'>δέ</span> <span class='ocrx_word' id='word_1_145' title='bbox 748 1719 959 1786; x_wconf 78' lang='grc' dir='ltr'>Παῦλος</span> <span class='ocrx_word' id='word_1_146' title='bbox 989 1722 1049 1775; x_wconf 88' lang='grc' dir='ltr'>τὸ</span> <span class='ocrx_word' id='word_1_147' title='bbox 1082 1721 1327 1786; x_wconf 87' lang='grc' dir='ltr'>ἀνενδεές</span> <span class='ocrx_word' id='word_1_148' title='bbox 1373 1720 1538 1775; x_wconf 88' lang='grc' dir='ltr'>αὑτοῦ</span> <span class='ocrx_word' id='word_1_149' title='bbox 1584 1720 1778 1793; x_wconf 85' lang='grc' dir='ltr'>δηλῶν,</span> <span class='ocrx_word' id='word_1_150' title='bbox 1814 1723 1911 1775; x_wconf 79' lang='grc' dir='ltr'>καὶ</span> <span class='ocrx_word' id='word_1_151' title='bbox 1952 1720 2060 1774; x_wconf 89' lang='grc' dir='ltr'>δει-</span> 
     </span>
    </p>
   </div>
   <div class='ocr_carea' id='block_1_18' title="bbox 382 1806 2059 1880">
    <p class='ocr_par' dir='ltr' id='par_1_18' title="bbox 382 1806 2059 1880">
     <span class='ocr_line' id='line_1_18' title="bbox 382 1806 2059 1880; baseline 0.002 -22"><span class='ocrx_word' id='word_1_152' title='bbox 382 1806 514 1868; x_wconf 78' lang='grc' dir='ltr'>κνὺς</span> <span class='ocrx_word' id='word_1_153' title='bbox 532 1807 614 1860; x_wconf 84' lang='grc' dir='ltr'>ὃτι</span> <span class='ocrx_word' id='word_1_154' title='bbox 644 1808 930 1880; x_wconf 84' lang='grc' dir='ltr'>ἀμφότερα</span> <span class='ocrx_word' id='word_1_155' title='bbox 952 1808 1127 1863; x_wconf 86' lang='grc' dir='ltr'>ταῦτα</span> <span class='ocrx_word' id='word_1_156' title='bbox 1155 1810 1391 1880; x_wconf 88' lang='grc' dir='ltr'>μάλιστά</span> <span class='ocrx_word' id='word_1_157' title='bbox 1416 1812 1531 1863; x_wconf 90' lang='grc' dir='ltr'>ἐστι</span> <span class='ocrx_word' id='word_1_158' title='bbox 1561 1809 1717 1873; x_wconf 86' lang='grc' dir='ltr'>Θεοῦ,</span> <span class='ocrx_word' id='word_1_159' title='bbox 1740 1809 1800 1862; x_wconf 91' lang='grc' dir='ltr'>τὸ</span> <span class='ocrx_word' id='word_1_160' title='bbox 1830 1808 2059 1879; x_wconf 89' lang='grc' dir='ltr'>μηδενὸς</span> 
     </span>
    </p>
   </div>
   <div class='ocr_carea' id='block_1_19' title="bbox 380 1891 2058 1969">
    <p class='ocr_par' dir='ltr' id='par_1_19' title="bbox 380 1891 2058 1969">
     <span class='ocr_line' id='line_1_19' title="bbox 380 1891 2058 1969; baseline 0.002 -24"><span class='ocrx_word' id='word_1_161' title='bbox 380 1891 609 1958; x_wconf 88' lang='grc' dir='ltr'>δεῖσθαι,</span> <span class='ocrx_word' id='word_1_162' title='bbox 639 1896 734 1948; x_wconf 66' lang='grc' dir='ltr'>καί⁵</span> <span class='ocrx_word' id='word_1_163' title='bbox 779 1898 944 1950; x_wconf 81' lang='grc' dir='ltr'>πᾶσιν</span> <span class='ocrx_word' id='word_1_164' title='bbox 992 1898 1155 1952; x_wconf 84' lang='grc' dir='ltr'>αὑτὸν</span> <span class='ocrx_word' id='word_1_165' title='bbox 1189 1898 1405 1953; x_wconf 76' lang='grc' dir='ltr'>ἅπαντα</span> <span class='ocrx_word' id='word_1_166' title='bbox 1446 1899 1725 1969; x_wconf 81' lang='grc' dir='ltr'>χορηγεῖν,</span> <span class='ocrx_word' id='word_1_167' title='bbox 1750 1895 1893 1950; x_wconf 77' lang='grc' dir='ltr'>οὕτω</span> <span class='ocrx_word' id='word_1_168' title='bbox 1938 1895 2058 1961; x_wconf 82' lang='grc' dir='ltr'>πῶς</span> 
     </span>
    </p>
   </div>
   <div class='ocr_carea' id='block_1_20' title="bbox 383 1982 2059 2054">
    <p class='ocr_par' dir='ltr' id='par_1_20' title="bbox 383 1982 2059 2054">
     <span class='ocr_line' id='line_1_20' title="bbox 383 1982 2059 2054; baseline 0.003 -22"><span class='ocrx_word' id='word_1_169' title='bbox 383 1997 548 2050; x_wconf 87' lang='grc' dir='ltr'>φησιν</span> <span class='ocrx_word' id='word_1_170' title='bbox 566 1997 581 2012; x_wconf 74' lang='grc'><strong><em>⁸</em></strong></span> <span class='ocrx_word' id='word_1_171' title='bbox 625 1982 678 2034; x_wconf 86' lang='lat'>&#39;0</span> <span class='ocrx_word' id='word_1_172' title='bbox 711 1984 855 2050; x_wconf 75' lang='grc' dir='ltr'>Θεὸς</span> <span class='ocrx_word' id='word_1_173' title='bbox 885 1987 919 2038; x_wconf 81' lang='grc' dir='ltr'><em>ὁ</em></span> <span class='ocrx_word' id='word_1_174' title='bbox 950 1984 1212 2051; x_wconf 79' lang='grc' dir='ltr'>ποιήσας</span> <span class='ocrx_word' id='word_1_175' title='bbox 1236 1985 1345 2039; x_wconf 80' lang='grc' dir='ltr'>τὸν</span> <span class='ocrx_word' id='word_1_176' title='bbox 1376 1985 1639 2054; x_wconf 84' lang='grc' dir='ltr'>οὐρανὸν</span> <span class='ocrx_word' id='word_1_177' title='bbox 1668 1984 1765 2038; x_wconf 77' lang='grc' dir='ltr'>καὶ</span> <span class='ocrx_word' id='word_1_178' title='bbox 1795 1983 1909 2052; x_wconf 80' lang='grc' dir='ltr'>τὴν</span> <span class='ocrx_word' id='word_1_179' title='bbox 1939 1983 2059 2053; x_wconf 75' lang='grc' dir='ltr'>γῆν</span> 
     </span>
    </p>
   </div>
   <div class='ocr_carea' id='block_1_21' title="bbox 380 2067 2055 2142">
    <p class='ocr_par' dir='ltr' id='par_1_21' title="bbox 380 2067 2055 2142">
     <span class='ocr_line' id='line_1_21' title="bbox 380 2067 2055 2142; baseline 0.003 -22"><span class='ocrx_word' id='word_1_180' title='bbox 380 2067 479 2121; x_wconf 77' lang='grc' dir='ltr'>καὶ</span> <span class='ocrx_word' id='word_1_181' title='bbox 510 2068 628 2137; x_wconf 82' lang='grc' dir='ltr'>τὴν</span> <span class='ocrx_word' id='word_1_182' title='bbox 656 2069 1001 2136; x_wconf 78' lang='grc' dir='ltr'>θάλασσαν,</span> <span class='ocrx_word' id='word_1_183' title='bbox 1044 2072 1116 2126; x_wconf 81' lang='grc' dir='ltr'>οὐ</span> <span class='ocrx_word' id='word_1_184' title='bbox 1160 2071 1604 2142; x_wconf 80' lang='grc' dir='ltr'>προσδεόμενός</span> <span class='ocrx_word' id='word_1_185' title='bbox 1641 2089 1801 2138; x_wconf 83' lang='grc' dir='ltr'>τινος</span> <span class='ocrx_word' id='word_1_186' title='bbox 1851 2070 2055 2138; x_wconf 79' lang='grc' dir='ltr'>αὐτὸς,</span> 
     </span>
    </p>
   </div>
   <div class='ocr_carea' id='block_1_22' title="bbox 380 2154 1792 2226">
    <p class='ocr_par' dir='ltr' id='par_1_22' title="bbox 380 2154 1792 2226">
     <span class='ocr_line' id='line_1_22' title="bbox 380 2154 1792 2226; baseline 0.006 -20"><span class='ocrx_word' id='word_1_187' title='bbox 380 2154 587 2222; x_wconf 80' lang='grc' dir='ltr'>διδοὺς</span> <span class='ocrx_word' id='word_1_188' title='bbox 613 2155 765 2212; x_wconf 84' lang='grc' dir='ltr'>πᾶσι</span> <span class='ocrx_word' id='word_1_189' title='bbox 797 2157 951 2226; x_wconf 78' lang='grc' dir='ltr'>ζωὴν</span> <span class='ocrx_word' id='word_1_190' title='bbox 979 2159 1078 2212; x_wconf 78' lang='grc' dir='ltr'>καί</span> <span class='ocrx_word' id='word_1_191' title='bbox 1105 2159 1324 2225; x_wconf 77' lang='grc' dir='ltr'>πνοὴν,</span> <span class='ocrx_word' id='word_1_192' title='bbox 1355 2159 1453 2213; x_wconf 79' lang='grc' dir='ltr'>καὶ</span> <span class='ocrx_word' id='word_1_193' title='bbox 1482 2158 1554 2214; x_wconf 80' lang='grc' dir='ltr'>τὰ</span> <span class='ocrx_word' id='word_1_194' title='bbox 1578 2158 1792 2214; x_wconf 77' lang='grc' dir='ltr'>πάντα.</span> 
     </span>
    </p>
   </div>
   <div class='ocr_carea' id='block_1_23' title="bbox 449 2243 2056 2317">
    <p class='ocr_par' dir='ltr' id='par_1_23' title="bbox 449 2243 2056 2317">
     <span class='ocr_line' id='line_1_23' title="bbox 449 2243 2056 2317; baseline 0.003 -21"><span class='ocrx_word' id='word_1_195' title='bbox 449 2249 512 2296; x_wconf 87' lang='grc' dir='ltr'>ε’.</span> <span class='ocrx_word' id='word_1_196' title='bbox 549 2244 705 2316; x_wconf 78' lang='grc' dir='ltr'>Ἐνῆν</span> <span class='ocrx_word' id='word_1_197' title='bbox 729 2245 827 2315; x_wconf 84' lang='grc' dir='ltr'>μὲν</span> <span class='ocrx_word' id='word_1_198' title='bbox 845 2243 937 2299; x_wconf 76' lang='grc' dir='ltr'>οὖν</span> <span class='ocrx_word' id='word_1_199' title='bbox 955 2247 1049 2299; x_wconf 76' lang='grc' dir='ltr'>καὶ</span> <span class='ocrx_word' id='word_1_200' title='bbox 1075 2246 1144 2300; x_wconf 83' lang='grc' dir='ltr'>τὰ</span> <span class='ocrx_word' id='word_1_201' title='bbox 1181 2245 1346 2301; x_wconf 85' lang='grc' dir='ltr'>λοιπά</span> <span class='ocrx_word' id='word_1_202' title='bbox 1391 2247 1632 2317; x_wconf 89' lang='grc' dir='ltr'>στοιχεῖα</span> <span class='ocrx_word' id='word_1_203' title='bbox 1673 2245 1943 2310; x_wconf 90' lang='grc' dir='ltr'>ἐπελθεῖν,</span> <span class='ocrx_word' id='word_1_204' title='bbox 1963 2246 2056 2301; x_wconf 90' lang='grc' dir='ltr'>τὸν</span> 
     </span>
    </p>
   </div>
   <div class='ocr_carea' id='block_1_24' title="bbox 378 2328 2055 2404">
    <p class='ocr_par' dir='ltr' id='par_1_24' title="bbox 378 2328 2055 2404">
     <span class='ocr_line' id='line_1_24' title="bbox 378 2328 2055 2404; baseline 0.003 -22"><span class='ocrx_word' id='word_1_205' title='bbox 378 2328 633 2402; x_wconf 77' lang='grc' dir='ltr'>οὗρανὸν,</span> <span class='ocrx_word' id='word_1_206' title='bbox 677 2330 769 2385; x_wconf 90' lang='grc' dir='ltr'>τὸν</span> <span class='ocrx_word' id='word_1_207' title='bbox 801 2332 962 2404; x_wconf 83' lang='grc' dir='ltr'>ἀέρα,</span> <span class='ocrx_word' id='word_1_208' title='bbox 1006 2334 1107 2404; x_wconf 76' lang='grc' dir='ltr'>τὴν</span> <span class='ocrx_word' id='word_1_209' title='bbox 1132 2334 1257 2404; x_wconf 82' lang='grc' dir='ltr'>γῆν,</span> <span class='ocrx_word' id='word_1_210' title='bbox 1290 2333 1389 2404; x_wconf 81' lang='grc' dir='ltr'>τὴν</span> <span class='ocrx_word' id='word_1_211' title='bbox 1415 2333 1706 2398; x_wconf 89' lang='grc' dir='ltr'>θάλατταν,</span> <span class='ocrx_word' id='word_1_212' title='bbox 1750 2333 1845 2386; x_wconf 76' lang='grc' dir='ltr'>καὶ</span> <span class='ocrx_word' id='word_1_213' title='bbox 1884 2333 2055 2398; x_wconf 80' lang='grc' dir='ltr'>δεῖξαι</span> 
     </span>
    </p>
   </div>
   <div class='ocr_carea' id='block_1_25' title="bbox 377 2417 2057 2492">
    <p class='ocr_par' dir='ltr' id='par_1_25' title="bbox 377 2417 2057 2492">
     <span class='ocr_line' id='line_1_25' title="bbox 377 2417 2057 2492; baseline 0.002 -22"><span class='ocrx_word' id='word_1_214' title='bbox 377 2417 557 2472; x_wconf 84' lang='grc' dir='ltr'>αὐτῶν</span> <span class='ocrx_word' id='word_1_215' title='bbox 594 2418 693 2490; x_wconf 83' lang='grc' dir='ltr'>τὴν</span> <span class='ocrx_word' id='word_1_216' title='bbox 721 2419 1026 2484; x_wconf 85' lang='grc' dir='ltr'>ἀσθένειαν,</span> <span class='ocrx_word' id='word_1_217' title='bbox 1061 2421 1157 2475; x_wconf 73' lang='grc' dir='ltr'>καὶ</span> <span class='ocrx_word' id='word_1_218' title='bbox 1182 2421 1299 2485; x_wconf 90' lang='grc' dir='ltr'>πῶς</span> <span class='ocrx_word' id='word_1_219' title='bbox 1316 2420 1548 2474; x_wconf 72' lang='grc' dir='ltr'>ἕκαστον</span> <span class='ocrx_word' id='word_1_220' title='bbox 1571 2420 1666 2474; x_wconf 87' lang='grc' dir='ltr'>τοῦ</span> <span class='ocrx_word' id='word_1_221' title='bbox 1703 2420 1928 2492; x_wconf 79' lang='grc' dir='ltr'>πλησίον</span> <span class='ocrx_word' id='word_1_222' title='bbox 1949 2420 2057 2474; x_wconf 83' lang='grc' dir='ltr'>δεῖ·</span> 
     </span>
    </p>
   </div>
   <div class='ocr_carea' id='block_1_26' title="bbox 378 2506 2056 2580">
    <p class='ocr_par' dir='ltr' id='par_1_26' title="bbox 378 2506 2056 2580">
     <span class='ocr_line' id='line_1_26' title="bbox 378 2506 2056 2580; baseline 0.001 -21"><span class='ocrx_word' id='word_1_223' title='bbox 378 2521 491 2572; x_wconf 88' lang='grc' dir='ltr'>ται,</span> <span class='ocrx_word' id='word_1_224' title='bbox 526 2507 621 2559; x_wconf 67' lang='grc' dir='ltr'>καλ⁵</span> <span class='ocrx_word' id='word_1_225' title='bbox 644 2506 836 2559; x_wconf 86' lang='grc' dir='ltr'>τούτου</span> <span class='ocrx_word' id='word_1_226' title='bbox 866 2509 1036 2580; x_wconf 84' lang='grc' dir='ltr'>χωρίς</span> <span class='ocrx_word' id='word_1_227' title='bbox 1062 2508 1360 2562; x_wconf 87' lang='grc' dir='ltr'>ἀπόλλυται</span> <span class='ocrx_word' id='word_1_228' title='bbox 1395 2510 1490 2560; x_wconf 74' lang='grc' dir='ltr'>καί.</span> <span class='ocrx_word' id='word_1_229' title='bbox 1522 2508 1908 2579; x_wconf 72' lang='grc' dir='ltr'>διαφθείρεται.</span> <span class='ocrx_word' id='word_1_230' title='bbox 1942 2506 2056 2560; x_wconf 69' lang='grc' dir='ltr'>Καὶ</span> 
     </span>
    </p>
   </div>
   <div class='ocr_carea' id='block_1_27' title="bbox 377 2594 2050 2666">
    <p class='ocr_par' dir='ltr' id='par_1_27' title="bbox 377 2594 2050 2666">
     <span class='ocr_line' id='line_1_27' title="bbox 377 2594 2050 2666; baseline 0.002 -21"><span class='ocrx_word' id='word_1_231' title='bbox 377 2594 485 2664; x_wconf 77' lang='grc' dir='ltr'>γὰρ</span> <span class='ocrx_word' id='word_1_232' title='bbox 526 2594 619 2646; x_wconf 69' lang='grc' dir='ltr'>καὶ</span> <span class='ocrx_word' id='word_1_233' title='bbox 648 2596 681 2664; x_wconf 80' lang='grc' dir='ltr'>ἡ</span> <span class='ocrx_word' id='word_1_234' title='bbox 719 2594 813 2664; x_wconf 83' lang='grc' dir='ltr'>γῆ,</span> <span class='ocrx_word' id='word_1_235' title='bbox 846 2595 940 2649; x_wconf 87' lang='grc' dir='ltr'>ἐάν</span> <span class='ocrx_word' id='word_1_236' title='bbox 977 2596 1315 2649; x_wconf 72' lang='grc' dir='ltr'>ἀπολίπωσιν</span> <span class='ocrx_word' id='word_1_237' title='bbox 1348 2596 1515 2666; x_wconf 81' lang='grc' dir='ltr'>αὐτὴν</span> <span class='ocrx_word' id='word_1_238' title='bbox 1550 2598 1603 2649; x_wconf 87' lang='grc' dir='ltr'>αἱ</span> <span class='ocrx_word' id='word_1_239' title='bbox 1656 2597 1830 2666; x_wconf 70' lang='grc' dir='ltr'>πηγαὶ</span> <span class='ocrx_word' id='word_1_240' title='bbox 1877 2596 1973 2649; x_wconf 74' lang='grc' dir='ltr'>καὶ</span> <span class='ocrx_word' id='word_1_241' title='bbox 2018 2598 2050 2666; x_wconf 81' lang='grc' dir='ltr'>ἡ</span> 
     </span>
    </p>
   </div>
   <div class='ocr_carea' id='block_1_28' title="bbox 377 2680 2057 2755">
    <p class='ocr_par' dir='ltr' id='par_1_28' title="bbox 377 2680 2057 2755">
     <span class='ocr_line' id='line_1_28' title="bbox 377 2680 2057 2755; baseline 0.001 -22"><span class='ocrx_word' id='word_1_242' title='bbox 377 2680 531 2750; x_wconf 83' lang='grc' dir='ltr'>παρά</span> <span class='ocrx_word' id='word_1_243' title='bbox 560 2682 659 2751; x_wconf 81' lang='grc' dir='ltr'>τῆς</span> <span class='ocrx_word' id='word_1_244' title='bbox 684 2680 953 2752; x_wconf 82' lang='grc' dir='ltr'>θαλάττης</span> <span class='ocrx_word' id='word_1_245' title='bbox 984 2684 1077 2735; x_wconf 76' lang='grc' dir='ltr'>καὶ</span> <span class='ocrx_word' id='word_1_246' title='bbox 1103 2682 1212 2735; x_wconf 88' lang='grc' dir='ltr'>τῶν</span> <span class='ocrx_word' id='word_1_247' title='bbox 1246 2682 1506 2752; x_wconf 82' lang='grc' dir='ltr'>ποταμῶν</span> <span class='ocrx_word' id='word_1_248' title='bbox 1535 2683 1928 2755; x_wconf 87' lang='grc' dir='ltr'>ἐνσπειρομένη</span> <span class='ocrx_word' id='word_1_249' title='bbox 1971 2700 2057 2737; x_wconf 86' lang='grc' dir='ltr'>νο-</span> 
     </span>
    </p>
   </div>
   <div class='ocr_carea' id='block_1_29' title="bbox 378 2767 2055 2841">
    <p class='ocr_par' dir='ltr' id='par_1_29' title="bbox 378 2767 2055 2841">
     <span class='ocr_line' id='line_1_29' title="bbox 378 2767 2055 2841; baseline 0.003 -21"><span class='ocrx_word' id='word_1_250' title='bbox 378 2767 483 2833; x_wconf 64' lang='grc' dir='ltr'>τὶς,</span> <span class='ocrx_word' id='word_1_251' title='bbox 511 2773 922 2840; x_wconf 88' lang='grc' dir='ltr'>καταφρυγεῖσα</span> <span class='ocrx_word' id='word_1_252' title='bbox 944 2770 1151 2841; x_wconf 84' lang='grc' dir='ltr'>ταχέως</span> <span class='ocrx_word' id='word_1_253' title='bbox 1184 2770 1508 2824; x_wconf 78' lang='grc' dir='ltr'>ἀπόλλυται’</span> <span class='ocrx_word' id='word_1_254' title='bbox 1550 2772 1646 2825; x_wconf 72' lang='grc' dir='ltr'>καὶ</span> <span class='ocrx_word' id='word_1_255' title='bbox 1693 2772 1759 2825; x_wconf 89' lang='grc' dir='ltr'>τά</span> <span class='ocrx_word' id='word_1_256' title='bbox 1803 2771 1967 2825; x_wconf 88' lang='grc' dir='ltr'>λοιπά</span> <span class='ocrx_word' id='word_1_257' title='bbox 1999 2772 2055 2826; x_wconf 77' lang='grc' dir='ltr'>δὲ</span> 
     </span>
    </p>
   </div>
   <div class='ocr_carea' id='block_1_30' title="bbox 381 2856 2056 2933">
    <p class='ocr_par' dir='ltr' id='par_1_30' title="bbox 381 2856 2056 2933">
     <span class='ocr_line' id='line_1_30' title="bbox 381 2856 2056 2933; baseline 0.004 -26"><span class='ocrx_word' id='word_1_258' title='bbox 381 2857 621 2926; x_wconf 84' lang='grc' dir='ltr'>στοιχεῖα</span> <span class='ocrx_word' id='word_1_259' title='bbox 666 2856 841 2910; x_wconf 79' lang='grc' dir='ltr'>ἄλλων</span> <span class='ocrx_word' id='word_1_260' title='bbox 892 2858 1130 2927; x_wconf 81' lang='grc' dir='ltr'>δεῖταιι,</span> <span class='ocrx_word' id='word_1_261' title='bbox 1163 2861 1257 2914; x_wconf 72' lang='grc' dir='ltr'>καὶ</span> <span class='ocrx_word' id='word_1_262' title='bbox 1302 2860 1411 2933; x_wconf 82' lang='grc' dir='ltr'>ἀὴρ</span> <span class='ocrx_word' id='word_1_263' title='bbox 1448 2860 1625 2932; x_wconf 82' lang='grc' dir='ltr'>ἡλίου,</span> <span class='ocrx_word' id='word_1_264' title='bbox 1673 2859 1863 2931; x_wconf 87' lang='grc' dir='ltr'>ῶσπερ</span> <span class='ocrx_word' id='word_1_265' title='bbox 1904 2861 2056 2931; x_wconf 78' lang='grc' dir='ltr'>ἥλιος</span> 
     </span>
    </p>
   </div>
   <div class='ocr_carea' id='block_1_31' title="bbox 379 2944 2057 3022">
    <p class='ocr_par' dir='ltr' id='par_1_31' title="bbox 379 2944 2057 3022">
     <span class='ocr_line' id='line_1_31' title="bbox 379 2944 2057 3022; baseline 0.004 -25"><span class='ocrx_word' id='word_1_266' title='bbox 379 2944 542 3015; x_wconf 82' lang='grc' dir='ltr'>ἀέρος</span> <span class='ocrx_word' id='word_1_267' title='bbox 563 2963 577 2977; x_wconf 76' lang='grc' dir='ltr'><strong><em>ο</em></strong></span> <span class='ocrx_word' id='word_1_268' title='bbox 607 2945 723 2999; x_wconf 82' lang='grc' dir='ltr'>ἀλλ’</span> <span class='ocrx_word' id='word_1_269' title='bbox 773 2946 862 3000; x_wconf 82' lang='grc' dir='ltr'>ἵνα</span> <span class='ocrx_word' id='word_1_270' title='bbox 904 2947 979 3019; x_wconf 83' lang='grc' dir='ltr'>μὴ</span> <span class='ocrx_word' id='word_1_271' title='bbox 1026 2949 1364 3021; x_wconf 81' lang='grc' dir='ltr'>μακρότερον</span> <span class='ocrx_word' id='word_1_272' title='bbox 1396 2951 1637 3022; x_wconf 87' lang='grc' dir='ltr'>ποιῶμεν</span> <span class='ocrx_word' id='word_1_273' title='bbox 1661 2950 1752 3005; x_wconf 90' lang='grc' dir='ltr'>τὸν</span> <span class='ocrx_word' id='word_1_274' title='bbox 1783 2951 1958 3019; x_wconf 87' lang='grc' dir='ltr'>λόγον,</span> <span class='ocrx_word' id='word_1_275' title='bbox 1992 2954 2057 3004; x_wconf 85' lang='grc' dir='ltr'>ἐκ</span> 
     </span>
    </p>
   </div>
   <div class='ocr_carea' id='block_1_32' title="bbox 378 3031 2056 3111">
    <p class='ocr_par' dir='ltr' id='par_1_32' title="bbox 378 3031 2056 3111">
     <span class='ocr_line' id='line_1_32' title="bbox 378 3031 2056 3111; baseline 0.004 -26"><span class='ocrx_word' id='word_1_276' title='bbox 378 3031 489 3085; x_wconf 87' lang='grc' dir='ltr'>τῶν</span> <span class='ocrx_word' id='word_1_277' title='bbox 515 3034 819 3105; x_wconf 73' lang='grc' dir='ltr'>εἰρημένων</span> <span class='ocrx_word' id='word_1_278' title='bbox 857 3036 1046 3100; x_wconf 86' lang='grc' dir='ltr'>ἰκανάς</span> <span class='ocrx_word' id='word_1_279' title='bbox 1074 3040 1186 3101; x_wconf 86' lang='grc' dir='ltr'>τοῖς</span> <span class='ocrx_word' id='word_1_280' title='bbox 1220 3037 1565 3110; x_wconf 77' lang='grc' dir='ltr'>βουλομένοις</span> <span class='ocrx_word' id='word_1_281' title='bbox 1596 3039 1850 3111; x_wconf 84' lang='grc' dir='ltr'>ἀφορμὰς</span> <span class='ocrx_word' id='word_1_282' title='bbox 1876 3040 2056 3103; x_wconf 90' lang='grc' dir='ltr'>δόντες</span> 
     </span>
    </p>
   </div>
   <div class='ocr_carea' id='block_1_33' title="bbox 382 3121 2057 3199">
    <p class='ocr_par' dir='ltr' id='par_1_33' title="bbox 382 3121 2057 3199">
     <span class='ocr_line' id='line_1_33' title="bbox 382 3121 2057 3199; baseline 0.005 -26"><span class='ocrx_word' id='word_1_283' title='bbox 382 3121 860 3193; x_wconf 81' lang='grc' dir='ltr'>ἀρκεσθησόμεθα.</span> <span class='ocrx_word' id='word_1_284' title='bbox 885 3125 948 3177; x_wconf 88' lang='grc' dir='ltr'>Εἰ</span> <span class='ocrx_word' id='word_1_285' title='bbox 971 3126 1079 3196; x_wconf 84' lang='grc' dir='ltr'>γὰρ</span> <span class='ocrx_word' id='word_1_286' title='bbox 1107 3127 1136 3179; x_wconf 89' lang='lat'>6</span> <span class='ocrx_word' id='word_1_287' title='bbox 1168 3126 1348 3198; x_wconf 83' lang='grc' dir='ltr'>πάσης</span> <span class='ocrx_word' id='word_1_288' title='bbox 1373 3127 1476 3197; x_wconf 78' lang='grc' dir='ltr'>τῆς</span> <span class='ocrx_word' id='word_1_289' title='bbox 1499 3128 1728 3192; x_wconf 89' lang='grc' dir='ltr'>κτίσεως</span> <span class='ocrx_word' id='word_1_290' title='bbox 1750 3127 2057 3199; x_wconf 87' lang='grc' dir='ltr'>θαυμαστό-</span> 
     </span>
    </p>
   </div>
   <div class='ocr_carea' id='block_1_34' title="bbox 378 3210 2056 3286">
    <p class='ocr_par' dir='ltr' id='par_1_34' title="bbox 378 3210 2056 3286">
     <span class='ocr_line' id='line_1_34' title="bbox 378 3210 2056 3286; baseline 0.003 -25"><span class='ocrx_word' id='word_1_291' title='bbox 378 3226 539 3280; x_wconf 86' lang='grc' dir='ltr'>τερος</span> <span class='ocrx_word' id='word_1_292' title='bbox 563 3210 715 3279; x_wconf 74' lang='grc' dir='ltr'>ἧλιος</span> <span class='ocrx_word' id='word_1_293' title='bbox 743 3210 916 3276; x_wconf 75' lang='grc' dir='ltr'>οὕτως</span> <span class='ocrx_word' id='word_1_294' title='bbox 942 3212 1175 3284; x_wconf 81' lang='grc' dir='ltr'>ἀσθενὴς</span> <span class='ocrx_word' id='word_1_295' title='bbox 1214 3212 1288 3267; x_wconf 86' lang='grc' dir='ltr'>ὣν</span> <span class='ocrx_word' id='word_1_296' title='bbox 1317 3214 1412 3267; x_wconf 77' lang='grc' dir='ltr'>καὶ</span> <span class='ocrx_word' id='word_1_297' title='bbox 1442 3215 1626 3286; x_wconf 82' lang='grc' dir='ltr'>ἐνδεὴς</span> <span class='ocrx_word' id='word_1_298' title='bbox 1656 3213 1832 3285; x_wconf 80' lang='grc' dir='ltr'>ὤφθη,</span> <span class='ocrx_word' id='word_1_299' title='bbox 1878 3214 2056 3286; x_wconf 87' lang='grc' dir='ltr'>πολλῷ</span> 
     </span>
    </p>
   </div>
   <div class='ocr_carea' id='block_1_35' title="bbox 382 3296 2057 3374">
    <p class='ocr_par' dir='ltr' id='par_1_35' title="bbox 382 3296 2057 3374">
     <span class='ocr_line' id='line_1_35' title="bbox 382 3296 2057 3374; baseline 0.002 -24"><span class='ocrx_word' id='word_1_300' title='bbox 382 3296 582 3365; x_wconf 86' lang='grc' dir='ltr'>μᾶλλον</span> <span class='ocrx_word' id='word_1_301' title='bbox 613 3297 683 3352; x_wconf 77' lang='grc' dir='ltr'>τὰ</span> <span class='ocrx_word' id='word_1_302' title='bbox 710 3297 874 3354; x_wconf 88' lang='grc' dir='ltr'>λοιπά</span> <span class='ocrx_word' id='word_1_303' title='bbox 904 3300 998 3353; x_wconf 91' lang='grc' dir='ltr'>τοῦ</span> <span class='ocrx_word' id='word_1_304' title='bbox 1033 3301 1238 3372; x_wconf 81' lang='grc' dir='ltr'>κόσμου</span> <span class='ocrx_word' id='word_1_305' title='bbox 1273 3301 1412 3374; x_wconf 83' lang='grc' dir='ltr'>μέρη</span> <span class='ocrx_word' id='word_1_306' title='bbox 1431 3318 1444 3330; x_wconf 89' lang='grc'><strong>·</strong></span> <span class='ocrx_word' id='word_1_307' title='bbox 1477 3303 1614 3374; x_wconf 81' lang='grc' dir='ltr'>ὅπερ</span> <span class='ocrx_word' id='word_1_308' title='bbox 1647 3297 1748 3356; x_wconf 77' lang='grc' dir='ltr'>οὖν</span> <span class='ocrx_word' id='word_1_309' title='bbox 1766 3300 1919 3355; x_wconf 72' lang='grc' dir='ltr'>εἷπον</span> <span class='ocrx_word' id='word_1_310' title='bbox 1942 3306 2057 3368; x_wconf 80' lang='grc' dir='ltr'>τοῖς</span> 
     </span>
    </p>
   </div>
   <div class='ocr_carea' id='block_1_36' title="bbox 380 3378 2055 3459">
    <p class='ocr_par' dir='ltr' id='par_1_36' title="bbox 380 3378 2055 3459">
     <span class='ocr_line' id='line_1_36' title="bbox 380 3378 2055 3459; baseline 0.005 -23"><span class='ocrx_word' id='word_1_311' title='bbox 380 3383 690 3451; x_wconf 80' lang='grc' dir='ltr'>φιλοπόνοις</span> <span class='ocrx_word' id='word_1_312' title='bbox 722 3378 903 3441; x_wconf 81' lang='grc' dir='ltr'>ἐκεῖνα</span> <span class='ocrx_word' id='word_1_313' title='bbox 953 3388 1076 3452; x_wconf 78' lang='grc' dir='ltr'>δοὺς</span> <span class='ocrx_word' id='word_1_314' title='bbox 1123 3389 1550 3459; x_wconf 67' lang='grc' dir='ltr'>ἀναλέγεσθαιδ,</span> <span class='ocrx_word' id='word_1_315' title='bbox 1592 3391 1753 3454; x_wconf 85' lang='grc' dir='ltr'>αὑτὸς</span> <span class='ocrx_word' id='word_1_316' title='bbox 1793 3391 1900 3443; x_wconf 88' lang='grc' dir='ltr'>ἀπὸ</span> <span class='ocrx_word' id='word_1_317' title='bbox 1948 3390 2055 3444; x_wconf 90' lang='grc' dir='ltr'>τῶν</span> 
     </span>
    </p>
   </div>
   <div class='ocr_carea' id='block_1_37' title="bbox 380 3471 2054 3550">
    <p class='ocr_par' dir='ltr' id='par_1_37' title="bbox 380 3471 2054 3550">
     <span class='ocr_line' id='line_1_37' title="bbox 380 3471 2054 3550; baseline 0.006 -27"><span class='ocrx_word' id='word_1_318' title='bbox 380 3471 613 3542; x_wconf 84' lang='grc' dir='ltr'>Γραφῶν</span> <span class='ocrx_word' id='word_1_319' title='bbox 639 3474 768 3544; x_wconf 86' lang='grc' dir='ltr'>ὑμῖν</span> <span class='ocrx_word' id='word_1_320' title='bbox 805 3474 1118 3548; x_wconf 80' lang='grc' dir='ltr'>διαλέξομαι</span> <span class='ocrx_word' id='word_1_321' title='bbox 1151 3476 1334 3542; x_wconf 86' lang='grc' dir='ltr'>πάλιν,</span> <span class='ocrx_word' id='word_1_322' title='bbox 1366 3478 1580 3542; x_wconf 80' lang='grc' dir='ltr'>δεικνὺς</span> <span class='ocrx_word' id='word_1_323' title='bbox 1603 3479 1681 3532; x_wconf 84' lang='grc' dir='ltr'>ὅτι</span> <span class='ocrx_word' id='word_1_324' title='bbox 1713 3480 1810 3549; x_wconf 82' lang='grc' dir='ltr'>οὐχ</span> <span class='ocrx_word' id='word_1_325' title='bbox 1841 3480 1869 3531; x_wconf 93' lang='lat'>6</span> <span class='ocrx_word' id='word_1_326' title='bbox 1905 3480 2054 3550; x_wconf 77' lang='grc' dir='ltr'>ἥλιος</span> 
     </span>
    </p>
   </div>
   <div class='ocr_carea' id='block_1_38' title="bbox 385 3559 2052 3638">
    <p class='ocr_par' dir='ltr' id='par_1_38' title="bbox 385 3559 2052 3638">
     <span class='ocr_line' id='line_1_38' title="bbox 385 3559 2052 3638; baseline 0.007 -26"><span class='ocrx_word' id='word_1_327' title='bbox 385 3559 564 3629; x_wconf 86' lang='grc' dir='ltr'>μόνος,</span> <span class='ocrx_word' id='word_1_328' title='bbox 597 3561 735 3615; x_wconf 90' lang='grc' dir='ltr'>ἀλλά</span> <span class='ocrx_word' id='word_1_329' title='bbox 782 3564 877 3616; x_wconf 79' lang='grc' dir='ltr'>καὶ</span> <span class='ocrx_word' id='word_1_330' title='bbox 926 3563 1071 3628; x_wconf 77' lang='grc' dir='ltr'>ἅπας</span> <span class='ocrx_word' id='word_1_331' title='bbox 1113 3564 1352 3637; x_wconf 82' lang='grc' dir='ltr'>φθαρτός</span> <span class='ocrx_word' id='word_1_332' title='bbox 1382 3567 1529 3620; x_wconf 90' lang='grc' dir='ltr'>ἐστιν</span> <span class='ocrx_word' id='word_1_333' title='bbox 1569 3559 1724 3630; x_wconf 75' lang='grc' dir='ltr'>οὗτος</span> <span class='ocrx_word' id='word_1_334' title='bbox 1760 3569 1789 3621; x_wconf 93' lang='lat'>6</span> <span class='ocrx_word' id='word_1_335' title='bbox 1829 3568 2052 3638; x_wconf 85' lang='grc' dir='ltr'>κόσμος.</span> 
     </span>
    </p>
   </div>
   <div class='ocr_carea' id='block_1_39' title="bbox 383 3646 2053 3727">
    <p class='ocr_par' dir='ltr' id='par_1_39' title="bbox 383 3646 2053 3727">
     <span class='ocr_line' id='line_1_39' title="bbox 383 3646 2053 3727; baseline 0.007 -27"><span class='ocrx_word' id='word_1_336' title='bbox 383 3646 554 3703; x_wconf 85' lang='grc' dir='ltr'>Ὅταν</span> <span class='ocrx_word' id='word_1_337' title='bbox 581 3648 691 3722; x_wconf 76' lang='grc' dir='ltr'>γὰρ</span> <span class='ocrx_word' id='word_1_338' title='bbox 713 3650 958 3721; x_wconf 86' lang='grc' dir='ltr'>ἀλλήλων</span> <span class='ocrx_word' id='word_1_339' title='bbox 986 3651 1296 3706; x_wconf 86' lang='grc' dir='ltr'>ἀναλωτικά</span> <span class='ocrx_word' id='word_1_340' title='bbox 1322 3654 1392 3706; x_wconf 89' lang='grc' dir='ltr'>τά</span> <span class='ocrx_word' id='word_1_341' title='bbox 1417 3656 1656 3725; x_wconf 86' lang='grc' dir='ltr'>στοιχεῖα</span> <span class='ocrx_word' id='word_1_342' title='bbox 1686 3649 1742 3727; x_wconf 82' lang='grc' dir='ltr'>ᾖ,</span> <span class='ocrx_word' id='word_1_343' title='bbox 1770 3655 1863 3709; x_wconf 79' lang='grc' dir='ltr'>καὶ</span> <span class='ocrx_word' id='word_1_344' title='bbox 1890 3656 2053 3711; x_wconf 84' lang='grc' dir='ltr'>κολά-</span> 
     </span>
    </p>
   </div>
   <div class='ocr_carea' id='block_1_40' title="bbox 383 3732 2052 3819">
    <p class='ocr_par' dir='ltr' id='par_1_40' title="bbox 383 3732 2052 3819">
     <span class='ocr_line' id='line_1_40' title="bbox 383 3732 2052 3819; baseline 0.006 -32"><span class='ocrx_word' id='word_1_345' title='bbox 383 3732 452 3806; x_wconf 81' lang='grc' dir='ltr'>ζῃ</span> <span class='ocrx_word' id='word_1_346' title='bbox 503 3736 600 3806; x_wconf 82' lang='grc' dir='ltr'>μὲν</span> <span class='ocrx_word' id='word_1_347' title='bbox 640 3735 733 3789; x_wconf 86' lang='grc' dir='ltr'>τοῦ</span> <span class='ocrx_word' id='word_1_348' title='bbox 786 3737 1084 3819; x_wconf 37' lang='grc' dir='ltr'>ἡλίου-τὴν</span> <span class='ocrx_word' id='word_1_349' title='bbox 1134 3739 1358 3811; x_wconf 81' lang='grc' dir='ltr'>δύναμιν</span> <span class='ocrx_word' id='word_1_350' title='bbox 1389 3740 1663 3812; x_wconf 80' lang='grc' dir='ltr'>ψυχρότης</span> <span class='ocrx_word' id='word_1_351' title='bbox 1702 3744 2052 3815; x_wconf 87' lang='grc' dir='ltr'>ἐπιγινομένη</span> 
     </span>
    </p>
   </div>
   <div class='ocr_carea' id='block_1_41' title="bbox 383 3820 2053 3902">
    <p class='ocr_par' dir='ltr' id='par_1_41' title="bbox 383 3820 2053 3902">
     <span class='ocr_line' id='line_1_41' title="bbox 383 3820 2053 3902; baseline 0.007 -29"><span class='ocrx_word' id='word_1_352' title='bbox 383 3820 566 3887; x_wconf 82' lang='grc' dir='ltr'>πλέον,</span> <span class='ocrx_word' id='word_1_353' title='bbox 594 3822 860 3896; x_wconf 80' lang='grc' dir='ltr'>ἀναλίσκῃ</span> <span class='ocrx_word' id='word_1_354' title='bbox 890 3825 946 3877; x_wconf 80' lang='grc' dir='ltr'>δὲ</span> <span class='ocrx_word' id='word_1_355' title='bbox 979 3825 1183 3897; x_wconf 85' lang='grc' dir='ltr'>ταύτην</span> <span class='ocrx_word' id='word_1_356' title='bbox 1223 3827 1286 3879; x_wconf 88' lang='lat'>16</span> <span class='ocrx_word' id='word_1_357' title='bbox 1320 3827 1518 3899; x_wconf 89' lang='grc' dir='ltr'>θερμὸν</span> <span class='ocrx_word' id='word_1_358' title='bbox 1553 3829 1713 3882; x_wconf 82' lang='grc' dir='ltr'>πάλιν</span> <span class='ocrx_word' id='word_1_359' title='bbox 1755 3831 2053 3902; x_wconf 86' lang='grc' dir='ltr'>ἐπικρατῆ-</span> 
     </span>
    </p>
   </div>
   <div class='ocr_carea' id='block_1_42' title="bbox 386 3909 2052 3984">
    <p class='ocr_par' dir='ltr' id='par_1_42' title="bbox 386 3909 2052 3984">
     <span class='ocr_line' id='line_1_42' title="bbox 386 3909 2052 3984; baseline 0.008 -24"><span class='ocrx_word' id='word_1_360' title='bbox 386 3924 505 3973; x_wconf 92' lang='grc' dir='ltr'>σαν,</span> <span class='ocrx_word' id='word_1_361' title='bbox 542 3909 640 3962; x_wconf 73' lang='grc' dir='ltr'>καὶ</span> <span class='ocrx_word' id='word_1_362' title='bbox 685 3910 786 3973; x_wconf 87' lang='grc' dir='ltr'>τὰς</span> <span class='ocrx_word' id='word_1_363' title='bbox 822 3913 1067 3977; x_wconf 73' lang='grc' dir='ltr'>ἐναντίας</span> <span class='ocrx_word' id='word_1_364' title='bbox 1113 3914 1403 3984; x_wconf 85' lang='grc' dir='ltr'>ποιότητάς</span> <span class='ocrx_word' id='word_1_365' title='bbox 1440 3933 1500 3968; x_wconf 89' lang='grc' dir='ltr'>τε</span> <span class='ocrx_word' id='word_1_366' title='bbox 1547 3918 1642 3969; x_wconf 75' lang='grc' dir='ltr'>καὶ</span> <span class='ocrx_word' id='word_1_367' title='bbox 1687 3917 1954 3983; x_wconf 81' lang='grc' dir='ltr'>διαθέσεις</span> <span class='ocrx_word' id='word_1_368' title='bbox 1994 3921 2052 3975; x_wconf 88' lang='grc' dir='ltr'>ἐν</span> 
     </span>
    </p>
   </div>
   <div class='ocr_carea' id='block_1_43' title="bbox 385 3994 2052 4076">
    <p class='ocr_par' dir='ltr' id='par_1_43' title="bbox 385 3994 2052 4076">
     <span class='ocr_line' id='line_1_43' title="bbox 385 3994 2052 4076; baseline 0.009 -30"><span class='ocrx_word' id='word_1_369' title='bbox 385 3994 635 4065; x_wconf 81' lang='grc' dir='ltr'>ἀλλήλοις</span> <span class='ocrx_word' id='word_1_370' title='bbox 661 3999 787 4068; x_wconf 82' lang='grc' dir='ltr'>ποιῇ</span> <span class='ocrx_word' id='word_1_371' title='bbox 818 3998 911 4051; x_wconf 78' lang='grc' dir='ltr'>καὶ</span> <span class='ocrx_word' id='word_1_372' title='bbox 938 3999 1120 4070; x_wconf 79' lang='grc' dir='ltr'>πάσχῃ</span> <span class='ocrx_word' id='word_1_373' title='bbox 1152 3999 1223 4053; x_wconf 84' lang='grc' dir='ltr'>τά</span> <span class='ocrx_word' id='word_1_374' title='bbox 1257 4005 1513 4071; x_wconf 84' lang='grc' dir='ltr'>στοιχεῖα,</span> <span class='ocrx_word' id='word_1_375' title='bbox 1536 4002 1753 4072; x_wconf 76' lang='grc' dir='ltr'>εὔδηλον</span> <span class='ocrx_word' id='word_1_376' title='bbox 1774 4007 1853 4059; x_wconf 84' lang='grc' dir='ltr'>ὅτι</span> <span class='ocrx_word' id='word_1_377' title='bbox 1885 4008 2052 4076; x_wconf 87' lang='grc' dir='ltr'>μεγά-</span> 
     </span>
    </p>
   </div>
   <div class='ocr_carea' id='block_1_44' title="bbox 384 4080 2052 4161">
    <p class='ocr_par' dir='ltr' id='par_1_44' title="bbox 384 4080 2052 4161">
     <span class='ocr_line' id='line_1_44' title="bbox 384 4080 2052 4161; baseline 0.01 -30"><span class='ocrx_word' id='word_1_378' title='bbox 384 4080 480 4152; x_wconf 83' lang='grc' dir='ltr'>λης</span> <span class='ocrx_word' id='word_1_379' title='bbox 512 4083 718 4154; x_wconf 80' lang='grc' dir='ltr'>φθορᾶς</span> <span class='ocrx_word' id='word_1_380' title='bbox 742 4084 918 4139; x_wconf 88' lang='grc' dir='ltr'>ταῦτα</span> <span class='ocrx_word' id='word_1_381' title='bbox 946 4086 1240 4152; x_wconf 78' lang='grc' dir='ltr'>ἀπόδειξις,</span> <span class='ocrx_word' id='word_1_382' title='bbox 1278 4088 1488 4142; x_wconf 76' lang='grc' dir='ltr'>καὶτοῦ</span> <span class='ocrx_word' id='word_1_383' title='bbox 1522 4091 1680 4161; x_wconf 85' lang='grc' dir='ltr'>σῶμα</span> <span class='ocrx_word' id='word_1_384' title='bbox 1711 4088 1849 4146; x_wconf 69' lang='grc' dir='ltr'>εἶναι</span> <span class='ocrx_word' id='word_1_385' title='bbox 1875 4095 2052 4148; x_wconf 87' lang='grc' dir='ltr'>πάντα</span> 
     </span>
    </p>
   </div>
   <div class='ocr_carea' id='block_1_45' title="bbox 383 4168 2053 4252">
    <p class='ocr_par' dir='ltr' id='par_1_45' title="bbox 383 4168 2053 4252">
     <span class='ocr_line' id='line_1_45' title="bbox 383 4168 2053 4252; baseline 0.008 -31"><span class='ocrx_word' id='word_1_386' title='bbox 383 4168 453 4222; x_wconf 69' lang='grc' dir='ltr'>τὰ</span> <span class='ocrx_word' id='word_1_387' title='bbox 497 4169 926 4242; x_wconf 85' lang='grc' dir='ltr'>ὁρώμενα.Ἀλλ’</span> <span class='ocrx_word' id='word_1_388' title='bbox 963 4175 1292 4246; x_wconf 76' lang='grc' dir='ltr'>ἐπειδὴ,τῆς</span> <span class='ocrx_word' id='word_1_389' title='bbox 1329 4176 1587 4247; x_wconf 78' lang='grc' dir='ltr'>ἀφελείας</span> <span class='ocrx_word' id='word_1_390' title='bbox 1632 4178 1729 4249; x_wconf 82' lang='grc' dir='ltr'>τῆς</span> <span class='ocrx_word' id='word_1_391' title='bbox 1777 4182 2053 4252; x_wconf 83' lang='grc' dir='ltr'>ἡμετέρας</span> 
     </span>
    </p>
   </div>
   <div class='ocr_carea' id='block_1_46' title="bbox 386 4254 2052 4339">
    <p class='ocr_par' dir='ltr' id='par_1_46' title="bbox 386 4254 2052 4339">
     <span class='ocr_line' id='line_1_46' title="bbox 386 4254 2052 4339; baseline 0.008 -31"><span class='ocrx_word' id='word_1_392' title='bbox 386 4254 714 4329; x_wconf 75' lang='grc' dir='ltr'>ὑψηλότερος</span> <span class='ocrx_word' id='word_1_393' title='bbox 752 4263 778 4314; x_wconf 91' lang='lat'>6</span> <span class='ocrx_word' id='word_1_394' title='bbox 809 4261 966 4330; x_wconf 82' lang='grc' dir='ltr'>λόγος</span> <span class='ocrx_word' id='word_1_395' title='bbox 998 4255 1173 4329; x_wconf 70' lang='grc' dir='ltr'>οὗτος,</span> <span class='ocrx_word' id='word_1_396' title='bbox 1203 4266 1335 4336; x_wconf 84' lang='grc' dir='ltr'>φέρε</span> <span class='ocrx_word' id='word_1_397' title='bbox 1365 4266 1458 4318; x_wconf 70' lang='grc' dir='ltr'>ἐπὶ</span> <span class='ocrx_word' id='word_1_398' title='bbox 1485 4265 1584 4337; x_wconf 80' lang='grc' dir='ltr'>τὴν</span> <span class='ocrx_word' id='word_1_399' title='bbox 1615 4265 1870 4334; x_wconf 86' lang='grc' dir='ltr'>γλυκεῖαν</span> <span class='ocrx_word' id='word_1_400' title='bbox 1909 4268 2052 4339; x_wconf 83' lang='grc' dir='ltr'>ὑμᾶς</span> 
     </span>
    </p>
   </div>
   <div class='ocr_carea' id='block_1_47' title="bbox 385 4343 2053 4423">
    <p class='ocr_par' dir='ltr' id='par_1_47' title="bbox 385 4343 2053 4423">
     <span class='ocr_line' id='line_1_47' title="bbox 385 4343 2053 4423; baseline 0.008 -28"><span class='ocrx_word' id='word_1_401' title='bbox 385 4343 493 4396; x_wconf 78' lang='grc' dir='ltr'>τῶν</span> <span class='ocrx_word' id='word_1_402' title='bbox 522 4344 749 4416; x_wconf 86' lang='grc' dir='ltr'>Γραφῶν</span> <span class='ocrx_word' id='word_1_403' title='bbox 772 4349 1068 4417; x_wconf 85' lang='grc' dir='ltr'>ἀγαγόντες</span> <span class='ocrx_word' id='word_1_404' title='bbox 1092 4352 1293 4423; x_wconf 84' lang='grc' dir='ltr'>πηγὴν,</span> <span class='ocrx_word' id='word_1_405' title='bbox 1314 4352 1414 4422; x_wconf 85' lang='grc' dir='ltr'>τὴν</span> <span class='ocrx_word' id='word_1_406' title='bbox 1441 4352 1608 4423; x_wconf 89' lang='grc' dir='ltr'>ἀκοὴν</span> <span class='ocrx_word' id='word_1_407' title='bbox 1632 4353 1785 4422; x_wconf 85' lang='grc' dir='ltr'>ὑμῶν</span> <span class='ocrx_word' id='word_1_408' title='bbox 1811 4355 2053 4409; x_wconf 86' lang='grc' dir='ltr'>ἀναπαύ-</span> 
     </span>
    </p>
   </div>
   <div class='ocr_carea' id='block_1_48' title="bbox 387 4434 2054 4515">
    <p class='ocr_par' dir='ltr' id='par_1_48' title="bbox 387 4434 2054 4515">
     <span class='ocr_line' id='line_1_48' title="bbox 387 4434 2054 4515; baseline 0.008 -32"><span class='ocrx_word' id='word_1_409' title='bbox 387 4448 589 4501; x_wconf 84' lang='grc' dir='ltr'>σωμεν.</span> <span class='ocrx_word' id='word_1_410' title='bbox 619 4434 693 4486; x_wconf 82' lang='grc' dir='ltr'>Οὑ</span> <span class='ocrx_word' id='word_1_411' title='bbox 735 4434 843 4508; x_wconf 80' lang='grc' dir='ltr'>γὰρ</span> <span class='ocrx_word' id='word_1_412' title='bbox 875 4437 939 4507; x_wconf 80' lang='grc' dir='ltr'>δὴ</span> <span class='ocrx_word' id='word_1_413' title='bbox 976 4438 1102 4509; x_wconf 79' lang='grc' dir='ltr'>περὶ</span> <span class='ocrx_word' id='word_1_414' title='bbox 1130 4438 1359 4509; x_wconf 84' lang='grc' dir='ltr'>οὐρανοῦ</span> <span class='ocrx_word' id='word_1_415' title='bbox 1411 4441 1506 4493; x_wconf 71' lang='grc' dir='ltr'>καὶ</span> <span class='ocrx_word' id='word_1_416' title='bbox 1548 4440 1652 4512; x_wconf 82' lang='grc' dir='ltr'>γῆς</span> <span class='ocrx_word' id='word_1_417' title='bbox 1702 4441 1844 4495; x_wconf 80' lang='grc' dir='ltr'>κατὰ</span> <span class='ocrx_word' id='word_1_418' title='bbox 1890 4444 2054 4515; x_wconf 85' lang='grc' dir='ltr'>μέρος</span> 
     </span>
    </p>
   </div>
   <div class='ocr_carea' id='block_1_49' title="bbox 386 4518 2054 4599">
    <p class='ocr_par' dir='ltr' id='par_1_49' title="bbox 386 4518 2054 4599">
     <span class='ocr_line' id='line_1_49' title="bbox 386 4518 2054 4599; baseline 0.007 -27"><span class='ocrx_word' id='word_1_419' title='bbox 386 4518 515 4589; x_wconf 85' lang='grc' dir='ltr'>ὑμῖν</span> <span class='ocrx_word' id='word_1_420' title='bbox 539 4519 790 4592; x_wconf 87' lang='grc' dir='ltr'>ἐροῦμεν,</span> <span class='ocrx_word' id='word_1_421' title='bbox 825 4522 960 4577; x_wconf 74' lang='grc' dir='ltr'>ἀλλὰ</span> <span class='ocrx_word' id='word_1_422' title='bbox 986 4527 1114 4596; x_wconf 73' lang='grc' dir='ltr'>περὶ</span> <span class='ocrx_word' id='word_1_423' title='bbox 1145 4526 1320 4595; x_wconf 82' lang='grc' dir='ltr'>πάσης</span> <span class='ocrx_word' id='word_1_424' title='bbox 1354 4526 1487 4596; x_wconf 84' lang='grc' dir='ltr'>ὁμοῦ</span> <span class='ocrx_word' id='word_1_425' title='bbox 1521 4529 1620 4599; x_wconf 83' lang='grc' dir='ltr'>τῆς</span> <span class='ocrx_word' id='word_1_426' title='bbox 1647 4529 1873 4593; x_wconf 79' lang='grc' dir='ltr'>κτίσεως</span> <span class='ocrx_word' id='word_1_427' title='bbox 1897 4530 2054 4585; x_wconf 91' lang='grc' dir='ltr'>τοῦτο</span> 
     </span>
    </p>
   </div>
   <div class='ocr_carea' id='block_1_50' title="bbox 385 4607 2054 4688">
    <p class='ocr_par' dir='ltr' id='par_1_50' title="bbox 385 4607 2054 4688">
     <span class='ocr_line' id='line_1_50' title="bbox 385 4607 2054 4688; baseline 0.009 -29"><span class='ocrx_word' id='word_1_428' title='bbox 385 4607 519 4660; x_wconf 83' lang='grc' dir='ltr'>αὐτὸ</span> <span class='ocrx_word' id='word_1_429' title='bbox 564 4608 658 4662; x_wconf 89' lang='grc' dir='ltr'>τὸν</span> <span class='ocrx_word' id='word_1_430' title='bbox 699 4610 1021 4665; x_wconf 83' lang='grc' dir='ltr'>Ἀπόστολον</span> <span class='ocrx_word' id='word_1_431' title='bbox 1043 4615 1174 4683; x_wconf 80' lang='grc' dir='ltr'>ἡμῖν</span> <span class='ocrx_word' id='word_1_432' title='bbox 1200 4615 1635 4685; x_wconf 78' lang='grc' dir='ltr'>ἀποφαινόμενον</span> <span class='ocrx_word' id='word_1_433' title='bbox 1664 4616 1928 4688; x_wconf 81' lang='grc' dir='ltr'>δείξομεν,</span> <span class='ocrx_word' id='word_1_434' title='bbox 1960 4621 2054 4674; x_wconf 76' lang='grc' dir='ltr'>καὶ</span> 
     </span>
    </p>
   </div>
   <div class='ocr_carea' id='block_1_51' title="bbox 386 4693 2053 4777">
    <p class='ocr_par' dir='ltr' id='par_1_51' title="bbox 386 4693 2053 4777">
     <span class='ocr_line' id='line_1_51' title="bbox 386 4693 2053 4777; baseline 0.008 -29"><span class='ocrx_word' id='word_1_435' title='bbox 386 4693 610 4765; x_wconf 75' lang='grc' dir='ltr'>λέγοντα</span> <span class='ocrx_word' id='word_1_436' title='bbox 641 4698 828 4769; x_wconf 83' lang='grc' dir='ltr'>σαφῶς</span> <span class='ocrx_word' id='word_1_437' title='bbox 855 4699 1049 4764; x_wconf 72' lang='grc' dir='ltr'>οὕτως,</span> <span class='ocrx_word' id='word_1_438' title='bbox 1077 4702 1159 4755; x_wconf 82' lang='grc' dir='ltr'>ὅτι</span> <span class='ocrx_word' id='word_1_439' title='bbox 1186 4703 1334 4756; x_wconf 83' lang='grc' dir='ltr'>πᾶσα</span> <span class='ocrx_word' id='word_1_440' title='bbox 1362 4704 1395 4774; x_wconf 85' lang='grc' dir='ltr'><strong>ή</strong></span> <span class='ocrx_word' id='word_1_441' title='bbox 1418 4703 1595 4765; x_wconf 81' lang='grc' dir='ltr'>κτίσις</span> <span class='ocrx_word' id='word_1_442' title='bbox 1621 4703 1795 4777; x_wconf 83' lang='grc' dir='ltr'>φθορᾷ</span> <span class='ocrx_word' id='word_1_443' title='bbox 1816 4706 2053 4761; x_wconf 79' lang='grc' dir='ltr'>δουλεύει</span> 
     </span>
    </p>
   </div>
   <div class='ocr_carea' id='block_1_52' title="bbox 384 4781 2052 4867">
    <p class='ocr_par' dir='ltr' id='par_1_52' title="bbox 384 4781 2052 4867">
     <span class='ocr_line' id='line_1_52' title="bbox 384 4781 2052 4867; baseline 0.007 -29"><span class='ocrx_word' id='word_1_444' title='bbox 384 4781 499 4851; x_wconf 83' lang='grc' dir='ltr'>νῦν,</span> <span class='ocrx_word' id='word_1_445' title='bbox 534 4786 629 4839; x_wconf 71' lang='grc' dir='ltr'>καὶ</span> <span class='ocrx_word' id='word_1_446' title='bbox 655 4786 744 4840; x_wconf 86' lang='grc' dir='ltr'>διά</span> <span class='ocrx_word' id='word_1_447' title='bbox 769 4788 821 4841; x_wconf 89' lang='grc' dir='ltr'>τί</span> <span class='ocrx_word' id='word_1_448' title='bbox 854 4787 1114 4855; x_wconf 85' lang='grc' dir='ltr'>δουλεύει,</span> <span class='ocrx_word' id='word_1_449' title='bbox 1149 4790 1242 4842; x_wconf 72' lang='grc' dir='ltr'>καὶ</span> <span class='ocrx_word' id='word_1_450' title='bbox 1284 4789 1414 4843; x_wconf 86' lang='grc' dir='ltr'>πότε</span> <span class='ocrx_word' id='word_1_451' title='bbox 1458 4791 1629 4862; x_wconf 77' lang='grc' dir='ltr'>αὐτῆς</span> <span class='ocrx_word' id='word_1_452' title='bbox 1670 4793 2052 4867; x_wconf 83' lang='grc' dir='ltr'>ἀπαλλαγήσε-</span> 
     </span>
    </p>
   </div>
   <div class='ocr_carea' id='block_1_53' title="bbox 384 4873 2052 4954">
    <p class='ocr_par' dir='ltr' id='par_1_53' title="bbox 384 4873 2052 4954">
     <span class='ocr_line' id='line_1_53' title="bbox 384 4873 2052 4954; baseline 0.008 -31"><span class='ocrx_word' id='word_1_453' title='bbox 384 4889 491 4938; x_wconf 87' lang='grc' dir='ltr'>ται,</span> <span class='ocrx_word' id='word_1_454' title='bbox 526 4873 623 4928; x_wconf 72' lang='grc' dir='ltr'>καὶ</span> <span class='ocrx_word' id='word_1_455' title='bbox 667 4877 747 4939; x_wconf 85' lang='grc' dir='ltr'>είς</span> <span class='ocrx_word' id='word_1_456' title='bbox 789 4878 946 4929; x_wconf 89' lang='grc' dir='ltr'>ποίαν</span> <span class='ocrx_word' id='word_1_457' title='bbox 993 4875 1355 4949; x_wconf 77' lang='grc' dir='ltr'>μεταϐήσεται</span> <span class='ocrx_word' id='word_1_458' title='bbox 1401 4876 1572 4949; x_wconf 81' lang='grc' dir='ltr'>λῆξιν.</span> <span class='ocrx_word' id='word_1_459' title='bbox 1611 4880 1790 4935; x_wconf 76' lang='grc' dir='ltr'>Εἰπὼν</span> <span class='ocrx_word' id='word_1_460' title='bbox 1813 4882 1942 4954; x_wconf 90' lang='grc' dir='ltr'>γάρ,</span> <span class='ocrx_word' id='word_1_461' title='bbox 1969 4884 2052 4937; x_wconf 81' lang='grc' dir='ltr'>ὅτι</span> 
     </span>
    </p>
   </div>
   <div class='ocr_carea' id='block_1_54' title="bbox 387 4960 2054 5040">
    <p class='ocr_par' dir='ltr' id='par_1_54' title="bbox 387 4960 2054 5040">
     <span class='ocr_line' id='line_1_54' title="bbox 387 4960 2054 5040; baseline 0.009 -29"><span class='ocrx_word' id='word_1_462' title='bbox 387 4962 509 5014; x_wconf 82' lang='grc' dir='ltr'>Οὐκ</span> <span class='ocrx_word' id='word_1_463' title='bbox 528 4960 676 5037; x_wconf 78' lang='grc'>[113]</span> <span class='ocrx_word' id='word_1_464' title='bbox 698 4964 775 5029; x_wconf 79' lang='grc' dir='ltr'>ἀξ</span> <span class='ocrx_word' id='word_1_465' title='bbox 780 4983 838 5019; x_wconf 89' lang='grc' dir='ltr'>ια</span> <span class='ocrx_word' id='word_1_466' title='bbox 858 4965 931 5019; x_wconf 81' lang='grc' dir='ltr'>τὰ</span> <span class='ocrx_word' id='word_1_467' title='bbox 945 4964 1261 5035; x_wconf 76' lang='grc' dir='ltr'>παθήματα</span> <span class='ocrx_word' id='word_1_468' title='bbox 1275 4963 1381 5018; x_wconf 83' lang='grc' dir='ltr'>τοῦ</span> <span class='ocrx_word' id='word_1_469' title='bbox 1396 4965 1513 5019; x_wconf 81' lang='grc' dir='ltr'>νῦν</span> <span class='ocrx_word' id='word_1_470' title='bbox 1543 4969 1749 5037; x_wconf 79' lang='grc' dir='ltr'>καιροῦ</span> <span class='ocrx_word' id='word_1_471' title='bbox 1777 4972 1925 5039; x_wconf 79' lang='grc' dir='ltr'>πρὸς</span> <span class='ocrx_word' id='word_1_472' title='bbox 1939 4971 2054 5040; x_wconf 79' lang='grc' dir='ltr'>τὴν</span> 
     </span>
    </p>
   </div>
   <div class='ocr_carea' id='block_1_55' title="bbox 383 5046 2054 5131">
    <p class='ocr_par' dir='ltr' id='par_1_55' title="bbox 383 5046 2054 5131">
     <span class='ocr_line' id='line_1_55' title="bbox 383 5046 2054 5131; baseline 0.008 -31"><span class='ocrx_word' id='word_1_473' title='bbox 383 5046 734 5114; x_wconf 74' lang='grc' dir='ltr'>μέλλουσαν</span> <span class='ocrx_word' id='word_1_474' title='bbox 761 5052 952 5117; x_wconf 79' lang='grc' dir='ltr'>δόξαν</span> <span class='ocrx_word' id='word_1_475' title='bbox 974 5053 1504 5108; x_wconf 74' lang='grc' dir='ltr'>ἀποκαλύπτεσθαι</span> <span class='ocrx_word' id='word_1_476' title='bbox 1537 5057 1624 5120; x_wconf 84' lang='grc' dir='ltr'>είς</span> <span class='ocrx_word' id='word_1_477' title='bbox 1646 5054 1822 5125; x_wconf 72' lang='grc' dir='ltr'>ἡμᾶς,</span> <span class='ocrx_word' id='word_1_478' title='bbox 1847 5061 2054 5131; x_wconf 83' lang='grc' dir='ltr'>ἐπήγα-</span> 
     </span>
    </p>
   </div>
   <div class='ocr_carea' id='block_1_56' title="bbox 384 5134 2048 5212">
    <p class='ocr_par' dir='ltr' id='par_1_56' title="bbox 384 5134 2048 5212">
     <span class='ocr_line' id='line_1_56' title="bbox 384 5134 2048 5212; baseline 0.011 -28"><span class='ocrx_word' id='word_1_479' title='bbox 384 5148 512 5201; x_wconf 71' lang='grc' dir='ltr'>γενο</span> <span class='ocrx_word' id='word_1_480' title='bbox 555 5134 615 5189; x_wconf 84' lang='grc' dir='ltr'><strong><em>Ἠ</em></strong></span> <span class='ocrx_word' id='word_1_481' title='bbox 636 5138 745 5207; x_wconf 76' lang='grc' dir='ltr'>γὰρ</span> <span class='ocrx_word' id='word_1_482' title='bbox 776 5140 1224 5209; x_wconf 81' lang='grc' dir='ltr'>ἀποκαραδοκία</span> <span class='ocrx_word' id='word_1_483' title='bbox 1264 5140 1374 5209; x_wconf 81' lang='grc' dir='ltr'>τῆς</span> <span class='ocrx_word' id='word_1_484' title='bbox 1400 5142 1647 5210; x_wconf 87' lang='grc' dir='ltr'>κτίσεως</span> <span class='ocrx_word' id='word_1_485' title='bbox 1678 5143 1794 5212; x_wconf 79' lang='grc' dir='ltr'>τὴν</span> <span class='ocrx_word' id='word_1_486' title='bbox 1824 5147 2048 5202; x_wconf 79' lang='grc' dir='ltr'>ἀποκά·</span> 
     </span>
    </p>
   </div>
   <div class='ocr_carea' id='block_1_57' title="bbox 382 5220 2053 5305">
    <p class='ocr_par' dir='ltr' id='par_1_57' title="bbox 382 5220 2053 5305">
     <span class='ocr_line' id='line_1_57' title="bbox 382 5220 2053 5305; baseline 0.011 -34"><span class='ocrx_word' id='word_1_487' title='bbox 382 5220 579 5289; x_wconf 74' lang='grc' dir='ltr'>λυψιν</span> <span class='ocrx_word' id='word_1_488' title='bbox 617 5224 736 5278; x_wconf 83' lang='grc' dir='ltr'>τῶν</span> <span class='ocrx_word' id='word_1_489' title='bbox 776 5228 923 5282; x_wconf 77' lang='grc' dir='ltr'>υἰῶν</span> <span class='ocrx_word' id='word_1_490' title='bbox 946 5227 1054 5283; x_wconf 84' lang='grc' dir='ltr'>τοῦ</span> <span class='ocrx_word' id='word_1_491' title='bbox 1083 5229 1231 5284; x_wconf 79' lang='grc' dir='ltr'>Θεοῦ</span> <span class='ocrx_word' id='word_1_492' title='bbox 1258 5229 1671 5298; x_wconf 81' lang='grc' dir='ltr'>ἀπεκδέχεται.</span> <span class='ocrx_word' id='word_1_493' title='bbox 1702 5232 1781 5302; x_wconf 75' lang='grc' dir='ltr'><em>Τῇ</em></span> <span class='ocrx_word' id='word_1_494' title='bbox 1808 5236 1917 5304; x_wconf 80' lang='grc' dir='ltr'>γὰρ</span> <span class='ocrx_word' id='word_1_495' title='bbox 1939 5252 2053 5305; x_wconf 66' lang='lat' dir='ltr'>pa-</span> 
     </span>
    </p>
   </div>
   <div class='ocr_carea' id='block_1_58' title="bbox 385 5310 2053 5387">
    <p class='ocr_par' dir='ltr' id='par_1_58' title="bbox 385 5310 2053 5387">
     <span class='ocr_line' id='line_1_58' title="bbox 385 5310 2053 5387; baseline 0.012 -28"><span class='ocrx_word' id='word_1_496' title='bbox 385 5310 643 5375; x_wconf 81' lang='grc' dir='ltr'>ταιότητι</span> <span class='ocrx_word' id='word_1_497' title='bbox 668 5311 705 5378; x_wconf 77' lang='grc' dir='ltr'>ἡ</span> <span class='ocrx_word' id='word_1_498' title='bbox 727 5314 925 5378; x_wconf 84' lang='grc' dir='ltr'>κτίσις</span> <span class='ocrx_word' id='word_1_499' title='bbox 943 5317 1208 5386; x_wconf 79' lang='grc' dir='ltr'>ὑπετάγη</span> <span class='ocrx_word' id='word_1_500' title='bbox 1238 5318 1349 5387; x_wconf 80' lang='grc' dir='ltr'>οὐχ</span> <span class='ocrx_word' id='word_1_501' title='bbox 1376 5318 1621 5381; x_wconf 73' lang='grc' dir='ltr'>ἑκοῦσα,</span> <span class='ocrx_word' id='word_1_502' title='bbox 1640 5320 1798 5375; x_wconf 72' lang='grc' dir='ltr'>ἀλλὰ</span> <span class='ocrx_word' id='word_1_503' title='bbox 1827 5321 1924 5378; x_wconf 82' lang='grc' dir='ltr'>διὰ</span> <span class='ocrx_word' id='word_1_504' title='bbox 1948 5326 2053 5379; x_wconf 82' lang='grc' dir='ltr'>τὸν</span> 
     </span>
    </p>
   </div>
   <div class='ocr_carea' id='block_1_59' title="bbox 384 5393 2056 5484">
    <p class='ocr_par' dir='ltr' id='par_1_59' title="bbox 384 5393 2056 5484">
     <span class='ocr_line' id='line_1_59' title="bbox 384 5393 2056 5484; baseline 0.008 -34"><span class='ocrx_word' id='word_1_505' title='bbox 384 5393 771 5484; x_wconf 56' lang='grc' dir='ltr'>ὑποτάξαντα</span> <span class='ocrx_word' id='word_1_506' title='bbox 789 5399 882 5451; x_wconf 77' lang='grc' dir='ltr'>ἐπ’</span> <span class='ocrx_word' id='word_1_507' title='bbox 897 5401 1117 5457; x_wconf 79' lang='grc' dir='ltr'>ἐλπίδι.</span> <span class='ocrx_word' id='word_1_508' title='bbox 1130 5406 1195 5457; x_wconf 88' lang='grc' dir='ltr'><strong>Ὃ</strong></span> <span class='ocrx_word' id='word_1_509' title='bbox 1214 5404 1268 5457; x_wconf 77' lang='grc' dir='ltr'>δὲ</span> <span class='ocrx_word' id='word_1_510' title='bbox 1294 5405 1440 5474; x_wconf 86' lang='grc' dir='ltr'>λέγει</span> <span class='ocrx_word' id='word_1_511' title='bbox 1462 5406 1699 5462; x_wconf 89' lang='grc' dir='ltr'>τοιοῦτόν</span> <span class='ocrx_word' id='word_1_512' title='bbox 1722 5411 1835 5462; x_wconf 90' lang='grc' dir='ltr'>ἐστι</span> <span class='ocrx_word' id='word_1_513' title='bbox 1851 5427 1865 5440; x_wconf 88' lang='grc'><strong>·</strong></span> <span class='ocrx_word' id='word_1_514' title='bbox 1885 5410 2056 5484; x_wconf 84' lang='grc' dir='ltr'>Φοαρ-</span> 
     </span>
    </p>
   </div>
   <div class='ocr_carea' id='block_1_60' title="bbox 385 5481 2053 5567">
    <p class='ocr_par' dir='ltr' id='par_1_60' title="bbox 385 5481 2053 5567">
     <span class='ocr_line' id='line_1_60' title="bbox 385 5481 2053 5567; baseline 0.011 -34"><span class='ocrx_word' id='word_1_515' title='bbox 385 5481 475 5555; x_wconf 82' lang='grc' dir='ltr'>τὴ,</span> <span class='ocrx_word' id='word_1_516' title='bbox 504 5484 688 5554; x_wconf 75' lang='grc' dir='ltr'>φησὶν,</span> <span class='ocrx_word' id='word_1_517' title='bbox 712 5487 747 5555; x_wconf 78' lang='grc' dir='ltr'>ἡ</span> <span class='ocrx_word' id='word_1_518' title='bbox 767 5485 944 5549; x_wconf 85' lang='grc' dir='ltr'>κτίσις</span> <span class='ocrx_word' id='word_1_519' title='bbox 970 5490 1187 5557; x_wconf 89' lang='grc' dir='ltr'>ἐγένετο</span> <span class='ocrx_word' id='word_1_520' title='bbox 1203 5503 1250 5530; x_wconf 76' lang='grc' dir='ltr'>ο·</span> <span class='ocrx_word' id='word_1_521' title='bbox 1271 5492 1428 5547; x_wconf 88' lang='grc' dir='ltr'>τοῦτο</span> <span class='ocrx_word' id='word_1_522' title='bbox 1451 5495 1559 5566; x_wconf 87' lang='grc' dir='ltr'>γάρ</span> <span class='ocrx_word' id='word_1_523' title='bbox 1590 5497 1705 5549; x_wconf 92' lang='grc' dir='ltr'>ἐστι</span> <span class='ocrx_word' id='word_1_524' title='bbox 1731 5496 1814 5562; x_wconf 88' lang='lat'>16,</span> <span class='ocrx_word' id='word_1_525' title='bbox 1839 5496 1918 5567; x_wconf 79' lang='grc' dir='ltr'><em>Τῇ</em></span> <span class='ocrx_word' id='word_1_526' title='bbox 1937 5481 2053 5567; x_wconf 81' lang='grc' dir='ltr'>μα-</span> 
     </span>
    </p>
   </div>
   <div class='ocr_carea' id='block_1_61' title="bbox 385 5570 2058 5648">
    <p class='ocr_par' dir='ltr' id='par_1_61' title="bbox 385 5570 2058 5648">
     <span class='ocr_line' id='line_1_61' title="bbox 385 5570 2058 5648; baseline 0.01 -24"><span class='ocrx_word' id='word_1_527' title='bbox 385 5570 647 5640; x_wconf 78' lang='grc' dir='ltr'>ταιότητι</span> <span class='ocrx_word' id='word_1_528' title='bbox 670 5574 936 5644; x_wconf 73' lang='grc' dir='ltr'>ὑπετάγη</span> <span class='ocrx_word' id='word_1_529' title='bbox 958 5592 971 5606; x_wconf 73' lang='grc' dir='ltr'>σ</span> <span class='ocrx_word' id='word_1_530' title='bbox 999 5575 1212 5648; x_wconf 79' lang='grc' dir='ltr'>φθαρτὴ</span> <span class='ocrx_word' id='word_1_531' title='bbox 1238 5579 1295 5632; x_wconf 83' lang='grc' dir='ltr'>δὲ</span> <span class='ocrx_word' id='word_1_532' title='bbox 1318 5581 1533 5648; x_wconf 85' lang='grc' dir='ltr'>ἐγένετο</span> <span class='ocrx_word' id='word_1_533' title='bbox 1566 5584 1660 5637; x_wconf 90' lang='grc' dir='ltr'>τοῦ</span> <span class='ocrx_word' id='word_1_534' title='bbox 1694 5584 1827 5638; x_wconf 85' lang='grc' dir='ltr'>Θεοῦ</span> <span class='ocrx_word' id='word_1_535' title='bbox 1867 5585 2058 5640; x_wconf 87' lang='grc' dir='ltr'>κελεύ-</span> 
     </span>
    </p>
   </div>
   <div class='ocr_carea' id='block_1_62' title="bbox 444 5695 2056 5773">
    <p class='ocr_par' dir='ltr' id='par_1_62' title="bbox 444 5695 2056 5773">
     <span class='ocr_line' id='line_1_62' title="bbox 444 5695 2056 5773; baseline 0.011 -30"><span class='ocrx_word' id='word_1_536' title='bbox 444 5696 473 5725; x_wconf 74' lang='grc'><strong><em>⁸</em></strong></span> <span class='ocrx_word' id='word_1_537' title='bbox 494 5695 666 5773; x_wconf 57' lang='grc' dir='ltr'>Ὰςοτρι.</span> <span class='ocrx_word' id='word_1_538' title='bbox 685 5696 844 5745; x_wconf 85' lang='grc' dir='ltr'>ἄλλων</span> <span class='ocrx_word' id='word_1_539' title='bbox 868 5697 1030 5746; x_wconf 85' lang='grc' dir='ltr'>δεῖται.</span> <span class='ocrx_word' id='word_1_540' title='bbox 1054 5698 1202 5748; x_wconf 78' lang='lat' dir='ltr'>Savil.</span> <span class='ocrx_word' id='word_1_541' title='bbox 1218 5700 1434 5759; x_wconf 80' lang='grc' dir='ltr'>ἀλλήλων</span> <span class='ocrx_word' id='word_1_542' title='bbox 1453 5705 1613 5754; x_wconf 84' lang='grc' dir='ltr'>δεῖται.</span> <span class='ocrx_word' id='word_1_543' title='bbox 1638 5704 1765 5758; x_wconf 76' lang='lat' dir='ltr'>Infra</span> <span class='ocrx_word' id='word_1_544' title='bbox 1784 5710 1930 5760; x_wconf 76' lang='lat' dir='ltr'>Savil.</span> <span class='ocrx_word' id='word_1_545' title='bbox 1943 5711 2056 5760; x_wconf 82' lang='grc' dir='ltr'>θαυ-</span> 
     </span>
    </p>
   </div>
   <div class='ocr_carea' id='block_1_63' title="bbox 386 5772 699 5821">
    <p class='ocr_par' dir='ltr' id='par_1_63' title="bbox 386 5772 699 5821">
     <span class='ocr_line' id='line_1_63' title="bbox 386 5772 699 5821; baseline 0 -17"><span class='ocrx_word' id='word_1_546' title='bbox 386 5772 699 5821; x_wconf 73' lang='grc' dir='ltr'>μασιωτερος.</span> 
     </span>
    </p>
   </div>
   <div class='ocr_carea' id='block_1_64' title="bbox 420 5816 1314 5880">
    <p class='ocr_par' dir='ltr' id='par_1_64' title="bbox 420 5816 1314 5880">
     <span class='ocr_line' id='line_1_64' title="bbox 420 5816 1314 5880; baseline 0.003 -13"><span class='ocrx_word' id='word_1_547' title='bbox 420 5867 426 5876; x_wconf 71' lang='grc'>,</span> <span class='ocrx_word' id='word_1_548' title='bbox 502 5816 703 5880; x_wconf 63' lang='grc' dir='ltr'>Αηφωι</span> <span class='ocrx_word' id='word_1_549' title='bbox 723 5834 840 5871; x_wconf 81' lang='lat' dir='ltr'>mss.</span> <span class='ocrx_word' id='word_1_550' title='bbox 865 5820 978 5876; x_wconf 80' lang='grc' dir='ltr'>δοὺς</span> <span class='ocrx_word' id='word_1_551' title='bbox 999 5821 1314 5879; x_wconf 76' lang='grc' dir='ltr'>ἐπιλέξασθαι.</span> 
     </span>
    </p>
   </div>
   <div class='ocr_carea' id='block_1_65' title="bbox 447 5879 1065 5960">
    <p class='ocr_par' dir='ltr' id='par_1_65' title="bbox 447 5879 1065 5960">
     <span class='ocr_line' id='line_1_65' title="bbox 447 5879 1065 5960; baseline 0 -30"><span class='ocrx_word' id='word_1_552' title='bbox 447 5879 470 5908; x_wconf 67' lang='grc' dir='ltr'><strong><em>ο</em></strong></span> <span class='ocrx_word' id='word_1_553' title='bbox 504 5879 609 5954; x_wconf 63' lang='grc' dir='ltr'><strong>ᾼιὶἷ</strong></span> <span class='ocrx_word' id='word_1_554' title='bbox 623 5884 653 5939; x_wconf 86' lang='grc' dir='ltr'><strong>ἡ</strong></span> <span class='ocrx_word' id='word_1_555' title='bbox 677 5883 1065 5960; x_wconf 41' lang='grc' dir='ltr'>κτίσιςηῧγονενς</span> 
     </span>
    </p>
   </div>
   <div class='ocr_carea' id='block_1_66' title="bbox 1171 250 3774 362">
    <p class='ocr_par' dir='ltr' id='par_1_66' title="bbox 1171 250 3774 362">
     <span class='ocr_line' id='line_1_66' title="bbox 1171 250 3774 362; baseline 0.005 -16"><span class='ocrx_word' id='word_1_556' title='bbox 1171 250 1242 348; x_wconf 35' lang='grc'>5..</span> <span class='ocrx_word' id='word_1_557' title='bbox 1265 290 1554 347; x_wconf 79' lang='lat' dir='ltr'>JOANNIS</span> <span class='ocrx_word' id='word_1_558' title='bbox 1590 288 2086 347; x_wconf 77' lang='lat' dir='ltr'>CHRYSOSTOMI</span> <span class='ocrx_word' id='word_1_559' title='bbox 2124 289 2443 348; x_wconf 80' lang='lat' dir='ltr'>ARCHIEP.</span> <span class='ocrx_word' id='word_1_560' title='bbox 2485 294 3030 350; x_wconf 68' lang='lat' dir='ltr'>CONSTANTINOP.</span> <span class='ocrx_word' id='word_1_561' title='bbox 3694 307 3774 362; x_wconf 77' lang='grc'>118</span> 
     </span>
    </p>
   </div>
   <div class='ocr_carea' id='block_1_67' title="bbox 2174 408 3790 486">
    <p class='ocr_par' dir='ltr' id='par_1_67' title="bbox 2174 408 3790 486">
     <span class='ocr_line' id='line_1_67' title="bbox 2174 408 3790 486; baseline 0.009 -28"><span class='ocrx_word' id='word_1_562' title='bbox 2174 422 2366 472; x_wconf 89' lang='grc' dir='ltr'>σαντος</span> <span class='ocrx_word' id='word_1_563' title='bbox 2392 408 2583 473; x_wconf 70' lang='grc' dir='ltr'>οὕτως.</span> <span class='ocrx_word' id='word_1_564' title='bbox 2604 410 2883 464; x_wconf 88' lang='grc' dir='ltr'>Ἑκέλευσε</span> <span class='ocrx_word' id='word_1_565' title='bbox 2914 409 2971 464; x_wconf 79' lang='grc' dir='ltr'>δὲ</span> <span class='ocrx_word' id='word_1_566' title='bbox 3003 413 3031 464; x_wconf 94' lang='lat'>6</span> <span class='ocrx_word' id='word_1_567' title='bbox 3058 410 3195 476; x_wconf 83' lang='grc' dir='ltr'>Θεὸς</span> <span class='ocrx_word' id='word_1_568' title='bbox 3228 409 3370 465; x_wconf 75' lang='grc' dir='ltr'>οὕτω</span> <span class='ocrx_word' id='word_1_569' title='bbox 3396 412 3477 467; x_wconf 78' lang='grc' dir='ltr'>διὰ</span> <span class='ocrx_word' id='word_1_570' title='bbox 3502 415 3555 469; x_wconf 83' lang='grc' dir='ltr'>τὸ</span> <span class='ocrx_word' id='word_1_571' title='bbox 3580 418 3714 486; x_wconf 84' lang='grc' dir='ltr'>γένος</span> <span class='ocrx_word' id='word_1_572' title='bbox 3741 429 3790 481; x_wconf 72' lang='grc' dir='ltr'>τὸ</span> 
     </span>
    </p>
   </div>
   <div class='ocr_carea' id='block_1_68' title="bbox 2176 493 3792 580">
    <p class='ocr_par' dir='ltr' id='par_1_68' title="bbox 2176 493 3792 580">
     <span class='ocr_line' id='line_1_68' title="bbox 2176 493 3792 580; baseline 0.009 -35"><span class='ocrx_word' id='word_1_573' title='bbox 2176 493 2471 567; x_wconf 77' lang='grc' dir='ltr'>ἡμέτερον·</span> <span class='ocrx_word' id='word_1_574' title='bbox 2503 496 2690 569; x_wconf 80' lang='grc' dir='ltr'>ἐπειδὴ</span> <span class='ocrx_word' id='word_1_575' title='bbox 2737 496 2848 568; x_wconf 90' lang='grc' dir='ltr'>γάρ</span> <span class='ocrx_word' id='word_1_576' title='bbox 2888 497 3125 567; x_wconf 82' lang='grc' dir='ltr'>φθαρτὸν</span> <span class='ocrx_word' id='word_1_577' title='bbox 3153 498 3353 570; x_wconf 76' lang='grc' dir='ltr'>ἤμελλε</span> <span class='ocrx_word' id='word_1_578' title='bbox 3378 502 3578 571; x_wconf 85' lang='grc' dir='ltr'>τρέφειν</span> <span class='ocrx_word' id='word_1_579' title='bbox 3617 506 3792 580; x_wconf 83' lang='grc' dir='ltr'>ἀνθρω-</span> 
     </span>
    </p>
   </div>
   <div class='ocr_carea' id='block_1_69' title="bbox 2188 580 3792 665">
    <p class='ocr_par' dir='ltr' id='par_1_69' title="bbox 2188 580 3792 665">
     <span class='ocr_line' id='line_1_69' title="bbox 2188 580 3792 665; baseline 0.01 -33"><span class='ocrx_word' id='word_1_580' title='bbox 2188 597 2309 645; x_wconf 89' lang='grc' dir='ltr'>πον,</span> <span class='ocrx_word' id='word_1_581' title='bbox 2340 585 2432 637; x_wconf 76' lang='grc' dir='ltr'>καὶ</span> <span class='ocrx_word' id='word_1_582' title='bbox 2469 585 2638 655; x_wconf 85' lang='grc' dir='ltr'>αὐτὴν</span> <span class='ocrx_word' id='word_1_583' title='bbox 2670 585 2926 657; x_wconf 80' lang='grc' dir='ltr'>τοιαύτην</span> <span class='ocrx_word' id='word_1_584' title='bbox 2951 580 3087 639; x_wconf 78' lang='grc' dir='ltr'>εἶναι</span> <span class='ocrx_word' id='word_1_585' title='bbox 3114 586 3280 657; x_wconf 84' lang='grc' dir='ltr'>ἐχρῆν</span> <span class='ocrx_word' id='word_1_586' title='bbox 3300 603 3316 618; x_wconf 77' lang='grc' dir='ltr'><strong>ο</strong></span> <span class='ocrx_word' id='word_1_587' title='bbox 3338 587 3396 639; x_wconf 87' lang='grc' dir='ltr'>ού</span> <span class='ocrx_word' id='word_1_588' title='bbox 3418 589 3518 661; x_wconf 86' lang='grc' dir='ltr'>γὰρ</span> <span class='ocrx_word' id='word_1_589' title='bbox 3538 590 3594 662; x_wconf 77' lang='grc' dir='ltr'>δὴ</span> <span class='ocrx_word' id='word_1_590' title='bbox 3614 594 3792 665; x_wconf 83' lang='grc' dir='ltr'>φθαρτά</span> 
     </span>
    </p>
   </div>
   <div class='ocr_carea' id='block_1_70' title="bbox 2183 667 3794 743">
    <p class='ocr_par' dir='ltr' id='par_1_70' title="bbox 2183 667 3794 743">
     <span class='ocr_line' id='line_1_70' title="bbox 2183 667 3794 743; baseline 0.012 -27"><span class='ocrx_word' id='word_1_591' title='bbox 2183 667 2411 738; x_wconf 86' lang='grc' dir='ltr'>σώματα</span> <span class='ocrx_word' id='word_1_592' title='bbox 2459 671 2691 742; x_wconf 72' lang='grc' dir='ltr'>ἤμελλεν</span> <span class='ocrx_word' id='word_1_593' title='bbox 2734 672 2997 743; x_wconf 78' lang='grc' dir='ltr'>ἀφθάρτῳ</span> <span class='ocrx_word' id='word_1_594' title='bbox 3053 672 3419 726; x_wconf 82' lang='grc' dir='ltr'>ἐνδιαιτᾶσθαι</span> <span class='ocrx_word' id='word_1_595' title='bbox 3473 676 3649 733; x_wconf 82' lang='grc' dir='ltr'>κτίσει.</span> <span class='ocrx_word' id='word_1_596' title='bbox 3677 682 3794 736; x_wconf 75' lang='grc' dir='ltr'>Ἀλλ’</span> 
     </span>
    </p>
   </div>
   <div class='ocr_carea' id='block_1_71' title="bbox 2178 754 3795 834">
    <p class='ocr_par' dir='ltr' id='par_1_71' title="bbox 2178 754 3795 834">
     <span class='ocr_line' id='line_1_71' title="bbox 2178 754 3795 834; baseline 0.008 -26"><span class='ocrx_word' id='word_1_597' title='bbox 2178 754 2327 825; x_wconf 84' lang='grc' dir='ltr'>ὅμως</span> <span class='ocrx_word' id='word_1_598' title='bbox 2359 758 2419 809; x_wconf 87' lang='grc' dir='ltr'>οὐ</span> <span class='ocrx_word' id='word_1_599' title='bbox 2455 761 2604 828; x_wconf 85' lang='grc' dir='ltr'>μένει</span> <span class='ocrx_word' id='word_1_600' title='bbox 2641 758 2887 828; x_wconf 84' lang='grc' dir='ltr'>τοιαύτη,</span> <span class='ocrx_word' id='word_1_601' title='bbox 2936 761 3121 829; x_wconf 75' lang='grc' dir='ltr'>φησὶν,</span> <span class='ocrx_word' id='word_1_602' title='bbox 3158 759 3294 812; x_wconf 83' lang='grc' dir='ltr'>ἀλλά</span> <span class='ocrx_word' id='word_1_603' title='bbox 3329 760 3436 814; x_wconf 85' lang='grc' dir='ltr'>Καὶ</span> <span class='ocrx_word' id='word_1_604' title='bbox 3461 763 3600 832; x_wconf 76' lang='grc' dir='ltr'>αὐτὴ</span> <span class='ocrx_word' id='word_1_605' title='bbox 3633 767 3666 834; x_wconf 75' lang='grc' dir='ltr'>ἡ</span> <span class='ocrx_word' id='word_1_606' title='bbox 3695 769 3795 822; x_wconf 81' lang='grc' dir='ltr'>κτί-</span> 
     </span>
    </p>
   </div>
   <div class='ocr_carea' id='block_1_72' title="bbox 2178 842 3793 921">
    <p class='ocr_par' dir='ltr' id='par_1_72' title="bbox 2178 842 3793 921">
     <span class='ocr_line' id='line_1_72' title="bbox 2178 842 3793 921; baseline 0.007 -26"><span class='ocrx_word' id='word_1_607' title='bbox 2178 859 2278 908; x_wconf 82' lang='grc' dir='ltr'>σις</span> <span class='ocrx_word' id='word_1_608' title='bbox 2306 842 2849 915; x_wconf 65' lang='grc' dir='ltr'>ἐλευθερωθήσεται</span> <span class='ocrx_word' id='word_1_609' title='bbox 2874 846 2993 900; x_wconf 81' lang='grc' dir='ltr'>ἀπὸ</span> <span class='ocrx_word' id='word_1_610' title='bbox 3016 846 3127 915; x_wconf 77' lang='grc' dir='ltr'>τῆς</span> <span class='ocrx_word' id='word_1_611' title='bbox 3152 846 3429 914; x_wconf 81' lang='grc' dir='ltr'>δουλείας</span> <span class='ocrx_word' id='word_1_612' title='bbox 3456 849 3554 919; x_wconf 81' lang='grc' dir='ltr'>τῆς</span> <span class='ocrx_word' id='word_1_613' title='bbox 3576 853 3793 921; x_wconf 75' lang='grc' dir='ltr'>φθορᾶςο</span> 
     </span>
    </p>
   </div>
   <div class='ocr_carea' id='block_1_73' title="bbox 2176 925 3795 1009">
    <p class='ocr_par' dir='ltr' id='par_1_73' title="bbox 2176 925 3795 1009">
     <span class='ocr_line' id='line_1_73' title="bbox 2176 925 3795 1009; baseline 0.007 -28"><span class='ocrx_word' id='word_1_614' title='bbox 2176 925 2296 985; x_wconf 74' lang='grc' dir='ltr'>εἷτα</span> <span class='ocrx_word' id='word_1_615' title='bbox 2326 931 2500 1003; x_wconf 84' lang='grc' dir='ltr'>δηλῶν</span> <span class='ocrx_word' id='word_1_616' title='bbox 2545 935 2675 987; x_wconf 83' lang='grc' dir='ltr'>πότε</span> <span class='ocrx_word' id='word_1_617' title='bbox 2705 933 2864 987; x_wconf 84' lang='grc' dir='ltr'>τοῦτο</span> <span class='ocrx_word' id='word_1_618' title='bbox 2910 933 3063 987; x_wconf 73' lang='grc' dir='ltr'>ἔσται</span> <span class='ocrx_word' id='word_1_619' title='bbox 3110 935 3204 988; x_wconf 80' lang='grc' dir='ltr'>καὶ</span> <span class='ocrx_word' id='word_1_620' title='bbox 3231 933 3318 989; x_wconf 84' lang='grc' dir='ltr'>διὰ</span> <span class='ocrx_word' id='word_1_621' title='bbox 3346 936 3510 1000; x_wconf 87' lang='grc' dir='ltr'>τίνας,</span> <span class='ocrx_word' id='word_1_622' title='bbox 3539 940 3795 1009; x_wconf 77' lang='grc' dir='ltr'>ἐπήγαγεν·</span> 
     </span>
    </p>
   </div>
   <div class='ocr_carea' id='block_1_74' title="bbox 2174 1019 3795 1093">
    <p class='ocr_par' dir='ltr' id='par_1_74' title="bbox 2174 1019 3795 1093">
     <span class='ocr_line' id='line_1_74' title="bbox 2174 1019 3795 1093; baseline 0.008 -22"><span class='ocrx_word' id='word_1_623' title='bbox 2174 1022 2280 1083; x_wconf 78' lang='grc' dir='ltr'>Εἰς</span> <span class='ocrx_word' id='word_1_624' title='bbox 2303 1019 2419 1088; x_wconf 76' lang='grc' dir='ltr'>τὴν</span> <span class='ocrx_word' id='word_1_625' title='bbox 2447 1021 2800 1090; x_wconf 75' lang='grc' dir='ltr'>ἐλευθερίαν</span> <span class='ocrx_word' id='word_1_626' title='bbox 2823 1019 2931 1093; x_wconf 86' lang='grc' dir='ltr'>τῆς</span> <span class='ocrx_word' id='word_1_627' title='bbox 2953 1021 3141 1090; x_wconf 80' lang='grc' dir='ltr'>δόξης</span> <span class='ocrx_word' id='word_1_628' title='bbox 3163 1021 3282 1076; x_wconf 77' lang='grc' dir='ltr'>τῶν</span> <span class='ocrx_word' id='word_1_629' title='bbox 3301 1021 3518 1077; x_wconf 68' lang='grc' dir='ltr'>τέκνων</span> <span class='ocrx_word' id='word_1_630' title='bbox 3534 1026 3631 1079; x_wconf 85' lang='grc' dir='ltr'>τοῦ</span> <span class='ocrx_word' id='word_1_631' title='bbox 3655 1029 3795 1084; x_wconf 85' lang='grc' dir='ltr'>Θεοῦ.</span> 
     </span>
    </p>
   </div>
   <div class='ocr_carea' id='block_1_75' title="bbox 2175 1106 3798 1183">
    <p class='ocr_par' dir='ltr' id='par_1_75' title="bbox 2175 1106 3798 1183">
     <span class='ocr_line' id='line_1_75' title="bbox 2175 1106 3798 1183; baseline 0.004 -21"><span class='ocrx_word' id='word_1_632' title='bbox 2175 1106 2343 1162; x_wconf 85' lang='grc' dir='ltr'>Ὅταν</span> <span class='ocrx_word' id='word_1_633' title='bbox 2372 1106 2481 1179; x_wconf 83' lang='grc' dir='ltr'>γὰρ</span> <span class='ocrx_word' id='word_1_634' title='bbox 2509 1107 2852 1179; x_wconf 84' lang='grc' dir='ltr'>ἀναστῶμεν,</span> <span class='ocrx_word' id='word_1_635' title='bbox 2894 1110 3047 1179; x_wconf 75' lang='grc' dir='ltr'>φησὶ,</span> <span class='ocrx_word' id='word_1_636' title='bbox 3074 1110 3170 1163; x_wconf 71' lang='grc' dir='ltr'>καὶ</span> <span class='ocrx_word' id='word_1_637' title='bbox 3194 1110 3444 1181; x_wconf 83' lang='grc' dir='ltr'>ἄφθαρτα</span> <span class='ocrx_word' id='word_1_638' title='bbox 3464 1111 3692 1183; x_wconf 78' lang='grc' dir='ltr'>λάϐωμεν</span> <span class='ocrx_word' id='word_1_639' title='bbox 3712 1114 3798 1167; x_wconf 74' lang='grc' dir='ltr'>σὼο</span> 
     </span>
    </p>
   </div>
   <div class='ocr_carea' id='block_1_76' title="bbox 2175 1195 3798 1269">
    <p class='ocr_par' dir='ltr' id='par_1_76' title="bbox 2175 1195 3798 1269">
     <span class='ocr_line' id='line_1_76' title="bbox 2175 1195 3798 1269; baseline 0.005 -21"><span class='ocrx_word' id='word_1_640' title='bbox 2175 1214 2343 1266; x_wconf 87' lang='grc' dir='ltr'>ματα,</span> <span class='ocrx_word' id='word_1_641' title='bbox 2377 1196 2499 1248; x_wconf 91' lang='grc' dir='ltr'>τότε</span> <span class='ocrx_word' id='word_1_642' title='bbox 2544 1196 2640 1249; x_wconf 76' lang='grc' dir='ltr'>καὶ</span> <span class='ocrx_word' id='word_1_643' title='bbox 2683 1195 2778 1249; x_wconf 91' lang='grc' dir='ltr'>τοῦ</span> <span class='ocrx_word' id='word_1_644' title='bbox 2830 1197 3059 1268; x_wconf 85' lang='grc' dir='ltr'>οὐρανοῦ</span> <span class='ocrx_word' id='word_1_645' title='bbox 3089 1197 3148 1250; x_wconf 92' lang='lat'>16</span> <span class='ocrx_word' id='word_1_646' title='bbox 3178 1197 3337 1267; x_wconf 90' lang='grc' dir='ltr'>σῶμα</span> <span class='ocrx_word' id='word_1_647' title='bbox 3370 1199 3459 1251; x_wconf 78' lang='grc' dir='ltr'>καί</span> <span class='ocrx_word' id='word_1_648' title='bbox 3486 1199 3577 1269; x_wconf 82' lang='grc' dir='ltr'>τῆς</span> <span class='ocrx_word' id='word_1_649' title='bbox 3599 1201 3689 1268; x_wconf 71' lang='grc' dir='ltr'>γῆς</span> <span class='ocrx_word' id='word_1_650' title='bbox 3722 1206 3798 1256; x_wconf 75' lang='grc' dir='ltr'>καὶ</span> 
     </span>
    </p>
   </div>
   <div class='ocr_carea' id='block_1_77' title="bbox 2170 1283 3797 1357">
    <p class='ocr_par' dir='ltr' id='par_1_77' title="bbox 2170 1283 3797 1357">
     <span class='ocr_line' id='line_1_77' title="bbox 2170 1283 3797 1357; baseline 0.003 -20"><span class='ocrx_word' id='word_1_651' title='bbox 2170 1285 2269 1355; x_wconf 83' lang='grc' dir='ltr'>τῆς</span> <span class='ocrx_word' id='word_1_652' title='bbox 2291 1284 2523 1347; x_wconf 89' lang='grc' dir='ltr'>κτίσεως</span> <span class='ocrx_word' id='word_1_653' title='bbox 2548 1283 2765 1355; x_wconf 88' lang='grc' dir='ltr'>ἀπάσης</span> <span class='ocrx_word' id='word_1_654' title='bbox 2787 1284 3064 1357; x_wconf 80' lang='grc' dir='ltr'>ἄφθαρτον</span> <span class='ocrx_word' id='word_1_655' title='bbox 3087 1284 3239 1337; x_wconf 76' lang='grc' dir='ltr'>ἔσται</span> <span class='ocrx_word' id='word_1_656' title='bbox 3263 1285 3358 1337; x_wconf 73' lang='grc' dir='ltr'>καὶ</span> <span class='ocrx_word' id='word_1_657' title='bbox 3379 1285 3797 1357; x_wconf 79' lang='grc' dir='ltr'>ἀκήρατον.’οταν</span> 
     </span>
    </p>
   </div>
   <div class='ocr_carea' id='block_1_78' title="bbox 2168 1368 3794 1446">
    <p class='ocr_par' dir='ltr' id='par_1_78' title="bbox 2168 1368 3794 1446">
     <span class='ocr_line' id='line_1_78' title="bbox 2168 1368 3794 1446; baseline 0.002 -22"><span class='ocrx_word' id='word_1_658' title='bbox 2168 1368 2261 1425; x_wconf 83' lang='grc' dir='ltr'>οῦν</span> <span class='ocrx_word' id='word_1_659' title='bbox 2307 1370 2422 1445; x_wconf 76' lang='grc' dir='ltr'>ἴδῃς</span> <span class='ocrx_word' id='word_1_660' title='bbox 2467 1371 2620 1442; x_wconf 81' lang='grc' dir='ltr'>ἥλιον</span> <span class='ocrx_word' id='word_1_661' title='bbox 2664 1372 2976 1443; x_wconf 84' lang='grc' dir='ltr'>ἀνίσχοντα,</span> <span class='ocrx_word' id='word_1_662' title='bbox 3006 1371 3286 1442; x_wconf 86' lang='grc' dir='ltr'>θαύμασον</span> <span class='ocrx_word' id='word_1_663' title='bbox 3333 1372 3423 1424; x_wconf 86' lang='grc' dir='ltr'>τὸν</span> <span class='ocrx_word' id='word_1_664' title='bbox 3470 1375 3794 1446; x_wconf 87' lang='grc' dir='ltr'>Δημιουργόν·</span> 
     </span>
    </p>
   </div>
   <div class='ocr_carea' id='block_1_79' title="bbox 2168 1459 3801 1532">
    <p class='ocr_par' dir='ltr' id='par_1_79' title="bbox 2168 1459 3801 1532">
     <span class='ocr_line' id='line_1_79' title="bbox 2168 1459 3801 1532; baseline 0.001 -19"><span class='ocrx_word' id='word_1_665' title='bbox 2168 1459 2295 1514; x_wconf 82' lang='grc' dir='ltr'>ὅταν</span> <span class='ocrx_word' id='word_1_666' title='bbox 2328 1460 2444 1532; x_wconf 81' lang='grc' dir='ltr'>ἴδῃς</span> <span class='ocrx_word' id='word_1_667' title='bbox 2475 1459 2639 1513; x_wconf 86' lang='grc' dir='ltr'>αὑτὸν</span> <span class='ocrx_word' id='word_1_668' title='bbox 2665 1460 3039 1532; x_wconf 87' lang='grc' dir='ltr'>κρυπτόμενον</span> <span class='ocrx_word' id='word_1_669' title='bbox 3088 1460 3183 1512; x_wconf 75' lang='grc' dir='ltr'>καὶ</span> <span class='ocrx_word' id='word_1_670' title='bbox 3236 1459 3637 1531; x_wconf 84' lang='grc' dir='ltr'>ἀφανιζόμενον,</span> <span class='ocrx_word' id='word_1_671' title='bbox 3663 1462 3801 1515; x_wconf 83' lang='grc' dir='ltr'>κατά-</span> 
     </span>
    </p>
   </div>
   <div class='ocr_carea' id='block_1_80' title="bbox 2172 1545 3802 1619">
    <p class='ocr_par' dir='ltr' id='par_1_80' title="bbox 2172 1545 3802 1619">
     <span class='ocr_line' id='line_1_80' title="bbox 2172 1545 3802 1619; baseline -0.001 -18"><span class='ocrx_word' id='word_1_672' title='bbox 2172 1547 2313 1619; x_wconf 87' lang='grc' dir='ltr'>μαθε</span> <span class='ocrx_word' id='word_1_673' title='bbox 2351 1548 2451 1618; x_wconf 81' lang='grc' dir='ltr'>τῆς</span> <span class='ocrx_word' id='word_1_674' title='bbox 2486 1546 2700 1616; x_wconf 86' lang='grc' dir='ltr'>φύσεως</span> <span class='ocrx_word' id='word_1_675' title='bbox 2727 1546 2826 1618; x_wconf 80' lang='grc' dir='ltr'>τὴν</span> <span class='ocrx_word' id='word_1_676' title='bbox 2853 1545 3161 1612; x_wconf 86' lang='grc' dir='ltr'>ἀσθένειαν,</span> <span class='ocrx_word' id='word_1_677' title='bbox 3194 1548 3292 1599; x_wconf 77' lang='grc' dir='ltr'>καὶ</span> <span class='ocrx_word' id='word_1_678' title='bbox 3338 1547 3414 1616; x_wconf 85' lang='grc' dir='ltr'>μὴ</span> <span class='ocrx_word' id='word_1_679' title='bbox 3462 1548 3802 1619; x_wconf 74' lang='grc' dir='ltr'>προσκυνήσῃς</span> 
     </span>
    </p>
   </div>
   <div class='ocr_carea' id='block_1_81' title="bbox 2169 1631 3800 1707">
    <p class='ocr_par' dir='ltr' id='par_1_81' title="bbox 2169 1631 3800 1707">
     <span class='ocr_line' id='line_1_81' title="bbox 2169 1631 3800 1707; baseline -0.001 -19"><span class='ocrx_word' id='word_1_680' title='bbox 2169 1635 2331 1688; x_wconf 87' lang='grc' dir='ltr'>αὑτὸν</span> <span class='ocrx_word' id='word_1_681' title='bbox 2362 1635 2434 1699; x_wconf 83' lang='grc' dir='ltr'>ὡς</span> <span class='ocrx_word' id='word_1_682' title='bbox 2466 1631 2618 1686; x_wconf 85' lang='grc' dir='ltr'>Θεόν.</span> <span class='ocrx_word' id='word_1_683' title='bbox 2653 1634 2751 1688; x_wconf 89' lang='grc' dir='ltr'>Διά</span> <span class='ocrx_word' id='word_1_684' title='bbox 2776 1634 2885 1707; x_wconf 85' lang='grc' dir='ltr'>γὰρ</span> <span class='ocrx_word' id='word_1_685' title='bbox 2910 1634 3067 1687; x_wconf 85' lang='grc' dir='ltr'>τοῦτο</span> <span class='ocrx_word' id='word_1_686' title='bbox 3111 1634 3170 1687; x_wconf 86' lang='grc' dir='ltr'>ού</span> <span class='ocrx_word' id='word_1_687' title='bbox 3222 1633 3383 1704; x_wconf 87' lang='grc' dir='ltr'>μόνον</span> <span class='ocrx_word' id='word_1_688' title='bbox 3424 1637 3489 1705; x_wconf 80' lang='grc' dir='ltr'>τῇ</span> <span class='ocrx_word' id='word_1_689' title='bbox 3535 1634 3679 1702; x_wconf 75' lang='grc' dir='ltr'>φύσει</span> <span class='ocrx_word' id='word_1_690' title='bbox 3713 1635 3800 1687; x_wconf 85' lang='grc' dir='ltr'>τῶν</span> 
     </span>
    </p>
   </div>
   <div class='ocr_carea' id='block_1_82' title="bbox 2171 1720 3803 1794">
    <p class='ocr_par' dir='ltr' id='par_1_82' title="bbox 2171 1720 3803 1794">
     <span class='ocr_line' id='line_1_82' title="bbox 2171 1720 3803 1794; baseline -0.001 -19"><span class='ocrx_word' id='word_1_691' title='bbox 2171 1722 2450 1794; x_wconf 78' lang='grc' dir='ltr'>στοιχείων</span> <span class='ocrx_word' id='word_1_692' title='bbox 2498 1722 2697 1791; x_wconf 89' lang='grc' dir='ltr'>δεῖγμα</span> <span class='ocrx_word' id='word_1_693' title='bbox 2740 1721 2843 1791; x_wconf 79' lang='grc' dir='ltr'>τῆς</span> <span class='ocrx_word' id='word_1_694' title='bbox 2885 1720 3171 1784; x_wconf 82' lang='grc' dir='ltr'>ἀσθενείας</span> <span class='ocrx_word' id='word_1_695' title='bbox 3220 1720 3403 1775; x_wconf 87' lang='grc' dir='ltr'>αὑτῶν</span> <span class='ocrx_word' id='word_1_696' title='bbox 3449 1720 3743 1789; x_wconf 77' lang='grc' dir='ltr'>ἐγκατέθετο</span> <span class='ocrx_word' id='word_1_697' title='bbox 3779 1723 3803 1774; x_wconf 89' lang='lat'>6</span> 
     </span>
    </p>
   </div>
   <div class='ocr_carea' id='block_1_83' title="bbox 2171 1804 3802 1880">
    <p class='ocr_par' dir='ltr' id='par_1_83' title="bbox 2171 1804 3802 1880">
     <span class='ocr_line' id='line_1_83' title="bbox 2171 1804 3802 1880; baseline -0.002 -16"><span class='ocrx_word' id='word_1_698' title='bbox 2171 1809 2325 1875; x_wconf 89' lang='grc' dir='ltr'>Θεὸς,</span> <span class='ocrx_word' id='word_1_699' title='bbox 2354 1809 2489 1863; x_wconf 89' lang='grc' dir='ltr'>ἀλλά</span> <span class='ocrx_word' id='word_1_700' title='bbox 2511 1809 2608 1863; x_wconf 77' lang='grc' dir='ltr'>καὶ</span> <span class='ocrx_word' id='word_1_701' title='bbox 2635 1811 2745 1874; x_wconf 89' lang='grc' dir='ltr'>τοῖς</span> <span class='ocrx_word' id='word_1_702' title='bbox 2774 1808 2939 1863; x_wconf 81' lang='grc' dir='ltr'>αὑτοῦ</span> <span class='ocrx_word' id='word_1_703' title='bbox 2974 1808 3181 1872; x_wconf 89' lang='grc' dir='ltr'>δούλοις</span> <span class='ocrx_word' id='word_1_704' title='bbox 3206 1807 3513 1880; x_wconf 83' lang='grc' dir='ltr'>ἀνθρώποις</span> <span class='ocrx_word' id='word_1_705' title='bbox 3540 1804 3676 1862; x_wconf 81' lang='grc' dir='ltr'>οὖσιν</span> <span class='ocrx_word' id='word_1_706' title='bbox 3705 1809 3802 1860; x_wconf 81' lang='grc' dir='ltr'>ἐπι-</span> 
     </span>
    </p>
   </div>
   <div class='ocr_carea' id='block_1_84' title="bbox 2166 1895 3804 1967">
    <p class='ocr_par' dir='ltr' id='par_1_84' title="bbox 2166 1895 3804 1967">
     <span class='ocr_line' id='line_1_84' title="bbox 2166 1895 3804 1967; baseline -0.002 -17"><span class='ocrx_word' id='word_1_707' title='bbox 2166 1897 2327 1963; x_wconf 81' lang='grc' dir='ltr'>τάξαι</span> <span class='ocrx_word' id='word_1_708' title='bbox 2358 1899 2543 1961; x_wconf 87' lang='grc' dir='ltr'>αὐτοῖς</span> <span class='ocrx_word' id='word_1_709' title='bbox 2568 1896 2881 1963; x_wconf 81' lang='grc' dir='ltr'>ἐκέλευσεν,</span> <span class='ocrx_word' id='word_1_710' title='bbox 2915 1897 3004 1951; x_wconf 83' lang='grc' dir='ltr'>ἵνα</span> <span class='ocrx_word' id='word_1_711' title='bbox 3032 1895 3135 1949; x_wconf 80' lang='grc' dir='ltr'>κᾶν</span> <span class='ocrx_word' id='word_1_712' title='bbox 3167 1895 3276 1950; x_wconf 84' lang='grc' dir='ltr'>ἀπὸ</span> <span class='ocrx_word' id='word_1_713' title='bbox 3300 1897 3400 1967; x_wconf 84' lang='grc' dir='ltr'>τῆς</span> <span class='ocrx_word' id='word_1_714' title='bbox 3424 1896 3588 1966; x_wconf 73' lang='grc' dir='ltr'>ὅψεως</span> <span class='ocrx_word' id='word_1_715' title='bbox 3610 1896 3675 1965; x_wconf 84' lang='grc' dir='ltr'>μὴ</span> <span class='ocrx_word' id='word_1_716' title='bbox 3689 1911 3804 1963; x_wconf 82' lang='grc' dir='ltr'>γνω·</span> 
     </span>
    </p>
   </div>
   <div class='ocr_carea' id='block_1_85' title="bbox 2172 1981 3805 2057">
    <p class='ocr_par' dir='ltr' id='par_1_85' title="bbox 2172 1981 3805 2057">
     <span class='ocr_line' id='line_1_85' title="bbox 2172 1981 3805 2057; baseline -0.002 -20"><span class='ocrx_word' id='word_1_717' title='bbox 2172 1986 2329 2057; x_wconf 81' lang='grc' dir='ltr'>ρίσῃς</span> <span class='ocrx_word' id='word_1_718' title='bbox 2363 1984 2542 2037; x_wconf 87' lang='grc' dir='ltr'>αὐτῶν</span> <span class='ocrx_word' id='word_1_719' title='bbox 2586 1985 2685 2054; x_wconf 82' lang='grc' dir='ltr'>τὴν</span> <span class='ocrx_word' id='word_1_720' title='bbox 2734 1983 3003 2047; x_wconf 87' lang='grc' dir='ltr'>δουλείαν,</span> <span class='ocrx_word' id='word_1_721' title='bbox 3037 1983 3146 2037; x_wconf 88' lang='grc' dir='ltr'>ἀπὸ</span> <span class='ocrx_word' id='word_1_722' title='bbox 3181 1984 3288 2037; x_wconf 86' lang='grc' dir='ltr'>τῶν</span> <span class='ocrx_word' id='word_1_723' title='bbox 3324 1983 3697 2036; x_wconf 82' lang='grc' dir='ltr'>ἐπιταττόντων</span> <span class='ocrx_word' id='word_1_724' title='bbox 3722 1981 3805 2052; x_wconf 78' lang='grc' dir='ltr'>μά-</span> 
     </span>
    </p>
   </div>
   <div class='ocr_carea' id='block_1_86' title="bbox 2168 2066 3806 2143">
    <p class='ocr_par' dir='ltr' id='par_1_86' title="bbox 2168 2066 3806 2143">
     <span class='ocr_line' id='line_1_86' title="bbox 2168 2066 3806 2143; baseline -0.002 -20"><span class='ocrx_word' id='word_1_725' title='bbox 2168 2070 2287 2143; x_wconf 82' lang='grc' dir='ltr'>θῃς,</span> <span class='ocrx_word' id='word_1_726' title='bbox 2311 2072 2393 2125; x_wconf 86' lang='grc' dir='ltr'>ὅτι</span> <span class='ocrx_word' id='word_1_727' title='bbox 2422 2069 2684 2124; x_wconf 87' lang='grc' dir='ltr'>σύνδουλά</span> <span class='ocrx_word' id='word_1_728' title='bbox 2706 2070 2789 2124; x_wconf 89' lang='grc' dir='ltr'>σοί</span> <span class='ocrx_word' id='word_1_729' title='bbox 2811 2072 2926 2124; x_wconf 89' lang='grc' dir='ltr'>ἐστι</span> <span class='ocrx_word' id='word_1_730' title='bbox 2945 2069 3118 2124; x_wconf 88' lang='grc' dir='ltr'>ταῦτα</span> <span class='ocrx_word' id='word_1_731' title='bbox 3140 2071 3380 2124; x_wconf 77' lang='grc' dir='ltr'>ἅπαντα.</span> <span class='ocrx_word' id='word_1_732' title='bbox 3397 2070 3456 2122; x_wconf 85' lang='grc' dir='ltr'>Ὁ</span> <span class='ocrx_word' id='word_1_733' title='bbox 3479 2067 3603 2137; x_wconf 89' lang='grc' dir='ltr'>γοῦν</span> <span class='ocrx_word' id='word_1_734' title='bbox 3633 2066 3806 2137; x_wconf 78' lang='grc' dir='ltr'>Ἰησοῦς</span> 
     </span>
    </p>
   </div>
   <div class='ocr_carea' id='block_1_87' title="bbox 2166 2152 3907 2228">
    <p class='ocr_par' dir='ltr' id='par_1_87' title="bbox 2166 2152 3907 2228">
     <span class='ocr_line' id='line_1_87' title="bbox 2166 2152 3907 2228; baseline -0.005 -16"><span class='ocrx_word' id='word_1_735' title='bbox 2166 2159 2196 2212; x_wconf 89' lang='lat'>6</span> <span class='ocrx_word' id='word_1_736' title='bbox 2237 2157 2332 2212; x_wconf 90' lang='grc' dir='ltr'>τοῦ</span> <span class='ocrx_word' id='word_1_737' title='bbox 2372 2159 2528 2228; x_wconf 88' lang='grc' dir='ltr'>Ναυῆ</span> <span class='ocrx_word' id='word_1_738' title='bbox 2563 2174 2731 2228; x_wconf 75' lang='grc' dir='ltr'>φησι’</span> <span class='ocrx_word' id='word_1_739' title='bbox 2765 2157 2970 2226; x_wconf 82' lang='grc' dir='ltr'>Στήτω</span> <span class='ocrx_word' id='word_1_740' title='bbox 2999 2160 3033 2212; x_wconf 85' lang='grc' dir='ltr'>ό</span> <span class='ocrx_word' id='word_1_741' title='bbox 3066 2157 3241 2225; x_wconf 74' lang='grc' dir='ltr'>ἣλιος</span> <span class='ocrx_word' id='word_1_742' title='bbox 3268 2157 3423 2211; x_wconf 84' lang='grc' dir='ltr'>κατὰ</span> <span class='ocrx_word' id='word_1_743' title='bbox 3448 2153 3698 2218; x_wconf 75' lang='grc' dir='ltr'>Γαϐαὼν,</span> <span class='ocrx_word' id='word_1_744' title='bbox 3722 2152 3804 2206; x_wconf 79' lang='grc' dir='ltr'>καί</span> <span class='ocrx_word' id='word_1_745' title='bbox 3903 2225 3907 2228; x_wconf 16' lang='grc' dir='ltr'>ν</span> 
     </span>
    </p>
   </div>
   <div class='ocr_carea' id='block_1_88' title="bbox 2165 2241 3807 2314">
    <p class='ocr_par' dir='ltr' id='par_1_88' title="bbox 2165 2241 3807 2314">
     <span class='ocr_line' id='line_1_88' title="bbox 2165 2241 3807 2314; baseline -0.013 0"><span class='ocrx_word' id='word_1_746' title='bbox 2165 2247 2204 2314; x_wconf 76' lang='grc' dir='ltr'>ἡ</span> <span class='ocrx_word' id='word_1_747' title='bbox 2229 2244 2463 2313; x_wconf 74' lang='grc' dir='ltr'>σελήνη</span> <span class='ocrx_word' id='word_1_748' title='bbox 2486 2247 2636 2299; x_wconf 85' lang='grc' dir='ltr'>κατά</span> <span class='ocrx_word' id='word_1_749' title='bbox 2656 2245 2932 2314; x_wconf 65' lang='grc' dir='ltr'>φάραητι</span> <span class='ocrx_word' id='word_1_750' title='bbox 2959 2244 3221 2299; x_wconf 76' lang='grc' dir='ltr'>Λίλώνίι.</span> <span class='ocrx_word' id='word_1_751' title='bbox 3249 2245 3364 2297; x_wconf 73' lang='grc' dir='ltr'>Καὶ</span> <span class='ocrx_word' id='word_1_752' title='bbox 3391 2242 3549 2297; x_wconf 85' lang='grc' dir='ltr'>πάλιν</span> <span class='ocrx_word' id='word_1_753' title='bbox 3573 2244 3600 2296; x_wconf 89' lang='grc' dir='ltr'>ὁ</span> <span class='ocrx_word' id='word_1_754' title='bbox 3629 2241 3807 2311; x_wconf 77' lang='grc' dir='ltr'>προφή-</span> 
     </span>
    </p>
   </div>
   <div class='ocr_carea' id='block_1_89' title="bbox 2165 2327 3805 2404">
    <p class='ocr_par' dir='ltr' id='par_1_89' title="bbox 2165 2327 3805 2404">
     <span class='ocr_line' id='line_1_89' title="bbox 2165 2327 3805 2404; baseline -0.005 -18"><span class='ocrx_word' id='word_1_755' title='bbox 2165 2350 2264 2404; x_wconf 89' lang='grc' dir='ltr'>της</span> <span class='ocrx_word' id='word_1_756' title='bbox 2307 2333 2535 2395; x_wconf 75' lang='grc' dir='ltr'>Ἡσαΐας</span> <span class='ocrx_word' id='word_1_757' title='bbox 2577 2333 2897 2387; x_wconf 85' lang='grc' dir='ltr'>ἀναποδίσαι</span> <span class='ocrx_word' id='word_1_758' title='bbox 2939 2334 3103 2387; x_wconf 86' lang='grc' dir='ltr'>αὐτὸν</span> <span class='ocrx_word' id='word_1_759' title='bbox 3136 2333 3225 2386; x_wconf 77' lang='grc' dir='ltr'>ἐπὶ</span> <span class='ocrx_word' id='word_1_760' title='bbox 3258 2332 3359 2387; x_wconf 87' lang='grc' dir='ltr'>τοῦ</span> <span class='ocrx_word' id='word_1_761' title='bbox 3399 2330 3649 2403; x_wconf 83' lang='grc' dir='ltr'>βασιλέως</span> <span class='ocrx_word' id='word_1_762' title='bbox 3685 2327 3805 2391; x_wconf 83' lang='grc' dir='ltr'>Ἐζε-</span> 
     </span>
    </p>
   </div>
   <div class='ocr_carea' id='block_1_90' title="bbox 2165 2411 3804 2493">
    <p class='ocr_par' dir='ltr' id='par_1_90' title="bbox 2165 2411 3804 2493">
     <span class='ocr_line' id='line_1_90' title="bbox 2165 2411 3804 2493; baseline -0.004 -19"><span class='ocrx_word' id='word_1_763' title='bbox 2165 2420 2284 2474; x_wconf 90' lang='grc' dir='ltr'>κίου</span> <span class='ocrx_word' id='word_1_764' title='bbox 2314 2421 2603 2490; x_wconf 88' lang='grc' dir='ltr'>πεποίηκε,</span> <span class='ocrx_word' id='word_1_765' title='bbox 2633 2421 2727 2473; x_wconf 76' lang='grc' dir='ltr'>καὶ</span> <span class='ocrx_word' id='word_1_766' title='bbox 2759 2422 2967 2490; x_wconf 76' lang='grc' dir='ltr'>Μωσῆς</span> <span class='ocrx_word' id='word_1_767' title='bbox 2993 2420 3115 2493; x_wconf 86' lang='grc' dir='ltr'>ἀέρι</span> <span class='ocrx_word' id='word_1_768' title='bbox 3148 2422 3242 2473; x_wconf 74' lang='grc' dir='ltr'>καὶ</span> <span class='ocrx_word' id='word_1_769' title='bbox 3273 2419 3518 2493; x_wconf 67' lang='grc' dir='ltr'>θαλάττῃ</span> <span class='ocrx_word' id='word_1_770' title='bbox 3538 2411 3804 2486; x_wconf 69' lang='lat' dir='ltr'>mlli</span> 
     </span>
    </p>
   </div>
   <div class='ocr_carea' id='block_1_91' title="bbox 2166 2501 3801 2577">
    <p class='ocr_par' dir='ltr' id='par_1_91' title="bbox 2166 2501 3801 2577">
     <span class='ocr_line' id='line_1_91' title="bbox 2166 2501 3801 2577; baseline -0.003 -18"><span class='ocrx_word' id='word_1_771' title='bbox 2166 2507 2395 2577; x_wconf 84' lang='grc' dir='ltr'>πέτραις</span> <span class='ocrx_word' id='word_1_772' title='bbox 2427 2507 2718 2572; x_wconf 79' lang='grc' dir='ltr'>ἐπέταξεν·</span> <span class='ocrx_word' id='word_1_773' title='bbox 2764 2507 3067 2570; x_wconf 82' lang='grc' dir='ltr'>Ἐλισσαῖος</span> <span class='ocrx_word' id='word_1_774' title='bbox 3096 2506 3305 2561; x_wconf 84' lang='grc' dir='ltr'>ὑδάτων</span> <span class='ocrx_word' id='word_1_775' title='bbox 3335 2507 3494 2576; x_wconf 81' lang='grc' dir='ltr'>φύσιν</span> <span class='ocrx_word' id='word_1_776' title='bbox 3529 2501 3801 2576; x_wconf 70' lang='grc' dir='ltr'>μετέεῖαλεν,</span> 
     </span>
    </p>
   </div>
   <div class='ocr_carea' id='block_1_92' title="bbox 2164 2591 3803 2667">
    <p class='ocr_par' dir='ltr' id='par_1_92' title="bbox 2164 2591 3803 2667">
     <span class='ocr_line' id='line_1_92' title="bbox 2164 2591 3803 2667; baseline -0.003 -19"><span class='ocrx_word' id='word_1_777' title='bbox 2164 2596 2213 2648; x_wconf 87' lang='grc' dir='ltr'>οἱ</span> <span class='ocrx_word' id='word_1_778' title='bbox 2239 2598 2385 2667; x_wconf 85' lang='grc' dir='ltr'>τρεῖς</span> <span class='ocrx_word' id='word_1_779' title='bbox 2410 2596 2598 2658; x_wconf 82' lang='grc' dir='ltr'>παῖδες</span> <span class='ocrx_word' id='word_1_780' title='bbox 2628 2594 2797 2667; x_wconf 87' lang='grc' dir='ltr'>πυρὸς</span> <span class='ocrx_word' id='word_1_781' title='bbox 2826 2595 3219 2665; x_wconf 84' lang='grc' dir='ltr'>περιεγένοντο.</span> <span class='ocrx_word' id='word_1_782' title='bbox 3237 2595 3406 2666; x_wconf 74' lang='grc' dir='ltr'>Ὁρᾷς</span> <span class='ocrx_word' id='word_1_783' title='bbox 3431 2593 3546 2657; x_wconf 85' lang='grc' dir='ltr'>πῶς</span> <span class='ocrx_word' id='word_1_784' title='bbox 3573 2591 3803 2664; x_wconf 77' lang='grc' dir='ltr'>ἑκατέρω-</span> 
     </span>
    </p>
   </div>
   <div class='ocr_carea' id='block_1_93' title="bbox 2165 2678 3804 2754">
    <p class='ocr_par' dir='ltr' id='par_1_93' title="bbox 2165 2678 3804 2754">
     <span class='ocr_line' id='line_1_93' title="bbox 2165 2678 3804 2754; baseline -0.005 -17"><span class='ocrx_word' id='word_1_785' title='bbox 2165 2684 2255 2738; x_wconf 90' lang='grc' dir='ltr'>θεν</span> <span class='ocrx_word' id='word_1_786' title='bbox 2284 2683 2439 2754; x_wconf 82' lang='grc' dir='ltr'>ἡμῶν</span> <span class='ocrx_word' id='word_1_787' title='bbox 2465 2682 2790 2754; x_wconf 86' lang='grc' dir='ltr'>προενόησεν</span> <span class='ocrx_word' id='word_1_788' title='bbox 2832 2683 2860 2734; x_wconf 87' lang='lat'>6</span> <span class='ocrx_word' id='word_1_789' title='bbox 2906 2681 3057 2745; x_wconf 83' lang='grc' dir='ltr'>Θεὸς,</span> <span class='ocrx_word' id='word_1_790' title='bbox 3088 2682 3176 2736; x_wconf 73' lang='grc' dir='ltr'>διὰ</span> <span class='ocrx_word' id='word_1_791' title='bbox 3219 2682 3320 2752; x_wconf 80' lang='grc' dir='ltr'>μὲν</span> <span class='ocrx_word' id='word_1_792' title='bbox 3359 2681 3454 2735; x_wconf 87' lang='grc' dir='ltr'>τοῦ</span> <span class='ocrx_word' id='word_1_793' title='bbox 3484 2680 3695 2742; x_wconf 81' lang='grc' dir='ltr'>κάλλους</span> <span class='ocrx_word' id='word_1_794' title='bbox 3716 2678 3804 2730; x_wconf 85' lang='grc' dir='ltr'>τῶν</span> 
     </span>
    </p>
   </div>
   <div class='ocr_carea' id='block_1_94' title="bbox 2167 2763 3807 2841">
    <p class='ocr_par' dir='ltr' id='par_1_94' title="bbox 2167 2763 3807 2841">
     <span class='ocr_line' id='line_1_94' title="bbox 2167 2763 3807 2841; baseline -0.005 -18"><span class='ocrx_word' id='word_1_795' title='bbox 2167 2771 2446 2841; x_wconf 84' lang='grc' dir='ltr'>στοιχείων</span> <span class='ocrx_word' id='word_1_796' title='bbox 2492 2772 2571 2834; x_wconf 88' lang='grc' dir='ltr'>εἰς</span> <span class='ocrx_word' id='word_1_797' title='bbox 2613 2771 2711 2840; x_wconf 82' lang='grc' dir='ltr'>τὴν</span> <span class='ocrx_word' id='word_1_798' title='bbox 2744 2768 2907 2823; x_wconf 79' lang='grc' dir='ltr'>αὑτοῦ</span> <span class='ocrx_word' id='word_1_799' title='bbox 2938 2769 3264 2838; x_wconf 86' lang='grc' dir='ltr'>θεογνωσίαν</span> <span class='ocrx_word' id='word_1_800' title='bbox 3293 2771 3445 2840; x_wconf 80' lang='grc' dir='ltr'>ἡμᾶς</span> <span class='ocrx_word' id='word_1_801' title='bbox 3473 2769 3632 2837; x_wconf 84' lang='grc' dir='ltr'>ἄγων,</span> <span class='ocrx_word' id='word_1_802' title='bbox 3660 2765 3735 2818; x_wconf 78' lang='grc' dir='ltr'>διὰ</span> <span class='ocrx_word' id='word_1_803' title='bbox 3756 2763 3807 2816; x_wconf 82' lang='grc' dir='ltr'>δὲ</span> 
     </span>
    </p>
   </div>
   <div class='ocr_carea' id='block_1_95' title="bbox 2163 2852 3807 2929">
    <p class='ocr_par' dir='ltr' id='par_1_95' title="bbox 2163 2852 3807 2929">
     <span class='ocr_line' id='line_1_95' title="bbox 2163 2852 3807 2929; baseline -0.004 -20"><span class='ocrx_word' id='word_1_804' title='bbox 2163 2860 2259 2929; x_wconf 78' lang='grc' dir='ltr'>τῆς</span> <span class='ocrx_word' id='word_1_805' title='bbox 2287 2856 2569 2921; x_wconf 84' lang='grc' dir='ltr'>ἀσθενείας</span> <span class='ocrx_word' id='word_1_806' title='bbox 2595 2858 2694 2910; x_wconf 84' lang='grc' dir='ltr'>οὑκ</span> <span class='ocrx_word' id='word_1_807' title='bbox 2715 2856 2895 2926; x_wconf 72' lang='grc' dir='ltr'>ἀφιεὶς</span> <span class='ocrx_word' id='word_1_808' title='bbox 2918 2860 2996 2921; x_wconf 85' lang='grc' dir='ltr'>εἰς</span> <span class='ocrx_word' id='word_1_809' title='bbox 3020 2858 3119 2927; x_wconf 81' lang='grc' dir='ltr'>τὴν</span> <span class='ocrx_word' id='word_1_810' title='bbox 3142 2857 3374 2911; x_wconf 78' lang='grc' dir='ltr'>ἐκείνων</span> <span class='ocrx_word' id='word_1_811' title='bbox 3401 2857 3709 2911; x_wconf 83' lang='grc' dir='ltr'>καταπεσεῖν</span> <span class='ocrx_word' id='word_1_812' title='bbox 3729 2852 3807 2903; x_wconf 85' lang='grc' dir='ltr'>λα-</span> 
     </span>
    </p>
   </div>
   <div class='ocr_carea' id='block_1_96' title="bbox 2163 2962 2388 3018">
    <p class='ocr_par' dir='ltr' id='par_1_96' title="bbox 2163 2962 2388 3018">
     <span class='ocr_line' id='line_1_96' title="bbox 2163 2962 2388 3018; baseline 0 -20"><span class='ocrx_word' id='word_1_813' title='bbox 2163 2962 2388 3018; x_wconf 89' lang='grc' dir='ltr'>τρειαν;</span> 
     </span>
    </p>
   </div>
   <div class='ocr_carea' id='block_1_97' title="bbox 2237 3029 3807 3103">
    <p class='ocr_par' dir='ltr' id='par_1_97' title="bbox 2237 3029 3807 3103">
     <span class='ocr_line' id='line_1_97' title="bbox 2237 3029 3807 3103; baseline -0.003 -17"><span class='ocrx_word' id='word_1_814' title='bbox 2237 3041 2313 3100; x_wconf 82' lang='grc' dir='ltr'>ς’.</span> <span class='ocrx_word' id='word_1_815' title='bbox 2332 3033 2503 3103; x_wconf 81' lang='grc' dir='ltr'>’Υπὲρ</span> <span class='ocrx_word' id='word_1_816' title='bbox 2521 3032 2585 3103; x_wconf 83' lang='grc' dir='ltr'>δὴ</span> <span class='ocrx_word' id='word_1_817' title='bbox 2615 3031 2820 3086; x_wconf 86' lang='grc' dir='ltr'>τούτων</span> <span class='ocrx_word' id='word_1_818' title='bbox 2847 3033 3103 3086; x_wconf 86' lang='grc' dir='ltr'>ἁπάντων</span> <span class='ocrx_word' id='word_1_819' title='bbox 3131 3032 3450 3102; x_wconf 79' lang='grc' dir='ltr'>δοξάσωμεν</span> <span class='ocrx_word' id='word_1_820' title='bbox 3465 3031 3621 3084; x_wconf 79' lang='grc' dir='ltr'>αὑτὸν</span> <span class='ocrx_word' id='word_1_821' title='bbox 3634 3029 3713 3082; x_wconf 88' lang='grc' dir='ltr'>τὸν</span> <span class='ocrx_word' id='word_1_822' title='bbox 3722 3043 3807 3096; x_wconf 86' lang='grc' dir='ltr'>κη-</span> 
     </span>
    </p>
   </div>
   <div class='ocr_carea' id='block_1_98' title="bbox 2164 3115 3808 3192">
    <p class='ocr_par' dir='ltr' id='par_1_98' title="bbox 2164 3115 3808 3192">
     <span class='ocr_line' id='line_1_98' title="bbox 2164 3115 3808 3192; baseline -0.004 -17"><span class='ocrx_word' id='word_1_823' title='bbox 2164 3121 2361 3191; x_wconf 86' lang='grc' dir='ltr'>δεμόνα</span> <span class='ocrx_word' id='word_1_824' title='bbox 2383 3120 2560 3191; x_wconf 87' lang='grc' dir='ltr'>ἡμῶν,</span> <span class='ocrx_word' id='word_1_825' title='bbox 2589 3119 2663 3191; x_wconf 83' lang='grc' dir='ltr'>μὴ</span> <span class='ocrx_word' id='word_1_826' title='bbox 2687 3119 2775 3173; x_wconf 87' lang='grc' dir='ltr'>διά</span> <span class='ocrx_word' id='word_1_827' title='bbox 2806 3122 3067 3192; x_wconf 74' lang='grc' dir='ltr'>ῥημάτων</span> <span class='ocrx_word' id='word_1_828' title='bbox 3099 3120 3280 3191; x_wconf 87' lang='grc' dir='ltr'>μόνον.</span> <span class='ocrx_word' id='word_1_829' title='bbox 3317 3119 3454 3174; x_wconf 90' lang='grc' dir='ltr'>ἀλλά</span> <span class='ocrx_word' id='word_1_830' title='bbox 3483 3118 3575 3172; x_wconf 70' lang='grc' dir='ltr'>καὶ</span> <span class='ocrx_word' id='word_1_831' title='bbox 3595 3115 3675 3169; x_wconf 77' lang='grc' dir='ltr'>διὰ</span> <span class='ocrx_word' id='word_1_832' title='bbox 3693 3130 3808 3181; x_wconf 80' lang='grc' dir='ltr'>πρα-</span> 
     </span>
    </p>
   </div>
   <div class='ocr_carea' id='block_1_99' title="bbox 2163 3199 3810 3279">
    <p class='ocr_par' dir='ltr' id='par_1_99' title="bbox 2163 3199 3810 3279">
     <span class='ocr_line' id='line_1_99' title="bbox 2163 3199 3810 3279; baseline -0.006 -16"><span class='ocrx_word' id='word_1_833' title='bbox 2163 3209 2410 3278; x_wconf 87' lang='grc' dir='ltr'>γμάτων,</span> <span class='ocrx_word' id='word_1_834' title='bbox 2441 3210 2536 3261; x_wconf 73' lang='grc' dir='ltr'>καὶ</span> <span class='ocrx_word' id='word_1_835' title='bbox 2565 3208 2840 3261; x_wconf 87' lang='grc' dir='ltr'>πολιτείαν</span> <span class='ocrx_word' id='word_1_836' title='bbox 2863 3209 3094 3278; x_wconf 90' lang='grc' dir='ltr'>ἀρίστην</span> <span class='ocrx_word' id='word_1_837' title='bbox 3122 3206 3544 3279; x_wconf 79' lang='grc' dir='ltr'>ἐπιδειξὼμεθα,</span> <span class='ocrx_word' id='word_1_838' title='bbox 3567 3205 3659 3273; x_wconf 76' lang='grc' dir='ltr'>τήν</span> <span class='ocrx_word' id='word_1_839' title='bbox 3677 3199 3810 3255; x_wconf 75' lang='grc' dir='ltr'>τ’ἆλ-</span> 
     </span>
    </p>
   </div>
   <div class='ocr_carea' id='block_1_100' title="bbox 2164 3286 3815 3366">
    <p class='ocr_par' dir='ltr' id='par_1_100' title="bbox 2164 3286 3815 3366">
     <span class='ocr_line' id='line_1_100' title="bbox 2164 3286 3815 3366; baseline -0.005 -18"><span class='ocrx_word' id='word_1_840' title='bbox 2164 3296 2262 3366; x_wconf 87' lang='grc' dir='ltr'>λην</span> <span class='ocrx_word' id='word_1_841' title='bbox 2308 3296 2402 3348; x_wconf 71' lang='grc' dir='ltr'>καὶ</span> <span class='ocrx_word' id='word_1_842' title='bbox 2430 3295 2529 3366; x_wconf 84' lang='grc' dir='ltr'>τὴν</span> <span class='ocrx_word' id='word_1_843' title='bbox 2558 3296 2688 3365; x_wconf 77' lang='grc' dir='ltr'>περὶ</span> <span class='ocrx_word' id='word_1_844' title='bbox 2713 3297 2840 3359; x_wconf 69' lang='grc' dir='ltr'>τοὺς</span> <span class='ocrx_word' id='word_1_845' title='bbox 2871 3295 3067 3365; x_wconf 84' lang='grc' dir='ltr'>ὅρκους</span> <span class='ocrx_word' id='word_1_846' title='bbox 3091 3296 3427 3365; x_wconf 78' lang='grc' dir='ltr'>ἐγκράτειαν</span> <span class='ocrx_word' id='word_1_847' title='bbox 3451 3293 3609 3360; x_wconf 85' lang='grc' dir='ltr'>λέγω.</span> <span class='ocrx_word' id='word_1_848' title='bbox 3637 3289 3703 3342; x_wconf 81' lang='grc' dir='ltr'>Οὐ</span> <span class='ocrx_word' id='word_1_849' title='bbox 3721 3286 3815 3355; x_wconf 79' lang='grc' dir='ltr'>γὰρ</span> 
     </span>
    </p>
   </div>
   <div class='ocr_carea' id='block_1_101' title="bbox 2163 3373 3812 3455">
    <p class='ocr_par' dir='ltr' id='par_1_101' title="bbox 2163 3373 3812 3455">
     <span class='ocr_line' id='line_1_101' title="bbox 2163 3373 3812 3455; baseline -0.007 -18"><span class='ocrx_word' id='word_1_850' title='bbox 2163 3383 2227 3454; x_wconf 86' lang='grc' dir='ltr'>δὴ</span> <span class='ocrx_word' id='word_1_851' title='bbox 2256 3385 2362 3437; x_wconf 84' lang='grc' dir='ltr'>πᾶν</span> <span class='ocrx_word' id='word_1_852' title='bbox 2390 3383 2695 3455; x_wconf 84' lang='grc' dir='ltr'>ἁμάρτημα</span> <span class='ocrx_word' id='word_1_853' title='bbox 2716 3383 2814 3453; x_wconf 83' lang='grc' dir='ltr'>τὴν</span> <span class='ocrx_word' id='word_1_854' title='bbox 2843 3383 3013 3454; x_wconf 79' lang='grc' dir='ltr'>αὐτὴν</span> <span class='ocrx_word' id='word_1_855' title='bbox 3048 3381 3204 3453; x_wconf 86' lang='grc' dir='ltr'>φέρει</span> <span class='ocrx_word' id='word_1_856' title='bbox 3226 3382 3475 3443; x_wconf 89' lang='grc' dir='ltr'>κόλασιν,</span> <span class='ocrx_word' id='word_1_857' title='bbox 3501 3378 3633 3433; x_wconf 85' lang='grc' dir='ltr'>ἀλλά</span> <span class='ocrx_word' id='word_1_858' title='bbox 3654 3374 3715 3429; x_wconf 84' lang='grc' dir='ltr'>τὰ</span> <span class='ocrx_word' id='word_1_859' title='bbox 3734 3373 3812 3428; x_wconf 82' lang='grc' dir='ltr'>εύ-</span> 
     </span>
    </p>
   </div>
   <div class='ocr_carea' id='block_1_102' title="bbox 2168 3456 3813 3543">
    <p class='ocr_par' dir='ltr' id='par_1_102' title="bbox 2168 3456 3813 3543">
     <span class='ocr_line' id='line_1_102' title="bbox 2168 3456 3813 3543; baseline -0.007 -19"><span class='ocrx_word' id='word_1_860' title='bbox 2168 3471 2489 3543; x_wconf 86' lang='grc' dir='ltr'>κατόρθωτα</span> <span class='ocrx_word' id='word_1_861' title='bbox 2518 3470 2744 3539; x_wconf 77' lang='grc' dir='ltr'>μείζονα</span> <span class='ocrx_word' id='word_1_862' title='bbox 2770 3471 2900 3541; x_wconf 75' lang='grc' dir='ltr'>ἡμῖν</span> <span class='ocrx_word' id='word_1_863' title='bbox 2923 3471 3117 3539; x_wconf 84' lang='grc' dir='ltr'>ἐπάγει</span> <span class='ocrx_word' id='word_1_864' title='bbox 3138 3469 3237 3540; x_wconf 83' lang='grc' dir='ltr'>τὴν</span> <span class='ocrx_word' id='word_1_865' title='bbox 3261 3468 3538 3539; x_wconf 87' lang='grc' dir='ltr'>τιμωρίαν</span> <span class='ocrx_word' id='word_1_866' title='bbox 3558 3483 3571 3498; x_wconf 89' lang='grc'><strong>·</strong></span> <span class='ocrx_word' id='word_1_867' title='bbox 3594 3465 3718 3532; x_wconf 82' lang='grc' dir='ltr'>ὅπερ</span> <span class='ocrx_word' id='word_1_868' title='bbox 3735 3456 3813 3514; x_wconf 78' lang='grc' dir='ltr'>οὖν</span> 
     </span>
    </p>
   </div>
   <div class='ocr_carea' id='block_1_103' title="bbox 2163 3547 3814 3628">
    <p class='ocr_par' dir='ltr' id='par_1_103' title="bbox 2163 3547 3814 3628">
     <span class='ocr_line' id='line_1_103' title="bbox 2163 3547 3814 3628; baseline -0.007 -17"><span class='ocrx_word' id='word_1_869' title='bbox 2163 3560 2257 3612; x_wconf 77' lang='grc' dir='ltr'>καὶ</span> <span class='ocrx_word' id='word_1_870' title='bbox 2276 3560 2304 3611; x_wconf 93' lang='lat'>6</span> <span class='ocrx_word' id='word_1_871' title='bbox 2327 3556 2577 3628; x_wconf 84' lang='grc' dir='ltr'>Σολομὼν</span> <span class='ocrx_word' id='word_1_872' title='bbox 2609 3558 2976 3627; x_wconf 77' lang='grc' dir='ltr'>αἰνιττόμενος</span> <span class='ocrx_word' id='word_1_873' title='bbox 3006 3558 3208 3626; x_wconf 76' lang='grc' dir='ltr'>ἔλεγεψ</span> <span class='ocrx_word' id='word_1_874' title='bbox 3231 3559 3317 3611; x_wconf 82' lang='grc' dir='ltr'>Οὐ</span> <span class='ocrx_word' id='word_1_875' title='bbox 3342 3551 3706 3625; x_wconf 74' lang='grc' dir='ltr'>θαυμαστὸν,</span> <span class='ocrx_word' id='word_1_876' title='bbox 3726 3547 3814 3601; x_wconf 72' lang='grc' dir='ltr'>ἐὰν</span> 
     </span>
    </p>
   </div>
   <div class='ocr_carea' id='block_1_104' title="bbox 2162 3632 3816 3714">
    <p class='ocr_par' dir='ltr' id='par_1_104' title="bbox 2162 3632 3816 3714">
     <span class='ocr_line' id='line_1_104' title="bbox 2162 3632 3816 3714; baseline -0.006 -14"><span class='ocrx_word' id='word_1_877' title='bbox 2162 3645 2291 3712; x_wconf 73' lang='grc' dir='ltr'>ἁλῷ</span> <span class='ocrx_word' id='word_1_878' title='bbox 2322 3662 2412 3711; x_wconf 85' lang='grc' dir='ltr'>τις</span> <span class='ocrx_word' id='word_1_879' title='bbox 2440 3643 2748 3699; x_wconf 74' lang='grc' dir='ltr'>κλέπτωνο</span> <span class='ocrx_word' id='word_1_880' title='bbox 2779 3642 3023 3698; x_wconf 73' lang='grc' dir='ltr'>κλέπτει</span> <span class='ocrx_word' id='word_1_881' title='bbox 3056 3644 3165 3714; x_wconf 76' lang='grc' dir='ltr'>γὰρ</span> <span class='ocrx_word' id='word_1_882' title='bbox 3206 3646 3312 3699; x_wconf 78' lang='grc' dir='ltr'>ἵνα</span> <span class='ocrx_word' id='word_1_883' title='bbox 3344 3644 3464 3711; x_wconf 80' lang='grc' dir='ltr'>τὴν</span> <span class='ocrx_word' id='word_1_884' title='bbox 3490 3638 3692 3711; x_wconf 73' lang='grc' dir='ltr'>ψυχὴν</span> <span class='ocrx_word' id='word_1_885' title='bbox 3727 3632 3816 3687; x_wconf 72' lang='grc' dir='ltr'>σύο</span> 
     </span>
    </p>
   </div>
   <div class='ocr_carea' id='block_1_105' title="bbox 2161 3724 3814 3801">
    <p class='ocr_par' dir='ltr' id='par_1_105' title="bbox 2161 3724 3814 3801">
     <span class='ocr_line' id='line_1_105' title="bbox 2161 3724 3814 3801; baseline -0.008 -16"><span class='ocrx_word' id='word_1_886' title='bbox 2161 3732 2269 3787; x_wconf 85' lang='grc' dir='ltr'>τοῦ</span> <span class='ocrx_word' id='word_1_887' title='bbox 2312 3731 2597 3801; x_wconf 74' lang='grc' dir='ltr'>ἐμπλήσῃ</span> <span class='ocrx_word' id='word_1_888' title='bbox 2649 3730 2990 3787; x_wconf 79' lang='grc' dir='ltr'>πεινῶσαν·</span> <span class='ocrx_word' id='word_1_889' title='bbox 3048 3735 3082 3786; x_wconf 88' lang='grc' dir='ltr'>ό</span> <span class='ocrx_word' id='word_1_890' title='bbox 3133 3732 3202 3786; x_wconf 82' lang='grc' dir='ltr'>δὲ</span> <span class='ocrx_word' id='word_1_891' title='bbox 3240 3732 3462 3801; x_wconf 79' lang='grc' dir='ltr'>μοιχὸς</span> <span class='ocrx_word' id='word_1_892' title='bbox 3516 3728 3588 3780; x_wconf 79' lang='grc' dir='ltr'>δι’</span> <span class='ocrx_word' id='word_1_893' title='bbox 3610 3724 3814 3780; x_wconf 72' lang='grc' dir='ltr'>ἔνδειαν</span> 
     </span>
    </p>
   </div>
   <div class='ocr_carea' id='block_1_106' title="bbox 2162 3807 3817 3889">
    <p class='ocr_par' dir='ltr' id='par_1_106' title="bbox 2162 3807 3817 3889">
     <span class='ocr_line' id='line_1_106' title="bbox 2162 3807 3817 3889; baseline -0.008 -14"><span class='ocrx_word' id='word_1_894' title='bbox 2162 3819 2398 3889; x_wconf 64' lang='grc' dir='ltr'>φρενῶν</span> <span class='ocrx_word' id='word_1_895' title='bbox 2443 3818 2749 3874; x_wconf 77' lang='grc' dir='ltr'>ἀπώλειαν</span> <span class='ocrx_word' id='word_1_896' title='bbox 2774 3817 2850 3888; x_wconf 79' lang='grc' dir='ltr'>τῇ</span> <span class='ocrx_word' id='word_1_897' title='bbox 2883 3818 3100 3874; x_wconf 83' lang='grc' dir='ltr'>ἑαυτοῦ</span> <span class='ocrx_word' id='word_1_898' title='bbox 3142 3819 3320 3889; x_wconf 69' lang='grc' dir='ltr'>ψυχῇ</span> <span class='ocrx_word' id='word_1_899' title='bbox 3367 3807 3817 3886; x_wconf 74' lang='grc' dir='ltr'>περιποιεῖται.ὀ</span> 
     </span>
    </p>
   </div>
   <div class='ocr_carea' id='block_1_107' title="bbox 2161 3894 3813 3978">
    <p class='ocr_par' dir='ltr' id='par_1_107' title="bbox 2161 3894 3813 3978">
     <span class='ocr_line' id='line_1_107' title="bbox 2161 3894 3813 3978; baseline -0.004 -18"><span class='ocrx_word' id='word_1_900' title='bbox 2161 3908 2218 3960; x_wconf 85' lang='grc' dir='ltr'>δέ</span> <span class='ocrx_word' id='word_1_901' title='bbox 2260 3907 2406 3975; x_wconf 84' lang='grc' dir='ltr'>λέγει</span> <span class='ocrx_word' id='word_1_902' title='bbox 2452 3906 2689 3960; x_wconf 87' lang='grc' dir='ltr'>τοιοῦτόν</span> <span class='ocrx_word' id='word_1_903' title='bbox 2733 3906 2849 3960; x_wconf 85' lang='grc' dir='ltr'>ἐστι</span> <span class='ocrx_word' id='word_1_904' title='bbox 2868 3923 2882 3938; x_wconf 78' lang='grc'><strong><em>⁸</em></strong></span> <span class='ocrx_word' id='word_1_905' title='bbox 2911 3906 3090 3961; x_wconf 90' lang='grc' dir='ltr'>Δεινὸν</span> <span class='ocrx_word' id='word_1_906' title='bbox 3124 3907 3223 3978; x_wconf 84' lang='grc' dir='ltr'>μὲν</span> <span class='ocrx_word' id='word_1_907' title='bbox 3253 3910 3354 3961; x_wconf 72' lang='grc' dir='ltr'>καὶ</span> <span class='ocrx_word' id='word_1_908' title='bbox 3383 3910 3412 3961; x_wconf 92' lang='lat'>6</span> <span class='ocrx_word' id='word_1_909' title='bbox 3441 3904 3693 3971; x_wconf 85' lang='grc' dir='ltr'>κλέπτης,</span> <span class='ocrx_word' id='word_1_910' title='bbox 3718 3894 3813 3949; x_wconf 78' lang='grc' dir='ltr'>ἀλλ’</span> 
     </span>
    </p>
   </div>
   <div class='ocr_carea' id='block_1_108' title="bbox 2160 3978 3814 4065">
    <p class='ocr_par' dir='ltr' id='par_1_108' title="bbox 2160 3978 3814 4065">
     <span class='ocr_line' id='line_1_108' title="bbox 2160 3978 3814 4065; baseline -0.005 -18"><span class='ocrx_word' id='word_1_911' title='bbox 2160 3994 2259 4064; x_wconf 81' lang='grc' dir='ltr'>οὐχ</span> <span class='ocrx_word' id='word_1_912' title='bbox 2300 3993 2441 4046; x_wconf 74' lang='grc' dir='ltr'>οὕτω</span> <span class='ocrx_word' id='word_1_913' title='bbox 2474 3992 2645 4045; x_wconf 78' lang='grc' dir='ltr'>δεινὸν</span> <span class='ocrx_word' id='word_1_914' title='bbox 2687 3994 2761 4058; x_wconf 86' lang='grc' dir='ltr'>ὼς</span> <span class='ocrx_word' id='word_1_915' title='bbox 2800 3997 2829 4047; x_wconf 88' lang='lat'>6</span> <span class='ocrx_word' id='word_1_916' title='bbox 2879 3994 3098 4065; x_wconf 82' lang='grc' dir='ltr'>μοιχός’</span> <span class='ocrx_word' id='word_1_917' title='bbox 3132 3997 3341 4056; x_wconf 89' lang='grc' dir='ltr'>ἐκεῖνος</span> <span class='ocrx_word' id='word_1_918' title='bbox 3380 3993 3483 4065; x_wconf 78' lang='grc' dir='ltr'>μὲν</span> <span class='ocrx_word' id='word_1_919' title='bbox 3526 3990 3631 4061; x_wconf 75' lang='grc' dir='ltr'>γὰρ</span> <span class='ocrx_word' id='word_1_920' title='bbox 3663 3987 3707 4040; x_wconf 88' lang='grc' dir='ltr'>εἰ</span> <span class='ocrx_word' id='word_1_921' title='bbox 3739 3978 3814 4035; x_wconf 73' lang='grc' dir='ltr'>καὶ</span> 
     </span>
    </p>
   </div>
   <div class='ocr_carea' id='block_1_109' title="bbox 2159 4069 3817 4152">
    <p class='ocr_par' dir='ltr' id='par_1_109' title="bbox 2159 4069 3817 4152">
     <span class='ocr_line' id='line_1_109' title="bbox 2159 4069 3817 4152; baseline -0.004 -18"><span class='ocrx_word' id='word_1_922' title='bbox 2159 4081 2374 4152; x_wconf 79' lang='grc' dir='ltr'>ψυχρὰν</span> <span class='ocrx_word' id='word_1_923' title='bbox 2395 4080 2591 4145; x_wconf 82' lang='grc' dir='ltr'>αἰτίαν,</span> <span class='ocrx_word' id='word_1_924' title='bbox 2620 4079 2734 4133; x_wconf 85' lang='grc' dir='ltr'>ἀλλ’</span> <span class='ocrx_word' id='word_1_925' title='bbox 2757 4079 2908 4151; x_wconf 80' lang='grc' dir='ltr'>ὅμως</span> <span class='ocrx_word' id='word_1_926' title='bbox 2934 4081 3048 4151; x_wconf 74' lang='grc' dir='ltr'>ἔχει</span> <span class='ocrx_word' id='word_1_927' title='bbox 3079 4080 3457 4152; x_wconf 67' lang='grc' dir='ltr'>προϐαλέσθαι</span> <span class='ocrx_word' id='word_1_928' title='bbox 3486 4081 3584 4149; x_wconf 81' lang='grc' dir='ltr'>τὴν</span> <span class='ocrx_word' id='word_1_929' title='bbox 3608 4074 3708 4128; x_wconf 80' lang='grc' dir='ltr'>ἀπὸ</span> <span class='ocrx_word' id='word_1_930' title='bbox 3734 4069 3817 4138; x_wconf 75' lang='grc' dir='ltr'>τῆς</span> 
     </span>
    </p>
   </div>
   <div class='ocr_carea' id='block_1_110' title="bbox 2161 4158 3818 4239">
    <p class='ocr_par' dir='ltr' id='par_1_110' title="bbox 2161 4158 3818 4239">
     <span class='ocr_line' id='line_1_110' title="bbox 2161 4158 3818 4239; baseline -0.004 -19"><span class='ocrx_word' id='word_1_931' title='bbox 2161 4168 2352 4231; x_wconf 86' lang='grc' dir='ltr'>πενίας</span> <span class='ocrx_word' id='word_1_932' title='bbox 2385 4169 2650 4237; x_wconf 73' lang='grc' dir='ltr'>ἀνάγκηψ</span> <span class='ocrx_word' id='word_1_933' title='bbox 2679 4162 2830 4231; x_wconf 75' lang='grc' dir='ltr'>οὗτος</span> <span class='ocrx_word' id='word_1_934' title='bbox 2853 4168 2932 4233; x_wconf 85' lang='grc' dir='ltr'>δὲ,</span> <span class='ocrx_word' id='word_1_935' title='bbox 2954 4169 3211 4239; x_wconf 81' lang='grc' dir='ltr'>οὐδεμιᾶς</span> <span class='ocrx_word' id='word_1_936' title='bbox 3245 4169 3503 4237; x_wconf 85' lang='grc' dir='ltr'>ἀνάγκης</span> <span class='ocrx_word' id='word_1_937' title='bbox 3530 4163 3686 4219; x_wconf 87' lang='grc' dir='ltr'>αὑτὸν</span> <span class='ocrx_word' id='word_1_938' title='bbox 3717 4158 3818 4229; x_wconf 65' lang='lat' dir='ltr'>Bul-</span> 
     </span>
    </p>
   </div>
   <div class='ocr_carea' id='block_1_111' title="bbox 2162 4246 3818 4327">
    <p class='ocr_par' dir='ltr' id='par_1_111' title="bbox 2162 4246 3818 4327">
     <span class='ocr_line' id='line_1_111' title="bbox 2162 4246 3818 4327; baseline -0.019 1"><span class='ocrx_word' id='word_1_939' title='bbox 2162 4252 2414 4326; x_wconf 71' lang='grc' dir='ltr'>ξομένηςο</span> <span class='ocrx_word' id='word_1_940' title='bbox 2440 4256 2545 4309; x_wconf 69' lang='grc' dir='ltr'>ὑπὸ</span> <span class='ocrx_word' id='word_1_941' title='bbox 2587 4256 2771 4320; x_wconf 82' lang='grc' dir='ltr'>ἀνοίας</span> <span class='ocrx_word' id='word_1_942' title='bbox 2817 4255 2984 4327; x_wconf 86' lang='grc' dir='ltr'>μόνης</span> <span class='ocrx_word' id='word_1_943' title='bbox 3010 4257 3090 4319; x_wconf 74' lang='grc' dir='ltr'>εἰς</span> <span class='ocrx_word' id='word_1_944' title='bbox 3116 4256 3177 4308; x_wconf 79' lang='grc' dir='ltr'>τὸ</span> <span class='ocrx_word' id='word_1_945' title='bbox 3206 4255 3487 4327; x_wconf 88' lang='grc' dir='ltr'>βάραθρον</span> <span class='ocrx_word' id='word_1_946' title='bbox 3514 4246 3818 4306; x_wconf 84' lang='grc' dir='ltr'>καταπίπτει</span> 
     </span>
    </p>
   </div>
   <div class='ocr_carea' id='block_1_112' title="bbox 2162 4326 3819 4415">
    <p class='ocr_par' dir='ltr' id='par_1_112' title="bbox 2162 4326 3819 4415">
     <span class='ocr_line' id='line_1_112' title="bbox 2162 4326 3819 4415; baseline -0.016 -11"><span class='ocrx_word' id='word_1_947' title='bbox 2162 4343 2264 4413; x_wconf 75' lang='grc' dir='ltr'>τῆς</span> <span class='ocrx_word' id='word_1_948' title='bbox 2294 4342 2594 4415; x_wconf 84' lang='grc' dir='ltr'>ἁμαρτίας.</span> <span class='ocrx_word' id='word_1_949' title='bbox 2626 4343 2669 4395; x_wconf 88' lang='grc' dir='ltr'><strong>Τ</strong></span> <span class='ocrx_word' id='word_1_950' title='bbox 2673 4343 2797 4395; x_wconf 84' lang='grc' dir='ltr'>οῦτο</span> <span class='ocrx_word' id='word_1_951' title='bbox 2833 4344 2930 4396; x_wconf 73' lang='grc' dir='ltr'>καὶ</span> <span class='ocrx_word' id='word_1_952' title='bbox 2962 4343 3056 4395; x_wconf 74' lang='grc' dir='ltr'>ἐπὶ</span> <span class='ocrx_word' id='word_1_953' title='bbox 3090 4342 3198 4396; x_wconf 90' lang='grc' dir='ltr'>τῶν</span> <span class='ocrx_word' id='word_1_954' title='bbox 3246 4326 3560 4414; x_wconf 79' lang='grc' dir='ltr'>ὀμνυόντων</span> <span class='ocrx_word' id='word_1_955' title='bbox 3591 4336 3726 4388; x_wconf 77' lang='grc' dir='ltr'>ἐστιν</span> <span class='ocrx_word' id='word_1_956' title='bbox 3755 4326 3819 4379; x_wconf 85' lang='grc' dir='ltr'>εί-</span> 
     </span>
    </p>
   </div>
   <div class='ocr_carea' id='block_1_113' title="bbox 2161 4416 3817 4502">
    <p class='ocr_par' dir='ltr' id='par_1_113' title="bbox 2161 4416 3817 4502">
     <span class='ocr_line' id='line_1_113' title="bbox 2161 4416 3817 4502; baseline -0.005 -20"><span class='ocrx_word' id='word_1_957' title='bbox 2161 4432 2283 4483; x_wconf 90' lang='grc' dir='ltr'>πεῖν</span> <span class='ocrx_word' id='word_1_958' title='bbox 2304 4448 2318 4464; x_wconf 90' lang='grc'><strong>·</strong></span> <span class='ocrx_word' id='word_1_959' title='bbox 2340 4430 2462 4484; x_wconf 84' lang='grc' dir='ltr'>οὐδὲ</span> <span class='ocrx_word' id='word_1_960' title='bbox 2484 4430 2592 4502; x_wconf 84' lang='grc' dir='ltr'>γὰρ</span> <span class='ocrx_word' id='word_1_961' title='bbox 2618 4424 2762 4484; x_wconf 78' lang='grc' dir='ltr'>οῦτοι</span> <span class='ocrx_word' id='word_1_962' title='bbox 2787 4448 2910 4486; x_wconf 89' lang='grc' dir='ltr'>τινα</span> <span class='ocrx_word' id='word_1_963' title='bbox 2937 4431 3209 4502; x_wconf 81' lang='grc' dir='ltr'>πρόφασιν</span> <span class='ocrx_word' id='word_1_964' title='bbox 3231 4428 3424 4499; x_wconf 84' lang='grc' dir='ltr'>έχουσι</span> <span class='ocrx_word' id='word_1_965' title='bbox 3455 4416 3817 4498; x_wconf 75' lang='grc' dir='ltr'>προϐαλέσθαι.</span> 
     </span>
    </p>
   </div>
   <div class='ocr_carea' id='block_1_114' title="bbox 2162 4503 3824 4596">
    <p class='ocr_par' dir='ltr' id='par_1_114' title="bbox 2162 4503 3824 4596">
     <span class='ocr_line' id='line_1_114' title="bbox 2162 4503 3824 4596; baseline 0.002 -26"><span class='ocrx_word' id='word_1_966' title='bbox 2162 4517 2300 4571; x_wconf 89' lang='grc' dir='ltr'>ἀλλά</span> <span class='ocrx_word' id='word_1_967' title='bbox 2328 4519 2734 4591; x_wconf 86' lang='grc' dir='ltr'>καταφρόνησιν</span> <span class='ocrx_word' id='word_1_968' title='bbox 2767 4515 2918 4590; x_wconf 74' lang='lat' dir='ltr'>[1M]</span> <span class='ocrx_word' id='word_1_969' title='bbox 2973 4516 3155 4589; x_wconf 84' lang='grc' dir='ltr'>μόνον.</span> <span class='ocrx_word' id='word_1_970' title='bbox 3199 4518 3315 4571; x_wconf 79' lang='grc' dir='ltr'>Καὶ</span> <span class='ocrx_word' id='word_1_971' title='bbox 3365 4510 3490 4569; x_wconf 75' lang='grc' dir='ltr'>οῖδα</span> <span class='ocrx_word' id='word_1_972' title='bbox 3517 4512 3614 4584; x_wconf 78' lang='grc' dir='ltr'>μὲν</span> <span class='ocrx_word' id='word_1_973' title='bbox 3642 4509 3716 4596; x_wconf 56' lang='grc' dir='ltr'>δίει</span> <span class='ocrx_word' id='word_1_974' title='bbox 3740 4503 3824 4596; x_wconf 43' lang='lat' dir='ltr'>EE“</span> 
     </span>
    </p>
   </div>
   <div class='ocr_carea' id='block_1_115' title="bbox 2162 4593 3819 4677">
    <p class='ocr_par' dir='ltr' id='par_1_115' title="bbox 2162 4593 3819 4677">
     <span class='ocr_line' id='line_1_115' title="bbox 2162 4593 3819 4677; baseline -0.003 -18"><span class='ocrx_word' id='word_1_975' title='bbox 2162 4604 2335 4676; x_wconf 82' lang='grc' dir='ltr'>αχθὴς</span> <span class='ocrx_word' id='word_1_976' title='bbox 2361 4603 2498 4659; x_wconf 70' lang='grc' dir='ltr'>εἶναι</span> <span class='ocrx_word' id='word_1_977' title='bbox 2543 4605 2684 4659; x_wconf 85' lang='grc' dir='ltr'>δοκῶ</span> <span class='ocrx_word' id='word_1_978' title='bbox 2709 4605 2896 4659; x_wconf 89' lang='grc' dir='ltr'>λοιπὸν</span> <span class='ocrx_word' id='word_1_979' title='bbox 2926 4606 3022 4659; x_wconf 76' lang='grc' dir='ltr'>καὶ</span> <span class='ocrx_word' id='word_1_980' title='bbox 3055 4603 3334 4677; x_wconf 83' lang='grc' dir='ltr'>φορτικὸς,</span> <span class='ocrx_word' id='word_1_981' title='bbox 3357 4605 3428 4675; x_wconf 74' lang='grc' dir='ltr'>τῇ</span> <span class='ocrx_word' id='word_1_982' title='bbox 3467 4593 3713 4666; x_wconf 75' lang='grc' dir='ltr'>συνεχείᾳ</span> <span class='ocrx_word' id='word_1_983' title='bbox 3736 4593 3819 4654; x_wconf 70' lang='grc' dir='ltr'>τῆς</span> 
     </span>
    </p>
   </div>
   <div class='ocr_carea' id='block_1_116' title="bbox 2162 4686 3814 4764">
    <p class='ocr_par' dir='ltr' id='par_1_116' title="bbox 2162 4686 3814 4764">
     <span class='ocr_line' id='line_1_116' title="bbox 2162 4686 3814 4764; baseline -0.005 -19"><span class='ocrx_word' id='word_1_984' title='bbox 2162 4693 2537 4764; x_wconf 89' lang='grc' dir='ltr'>παραινέσεως</span> <span class='ocrx_word' id='word_1_985' title='bbox 2564 4693 2735 4746; x_wconf 88' lang='grc' dir='ltr'>δοκῶν</span> <span class='ocrx_word' id='word_1_986' title='bbox 2773 4692 3028 4763; x_wconf 80' lang='grc' dir='ltr'>ἐνοχλεῖν,</span> <span class='ocrx_word' id='word_1_987' title='bbox 3056 4692 3170 4746; x_wconf 80' lang='grc' dir='ltr'>ἀλλ’</span> <span class='ocrx_word' id='word_1_988' title='bbox 3200 4693 3356 4763; x_wconf 84' lang='grc' dir='ltr'>ὅμως</span> <span class='ocrx_word' id='word_1_989' title='bbox 3386 4693 3491 4745; x_wconf 85' lang='grc' dir='ltr'>οὑκ</span> <span class='ocrx_word' id='word_1_990' title='bbox 3516 4686 3814 4758; x_wconf 68' lang='grc' dir='ltr'>ἀφίσταμαι.</span> 
     </span>
    </p>
   </div>
   <div class='ocr_carea' id='block_1_117' title="bbox 2161 4769 3817 4851">
    <p class='ocr_par' dir='ltr' id='par_1_117' title="bbox 2161 4769 3817 4851">
     <span class='ocr_line' id='line_1_117' title="bbox 2161 4769 3817 4851; baseline -0.004 -19"><span class='ocrx_word' id='word_1_991' title='bbox 2161 4780 2248 4832; x_wconf 83' lang='grc' dir='ltr'>ἵνα</span> <span class='ocrx_word' id='word_1_992' title='bbox 2289 4779 2394 4833; x_wconf 79' lang='grc' dir='ltr'>κᾶν</span> <span class='ocrx_word' id='word_1_993' title='bbox 2439 4780 2536 4851; x_wconf 83' lang='grc' dir='ltr'>τὴν</span> <span class='ocrx_word' id='word_1_994' title='bbox 2568 4780 2950 4851; x_wconf 85' lang='grc' dir='ltr'>ἀναισχυντίαν</span> <span class='ocrx_word' id='word_1_995' title='bbox 2980 4780 3324 4843; x_wconf 76' lang='grc' dir='ltr'>αἰδεσθέντες</span> <span class='ocrx_word' id='word_1_996' title='bbox 3353 4779 3458 4851; x_wconf 82' lang='grc' dir='ltr'>τὴν</span> <span class='ocrx_word' id='word_1_997' title='bbox 3504 4776 3662 4846; x_wconf 81' lang='grc' dir='ltr'>ἐμὴν,</span> <span class='ocrx_word' id='word_1_998' title='bbox 3698 4769 3817 4821; x_wconf 79' lang='grc' dir='ltr'>ἀπυ-</span> 
     </span>
    </p>
   </div>
   <div class='ocr_carea' id='block_1_118' title="bbox 2163 4858 3819 4940">
    <p class='ocr_par' dir='ltr' id='par_1_118' title="bbox 2163 4858 3819 4940">
     <span class='ocr_line' id='line_1_118' title="bbox 2163 4858 3819 4940; baseline -0.01 -18"><span class='ocrx_word' id='word_1_999' title='bbox 2163 4868 2323 4936; x_wconf 82' lang='grc' dir='ltr'>στῆτε</span> <span class='ocrx_word' id='word_1_1000' title='bbox 2349 4866 2449 4935; x_wconf 79' lang='grc' dir='ltr'>τῆς</span> <span class='ocrx_word' id='word_1_1001' title='bbox 2473 4870 2715 4939; x_wconf 79' lang='grc' dir='ltr'>πονηρᾶς</span> <span class='ocrx_word' id='word_1_1002' title='bbox 2741 4868 2851 4921; x_wconf 87' lang='grc' dir='ltr'>τῶν</span> <span class='ocrx_word' id='word_1_1003' title='bbox 2877 4868 3055 4940; x_wconf 86' lang='grc' dir='ltr'>ὅρκων</span> <span class='ocrx_word' id='word_1_1004' title='bbox 3081 4867 3397 4938; x_wconf 89' lang='grc' dir='ltr'>συνηθείας.</span> <span class='ocrx_word' id='word_1_1005' title='bbox 3425 4866 3491 4918; x_wconf 89' lang='grc' dir='ltr'>Εἰ</span> <span class='ocrx_word' id='word_1_1006' title='bbox 3515 4863 3622 4933; x_wconf 81' lang='grc' dir='ltr'>γὰρ</span> <span class='ocrx_word' id='word_1_1007' title='bbox 3645 4861 3672 4911; x_wconf 92' lang='lat'>6</span> <span class='ocrx_word' id='word_1_1008' title='bbox 3691 4858 3819 4910; x_wconf 76' lang='grc' dir='ltr'>δικα·</span> 
     </span>
    </p>
   </div>
   <div class='ocr_carea' id='block_1_119' title="bbox 2163 4942 3819 5026">
    <p class='ocr_par' dir='ltr' id='par_1_119' title="bbox 2163 4942 3819 5026">
     <span class='ocr_line' id='line_1_119' title="bbox 2163 4942 3819 5026; baseline -0.008 -18"><span class='ocrx_word' id='word_1_1009' title='bbox 2163 4955 2293 5026; x_wconf 85' lang='grc' dir='ltr'>στὴς</span> <span class='ocrx_word' id='word_1_1010' title='bbox 2320 4955 2528 5017; x_wconf 87' lang='grc' dir='ltr'>ἐκεῖνος</span> <span class='ocrx_word' id='word_1_1011' title='bbox 2551 4957 2579 5007; x_wconf 95' lang='lat'>6</span> <span class='ocrx_word' id='word_1_1012' title='bbox 2607 4956 2823 5026; x_wconf 82' lang='grc' dir='ltr'>ἀπηνὴς</span> <span class='ocrx_word' id='word_1_1013' title='bbox 2852 4956 2945 5009; x_wconf 77' lang='grc' dir='ltr'>καὶ</span> <span class='ocrx_word' id='word_1_1014' title='bbox 2978 4955 3148 5025; x_wconf 86' lang='grc' dir='ltr'>ὠμὸς,</span> <span class='ocrx_word' id='word_1_1015' title='bbox 3183 4956 3363 5026; x_wconf 84' lang='grc' dir='ltr'>χήρας</span> <span class='ocrx_word' id='word_1_1016' title='bbox 3396 4950 3675 5022; x_wconf 77' lang='grc' dir='ltr'>ἐνόχλησιν</span> <span class='ocrx_word' id='word_1_1017' title='bbox 3697 4942 3819 4998; x_wconf 77' lang='grc' dir='ltr'>αἰδε-</span> 
     </span>
    </p>
   </div>
   <div class='ocr_carea' id='block_1_120' title="bbox 2162 5029 3818 5112">
    <p class='ocr_par' dir='ltr' id='par_1_120' title="bbox 2162 5029 3818 5112">
     <span class='ocr_line' id='line_1_120' title="bbox 2162 5029 3818 5112; baseline -0.006 -16"><span class='ocrx_word' id='word_1_1018' title='bbox 2162 5042 2309 5106; x_wconf 76' lang='grc' dir='ltr'>σθεὶς</span> <span class='ocrx_word' id='word_1_1019' title='bbox 2332 5043 2424 5095; x_wconf 89' lang='grc' dir='ltr'>τὸν</span> <span class='ocrx_word' id='word_1_1020' title='bbox 2458 5043 2657 5112; x_wconf 85' lang='grc' dir='ltr'>τρόπον</span> <span class='ocrx_word' id='word_1_1021' title='bbox 2694 5042 2976 5112; x_wconf 81' lang='grc' dir='ltr'>μετέϐαλε,</span> <span class='ocrx_word' id='word_1_1022' title='bbox 3002 5041 3181 5111; x_wconf 83' lang='grc' dir='ltr'>πολλῷ</span> <span class='ocrx_word' id='word_1_1023' title='bbox 3225 5040 3436 5111; x_wconf 85' lang='grc' dir='ltr'>μᾶλλον</span> <span class='ocrx_word' id='word_1_1024' title='bbox 3486 5039 3642 5108; x_wconf 81' lang='grc' dir='ltr'>ὑμεῖς</span> <span class='ocrx_word' id='word_1_1025' title='bbox 3679 5029 3818 5083; x_wconf 66' lang='grc' dir='ltr'>τοῦτο</span> 
     </span>
    </p>
   </div>
   <div class='ocr_carea' id='block_1_121' title="bbox 2161 5114 3816 5202">
    <p class='ocr_par' dir='ltr' id='par_1_121' title="bbox 2161 5114 3816 5202">
     <span class='ocr_line' id='line_1_121' title="bbox 2161 5114 3816 5202; baseline 0.001 -19"><span class='ocrx_word' id='word_1_1026' title='bbox 2161 5131 2489 5202; x_wconf 79' lang='grc' dir='ltr'>ἐργάσασθε,</span> <span class='ocrx_word' id='word_1_1027' title='bbox 2517 5131 2613 5183; x_wconf 71' lang='grc' dir='ltr'>καὶ</span> <span class='ocrx_word' id='word_1_1028' title='bbox 2652 5130 2885 5200; x_wconf 89' lang='grc' dir='ltr'>μάλιστα</span> <span class='ocrx_word' id='word_1_1029' title='bbox 2923 5130 3052 5182; x_wconf 82' lang='grc' dir='ltr'>ὅταν</span> <span class='ocrx_word' id='word_1_1030' title='bbox 3099 5132 3129 5182; x_wconf 93' lang='lat'>6</span> <span class='ocrx_word' id='word_1_1031' title='bbox 3178 5126 3524 5200; x_wconf 84' lang='grc' dir='ltr'>παρακαλῶν</span> <span class='ocrx_word' id='word_1_1032' title='bbox 3575 5122 3711 5194; x_wconf 80' lang='grc' dir='ltr'>ὑμᾶς</span> <span class='ocrx_word' id='word_1_1033' title='bbox 3752 5114 3816 5187; x_wconf 78' lang='grc' dir='ltr'>μὴ</span> 
     </span>
    </p>
   </div>
   <div class='ocr_carea' id='block_1_122' title="bbox 2162 5212 3814 5291">
    <p class='ocr_par' dir='ltr' id='par_1_122' title="bbox 2162 5212 3814 5291">
     <span class='ocr_line' id='line_1_122' title="bbox 2162 5212 3814 5291; baseline -0.006 -19"><span class='ocrx_word' id='word_1_1034' title='bbox 2162 5220 2301 5291; x_wconf 85' lang='grc' dir='ltr'>ὑπὲρ</span> <span class='ocrx_word' id='word_1_1035' title='bbox 2333 5219 2546 5281; x_wconf 84' lang='grc' dir='ltr'>ἑαυτοῦ,</span> <span class='ocrx_word' id='word_1_1036' title='bbox 2579 5217 2693 5270; x_wconf 88' lang='grc' dir='ltr'>ἀλλ’</span> <span class='ocrx_word' id='word_1_1037' title='bbox 2717 5217 2859 5288; x_wconf 82' lang='grc' dir='ltr'>ὑπὲρ</span> <span class='ocrx_word' id='word_1_1038' title='bbox 2898 5217 2998 5285; x_wconf 81' lang='grc' dir='ltr'>τῆς</span> <span class='ocrx_word' id='word_1_1039' title='bbox 3030 5216 3304 5286; x_wconf 84' lang='grc' dir='ltr'>ὑμετέρας</span> <span class='ocrx_word' id='word_1_1040' title='bbox 3338 5214 3505 5268; x_wconf 89' lang='grc' dir='ltr'>τοῦτο</span> <span class='ocrx_word' id='word_1_1041' title='bbox 3530 5212 3694 5280; x_wconf 71' lang='grc' dir='ltr'>ποιῇο</span> <span class='ocrx_word' id='word_1_1042' title='bbox 3721 5221 3814 5257; x_wconf 82' lang='grc' dir='ltr'>σω·</span> 
     </span>
    </p>
   </div>
   <div class='ocr_carea' id='block_1_123' title="bbox 2158 5293 3818 5379">
    <p class='ocr_par' dir='ltr' id='par_1_123' title="bbox 2158 5293 3818 5379">
     <span class='ocr_line' id='line_1_123' title="bbox 2158 5293 3818 5379; baseline -0.021 -2"><span class='ocrx_word' id='word_1_1043' title='bbox 2158 5307 2354 5379; x_wconf 81' lang='grc' dir='ltr'>τηρίας</span> <span class='ocrx_word' id='word_1_1044' title='bbox 2374 5325 2388 5338; x_wconf 91' lang='grc'><strong>·</strong></span> <span class='ocrx_word' id='word_1_1045' title='bbox 2424 5306 2623 5376; x_wconf 84' lang='grc' dir='ltr'>μᾶλλον</span> <span class='ocrx_word' id='word_1_1046' title='bbox 2655 5305 2712 5358; x_wconf 86' lang='grc' dir='ltr'>δέ</span> <span class='ocrx_word' id='word_1_1047' title='bbox 2743 5304 2838 5357; x_wconf 77' lang='grc' dir='ltr'>καὶ</span> <span class='ocrx_word' id='word_1_1048' title='bbox 2873 5304 3012 5374; x_wconf 85' lang='grc' dir='ltr'>ὑπὲρ</span> <span class='ocrx_word' id='word_1_1049' title='bbox 3062 5302 3305 5373; x_wconf 75' lang='grc' dir='ltr'>ἐμαυτοῦ</span> <span class='ocrx_word' id='word_1_1050' title='bbox 3336 5302 3444 5356; x_wconf 80' lang='grc' dir='ltr'>οὐκ</span> <span class='ocrx_word' id='word_1_1051' title='bbox 3475 5301 3543 5355; x_wconf 79' lang='grc' dir='ltr'>ἂν</span> <span class='ocrx_word' id='word_1_1052' title='bbox 3581 5293 3818 5379; x_wconf 82' lang='grc' dir='ltr'>ἀρνησαί-</span> 
     </span>
    </p>
   </div>
   <div class='ocr_carea' id='block_1_124' title="bbox 2165 5378 3816 5466">
    <p class='ocr_par' dir='ltr' id='par_1_124' title="bbox 2165 5378 3816 5466">
     <span class='ocr_line' id='line_1_124' title="bbox 2165 5378 3816 5466; baseline -0.009 -18"><span class='ocrx_word' id='word_1_1053' title='bbox 2165 5378 2269 5466; x_wconf 88' lang='grc' dir='ltr'>μην</span> <span class='ocrx_word' id='word_1_1054' title='bbox 2293 5393 2449 5447; x_wconf 88' lang='grc' dir='ltr'>τοῦτο</span> <span class='ocrx_word' id='word_1_1055' title='bbox 2478 5395 2648 5446; x_wconf 88' lang='grc' dir='ltr'>ποιεῖν</span> <span class='ocrx_word' id='word_1_1056' title='bbox 2666 5409 2679 5423; x_wconf 79' lang='grc' dir='ltr'><strong>ο</strong></span> <span class='ocrx_word' id='word_1_1057' title='bbox 2708 5392 2776 5444; x_wconf 89' lang='grc' dir='ltr'>τά</span> <span class='ocrx_word' id='word_1_1058' title='bbox 2802 5391 2909 5460; x_wconf 86' lang='grc' dir='ltr'>γὰρ</span> <span class='ocrx_word' id='word_1_1059' title='bbox 2939 5391 3180 5462; x_wconf 83' lang='grc' dir='ltr'>ὑμέτερα</span> <span class='ocrx_word' id='word_1_1060' title='bbox 3210 5389 3400 5457; x_wconf 89' lang='grc' dir='ltr'>ἀγαθά</span> <span class='ocrx_word' id='word_1_1061' title='bbox 3427 5383 3663 5460; x_wconf 82' lang='grc' dir='ltr'>ἐμαυτοῦ</span> <span class='ocrx_word' id='word_1_1062' title='bbox 3683 5378 3816 5466; x_wconf 75' lang='grc' dir='ltr'>νομί·</span> 
     </span>
    </p>
   </div>
   <div class='ocr_carea' id='block_1_125' title="bbox 2122 5463 3815 5553">
    <p class='ocr_par' dir='ltr' id='par_1_125' title="bbox 2122 5463 3815 5553">
     <span class='ocr_line' id='line_1_125' title="bbox 2122 5463 3815 5553; baseline -0.012 -16"><span class='ocrx_word' id='word_1_1063' title='bbox 2122 5464 2130 5475; x_wconf 48' lang='grc'>’</span> <span class='ocrx_word' id='word_1_1064' title='bbox 2260 5476 2399 5535; x_wconf 82' lang='grc' dir='ltr'>εἶναι</span> <span class='ocrx_word' id='word_1_1065' title='bbox 2428 5478 2841 5553; x_wconf 83' lang='grc' dir='ltr'>κατορθώματα.</span> <span class='ocrx_word' id='word_1_1066' title='bbox 2861 5477 3188 5548; x_wconf 81' lang='grc' dir='ltr'>Ἐϐουλόμην</span> <span class='ocrx_word' id='word_1_1067' title='bbox 3210 5475 3267 5528; x_wconf 84' lang='grc' dir='ltr'>δὲ</span> <span class='ocrx_word' id='word_1_1068' title='bbox 3298 5476 3472 5547; x_wconf 79' lang='grc' dir='ltr'>ὑμᾶς,</span> <span class='ocrx_word' id='word_1_1069' title='bbox 3506 5474 3688 5543; x_wconf 85' lang='grc' dir='ltr'>ὥσπερ</span> <span class='ocrx_word' id='word_1_1070' title='bbox 3718 5463 3815 5536; x_wconf 87' lang='grc' dir='ltr'>ἐγὼ</span> 
     </span>
    </p>
   </div>
   <div class='ocr_carea' id='block_1_126' title="bbox 2163 5556 3811 5637">
    <p class='ocr_par' dir='ltr' id='par_1_126' title="bbox 2163 5556 3811 5637">
     <span class='ocr_line' id='line_1_126' title="bbox 2163 5556 3811 5637; baseline -0.004 -13"><span class='ocrx_word' id='word_1_1071' title='bbox 2163 5570 2257 5626; x_wconf 89' lang='grc' dir='ltr'>νῦν</span> <span class='ocrx_word' id='word_1_1072' title='bbox 2303 5568 2449 5623; x_wconf 88' lang='grc' dir='ltr'>πονῶ</span> <span class='ocrx_word' id='word_1_1073' title='bbox 2479 5570 2572 5622; x_wconf 74' lang='grc' dir='ltr'>καὶ</span> <span class='ocrx_word' id='word_1_1074' title='bbox 2601 5568 2866 5637; x_wconf 89' lang='grc' dir='ltr'>κόπτομαι</span> <span class='ocrx_word' id='word_1_1075' title='bbox 2914 5566 3040 5636; x_wconf 80' lang='grc' dir='ltr'>περὶ</span> <span class='ocrx_word' id='word_1_1076' title='bbox 3082 5565 3181 5635; x_wconf 82' lang='grc' dir='ltr'>τῆς</span> <span class='ocrx_word' id='word_1_1077' title='bbox 3225 5564 3509 5634; x_wconf 81' lang='grc' dir='ltr'>ὑμετέρας</span> <span class='ocrx_word' id='word_1_1078' title='bbox 3543 5556 3811 5628; x_wconf 66' lang='grc' dir='ltr'>σωτηρίας,</span> 
     </span>
    </p>
   </div>
   <div class='ocr_carea' id='block_1_127' title="bbox 2226 5695 3813 5788">
    <p class='ocr_par' dir='ltr' id='par_1_127' title="bbox 2226 5695 3813 5788">
     <span class='ocr_line' id='line_1_127' title="bbox 2226 5695 3813 5788; baseline -0.009 -28"><span class='ocrx_word' id='word_1_1079' title='bbox 2226 5708 2254 5748; x_wconf 73' lang='grc' dir='ltr'>τι</span> <span class='ocrx_word' id='word_1_1080' title='bbox 2277 5709 2657 5788; x_wconf 57' lang='grc' dir='ltr'>ΜοξΞ].Ἀίλών,</span> <span class='ocrx_word' id='word_1_1081' title='bbox 2697 5721 2823 5757; x_wconf 89' lang='lat' dir='ltr'>unus</span> <span class='ocrx_word' id='word_1_1082' title='bbox 2854 5706 3010 5757; x_wconf 81' lang='lat' dir='ltr'>codex</span> <span class='ocrx_word' id='word_1_1083' title='bbox 3046 5706 3228 5770; x_wconf 81' lang='grc' dir='ltr'>Δίλώμ.</span> <span class='ocrx_word' id='word_1_1084' title='bbox 3273 5706 3437 5756; x_wconf 80' lang='lat' dir='ltr'>Savil.</span> <span class='ocrx_word' id='word_1_1085' title='bbox 3479 5699 3651 5764; x_wconf 80' lang='grc' dir='ltr'>Ἐλάμ,</span> <span class='ocrx_word' id='word_1_1086' title='bbox 3685 5701 3736 5747; x_wconf 81' lang='lat' dir='ltr'>el.</span> <span class='ocrx_word' id='word_1_1087' title='bbox 3767 5695 3813 5746; x_wconf 76' lang='lat' dir='ltr'><strong>in</strong></span> 
     </span>
    </p>
   </div>
   <div class='ocr_carea' id='block_1_128' title="bbox 2159 5773 3809 5904">
    <p class='ocr_par' dir='ltr' id='par_1_128' title="bbox 2159 5773 3809 5904">
     <span class='ocr_line' id='line_1_128' title="bbox 2159 5773 3809 5904; baseline -0.012 -18"><span class='ocrx_word' id='word_1_1088' title='bbox 2159 5773 2618 5904; x_wconf 49' lang='grc' dir='ltr'>ωῧθΓῗέιξὶξέξιμῴεε.</span> <span class='ocrx_word' id='word_1_1089' title='bbox 2644 5831 2844 5904; x_wconf 83' lang='grc' dir='ltr'>ποιοῖτο.</span> <span class='ocrx_word' id='word_1_1090' title='bbox 2870 5831 2998 5904; x_wconf 57' lang='grc' dir='ltr'>Ιηίιςα</span> <span class='ocrx_word' id='word_1_1091' title='bbox 3030 5831 3178 5881; x_wconf 82' lang='lat' dir='ltr'>Savil.</span> <span class='ocrx_word' id='word_1_1092' title='bbox 3205 5832 3260 5904; x_wconf 49' lang='grc' dir='ltr'>εξ</span> <span class='ocrx_word' id='word_1_1093' title='bbox 3281 5830 3485 5904; x_wconf 59' lang='grc' dir='ltr'>αυξᾱειηι</span> <span class='ocrx_word' id='word_1_1094' title='bbox 3516 5838 3628 5904; x_wconf 56' lang='grc' dir='ltr'>Ψεξ.</span> <span class='ocrx_word' id='word_1_1095' title='bbox 3650 5820 3809 5904; x_wconf 64' lang='grc' dir='ltr'>κόπτοι</span> 
     </span>
    </p>
   </div>
   <div class='ocr_carea' id='block_1_129' title="bbox 2165 5891 3729 5960">
    <p class='ocr_par' dir='ltr' id='par_1_129' title="bbox 2165 5891 3729 5960">
     <span class='ocr_line' id='line_1_129' title="bbox 2165 5891 3729 5960; baseline -0.003 -21"><span class='ocrx_word' id='word_1_1096' title='bbox 2165 5910 2245 5953; x_wconf 82' lang='grc' dir='ltr'>μαι</span> <span class='ocrx_word' id='word_1_1097' title='bbox 2267 5894 2382 5945; x_wconf 78' lang='grc' dir='ltr'>ὑπὲρ</span> <span class='ocrx_word' id='word_1_1098' title='bbox 2406 5899 2485 5951; x_wconf 76' lang='grc' dir='ltr'>τῆς</span> <span class='ocrx_word' id='word_1_1099' title='bbox 2507 5896 2666 5955; x_wconf 57' lang='grc' dir='ltr'>ἤμει,</span> <span class='ocrx_word' id='word_1_1100' title='bbox 2694 5901 2746 5944; x_wconf 80' lang='lat' dir='ltr'>el</span> <span class='ocrx_word' id='word_1_1101' title='bbox 2764 5906 2879 5943; x_wconf 75' lang='lat' dir='ltr'>mox</span> <span class='ocrx_word' id='word_1_1102' title='bbox 2904 5894 3052 5946; x_wconf 81' lang='lat' dir='ltr'>iidem</span> <span class='ocrx_word' id='word_1_1103' title='bbox 3074 5892 3329 5960; x_wconf 74' lang='grc' dir='ltr'>φροντίζειν</span> <span class='ocrx_word' id='word_1_1104' title='bbox 3355 5891 3475 5957; x_wconf 75' lang='grc' dir='ltr'>ὑπὲρ</span> <span class='ocrx_word' id='word_1_1105' title='bbox 3498 5894 3579 5949; x_wconf 72' lang='grc' dir='ltr'>τῆς</span> <span class='ocrx_word' id='word_1_1106' title='bbox 3603 5891 3729 5953; x_wconf 77' lang='grc' dir='ltr'>ὑμετ.</span> 
     </span>
    </p>
   </div>
  </div>
