4070 6208
322 269 423 325 117

318 390 426 437 test
454 399 469 437 :
495 388 550 436 et
593 396 662 438 ne
699 380 947 438 omnibus
976 382 1047 438 sit
1082 384 1448 453 intolerabilis,
1506 405 1677 459 neque
1714 398 1904 444 cuncta

318 473 621 540 comburat,
655 472 942 544 frigiditate
971 491 1157 532 rursus
1184 486 1307 547 eget
1325 492 1389 533 ac
1414 495 1553 534 rore.
1578 480 1708 535 Cum
1736 483 1907 548 ipsum

322 564 488 635 igitur
514 565 715 634 reliqua
736 566 950 620 vincant
973 567 1254 631 elementa,
1284 577 1338 623 et
1360 568 1525 639 ipsius
1547 571 1906 640 impotentiam

321 658 652 714 emendent:
681 658 899 714 vincunt
921 659 1158 728 quidem,
1190 661 1329 716 sicut
1354 663 1543 726 nubes,
1584 673 1638 717 et
1667 664 1827 729 muri,
1854 672 1908 719 et

320 751 375 805 ιι
395 750 685 819 squaedam
713 765 939 820 corpora
968 752 1132 821 ipsius
1152 752 1324 808 lucem
1349 755 1723 811 abscondentia
1753 775 1766 810 :
1792 771 1911 811 eor-

321 845 505 911 rignnt
527 854 705 900 autem
746 844 913 912 ipsius
946 844 1433 916 intemperantiam,
1480 850 1620 904 sicut
1647 864 1818 916 rores,
1851 861 1907 905 et

324 940 519 1003 fontes,
549 950 604 995 et
630 942 772 996 aeris
798 939 1079 1011 frigiditas,
1098 943 1367 1012 quomodo
1396 943 1484 998 hic
1507 945 1653 1000 Deus
1671 959 1790 1000 esse
1811 960 1907 1013 po-

322 1033 468 1088 test?
498 1032 666 1088 Deum
704 1034 849 1088 enim
889 1048 995 1089 non
1036 1034 1274 1104 indigere
1314 1037 1668 1091 necessarium
1709 1044 1811 1102 est,
1852 1044 1907 1091 et

326 1122 477 1177 nulla
525 1138 586 1177 re
630 1138 764 1193 opus
800 1123 1014 1190 habere,
1037 1133 1092 1179 et
1115 1126 1350 1180 omnium
1381 1126 1624 1181 omnibus
1649 1127 1905 1181 bonorum

320 1229 445 1268 esse
474 1224 763 1278 auctorem,
802 1223 857 1269 et
896 1230 926 1268 a
957 1215 1170 1270 nemine
1208 1216 1498 1284 prohiberi,
1542 1218 1677 1270 sicut
1705 1217 1907 1270 scilicet

318 1306 397 1369 de
414 1307 522 1361 Deo
537 1306 612 1369 ait
631 1306 822 1360 Paulus
847 1315 903 1363 et
926 1306 1184 1378 propheta
1200 1306 1477 1370 Jeremias,
1501 1307 1587 1362 hic
1606 1308 1816 1377 quidem
1836 1324 1905 1362 ex

320 1399 492 1468 ipsius
518 1412 763 1467 persona,
810 1399 1031 1453 dicens:
1063 1400 1252 1455 Caelum
1287 1408 1333 1453 et
1360 1407 1541 1453 terram
1582 1415 1672 1470 ego
1700 1400 1903 1467 impleo,

321 1489 396 1541 ait
424 1487 671 1541 Dominus
693 1486 820 1557 (Jer.
840 1487 1075 1558 23.24);
1107 1497 1162 1541 et
1200 1501 1410 1542 rursum
1435 1507 1449 1543 :
1477 1488 1607 1541 Deus
1627 1490 1906 1558 appropin-

320 1596 486 1647 quans
511 1571 602 1648 ego
630 1596 763 1645 sum,
782 1587 828 1632 et
856 1596 954 1632 non
985 1578 1118 1632 Deus
1140 1580 1335 1649 alonge
1362 1578 1544 1650 (Ib.v.
1570 1579 1662 1651 ‘25)
1683 1596 1702 1633 :
1724 1589 1908 1633 etrur-

319 1685 416 1723 sus
438 1670 599 1723 David
621 1687 632 1722 :
663 1668 785 1722 Dixi
802 1667 1042 1735 Domino,
1070 1668 1209 1723 Deus
1231 1686 1367 1723 meus
1392 1686 1443 1723 es
1468 1681 1541 1733 tu,
1563 1671 1798 1739 quoniam
1821 1670 1908 1723 bo-

320 1775 505 1811 norum
532 1774 754 1811 meorum
796 1775 896 1812 non
927 1775 1039 1829 eges
1069 1758 1236 1830 (Psal.
1271 1761 1361 1815 15.
1391 1759 1470 1831 2).
1501 1761 1693 1815 Paulus
1729 1770 1904 1816 autem

319 1849 492 1919 ipsius
540 1849 746 1918 copiam
786 1850 985 1905 nullius
1034 1851 1355 1921 indigentem
1407 1852 1805 1917 demonstrans,
1852 1863 1908 1909 et

316 1941 608 1995 ostendens
627 1940 741 1996 haec
763 1942 920 1997 ambo
945 1945 1180 1998 maxime
1203 1944 1296 1998 Dei
1317 1959 1455 2010 esse,
1476 1946 1623 1998 nullo
1647 1945 1902 2014 indigere,

316 2041 377 2086 et
406 2032 653 2085 omnibus
689 2034 867 2087 omnia
912 2034 1336 2100 subministrare,
1383 2038 1461 2089 sic
1500 2037 1669 2105 inquit
1709 2054 1722 2089 :
1770 2036 1906 2093 Deus

315 2122 409 2189 qui
449 2123 568 2192 fecit
593 2121 774 2176 caelum
801 2132 848 2176 et
886 2133 1071 2177 terram
1119 2134 1166 2178 et
1210 2143 1369 2191 mare,
1414 2126 1603 2181 nullius
1636 2127 1863 2197 indigens
1886 2168 1902 2192 ,

315 2217 429 2284 ipse
456 2215 610 2267 vitam
638 2215 867 2270 omnibus
919 2217 1175 2287 praebens,
1225 2228 1272 2272 et
1324 2212 1596 2289 spiritum,
1647 2228 1693 2273 et
1736 2221 1905 2273 omnia

314 2305 458 2379 (Αει.
506 2307 592 2360 t7.
632 2306 724 2361 24.
752 2307 867 2379 25).

396 2396 449 2451 5.
491 2394 709 2450 Licebat
754 2398 964 2467 quidem
1013 2407 1067 2453 et
1110 2398 1216 2453 alia
1264 2414 1577 2469 percurrere
1618 2400 1901 2467 elementa,

312 2487 533 2554 malum,
565 2504 765 2553 aerem,
803 2500 1021 2556 terram,
1051 2506 1219 2555 mare,
1252 2502 1308 2546 et
1352 2491 1586 2562 ipsorum
1618 2493 1902 2547 imbecilli-

316 2590 481 2634 tatem
528 2581 918 2648 demOnstrare,
961 2594 1016 2638 et
1053 2584 1321 2653 quomodo
1372 2585 1612 2655 proximo
1657 2585 1904 2655 quodque

317 2671 545 2740 indiget,
596 2681 651 2727 et
695 2674 810 2728 sine
850 2672 951 2729 hoc
993 2677 1133 2745 perit
1180 2684 1235 2728 ct
1275 2677 1650 2749 corrumpitur.
1693 2676 1903 2730 Etenim

318 2772 484 2828 terra,
504 2765 548 2818 si
564 2764 812 2819 deficiant
830 2782 947 2820 eam
974 2766 1168 2833 fontes,
1193 2777 1247 2822 et
1267 2768 1551 2822 humiditas
1577 2777 1687 2822 tum
1713 2784 1741 2820 a
1771 2770 1901 2822 mari

316 2867 434 2910 tum
465 2873 494 2908 a
521 2856 696 2911 fluviis
725 2858 919 2923 infusa,
945 2868 1081 2913 tosta
1119 2860 1267 2913 brevi
1292 2860 1626 2930 disperdetur
1651 2877 1664 2912 :
1688 2868 1744 2913 et
1781 2860 1901 2914 reli-

316 2962 427 3018 qua
470 2962 598 3002 vero
641 2949 900 3004 elementa
948 2951 1116 3005 altero
1155 2952 1381 3005 alterum
1421 2951 1676 3020 indigent,
1729 2960 1783 3005 et
1811 2966 1904 3005 aer

317 3041 457 3102 sole,
481 3041 618 3095 sicut
645 3042 724 3095 sol
753 3057 877 3097 aere
901 3060 914 3094 :
944 3042 1038 3097 sed
1061 3058 1130 3097 ne
1152 3043 1487 3112 prolixiorem
1510 3043 1761 3098 faciamus
1789 3058 1904 3098 ser-

317 3146 560 3196 monem,
600 3147 665 3186 ex
692 3131 846 3187 dictis
891 3132 1084 3187 multas
1122 3132 1427 3189 volentibus
1467 3134 1775 3189 occasiones
1803 3134 1903 3189 de-

317 3222 466 3277 disse
499 3223 627 3276 satis
655 3221 830 3276 fuerit.
863 3221 920 3276 Si
946 3222 1088 3277 enim
1114 3223 1257 3277 omni
1283 3233 1527 3279 creatura
1565 3224 1644 3279 sol
1674 3224 1899 3279 admira-

318 3312 482 3369 bilior
554 3323 660 3367 tam
707 3314 984 3369 imbecillis
1039 3323 1094 3370 et
1139 3314 1294 3384 inops
1350 3330 1469 3370 esse
1504 3316 1615 3386 jam
1662 3325 1899 3386 apparet,

318 3402 498 3457 multo
526 3403 695 3473 magis
719 3403 838 3458 alia:
859 3404 1040 3458 tuundi
1069 3414 1248 3473 partes
1273 3423 1287 3460 :
1311 3405 1453 3475 quod
1479 3421 1544 3461 eo
1581 3405 1710 3470 dixi,
1739 3415 1798 3461 ut
1822 3406 1903 3460 la-

319 3493 550 3547 boriosis
579 3494 668 3547 illa
684 3495 977 3563 praeberem
1007 3493 1304 3566 colligenda
1342 3514 1355 3550 :
1386 3500 1501 3567 ipse
1524 3495 1593 3551 de
1616 3497 1904 3565 Scripturis

320 3584 516 3638 iterum
546 3584 701 3640 vobis
725 3584 1003 3651 disseram,
1036 3585 1429 3653 demonstrans,
1459 3601 1566 3641 non
1607 3586 1773 3641 solem
1797 3594 1906 3640 tan-

319 3681 456 3735 tum,
486 3672 581 3727 sed
611 3684 665 3727 et
692 3683 858 3729 totum
894 3675 1150 3729 mundum
1174 3676 1570 3745 corruptibilem
1594 3690 1735 3731 esse.
1771 3674 1902 3731 Cum

320 3765 465 3820 enim
501 3765 765 3821 elementa
808 3781 927 3823 sese
952 3775 1139 3822 mutuo
1163 3774 1499 3833 consumant,
1532 3777 1589 3823 et
1627 3766 1757 3822 solis
1780 3767 1903 3838 qui-

320 3855 443 3911 dem
462 3857 755 3927 potentiam
779 3859 1161 3927 superveniens
1180 3859 1350 3927 major
1375 3857 1631 3929 frigiditas
1658 3858 1901 3929 castiget,

319 3948 462 4002 hanc
489 3957 669 4003 autem
695 3948 929 4003 vicissim
971 3950 1118 4004 calor
1156 3947 1485 4004 invalescens
1518 3960 1813 4013 consumat,
1850 3959 1904 4005 et

320 4042 617 4093 contrarias
634 4039 912 4108 qualitates
931 4049 985 4095 et
1003 4039 1378 4111 dispositiones
1396 4042 1621 4097 alterum
1653 4043 1705 4096 in
1735 4043 1904 4099 altero

319 4127 518 4182 faciant
557 4136 613 4183 et
636 4129 906 4198 patiantur
939 4131 1202 4186 elementa
1240 4148 1255 4184 :
1285 4139 1490 4187 certum
1519 4141 1603 4188 est
1639 4130 1754 4187 htec
1783 4148 1901 4187 ma~

318 4233 441 4288 gnae
488 4220 846 4288 corruptionis
897 4233 1265 4291 argumentum
1304 4222 1561 4293 praebere,
1605 4233 1660 4278 et
1710 4238 1903 4293 corpus

319 4324 443 4365 eae
465 4325 814 4380 qumcumque
831 4311 1098 4367 videntur.
1128 4312 1231 4368 Sed
1258 4314 1504 4383 quoniam
1529 4314 1780 4369 tenuitate
1809 4329 1905 4369 no—

318 4414 432 4457 stra
459 4404 620 4458 altior
646 4402 735 4459 hic
762 4414 844 4460 est
868 4420 1064 4470 sermo,
1097 4421 1194 4475 age
1222 4404 1288 4461 ad
1316 4406 1522 4461 dulcem
1543 4422 1637 4459 vos
1666 4407 1904 4476 Scriptu-

319 4511 506 4552 rarum
550 4496 751 4551 fontem
793 4507 1035 4565 agentes,
1077 4513 1234 4553 aures
1289 4509 1493 4553 vestras
1550 4499 1894 4553 mulceamus.

319 4586 439 4642 Non
470 4587 615 4641 enim
639 4587 706 4642 de
725 4588 858 4642 ctelo
876 4597 931 4642 et
954 4599 1093 4642 terra
1120 4588 1423 4657 singillatim
1461 4589 1613 4643 vobis
1637 4589 1898 4654 dicemus,

318 4677 420 4731 sed
439 4676 511 4731 de
535 4678 679 4732 omni
704 4678 903 4747 pariter
927 4686 1166 4733 creatura
1189 4678 1289 4732 hoc
1313 4679 1484 4747 ipsum
1512 4679 1660 4734 vobis
1680 4679 1903 4737 demon-

317 4777 579 4822 strantem
595 4770 907 4838 Apostolum
921 4771 1291 4834 ostendemus,
1308 4770 1488 4839 sicque
1513 4770 1789 4825 manifeste
1817 4769 1901 4824 di-

320 4869 562 4922 centem,
600 4859 740 4929 quod
770 4861 942 4914 omnis
979 4870 1222 4915 creatura
1252 4861 1578 4930 corruptioni
1620 4876 1759 4915 nunc
1786 4877 1902 4918 ser-

314 4952 450 5015 viat,
492 4959 549 5005 et
589 4964 752 5020 quare
792 4949 1008 5015 serviat,
1051 4959 1104 5006 et
1138 4951 1351 5021 quando
1389 4951 1696 5019 mutabitur,
1751 4963 1806 5009 et
1849 4954 1900 5008 in

315 5040 535 5109 qualem
560 5040 806 5095 transibit
840 5040 1218 5095 conditionem.
1250 5042 1534 5112 Postquam
1563 5044 1703 5097 enim
1730 5043 1861 5098 dixit
1885 5061 1898 5096 :

317 5132 372 5185 Ν
378 5148 448 5185 on
473 5142 588 5185 sunt
614 5133 876 5203 condigna:
896 5133 1153 5201 passiones
1179 5135 1436 5203 praesentis
1466 5137 1699 5205 temporis
1723 5137 1791 5188 ad
1816 5140 1902 5205 fu-

308 5235 492 5276 turam
523 5223 735 5294 gloriam
762 5240 876 5295 qua:
909 5224 1209 5279 revelabitur
1244 5224 1298 5278 in
1326 5227 1488 5290 nobis,
1517 5227 1732 5281 intulit:
1766 5227 1902 5281 Nam

312 5315 630 5383 aspectatio
649 5326 892 5369 creatura:
910 5315 1259 5369 reuelationem
1282 5316 1504 5384 ﬁliorum
1525 5315 1904 5386 Deiexspectat.

322 5404 562 5460 Vanitati
598 5407 729 5460 enim
768 5417 999 5460 creatura
1040 5408 1262 5479 subjecta
1300 5417 1393 5470 est,
1438 5425 1539 5461 non
1577 5420 1771 5478 sponte,
1814 5410 1903 5463 sed

312 5506 532 5567 propter
554 5513 689 5562 eum,
715 5500 801 5569 qui
830 5499 1040 5569 subjecit
1065 5517 1176 5554 eam
1204 5500 1255 5552 in
1278 5516 1368 5568 spe
1394 5500 1568 5569 (Item.
1603 5500 1652 5554 S.
1687 5501 1777 5554 18.
1814 5501 1905 5557 l9-

310 5587 437 5655 20).
486 5587 636 5654 Quod
678 5597 854 5644 autem
881 5589 1028 5656 dicit,
1070 5588 1370 5658 huiusmodi
1402 5596 1519 5641 est:
1544 5590 1904 5659 corruptibilis

313 5691 569 5738 creatura
610 5682 743 5738 facta
786 5689 869 5738 est
896 5699 912 5736 :
943 5682 1045 5739 hoc
1090 5681 1232 5739 enim
1271 5688 1374 5750 est,
1412 5678 1639 5736 Vanitati
1680 5683 1902 5750 subiecta

1381 272 1471 326 AD
1504 270 1823 329 POPULUM
1861 269 2348 330 ANTIOCHENUM
2412 273 2638 329 llOMlL.
2677 273 2743 330 Χ.

3493 282 3591 338 118

2017 399 2094 444 est
2121 404 2140 441 :
2165 389 2525 459 corruptibilis
2553 399 2730 444 autem
2776 389 2913 444 facta
2942 400 3044 456 est,
3079 392 3187 447 Deo
3231 393 3309 448 sic
3332 392 3582 464 jubeute;

2008 479 2171 550 jussit
2206 489 2385 535 autem
2432 481 2510 534 sic
2548 481 2688 535 Deus
2728 489 2944 550 propter
2972 496 3139 554 genus
3167 493 3403 538 nostrum
3429 501 3443 539 :
3468 485 3588 554 quia

2014 573 2153 626 enim
2177 572 2446 627 hominem
2473 574 2675 627 nutrire
2694 573 2923 629 debebat
2950 576 3367 651 corruptibilem,
3396 589 3450 633 et
3478 580 3588 647 ipsa

2016 663 2136 718 talis
2171 679 2291 719 esse
2333 663 2599 719 debebat:
2631 679 2736 718 non
2779 666 2923 719 enim
2966 667 3326 735 corruptibilia
3367 684 3588 739 corpora

2011 755 2235 810 decebat
2261 756 2312 809 in
2336 755 2720 825 incorruptibili
2741 756 2935 826 degere
2955 765 3217 811 creatura.
3243 757 3370 822 Sed,
3399 759 3582 828 inquit,

2013 860 2117 899 non
2147 856 2321 901 tamen
2352 846 2475 900 talis
2506 856 2767 909 remanet,
2796 846 2889 901 sed
2916 845 2985 899 Et
3012 846 3126 917 ipsa
3149 857 3379 901 creatura
3413 848 3585 901 libera-

2012 935 2143 989 bitur
2187 952 2219 989 a
2257 937 2489 990 servitute
2531 937 2866 1006 corruptionis
2905 935 3076 1007 (Rom.
3127 939 3181 992 8.
3231 937 3323 1008 21)
3355 937 3591 993 :deinde

2010 1027 2385 1085 demonstrans
2413 1028 2625 1098 quando
2666 1027 2767 1083 hoc
2796 1030 2915 1092 erit,
2953 1038 3009 1083 et
3050 1045 3145 1099 per
3169 1044 3324 1100 quos,
3366 1030 3588 1085 intulit:

2013 1116 2080 1171 In
2106 1117 2384 1173 libertatem
2412 1119 2589 1189 glorite
2618 1118 2841 1185 ﬁliorum
2885 1119 3000 1173 Dei.
3041 1118 3172 1174 Cum
3218 1121 3358 1175 enim
3409 1136 3589 1175 resur-

2012 1209 2327 1272 rexerimus,
2370 1209 2562 1279 inquit,
2603 1218 2661 1264 et
2703 1211 3005 1280 incorrupta
3051 1211 3432 1279 sumpserimus
3466 1226 3591 1265 cor-

2011 1314 2160 1366 pora,
2200 1308 2325 1353 tunc
2356 1308 2409 1354 et
2443 1299 2564 1353 (ξαιΙί
2589 1314 2783 1368 corpus
2823 1308 2876 1353 et
2914 1308 3092 1364 terrae,
3134 1308 3189 1354 et
3215 1300 3398 1354 mundi
3429 1300 3589 1359 totius

2012 1391 2376 1460 incorruptum
2406 1391 2525 1454 erit,
2557 1398 2611 1444 et
2640 1390 3101 1444 immarcescibile.
3134 1389 3264 1444 Cum
3307 1392 3465 1460 igitur
3494 1404 3585 1443 so-

2011 1481 2112 1532 lem
2142 1479 2337 1533 videris
2358 1481 2707 1545 exorientem,
2735 1488 3029 1534 creatorem
3050 1479 3347 1543 admirare;
3376 1478 3586 1549 quando

2011 1570 2183 1638 ipsum
2211 1585 2271 1624 se
2307 1571 2570 1626 celantem
2598 1580 2653 1625 et
2678 1581 3081 1626 evanescentem
3117 1571 3333 1633 videris,
3380 1579 3583 1624 natura:

2011 1660 2427 1716 imbecillitatem
2453 1662 2621 1726 disce,
2652 1677 2749 1715 nec
2780 1662 2950 1730 ipsum
2978 1669 3038 1716 ut
3070 1661 3232 1716 Deum
3257 1661 3466 1715 adores.
3496 1661 3585 1715 ld-

2009 1752 2152 1806 circo
2197 1752 2339 1806 enim
2378 1767 2487 1807 non
2537 1768 2605 1807 ex
2654 1752 2757 1808 hoc
2801 1754 2919 1808 solo
2956 1754 3340 1808 elementorum
3386 1761 3589 1807 naturae

2013 1843 2392 1899 imbecillitatis
2422 1844 2928 1900 demonstrationem
2958 1845 3094 1899 Deus
3134 1844 3372 1906 inseruit,
3406 1843 3499 1897 sed
3536 1852 3591 1898 ct

2018 1936 2322 1991 hominibus
2353 1936 2522 1991 servis
2552 1938 2682 2001 suis,
2712 1946 2772 2003 ut
2810 1937 2888 1990 eis
2927 1938 3270 2004 imperarent,
3298 1933 3586 1998 tnandavit,

2009 2029 2133 2081 utsi
2164 2043 2264 2082 nec
2300 2044 2366 2081 ex
2405 2038 2621 2095 aspectu
2652 2027 2886 2096 ipsorum
2923 2027 3232 2081 servitutem
3273 2040 3588 2096 cognoscas,

2008 2121 2076 2174 ab
2123 2120 2507 2188 imperantibus
2554 2119 2748 2185 discas,
2795 2134 2971 2173 omnia
3018 2133 3274 2173 conserva
3323 2128 3408 2172 tua
3447 2133 3587 2172 esse.

2009 2211 2133 2266 Ideo
2157 2211 2312 2266 Jesus
2339 2211 2481 2265 Nave
2505 2210 2630 2264 dicit
2653 2229 2666 2263 :
2694 2209 2803 2264 Stet
2828 2210 2906 2263 sol
2924 2219 3097 2263 contra
3120 2208 3327 2263 Gabaon
3354 2250 3368 2273 ,
3397 2218 3444 2261 et
3471 2211 3592 2262 luna

2006 2313 2183 2356 contra
2213 2303 2391 2357 vallem
2421 2301 2584 2356 ZElon
2607 2300 2740 2372 (Jos.
2770 2300 2857 2356 10.
2887 2301 2994 2369 12).
3029 2300 3095 2354 Et
3122 2301 3309 2354 iterum
3335 2298 3589 2369 propheta

2008 2393 2170 2447 Isaias
2204 2396 2377 2462 ipsum
2406 2393 2457 2445 in
2488 2391 2810 2446 contrarium
2839 2390 3131 2460 retrogredi
3166 2390 3286 2444 fecit
3311 2389 3411 2444 sub
3450 2389 3590 2443 Eze-

2007 2486 2128 2539 chia
2149 2500 2276 2555 rege
2301 2482 2448 2555 (Isai.
2484 2484 2571 2537 58.
2596 2482 2673 2553 8),
2705 2491 2759 2535 et
2794 2481 2966 2535 Moses
2993 2495 3203 2549 quoque
3233 2479 3344 2534 acri
3375 2487 3431 2533 et
3458 2478 3588 2533 mari

2008 2585 2061 2629 ct
2092 2584 2247 2629 terra:
2294 2583 2349 2628 ct
2381 2573 2543 2641 petris
2584 2572 2860 2640 imperavit
2886 2587 2899 2623 :
2930 2570 3152 2623 Elisaaus
3195 2584 3452 2638 aquarum
3497 2583 3590 2621 na-

2010 2676 2179 2720 turam
2202 2665 2423 2719 mutavit
2445 2664 2520 2733 (4.
2547 2663 2674 2733 Reg.
2706 2662 2783 2730 5),
2814 2670 2920 2714 tres
2949 2659 3098 2730 pueri
3128 2658 3302 2728 ignem
3330 2658 3587 2713 vicerunt.

2005 2759 2168 2814 Vides
2205 2758 2470 2829 quomodo
2514 2760 2802 2823 utrumque
2837 2753 2989 2808 nobis
3032 2753 3172 2807 Deus
3203 2751 3453 2821 providit,
3499 2767 3591 2819 per

2007 2853 2392 2907 elementorum
2414 2848 2626 2919 quidem
2658 2845 3103 2917 pulchritudinem
3136 2859 3234 2899 nos
3262 2845 3312 2898 in
3336 2845 3588 2899 divinita-

2008 2941 2074 2997 tis
2102 2957 2211 2995 suae
2245 2941 2598 3010 cognitionem
2628 2937 2904 2998 inducens.
2941 2952 3037 3005 per
3076 2936 3435 2990 inﬁrmitatem
3465 2950 3590 2989 vero

2008 3048 2111 3086 non
2128 3034 2441 3101 permittens
2467 3031 2517 3083 in
2549 3030 2759 3083 illorum
2784 3028 2975 3081 cadere
2999 3025 3406 3080 adorationcm?

2026 3119 2031 3123 ’
2077 3124 2128 3179 6.
2173 3123 2386 3178 Moralis
2414 3123 2692 3177 exhortatio
2727 3119 2796 3173 ad
2823 3120 3115 3189 juramenta
3140 3117 3363 3171 vitanda.
3389 3148 3459 3158 —
3484 3116 3588 3173 Su-

2006 3231 2102 3285 per
2130 3214 2195 3269 iis
2222 3230 2349 3286 ergo
2374 3213 2619 3270 omnibus
2641 3210 2813 3282 ipsum
2843 3209 3012 3265 nostri
3038 3209 3442 3280 gubernatorem
3470 3208 3589 3279 glo-

2007 3305 2297 3372 riﬁcemus,
2322 3318 2420 3359 nec
2443 3320 2537 3374 per
2560 3301 2722 3358 verba
2743 3310 2968 3364 tantum,
2994 3299 3088 3355 sed
3107 3300 3267 3354 etiam
3288 3314 3384 3369 per
3402 3314 3585 3369 opera,

2006 3405 2060 3451 et
2088 3396 2552 3452 conversationem
2573 3393 2824 3463 optimam
2850 3390 3217 3456 exhibeamus,
3236 3399 3292 3445 et
3317 3390 3459 3445 circa
3484 3389 3589 3444 alia

2006 3495 2061 3541 et
2088 3487 2228 3541 circa
2267 3486 2639 3541 abstinentiam
2678 3499 2706 3536 a
2742 3481 3081 3553 juramentis.
3111 3481 3225 3535 Non
3254 3480 3397 3535 enim
3423 3494 3584 3534 omne

2006 3586 2281 3648 peccatum
2299 3577 2538 3630 eamdem
2568 3574 2732 3643 exigit
2754 3587 2986 3644 pmnam,
3018 3571 3113 3626 sed
3143 3580 3388 3626 correctu
3413 3569 3586 3625 facilia

2007 3669 2261 3737 majorem
2288 3667 2516 3722 ati'erunt
2542 3684 2556 3719 :
2591 3665 2731 3736 quod
2760 3665 2965 3719 scilicet
2993 3674 3047 3719 et
3073 3662 3323 3718 Salomon
3355 3663 3582 3717 innuens

2007 3759 2217 3813 diccbat
2238 3777 2251 3813 :
2272 3757 2390 3812 Non
2420 3758 2623 3819 mirum,
2647 3757 2689 3809 si
2709 3755 2821 3827 quis
2836 3754 3172 3825 deprehensus
3190 3753 3343 3825 fuerit
3372 3752 3587 3820 furens:

2010 3854 2209 3921 [uratur
2258 3850 2409 3912 enim,
2452 3858 2506 3902 ut
2548 3849 2771 3902 animant
2816 3864 2962 3901 suam
3000 3845 3207 3917 impleat
3249 3843 3586 3907 esurientem;

2007 3942 2207 3997 adulter
2240 3958 2355 3996 vero
2379 3950 2584 4012 propter
2608 3940 2835 4009 inopiam
2864 3938 3061 4003 mentis,
3098 3937 3426 4007 perditionem
3461 3934 3579 3987 ani-

2007 4049 2104 4088 ma:
2132 4049 2240 4087 sua:
2263 4033 2474 4101 acquirit
2504 4029 2852 4102 (Prov.6.'50.
2882 4028 2997 4100 '52).
3028 4026 3180 4095 Quod
3209 4034 3386 4081 autem
3426 4023 3585 4086 dicit,

2007 4124 2114 4178 tale
2140 4131 2223 4178 est
2251 4141 2263 4177 :
2292 4122 2469 4193 gravis
2509 4119 2724 4191 quidem
2760 4135 2848 4174 res
2874 4119 3030 4174 etiam
3064 4117 3166 4180 fur,
3214 4120 3311 4172 sed
3340 4130 3446 4170 non
3475 4123 3588 4170 tam

2007 4216 2201 4285 gravis,
2230 4229 2386 4284 quam
2412 4212 2617 4268 adulter
2646 4229 2658 4264 :
2688 4212 2775 4265 ille
2799 4210 2942 4264 enim
2970 4207 3069 4263 etsi
3103 4206 3344 4263 frivolam
3372 4220 3588 4260 causam

2010 4306 2187 4373 habet,
2226 4315 2403 4361 tamen
2442 4321 2509 4359 ex
2547 4302 2798 4374 pauperie
2840 4299 3207 4353 necessitatem
3255 4295 3587 4367 praetendere

2009 4411 2184 4471 potest
2209 4417 2220 4451 :
2246 4398 2333 4454 hic
2359 4412 2487 4452 vero
2514 4396 2650 4448 nulla
2682 4395 2852 4463 ipsum
2881 4399 3103 4462 cogente
3133 4389 3449 4444 necessitate
3474 4404 3585 4457 pra:

2009 4494 2271 4548 dementia
2296 4492 2407 4545 sola
2429 4490 2479 4543 in
2504 4487 2702 4558 peccati
2734 4485 3038 4554 voraginem
3060 4482 3279 4537 corruit.
3311 4481 3421 4534 lloc
3445 4489 3498 4534 et
3519 4478 3588 4533 de

2004 4585 2305 4655 jurantibus
2340 4583 2516 4637 dicere
2545 4581 2667 4635 licet
2690 4597 2703 4609 ·
2736 4593 2834 4632 nec
2878 4578 3021 4631 enim
3067 4576 3152 4629 isti
3190 4574 3355 4629 ullum
3390 4573 3589 4627 habent

2009 4690 2165 4745 quem
2190 4674 2509 4744 praemittam
2530 4680 2868 4740 praztextum,
2889 4667 2983 4723 sed
3003 4673 3365 4735 contemptum
3385 4664 3583 4718 solum.

2010 4768 2078 4822 Et
2106 4766 2227 4822 novi
2261 4764 2470 4836 quidem
2501 4778 2587 4818 me
2608 4777 2823 4833 gravem
2856 4774 2974 4816 esse
3002 4759 3170 4813 videri
3199 4766 3252 4811 et
3278 4770 3584 4820 onerosum,

2010 4869 2169 4929 atque
2206 4854 2582 4911 admonitionis
2603 4852 2824 4923 jngitate
2866 4850 3149 4905 molestum
3180 4862 3330 4911 esse;
3375 4858 3585 4899 verum-

2009 4959 2189 5005 tamen
2216 4963 2319 5002 non
2347 4946 2630 5011 desiuo,ut
2654 4945 2736 4999 vel
2765 4957 2937 4998 meam
2963 4939 3178 4995 reveriti
3208 4934 3585 5005 impudentiam

2009 5042 2250 5111 improba
2287 5040 2706 5110 juramentorum
2752 5032 3136 5090 consuetudine
3186 5029 3473 5084 absistatis.
3528 5027 3586 5083 Si

2009 5134 2150 5191 enim
2171 5131 2335 5202 judex
2375 5131 2462 5186 ille
2490 5129 2707 5185 immitis
2733 5137 2785 5181 ct
2811 5140 3003 5189 Stevus,
3039 5122 3209 5176 viduae
3252 5121 3586 5175 vexationem

2009 5225 2231 5289 veritus,
2260 5239 2437 5280 mores
2476 5222 2698 5277 mutavit
2724 5220 2871 5291 (Luc.
2903 5220 2988 5273 18.
3017 5219 3071 5272 2.
3098 5214 3208 5288 sqq)
3233 5232 3247 5267 :
3280 5213 3446 5268 multo
3469 5226 3587 5266 ma-

2009 5316 2203 5387 gishoc
2229 5329 2323 5369 vos
2352 5314 2578 5379 faciatis,
2609 5320 2663 5366 ct
2688 5312 2916 5366 maxime
2942 5325 3063 5364 cum
3105 5307 3407 5377 supplicans
3435 5303 3589 5358 vobis

2012 5423 2117 5462 non
2154 5423 2247 5477 pro
2277 5421 2363 5461 me
2390 5407 2526 5475 ipso,
2566 5403 2657 5459 scd
2686 5419 2782 5473 pro
2819 5403 2989 5456 salute
3027 5411 3199 5455 vestra
3227 5400 3327 5454 hoc
3353 5399 3540 5452 faciam
3570 5414 3585 5450 :

2011 5500 2119 5554 imo
2163 5513 2287 5552 vero
2316 5507 2368 5553 et
2411 5511 2508 5565 pro
2555 5497 2658 5551 mei
2702 5496 2866 5565 ipsius
2908 5493 3079 5549 salute
3123 5492 3225 5547 hoc
3266 5491 3443 5547 facere
3481 5505 3588 5544 non

2012 5589 2312 5660 negaverim
2347 5606 2359 5641 :
2392 5595 2569 5643 vestra
2600 5587 2741 5641 enim
2772 5586 2908 5640 bona
2941 5596 3066 5656 puto
3091 5599 3211 5639 mea
3230 5598 3348 5639 esse
3374 5578 3587 5635 merita.

1960 5740 1965 5743 ,
2015 5680 2218 5735 Vellem
2246 5689 2447 5750 autem,
2488 5685 2633 5745 sicut
2662 5694 2761 5752 ego
2788 5693 2930 5735 nunc
2956 5677 3138 5733 laboro
3178 5683 3233 5731 et
3276 5674 3465 5744 fatigor
3491 5687 3590 5742 pro
