4070 6208
242 303 347 359 H9

236 416 387 473 οὕτω
405 417 501 472 καὶ
525 417 671 489 ὑμᾶς
697 414 1004 489 φροντίζειν
1025 417 1127 488 τῆς
1149 418 1423 492 ὑμετέρας
1444 419 1647 492 ψυχῆς,
1673 422 1768 476 καὶ
1790 425 1926 476 πάν-

239 521 352 569 τως
390 504 459 558 ἀν
482 505 635 568 τέλος
662 504 821 559 ἔλαϐε
847 505 999 559 τουτὶ¹
1025 505 1089 559 τὸ
1110 507 1463 578 κατόρθωμα.
1499 509 1609 561 Καὶ
1635 509 1689 561 τί
1716 508 1821 580 χρὴ
1855 508 1926 563 τά

240 591 418 646 πολλά
445 592 659 662 λέγειν;
696 596 744 647 εί
770 595 878 665 γὰρ
911 594 1045 663 μηδὲ
1074 595 1265 663 γέεννα
1279 591 1347 664 ἦν
1368 596 1503 665 μηδὲ
1531 596 1751 661 κόλασις
1781 614 1925 668 παρ-

242 680 523 742 ακούουσι,
566 682 700 753 μηδὲ
759 681 949 753 μισθὸς
986 682 1374 746 ὑπακούουσιν,
1404 682 1593 753 ἐγὼδέ
1616 684 1926 755 προσελθὼν

244 769 376 839 ὐμῖν
399 768 561 823 τοῦτο
585 772 644 824 ὲν
671 771 894 841 χάριτος
920 770 1100 842 ᾔτησα
1136 770 1311 842 μέρει,
1345 766 1455 844 ἆρα
1480 771 1581 824 οὐκ
1618 770 1685 826 ἂν
1708 772 1929 826 ἐπενεύ-

243 873 414 923 σατες
458 858 561 911 οὐκ
607 857 675 912 ἂν
720 857 957 911 ἐδώκατε
990 858 1090 929 τὴν
1122 858 1358 929 αἴτησιν,
1398 857 1607 929 κούφην
1644 859 1815 923 οὕτως
1843 861 1928 912 αἱ·

243 944 431 999 τοῦντι
472 945 664 1017 χάριν;
689 946 857 999 Ὅταν
900 944 957 997 δέ
1003 946 1031 998 6
1074 944 1208 1009 Θεὸς
1237 944 1406 1016 αὐτὴν
1432 945 1599 998 αίτῶν
1680 946 1750 1000 δι’
1784 946 1927 1015 ὑμᾶς

243 1032 376 1096 τούς
404 1032 668 1098 διδόντας,
699 1033 761 1085 οὐ
793 1031 860 1084 δι’
890 1031 1083 1085 ἑαυτὸν
1110 1031 1203 1085 τὸν
1230 1030 1597 1102 λαμϐάνοντα,
1627 1032 1710 1095 τίς
1755 1031 1929 1095 οὕτως

168 1184 173 1193 ι
245 1118 547 1192 ἀγνώμων,
572 1120 657 1184 τίς
702 1120 875 1184 οὕτως
912 1119 1098 1183 ἄθλιος
1145 1119 1241 1172 καὶ
1282 1118 1649 1190 ταλαίπωρος,
1677 1118 1759 1183 ὡς
1809 1118 1928 1190 Θεῷ

1270 304 1363 360 λυ
1397 304 1730 363 POPULUM
1759 306 2259 367 ANTIOCIIENUM
2299 307 2534 366 HOMXL.
2572 310 2662 365 XI.

2026 422 2186 494 χάριν
2208 422 2451 478 ἀίτοῦντι
2486 422 2563 495 μὴ
2600 422 2804 488 δοῦναι,
2832 423 2926 476 καὶ
2961 422 3193 494 μάλιστα
3222 424 3350 480 ὅταν
3377 423 3535 489 αὐτὸς
3561 425 3698 481 61:0-

2029 509 2214 563 λαύειν
2244 510 2414 583 μέλλῃ
2444 511 2545 581 τῆς
2574 510 2799 581 χάριτος
2820 511 2848 562 6
2873 509 3080 575 διδούς;
3110 511 3272 565 Ταῦτ’
3292 507 3384 566 οὖν
3414 515 3698 582 ἐννοήσαν-

2030 613 2142 661 τες,
2175 597 2271 651 καὶ
2300 598 2436 669 πρὸς
2467 599 2693 660 ἐαυτούς
2725 598 3175 668 ἀναχωρήσαντες
3199 598 3466 664 ἐντεῦθεν,
3510 600 3697 670 λέγετε

2031 685 2102 738 16
2134 684 2402 757 εἰρημένα
2451 685 2684 750 ἅπαντα,
2713 686 2808 739 καὶ
2848 686 2976 748 τούς
3022 684 3096 756 μὴ
3144 687 3505 757 προσέχοντας
3532 688 3699 742 παντὶ

2032 772 2308 844 διορθοῦτε
2358 773 2566 845 τρόπῳ,
2600 773 2688 827 ἵνα
2731 773 2827 825 καὶ
2867 772 2974 827 τῶν
3006 772 3220 826 οἰκείων
3258 775 3351 827 καὶ
3396 777 3503 829 τῶν
3544 775 3700 830 ἀλλο-

2031 858 2198 928 τρίων
2232 860 2675 931 κατορθωμάτων
2701 861 2800 931 τὴν
2826 860 3059 932 ἀμοιϐὴν
3102 861 3484 933 ἀπολάϐωμεν,
3515 862 3698 934 χάριτι

2033 947 2128 1000 καὶ
2153 946 2537 1020 φιλανθρωπίᾳ
2567 947 2662 1001 τοῦ
2701 948 2909 1019 Κυρίου
2943 948 3099 1019 ἡμῶν
3136 948 3310 1019 Ἰησοῦ
3342 948 3599 1020 Χριστοῦ,
3631 951 3699 1004 δι’

2034 1026 2094 1087 οὗ
2122 1034 2217 1087 καὶ
2248 1035 2365 1107 μεθ’
2392 1029 2452 1089 οὗ
2476 1035 2553 1105 τῷ
2583 1036 2758 1107 Πατρὶ
2783 1036 2817 1107 ἡ
2842 1036 2967 1103 δόξα
2991 1037 3106 1106 ἀμα
3138 1035 3217 1107 τῷ
3243 1035 3382 1108 ἁγίῳ
3400 1036 3699 1109 Πνεύματι,

2036 1122 2116 1183 είς
2144 1122 2271 1185 τοὺς
2299 1121 2503 1186 αίῶνας
2533 1121 2642 1176 τῶν
2676 1121 2909 1180 αἰώνων.
2928 1125 3119 1194 Ἀμὴν.

241 1475 616 1549 Εὐχαριστία
646 1472 797 1543 πρὸς
824 1471 932 1526 τὸν
957 1469 1108 1525 Θεὸν
1135 1467 1270 1538 περὶ
1302 1467 1414 1537 τῆς
1461 1460 1821 1534 ἀπαλλαγῆς
1843 1460 1965 1515 τῶν
1998 1461 2067 1515 ἐκ
2103 1461 2219 1532 τῆς
2240 1463 2517 1532 στάσεως
2548 1466 3084 1536 προσδοκηθέντων
3111 1470 3330 1538 κακῶν,
3394 1474 3493 1529 καί.
3558 1474 3702 1529 ἀνά-

314 1586 552 1641 μνησις
575 1567 695 1621 τῶν
725 1567 859 1620 τότε
889 1562 1280 1634 συμϐάντων·
1320 1559 1406 1614 ἔτι
1440 1558 1509 1611 δὲ
1528 1556 1627 1611 καὶ
1656 1555 1806 1609 κατὰ
1839 1551 1960 1607 τῶν
1976 1553 2047 1608 τὸ
2082 1553 2255 1623 σῶμα
2296 1554 2466 1624 ἡμῶν
2513 1557 2981 1628 διαϐαλλόντων,
3012 1563 3113 1617 καὶ
3139 1563 3213 1619 δι’
3246 1564 3393 1621 ὅλου
3426 1565 3556 1635 περὶ
3593 1564 3705 1637 τῆς

319 1665 433 1721 τοῦ
463 1660 780 1731 ἀνθρώπου
811 1653 1225 1723 κατασκευῆςο
1261 1651 1363 1706 καὶ
1393 1649 1545 1719 πρὸς
1575 1647 1657 1715 τῷ
1681 1647 1840 1701 τέλει
1859 1645 1995 1716 περὶ
2022 1644 2130 1699 τοῦ
2167 1646 2539 1716 κατορθῶσαι
2565 1649 2628 1704 τὸ
2651 1650 2737 1720 μὴ
2776 1653 3039 1723 ὀμνύειν,

924 1954 1163 2026 Ὀμιλία
1188 1950 1283 2008 ια’.

318 2132 395 2182 α’.
415 2119 663 2178 Ἐπειδὰν
677 2116 918 2188 ἐννοήσω
937 2113 1030 2167 τὸν
1063 2108 1403 2181 παρελθόντα
1423 2102 1669 2177 χειμῶνα
1701 2100 1796 2157 καὶ
1836 2100 1934 2170 τὴν

250 2213 539 2287 παροῦσαν
554 2207 817 2277 γαλήνην,
835 2204 897 2257 οὐ
915 2200 1161 2269 παύομαι
1174 2197 1368 2265 λέγων·
1388 2190 1693 2262 Εὐλογητὸς
1710 2191 1739 2243 6
1759 2188 1894 2287 Θεὸς
1907 2189 1936 2240 6

249 2275 430 2357 ποίῶν
456 2275 660 2356 πάντα,
685 2275 787 2346 καὶ
823 2286 1244 2362 μετασκευάζων
1280 2282 1436 2336 αὐτά·
1481 2283 1510 2334 6
1547 2280 1779 2350 ποιήσας
1820 2275 1934 2343 φῶς

252 2394 321 2445 ἐκ
353 2388 599 2448 σκότους,
640 2384 671 2436 6
707 2380 959 2448 κατάγων
1004 2378 1083 2439 είς
1122 2372 1297 2435 πύλας
1339 2369 1466 2442 ᾅδου
1504 2368 1598 2422 καὶ
1634 2366 1873 2432 ἀνάγων,
1908 2366 1937 2417 6

253 2473 532 2529 παιδεύων
567 2471 663 2524 καὶ
704 2468 778 2538 μὴ
818 2463 1084 2527 θανατῶν,
1119 2460 1213 2515 καὶ
1247 2457 1404 2511 τοῦτο
1441 2456 1536 2509 καὶ
1573 2456 1717 2524 ὑμᾶς
1759 2449 1937 2518 λέγειν

255 2563 525 2634 βούλομαι
558 2554 851 2628 διηνεκῶς,
891 2553 987 2607 καὶ
1024 2550 1099 2621 μὴ
1128 2545 1530 2617 διαλιμπάνειν·
1562 2545 1609 2595 εἰ
1639 2541 1747 2612 γὰρ
1778 2540 1938 2604 αὐτὸς

252 2629 372 2712 τοῖς
393 2629 580 2719 ἔργοις
599 2645 747 2715 ἡμᾶς
768 2639 1129 2712 εὐηργέτησε,
1156 2636 1301 2698 τίνος
1328 2633 1393 2687 ἂν
1420 2632 1609 2702 εἴημεν
1638 2629 1777 2693 ἄξιοι
1806 2644 1936 2695 συγ-

256 2716 488 2810 γνώμης
515 2735 697 2804 ἡμεῖς.
731 2729 865 2801 μηδὲ
897 2727 1077 2795 λόγοις
1105 2723 1265 2777 αὐτὸν
1292 2720 1644 2790 ἀμειϐόμενοι
1668 2734 1683 2783 ;
1719 2716 1808 2769 Διὸ
1837 2734 1941 2769 πα-

260 2802 490 2900 ρακαλῶ
538 2802 806 2894 μηδέποτε
846 2814 1225 2886 διαλιμπάνειν
1274 2808 1725 2880 εὐχαριστοῦντας
1768 2802 1936 2874 αὐτῷ·

258 2893 329 2970 ἀν
359 2913 475 2983 γὰρ
499 2910 631 2981 περὶ
659 2908 726 2961 τά
760 2904 951 2977 πρῶτα
993 2900 1280 2972 γενώμεθα
1321 2896 1680 2967 εὐγνώμονες,
1722 2893 1941 2963 εὐόηλον

260 3003 345 3056 ὃτι
372 2980 469 3053 καλ
492 2999 691 3069 ἐτέρων
720 2993 980 3065 μειζόνων
1013 2988 1414 3058 ἀπολαύσομεν.
1459 2984 1720 3053 Λέγωμεν
1762 2980 1941 3039 τοίνυν

260 3087 552 3160 διηνεκῶς
587 3067 887 3153 Εὐλογητὸς
908 3078 1103 3141 όΘεὸς,
1125 3080 1153 3131 6
1168 3077 1262 3130 καὶ
1295 3076 1426 3144 ἡμῖν
1446 3073 1570 3133 δούς
1600 3069 1735 3140 μετά
1760 3067 1939 3130 ἁδείας

260 3181 365 3248 τὴν
427 3176 683 3229 εἰωθυῖαν
751 3171 879 3240 ὐμῖν
923 3165 1248 3239 παραθεῖναι
1293 3161 1569 3232 τράπεζαν
1596 3197 1611 3221 ,
1661 3157 1757 3210 καλ⁸
1810 3157 1937 3224 ύμῖν

266 3242 574 3339 παρασχὼν
589 3260 726 3331 μετὰ
753 3256 847 3311 τοῦ
865 3256 1087 3327 θαρρεῖν
1115 3252 1221 3305 τῶν
1248 3253 1281 3321 ἡ
1293 3250 1418 3320 μετέ
1426 3267 1532 3319 ρων
1548 3244 1849 3317 ἀκροᾶσθαι
1862 3242 1943 3295 λό-

261 3331 400 3424 γων·
425 3331 716 3419 εὐλογητὸς
742 3349 770 3399 6
793 3344 945 3408 Θεὸς,
978 3343 1059 3396 ὅτι
1088 3338 1272 3393 οὐκέτι
1301 3339 1391 3391 τὸν
1420 3335 1621 3401 ἔξωθεν
1651 3331 1944 3402 φεύγοντες

265 3417 537 3501 κίνδυνον,
585 3417 734 3509 [HS]
775 3432 888 3487 ἀλλ’
927 3428 1243 3500 ἀκροάσεως
1286 3417 1949 3495 ὲπιθυμοῦντες,ὲνταῦθα

269 3508 660 3598 συντρέχομεν,
679 3520 865 3575 οὐκέτι
895 3517 1034 3589 μετά
1052 3515 1293 3585 ἀγωνίας
1319 3512 1413 3566 καὶ
1435 3510 1639 3598 τρόμου
1662 3508 1757 3560 καὶ
1787 3521 1952 3598 φρον-

268 3592 421 3677 τίδος.
453 3592 702 3681 ἀλλήλοις
742 3603 1132 3675 συγγινόμεθα,
1170 3600 1306 3654 ἀλλά
1354 3598 1491 3668 μετά
1528 3595 1708 3658 ἀδείας
1754 3592 1953 3681 πολλῆς

269 3701 422 3755 ἅπαν
447 3677 905 3766 ἀποτιναξάμενοι
926 3693 989 3746 τὸ
1011 3692 1146 3754 δέος’
1177 3689 1250 3752 ὡς
1281 3687 1380 3751 τάς
1405 3703 1471 3755 γε
1496 3682 1806 3756 ἔμπροσθεν
1827 3677 1966 3750 ἡμέο

277 3805 377 3860 ρας
398 3786 514 3851 τῶν
537 3781 1010 3854 κλυδωνιζομένων
1034 3782 1093 3834 ἐν
1127 3779 1277 3851 μέσῳ
1305 3775 1549 3844 πελάγει,
1577 3772 1671 3825 καὶ
1702 3768 1958 3860 ναυάγιον

273 3857 398 3931 καθ’
434 3874 673 3945 ἑκάστην
716 3868 1141 3943 προσδοκώντων
1185 3865 1284 3937 τὴν
1330 3864 1502 3935 ῶραν,
1547 3859 1701 3913 οὐδὲν
1738 3857 1959 3926 ἄμεινον

275 3962 616 4034 διεκείμεθα,
652 3960 872 4033 μυρίαις
897 3957 962 4010 δι’
984 3956 1114 4025 ὅλης
1145 3953 1359 4026 ἡμέρας
1385 3949 1700 4020 σοϐούμενοι
1728 3945 1959 4034 φήμαις,

274 4033 674 4124 ταραττόμενοι
695 4049 790 4103 καὶ
809 4045 1117 4117 δονούμενοι
1141 4041 1428 4105 πάντοθεν,
1455 4041 1551 4093 καὶ
1578 4034 1701 4124 καθ’
1725 4033 1961 4124 ἑκάστην

277 4117 499 4214 ἡμέραν
527 4117 1027 4211 ’περιεργαζόμενοι
1074 4133 1170 4187 καὶ
1222 4122 1828 4214 πολυπραγμονοῦντες,
1879 4117 1964 4214 τίς

278 4206 512 4298 ἀφῖκται
540 4206 726 4281 ἐκτοῦ
759 4222 1152 4296 στρατοπέδου;
1177 4218 1229 4273 τί
1254 4220 1312 4273 δὲ
1332 4217 1500 4271 ἐλθὼν
1521 4209 1845 4298 ἀπήγγειλε.
1871 4206 1965 4259 καὶ

279 4296 518 4388 πότερον
567 4313 766 4384 ἀληθὲς
808 4311 842 4383 ἢ
882 4309 1073 4382 ψευδὲς
1119 4308 1181 4361 τὸ
1237 4305 1556 4377 λεγόμενον;
1617 4302 1713 4354 καὶ
1765 4296 1966 4388 νύκτας

281 4385 529 4467 ἀΰπνους
564 4399 954 4462 διατελοῦντες,
994 4396 1091 4451 καὶ
1133 4395 1232 4466 τὴν
1274 4393 1429 4447 πόλιν
1468 4390 1701 4462 ὁρῶντες
1740 4385 1835 4439 καὶ
1873 4386 1966 4437 δα-

281 4492 546 4563 κρύοντες
562 4490 639 4553 ὡς
653 4487 849 4542 αὐτίκα
868 4484 1266 4554 ἀπολουμένην.
1285 4482 1383 4535 Διά
1398 4479 1553 4535 τοῦτο
1577 4478 1671 4531 καὶ
1685 4478 1717 4545 ἡ
1729 4477 1843 4563 μείς
1858 4472 1958 4535 τάς

278 4560 601 4650 ἔμπροσθεν
618 4574 817 4638 ταύτας
830 4576 1164 4643 ἐσιγὴσαμεν
1187 4571 1421 4642 ἡμέρας,
1435 4568 1523 4621 διὰ
1544 4566 1604 4620 τὸ
1626 4560 1958 4619 κεκενῶσθαι

276 4667 388 4737 τὴν
422 4664 580 4719 πόλιν
624 4662 779 4734 ἡμῶν
830 4662 1070 4720 ἃπασαν,
1112 4659 1209 4713 καὶ
1249 4656 1386 4729 πρὸς
1429 4655 1528 4718 τὰς
1570 4656 1667 4723 ἐρῃ
1677 4652 1803 4723 μίας
1836 4665 1962 4719 μετ-

280 4754 524 4823 ῳκίσθαι
554 4763 578 4792 ο
616 4750 844 4813 πάντας,
872 4751 965 4802 καὶ
990 4748 1078 4801 διὰ
1108 4747 1170 4800 τὸ
1188 4747 1313 4809 τούς
1350 4740 1770 4809 ὑπολειφθέντας
1808 4738 1963 4789 ἐσκο-

280 4839 499 4893 τῶσθαι
523 4837 603 4902 τῷ
628 4837 779 4908 νέφει
808 4837 907 4907 τῆς
936 4834 1191 4906 ἀθυμίας.
1224 4832 1383 4904 Ψυχὴ
1416 4831 1524 4900 γάρ
1554 4826 1701 4892 ἅπαξ
1728 4825 1965 4894 ἀθυμίας

283 4925 628 4997 πλησθεῐσα,
674 4924 808 4996 πρὸς
852 4925 1031 4977 πᾶσαν
1075 4919 1338 4993 ἁκρόασίν
1383 4921 1530 4972 ἐστιν
1573 4914 1963 4983 ἀνεπιτήδειος.

284 5015 397 5070 Διά
420 5012 581 5067 τοῦτο
604 5013 700 5066 καὶ
727 5012 778 5065 οί
796 5010 891 5064 τοῦ
919 5008 1037 5064 ἰὼϐ
1067 5009 1208 5078 φίλοι
1240 5004 1708 5078 παραγενόμενοι.
1743 5001 1836 5055 καὶ⁵
1866 5000 1966 5069 τὴν

284 5098 605 5174 τραγῳδίαν
638 5100 736 5171 τῆς
777 5098 956 5160 οίκίας
990 5096 1206 5166 ἐκείνης
1252 5094 1470 5157 ἰδόντες,
1506 5092 1600 5145 καὶ
1637 5090 1728 5143 τὸν
1764 5089 1968 5141 δίκαιον

286 5189 395 5244 ἐπὶ
419 5189 519 5260 τῆς
546 5187 779 5258 κοπρίας
818 5184 1123 5256 καθήμενον
1169 5183 1262 5236 καὶ
1297 5178 1634 5252 ἡλκωμένον,
1682 5174 1969 5247 διέρρηξάν

286 5294 358 5333 τε
396 5275 470 5330 τά
516 5275 708 5346 ἱμάτια
738 5273 953 5336 αὐτῶν,
992 5272 1086 5326 καὶ
1137 5268 1464 5341 ἀνῴμωξαν,
1506 5268 1601 5321 καὶ
1647 5267 1771 5335 σιγῇ
1826 5280 1969 5334 παρ-

289 5362 889 5434 εκάθηντο,δηλοῦντες
909 5360 991 5413 ὅτι
1023 5358 1174 5411 οὐδὲν
1194 5356 1365 5420 οὕτως
1380 5355 1682 5425 ἐπιτήδειον
1705 5353 1856 5424 παρά
1871 5352 1971 5423 τὴν

292 5452 481 5526 ἀρχὴν
510 5453 621 5514 τοῖς
652 5448 1011 5519 ὀδυνωμένοις
1042 5446 1116 5509 ὡς
1143 5445 1339 5517 ἡσυχία
1358 5446 1453 5499 καὶ
1473 5445 1622 5514 σιγὴ’
1654 5443 1748 5498 καὶ⁸
1772 5440 1881 5512 γὰρ
1903 5436 1973 5511 ἦν

299 5540 495 5614 μεῖζον
526 5536 877 5611 παραμυθίας
904 5534 964 5589 τὸ
991 5532 1182 5597 πάθος.
1216 5532 1314 5587 Διά
1347 5532 1506 5586 τοῦτο
1536 5531 1628 5585 καὶ
1658 5531 1710 5584 οί
1732 5531 1973 5585 Ἰουδαῖοι

369 5771 396 5799 ⁸
421 5768 505 5819 Sic
528 5766 897 5817 rescribendum
923 5765 1030 5826 fuit,
1055 5773 1108 5815 ut
1132 5765 1456 5826 grammatica
1483 5766 1538 5811 et
1555 5761 1723 5826 sengui
1748 5761 1977 5826 gonsula-

303 5837 407 5881 tur.
436 5831 608 5894 Morel.
630 5834 685 5876 et
708 5822 1634 5894 Moq}f.pz1cpic;10€az._.§li_i.Mel-9.1.03
1651 5822 1800 5894 ngil.
1816 5839 1976 5894 μετοι-

303 5896 522 5949 ιωθῆναι
552 5893 774 5945 ἅπαντας.
798 5886 903 5941 Ibid
944 5886 1092 5942 Silvii.
1116 5896 1169 5937 οι
1191 5889 1274 5938 alii
1302 5888 1657 5944 ἀπολειφθέντας
1681 5886 1974 5935 ἐσκοτῶσθαι

2031 1941 2110 2013 τῷ
2152 1945 2307 2018 πηλῷ
2332 1948 2425 2002 καὶ
2451 1952 2514 2021 τῇ
2546 1949 2795 2023 πλινθείᾳ
2837 1951 3270 2025 προσδεδεμένοι,
3297 1953 3502 2009 Μωσέα
3530 1972 3707 2029 παρα·

2032 2032 2322 2102 γενόμενον
2357 2034 2577 2103 ἰδόντες,
2620 2039 2724 2093 οὐκ
2752 2040 3004 2095 ἐδύναντο
3046 2044 3160 2105 τοῖς
3197 2040 3513 2113 λεγομένοις
3541 2060 3711 2114 προσ-

2034 2118 2177 2188 έχειν
2205 2122 2314 2176 ἀπὸ
2337 2124 2437 2195 τῆς
2471 2125 2818 2197 όλιγοψυχίας
2853 2129 3069 2199 καὶτῆς
3109 2128 3340 2199 θλίψεως
3366 2130 3564 2183 αὐτῶν.
3600 2130 3710 2183 Καὶ

2033 2207 2085 2258 τί
2106 2207 2417 2280 θαυμαστὸν
2439 2214 2488 2265 εἰ
2512 2214 2835 2286 μικρόψυχοί
2856 2233 3001 2280 τινες
3014 2215 3291 2288 ἄνθρωποι
3313 2216 3469 2270 τοῦτο
3486 2216 3707 2277 ἔπαθον,

2034 2296 2169 2348 ὅπου
2205 2298 2301 2351 καὶ
2331 2301 2458 2364 τούς
2486 2301 2734 2373 μαθητὰς
2762 2303 3088 2374 εὑρίσκομεν
3114 2301 3288 2372 τούτῳ
3317 2302 3714 2373 περιπεσόντας

2034 2385 2113 2455 τῷ
2141 2385 2335 2451 πάθας
2367 2388 2523 2442 Μετά
2555 2390 2664 2461 γάρ
2686 2390 2748 2443 τὸ
2776 2392 3035 2461 μυστικὸν
3064 2393 3241 2443 ἐκεῖνο
3263 2390 3500 2454 δεῖπνον,
3525 2388 3712 2458 ἐπειδὴ

2035 2473 2215 2527 λαϐὼν
2245 2477 2442 2541 αὐτοὺς
2467 2480 2495 2531 6
2527 2479 2761 2549 Χριστὸς
2790 2481 2911 2531 κατ’
2940 2477 3076 2531 ίδίαν
3101 2477 3392 2545 διελέγετο,
3434 2475 3585 2546 παρά
3614 2474 3713 2544 μὲν

2036 2561 2135 2632 τὴν
2159 2564 2330 2635 ἀρχὴν
2356 2566 2595 2635 συνεχῶς
2630 2567 2790 2620 αὐτὸν
2819 2566 3044 2636 ⁴ἡρὼτων
3071 2566 3121 2618 οί
3155 2563 3413 2636 μαθηταίο
3465 2562 3574 2617 Ποῦ
3611 2564 3716 2616 ὐπ-

2038 2652 2190 2719 ἀγεις
2214 2672 2227 2711 ;
2250 2652 2437 2722 ἐπειδὴ
2459 2653 2516 2706 δὲ
2537 2649 2690 2706 εἶπεν
2722 2655 2904 2717 αὐτοῖς
2943 2654 3011 2706 τά
3047 2653 3240 2724 μικρὸν
3266 2652 3491 2722 ὓστερον
3518 2651 3717 2715 αὐτούς

2037 2740 2386 2810 διαδεξόμενα
2408 2743 2573 2803 κακά,
2596 2745 2723 2806 τοὺς
2748 2742 3036 2813 πολέμους,
3057 2740 3157 2804 τὰς
3180 2740 3593 2803 ἐπαναστάσεις.
3616 2738 3716 2803 τάς

2040 2828 2334 2898 ἀπεχθείας
2360 2832 2458 2893 τάς
2479 2831 2626 2900 παρὰ
2646 2831 2886 2893 πάντων,
2907 2830 3005 2893 τὰς
3032 2830 3320 2899 μάστιγας,
3344 2827 3413 2880 16
3430 2826 3716 2897 δεσμωτή-

2043 2931 2153 2985 ρια,
2190 2917 2259 2968 16
2287 2917 2634 2988 δικαστήρια,
2670 2918 2770 2980 τὰς
2801 2917 3122 2985 ἀπαγωγὰς,
3161 2916 3350 2986 ῶσπερ
3378 2915 3484 2967 τινὶ
3513 2913 3720 2984 φορτίῳ

2043 3002 2329 3073 βαρυτάτῳ
2347 3003 2424 3074 τῷ
2446 3004 2597 3075 φόϐῳ
2618 3004 2725 3058 τῶν
2747 3005 3050 3075 εἰρημένων
3075 3003 3171 3056 καὶ
3191 3005 3257 3072 τῇ
3289 3001 3397 3055 τῶν
3419 3000 3718 3072 μελλόντων

2044 3091 2251 3163 ἀθυμίᾳ
2289 3092 2580 3163 πιεζομένη
2628 3094 2749 3146 τότε
2793 3092 3032 3163 αὐτῶνὴ
3078 3093 3248 3161 ψυχὴ,
3292 3089 3500 3160 ἀχανὴς
3534 3087 3721 3141 λοιπὸν

2043 3178 2246 3249 ἔμεινε.
2276 3180 2367 3233 Διὸ
2402 3181 2769 3252 συγχυθέντας
2797 3181 2822 3219 b
2849 3180 3045 3241 αὐτοὺς
3081 3177 3204 3231 ἰδὼν
3231 3179 3260 3230 6
3289 3175 3525 3248 Χριστὸς
3545 3216 3559 3236 ,
3588 3173 3721 3228 αὐτὸ

2041 3269 2197 3322 τοῦτο
2218 3268 2492 3335 ὀνειδίζων
2537 3271 2711 3338 ἔλεγε*
2765 3270 3093 3337 Πορεύοιιαι
3136 3265 3288 3335 πρὸς
3339 3264 3447 3318 τὸν
3490 3262 3722 3338 Πατέρα

2040 3374 2180 3426 μου,
2208 3359 2303 3411 καὶ
2333 3358 2534 3423 οὐδεὶς
2552 3358 2620 3422 ἐξ
2641 3336 2810 3426 ὐμῶν
2829 3336 3011 3423 ἐρωτᾷ
3024 3370 3121 3425 με’
3139 3354 3263 3408 Ποῦ
3278 3351 3527 3421 ὑπάγεις
3545 3366 3563 3414 ;
3581 3336 3721 3404 ἀλλ’

2049 3445 2137 3497 ὅτι
2162 3447 2343 3500 ταῦτα
2366 3448 2680 3513 λελάληκα
2700 3447 2860 3516 ὑμῖν,
2890 3445 2929 3513 ἠ
2956 3446 3119 3511 λύπη
3142 3441 3536 3507 πεπλήρωκεν
3556 3435 3725 3506 ὑμῶν

2048 3532 2165 3599 τὴν
2195 3533 2464 3601 καρδίαν.
2497 3535 2594 3587 Διά
2608 3535 2765 3588 τοῦτο
2785 3535 2879 3586 καὶ
2907 3534 3067 3603 ἡμεῖς
3090 3533 3426 3598 ἐσιγὴσαμεν
3456 3525 3549 3579 τὸν
3589 3540 3727 3593 παρ-

2052 3619 2273 3673 ελθόντα
2317 3621 2526 3691 χρόνον,
2571 3621 2663 3674 τὸν
2698 3621 2943 3692 παρόντα
2983 3617 3174 3688 καιρὸν
3237 3614 3618 3685 ἀναμένοντες.
3660 3612 3723 3665 Et

2053 3708 2162 3780 γὰρ
2182 3712 2210 3762 6
2232 3707 2438 3779 μέλλων
2458 3707 2662 3761 δεῖσθαί
2680 3724 2845 3770 τινος,
2867 3707 2970 3762 κᾶν
2990 3703 3187 3771 εὐλογα
3210 3701 3378 3773 μέλλῃ
3398 3699 3724 3771 προτείνειν,

2055 3796 2467 3868 ἐπιτηδειότητα
2489 3795 2748 3865 ἀναμένει
2771 3792 2985 3865 καιροῦ,
3017 3793 3163 3854 ὅπως
3192 3789 3385 3861 ἡμέρῳ
3410 3787 3504 3842 καὶ
3530 3781 3591 3840 εὐ
3613 3785 3728 3837 δια-

2058 3884 2296 3955 κειμένῳ
2327 3881 2406 3954 τῷ
2441 3883 2684 3953 μέλλοντι
2707 3881 2907 3935 διδόναι
2929 3881 3028 3951 τὴν
3061 3879 3276 3950 αίτησιν
3301 3872 3609 3947 προσέλθοι,
3632 3872 3727 3925 καὶ

2058 3972 2157 4042 τὴν
2184 3971 2293 4026 ἀπὸ
2314 3971 2409 4024 τοῦ
2444 3971 2639 4040 καιροῦ
2668 3969 2848 4036 λαϐὼν
2876 3967 3194 4039 συμμαχίαν
3230 3962 3475 4033 ἐπιτύχοι
3502 3961 3603 4030 τῆς
3631 3959 3731 4029 χά-

2064 4077 2228 4131 ριτος,
2264 4058 2443 4130 πολλῷ
2480 4058 2680 4131 μᾶλλον
2715 4058 2806 4111 τὸν
2842 4056 3064 4125 λέγοντα
3093 4052 3283 4124 καιρὸν
3310 4049 3610 4119 ἐπιτήδειον
3634 4048 3732 4117 ζη-

2060 4149 2172 4200 τεῖν
2211 4149 2335 4220 χρὴ,
2368 4149 2517 4211 ὅπως
2558 4141 2617 4200 εὖ
2649 4144 2973 4215 διακειμένῳ
3012 4142 3091 4213 τῷ
3128 4141 3369 4213 ἀκροατῇ
3410 4138 3505 4191 καὶ
3550 4136 3731 4205 πάσης

2062 4235 2468 4307 ἀπηλλαγμένῳ
2510 4234 2790 4306 φροντίδος
2831 4231 2927 4285 καὶ⁸
2975 4230 3213 4301 ἀθυμίας
3243 4226 3570 4299 προσαγάγῃ
3604 4222 3733 4284 τούς

2063 4321 2272 4391 λόγους·
2299 4324 2328 4376 δ
2353 4323 2417 4393 δὴ
2448 4322 2544 4376 καὶ
2570 4323 2729 4393 ἡμεῖς
2760 4320 3161 4388 πεποιήκαμεν.

2137 4430 2183 4503 Η
2203 4430 2288 4505 16]
2301 4432 2487 4503 β’.Νῦν
2508 4429 2637 4499 γοῦν
2659 4427 2845 4499 ἐπειδὴ
2860 4425 2953 4497 τὴν
2969 4422 3206 4494 ἀθυμίαν
3222 4412 3733 4483 ἀπετινάξασθε,καὶ

2063 4521 2173 4574 τῶν
2194 4536 2270 4591 πρ
2299 4521 2472 4592 τέρων
2508 4520 2651 4591 ὑμᾶς
2711 4516 3023 4585 ἀναμνῆσαι
3057 4508 3375 4582 βουλόμεθα,
3406 4507 3545 4560 ὥστε
3567 4503 3735 4573 σαφέ-

2065 4624 2256 4682 στερον
2276 4609 2403 4680 ὑμῖν
2420 4606 2668 4676 γενέσθαι
2691 4605 2782 4658 τὸν
2816 4603 2994 4670 λόγον·
3023 4600 3051 4653 ὃ
3077 4599 3188 4670 γὰρ
3220 4597 3347 4667 περὶ
3381 4595 3478 4665 τῆς
3505 4592 3735 4653 κτίσεως

2063 4679 2387 4768 είρὴκαμεν,
2410 4698 2492 4750 ὅτι
2520 4696 2642 4765 οὐχ).
2667 4692 2839 4764 καλὴν
2873 4692 3030 4763 μόνον
3064 4687 3159 4741 καὶ
3184 4684 3499 4768 θαυμαστὴν
3521 4679 3615 4768 καὶ
3637 4693 3735 4768 μεῗ

2064 4763 2237 4857 γάλην
2270 4763 2442 4856 αὐτὴν
2489 4763 2745 4852 εποίησεν
2858 4779 3025 4841 Θεὸς,
3071 4774 3208 4829 ἀλλά
3249 4770 3343 4826 καὶ
3396 4763 3735 4857 ἀσθενηῄκαὶ

2067 4851 2333 4944 φθαρτὴν,
2377 4851 2473 4926 καὶ
2514 4851 2719 4924 τούτων
2754 4866 2935 4922 αὐτῶν
2972 4864 3134 4918 πάλιν
3184 4857 3353 4913 πολλά
3402 4851 3736 4944 ἐγκατέθηκε

2065 4940 2362 5033 δείγματα,
2387 4960 2668 5031 ἀμφότερα
2697 4957 2834 5029 πρὸς
2860 4955 2921 5009 τὸ
2950 4955 3216 5025 χρήσιμον
3246 4948 3375 5033 ἡμῖν
3404 4940 3699 5033 οίκονομῶν
3717 4978 3733 5003 ,

2068 5027 2287 5105 καὶηδιά
2329 5027 2541 5121 μὲν-τοῦ
2574 5027 2804 5108 κάλλους
2838 5044 2918 5107 είς
2948 5042 3008 5095 τὸ
3034 5037 3218 5108 θαῦμα
3252 5032 3345 5087 τοῦ
3380 5027 3737 5121 πεποιηκότος

2069 5140 2299 5208 ἐνάγων,
2330 5116 2429 5193 *διὰ
2460 5137 2517 5190 δὲ
2552 5136 2654 5206 τῆς
2690 5131 2973 5193 ἀσθενείας
3004 5126 3099 5182 τοῦ
3144 5121 3396 5177 σέϐεσθαι
3426 5119 3525 5190 τὴν
3562 5116 3738 5208 κτίσιν

2071 5205 2217 5299 ἡμᾶς
2244 5227 2490 5295 ἀπάγωνο
2523 5205 2680 5279 τοῦτο
2710 5222 2806 5276 καὶ
2837 5220 2931 5272 ἐπὶ
2955 5214 3049 5269 τοῦ
3083 5212 3330 5284 σώματος
3353 5208 3446 5299 τοῦ
3469 5205 3738 5299 ἡμετέρου

2071 5291 2217 5369 ἐστιν
2247 5291 2382 5369 ἰδεῖν*
2398 5311 2784 5383 γεγενημένον.
2811 5305 2921 5360 Κιιλ⁸
2940 5304 3049 5375 γὰρ
3069 5302 3163 5356 καὶ
3192 5299 3321 5372 περὶ
3339 5295 3529 5351 τούτου
3555 5291 3741 5383 πολλοὶ

2073 5402 2295 5474 ζητοῦσι
2328 5382 2437 5455 τῶν
2474 5416 2534 5453 τε
2565 5382 2665 5470 τῆς
2703 5393 2963 5466 ἀληθείας
2991 5389 3199 5464 ἐχθρῶν
3233 5387 3341 5441 τῶν
3372 5401 3435 5474 τε
3476 5383 3574 5435 σύν
3607 5382 3743 5474 ἡμῖν

2072 5467 2437 5564 τεταγμένων,
2488 5467 2634 5551 τίνος
2695 5483 2880 5538 ἕνεκεν
2933 5478 3168 5552 φθαρτὸν
3213 5474 3308 5531 καὶ
3348 5472 3608 5544 ἐπίκηρον
3646 5467 3743 5536 γέ-

2074 5596 2251 5648 γονεν.

2078 5739 2149 5802 τῷ
2166 5739 2310 5801 νέφει.
2350 5732 2670 5799 (Saviliannm
2691 5732 2998 5795 ἐσκοτῶσθαι,
3019 5728 3247 5792 recipere
3279 5726 3436 5775 visum
3457 5716 3575 5781 est.)
3600 5709 3757 5770 Enn.

2142 5817 2172 5859 δ
2196 5818 2321 5869 Tres
2341 5828 2455 5866 mss.
2481 5816 2554 5867 διὸ
2578 5813 2907 5878 συσχεθέντας.
