4070 6208
328 230 420 285 I21

406 339 670 409 Ἐλλήνων
715 338 771 390 66
814 337 997 391 πολλοὶ
1038 339 1131 391 καὶ
1175 337 1462 409 αίρετικῶν
1508 338 1627 390 οὐδέ
1670 338 1990 408 γεγενῆσθαι

323 427 457 479 αὐτὸ
484 425 634 496 παρά
670 424 763 477 τοῦ
802 424 937 478 Θεοῦ
971 442 1154 493 φασιν·
1193 425 1411 488 ἀνάξιον
1448 425 1558 496 γάρ
1590 426 1722 478 αὐτὸ
1754 426 1852 495 τῆς
1893 424 1987 477 τοῦ

327 514 459 566 Θεοῦ
482 512 841 585 δημιουργίας
867 507 1005 565 εἶναι
1029 512 1268 579 λέγουσι,
1298 511 1501 583 ῥύπους
1522 512 1615 564 καλ⁸
1640 511 1868 582 ἱδρῶτας
1896 512 1991 564 καὶ

321 600 533 671 δάκρυα
564 601 659 654 καὶ
689 600 884 659 πόνους
931 600 1025 653 καὶ
1073 598 1446 670 ταλαιπωρίας
1484 600 1578 651 καί⁵
1618 598 1689 651 τά
1726 597 1861 652 ἄλλα
1897 598 1990 650 τοῦ

327 687 577 757 σώματος
592 687 836 751 ἐπιόντες
858 687 1091 740 ἅπαντα.
1124 685 1263 753 Ἐγὼ
1290 685 1368 749 δὲ,
1400 685 1614 740 ἐπειδάν
1641 685 1767 756 περί¹
1791 684 1991 739 τούτων

328 774 549 844 γένηται
570 774 746 842 λόγος,
774 772 986 845 πρῶτον
1012 772 1111 836 μὲν
1134 773 1307 824 ἐκεῖνο
1330 771 1396 824 ἀν
1425 770 1654 841 είποιμι·
1679 771 1770 840 Μή
1799 787 1886 840 μοι
1902 770 1991 824 τὸν

324 860 609 928 ἄνθρωπον
642 860 769 926 λέγε
796 859 983 913 τοῦτον
1005 859 1093 910 τὸν
1119 857 1621 928 προσκεκρουκότα,
1665 857 1758 909 τὸν
1786 857 1992 925 ἠτιμω-

330 947 507 1016 μένον,
532 948 621 1000 τὸν
650 946 1136 1009 καταδικασθέντα;
1157 944 1271 999 ἀλλ’
1301 947 1348 996 εἰ
1384 942 1561 1012 βούλει
1595 943 1786 1014 μαθεῖν
1812 945 1991 997 ὁποῖον

326 1034 385 1098 ἐξ
421 1035 594 1105 ἀρχῆς
623 1037 752 1104 ἡμῖν
786 1048 810 1074 ιι
839 1033 901 1086 τὸ
935 1032 1095 1102 σῶμα
1126 1032 1359 1085 ἔπλασεν
1388 1034 1416 1084 6
1444 1032 1596 1094 Θεὸς,
1632 1032 1723 1084 ἐπὶ
1748 1032 1840 1083 τὸν
1874 1047 1993 1082 πα-

330 1120 570 1191 ράδεισον
593 1120 853 1190 ἔλθωμεν,
875 1120 970 1172 καὶ
994 1119 1085 1172 τὸν
1112 1119 1169 1184 ἐξ
1193 1120 1367 1189 ἀρχῆς
1389 1119 1684 1189 γενόμενον
1711 1117 1992 1187 ἄνθρωπον

325 1209 545 1278 ἔδωμεν.
584 1207 658 1258 Οὐ
687 1205 797 1277 γὰρ
826 1206 966 1259 οῦτω
999 1204 1060 1258 τὸ
1089 1205 1250 1276 σῶμα
1278 1208 1452 1258 ἐκεῖνο
1482 1205 1716 1275 φθαρτὸν
1741 1205 1834 1257 καὶ
1869 1204 1990 1256 ἐπί-

324 1311 493 1365 κηρον
525 1289 613 1363 ἦν,
649 1292 763 1346 ἀλλ’
790 1292 979 1362 ὥσπερ
1015 1309 1097 1354 τις
1125 1291 1355 1363 χρυσοῦς
1398 1290 1619 1362 ἀνδριὰς
1655 1289 1762 1343 ἀπὸ
1791 1306 1993 1359 χωνευ-

324 1381 509 1451 τηρίου
549 1378 829 1450 προελθὼν
867 1378 993 1449 ἄρτι
1037 1379 1129 1431 καὶ
1172 1378 1421 1447 λαμπρὸν
1458 1376 1819 1439 ἀποστίλϐων,
1853 1375 1993 1428 οὓτω

324 1466 505 1537 πάσης
536 1465 738 1537 φθορᾶς
772 1465 946 1518 ἐκεῖνο
969 1464 1030 1516 τὸ
1065 1464 1223 1534 σῶμα
1255 1463 1589 1533 ἀπήλλακτο,
1620 1463 1715 1515 καὶ
1740 1461 1862 1516 οὐτε
1896 1463 1993 1516 πό·-

324 1569 413 1613 νος
424 1552 664 1622 ἠνώχλει,
687 1551 808 1604 οὔτε
836 1550 994 1621 ίδρῶς
1018 1551 1356 1620 ἐλυμαίνετο,
1387 1551 1445 1603 οὐ
1472 1550 1749 1620 φροντίδες
1774 1548 1995 1603 ἐπεϐού-

324 1637 499 1700 λευον,
529 1639 628 1691 οὐκ
660 1637 887 1707 ἀθυμίαι
920 1637 1290 1707 ἐπολιόρκουν,
1323 1637 1423 1689 οὐκ
1450 1635 1577 1688 ἄλλο
1609 1652 1662 1687 τι
1687 1634 1794 1688 τῶν
1817 1633 1991 1687 τοιού-

320 1739 430 1777 των
457 1724 642 1777 ἐλύπει
678 1723 884 1777 παθῶν·
921 1722 1109 1793 ἐπειδὴ
1139 1723 1197 1775 δέ
1233 1722 1523 1793 σωφρόνως
1552 1724 1653 1792 τὴν
1691 1720 1992 1792 εὐημερίαν

322 1812 423 1864 οὐκ
446 1811 706 1883 ήνεγκεν,
740 1810 856 1864 ἀλλ’
896 1809 1179 1879 ἐξύϐρισεν
1208 1812 1288 1872 εἰς
1312 1810 1402 1863 τὸν
1435 1808 1748 1879 εὐεργέτην,
1781 1806 1875 1859 καὶ
1901 1805 1992 1859 τὸν

317 1898 612 1952 ἀπατεῶνα
640 1897 868 1968 δαίμονα
911 1896 1006 1950 τοῦ
1046 1897 1342 1967 κηδεμόνος
1375 1896 1509 1949 Θεοῦ
1543 1896 1637 1949 καὶ
1666 1896 1993 1964 τιμήσαντος

318 1986 485 2040 αὐτὸν
510 1987 755 2057 ἐνόμισεν
786 1985 1219 2052 ἀξιοπιστότερον
1265 1979 1423 2049 εἶναι,
1470 1984 1563 2037 καὶ
1591 1982 1711 2046 θεὸς
1742 1980 1992 2051 γενέσθαι

318 2074 708 2144 προσεδόκησε,
743 2074 838 2127 καὶ
873 2072 1096 2143 μείζονα
1128 2073 1227 2142 τῆς
1251 2072 1460 2135 οἰκείας
1491 2071 1649 2135 ἀξίας
1681 2068 1872 2122 ἐλαϐεν
1904 2068 2007 2120 ἕνί

317 2176 490 2225 νοιαν,
520 2161 639 2212 τότε
670 2160 756 2230 δή,
788 2160 909 2213 τότε
941 2159 1035 2213 καὶ
1061 2158 1151 2212 διά
1174 2159 1283 2211 τῶν
1310 2157 1652 2228 πραγμάτων
1677 2155 1858 2209 αὐτῶν
1885 2171 1991 2207 σω-

317 2248 587 2317 φρονίζων
618 2246 780 2299 αὐτὸν
803 2249 831 2300 6
862 2245 1017 2310 Θεὸς,
1042 2245 1279 2316 φθαρτόν
1311 2262 1373 2298 τε
1399 2244 1621 2315 ἐποίησε
1645 2244 1737 2297 καὶ
1769 2241 1988 2311 θνητὸν,

321 2333 414 2385 καὶ
444 2337 561 2397 ταῖς
584 2333 804 2397 πολλαῖς
837 2332 1062 2395 ταύταις
1097 2331 1393 2402 κατέδησεν
1431 2332 1716 2400 ἀνάγκαις,
1752 2330 1870 2399 οὐχὶ
1903 2345 1993 2397 μι-

321 2420 449 2482 σῶν,
468 2420 586 2473 οὐδέ
615 2420 1108 2490 ἀποστρεφόμενος,
1132 2418 1267 2472 άλλά
1285 2419 1604 2490 κηδόμενος,
1637 2416 1734 2470 καὶ
1764 2415 1861 2486 τὴν
1890 2431 1991 2467 πο-

318 2510 488 2580 νηρὰν
527 2508 618 2560 καὶ
641 2506 884 2577 ὀλέθριον
916 2507 1132 2577 ἐκείνην
1159 2506 1416 2559 ἀπόνοιαν
1454 2508 1517 2558 ἐκ
1551 2503 1852 2575 προοιμίων
1882 2519 1991 2555 κω-

319 2595 480 2659 λύων,
514 2595 607 2647 καὶ
633 2594 943 2665 περαιτέρω
970 2593 1256 2663 προελθεῖν
1277 2593 1378 2644 οὐκ
1410 2592 1536 2655 ἐῶν,
1571 2591 1707 2645 ἀλλά
1732 2590 1798 2643 δι’
1826 2589 1993 2657 αὐτῆς

318 2682 427 2735 τῶν
456 2682 796 2753 πραγμάτων
824 2682 923 2751 τῆς
954 2680 1148 2750 πείρας
1173 2679 1437 2733 διδάσκων
1462 2679 1624 2732 αὐτὸν
1643 2718 1657 2741 ,
1687 2680 1769 2731 ὅτι
1799 2676 1993 2747 θνητός

319 2770 379 2822 τέ
403 2772 518 2823 ἐστι
557 2770 651 2822 καὶ
694 2768 982 2839 ἐπίκηρος,
1013 2769 1108 2821 καὶ
1143 2766 1315 2838 ταύτῃ
1353 2766 1552 2820 πείθων
1582 2766 1847 2837 μηδέποτε
1882 2782 1992 2817 τοι-

320 2857 459 2911 αῦτα
516 2854 880 2926 φαντάζεσθαι
920 2856 1015 2909 καὶ
1058 2854 1439 2926 ὀνειροπολεῖν⁹
1485 2854 1579 2908 καὶ
1622 2854 1728 2926 γάρ
1764 2849 1914 2905 εἶπεν
1964 2853 1993 2904 6

319 2944 581 3008 διάϐολος·
602 2947 861 2998 Ἔσεσθε
873 2943 953 3009 ὡς
963 2944 1104 2996 θεοί.
1120 2944 1166 2995 Π
1175 2943 1269 3014 ρόρ
1275 2942 1420 3013 ριζον
1435 2938 1526 2995 οὖν
1541 2941 1742 3013 ταύτην
1757 2940 1995 2994 ἀνασπά-

322 3048 412 3086 σαι
449 3032 766 3103 βουλόμενος
786 3032 883 3103 τὴν
906 3031 1133 3091 ἔννοιαν,
1165 3029 1474 3093 πολυπαθὲς
1504 3029 1667 3083 αὐτοῦ
1689 3029 1783 3082 καὶ
1802 3028 1991 3081 ταλαί-

321 3136 504 3192 πωρον
530 3119 593 3172 τὸ
629 3118 787 3190 σῶμα
819 3118 1084 3187 πεποίηκε
1106 3158 1120 3181 ,
1166 3117 1233 3170 δι’
1277 3116 1447 3187 αὐτῆς
1483 3117 1582 3187 τῆς
1622 3115 1837 3185 φύσεως
1870 3133 1996 3169 παι-

319 3207 490 3262 δεύων
517 3205 700 3271 αὐτὸν,
736 3206 1007 3276 μηδέποτε
1028 3204 1285 3276 τοιαύτην
1305 3203 1491 3257 λαϐεῖν
1516 3204 1744 3257 ἔννοιαν.
1781 3203 1893 3257 Καὶ
1914 3203 1996 3256 ὅτι

319 3294 480 3348 τοῦτό
504 3297 650 3350 ἐστιεΑ
681 3292 900 3363 ἀληθὲς,
935 3291 1169 3364 μάλιστα
1201 3292 1298 3362 μὲν
1323 3290 1419 3345 καὶ
1439 3292 1505 3344 ἐκ
1535 3290 1645 3344 τῶν
1673 3290 1760 3343 ἐπ’
1785 3289 1994 3344 ἐκείνου

322 3382 703 3454 γεγενημένων
747 3381 924 3453 δῆλον·
969 3381 1109 3451 μετὰ
1146 3378 1254 3451 γὰρ
1287 3379 1389 3450 τὴν
1421 3377 1746 3450 προσδοκίαν
1781 3379 1995 3447 ἐκείνην

322 3469 496 3543 ταύτῃ
535 3469 900 3541 κατεδικάσθη
940 3472 1008 3540 τῇ
1045 3468 1305 3539 τιμωρία.
1348 3467 1460 3522 Καὶ
1500 3465 1691 3520 σκόπει
1726 3483 1815 3536 μοι
1859 3465 1995 3519 Θεοῦ

326 3557 560 3612 σύνεσιν·
600 3558 701 3613 οὐκ
720 3557 931 3628 ἀφῆκεν
962 3557 1125 3610 αὐτὸν
1150 3556 1365 3627 πρῶτον
1394 3553 1707 3620 ἀποθανεῖν,
1747 3552 1883 3607 ἀλλά
1905 3553 1997 3606 τὸν

323 3645 440 3699 υἱὸν
469 3645 558 3699 τὸν
592 3645 805 3699 ἐκείνου
830 3643 1175 3715 συνεχώρησε
1202 3641 1361 3695 τοῦτο
1395 3641 1608 3704 παθεῖν,
1636 3641 1723 3695 ῖνα
1751 3641 1860 3711 πρὸ
1888 3640 1998 3695 τῶν

322 3732 612 3804 ὀφθαλμῶν
639 3732 760 3786 ἰδὼν
782 3733 842 3786 τὸ
864 3732 1025 3803 σῶμα
1050 3731 1354 3801 σηπόμενον
1383 3730 1479 3784 καὶ¹
1509 3728 1883 3800 φθειρόμενον,
1911 3746 2001 3795 με·

323 3820 495 3891 γάλην
527 3820 635 3873 ἀπὸ
665 3821 764 3889 τῆς
794 3820 971 3888 ὅψεως
1007 3818 1209 3889 ταύτης
1239 3817 1456 3888 δέξηται
1501 3815 1649 3887 [1171
1683 3816 1999 3886 φιλοσοφίας

323 3906 691 3966 διδασκαλίαν,
719 3905 816 3958 καὶ⁹
852 3904 998 3975 μάθῃ
1027 3904 1082 3958 τί
1113 3905 1325 3972 γέγονε,
1357 3904 1451 3956 καὶ
1478 3902 1864 3974 σωφρονισθεὶς
1895 3921 1998 3958 κα-

324 3993 452 4058 λῶς,
486 3994 657 4057 οῦτως
690 3991 938 4046 ἐντεῦθεν
962 3991 1192 4063 ἀπέλθῃ.

395 4080 646 4135 Μάλιστα
669 4080 766 4150 μέν
794 4074 907 4145 οῦν,
938 4080 1076 4148 ὅπερ
1108 4077 1266 4147 ἔφην,
1301 4076 1396 4129 καὶ
1429 4077 1494 4129 ἐκ
1514 4075 1621 4129 τῶν
1646 4076 1744 4148 ἤδη
1774 4093 2000 4148 γεγενη‹

331 4166 506 4237 μένων
533 4164 690 4219 τοῦτο
709 4164 887 4235 δῆλον,
912 4166 1011 4219 οὐκ
1028 4160 1247 4217 ἔλαττον
1267 4163 1324 4216 δὲ
1343 4163 1438 4216 καὶ
1457 4164 1522 4217 ἐκ
1537 4162 1645 4216 τῶν
1669 4163 1807 4233 μετά
1826 4163 1999 4218 ταῦτα

330 4252 717 4325 ῥηθησομένων
762 4251 915 4305 ἔσται
961 4251 1213 4323 φανερόν.
1261 4250 1324 4303 Εἰ
1366 4250 1474 4321 γὰρ
1522 4250 1734 4322 ἀνάγκῃ
1773 4250 1999 4325 τοιαύτῃ

327 4340 421 4393 τοῦ
464 4341 713 4410 σώματος
750 4338 1117 4408 ἐνδεδεμένου,
1160 4336 1256 4389 καὶ
1298 4336 1515 4391 πάντων
1550 4337 1999 4409 ἀποθνησκόντων

328 4429 425 4487 καί¹
478 4426 846 4497 φθειρομένων
898 4428 991 4479 καὶ
1034 4424 1355 4496 σηπομένων
1400 4426 1458 4477 ἐν
1508 4429 1628 4490 ταῖς
1676 4427 1930 4480 ἁπάντων
1969 4427 1997 4468 ι)

327 4513 486 4583 ὕψεσι
518 4513 612 4566 καὶ
640 4511 1032 4582 διαλελυμένων
1062 4513 1140 4574 εἰς
1169 4509 1336 4576 κόνιν,
1366 4511 1462 4565 καὶ
1489 4511 1596 4565 τῶν
1627 4512 1822 4579 ἔξωθεν
1846 4513 1999 4583 φιλο-

332 4601 510 4670 σόφων
527 4601 623 4655 ἕνα
647 4601 742 4654 καὶ
767 4599 957 4655 τοῦτον
993 4599 1370 4671 ποιησαμένων
1399 4600 1852 4672 συμπληρωτικὸν
1875 4602 1998 4673 ὅρον

330 4687 424 4744 τοῦ
472 4688 581 4742 τῶν
629 4686 931 4760 ἀνθρώπων
973 4687 1162 4756 γένους
1190 4687 1576 4759 (ἐρωτηθέντες
1615 4688 1745 4760 γάρ,
1781 4687 1834 4740 τί
1867 4706 1997 4742 ποτε

329 4776 614 4849 ἄνθρωπός
645 4776 781 4839 ἐστι,
826 4775 962 4840 ζῶον
1001 4774 1215 4843 λογικὸν
1260 4774 1451 4844 θνητὸν
1493 4771 1686 4846 εἷπον)’
1733 4777 1782 4829 εἰ
1819 4775 1997 4830 τοίνυν

331 4864 548 4918 πάντων
573 4862 747 4918 ταῦτα
773 4861 1179 4934 ὁμολογούντων
1207 4862 1508 4934 ἐτόλμησαν
1532 4863 1759 4926 ἐαυτοὺς
1786 4862 1999 4916 ἀπαθα-

332 4951 542 5006 νατίσαι
586 4951 728 5016 τινὲς
769 4952 825 5004 ἐν
861 4953 983 5015 ταῖς
1019 4950 1128 5005 τῶν
1169 4950 1378 5003 πολλῶν
1418 4949 1736 5021 ὐπολήψεσι,
1770 4951 1867 5004 καὶ
1902 4951 1999 5020 τῆς

331 5037 504 5104 ὅψεως
548 5038 926 5110 μαρτυρούσης
963 5040 1053 5092 τὸν
1093 5037 1353 5097 θάνατον,
1389 5035 1796 5107 ἐφιλονείκησαν
1835 5037 1999 5110 ἀναρ-

336 5122 564 5193 ρηθῆναι
588 5124 720 5192 θεοὶ,
743 5127 836 5180 καὶ
859 5126 1193 5197 ἐτιμήθησαν
1216 5124 1407 5186 οὕτως’
1430 5124 1478 5175 εἰ
1500 5123 1573 5193 μὴ
1608 5124 1999 5196 προύχώρησεν

331 5210 361 5261 6
388 5208 613 5274 θάνατος
642 5212 908 5267 διδάσκων
952 5212 1195 5276 ἅπαντας
1239 5210 1300 5264 τὸ
1337 5211 1436 5281 τῆς
1473 5209 1685 5280 φύσεως
1736 5213 1997 5286 ἐπίκηρον

333 5296 427 5349 καὶ
455 5295 712 5366 φθαρτὸν,
746 5300 848 5351 ποῦ
880 5301 980 5352 οὐκ
1015 5301 1082 5354 ἀν
1109 5299 1374 5368 ἐξέϐησαν
1402 5298 1649 5362 ἀσεϐείας
1676 5299 1859 5354 πολλοί
1888 5299 1997 5355 τῶν

333 5381 672 5452 ἁνθρώπων;
703 5385 963 5438 Ἄκουσον
995 5386 1171 5440 τοίνυν
1208 5387 1261 5440 τί
1301 5403 1462 5456 φησιν
1497 5387 1526 5438 6
1551 5390 1835 5459 προφήτης
1870 5387 1998 5458 περί

333 5487 478 5533 τινος
534 5469 805 5541 βαρϐάρου
857 5471 1117 5541 βασιλέως
1172 5474 1424 5545 τοιαύτην
1470 5475 1728 5546 μανέντος
1778 5476 1994 5546 μανίαν⁸

397 5609 427 5671 ξ
446 5608 544 5657 Alii
568 5611 719 5671 ἡμῶν.

393 5668 424 5737 _b
450 5670 557 5737 Alii
570 5668 653 5737 έάτι
665 5673 764 5729 ταῖς
786 5674 869 5721 ἀπ.
893 5673 1049 5737 Paulo
1068 5680 1181 5737 post
1205 5677 1379 5727 Morel.
1401 5679 1484 5727 ενοι
1502 5681 1582 5729 καὶ
1602 5678 1770 5730 τοῦτον
1788 5696 1996 5737 ποιησα-

337 5732 505 5805 μένων.
529 5732 676 5782 Savil.
702 5737 751 5805 i9
777 5741 917 5805 Lexlp
939 5736 1020 5805 ἕνα
1163 5739 1343 5787 τούτων
1365 5744 1716 5805 ποιησαμένων,
1741 5750 1842 5793 tres
1874 5732 1991 5790 lilss.

340 5790 451 5841 ειν.
472 5795 522 5841 in
544 5808 694 5861 marg.
719 5797 801 5845 ἕνα
822 5798 902 5846 καὶ
925 5797 1004 5846 τὸν
1038 5799 1179 5850 αὐτὸν
1213 5790 1560 5862 ποιησαμένωνξ

1060 224 1119 279 S.
1162 223 1448 279 JOANNIS
1486 223 1984 280 CHRYSOSTOMI
2025 221 2343 279 ABCHIEP.
2385 216 2934 277 CLNSTANTINOP.

3657 223 3766 275 122

2096 336 2332 391 Ἐπιίνω
2357 334 2475 389 τῶν
2527 335 2763 402 ἄστρων
2796 332 2901 388 τοῦ
2947 329 3206 401 οὐρανοῦ
3232 331 3419 397 θήσω,
3459 334 3612 403 φησὶ,
3655 335 3769 388 τὸν

2095 425 2309 493 θρόνον
2330 439 2468 493 μου,
2499 421 2598 475 καὶ
2621 421 2834 490 ἔσομαι
2860 417 3059 489 ὅμοιος
3090 416 3171 484 τῷ
3212 420 3484 487 Ὺψίστῳ.
3502 415 3634 475 Εἶτα
3665 438 3769 476 κα-

2096 509 2338 579 ταγελῶν
2378 507 2566 575 αὐτοῦ,
2603 508 2699 562 καὶ
2739 506 2840 578 τὴν
2876 505 3133 577 τελευτὴν
3154 506 3317 559 αὐτοῦ
3343 506 3537 577 δηλῶν,
3576 507 3763 578 φησίν·

2103 596 2407 650 Ὑποκάτω
2444 610 2561 649 σου
2599 594 2943 662 στρώσουσι
2987 595 3207 663 σῆψιν,
3250 593 3351 647 καὶ
3397 595 3462 649 τὸ
3504 593 3766 649 κατακά-

2090 682 2294 751 dumut
2323 694 2345 722 ο
2371 700 2486 737 σου
2515 680 2780 747 σκώληξ.
2816 683 2882 733 Ὃ
2917 680 2975 734 δὲ
3000 680 3147 749 λέγει
3171 680 3412 734 τοιοῦτόν
3442 684 3607 735 ἐστιν’
3635 684 3768 735 Ἀν-

2093 769 2310 839 θρωπος
2342 769 2597 841 τοιαύτην
2639 767 2923 837 ἀναμένων
2962 768 3240 838 τελευτὴν,
3296 768 3518 823 τοιαῦτα
3559 768 3766 837 φαντάο

2093 854 2279 917 ζεσθαι
2306 855 2642 927 ἐτόλμησας;
2670 855 2778 907 Καὶ
2806 855 2934 926 περὶ
2954 854 3146 925 ἐτέρου
3165 855 3330 908 πάλιν
3355 854 3448 908 τοῦ
3478 855 3765 926 βασιλέως,

2090 941 2234 1009 λέγω
2259 942 2367 994 τῶν
2398 943 2633 1012 Τυρίων,
2662 943 2889 995 τοιαῦτα
2922 942 3419 1006 κατασκευάζοντος
3450 943 3543 995 καὶ
3573 942 3764 1013 βουλο-

2095 1028 2253 1097 μένου
2281 1029 2592 1099 νομίζεσθαι
2636 1028 2779 1091 θεοῦ,
2823 1028 2974 1099 φησί·
3008 1027 3085 1081 Σὺ
3116 1027 3183 1080 δὲ
3218 1030 3328 1081 οὐκ
3358 1023 3417 1082 εἴ
3432 1029 3587 1094 θεὸς,
3621 1030 3766 1083 ἀλλ’

2091 1113 2416 1181 ἅνθρωπος,
2446 1116 2545 1169 καὶ
2573 1120 2626 1169 οι
2650 1114 3155 1181 κατακατοῦπές
3182 1132 3256 1168 σε
3284 1117 3457 1170 τοῦτο
3493 1116 3763 1184 ἐροῦσιν.

2095 1202 2255 1254 Ὥστε
2286 1203 2487 1256 ἄνωθεν
2516 1204 2612 1257 καὶ
2638 1202 2757 1273 μεθ’
2785 1202 3090 1273 ὑπερϐολῆς
3129 1202 3370 1272 ἀναιρῶν
3408 1204 3505 1273 τῆς
3544 1203 3763 1256 εἰδωλο-

2091 1286 2342 1355 λατρείας
2365 1289 2464 1358 τὴν
2489 1288 2743 1343 ὑπόθεσιν
2763 1330 2777 1354 ,
2801 1288 3044 1341 τοιοῦτον
3073 1290 3204 1359 ἡμῖν
3230 1288 3290 1341 τὸ
3321 1289 3478 1359 σῶμα
3504 1290 3764 1359 ἐποίησεν

2092 1376 2120 1427 ὁ
2148 1375 2299 1437 Θεός.
2328 1375 2438 1428 Καὶ
2467 1376 2519 1429 τί
2546 1374 2849 1446 θαυμάζεις
2872 1377 2921 1428 εἰ
2959 1376 3051 1428 ἐπὶ
3076 1375 3171 1429 τοῦ
3204 1374 3451 1445 σώματος
3477 1375 3636 1429 τοῦτο
3664 1376 3763 1445 γέ-

2092 1478 2266 1527 γονεν,
2294 1462 2426 1515 ὅπου
2456 1479 2520 1530 γε
2548 1463 2641 1515 καὶ
2666 1463 2762 1515 ἐπὶ
2782 1463 2882 1532 τῆς
2910 1461 3086 1532 ψυχῆς
3111 1461 3258 1515 ἐστιν
3290 1463 3416 1515 ἰδεῖν
3440 1463 3680 1517 τοιοῦτόν
3707 1481 3764 1518 τι

2092 1547 2493 1617 γεγενημένον;
2519 1548 2730 1620 Θνητὴν
2761 1548 2859 1619 μὲν
2886 1550 2993 1620 γάρ
3055 1550 3153 1603 οὐκ
3193 1549 3468 1620 ἐποίησεν,
3503 1549 3617 1602 ἀλλ’
3652 1552 3764 1620 ἀφ-

2094 1634 2227 1704 ῆκεν
2253 1635 2515 1690 ἀθάνατον
2542 1632 2699 1689 εἶναι·
2730 1636 2867 1707 λήθῃ
2884 1636 2941 1689 δὲ
2969 1638 3061 1690 καὶ
3091 1636 3282 1711 ἀγνοίᾳ
3318 1638 3411 1691 καὶ
3439 1637 3645 1709 ἀθυμία
3667 1640 3766 1691 καὶ

2093 1722 2366 1792 φροντίσιν
2424 1723 2723 1776 ὑπεύθυνον
2779 1724 2949 1794 αὐτὴν
3001 1724 3403 1778 κατεσκεύασε·
3458 1727 3553 1779 καὶ
3601 1726 3766 1779 τοῦτο

2092 1808 2364 1878 ἐποίησεν,
2407 1810 2494 1864 ἵνα
2548 1810 2622 1880 μὴ
2675 1810 2809 1881 πρὸς
2838 1812 2936 1881 τὴν
2979 1812 3183 1864 οἰκείαν
3232 1811 3509 1880 εὐγένειαν
3553 1813 3763 1877 ἰδοῦσα,

2095 1896 2317 1964 μείζονα
2343 1898 2441 1968 τῆς
2467 1898 2672 1961 οἰκείας
2695 1898 2852 1965 ἀξίας
2878 1898 3083 1953 ἔννοιαν
3112 1899 3271 1969 λάϐῃ.
3306 1901 3368 1953 Εἰ
3395 1899 3501 1971 γὰρ
3524 1901 3615 1954 καὶ
3638 1902 3764 1954 τού-

2089 1997 2196 2032 των
2228 1982 2396 2035 δντων
2422 1983 2723 2054 ἐτόλμησάν
2762 2002 2905 2048 τινες
2939 1987 3132 2050 εἰπεῖν,
3167 1986 3249 2038 ὅτι
3285 1985 3383 2056 τῆς
3414 1988 3603 2050 οὐσίας
3636 1990 3759 2040 ἐστὶ⁵

2089 2066 2182 2120 τοῦ
2209 2066 2364 2121 Θεοῦ·
2396 2071 2443 2122 εἰ
2472 2073 2565 2123 καὶ
2588 2071 2791 2124 τούτων
2812 2071 3124 2143 ἀπήλλακτο
3153 2073 3261 2125 τῶν
3294 2073 3501 2138 παθῶν,
3533 2074 3637 2128 ποῦ
3663 2077 3766 2129 οὐκ

2090 2154 2155 2207 ἂν
2187 2151 2349 2226 ’ἦλθον
2371 2149 2515 2210 οὗτοι
2552 2157 2780 2226 μανίας;
2812 2158 2957 2230 Πλὴν
2987 2158 3101 2212 ἀλλ’
3126 2160 3261 2230 ὅπερ
3287 2161 3380 2213 ἐπὶ
3403 2161 3500 2231 τῆς,
3530 2162 3767 2231 κτίσεως

2090 2241 2292 2309 ἔλεγον,
2322 2241 2480 2296 τοῦτο
2510 2246 2605 2297 καὶ
2629 2245 2722 2298 ἐπὶ
2756 2245 2848 2298 τοῦ
2885 2245 3132 2315 σώματος
3161 2247 3324 2315 λέγω,
3358 2249 3440 2301 ὅτι
3467 2250 3670 2318 ὁμοίως
3694 2248 3765 2303 δι’

2090 2329 2373 2401 ἀμφότερα
2427 2332 2600 2384 ταῦτα
2650 2331 2913 2403 θαυμάζω
2949 2334 3038 2386 τὸν
3079 2334 3231 2398 Θεὸν,
3277 2337 3371 2388 καὶ
3415 2336 3495 2389 ὅτι
3525 2336 3767 2408 φθαρτὸν

2091 2415 2220 2468 αὐτὸ
2251 2417 2469 2488 ἐποίησε
2495 2458 2510 2482 ,
2549 2419 2643 2472 καὶ⁸
2684 2421 2766 2473 ὅτι
2807 2422 2865 2473 ἐν
2900 2423 2966 2491 τῇ
3008 2420 3183 2492 φθορᾷ
3219 2423 3318 2492 τὴν
3360 2423 3562 2477 οἰκείαν
3611 2426 3767 2495 ἰσχὺν

2091 2502 2402 2567 ἐπεδείξατο
2448 2506 2541 2558 καὶ
2576 2507 2785 2575 σοφίαν.
2843 2507 2966 2561 Ὅτι
3014 2509 3110 2578 μὲν
3152 2509 3259 2581 γάρ
3316 2508 3577 2578 βελτίονος
3630 2511 3768 2563 αὐτὸ

2098 2590 2251 2657 ἴσχυε
2279 2592 2501 2662 ποιῆσαι
2528 2593 2679 2664 ὕλης,
2711 2592 2908 2659 ἔδειξεν
2937 2596 3000 2648 ἐκ
3026 2595 3119 2648 τοῦ
3145 2597 3396 2667 οὐρανίου
3427 2613 3487 2650 τε
3511 2597 3767 2667 σώματος

2093 2677 2187 2729 καὶ
2221 2677 2313 2730 τοῦ
2355 2679 2602 2749 ἡλιακοῦ.
2635 2681 2693 2732 Ὁ
2724 2680 2832 2751 γάρ
2875 2683 3057 2735 ἐκεῖνα
3099 2683 3322 2736 τοιαῦτα
3371 2688 3631 2755 ποιήσας,
3670 2685 3767 2739 καὶ

2090 2763 2248 2818 τοῦτο
2278 2765 2514 2819 τοιοῦτον
2542 2768 2762 2837 ποιῆσαι
2801 2765 2853 2828 ⁸,
2902 2767 3059 2839 εἴπερ
3097 2768 3370 2839 ἐθέλησεν,
3414 2772 3634 2841 ἴσχυσεν
3672 2773 3761 2826 ἀν’

2091 2852 2205 2907 ἀλλ’
2228 2856 2262 2924 ή
2292 2853 2436 2907 αἰτία
2454 2855 2553 2925 τῆς
2572 2855 2853 2919 ἀσθενείας
2870 2854 3058 2927 ἐστὶνή
3080 2857 3449 2928 προειρημένη
3467 2860 3759 2930 πρόφασις.

2092 2941 2166 2993 Οὐ
2192 2940 2298 3011 μὴν
2312 2939 2469 2994 τοῦτο
2484 2942 2840 3013 ὑποτέμνεται
2860 2943 2954 2996 τοῦ
2969 2944 3309 3014 Δημιουργοῦ
3332 2946 3389 2998 τὸ
3404 2945 3606 3016 θαῦμα,
3626 2946 3765 3004 ἀλλὰ

2093 3027 2185 3080 καὶ
2213 3029 2468 3082 ἐπιτείνει
2490 3029 2667 3084 πλέον.
2687 3030 2759 3083 Τὸ
2786 3029 2891 3101 γὰρ
2919 3030 3132 3094 εὐτελὲς
3152 3031 3251 3102 τῆς
3271 3032 3456 3095 οὐσίας
3474 3034 3630 3087 τοῦτο
3652 3034 3763 3105 μά-

2091 3114 2247 3167 λιστα
2293 3115 2530 3170 δείκνυσι
2564 3117 2663 3188 τῆς
2696 3116 2891 3189 τέχνης
2932 3117 2993 3171 τὸ
3032 3117 3264 3190 εὔπορον
3297 3119 3389 3173 καὶ
3426 3122 3760 3192 εὐμήχανον,

2091 3200 2171 3254 ὅτι
2192 3203 2250 3254 ἐν
2277 3201 2433 3273 πηλῷ
2453 3203 2549 3257 καὶ
2571 3203 2745 3277 τέφρᾳ
2784 3205 3051 3278 τοσαύτην
3073 3206 3326 3277 ἐνέθηκεν
3350 3208 3636 3278 ἁρμονίαν,
3668 3209 3765 3265 καὶ

2090 3287 2346 3354 τοιαύτας
2377 3289 2659 3362 αἰσθήσεις
2688 3291 2831 3346 οὕτω
2865 3293 3117 3357 ποικίλας
3164 3294 3258 3348 κα)⁸
3295 3293 3639 3358 παντοδαπάς
3667 3296 3766 3350 καὶ

2090 3375 2313 3429 τοιαῦτα
2338 3376 2641 3449 δυναμένας
2675 3379 3000 3450 φιλοσοφεῖν.

2166 3461 2312 3534 [118]
2336 3470 2403 3533 γ’.
2422 3465 2587 3519 Ὥστε
2597 3466 2814 3538 ὅσῳπερ
2828 3466 2893 3520 ἂν
2918 3469 3227 3539 κατηγορῇς
3238 3468 3332 3522 τοῦ
3347 3467 3446 3539 τῆς
3469 3467 3658 3531 οὐσίας
3680 3468 3766 3523 εὐ-

2093 3549 2304 3619 τελοῦς,
2358 3552 2595 3624 τοσούτῳ
2646 3555 2844 3625 μᾶλλον
2889 3554 3169 3625 θαύμασον
3218 3556 3281 3608 τὸ
3336 3555 3621 3626 μεγαλεῖον
3661 3554 3765 3623 τῆς

2092 3637 2306 3709 τέχνης.
2343 3638 2495 3693 Ἐπεὶ
2515 3641 2609 3695 καὶ
2629 3641 3063 3714 ἀνδριαντοποιὸν
3085 3642 3182 3714 οὐχ
3205 3641 3349 3696 οὕτω
3376 3642 3641 3713 θαυμάζω
3670 3641 3764 3696 τὸν

2095 3724 2204 3778 ἀπὸ
2232 3726 2433 3798 χρυσοῦ
2467 3728 2628 3782 καλὸν
2662 3728 2953 3801 ἀνδριάντα
2984 3729 3261 3792 ποιοῦντα,
3290 3730 3366 3793 ὡς
3397 3729 3487 3784 τὸν
3516 3730 3627 3783 ἀπὸ
3654 3747 3769 3800 πη.

2095 3812 2187 3866 λοῦ
2218 3813 2313 3868 τοῦ
2341 3815 2720 3881 διαπίπτοντος
2750 3819 2815 3889 τῇ
2843 3817 2942 3889 τῆς
2968 3817 3162 3889 τέχνης
3202 3817 3432 3889 εὐπορίᾳ
3461 3816 3771 3887 δυνάμενον

2096 3901 2290 3965 κάλλος
2333 3902 2594 3967 ἐπιδεῖξαι
2646 3904 2894 3968 πλάσεως
2952 3903 3263 3975 θαυμαστὸν
3314 3906 3410 3959 καὶ¹
3461 3904 3766 3974 ἀμήχανον.

2096 3987 2245 4089 Ἐκεῖ
2283 3990 2380 4060 μὲν
2408 3991 2516 4063 γάρ
2549 3991 2641 4044 καὶ
2675 3991 2988 4089 συντελεῖλτι
3009 3994 3042 4062 ή
3071 3992 3170 4063 ὕλη
3206 3991 3284 4063 τῷ
3328 3991 3637 4055 πλάττοντι,
3677 3995 3773 4046 ἐν-

2095 4075 2267 4129 ταῦθα
2295 4077 2372 4140 δέ,
2390 4077 2570 4148 γυμνὴ
2605 4079 2706 4147 τῆς
2737 4075 2934 4149 τέχνης
2961 4079 3108 4132 ἐστὶν
3140 4081 3174 4151 ή
3200 4080 3474 4147 ἐπίδειξις.

2166 4164 2237 4216 Σὺ
2293 4164 2349 4218 66
2390 4167 2438 4218 εί
2488 4155 2664 4235 βούλεί
2712 4165 2905 4235 μαθεῖν
2944 4165 3085 4236 πόση
3125 4165 3218 4219 τοῦ
3262 4166 3772 4239 δημιουργήσαντος

2095 4252 2246 4319 ἡμᾶς
2275 4252 2420 4305 ἐστιν
2461 4254 2494 4323 ή
2534 4252 2721 4321 σοφία,
2770 4252 3021 4323 ἐννόησον
3069 4252 3121 4305 τί
3179 4254 3386 4322 γίνεται
3427 4256 3533 4308 ἀπὸ
3562 4255 3763 4324 πηλοῦ·

2094 4337 2148 4391 τί
2192 4337 2249 4391 δὲ
2272 4337 2456 4409 ἕτερον
2493 4338 2607 4392 ἀλλ’
2652 4339 2687 4410 ἢ
2723 4338 2943 4402 πλίνθος
2989 4339 3083 4394 καί¹
3123 4341 3395 4411 κέραμος;
3437 4341 3578 4394 Ἀλλ’
3608 4342 3769 4411 ὅμως

2098 4425 2314 4497 ἴσχυσεν
2353 4427 2382 4478 6
2429 4426 2811 4498 ἀριστοτέχνης
2844 4438 2895 4466 οη
2933 4426 3066 4488 Θεὸς
3110 4427 3221 4479 ἀπὸ
3266 4427 3364 4498 τῆς
3406 4426 3537 4499 ὐλης
3588 4430 3646 4495 ἐξ
3693 4425 3765 4501 ἦς

2096 4512 2301 4580 γίνεται
2353 4515 2594 4584 κέραμος
2652 4515 2745 4567 καὶ
2791 4514 3003 4577 πλίνθος
3043 4514 3238 4585 μόνον,
3300 4514 3575 4585 ὀφθαλμὸν
3616 4518 3770 4574 οὕτω

2097 4600 2317 4670 ποιῆσαι
2370 4601 2533 4654 καλὸν
2559 4640 2574 4664 ,
2633 4601 2707 4665 ὡς
2755 4602 2997 4666 ἃπαντας
3053 4602 3370 4673 ἐκπλήττειν
3420 4605 3542 4667 τοὺς
3588 4605 3773 4676 ὁρῶν-

2098 4704 2213 4751 τας,
2259 4687 2348 4741 καὶ
2397 4688 2664 4759 τοσαύτην
2713 4688 2946 4743 ἐνθεῖναι
2981 4689 3155 4760 τούτῳ
3206 4689 3452 4761 δύναμιν.
3496 4690 3574 4753 ὡς
3597 4691 3770 4761 ἀέρος

2094 4773 2346 4828 τοσοῦτον
2393 4775 2525 4844 ὕψος
2563 4776 2827 4848 καθορᾷν,
2866 4778 2959 4830 καὶ
3012 4779 3213 4848 μικρᾶς
3264 4778 3432 4849 κόρης
3477 4777 3769 4848 ἀντιλήψει

2095 4863 2333 4916 τοσαῦτα
2371 4863 2796 4934 περιλαμϐάνειν
2829 4863 3077 4934 σώματα,
3126 4865 3221 4918 καὶ
3264 4864 3385 4934 ὅρη.
3420 4865 3515 4919 καὶ
3556 4866 3767 4930 νάπας,

2098 4950 2192 5004 καί⁵
2222 4950 2462 5019 βουνοὺς,
2497 4952 2591 5004 καὶ
2627 4950 2862 5022 πελάγη,
2905 4951 3001 5005 καὶ
3035 4951 3260 5022 οὐρανὸν
3296 4951 3364 5004 δι’
3401 4951 3619 5022 ἐκείνης
3660 4954 3772 5023 τῆς

2099 5037 2320 5107 μικρᾶς.
2349 5037 2439 5107 Μὴ
2462 5039 2637 5091 τοίνυν
2667 5038 2826 5110 εἴπῃς
2855 5056 2943 5109 μοι
2966 5038 3036 5092 τά
3060 5040 3265 5110 δάκρυα
3294 5039 3388 5092 καὶ
3419 5037 3519 5102 τάς
3545 5039 3766 5111 λήμας’

2095 5121 2251 5176 τοῦτο
2276 5123 2385 5196 γάρ
2406 5123 2494 5176 διὰ
2521 5124 2619 5194 τὴν
2654 5124 2753 5195 σὴν
2777 5124 3054 5195 ἁμαρτίαν
3079 5125 3304 5193 γέγονεν
3320 5138 3334 5152 ’
3358 5124 3474 5179 ἀλλ’
3507 5126 3772 5196 ἐννόησον

2096 5210 2261 5265 αὐτοῦ
2312 5211 2372 5264 τὸ
2425 5210 2640 5275 κάλλος,
2695 5213 2790 5265 καὶ
2834 5211 2933 5282 τὴν
2986 5212 3212 5281 δύναμιν
3242 5211 3340 5282 τὴν
3374 5212 3625 5284 ὀπτικήν,
3663 5216 3770 5268 καὶ

2096 5299 2215 5362 πῶς
2246 5299 2500 5355 τοσοῦτον
2534 5299 2701 5354 ἐπιὼν
2736 5300 2896 5371 ἀέρος
2931 5301 3102 5371 μῆκος
3134 5301 3194 5352 οὐ
3229 5300 3425 5371 κάμνει
3455 5301 3549 5355 καί⁵
3570 5303 3773 5355 ταλαι-

2097 5389 2292 5456 πωρεῖ,
2327 5386 2464 5440 ἀλλά
2494 5386 2652 5449 πόδες
2680 5386 2777 5456 μὲν
2813 5386 2990 5452 ὀλίγον
3021 5386 3371 5456 προελθόντες
3414 5387 3637 5441 πονοῦσι
3662 5390 3770 5442 καὶ

2097 5473 2417 5539 ἐκλύονται,
2463 5470 2737 5544 ὀφθαλμὸς
2791 5473 2848 5525 δέ
2892 5473 3088 5526 ὁδεύων
3146 5472 3367 5527 τοσοῦτο
3426 5474 3526 5545 μέν
3585 5474 3767 5544 ὕψος,

2155 5610 2177 5638 ε
2206 5611 2357 5676 Savil,
2382 5620 2434 5661 et
2469 5614 2666 5676 plurimi
2694 5625 2809 5660 mss.
2833 5613 2889 5660 τὸ
2918 5613 3183 5675 κατάλυμα.
3214 5615 3389 5665 Morel.
3411 5622 3464 5664 et
3497 5613 3765 5676 pauciores

2092 5674 2148 5724 τὸ
2170 5674 2534 5724 κατακάλυμιὲα.

2155 5734 2182 5774 ἀ
2205 5735 2304 5784 Alii
2328 5734 2629 5797 ἐργάσασθαι.

2161 5802 2184 5830 ⁸
2223 5798 2304 5848 Sic
2325 5795 2473 5849 Sam.
2502 5804 2554 5846 et
2571 5811 2660 5847 ms.
2688 5795 2858 5847 Morel.
2885 5798 2911 5845 ό
2932 5797 3157 5861 τεχνίτης.
