4070 6208
290 255 386 313 m
1167 269 1256 324 an
1288 268 1609 331 POPULUM
1651 259 2134 328 ANTIOCHI-2le
2194 261 2418 319 llOMlL.
2452 265 2541 319 tu.

352 376 557 432 Contra
604 373 923 430 Maniefiaeos
966 368 1600 444 (aquilum—Gentilium
1643 389 1770 430 vero
1810 380 1865 429 et

278 465 654 523 bmreticorum
677 464 833 521 multi
857 481 923 521 ne
958 464 1149 520 factum
1179 462 1391 536 quidem
1430 483 1458 522 a
1503 468 1612 523 Deo
1640 467 1861 522 dicunt:

277 557 556 631 indignum
583 558 726 614 enim
758 558 849 614 Dei
878 557 1148 613 creatione
1185 570 1305 613 esse
1346 567 1551 629 putant,
1575 559 1783 623 sordes,
1812 569 1867 613 et

276 652 523 716 sudores,
568 660 622 706 et
653 653 933 722 lacrymas,
961 662 1013 706 et
1038 651 1268 715 labores,
1299 660 1352 704 et
1375 664 1660 715 mrumnas,
1683 661 1737 704 et
1762 648 1864 703 alia

277 736 524 811 corporis
562 742 738 796 omnia
770 748 1162 811 percurrentes.
1205 741 1317 812 Ego
1349 750 1545 806 autem,
1588 750 1865 810 postquam

277 834 347 888 de
371 832 453 887 his
475 843 682 901 emptus
708 846 787 887 est
809 848 986 887 sermo
1007 875 1021 898 ,
1048 831 1273 900 primum
1299 833 1511 900 quidem
1544 832 1668 886 illud
1691 832 1867 886 dicere

278 909 496 995 possem
529 940 543 976 :
574 920 652 978 Ne
693 923 821 977 mihi
866 936 1133 995 proponas
1163 923 1430 977 hominem
1457 922 1595 977 hunc
1621 923 1869 990 praevari-

278 1026 481 1077 catum,
509 1012 713 1068 honore
767 1015 1055 1083 privatum,
1083 1013 1426 1077 damnatum;
1464 1014 1556 1068 sed
1587 1015 1629 1067 si
1672 1014 1749 1067 vis
1781 1014 1866 1067 di-

277 1119 453 1170 scere,
478 1105 634 1175 quale
656 1102 809 1159 nobis
825 1104 892 1158 ab
912 1102 1061 1159 initio
1086 1100 1227 1160 Deus
1246 1105 1449 1159 finxerit
1470 1116 1682 1176 corpus,
1703 1105 1754 1159 in
1776 1120 1868 1175 pa—

277 1194 518 1249 radisum
535 1211 737 1259 eamus,
757 1207 809 1250 et
826 1194 892 1249 ab
909 1194 1058 1248 initio
1076 1194 1270 1249 faetum
1287 1195 1552 1248 hominem
1571 1196 1865 1250 videamus.

277 1282 398 1339 Non
426 1285 567 1339 enim
589 1285 668 1339 sic
688 1290 803 1339 erat
821 1300 1015 1355 corpus
1044 1282 1170 1340 illud
1189 1286 1531 1355 corruptibile
1547 1298 1599 1342 et
1620 1288 1864 1352 mortale,

275 1376 379 1433 sed
407 1385 674 1446 tamquam
711 1391 869 1431 aurea
914 1386 1087 1431 statua
1117 1376 1184 1432 de
1224 1377 1437 1432 fornace
1478 1390 1755 1447 progressa
1784 1394 1869 1432 rc-

276 1476 468 1523 ccuter
495 1478 549 1522 et
578 1468 857 1536 splendide
878 1468 1104 1539 fulgens,
1135 1469 1213 1524 sie
1243 1470 1387 1524 omni
1413 1469 1503 1523 tali
1528 1472 1868 1540 corruptione

276 1561 410 1616 illud
435 1576 630 1633 corpus
654 1562 951 1617 absolutum
984 1572 1099 1616 erat
1124 1580 1137 1615 :
1169 1570 1222 1617 et
1250 1577 1422 1634 neque
1451 1563 1599 1617 labor
1623 1563 1866 1629 Vexabat,

276 1667 456 1722 neque
474 1653 637 1707 sudor
661 1655 902 1717 nocebat,
930 1668 1029 1708 nec
1049 1667 1192 1708 cura:
1212 1653 1615 1721 insidiabantur,
1647 1668 1750 1708 non
1772 1654 1870 1709 ob-

274 1739 527 1798 sidebant
563 1744 811 1810 tristitia:
856 1758 954 1798 nec
1006 1742 1149 1797 aliud
1196 1742 1482 1814 quidquam
1510 1742 1651 1814 quod
1704 1743 1869 1799 lmdc-

274 1847 383 1904 ret,
405 1834 732 1907 patiebatur;
767 1847 1044 1907 postquam
1066 1850 1192 1890 vero
1212 1850 1316 1890 non
1349 1836 1623 1891 moderate
1647 1835 1870 1891 felicita-

275 1934 387 1983 tem
410 1930 552 1993 tulit,
576 1927 670 1984 sed
694 1928 1086 1984 benefactorem
1125 1927 1287 1983 homo
1325 1928 1645 1983 contumelia
1670 1927 1865 1993 affecit,

274 2033 333 2077 et
364 2021 605 2075 fallacem
629 2021 833 2091 putarit
859 2021 1157 2075 daunoncm
1181 2034 1319 2087 esse,
1350 2020 1704 2090 gubernatore
1734 2021 1864 2087 Deo,

273 2113 370 2183 qui
396 2128 455 2168 se
478 2113 530 2167 in
559 2112 764 2168 honore
790 2116 1156 2179 constituerat,
1193 2113 1296 2167 fide
1321 2113 1636 2182 digniorem,
1664 2123 1717 2168 et
1735 2112 1868 2168 deus

272 2202 394 2260 ﬁeri
430 2204 690 2275 speravit,
723 2216 776 2260 et
817 2203 1072 2274 majorem
1105 2204 1315 2274 propria
1340 2204 1594 2275 dignitate
1625 2207 1871 2276 concepit

271 2294 582 2365 opinionem
612 2312 626 2347 :
659 2302 786 2350 tunc
812 2292 1065 2364 profecto,
1096 2303 1221 2349 tunc
1244 2302 1299 2349 et
1326 2310 1421 2365 per
1446 2296 1556 2365 ipsa
1580 2295 1719 2351 Deus
1740 2310 1867 2365 ope-

269 2402 334 2441 ra
373 2387 545 2456 ipsum
592 2387 840 2442 erudiens
865 2388 1265 2457 corruptibilem
1303 2397 1358 2442 et
1385 2389 1659 2443 mortalem
1685 2387 1867 2444 reddi-

271 2476 378 2545 dit,
399 2489 455 2534 ct
484 2480 565 2534 his
586 2480 765 2535 multis
786 2481 1023 2537 obvinxit
1042 2481 1469 2549 necessitatibus,
1492 2498 1595 2537 non
1620 2497 1863 2553 perosus,

270 2588 452 2643 neque
481 2586 757 2628 aversatus
778 2613 795 2640 ,
828 2574 919 2629 sed
950 2574 1235 2629 consulens
1259 2583 1314 2629 et
1363 2574 1657 2644 improbam
1697 2576 1863 2644 pesti-

272 2665 587 2735 lentemque
629 2665 773 2719 illam
799 2664 866 2719 ab
892 2662 1040 2719 initio
1071 2673 1381 2720 nascentem
1410 2664 1713 2735 superbiam
1743 2681 1867 2736 pro-

272 2752 471 2811 hibens
495 2798 511 2822 ,
560 2772 661 2813 nec
698 2754 919 2812 ulterius
961 2756 1252 2826 procedere
1281 2758 1613 2827 permittens,
1646 2758 1740 2814 sed
1772 2774 1867 2829 per

270 2846 447 2915 ipsam
477 2862 657 2901 rerum
679 2847 1061 2916 experientiam
1084 2862 1308 2903 monens
1333 2863 1476 2913 eum,
1500 2848 1641 2919 quod
1662 2860 1863 2905 morta-

271 2932 342 2993 lis
367 2941 426 2992 et
457 2938 817 3007 corruptibilis
850 2947 1026 3006 esset,
1056 2949 1109 2993 et
1135 2938 1207 2994 ita
1246 2940 1599 3010 persuadens,
1626 2950 1685 2996 ut
1711 2959 1865 2996 nutu-

270 3045 437 3101 quatn
468 3030 589 3084 talia
618 3031 895 3100 cogitaret,
927 3040 1017 3084 aut
1042 3032 1366 3086 somniaret:
1400 3034 1596 3088 etenim
1623 3033 1865 3091 diabolus

268 3121 486 3176 dixerat
513 3138 526 3175 :
555 3119 717 3175 Eritis
743 3122 871 3175 velut
901 3123 975 3175 dii
1003 3120 1166 3194 (Gen.
1200 3123 1253 3178 5.
1290 3122 1379 3193 5).
1406 3123 1556 3179 Hanc
1582 3124 1738 3195 igitur
1764 3142 1863 3181 vo-

270 3214 392 3271 lens
415 3214 737 3271 sententiam
771 3214 1020 3269 radicitus
1053 3215 1318 3280 evellere.
1348 3216 1654 3273 morbosum
1695 3219 1863 3288 ipsius

269 3318 327 3363 ct
350 3321 715 3362 aerumnosum
742 3321 936 3376 corpus
956 3305 1149 3374 effecit,
1175 3322 1268 3377 per
1294 3305 1461 3378 ipsam
1490 3309 1686 3365 docens
1710 3320 1863 3366 natu-

269 3415 389 3455 ram
414 3442 429 3465 ,
463 3415 531 3454 ne
560 3415 807 3470 umquam
844 3401 999 3455 talem
1030 3402 1336 3470 conciperet
1368 3403 1761 3475 cogitationem.
1795 3403 1863 3462 Et

272 3491 417 3561 quod
439 3490 543 3544 hoc
570 3491 639 3544 sit
662 3505 865 3555 rerum,
897 3492 1129 3545 maxime
1157 3491 1370 3561 quidem
1395 3502 1449 3547 et
1468 3508 1533 3548 ex
1562 3495 1725 3565 gestis
1752 3496 1857 3550 ciro

269 3597 331 3636 ca
361 3583 536 3651 ipsum
566 3592 648 3637 est
671 3581 1007 3638 manifesmm
1041 3599 1054 3635 :
1089 3592 1208 3652 post
1233 3583 1377 3637 illam
1407 3586 1549 3639 enim
1580 3597 1857 3656 exspecta.

270 3674 473 3726 tionem
506 3672 605 3727 bac
628 3671 910 3729 damnatus
936 3684 1017 3729 est
1055 3689 1233 3744 poena.
1283 3675 1352 3730 Et
1398 3675 1679 3732 considera
1730 3676 1858 3735 mihi

271 3763 367 3819 Dei
416 3764 751 3833 prudentiam
783 3782 796 3818 :
826 3781 929 3819 non
976 3766 1145 3836 ipsum
1175 3765 1310 3821 mori
1339 3765 1568 3837 primum
1596 3768 1854 3838 permisit,

269 3855 365 3909 sed
395 3855 498 3909 hoc
520 3854 638 3925 ejus
664 3854 829 3913 ﬁlium
849 3857 979 3928 pati,
1008 3867 1063 3911 ut
1092 3866 1215 3912 ante
1237 3860 1419 3915 oculos
1442 3859 1717 3916 tabescens
1740 3877 1858 3916 cor-

268 3962 371 4019 pus
402 3950 625 4005 intuitus
660 3960 715 4004 et
755 3965 1110 4016 marcescens,
1140 3966 1381 4020 magnam
1420 3968 1485 4007 ex
1515 3951 1619 4009 hoc
1642 3966 1855 4025 aspectu

268 4039 627 4108 philosophia:
671 4039 1002 4109 disciplinam
1049 4052 1285 4111 caperet,
1340 4050 1396 4096 et
1446 4042 1675 4099 disceret
1729 4046 1854 4115 quid

269 4136 456 4178 actum
494 4134 670 4191 esset,
714 4135 876 4201 atque
906 4127 979 4181 ita
1012 4125 1155 4183 bene
1197 4139 1477 4185 correctus
1523 4130 1653 4187 hinc
1680 4131 1860 4186 disce—

266 4216 437 4275 duret.

351 4307 601 4379 Deﬁnitio
629 4308 845 4363 hominis
864 4309 1138 4365 secundum
1164 4310 1508 4383 pliilosOplios.
1541 4344 1613 4353 —
1637 4312 1864 4370 Maxime

278 4400 461 4471 igitur,
495 4400 635 4470 quod
675 4401 803 4466 dixi,
847 4411 901 4454 et
929 4418 993 4456 cx
1027 4403 1134 4471 jam
1183 4405 1346 4472 gestis
1386 4402 1487 4459 hoc
1528 4405 1861 4461 manifestum

277 4505 363 4547 est
392 4511 407 4545 :
438 4507 537 4547 nec
566 4493 740 4545 minus
783 4509 907 4548 vero
947 4506 996 4548 et
1044 4511 1111 4549 ex
1153 4492 1271 4548 aliis
1320 4505 1439 4564 past
1469 4494 1582 4551 have
1624 4498 1863 4552 dicendis

275 4593 526 4653 apertum
566 4584 687 4639 erit.
728 4584 782 4638 Si
825 4585 965 4638 enim
1008 4585 1095 4639 tali
1125 4588 1361 4655 corporis
1410 4589 1724 4644 necessitate
1765 4605 1864 4645 nos

276 4677 565 4739 vineicnte,
606 4684 658 4729 ει
699 4674 944 4729 omnibus
975 4677 1318 4731 morientibus
1354 4680 1858 4750 corruptionemque

274 4763 603 4845 patientibus
628 4775 681 4819 et
701 4765 1149 4821 marcesceutibus
1172 4776 1295 4822 ante
1320 4769 1555 4822 omnium
1577 4770 1779 4836 oculos,
1809 4781 1863 4825 et

274 4860 469 4914 solutis
519 4859 570 4912 in
628 4860 938 4927 pulverem,
984 4868 1038 4913 et
1087 4860 1417 4929 philosophis
1461 4877 1619 4915 unam
1670 4861 1806 4917 hanc
1842 4866 1858 4896 ³

275 4948 555 5002 hominum
585 4949 793 5015 generis
823 4949 1193 5016 compietivam
1228 4950 1589 5007 definitionem
1622 4951 1863 5008 facienti-

275 5045 377 5098 bus
397 5063 412 5098 :
434 5046 741 5117 interrogati
767 5061 994 5117 namque
1007 5047 1132 5117 Quid
1154 5049 1366 5104 tandem
1387 5050 1455 5105 sit
1472 5048 1861 5116 homo,animal

270 5138 560 5202 rationale,
579 5139 1020 5195 mortaleuiicunt
1040 5160 1053 5195 :
1076 5141 1120 5196 si
1152 5144 1308 5212 igitur
1328 5143 1572 5198 omnibus
1591 5144 1701 5198 inec
1730 5159 1859 5198 eon-

270 5231 583 5296 fitentibus.
627 5231 742 5287 ausi
785 5240 910 5287 sunt
951 5234 1163 5303 quidam
1209 5249 1271 5290 se
1309 5234 1633 5291 immortales
1684 5236 1860 5292 facere

267 5321 417 5391 apud
447 5321 735 5378 multorum
764 5323 1078 5393 epiuioues,
1119 5334 1173 5381 et
1198 5326 1364 5381 oculis
1402 5336 1627 5381 mortem
1675 5327 1860 5383 testiﬁ-

265 5414 545 5478 cantibus,
572 5422 631 5469 ut
647 5413 720 5468 dii
743 5415 1016 5483 praedicari
1042 5414 1451 5478 contenderunt,
1474 5428 1528 5471 ει
1559 5426 1613 5471 ιιι
1635 5416 1707 5470 dii
1732 5416 1857 5473 culti

266 5514 400 5559 sunt
433 5504 579 5559 :nisi
600 5504 880 5575 prodiisset
916 5521 1061 5561 mors
1096 5516 1300 5563 natum
1337 5507 1711 5564 mortalitatem
1738 5523 1856 5565 om-

331 5683 352 5711 ι
388 5685 516 5729 nes
535 5684 642 5730 In.
663 5685 834 5731 etsav.
860 5681 908 5730 in
932 5692 1126 5745 marg.:
1159 5689 1309 5733 t'nant
1331 5687 1378 5735 ει
1397 5682 1636 5736 eamdem.

596 5769 849 5832 Ρλτιιοι.
916 5772 1030 5832 (ia.
1074 5770 1299 5835 Xl.l.\'.

3465 272 3565 327 ηρ

1984 388 2079 430 nes
2126 373 2322 432 docens
2373 384 2427 433 et
2472 376 2984 448 corruptibilitatcm.
3018 380 3081 436 ad
3113 380 3236 452 quid
3281 379 3564 454 impietatis

1984 482 2087 522 non
2110 469 2479 537 prorupissent
2508 469 2780 525 hominum
2805 472 3051 540 plurimi?
3083 474 3219 528 Audi
3242 475 3417 546 itaque
3437 478 3562 545 quid

1980 557 2122 613 dicat
2149 558 2402 629 propheta
2441 560 2509 617 de
2546 562 2775 632 quodam
2815 563 3042 618 barbaro
3083 580 3206 635 rege
3244 566 3335 621 tali
3384 566 3566 622 furore

1982 661 2138 719 capto
2163 669 2177 706 :
2210 651 2378 721 Super
2400 664 2537 707 astra
2557 652 2654 707 Dei
2696 654 2924 708 exaltnbo
2953 656 3134 709 solium
3176 673 3338 711 meum
3360 699 3375 721 ,
3407 667 3452 712 et
3481 675 3565 712 ero

1981 741 2159 796 similis
2179 737 2619 813 AftissimoUsai.
2653 744 2737 798 ii.
2773 744 2857 798 15.
2888 742 3016 814 Η).
3060 744 3234 815 Ipsum
3265 761 3391 800 vero
3416 746 3562 801 dei-i—

1984 834 2134 902 dens,
2179 844 2231 890 et
2274 844 2499 890 mortem
2527 835 2643 905 ejus
2671 835 2970 901 declarans,
3017 837 3188 905 inquit
3232 857 3245 890 :
3298 835 3482 891 Snbter
3521 849 3567 890 te

1982 937 2199 982 sternent
2241 928 2573 998 putredinem,
2620 938 2666 983 et
2696 930 3058 998 operimentum
3099 939 3238 982 tuum
3268 929 3357 981 erit
3388 928 3566 981 vermis

1984 1018 2147 1087 (Ibid.
2183 1036 2233 1074 ν.
2275 1018 2388 1091 ll).
2420 1020 2568 1088 Quod
2616 1030 2790 1073 autem
2811 1020 2973 1085 dicit,
3007 1021 3108 1074 tale
3136 1030 3259 1074 est:
3293 1019 3462 1073 llomo
3489 1028 3567 1071 ta-

1984 1111 2089 1165 lem
2118 1119 2430 1181 exspcctans
2470 1112 2650 1175 finem,
2685 1112 2809 1166 talia
2837 1113 3074 1183 eogitare
3100 1125 3260 1164 ausus
3280 1110 3378 1165 es?
3405 1110 3471 1163 Et
3498 1110 3567 1163 de

1982 1202 2087 1255 alio
2114 1202 2327 1269 iterum,
2353 1217 2528 1273 regem
2559 1202 2680 1256 dico
2708 1202 3013 1274 Tyriorum,
3044 1202 3236 1257 similia
3265 1210 3561 1271 parantem.

1982 1303 2035 1348 et
2058 1294 2216 1349 deum
2241 1308 2298 1348 se
2328 1294 2512 1348 haberi
2534 1294 2798 1349 volentem
2831 1311 2845 1348 :
2876 1293 2956 1348 Tu
2981 1309 3116 1361 vero,
3157 1292 3344 1362 inquit,
3385 1309 3486 1346 non
3512 1307 3565 1346 es

1981 1387 2216 1450 deus,sed
2238 1386 2407 1452 homo,
2451 1396 2499 1441 et
2526 1397 2572 1442 te
2597 1397 2870 1459 pungentes
2912 1388 3007 1441 hoc
3035 1387 3201 1441 dicent
3231 1383 3440 1457 (Ezech.
3469 1385 3561 1440 28.

1981 1482 2058 1551 9).
2091 1481 2276 1550 itaque
2299 1495 2328 1534 a
2357 1480 2661 1551 primordiis
2686 1480 2951 1552 superbim
2977 1489 3030 1534 et
3052 1479 3365 1534 idololatria:
3392 1486 3563 1532 matc-

1980 1574 2112 1627 riam
2143 1574 2350 1641 penitus
2368 1571 2636 1638 auferens,
2662 1572 2802 1627 Deus
2826 1571 2931 1628 tale
2950 1571 3103 1626 nobis
3122 1584 3315 1638 corpus
3339 1568 3561 1639 paravit.

1982 1665 2051 1721 Et
2076 1666 2199 1736 quid
2228 1667 2459 1734 miraris,
2495 1667 2539 1721 si
2564 1668 2615 1722 in
2643 1682 2867 1738 corpore
2894 1667 2997 1723 hoc
3023 1666 3215 1721 factum
3241 1676 3338 1730 est,
3368 1681 3488 1719 eum
3510 1673 3564 1721 et

1982 1755 2035 1810 in
2063 1755 2236 1810 anima
2264 1755 2445 1812 videre
2483 1758 2643 1813 liceat
2686 1758 2789 1813 tale
2837 1758 2962 1829 quid
2999 1756 3246 1830 gestum?
3289 1755 3563 1812 Mortalem

1982 1859 2175 1917 nempe
2207 1848 2347 1902 Deus
2375 1861 2480 1902 non
2525 1849 2679 1916 fecit,
2709 1848 2801 1904 sed
2832 1848 3188 1906 immortalem
3219 1864 3339 1907 esse
3366 1853 3565 1921 ρει-ιιιὶ-

1981 1934 2081 2001 sit;
2109 1936 2363 1991 oblivioni
2390 1946 2566 1992 autem
2594 1947 2648 1991 et
2674 1938 2987 2007 ignorantiae
3012 1947 3065 1994 et
3093 1941 3320 1996 tristitiae
3345 1946 3405 1996 et
3421 1944 3566 1997 curis

1980 2027 2263 2082 obnoxiam
2314 2028 2481 2097 ipsam
2527 2027 2758 2083 reddidit
2798 2038 2897 2083 :et
2922 2029 3024 2086 hoc
3048 2030 3190 2096 fecit,
3223 2046 3289 2086 ne
3331 2030 3399 2086 ad
3443 2048 3566 2103 pro-

1980 2117 2151 2187 priam
2170 2119 2584 2189 generositatem
2611 2118 2924 2189 respiciens,
2957 2121 3214 2189 majorem
3239 2122 3453 2190 propria
3480 2121 3565 2176 di-

1980 2209 2182 2278 gnitate
2209 2208 2514 2278 opinionem
2544 2211 2828 2279 concipiat.
2860 2209 2915 2265 Si
2946 2212 3087 2266 enim
3109 2253 3124 2278 ,
3169 2225 3290 2267 cum
3334 2212 3449 2266 hare
3490 2213 3567 2265 ita
3632 2203 3644 2214 ’

1980 2299 2107 2366 sint,
2139 2298 2354 2370 quidam
2398 2300 2577 2355 dicere
2627 2310 2750 2355 sunt
2788 2302 2923 2368 ausi,
2968 2316 3086 2357 eam
3119 2302 3428 2357 substantim
3471 2302 3562 2358 Dei

1976 2405 2121 2460 esse,
2153 2389 2201 2446 si
2227 2392 2295 2447 ab
2319 2392 2384 2446 iis
2410 2400 2554 2447 esset
2581 2391 2820 2447 ab..oluta
2854 2392 3210 2463 passionibus,
3239 2393 3304 2446 ad
3331 2391 3455 2463 quid
3482 2389 3561 2445 fn-

1980 2481 2118 2537 roris
2162 2482 2248 2536 isti
2288 2497 2394 2536 non
2439 2482 2861 2552 processissent?
2904 2482 3279 2538 Verumtamen
3319 2482 3459 2551 quod
3496 2484 3561 2536 de

1980 2571 2251 2626 creatione
2277 2572 2463 2626 mundi
2509 2571 2771 2639 dicebam,
2806 2572 2907 2626 hoc
2937 2582 2991 2626 et
3033 2572 3101 2627 de
3139 2584 3363 2642 corpore
3401 2572 3522 2627 dico
3544 2609 3560 2635 .

1980 2678 2069 2720 me
2093 2663 2338 2719 similiter
2364 2674 2583 2735 propter
2609 2663 2721 2719 haec
2750 2676 2968 2734 utraque
2998 2662 3165 2719 Deum
3195 2664 3479 2730 admirari,
3509 2675 3560 2718 et

1980 2756 2122 2828 quod
2146 2756 2491 2826 corruptibile
2515 2758 2684 2826 ipsum
2714 2754 2920 2822 fecerit,
2946 2766 3001 2811 et
3024 2755 3167 2827 quod
3187 2756 3239 2810 in
3268 2755 3564 2825 corruptio.

1981 2861 2052 2902 ne
2076 2847 2344 2918 propriam
2384 2846 2634 2903 virtutem
2665 2857 2719 2902 et
2755 2848 3067 2917 sapientiam
3098 2846 3559 2903 demonstraverit.

1982 2939 2135 3005 Quod
2177 2940 2319 2994 enim
2368 2939 2605 2994 melioris
2654 2941 2825 3009 ipsum
2871 2937 3108 2995 materia:
3147 2938 3324 2995 facere
3360 2952 3560 3009 posset,

1980 3028 2214 3085 ostendit
2255 3043 2320 3084 ex
2359 3027 2557 3084 cmlesti
2588 3044 2814 3100 corpore
2852 3037 2903 3083 et
2942 3027 3122 3084 solari.
3150 3028 3251 3098 Qui
3290 3029 3433 3085 enim
3472 3030 3561 3084 illa

1978 3118 2106 3177 fecit
2130 3120 2275 3186 talia,
2306 3123 2490 3175 ethoc
2531 3120 2638 3176 tale
2665 3120 2860 3185 facere,
2896 3120 2943 3176 si
2969 3119 3240 3187 voluisset,
3268 3120 3558 3190 potuisset;

1979 3211 2073 3265 sed
2113 3209 2437 3265 infirmitatis
2463 3224 2624 3265 causa
2661 3217 2746 3266 est
2775 3224 2835 3265 ea
2858 3252 2875 3279 ,
2923 3222 3081 3282 quam
3119 3223 3279 3281 supra
3308 3211 3558 3267 diximus.

1976 3299 2093 3356 Non
2123 3311 2296 3357 tamen
2325 3300 2426 3355 hoc
2461 3299 2756 3356 mirabilem
2787 3302 2893 3355 vim
2919 3298 3195 3357 Creatoris
3209 3300 3423 3364 deterit,
3465 3302 3558 3356 sed

1975 3394 2137 3448 etiam
2174 3391 2403 3464 amplius
2428 3393 2652 3449 intendit
2680 3411 2695 3448 :
2726 3393 2962 3449 materia:
3004 3393 3146 3447 enim
3191 3393 3363 3447 vilitas
3392 3378 3559 3463 inagis

1977 3487 2312 3542 demonstrat
2355 3487 2485 3542 artis
2525 3488 2732 3557 copiam
2767 3494 2823 3542 et
2865 3485 3201 3551 facultatem,
3230 3487 3476 3554 quoniam
3506 3486 3558 3539 in

1975 3577 2087 3632 luto
2116 3587 2169 3633 et
2190 3576 2364 3631 favilla
2393 3585 2591 3632 tantam
2615 3578 2788 3647 posuit
2813 3577 3167 3642 harmoniam,
3198 3586 3251 3631 et
3280 3577 3409 3631 tales
3429 3590 3558 3631 seu-

1972 3683 2064 3724 sus
2093 3678 2199 3723 tam
2231 3668 2405 3723 varios
2433 3678 2487 3724 et
2514 3669 2849 3724 omnimodos
2887 3675 2942 3723 et
2967 3677 3170 3724 tantum
3193 3667 3557 3739 philosophari

1972 3759 2225 3814 Valentes.

2042 3849 2095 3906 5.
2128 3850 2304 3920 Itaque
2324 3857 2521 3921 quanto
2546 3849 2712 3921 magis
2731 3849 3039 3905 substantiae
3067 3850 3371 3904 tenuitatem
3394 3862 3556 3904 accu-

1971 3956 2079 4009 sas,
2111 3952 2255 3997 tanto
2303 3942 2471 4013 magis
2523 3942 2616 3997 Dei
2643 3942 2774 3997 artis
2811 3942 3225 4014 magnitudinem
3267 3940 3553 3996 admirare.

1969 4033 2228 4100 Quoniam
2251 4043 2300 4087 et
2329 4033 2639 4089 statuarium
2658 4033 2915 4098 admiror,
2936 4044 3040 4087 non
3059 4042 3164 4087 tam
3194 4043 3262 4088 ex
3289 4046 3419 4087 auro
3440 4033 3559 4103 pulo

1968 4125 2151 4178 chram
2177 4122 2456 4178 facientem
2477 4133 2725 4189 statuam,
2749 4140 2907 4194 quam
2931 4134 2998 4179 ex
3024 4124 3136 4178 luto
3164 4124 3428 4179 dilabente
3453 4122 3555 4177 mi-

1968 4212 2187 4268 rabilem
2231 4224 2282 4269 et
2323 4214 2782 4284 inexcogitabilem
2830 4214 3064 4283 figmenti
3106 4215 3551 4283 pulchritudinem

1967 4304 2096 4358 artis
2128 4304 2375 4361 facultate
2414 4304 2667 4360 exhibere
2707 4306 2991 4359 valentem.
3026 4304 3137 4360 illic
3161 4307 3305 4360 enim
3335 4305 3553 4376 fingenti

1968 4398 2190 4452 materia
2226 4411 2437 4467 quoque
2477 4397 2719 4465 confert,
2767 4398 2853 4452 hic
2891 4397 3033 4452 nuda
3074 4407 3157 4454 est
3196 4398 3329 4454 artis
3367 4411 3554 4454 osten-

1970 4490 2115 4544 tatio.

2036 4580 2133 4634 Dei
2165 4580 2411 4651 sapientia
2436 4581 2488 4634 in
2524 4579 2786 4634 oculorum
2824 4582 3192 4635 constitutione.
3222 4610 3294 4623 —
3320 4579 3397 4636 Tu
3425 4596 3555 4636 vero

1965 4674 2010 4727 si
2036 4672 2239 4727 discere
2262 4672 2361 4736 vis,
2383 4680 2577 4741 quanta
2604 4674 2672 4726 sit
2697 4674 2832 4741 ejus,
2857 4673 2943 4741 qui
2976 4687 3071 4727 nos
3091 4673 3308 4737 creavit,
3335 4673 3553 4741 sapien-

1969 4765 2060 4831 tia,
2102 4766 2272 4835 cogita
2315 4763 2439 4833 quid
2465 4780 2530 4818 ex
2570 4763 2679 4818 luto
2702 4765 2791 4818 fiat
2819 4781 2833 4819 :
2861 4764 2983 4833 quid
3015 4772 3191 4820 autem
3223 4764 3364 4819 aliud
3392 4780 3552 4833 quam

1966 4859 2170 4911 lateret
2197 4856 2368 4909 testa?
2403 4854 2779 4910 Verumtamen
2818 4858 3051 4925 Optimus
3078 4856 3266 4911 artifex
3308 4856 3448 4910 Deus
3488 4871 3551 4910 ex

1966 4948 2186 5002 materia
2221 4946 2360 5001 unde
2402 4945 2461 4999 fit
2486 4954 2619 5000 testa
2642 4953 2696 4999 et
2724 4945 2857 5000 later
2885 4947 3179 5013 dumtaxat,
3203 4945 3416 5000 oculum
3446 4955 3551 4999 tam

1967 5038 2246 5108 pulchrum
2267 5036 2482 5091 efficere
2509 5037 2693 5106 potuit,
2724 5048 2780 5090 ut
2800 5052 3012 5104 omnes,
3042 5036 3132 5106 qui
3156 5044 3402 5099 cernunt,
3432 5045 3549 5092 Stu-

1966 5138 2144 5198 peant,
2167 5136 2220 5182 et
2239 5136 2437 5180 tantam
2465 5126 2588 5181 huic
2612 5127 2715 5179 vim
2741 5127 2997 5193 inserere,
3022 5136 3079 5180 ut
3097 5126 3236 5179 aeris
3261 5125 3548 5180 immanem

1965 5218 2295 5273 altitudinem
2333 5226 2570 5287 spectet,
2612 5227 2667 5271 et
2694 5216 2897 5287 exigua:
2927 5216 3136 5286 pupilla:
3179 5216 3444 5284 adjutorio
3474 5226 3550 5269 tot

1966 5326 2187 5380 corpora
2207 5308 2644 5380 comprehendat,
2673 5316 2727 5362 et
2748 5315 2976 5373 montes,
3001 5317 3056 5362 et
3080 5306 3265 5371 saltus,
3289 5317 3343 5361 et
3360 5306 3548 5369 colles,

1964 5412 2017 5457 et
2043 5402 2228 5465 maria,
2259 5413 2309 5455 et
2338 5396 2545 5454 cmlum.
2571 5399 2647 5453 No
2676 5398 2803 5452 mihi
2830 5396 2978 5453 dicas
3014 5399 3172 5470 igitur
3213 5398 3476 5470 lacrymas
3496 5409 3552 5454 et

1964 5492 2306 5564 lippitudines
2356 5507 2369 5544 :
2410 5488 2512 5543 hoc
2552 5490 2693 5544 enim
2737 5497 2955 5559 propter
2993 5497 3265 5558 peccatum
3296 5498 3439 5542 tuum
3471 5490 3551 5541 fa—

1963 5596 2109 5639 ctum
2137 5592 2259 5650 est;
2283 5581 2376 5636 sed
2405 5582 2575 5652 cogita
2605 5580 2767 5650 ipsius
2788 5579 3231 5650 pulchritudinem
3261 5587 3317 5633 ει
3336 5577 3548 5633 videndi

1967 5676 2236 5741 virtutem,
2264 5682 2313 5730 et
2337 5685 2442 5745 quo
2470 5673 2626 5729 modo
2648 5681 2845 5728 tantam
2865 5671 3003 5728 aeris
3027 5668 3406 5742 longitudinem
3426 5681 3547 5740 per.

3160 5770 3199 5833 8
