4070 6208
526 307 623 362 ηδ

521 432 766 482 currens,
799 429 903 468 non
925 411 1147 475 laborat,
1179 424 1350 478 neque
1375 407 1654 475 fatigatur;
1677 399 1772 457 sed
1803 399 1965 468 pedes
1989 396 2106 465 qui-

523 512 644 566 dem
671 508 938 579 paululum
967 502 1230 574 progressi
1263 501 1506 554 fatiscunt
1525 506 1578 551 et
1603 497 1888 558 lassantur,
1925 489 2108 544 oculus

525 617 652 656 vero
680 609 878 654 tantam
908 597 1235 650 altitudinem
1261 603 1562 661 permeans,
1595 595 1898 652 tantamque
1927 579 2108 634 latitu-

525 695 728 758 dinem,
755 691 952 764 nullam
970 689 1130 743 sentit
1151 685 1530 740 infirmitatem.
1553 678 1812 746 Quoniam
1835 675 1974 729 enim
1996 685 2111 726 om-

531 787 674 838 nium
697 763 1058 836 membrorum
1079 778 1179 831 hoc
1207 784 1288 829 est
1308 771 1460 827 nobis
1480 770 1707 824 maxime
1728 763 2108 826 necessarium,

533 876 704 945 ipsum
748 873 926 926 labore
957 868 1120 940 premi
1165 883 1268 920 non
1299 863 1568 935 permisit,
1610 859 1678 912 ita
1717 865 1777 910 ut
1811 853 2112 922 expeditum

535 967 700 1036 ipsius
727 961 1099 1026 ministerium,
1131 967 1184 1012 et
1213 957 1432 1010 liberum
1461 952 1614 1006 nobis
1643 957 1804 1003 esset.
1835 945 1963 1012 Quis
1989 956 2115 996 vero

537 1071 749 1111 onmem
773 1053 994 1109 membri
1015 1051 1168 1120 hujus
1189 1049 1433 1102 virtutem
1451 1057 1695 1098 sermone
1716 1039 1978 1092 disserere
1997 1047 2116 1102 pos-

538 1148 658 1204 set?
682 1148 749 1201 Et
770 1145 892 1216 quid
912 1144 980 1198 de
1019 1141 1213 1212 pupilla
1241 1136 1556 1205 videndique
1579 1131 1828 1187 facultate
1851 1125 2012 1181 dico?
2060 1123 2116 1178 Si

542 1241 682 1293 enim
709 1236 850 1306 quod
876 1235 1110 1290 omnium
1135 1231 1448 1285 vilissimum
1473 1241 1594 1280 esse
1623 1223 1831 1278 videtur
1853 1218 2118 1274 membro-

543 1347 683 1396 rum,
700 1328 836 1383 oculi
871 1325 1146 1396 palpebras
1161 1320 1474 1392 quuisieris
1491 1327 1689 1371 tantum
1698 1313 1874 1378 modo,
1889 1321 1942 1366 et
1969 1311 2018 1364 in
2038 1309 2118 1362 his

545 1421 765 1474 multam
795 1419 887 1471 Dei
915 1419 1170 1470 creatoris
1193 1411 1504 1481 sapientiam
1537 1406 1760 1461 videbis.
1811 1403 1959 1458 Sicut
1978 1401 2116 1453 enim

545 1510 600 1563 in
641 1508 800 1574 spicis
841 1507 1017 1560 arista:
1053 1514 1320 1572 tamquam
1349 1499 1588 1569 quazdam
1627 1503 1882 1564 praetenta
1921 1490 2121 1560 spicula

549 1613 676 1652 aves
705 1597 988 1666 repelhmt,
1026 1609 1132 1647 non
1165 1593 1400 1645 sitientes
1429 1586 1620 1642 fructui
1663 1583 1912 1648 insidere,
1950 1589 2002 1634 et
2024 1579 2120 1633 sti-

551 1691 724 1758 pulam
755 1687 1096 1742 infirmiorem
1119 1683 1456 1752 diffringere:
1479 1680 1554 1734 sic
1582 1677 1816 1748 profecto
1846 1673 1968 1727 etin
1999 1686 2125 1724 ocu-

551 1779 638 1843 lis,
677 1779 818 1832 velut
854 1777 1094 1846 quaedam
1136 1775 1310 1827 arista:
1364 1781 1418 1826 et
1455 1769 1652 1838 Spicula
1705 1773 1960 1836 prietenta
2005 1770 2126 1816 sunt

552 1866 922 1936 palpebrarum
976 1865 1107 1934 pili,
1151 1863 1422 1932 pulverem
1465 1869 1518 1913 et
1557 1858 1786 1912 festucas
1841 1865 1895 1910 et
1948 1851 2126 1906 omnia

553 1965 800 2011 vexantia
825 1957 1155 2010 extrinsecus
1182 1952 1503 2022 repellentes
1529 1949 1597 2002 ab
1633 1947 1821 2012 oculis,
1866 1959 1965 1998 nec
2013 1942 2128 2013 pal-

555 2047 748 2116 pebras
782 2045 1019 2099 infestari
1065 2047 1318 2099 sinentes.
1363 2041 1556 2112 Videas
1586 2047 1762 2092 autem
1802 2045 1855 2090 et
1907 2035 2126 2088 alteram

555 2139 870 2208 sapientiam
907 2138 960 2190 in
1001 2135 1300 2206 superciliis
1331 2133 1430 2188 hac
1467 2147 1572 2186 non
1625 2130 1947 2184 inferiorem.
1999 2126 2129 2190 Quis

555 2230 698 2282 enim
728 2229 898 2296 ipsum
930 2228 1088 2282 situm
1117 2242 1222 2280 non
1253 2223 1628 2293 Obstupescat?
1666 2220 1914 2290 quoniam
1956 2230 2129 2286 neque

555 2319 692 2374 ultra
719 2333 1022 2374 mensuram
1049 2318 1325 2388 promissa:
1349 2325 1490 2380 sunt,
1517 2315 1586 2368 ita
1614 2322 1670 2367 ut
1697 2313 1880 2366 oculos
1905 2309 2128 2363 obtene-

554 2411 730 2473 brcnt,
775 2424 944 2480 neque
983 2425 1140 2479 quam
1167 2423 1301 2477 epus
1344 2415 1425 2462 est
1461 2405 1683 2459 interius
1723 2401 1990 2465 resident;
2039 2396 2130 2452 sed

556 2502 702 2556 velut
725 2501 914 2556 domus
942 2500 1262 2570 suggrunda,
1303 2500 1380 2553 sic
1409 2511 1638 2566 superne
1673 2495 1926 2557 eminent,
1968 2491 2130 2545 sudo-

557 2606 672 2646 rem
698 2591 869 2660 capite
895 2590 1210 2646 deﬂuentem
1231 2589 1714 2658 suscipientes,nec
1741 2584 1922 2640 oculos
1939 2581 2132 2636 laedere

560 2682 946 2750 permittentes.
991 2679 1275 2748 Propterea
1316 2678 1525 2747 quidem
1573 2687 1624 2730 et
1656 2676 1744 2744 pili
1794 2673 1922 2742 ipsis
1965 2671 2127 2726 innati

559 2780 706 2834 sunt,
730 2771 990 2825 densitate
1033 2769 1316 2824 deﬂuentia
1359 2777 1686 2832 cocrcentcs,
1725 2778 1777 2820 ct
1813 2765 1978 2820 multa
2011 2779 2132 2817 cum

560 2863 830 2933 diligentia
862 2873 1233 2932 protegentes,
1280 2861 1668 2928 afferentesque
1707 2860 1926 2911 multam
1968 2855 2134 2911 oculis

561 2952 962 3008 formositatem.
991 2953 1099 3007 Nec
1123 2953 1224 3007 hoc
1252 2962 1450 3008 tantum
1483 2951 1598 3020 quis
1637 2949 1885 3004 admirari
1917 2957 2129 3017 posset,

561 3045 654 3098 sed
677 3053 730 3098 et.
755 3044 896 3098 aliud
916 3059 1019 3098 non
1049 3045 1222 3098 minus
1247 3058 1402 3113 quam
1423 3043 1537 3096 hoc.
1559 3041 1671 3107 Qua
1697 3042 1836 3094 enim
1864 3039 1928 3094 de
1953 3054 2128 3103 causa,

562 3151 761 3204 qtneso,
790 3137 978 3206 capitis
1007 3137 1216 3206 quidem
1247 3135 1422 3204 capilli
1467 3145 1712 3188 crescunt
1745 3143 1796 3185 et
1837 3131 2132 3186 detoudcn-

563 3239 665 3292 tur,
699 3230 1100 3298 superciliorum
1127 3243 1251 3281 vero
1269 3225 1522 3282 minime?
1549 3240 1720 3294 neque
1747 3225 1888 3278 enim
1925 3222 2024 3276 hoc
2038 3237 2136 3275 no-

561 3319 644 3375 bis
671 3329 869 3375 temere
887 3331 941 3376 et
972 3335 1096 3375 casu
1127 3319 1322 3374 factum
1347 3327 1446 3382 est,
1477 3316 1568 3372 sed
1601 3331 1666 3370 ne
1699 3330 1756 3370 se
1797 3313 2136 3368 demittentes

564 3413 745 3467 oculos
771 3415 1200 3481 obtenebrarent,
1237 3414 1378 3484 quod
1418 3412 1674 3482 decrepiti
1723 3427 1880 3466 senes
1925 3412 2136 3480 patiun-

565 3513 669 3557 tur.
701 3503 827 3570 Quis
845 3515 1020 3559 autem
1043 3515 1220 3576 posset
1251 3505 1562 3576 sapientiam
1609 3519 1821 3557 omnem
1853 3518 1946 3572 per
1983 3517 2135 3557 cere-

567 3594 1152 3650 brumdemundralam
1200 3595 1660 3650 commemorare?
1701 3595 1875 3648 Primo
1919 3593 2133 3664 quidem

563 3685 732 3753 ipsum
763 3687 924 3739 molle
945 3685 1088 3750 fecit,
1129 3687 1376 3755 quoniam
1407 3685 1650 3740 sensibus
1681 3684 1854 3738 fontes
1888 3684 2136 3738 omnibus

565 3777 826 3829 minisrrat
859 3793 872 3830 :
903 3790 1083 3844 postea
1113 3793 1178 3830 ne
1209 3787 1420 3846 propter
1445 3776 1713 3846 propriam
1736 3775 1959 3828 laniatur
1984 3784 2137 3828 uatu-

564 3879 698 3928 ram,
733 3866 902 3932 ipsum
935 3867 1143 3919 ossibus
1162 3865 1389 3934 undique
1417 3865 1673 3918 munivit:
1713 3879 1925 3918 rursum
1953 3879 2022 3917 ne
2049 3878 2136 3917 os-

565 3955 702 4010 sium
743 3956 1024 4024 asperitate
1064 3957 1298 4008 attritum
1332 3965 1571 4022 vexetur,
1607 3957 1969 4008 membranam
2022 3971 2136 4010 mc-

566 4045 705 4098 diam
747 4045 1003 4110 obtendit,
1055 4059 1154 4098 nec
1203 4059 1359 4098 uuam
1409 4044 1598 4110 solam,
1653 4045 1746 4099 sed
1797 4055 1849 4099 et
1890 4046 2134 4112 alteram,

567 4154 722 4192 unam
763 4138 974 4206 quidem
1004 4136 1244 4190 calvaria:
1286 4135 1503 4210 inferius
1537 4135 1882 4202 subtendcns,
1915 4135 2136 4190 alteram

567 4245 695 4283 vero
724 4243 952 4298 superne
979 4228 1183 4282 cerebri
1211 4226 1353 4281 carni
1377 4227 1815 4293 circumvolvens,
1857 4239 1910 4282 et
1940 4236 2020 4282 est
2049 4227 2135 4282 illa

569 4323 668 4375 hac
694 4321 891 4374 durior.
926 4319 1036 4374 Hoc
1053 4329 1228 4374 autem
1259 4317 1384 4372 fecit
1416 4327 1524 4372 tum
1554 4327 1769 4388 propter
1808 4333 2136 4372 commemo-

567 4421 734 4467 ratam
762 4425 998 4474 causam,
1033 4418 1142 4462 tum
1168 4417 1223 4462 ut.
1261 4409 1432 4462 illatas
1459 4409 1614 4477 capiti
1652 4409 1832 4477 plagas
1877 4423 1980 4462 non
2031 4409 2138 4476 pri-

575 4517 720 4555 mum
750 4500 981 4568 excipiat
1017 4500 1316 4565 cerebrum,
1344 4497 1438 4552 sed
1464 4507 1910 4567 pra:oceurrentes
1955 4499 2137 4568 hujus-

571 4593 712 4648 modi
743 4592 1067 4646 membrana:
1108 4591 1297 4644 ictibus
1325 4599 1699 4644 nocumentum
1747 4605 1905 4644 omne
1947 4590 2140 4645 dissol-

571 4697 716 4753 vant,
743 4695 795 4740 et
823 4686 1043 4738 illazsum
1076 4684 1244 4752 ipsum
1269 4690 1599 4736 conservent.
1630 4681 1768 4748 Quin
1795 4693 1848 4736 et
1874 4681 2012 4751 quod
2035 4697 2137 4735 non

569 4783 910 4835 continuetur
933 4789 986 4832 et
1016 4791 1175 4832 unum
1205 4776 1276 4828 sit
1301 4788 1360 4828 os
1383 4775 1550 4843 ipsum
1578 4773 1851 4843 obtegens,
1885 4773 1977 4826 sed
2007 4774 2140 4826 mul-

570 4887 648 4929 tas
680 4890 744 4928 ex
776 4872 956 4927 multis
988 4871 1223 4940 partibus
1253 4867 1442 4922 habeat
1469 4875 1696 4930 suturas,
1731 4867 1908 4918 mulce
1931 4882 2139 4920 rursum

566 4965 868 5021 securitatis
894 4963 992 5031 ipsi
1022 4975 1181 5014 causa
1231 4969 1331 5014 est.
1385 4959 1450 5011 Et
1477 4972 1728 5025 vaporant
1777 4957 1916 5010 enim
1968 4957 2138 5026 ipsum

567 5057 954 5112 continentium
984 5052 1149 5106 facilis
1189 5066 1283 5120 per
1328 5061 1558 5113 suturas,
1604 5047 1720 5100 illas
1749 5047 1981 5100 exterius
2027 5047 2139 5102 fieri

569 5156 741 5214 potest
771 5145 1068 5214 respiratio,
1103 5145 1172 5197 ita
1202 5151 1384 5196 utnon
1412 5137 1698 5194 suffocctur
1737 5155 1750 5190 :
1799 5148 1854 5192 et
1897 5139 1940 5192 si
1989 5139 2136 5208 plaga

570 5241 811 5296 alicunde
838 5240 1112 5304 inferatur,
1149 5253 1252 5292 non
1296 5236 1489 5304 ubique
1537 5234 1596 5286 fit
1641 5243 2034 5288 nocumentum.
2083 5232 2138 5286 Si

571 5330 709 5384 enim
727 5332 897 5384 solum
925 5341 978 5384 et
1003 5331 1307 5384 continuum
1334 5341 1395 5381 os
1415 5334 1576 5392 esset,
1628 5325 1677 5378 in
1727 5339 1884 5378 unam
1937 5335 2138 5392 partem

571 5421 744 5476 delata
789 5422 936 5492 plaga
979 5431 1142 5478 totum
1171 5423 1434 5488 laesisset;
1491 5435 1631 5476 nunc
1679 5427 1855 5473 autem
1911 5433 2030 5473 cum
2085 5419 2137 5472 in

571 5513 732 5566 multa
781 5512 1006 5566 divisum
1056 5514 1143 5578 sit,
1187 5513 1288 5568 hoc
1335 5513 1446 5568 fieri
1469 5529 1572 5566 non
1601 5521 1796 5582 posset.
1837 5511 1948 5566 Etsi
1997 5511 2138 5564 enim

577 5620 734 5661 unam
763 5611 966 5672 partem
993 5604 1254 5658 vulnerari
1281 5605 1506 5670 accidat,
1547 5620 1608 5660 os
1637 5619 1792 5660 secus
1827 5603 1971 5658 illaut
2013 5618 2136 5674 par-

571 5705 676 5751 tem
720 5695 878 5752 situm
923 5693 1131 5750 laeditur
1157 5695 1353 5762 solum,
1383 5696 1584 5769 reliqua
1603 5710 1730 5757 vero
1755 5705 1940 5754 cuncta
1965 5708 2141 5752 rema-

1235 298 1289 354 S.
1331 293 1606 352 JOANNIS
1642 283 2120 346 CllllYSOS'l‘OMl
2160 275 2476 337 ABCIIIEP.
2516 266 3043 328 CONSTANTINOP.
3637 264 3721 319 ιιι

2217 401 2345 446 nent
2372 390 2556 467 illmsa,
2589 387 2755 456 plaga:
2804 381 3151 438 continuitate
3172 393 3240 434 ex
3287 377 3469 432 ossium
3511 377 3728 436 divisione

2215 483 2420 536 sublata
2441 521 2455 546 ,
2483 494 2580 534 nec
2605 479 2656 532 in
2680 475 2973 547 proximam
3001 469 3216 528 extendi
3245 470 3459 523 valente.
3487 469 3727 538 Propterea

2217 589 2284 628 ex
2308 573 2484 626 multis
2507 571 2670 640 ipsius
2693 578 2936 638 tegumen
2963 563 3172 618 ossibus
3195 561 3332 614 Deus
3357 559 3652 626 composuit:
3690 568 3735 612 et

2219 667 2353 720 sicut
2381 664 2596 718 domum
2625 659 2813 729 aliquis
2839 657 3130 720 mdilicans,
3163 661 3357 706 tectum
3382 661 3431 703 et
3453 649 3629 718 tegulas
3655 663 3731 702 su-

2221 755 2466 826 perponit
2495 768 2507 806 :
2543 753 2620 806 sic
2647 737 2804 820 supra
2831 759 2991 818 caput
3019 747 3158 799 Deus
3187 758 3305 798 ossa
3333 740 3510 794 locavit
3534 749 3581 793 et
3604 739 3741 806 capil-

2219 849 2298 903 los
2325 847 2445 902 fecit
2473 843 2794 915 germinare,
2845 851 2904 893 ut
2936 855 3030 908 pro
3055 833 3365 906 quihn~dam
3391 829 3567 900 galeris
3613 828 3740 896 capiti

2221 945 2418 990 essent.
2450 935 2558 988 Hoc
2580 935 2752 1002 ipsum
2775 929 3009 1000 profecto
3027 935 3079 980 et
3109 926 3160 978 in
3189 922 3348 977 corde
3371 920 3502 974 fecit.
3520 917 3744 986 Quoniam

2222 1029 2360 1082 enim
2393 1042 2486 1080 cor
2534 1025 2897 1078 membrorum
2939 1028 3244 1074 nOstrorum
3299 1011 3744 1084 principalissimum

2223 1127 2324 1183 est,
2353 1125 2406 1172 et
2433 1118 2592 1170 totius
2617 1116 2739 1168 vita:
2761 1121 2956 1167 nmine
2985 1111 3208 1164 lirmitas
3233 1117 3313 1162 est
3343 1107 3438 1176 ipsi
3481 1104 3670 1167 tradita,
3701 1114 3748 1158 et

2224 1211 2342 1280 ipso
2367 1209 2861 1278 quomodocumque
2891 1215 3140 1272 percusso
3170 1215 3316 1254 mors
3343 1197 3544 1261 accidit,
3593 1195 3752 1249 solidis

2225 1311 2278 1354 ct
2301 1300 2448 1353 duris
2475 1298 2684 1352 ossibus
2737 1295 2837 1348 hoc
2867 1293 3098 1362 nudique
3144 1288 3576 1354 circunnnunivit,
3599 1297 3648 1341 et
3681 1303 3756 1356 pe-

2225 1395 2386 1448 ctoris
2417 1393 2782 1463 prominentiis
2807 1400 2860 1444 et
2900 1389 3030 1458 tergi
3065 1386 3295 1455 scapulis
3326 1385 3489 1452 ipsum
3534 1381 3760 1452 posterius

2227 1486 2470 1540 munit-ns
2501 1501 2514 1536 :
2545 1495 2596 1538 et
2621 1482 2760 1552 quod
2789 1481 2842 1534 in
2872 1478 3076 1534 cerebri
3107 1476 3426 1531 membranis
3473 1473 3606 1537 fecit,
3630 1481 3676 1526 et
3717 1471 3762 1524 in

2229 1579 2330 1632 hoc
2348 1579 2484 1632 idem
2515 1577 2710 1629 factum
2733 1584 2833 1628 est.
2863 1572 2943 1626 Ad
2975 1572 3073 1624 hoc
3099 1569 3239 1623 enim
3291 1582 3359 1620 ne
3387 1565 3670 1633 frequenter
3691 1575 3764 1614 sa-

2232 1671 2387 1733 liens,
2419 1679 2471 1722 et
2499 1669 2550 1722 in
2574 1670 2649 1721 ira
2674 1664 3082 1735 hujusmodique
3109 1660 3338 1714 motibus
3383 1657 3648 1726 palpitans,
3688 1667 3766 1706 os-

2232 1761 2368 1816 sium
2399 1759 2668 1830 asperitati
2709 1755 3160 1812 circumstantium
3210 1747 3454 1818 inlligens
3502 1752 3771 1800 conteratur

2229 1863 2283 1910 et
2304 1854 2496 1916 doleat,
2525 1850 2715 1904 multas
2741 1858 2796 1903 et
2815 1847 2884 1901 ibi
2913 1844 3248 1900 mcn'ibranas
3273 1837 3556 1901 subtendit,
3583 1844 3632 1890 et
3669 1832 3771 1902 pul-

2231 1962 2443 2002 monem
2471 1943 2766 2014 supposuit,
2799 1941 2941 1995 velut
2966 1937 3125 1992 molle
3153 1931 3421 2004 quoddam
3464 1939 3670 1984 stratum
3707 1926 3777 1995 ip-

2232 2038 2341 2093 sius
2368 2036 2589 2092 saltibus
2614 2045 2907 2102 apponens,
2931 2037 2988 2082 ut
3027 2027 3241 2095 impune
3276 2035 3558 2091 erumpens
3602 2033 3663 2071 ex
3695 2015 3778 2069 hoc

2235 2131 2364 2185 nihil
2399 2127 2618 2182 noxium
2649 2125 2894 2194 patiatur.
2943 2121 3008 2174 Et
3035 2115 3162 2187 quid
3207 2115 3332 2170 dico
3385 2112 3451 2167 de
3499 2109 3704 2166 cerebro
3741 2113 3782 2160 cl

2234 2221 2414 2286 corde,
2447 2234 2564 2274 eum
2589 2219 2765 2282 utique
2790 2216 2833 2268 si
2865 2213 2982 2283 quis
3005 2211 3086 2264 vel
3113 2209 3178 2262 de
3200 2208 3332 2277 ipsis
3357 2205 3613 2275 unguibus
3655 2201 3784 2254 inve-

2235 2314 2392 2383 stiget
2419 2310 2636 2364 multam
2658 2317 2712 2362 et
2745 2307 2796 2359 in
2841 2304 2923 2358 his
2955 2301 3045 2355 Dei
3076 2298 3396 2369 sapientiam
3439 2294 3612 2348 videat
3652 2303 3789 2359 appa-

2235 2409 2604 2466 rentem,‘tum
2637 2413 2700 2451 ex
2733 2397 2965 2466 ipsorum
2994 2391 3184 2456 forma,
3209 2399 3328 2443 tum
3349 2403 3414 2442 cx
3445 2381 3718 2440 substantia
3743 2385 3787 2434 et

2236 2495 2382 2550 situ?
2409 2491 2626 2546 Licehat
2653 2490 2851 2550 dicere,
2880 2500 3043 2556 quare
3089 2493 3142 2538 ct
3179 2479 3548 2551 magnitudine
3589 2475 3794 2542 impares

2237 2587 2389 2640 nobis
2416 2584 2559 2654 digiti
2588 2581 2714 2648 sint,
2741 2591 2794 2634 et
2821 2578 2984 2632 multa
3011 2577 3109 2630 alia
3159 2573 3241 2627 his
3295 2573 3490 2642 plura;
3530 2567 3618 2621 sed
3661 2562 3792 2619 διιΠί-

2237 2679 2437 2734 cicuter
2457 2693 2522 2730 ex
2551 2674 2706 2728 dictis
2735 2669 3009 2725 attendere
3035 2665 3344 2721 volentibus
3370 2658 3628 2716 creatoris
3650 2651 3796 2710 nostri

2238 2769 2491 2838 sapientia
2521 2766 2612 2820 Dei
2641 2763 2862 2832 refulget
2889 2778 2901 2813 :
2934 2767 3208 2829 propterea
3241 2763 3456 2825 partem
3493 2751 3624 2804 hanc
3667 2743 3798 2799 labo-

2237 2861 2392 2915 riosis
2439 2859 2741 2927 relinquens
2792 2851 3169 2923 exquirendam
3238 2861 3369 2902 cum
3426 2839 3688 2912 diligentia
3745 2832 3802 2892 ad

2237 2954 2394 3008 aliam
2423 2959 2706 3005 convertar
2732 2944 3140 3014 oppositioncm.
3549 2941 3558 2948 '

2310 3045 2364 3098 4.
2399 3041 2562 3095 Homo
2590 3039 2890 3093 animalibus
2921 3033 3150 3089 euntibus
3203 3037 3447 3100 prastat,
3479 3020 3806 3095 quomodo.—

2239 3133 2384 3188 Multi
2417 3145 2642 3200 namque
2673 3136 2865 3198 praeter
2895 3125 3034 3179 dicta
3080 3131 3132 3176 et
3177 3119 3316 3174 illud
3364 3122 3673 3187 opponunt:
3701 3105 3811 3200 quid
3889 3127 3909 3142 ο

2240 3223 2450 3277 tandem
2481 3198 2524 3274 Si
2556 3198 2827 3273 brutorum
2859 3231 2948 3270 rex
2979 3221 3060 3268 est
3075 3213 3260 3273 homo,
3293 3219 3352 3265 et
3378 3209 3575 3263 robore
3602 3211 3654 3258 et
3671 3198 3808 3270 agili-

2240 3324 2346 3369 tate
2373 3321 2428 3367 et
2469 3310 2738 3366 celeritate
2789 3305 2954 3361 multa
3009 3305 3178 3372 ipsum
3225 3307 3500 3370 superant
3547 3287 3816 3350 animalia?

2239 3403 2432 3459 etenim
2465 3401 2678 3454 homine
2701 3396 2932 3452 velocior
2961 3408 3131 3464 equus
3179 3402 3240 3446 et
3269 3389 3595 3444 tolerantior
3619 3385 3729 3446 bos,
3765 3385 3812 3432 ct

2239 3494 2406 3548 levior
2431 3490 2628 3561 aquila,
2660 3497 2711 3543 et
2735 3486 2920 3540 fortior
2948 3485 3051 3538 leo.
3082 3481 3220 3549 Quid
3266 3480 3440 3551 igitur
3477 3477 3544 3531 ad
3593 3475 3704 3529 hzrc
3747 3469 3820 3522 di-

2239 3601 2364 3642 cere
2389 3580 2716 3654 possuinus?
2745 3577 2895 3644 Quod
2925 3585 2978 3631 et
3020 3575 3143 3628 hinc
3185 3574 3438 3626 maxime
3491 3567 3584 3622 Dei
3633 3563 3819 3632 sapien-

2241 3679 2368 3732 tiam
2407 3673 2792 3744 eognoscimns,
2829 3677 2880 3723 et
2929 3669 3188 3720 honorem
3231 3679 3348 3733 quo
3401 3677 3504 3716 nos
3548 3652 3822 3713 decoravit.

2240 3765 2487 3822 Velocior
2516 3763 2710 3832 quippe
2737 3774 2902 3829 equus
2923 3766 3004 3811 est
3031 3756 3281 3818 homine,
3314 3753 3416 3808 sed
3449 3751 3516 3806 ad
3541 3744 3822 3820 peregrina-

2241 3857 2398 3913 tionis
2449 3854 2782 3909 velocitatem
2833 3863 2970 3918 equo
3015 3845 3366 3901 commodior
3419 3841 3607 3896 homo.
3667 3835 3826 3904 Equus

2241 3963 2452 4019 nempe,
2492 3943 2731 4016 quamvis
2755 3941 2988 3996 omnium
3017 3937 3408 3991 velocissimus
3432 3943 3490 3988 et
3531 3927 3826 3986 fortissimus

2240 4045 2325 4108 sit,
2358 4044 2439 4096 vix
2462 4041 2684 4094 ducenta
2714 4035 2879 4090 stadia
2909 4047 3015 4086 uno
3043 4031 3130 4084 die
3167 4038 3406 4093 curret;
3461 4026 3628 4080 homo
3673 4027 3830 4073 autem

2240 4137 2434 4193 multos
2461 4149 2526 4189 ex
2547 4129 2882 4185 successione
2920 4138 3085 4194 equos
3133 4121 3202 4176 ad
3253 4136 3488 4176 currum
3531 4118 3750 4186 jungcns
3785 4115 3832 4161 et

2241 4229 2346 4284 duo
2373 4225 2658 4280 stadiorum
2703 4219 2864 4274 millia
2908 4214 3159 4283 expedire
3203 4211 3443 4281 poterit.
3486 4209 3674 4276 Itaque
3711 4194 3835 4270 quod

2241 4321 2318 4375 illi
2347 4317 2618 4378 velocitas,
2645 4311 2770 4365 huic
2794 4309 2927 4363 ratio
2959 4316 3012 4361 et
3039 4319 3127 4358 ars
3151 4319 3288 4358 cum
3321 4302 3526 4371 majori
3558 4297 3739 4353 tribuit
3757 4305 3836 4343 su-

2244 4404 2660 4481 perabanduntia
2687 4419 2702 4457 ε
2733 4411 2786 4456 et
2813 4409 2918 4454 tam
2949 4396 3158 4450 veloces
3187 4393 3428 4464 quidem
3475 4389 3642 4462 pedes
3695 4385 3838 4439 homo

2243 4519 2349 4557 non
2393 4501 2552 4554 habet
2578 4511 2735 4566 quam
2771 4494 2878 4558 ille,
2930 4489 3090 4543 habet
3141 4502 3286 4541 vero
3337 4485 3518 4556 pedes
3563 4483 3701 4537 illius
3747 4489 3839 4528 non

2243 4596 2417 4650 minus
2443 4605 2600 4662 quam
2630 4602 2754 4642 suos
2785 4585 2884 4638 sibi
2913 4581 3320 4636 ministrantes.
3375 4577 3675 4632 Brutorum
3715 4565 3842 4623 enim

2243 4685 2443 4739 nullum
2470 4678 2660 4734 animal
2689 4673 2830 4728 aliud
2857 4672 2920 4726 ad
2950 4686 3100 4725 usum
3131 4683 3304 4722 suum
3355 4667 3658 4737 subjugare
3703 4667 3844 4728 pote-

2242 4778 2354 4841 rit,
2386 4773 2545 4827 homo
2578 4778 2756 4822 autem
2786 4763 2962 4819 omnia
3007 4759 3354 4832 aggreditur,
3409 4767 3471 4813 et
3517 4770 3616 4826 per
3661 4748 3846 4805 variam

2243 4840 2601 4922 artemaDeo
2640 4856 2738 4912 sibi
2791 4852 3054 4915 traditam,
3107 4848 3176 4902 ad
3237 4863 3417 4901 usum
3479 4847 3584 4901 sibi
3635 4840 3848 4897 maxime

2243 4953 2642 5012 convenientem
2685 4945 2987 4999 animalium
3030 4937 3295 5010 quodque
3347 4937 3578 5008 subigit.
3625 4933 3684 4990 Si
3733 4941 3848 4986 vero

2245 5059 2349 5103 tam
2383 5045 2542 5098 fortes
2575 5040 2842 5094 hominum
2870 5032 3032 5103 pedes
3059 5045 3226 5099 quam
3258 5043 3548 5099 equorum
3601 5025 3846 5080 fuissent;

2241 5138 2307 5192 ad
2333 5135 2433 5188 alia
2457 5132 2678 5186 fuissent
2699 5126 2932 5189 inutiles,
2975 5121 3042 5176 ad
3091 5121 3358 5176 locorum
3413 5119 3760 5175 difﬁcultates
3803 5117 3851 5164 et

2243 5227 2501 5282 montium
2539 5222 2765 5275 vertices
2789 5225 2842 5271 et
2881 5214 3126 5268 arborum
3185 5213 3570 5266 ascensiones
3605 5228 3618 5266 :
3675 5201 3852 5274 ungula

2242 5321 2382 5373 enim
2413 5315 2478 5369 ad
2506 5313 2625 5367 talia
2650 5323 2863 5381 gressus
2885 5303 3136 5374 impedire
3166 5303 3351 5360 solet.
3379 5302 3579 5372 Itaque
3601 5297 3702 5354 etsi
3729 5291 3854 5349 mol-

2243 5411 2402 5464 liores
2429 5408 2663 5476 ipsorum
2693 5399 2874 5471 pedes,
2903 5405 3076 5451 tamen
3102 5393 3377 5462 pluribus
3409 5392 3704 5465 opportuni
3735 5393 3852 5442 sunt

2243 5502 2576 5566 utilitatibus,
2623 5505 2676 5552 et
2721 5493 2851 5550 nihil
2895 5507 2962 5547 ex
3015 5487 3348 5543 infirmitate
3396 5488 3694 5550 lzeduntur,
3747 5479 3860 5549 equi

2245 5605 2438 5652 Virtute
2465 5593 2564 5649 sibi
2594 5590 2874 5653 serviente,
2908 5592 2962 5640 et
2991 5596 3084 5653 per
3107 5595 3356 5650 gressus
3405 5581 3680 5636 varietate
3729 5583 3863 5641 pra:-

2241 5689 2460 5749 cellunt.
2485 5685 2708 5742 Rursum
2740 5691 2822 5739 est
2847 5679 3034 5754 aquila:
3063 5672 3252 5728 levior
3299 5672 3418 5740 ala,
3449 5669 3552 5727 sed
3609 5675 3691 5723 εει
3741 5657 3862 5717 mihi
