4070 6208
194 297 300 354 125

194 413 331 464 ratio
351 420 406 463 et
430 422 537 473 ars,
570 394 666 478 per
709 423 867 478 quam
923 422 1146 478 possum
1189 411 1364 462 oumia
1408 411 1635 464 volantia
1682 411 1775 466 de-

193 500 413 556 trahere
438 500 686 554 animalia
713 507 767 555 et
796 513 1008 569 capere.
1032 500 1085 554 Si
1110 516 1234 557 vero
1264 502 1342 554 vis
1361 512 1414 554 et
1438 503 1575 555 alam
1606 518 1776 557 meam

192 592 399 647 videre:
423 590 595 647 habeo
617 591 705 645 illa
734 591 901 646 multo
930 591 1207 655 leviorem,
1239 608 1342 647 non
1375 609 1540 663 usque
1560 594 1625 648 ad
1658 605 1738 648 sta

190 682 278 735 dia
308 681 519 748 decem,
548 682 631 736 vel
663 678 870 755 viginti.
904 697 1002 736 nec
1025 698 1188 752 usque
1208 684 1273 736 ad
1294 683 1501 744 caelum.
1535 685 1626 739 sed
1684 700 1770 736 sn-

190 789 289 842 per
327 774 500 841 ipsum
526 772 713 829 omium
743 774 1039 828 eVolantem
1068 784 1121 828 et
1147 789 1308 843 super
1330 776 1518 829 coelum
1558 776 1676 829 cmli
1704 791 1783 827 su.

194 862 404 930 perius,
434 862 522 918 ubi
549 873 632 919 est
650 863 893 919 Christus
920 864 969 917 in
996 863 1179 918 dextra
1223 864 1315 920 Dei
1361 865 1573 920 sedens.
1624 867 1780 920 Bruta

189 970 409 1006 rursum
441 954 493 1007 iu
522 968 749 1024 corpore
772 963 962 1024 gerunt
1006 969 1153 1009 arma
1187 973 1201 1008 :
1252 964 1376 1024 puta
1422 956 1515 1011 bos
1560 972 1778 1021 cornua,

186 1043 384 1097 dentes
401 1058 550 1113 aper,
577 1060 776 1114 ungues
803 1045 884 1100 leo
914 1065 930 1111 ;
959 1045 1088 1099 mihi
1134 1061 1261 1121 vero
1292 1061 1396 1100 non
1445 1047 1495 1100 in
1541 1049 1782 1117 corporis

187 1144 383 1188 natura
415 1135 555 1190 Deus
579 1150 728 1189 arma
779 1137 1035 1206 reposuit,
1081 1136 1174 1191 sed
1232 1144 1395 1191 extra‘
1421 1153 1613 1208 corpus
1638 1180 1651 1200 .
1684 1139 1780 1194 de-

185 1234 500 1279 monstrans
519 1225 660 1294 quod
688 1225 884 1279 animal
906 1227 1033 1281 mite
1078 1227 1147 1281 sit
1188 1226 1368 1294 homo,
1413 1228 1629 1299 etquod
1675 1244 1781 1284 non

185 1314 320 1370 mihi
370 1331 584 1384 semper
610 1316 794 1369 horum
829 1327 1037 1385 tempus
1079 1333 1349 1374 armorum
1387 1334 1400 1372 :
1435 1320 1628 1375 ctenim
1677 1320 1783 1375 fre-

186 1414 424 1473 quenter
465 1406 676 1476 quidem
719 1407 770 1476 ip
801 1424 828 1460 a
880 1408 1123 1476 depono,
1183 1425 1558 1481 nonnunquam
1606 1422 1779 1468 autem

189 1498 444 1553 manibus
465 1514 641 1554 sumo.
680 1497 747 1555 Ut
779 1498 936 1569 igitur
963 1501 1095 1556 liber
1128 1511 1181 1557 ct
1226 1502 1501 1558 absolutus
1544 1504 1665 1568 sim,
1715 1520 1781 1560 ne

186 1602 409 1657 semper
432 1598 645 1659 gestare
669 1604 829 1658 C033?
864 1605 1038 1657 arma,
1070 1606 1099 1645 a
1150 1603 1334 1647 natura
1366 1607 1482 1648 mea
1536 1605 1778 1665 separata

187 1677 317 1733 fecit
356 1679 473 1751 ipsa
517 1682 675 1737 Deus.
732 1683 846 1736 Non
902 1684 1045 1738 enim
1093 1693 1319 1749 tantum,
1367 1686 1486 1757 quia
1537 1697 1779 1742 naturam

186 1767 453 1824 habemus
479 1771 814 1837 rationalem,
860 1772 1017 1828 bruta
1042 1789 1374 1844 superamus,
1424 1777 1518 1832 sed
1562 1787 1614 1833 et
1655 1794 1781 1835 cor-

187 1877 317 1928 pore
346 1861 480 1931 ipsis
502 1874 849 1932 pra-stamus:
904 1873 957 1918 ct
984 1863 1086 1919 hoc
1112 1867 1252 1920 enim
1282 1868 1472 1922 animae
1510 1871 1781 1939 generosi-

185 1954 281 2007 tati
335 1954 681 2019 conveniens,
756 1963 811 2010 et
859 1956 1121 2012 mandatis
1170 1956 1287 2027 ejus
1333 1957 1580 2013 idoneum
1639 1961 1780 2017 Deus

184 2045 553 2114 prmparavit:
585 2045 781 2100 etenim
805 2060 1000 2115 corpus
1028 2046 1132 2101 tale
1151 2063 1255 2104 non
1280 2056 1478 2104 temere
1500 2050 1644 2118 fecit,
1685 2054 1779 2106 sed

184 2137 347 2206 quale
373 2137 531 2191 decet
550 2151 669 2191 esse
709 2138 952 2192 rationali
988 2147 1189 2193 natura:
1215 2139 1523 2195 ministrans
1571 2158 1583 2193 :
1638 2142 1777 2211 quod

183 2228 287 2284 nisi
321 2228 429 2283 tale
458 2236 623 2294 esset,
658 2229 1001 2285 vehementer
1028 2230 1295 2301 impedita:
1325 2231 1557 2287 fuissent
1587 2235 1779 2289 anima:

184 2319 578 2387 Operationes;
615 2330 668 2376 et
717 2320 820 2375 hoc
855 2336 921 2376 ex
968 2322 1367 2393 a'gritudiuibus
1418 2324 1779 2386 manifestum.

186 2409 241 2463 Si
265 2410 416 2465 enim
447 2410 714 2465 modicum
745 2411 869 2481 quid
894 2427 923 2466 a
958 2428 1168 2482 propria
1204 2414 1582 2469 constitutione
1629 2431 1780 2471 aver-

188 2510 332 2554 tatur
362 2502 477 2570 ipse
505 2502 682 2557 carnis
725 2512 916 2570 status,
946 2503 1127 2557 multa:
1153 2519 1216 2558 ex
1271 2504 1461 2559 anima;
1510 2508 1780 2576 operatio-

188 2591 349 2645 nibus
376 2591 755 2660 impediuntur,
790 2601 912 2662 puta
942 2592 986 2646 si
1013 2593 1235 2646 calidius
1265 2593 1348 2648 vel
1402 2593 1641 2666 frigidius
1693 2612 1780 2652 ce-

189 2682 408 2737 rebrum
440 2682 547 2737 fiat.
572 2682 751 2753 itaque
779 2692 835 2737 et
858 2699 919 2737 ex
947 2699 1171 2753 corpore
1198 2684 1414 2739 multam
1459 2687 1551 2741 Dei
1579 2736 1585 2741 .
1602 2689 1781 2757 provi-

188 2775 429 2829 dentiam
462 2792 679 2831 ccrnere
708 2776 849 2843 licet,
879 2792 982 2831 nou
1012 2787 1213 2830 tantum
1241 2779 1489 2847 quoniam
1517 2780 1584 2834 ab
1632 2781 1781 2837 initio

190 2866 367 2933 ipsum
396 2865 782 2935 melius,quam
812 2882 951 2921 nunc
977 2877 1077 2932 est,
1124 2867 1262 2921 Deus
1313 2866 1457 2934 fecit,
1502 2870 1597 2924 sed
1648 2886 1778 2941 quo-

188 2958 334 3011 niam
366 2966 419 3011 et
446 2955 510 3009 ad
540 2958 762 3028 gloriam
795 2957 961 3011 multo
989 2957 1241 3027 majorem
1288 2973 1496 3013 rursum
1548 2961 1773 3015 resusci-

190 3050 349 3104 tabit.
377 3048 431 3103 Si
468 3064 590 3102 vero
616 3057 670 3103 et
694 3048 907 3104 aliunde
946 3049 1154 3105 discere
1192 3051 1291 3116 vis,
1333 3059 1583 3121 quantam
1644 3053 1781 3108 Deus

188 3142 512 3210 sapientiam
537 3142 677 3195 circa
705 3155 901 3210 corpus
929 3140 1389 3207 demonstraverit,
1437 3142 1613 3197 dicam
1658 3144 1781 3209 hoc,

188 3234 336 3303 quod
364 3235 600 3288 omnium
623 3234 850 3289 maxime
872 3234 1065 3288 Paulus
1085 3234 1333 3288 admirari
1379 3234 1590 3290 assidue
1630 3237 1780 3290 vidc-

188 3335 296 3379 tur.
353 3323 494 3393 Quid
538 3333 714 3379 autem
757 3325 856 3380 hoc
911 3324 1034 3380 est?
1080 3324 1312 3380 Membra
1358 3325 1583 3381 alterum
1627 3329 1780 3383 alteri

190 3426 453 3485 pastore
475 3413 619 3480 fecit,
650 3432 755 3469 non
785 3416 835 3469 iu
866 3416 1071 3481 iisdem,
1103 3416 1196 3470 sed
1227 3415 1342 3471 ιιωο
1395 3417 1605 3487 quidem
1657 3418 1781 3495 pul-

185 3510 500 3565 chritudine
521 3512 809 3581 prrevalere
835 3512 1045 3579 statuit,
1066 3511 1156 3564 illa
1174 3525 1302 3565 vero
1330 3510 1522 3565 robore
1555 3528 1570 3563 :
1629 3523 1778 3582 puta,

189 3605 421 3674 pulcher
445 3607 653 3669 oculus,
681 3604 775 3660 sed
807 3604 1051 3660 fortiores
1080 3606 1242 3676 pedes
1271 3623 1283 3658 :
1308 3606 1596 3676 pretiosum
1624 3616 1783 3675 eaput

193 3697 290 3751 sed
338 3696 524 3751 dicere
549 3713 651 3750 non
677 3705 848 3765 potest
879 3696 1120 3765 pedibus,
1149 3696 1299 3751 vobis
1323 3712 1455 3774 opus
1482 3711 1584 3751 non
1613 3695 1782 3753 habeo

191 3792 207 3856 (
234 3789 286 3842 Ι.
321 3787 446 3842 Cor.
482 3787 567 3841 12.
595 3788 657 3842 21
688 3788 733 3861 ).
766 3788 879 3843 Hoc
908 3798 963 3843 et
991 3789 1044 3843 in
1062 3789 1230 3844 brutis
1255 3804 1474 3843 cernere
1499 3788 1642 3852 licet,
1675 3787 1780 3844 hoc

188 3892 242 3936 et
268 3883 324 3935 in
361 3891 472 3936 tota
498 3883 696 3952 pariter
715 3883 841 3937 vita.
866 3882 977 3938 Rex
1006 3883 1162 3952 igitur
1182 3881 1408 3937 subditis
1429 3896 1562 3953 Opus
1596 3880 1775 3947 habet,

188 3975 395 4029 subditi
427 3990 573 4044 rege,
602 3976 737 4029 sicut
759 3982 919 4045 caput
937 3974 1180 4044 pedibus.
1207 3974 1272 4028 Et
1292 3989 1499 4030 rursum
1532 3976 1583 4027 in
1613 3972 1784 4029 brutis

188 4067 309 4123 hac
350 4068 569 4138 quidem
610 4078 735 4124 sunt
780 4067 1018 4132 fortiora,
1060 4066 1175 4122 h:ec
1220 4074 1397 4121 autem
1412 4064 1780 4134 speciosiora;

190 4159 301 4215 lucc
336 4175 439 4213 nos
466 4146 753 4223 delectant,
778 4158 893 4213 hzcc
921 4167 1099 4213 autem
1159 4157 1411 4212 amiciuut
1438 4174 1450 4211 :
1492 4166 1615 4228 puta
1636 4157 1784 4212 dele-

191 4258 303 4305 ctat
334 4266 511 4320 pavo,
558 4250 794 4304 nutriunt
822 4249 1030 4319 gallina:
1054 4264 1118 4304 ac
1145 4264 1301 4315 sues;
1333 4265 1458 4303 oves
1484 4257 1657 4303 autem
1690 4263 1783 4303 ve~

188 4343 362 4396 stium
389 4350 445 4395 et
472 4355 668 4409 caprae,
685 4340 1011 4395 collaborant
1039 4339 1136 4393 bos
1157 4346 1211 4393 et
1231 4338 1428 4391 asinus.
1447 4337 1580 4393 Sunt
1605 4348 1782 4393 autem

187 4445 243 4488 ct
264 4435 399 4498 alia,
425 4448 547 4503 qua:
574 4433 761 4488 horum
816 4433 1027 4503 quidem
1053 4431 1180 4485 nihil
1226 4431 1481 4500 prtebeut,
1527 4440 1785 4487 exercent

184 4536 378 4579 autem
400 4524 649 4578 virtutem
673 4532 931 4589 nostram,
972 4531 1030 4577 ut
1051 4522 1177 4577 fera:
1224 4531 1534 4577 venatorum
1590 4531 1785 4592 augent

186 4616 562 4671 fortitudinem
602 4624 657 4669 et
700 4616 889 4669 timore
941 4630 1108 4684 genus
1152 4622 1391 4667 nostrum
1413 4613 1681 4679 erudiunt,
1731 4621 1785 4668 et

183 4710 407 4763 cautius
426 4710 675 4770 reddunt,
700 4724 796 4763 nec
820 4708 1082 4763 modicum
1108 4707 1172 4761 ad
1197 4706 1510 4761 medicinam
1532 4706 1782 4761 tributum

184 4801 355 4856 mbts
380 4800 448 4854 de
471 4801 698 4870 propriis
721 4800 999 4855 conferunt
1030 4800 1302 4855 membris.
1331 4797 1512 4869 Itaque
1536 4814 1657 4855 cum
1687 4799 1781 4855 tibi

180 4894 315 4963 quis
342 4892 563 4957 dixerit,
585 4891 852 4962 quomodo
874 4890 1148 4945 brutorum
1168 4905 1229 4945 es
1274 4888 1544 4955 dominus,
1594 4905 1683 4960 qui
1715 4890 1781 4944 ti-

182 4999 312 5039 nues
333 4981 594 5037 leonem?
628 4980 892 5051 responde
925 4981 991 5036 ab
1019 4980 1170 5034 initio
1191 4995 1296 5035 non
1331 4979 1401 5033 ita
1452 4995 1511 5035 se
1560 4994 1648 5035 res
1690 4978 1785 5033 ha-

180 5078 401 5140 buisse,
423 5074 638 5147 quando
682 5075 821 5145 apud
873 5074 1039 5129 Deum
1091 5073 1145 5129 in
1196 5073 1586 5128 existimatione
1632 5082 1787 5129 erant

182 5168 450 5223 homines
470 5204 490 5232 ,
517 5166 727 5235 quando
752 5165 805 5220 in
828 5163 1077 5234 paradiso
1104 5164 1447 5219 morabantur
1472 5178 1487 5227 ;
1510 5163 1602 5218 sed
1637 5174 1783 5233 post-

178 5273 359 5328 quam
385 5256 671 5312 Dominum
699 5255 915 5322 offendi,
948 5255 1117 5310 servis
1145 5254 1313 5309 factus
1338 5271 1456 5309 sum
1484 5255 1778 5322 obnoxius,

182 5358 517 5405 nontamen
553 5347 795 5414 omnino,
853 5346 947 5402 sed
991 5346 1162 5401 habeo
1200 5346 1427 5417 aliquam
1471 5355 1641 5400 artem
1690 5360 1785 5416 per

178 5456 356 5511 quam
379 5437 524 5493 feras
543 5437 920 5509 supcreanic
946 5438 1079 5493 etin
1136 5438 1382 5493 domibus
1425 5436 1630 5507 magnis
1682 5453 1781 5493 usu

182 5530 364 5597 venit,
390 5538 448 5584 ut
478 5529 590 5594 lilii,
616 5530 858 5599 quamvis
882 5528 1088 5585 nobiles
1112 5528 1239 5594 sint,
1281 5528 1408 5583 dum
1454 5543 1640 5598 parum
1685 5544 1779 5582 va-

182 5623 301 5679 Iterat
328 5621 670 5687 auctoritate,
724 5636 1001 5677 servorum
1050 5620 1244 5675 multos
1280 5618 1602 5681 formident;
1657 5635 1778 5674 cum

176 5728 377 5773 autem
405 5724 459 5771 et
479 5715 833 5788 peccaverint,
857 5713 1022 5770 multo
1051 5712 1219 5786 magis
1256 5710 1492 5769 anxietas
1539 5709 1778 5768 intenda-

1216 298 1303 353 Μ)
1340 295 1659 356 POPULUM
1696 297 2175 357 ANTIOCHENUM
2234 298 2461 357 IIOMIL.
2495 301 2585 357 XI.
2656 304 2659 305 ⁷

3368 312 3465 367 τινα

1886 423 1987 466 tur.
2023 413 2146 468 llaec
2166 422 2220 468 et
2247 413 2313 468 de
2334 415 2670 485 serpentibus
2694 425 2748 472 et
2763 421 2982 489 seei-piis
3007 431 3063 477 et
3102 424 3297 493 viperis
3337 429 3457 485 liuet

1882 506 2083 570 dicere,
2108 505 2245 574 quod
2270 517 2484 576 prepter
2511 519 2783 578 peccatum
2816 513 2968 567 nobis
2989 514 3096 568 sint
3126 519 3410 575 terribiles.

1954 597 2008 650 5.
2043 595 2151 651 Nec
2173 612 2304 651 vero
2335 606 2532 653 tantum
2566 600 2617 653 in
2654 615 2877 670 corpore
2917 612 3099 658 nostro
3136 610 3424 665 conditioni
3445 644 3457 652 -

1885 687 2089 757 hosque
2127 690 2323 755 variis,
2361 700 2416 745 et
2461 691 2513 745 in
2555 692 2742 757 brutis,
2783 709 2967 750 verum
3001 706 3056 750 et
3096 698 3145 752 in
3191 701 3468 759 atboribtzs

1886 779 2193 834 varietatem
2218 782 2354 836 hanc
2383 792 2626 852 spectare
2647 787 2789 851 licet,
2817 797 2870 844 et
2895 790 3130 844 omnium
3158 793 3468 850 vilissitltant

1886 883 2028 938 smpe
2058 870 2238 926 videas
2268 874 2523 942 majorem
2554 891 2830 946 superare,
2867 896 2964 935 nee
2990 882 3166 937 omnia
3200 884 3250 937 iu
3279 886 3460 957 singu-

1886 959 1951 1014 lis
1979 976 2128 1028 esse,
2175 973 2232 1018 ut
2273 967 2449 1021 omnia
2491 968 2643 1023 nobis
2682 971 2785 1025 sint
2820 977 3154 1041 necessaria,
3186 988 3239 1032 et
3268 981 3465 1034 vari-uo

1890 1050 2097 1139 Domini
2132 1057 2440 1111 noverimus
2468 1060 2801 1128 sapientiam.
2832 1063 2949 1118 Noli
2981 1066 3139 1136 igitur
3168 1070 3331 1124 Deum
3357 1089 3470 1141 pro-

1886 1133 2004 1209 pter
2030 1147 2268 1214 corporis
2291 1151 2681 1219 corruptionem
2707 1168 2977 1222 accusare,
3003 1159 3095 1213 sed
3129 1170 3345 1230 propter
3368 1163 3469 1219 hoc

1885 1237 2052 1307 magis
2092 1239 2261 1308 ipsum
2311 1242 2472 1298 adora
2499 1285 2514 1310 ,
2565 1254 2618 1300 et
2659 1249 2971 1317 sapientiam
3000 1262 3047 1306 et
3081 1255 3465 1321 providentiam

1885 1327 2052 1396 ipsius
2073 1331 2336 1389 admirare
2358 1353 2371 1387 :
2391 1337 2705 1405 sapientiam
2734 1340 2968 1410 quidem,
2996 1348 3242 1414 quoniam
3273 1348 3325 1403 in
3356 1359 3462 1404 tam

1884 1422 2214 1489 corruptibili
2255 1439 2478 1495 corpore
2514 1436 2713 1483 tantam
2742 1434 2912 1501 potuit
2946 1416 3274 1493 harmoniam
3310 1442 3466 1497 exhi-

1886 1507 2049 1575 bere;
2084 1513 2470 1581 providentiam
2521 1533 2683 1588 vero,
2711 1523 2958 1588 quoniam
3000 1526 3169 1597 ipsum
3204 1536 3465 1604 corrupti-
3500 1586 3503 1587 ,

1888 1598 1992 1656 bile
2037 1602 2102 1656 ad
2147 1606 2337 1661 animo:
2380 1607 2503 1664 fecit
2549 1612 2861 1679 utilitatem,
2912 1625 2964 1670 ut
3004 1617 3165 1687 ipsius
3202 1598 3463 1679 tumorem

1885 1697 2235 1764 comprimat,
2275 1709 2329 1754 et
2357 1703 2660 1770 superbiam
2690 1708 2927 1777 castiget.
2964 1711 3137 1777 Quare
3177 1715 3330 1785 igitur
3360 1733 3463 1772 nou

1883 1785 1951 1840 ab
1975 1786 2124 1842 initio
2154 1789 2323 1858 ipsum
2355 1792 2459 1849 tale
2487 1793 2612 1848 fecit
2640 1795 2777 1850 Deus
2804 1840 2819 1864 ,
2851 1799 3016 1869 inquit
3041 1803 3266 1872 aliquis?
3289 1807 3465 1860 Excu-

1884 1893 2008 1933 saus
2034 1895 2094 1935 se
2123 1882 2212 1935 tibi
2241 1898 2336 1951 per
2365 1884 2475 1953 ipsa
2501 1901 2683 1956 Opera,
2712 1899 2764 1944 et
2792 1900 2991 1948 tantum
3017 1911 3121 1950 non
3144 1896 3328 1953 dicens
3365 1916 3459 1970 per

1884 1980 2131 2025 eventum
2161 1988 2176 2026 :
2209 1973 2323 2044 Ego
2352 1975 2565 2045 quidem
2599 1987 2650 2033 te
2678 1980 2743 2034 ad
2783 1982 3039 2051 majorem
3069 1988 3320 2043 vocabam
3363 1990 3462 2046 bo-

1884 2077 2091 2130 norem,
2122 2073 2179 2119 tu
2209 2081 2334 2121 vero
2365 2068 2588 2138 teipsum
2619 2086 2841 2129 munere
2864 2075 3135 2148 indignum
3164 2081 3462 2149 reddidisti,

1884 2155 2130 2224 paradiso
2173 2159 2458 2227 excideris;
2490 2172 2853 2221 verumtamen
2885 2184 3055 2239 neque
3097 2170 3174 2228 sic
3216 2182 3265 2228 te
3291 2174 3466 2245 despi-

1884 2248 2043 2314 ciam,
2075 2250 2168 2306 sed
2213 2265 2485 2323 peccatum
2520 2267 2664 2312 tuum
2694 2261 2969 2332 corrigens
2999 2263 3050 2317 in
3079 2265 3268 2320 cmlum
3301 2268 3465 2322 redu-

1884 2352 2023 2393 cam.
2055 2341 2264 2398 Etenim
2298 2355 2576 2416 propterea
2609 2358 2659 2405 te
2690 2351 2960 2409 tabescere
2984 2364 3034 2409 et
3055 2358 3322 2427 corrumpi
3352 2367 3467 2413 tau-

1886 2436 1995 2483 tum
2045 2435 2299 2502 temporis
2346 2438 2600 2507 permisi,
2650 2451 2709 2497 ut
2756 2441 2809 2498 in
2861 2445 3117 2514 temporis
3167 2448 3466 2516 prolixitate

1884 2519 2087 2575 stabilis
2110 2523 2126 2554 ¹
2160 2524 2249 2578 tibi
2297 2527 2388 2581 fiat
2416 2526 2729 2584 humilitatis
2757 2531 3033 2602 disciplina
3053 2575 3066 2598 ,
3100 2547 3154 2590 et
3178 2553 3465 2607 numquam

1884 2613 2115 2683 priorem
2162 2632 2401 2673 resumas
2444 2629 2698 2677 mentem.
2746 2623 2849 2677 Pro
2891 2623 2974 2681 his
3016 2628 3264 2682 omnibus
3313 2630 3468 2698 igitur

1884 2704 2078 2773 gratias
2098 2721 2313 2777 agamus
2340 2708 2569 2780 benigno
2596 2712 2723 2780 Deo,
2752 2722 2807 2768 et
2832 2730 2926 2784 pro
2955 2717 3049 2770 tali
3082 2733 3207 2773 cura
3242 2720 3467 2790 gratiam

1885 2796 2263 2864 rependamus,
2296 2815 2412 2870 qua:
2436 2803 2587 2858 nobis
2615 2805 2774 2859 etiam
2804 2806 2872 2861 sit
2909 2808 3049 2861 utilis
3077 2826 3090 2862 :
3120 2817 3175 2864 et
3212 2813 3465 2880 mandati,

1884 2884 1952 2942 de
1994 2903 2100 2957 quo
2146 2890 2295 2945 vobis
2342 2895 2535 2962 smpius
2586 2896 2848 2963 disserui,
2899 2901 3130 2954 studium
3181 2900 3469 2960 habeamus

1885 2979 2194 3033 maximum.
2242 2980 2424 3061 Neque
2460 2985 2600 3039 enim
2632 2985 2885 3043 desistam
2908 3030 2921 3054 ,
2949 2989 3120 3046 donec
3147 2992 3275 3047 illud
3301 3011 3468 3065 cxpe-

1884 3069 2088 3125 dicritis
2116 3091 2129 3124 :
2161 3073 2410 3143 quoniam
2440 3074 2541 3130 hoc
2565 3091 2668 3131 non
2694 3082 2947 3148 quatritur
2965 3096 2995 3136 a
3020 3082 3192 3149 nobis,
3219 3087 3469 3154 paucisne

1884 3175 1950 3214 an
1996 3163 2178 3217 multis
2220 3174 2432 3220 utamur
2473 3168 2963 3238 admonitionibus,
2998 3174 3094 3229 sed
3126 3184 3191 3229 ut
3206 3191 3272 3231 eo
3304 3193 3469 3248 usque

1885 3267 2200 3308 moneamus
2225 3295 2249 3321 ι
2268 3255 2440 3313 donec
2465 3258 2615 3313 vobis
2646 3263 3085 3329 persuaserimus.
3117 3264 3250 3321 Juila
3270 3267 3316 3325 is
3348 3271 3467 3338 qui-

1885 3342 2005 3398 dem
2033 3346 2170 3402 Deus
2202 3363 2296 3417 per
2336 3350 2648 3419 prophetam
2687 3353 2934 3410 dicebat:
2966 3356 3025 3412 Si
3070 3357 3139 3411 ad
3176 3360 3378 3429 judicia
3422 3370 3467 3413 et

1883 3438 2221 3493 contentiones
2235 3441 2503 3510 jejunatis,
2532 3454 2584 3496 ut
2611 3445 2733 3513 quid
2749 3445 2996 3515 jejunatis
3018 3446 3257 3518 (Isai.58.
3281 3451 3336 3504 4.
3366 3451 3419 3520 ἔτ)
3443 3452 3466 3503 ?

1885 3528 1987 3581 Per
2015 3543 2111 3583 nos
2138 3544 2265 3584 vero
2293 3532 2439 3586 vobis
2469 3533 2630 3598 dicet,
2655 3534 2708 3589 Si
2736 3536 2801 3589 ad
2824 3537 3123 3605 juramenta
3153 3548 3207 3594 et
3238 3543 3465 3610 perjoria

1878 3616 2166 3687 jejunatis,
2197 3631 2256 3675 ut
2282 3622 2404 3691 quid
2438 3622 2733 3692 jejunatis?
2768 3626 3047 3694 Quomodo
3087 3631 3226 3683 enim
3256 3645 3465 3686 sacrum

1885 3710 2183 3767 videbimus
2225 3714 2461 3784 pascha?
2506 3717 2772 3785 quomodo
2819 3730 3060 3773 sanetum
3115 3723 3466 3793 suscipiemus

1885 3802 2528 3875 sacrificium?quomodo
2582 3808 2912 3863 mirabilibus
2957 3812 3467 3869 connuunicabimus

1887 3896 2156 3966 mysteriis
2188 3896 2361 3968 lingua
2393 3898 2480 3952 illa
2509 3914 2609 3969 qua
2638 3899 2731 3955 Dei
2764 3901 2931 3971 legem
2954 3902 3475 3971 conculcavcrimus,

1886 3986 2064 4057 lingua
2089 3987 2197 4054 illa,
2227 4004 2329 4059 qua
2358 3989 2591 4044 animam
2613 3992 3183 4048 eontamiuaveriums?
3212 3994 3266 4050 Si
3311 4011 3469 4051 nemo

1886 4093 2113 4150 namque
2144 4095 2427 4150 purpuram
2458 4081 2689 4152 regalem
2723 4083 2966 4139 manibus
3001 4086 3242 4154 accipere
3288 4087 3463 4157 inqui-

1886 4170 2024 4224 natis
2065 4170 2320 4236 auderet,
2363 4171 2630 4243 quomodo
2679 4172 3010 4228 Dontiuicum
3054 4189 3247 4245 corpus
3292 4176 3465 4246 lingua

1887 4261 2084 4331 polluta
2113 4263 2501 4334 suscipiemus?
2528 4262 2898 4319 Juratneutnm
2930 4265 3071 4319 enim
3101 4266 3311 4335 maligni
3334 4308 3349 4328 .
3377 4283 3467 4322 sa-

1886 4353 2139 4410 crificium
2172 4370 2303 4411 vero
2327 4355 2556 4411 Domini.
2593 4355 2719 4422 Qua:
2759 4357 2913 4425 igitur
2949 4359 3333 4412 communicatio
3370 4361 3477 4416 luci.

1886 4445 1955 4498 ad
1997 4445 2252 4512 tenebras,
2294 4446 2371 4500 rel
2407 4462 2521 4518 quae
2562 4448 2901 4502 convenientia
2948 4447 3145 4504 Christo
3194 4449 3262 4502 ad
3305 4448 3470 4504 Belial

1888 4536 1980 4606 (2.
2013 4536 2130 4593 Cor.
2167 4538 2221 4597 6.
2258 4538 2344 4593 Η.
2376 4539 2523 4611 15)?
2549 4539 2699 4605 Quod
2729 4540 2884 4609 igitur
2912 4537 3013 4593 hac
3040 4540 3251 4594 liberari
3281 4540 3469 4609 impie-

1889 4634 1995 4682 tate
2044 4627 2381 4692 studueritis,
2437 4628 2716 4685 manifeste
2762 4628 2907 4695 scio;
2954 4629 3047 4684 sed
3092 4631 3339 4700 quoniam
3378 4647 3471 4701 per

1887 4716 2119 4786 seipsum
2167 4734 2271 4773 nou
2323 4719 2478 4774 facile
2523 4721 2747 4790 quisque
2790 4720 2919 4775 illud
2958 4722 3210 4791 eXpedire
3260 4734 3467 4793 potest,

1886 4808 2143 4867 faciamus
2185 4812 2428 4868 sodalitia
2467 4822 2522 4869 ct
2564 4814 2806 4870 classes:
2838 4825 2893 4871 et
2933 4817 3075 4887 quod
3118 4816 3170 4872 in
3215 4818 3471 4873 conviviis

1889 4916 2148 4971 pauperes
2178 4901 2409 4968 faciunt,
2439 4904 2689 4974 quoniam
2719 4920 2825 4961 non
2867 4915 3042 4976 potest
3068 4907 3291 4978 quisque
3324 4907 3470 4962 solus

1888 4993 2186 5047 convivium
2217 4993 2473 5049 exhibere
2515 4994 2808 5064 perfectum
2833 5038 2848 5064 ,
2876 4997 3257 5052 convenientes
3285 5013 3470 5054 ontues

1887 5097 1953 5138 ex
1997 5083 2240 5157 symbolo
2279 5086 2580 5141 convivium
2618 5087 2901 5143 conferunt
2931 5104 2945 5141 :
2976 5087 3076 5142 hoc
3102 5097 3155 5143 et
3183 5103 3281 5143 nos
3308 5086 3471 5144 facia-

1888 5188 2027 5242 mus,
2053 5174 2264 5244 quando
2289 5190 2385 5245 per
2413 5189 2512 5231 nos
2533 5176 2676 5245 ipsos
2708 5177 2898 5246 torpidi
2925 5191 3110 5231 sumus
3131 5217 3147 5245 ,
3176 5178 3366 5234 divisis
3391 5178 3469 5233 iu-

1889 5273 1969 5320 ter
1993 5280 2091 5320 uos
2115 5266 2258 5319 curis
2284 5281 2350 5321 ex
2381 5276 2537 5335 pacto
2563 5276 2858 5322 statuamus
2887 5266 3133 5324 conferre
3163 5269 3466 5337 consilium,

1886 5355 2231 5410 munitionem
2252 5395 2266 5420 ,
2294 5355 2718 5412 exhortationem
2741 5399 2756 5424 ,
2786 5358 3199 5428 increpatiouetn
3221 5401 3235 5424 ,
3260 5360 3471 5430 minas,

1885 5460 1943 5503 ut
1971 5462 2034 5503 ex
2066 5447 2392 5518 singulorum
2423 5449 2599 5505 studio
2636 5463 2824 5504 omnes
2869 5459 3021 5506 recte.
3051 5451 3466 5522 agamus.‘Quo-

1882 5538 2025 5595 niam
2067 5541 2208 5596 enim
2253 5542 2613 5612 proximorum
2659 5556 2745 5597 res
2779 5543 2986 5599 acutius
3029 5545 3268 5601 videmus
3305 5561 3469 5619 quam

1949 5721 1965 5753 ί
2001 5717 2194 5781 Qtddam
2218 5725 2360 5771 Mss:
2392 5716 2585 5785 Regula,
2612 5716 2735 5780 loco,
2761 5716 2962 5771 stabilis.
