4070 6208
579 297 682 354 ΙΞἹ

571 424 799 476 nostras,
831 423 934 462 non
962 405 1091 460 alios
1117 403 1479 460 custodiamus
1497 443 1514 470 ,
1545 412 1600 458 et
1629 403 1795 456 nostri
1826 401 1928 456 illis
1957 409 2140 456 custo-

567 508 708 562 diam
739 502 1084 565 mandemus,
1121 509 1176 556 et
1218 499 1318 554 hoc
1357 497 1636 568 pulchrum
1679 495 1934 548 faciamus
1973 502 2149 548 certa-

567 615 712 661 men,
743 606 803 652 ut
832 597 900 650 ita
931 605 1138 664 turpem
1166 593 1304 648 hanc
1332 589 1772 646 consuetudinem
1804 595 2112 656 superantes
2131 623 2148 650 ,

570 705 691 743 cum
734 686 924 740 ﬁducia
962 685 1028 738 ad
1061 685 1196 738 hanc
1239 691 1476 738 sanctam
1521 680 1799 734 veniamus
1841 674 2152 730 solemnita-

569 791 712 846 tem,
740 788 791 833 et
833 777 1003 832 sancti
1048 775 1332 846 participes
1371 775 1539 828 simus
1578 769 1967 826 sacrificiicum
1996 766 2154 822 beata

1283 290 1340 348 S.
1382 289 1662 348 JOANNIS
1687 287 2164 346 CHRYSOSTOMI
2202 289 2513 346 ARCHIEP.
2553 287 3085 346 CONSTANTINOP.
3483 303 3526 324 ﬁ

3743 297 3844 355 res

2259 415 2373 470 Spe,
2401 410 2456 456 et
2481 400 2804 456 conscientia
2827 399 2983 466 bona,
3007 399 3173 470 gratia
3204 409 3260 454 et
3286 399 3610 470 benignitate
3631 403 3835 460 Domini

2259 494 2424 548 nostri
2473 493 2602 548 Jesu
2645 492 2878 558 Christi,
2933 507 3029 563 per
3071 508 3231 562 quem
3281 504 3336 548 ct
3385 509 3504 548 cum
3547 511 3652 565 quo
3705 498 3842 554 Patri

2260 585 2426 654 gloria
2457 599 2558 638 una
2585 599 2708 639 cum
2733 581 2932 638 Sancto
2955 582 3174 654 Spiritu,
3205 584 3264 638 in
3289 585 3484 640 smcula
3503 587 3840 642 surculorum.

2264 677 2456 730 Amen.

595 871 3840 909 ww

576 965 786 1009 ADHUC
829 965 913 1007 ΑΒ
955 963 1134 1006 ΒΕὐΜ
1176 959 1550 1005 GRATIABUH
1592 955 1780 1000 ACTIO
1822 952 1942 996 PRO
1983 947 2264 994 ACCEPTA
2309 941 2498 988 VENIA
2541 938 2994 983 COMMISSORUM
3035 939 3284 983 CONTRA
3325 941 3788 987 IMPERATOBEM
3824 947 3840 986 ἶ

651 1065 733 1110 ΕΤ
773 1062 1123 1106 ΝΑΤυιιΑιιε
1167 1059 1250 1102 DE
1292 1057 1516 1102 MUNDO
1559 1051 2032 1100 SERMOCINATIO
2075 1051 2090 1091 ε
2136 1047 2217 1090 ET
2259 1041 2428 1097 QUOD
2471 1039 2772 1082 HOMINEM
2814 1038 3053 1082 CREANS
3098 1040 3258 1084 DEUS
3303 1039 3518 1084 LEGEM
3557 1043 3678 1086 IP51
3721 1045 3841 1087 NA‘

652 1163 730 1206 TU
741 1162 952 1205 “LEM
996 1157 1330 1203 lNDIDEBlT
1375 1157 1391 1197 2

1439 1156 1518 1198 ΕΤ
1561 1155 1645 1198 DE
1691 1149 2072 1196 JUBAMENTO
2115 1145 2274 1190 OMNI
2319 1138 2696 1183 DUJGENTIA'
2729 1137 3035 1181 YITANDO.

2001 1246 2418 1310 arcam»

1185 1381 1402 1422 ιιοιιιιιΑ
1444 1379 1538 1417 XII.

641 1469 694 1524 1.
727 1467 792 1522 Ει
837 1464 951 1520 heri
994 1461 1143 1525 dixi,
1187 1457 1511 1514 Benedictus
1539 1453 1715 1518 Deus,
1757 1459 1812 1506 et
1855 1445 2014 1501 hodie
2049 1441 2153 1496 hoc

567 1564 740 1632 ipsum
772 1569 956 1612 rursus
982 1553 1175 1608 dicam.
1205 1549 1316 1604 Etsi
1346 1548 1488 1602 enim
1532 1544 1710 1614 gravia
1747 1538 2150 1610 praeterierunt,

571 1665 748 1706 tamen
778 1645 1019 1718 gravium
1047 1641 1305 1697 memoria
1338 1653 1404 1692 ne
1433 1642 1735 1706 praetereat,
1764 1646 1866 1686 non
1897 1639 1955 1682 ut
1979 1625 2152 1680 dolea-

567 1755 710 1804 mus,
739 1737 832 1792 sed
861 1746 916 1788 ut
937 1733 1132 1804 gratias
1157 1745 1393 1801 agamus.
1417 1728 1470 1781 Si
1493 1726 1634 1781 enim
1661 1723 1920 1778 malorum
1941 1731 2148 1772 memo-

570 1833 647 1884 ria
688 1827 976 1890 manserit,
1016 1824 1278 1877 malorum
1323 1818 1651 1888 experientia
1679 1827 1964 1884 numquam
1995 1823 2151 1879 urge-

573 1925 663 1976 hit.
695 1919 830 1989 Quid
861 1919 1000 1973 enim
1028 1913 1358 1984 experientia
1388 1927 1522 1981 opus
1566 1919 1682 1974 est,
1729 1923 1850 1962 cum
1894 1901 2148 1959 memoria

572 2031 668 2068 nos
710 2009 982 2080 corrigat?
1012 2007 1160 2062 Sicut.
1201 2005 1360 2075 igitur
1403 2001 1678 2072 submergi
1719 2013 1816 2052 nos
1865 1998 2004 2051 Deus
2043 2007 2146 2047 non

569 2107 811 2178 permisit
840 2101 1192 2174 praesentibus
1235 2097 1514 2168 procellis,
1558 2094 1634 2150 sic
1681 2107 1852 2161 neque
1881 2105 1978 2143 nos
2007 2089 2150 2157 ipsos

571 2201 676 2252 illis
707 2197 927 2251 sublatis
953 2191 1146 2247 resolvi
1176 2191 1430 2243 sinamus.
1455 2185 1774 2241 Consolatns
1801 2191 1880 2237 est
1907 2195 2005 2234 nos
2025 2185 2149 2233 tunc

569 2299 854 2344 nio-rentes
878 2329 894 2354 ,
926 2287 1121 2358 gratias
1149 2283 1246 2354 ipsi
1280 2297 1420 2336 nunc
1461 2281 1699 2334 lmtantes
1728 2289 1945 2348 agamus
1975 2291 1987 2328 :
2020 2288 2150 2328 eon-

566 2384 768 2436 solatus
791 2389 874 2434 est
903 2377 1253 2446 suspirantes,
1286 2387 1458 2443 neque
1488 2369 1760 2424 deseruit:
1792 2367 1948 2437 igitur
1975 2375 2148 2432 neque

571 2493 668 2532 nos
713 2476 856 2544 ipsos
898 2484 1151 2542 prospere
1194 2477 1413 2536 agentes
1444 2463 1760 2536 prodamus,
1799 2459 1850 2512 in
1879 2467 2146 2526 torporem

569 2567 898 2621 declinantes
933 2581 946 2616 :
981 2577 1102 2615 nam
1139 2561 1395 2630 scriptum
1436 2565 1554 2612 est:
1588 2551 1874 2610 Recordare
1911 2545 2150 2616 temporis

569 2661 717 2729 [anns
761 2658 814 2710 in
854 2656 935 2709 die
972 2652 1212 2709 satietatis
1259 2649 1460 2722 (Ereti.
1489 2647 1576 2702 18.
1605 2645 1678 2701 25
1703 2645 1743 2716 ).
1783 2639 2150 2698 Recordemur

567 2753 745 2820 itaque
775 2757 1074 2817 temporum
1103 2742 1411 2799 tentationis
1441 2748 1494 2794 et
1523 2752 1622 2792 nos
1650 2737 1702 2790 in
1744 2735 1830 2789 die
1870 2731 2145 2787 remissio-

567 2846 684 2908 nis;
715 2841 840 2912 quin
889 2849 943 2895 et
989 2838 1044 2894 in
1090 2835 1322 2908 peccatis
1347 2836 1451 2888 hoe
1480 2831 1653 2901 ipsum
1693 2827 1966 2883 faciamus.
2005 2823 2076 2878 Et
2101 2822 2144 2875 si

567 2933 901 3007 peccaveris,
934 2941 987 2986 et
1018 2929 1110 2984 tibi
1157 2935 1369 2998 peccata
1413 2925 1554 2978 Deus
1595 2919 1889 2983 remiserit,
1937 2915 2147 2972 veniam

569 3005 782 3096 quidem
812 3023 1042 3092 suscipe,
1075 3027 1129 3074 et
1152 3017 1346 3088 gratias
1373 3029 1505 3085 age;
1539 3011 1743 3082 peccati
1770 3024 1896 3064 vero
1923 3021 1990 3061 ne
2015 3005 2149 3060 obli-

565 3119 792 3179 viscere,
825 3129 932 3167 non
961 3121 1017 3166 nt
1045 3111 1268 3179 teipsum
1293 3105 1612 3177 cogitatione
1638 3113 1940 3166 consumas,
1969 3097 2060 3154 sed
2090 3106 2148 3152 ut

566 3208 798 3260 annnam
845 3203 1037 3258 doceas
1083 3215 1186 3254 non
1229 3195 1510 3260 lascivire,
1542 3207 1712 3264 neque
1731 3205 1940 3246 rursum
1971 3189 2024 3243 in
2053 3203 2148 3243 ea-

566 3299 688 3352 dem
723 3295 908 3352 relabi.
938 3292 1026 3348 Sic
1053 3301 1108 3346 et
1144 3291 1338 3345 Paulus
1367 3287 1490 3342 fecit
1519 3305 1531 3340 :
1563 3301 1682 3340 eum
1712 3283 1856 3338 enim
1882 3280 2106 3338 dixisset
2131 3297 2144 3335 :

564 3389 792 3444 Fidelem
821 3401 900 3439 me
926 3381 1250 3444 existimavit,
1285 3395 1473 3450 ponens
1509 3378 1560 3432 in
1603 3375 1897 3441 ministerio,
1927 3372 2104 3427 intulit
2131 3389 2145 3426 :

569 3480 668 3547 Qui
697 3477 834 3548 prius
856 3474 1174 3544 blasphemus
1199 3471 1276 3540 fui
1300 3477 1344 3522 et
1370 3477 1713 3539 persequutor,
1745 3473 1792 3518 et
1818 3463 2148 3518 contumelio-

566 3589 652 3625 sus
675 3571 723 3641 (i
739 3612 752 3624 .
786 3568 916 3622 Tim.
943 3567 994 3622 l.
1027 3565 1114 3620 12.
1141 3565 1252 3632 15).
1276 3561 1625 3627 Traducatur,
1649 3558 1835 3628 inquit,
1856 3557 1964 3610 vita
1986 3555 2145 3621 servi,

567 3673 624 3716 ut
653 3669 904 3732 appareat
928 3657 1228 3713 humanitas
1253 3653 1473 3709 domini.
1499 3651 1610 3706 Etsi
1640 3649 1782 3704 enim
1811 3657 2146 3717 peccatorum

569 3753 780 3808 veniam
811 3749 990 3820 accepi
1015 3789 1029 3813 ,
1057 3763 1162 3800 non
1191 3753 1365 3800 tamen
1393 3741 1549 3813 ejicio
1577 3749 1917 3812 peccatorum
1946 3751 2150 3791 memo-

563 3848 721 3899 riam.
743 3842 853 3896 Nec
876 3840 1047 3894 solum
1073 3835 1276 3890 Domini
1299 3835 1400 3888 hoc
1419 3833 1796 3900 benignitatem
1815 3829 2148 3884 demonstra-

564 3935 676 3998 bat,
704 3932 796 3987 sed
826 3941 880 3984 et
909 3931 1054 3983 illum
1080 3928 1359 3982 clariorem
1387 3923 1628 3979 faciebat.
1657 3923 1789 3978 Cum
1829 3921 1970 3977 enim
2005 3919 2145 3974 didi-

563 4026 721 4088 ceris,
746 4023 864 4094 quis
882 4023 1030 4094 prius
1053 4019 1227 4084 fuerit,
1247 4027 1371 4072 tunc
1392 4019 1560 4086 ipsum
1583 4015 1749 4084 magis
1769 4011 2110 4068 admiraberis
2131 4029 2145 4064 :

563 4129 616 4172 et
643 4133 764 4172 cum
795 4113 992 4169 videris
1016 4127 1080 4166 ex
1111 4124 1217 4182 quo
1245 4107 1365 4179 quis
1395 4107 1562 4161 factus
1591 4106 1782 4174 fuerit,
1822 4113 1944 4158 tunc
1973 4103 2145 4174 ipsum

565 4211 733 4280 magis
759 4203 1157 4263 commendabis
1185 4219 1198 4256 :
1225 4209 1280 4256 et
1307 4201 1350 4256 si
1380 4199 1600 4254 multum
1625 4195 1944 4267 peccaveris,
1975 4204 2152 4248 muta-

565 4313 648 4355 tus
677 4300 799 4354 inde
823 4299 1014 4352 bonam
1043 4307 1191 4364 spem
1223 4290 1443 4346 habebis
1467 4307 1481 4343 :
1505 4303 1626 4343 nam
1666 4297 1855 4356 praeter
1892 4285 2064 4350 dicta,
2097 4293 2152 4339 et

565 4396 620 4449 in
646 4391 1015 4460 desperatione
1043 4386 1242 4458 positos
1267 4382 1565 4452 exemplum
1594 4381 1756 4435 allicit
1781 4390 1835 4434 et
1863 4393 2150 4449 exsurgere

564 4485 712 4540 facit.
739 4481 891 4550 Quod
918 4479 1130 4551 quidem
1167 4485 1222 4532 et
1263 4475 1314 4530 in
1347 4472 1563 4530 tivitate
1591 4481 1770 4526 nosn-a
1797 4469 1899 4526 erit
1927 4488 1940 4522 :
1972 4469 2151 4524 omnia

565 4577 706 4632 enim
735 4589 853 4644 qua:
885 4571 1253 4641 contigerunt,
1295 4575 1350 4622 ct
1376 4565 1624 4620 virtutem
1663 4573 1896 4619 vestram
1927 4561 2151 4616 demon-

564 4675 758 4729 strant,
792 4665 882 4736 qui
907 4678 1002 4733 per
1031 4659 1394 4731 pmnitentiam
1425 4665 1626 4712 tantum
1647 4657 1738 4710 ira:
1762 4653 2032 4724 depellere
2057 4667 2150 4722 po-

565 4759 806 4820 tueritis;
851 4765 907 4811 et
950 4753 1043 4809 Dei
1087 4749 1424 4807 clementiam
1456 4747 1775 4818 praedicant,
1814 4745 1903 4815 qui
1931 4745 2000 4799 ob
2033 4759 2151 4797 nio-

563 4853 738 4906 dicam
792 4846 1232 4909 conversionem,
1295 4853 1490 4896 tantam
1535 4839 1732 4895 nubem
1787 4837 2147 4892 imminentem

565 4943 783 4998 abstulit
808 4959 820 4994 :
849 4939 901 4994 in
927 4936 1298 5008 desperatione
1327 4947 1538 5004 quoque
1563 4931 1764 5001 positos
1791 4942 1980 4983 omnes
2004 4927 2151 4981 exci-

568 5047 638 5088 tat
660 5077 674 5100 ,
703 5035 968 5089 discentes
999 5045 1064 5084 ex
1095 5027 1255 5082 rebus
1281 5025 1478 5080 nostris
1506 5037 1657 5086 eum,
1692 5021 1780 5092 qui
1810 5019 1875 5073 ad
1904 5019 2151 5074 sublimia

567 5139 622 5178 et
650 5127 716 5180 atl
745 5126 834 5180 Dei
861 5121 1114 5176 auxilium
1144 5117 1412 5187 respiciat,
1437 5113 1676 5184 quamvis
1700 5111 1888 5166 infiniti
1919 5109 2154 5177 undique

568 5217 758 5270 tlurtus
802 5213 1146 5281 obstrepant,
1187 5205 1454 5276 submergi
1493 5219 1597 5258 non
1641 5218 1820 5273 posse.
1853 5201 1981 5269 Quis
2007 5200 2151 5255 enim

577 5307 731 5368 vidit,
763 5305 880 5374 quis
908 5303 1110 5358 audivit
1137 5315 1390 5370 umquam
1431 5297 1626 5353 nostris
1663 5297 1878 5352 casibus
1914 5295 2152 5351 similia?

573 5395 808 5466 quotidie
851 5395 1118 5449 civitatem
1166 5401 1402 5447 nostram
1447 5405 1566 5444 cum
1612 5390 1723 5444 suis
1767 5387 2154 5442 habitatoribus

572 5484 806 5540 funditus
834 5483 1117 5538 tollendam
1145 5497 1264 5538 esse
1291 5479 1690 5553 suspicabamur
1715 5496 1728 5534 :
1754 5477 1847 5533 sed
1885 5493 2004 5533 cum
2032 5477 2152 5532 dia-

569 5577 726 5632 holus
773 5574 1037 5643 navigium
1087 5575 1427 5640 submergere
1469 5569 1749 5641 sperabat,
1792 5577 1918 5623 tunc
1965 5583 2151 5637 puram

571 5666 803 5727 reddidit
831 5667 972 5721 Deus
999 5665 1445 5734 tranquillitatem.
1483 5663 1559 5718 Ne
1587 5662 1745 5734 igitur
1771 5661 2150 5718 obliviscamur

571 5757 950 5832 magnitudinis
980 5755 1239 5812 malorum
1261 5796 1274 5820 ,
1307 5765 1366 5810 ut
1389 5754 1765 5813 beneficiorum
1797 5771 1827 5812 a
1853 5755 1960 5812 Deo
1985 5753 2148 5811 colla-

2269 1369 2443 1416 torum
2482 1361 2895 1434 magnitudinem
2927 1362 3310 1418 recordemur:
3341 1365 3535 1420 etenim
3571 1367 3662 1436 qui
3702 1384 3842 1424 mor-

2265 1452 2450 1506 borum
2483 1463 2722 1508 naturam
2754 1455 2946 1520 nescit,
2971 1453 3162 1509 medici
3187 1465 3356 1510 artem
3384 1473 3666 1527 numquam
3688 1461 3840 1515 sciet.

2264 1543 2391 1599 Heec
2420 1555 2474 1600 et
2505 1547 2686 1615 pueris
2708 1547 2906 1600 nostris
2931 1547 3200 1612 dicamus,
3239 1559 3294 1603 et
3319 1549 3368 1602 in
3399 1551 3544 1606 mille
3573 1553 3846 1610 mittamus

2260 1637 2650 1710 generationes,
2679 1646 2732 1691 et
2759 1652 2946 1691 omnes
2969 1637 3198 1704 discant,
3223 1641 3492 1708 quomodo
3517 1642 3764 1697 diabolus
3791 1657 3846 1699 et

2260 1725 2488 1780 civitatis
2532 1727 2702 1782 solum
2732 1727 2916 1784 delere
2939 1728 3226 1793 studuerit,
3269 1739 3324 1785 et
3363 1735 3627 1802 quomodo
3671 1736 3843 1804 ipsam

2265 1817 2403 1870 Deus
2431 1818 2631 1887 lapsam
2662 1829 2716 1874 et
2741 1820 3002 1882 iacentem
3029 1835 3214 1876 rursus
3238 1823 3442 1892 erigere
3467 1827 3718 1894 potuerit,
3751 1844 3844 1883 nc-

2259 1925 2362 1978 que
2391 1910 2554 1964 ullum
2585 1911 2690 1981 pati
2719 1912 2970 1966 damnum
2999 1915 3343 1980 concesserit,
3371 1916 3437 1970 ad
3469 1918 3566 1970 hoc
3593 1927 3648 1972 et
3687 1920 3846 1974 timo-

2259 2015 2372 2056 rem
2400 2002 2672 2058 sustulerit
2691 2045 2712 2070 ,.
2735 2013 2790 2058 et
2815 2004 3076 2072 repulerit
3105 2021 3224 2060 cum
3253 2007 3418 2061 multa
3445 2009 3720 2064 celeritate
3751 2027 3844 2080 pe-

2257 2094 2502 2148 riculum.
2522 2097 2730 2151 Etenim
2751 2097 3078 2152 hebdomade
3104 2101 3364 2168 prmterita
3391 2101 3665 2158 facultates
3680 2103 3842 2176 diripi

2257 2198 2444 2240 omnes
2467 2187 2905 2255 exspectabamus
2926 2230 2942 2254 ,
2973 2196 3028 2243 et
3057 2189 3254 2244 milites
3285 2191 3438 2245 nobis
3481 2193 3692 2247 immitti
3719 2235 3736 2260 ,
3787 2205 3844 2251 et

2257 2273 2459 2327 infinita
2490 2275 2591 2329 alia
2619 2275 2757 2330 mala
2782 2278 3214 2347 suspicabamur;
3246 2281 3342 2335 sed
3369 2297 3493 2336 ecce
3531 2283 3620 2336 illa
3660 2287 3845 2340 omnia

2255 2365 2646 2434 prmterierunt,
2679 2376 2946 2438 tamquam
2975 2369 3164 2436 nubes,
3201 2371 3610 2426 etvelutumbra
3626 2381 3844 2440 prmter-

2258 2459 2400 2525 iens,
2461 2465 2512 2511 et
2543 2457 2656 2513 sola
2695 2459 3056 2514 calamitatum
3098 2462 3492 2529 exspectatione
3538 2463 3705 2532 puniti
3749 2479 3844 2519 su-

2254 2563 2403 2613 mus;
2451 2549 2558 2604 imo
2603 2567 2734 2606 vero
2775 2567 2876 2607 nec
2923 2553 3089 2622 puniti
3134 2569 3340 2620 sumus,
3380 2554 3473 2608 sed
3513 2558 3740 2611 correcti
3786 2567 3846 2614 et

2255 2640 2504 2696 meliores
2545 2639 2710 2708 facti,
2754 2644 2875 2713 quia
2905 2645 3042 2699 Deus
3067 2645 3409 2714 imperatoris
3438 2662 3530 2700 cor
3554 2649 3844 2705 emollivit.

2259 2730 2503 2784 Dicamus
2530 2733 2688 2800 igitur
2713 2748 2926 2802 semper
2945 2744 2998 2789 et
3020 2736 3253 2805 quotidie
3285 2754 3297 2790 :
3326 2737 3644 2792 Benedictus
3671 2741 3844 2808 Deus,

2256 2833 2309 2879 et
2335 2840 2454 2879 cum
2486 2825 2672 2896 majori
2701 2828 2874 2881 studio
2896 2830 3082 2900 synaxi
3105 2845 3372 2893 vacemus,
3399 2840 3454 2885 et
3477 2847 3752 2888 curramus
3773 2835 3850 2890 ad

2259 2915 2538 2971 ecclesiam
2561 2959 2576 2984 ,
2605 2917 2747 2972 unde
2775 2919 3054 2974 utilitatem
3094 2929 3292 2973 tantam
3331 2923 3654 2990 accepimus.
3681 2924 3850 2978 Scitis

2255 3007 2396 3061 enim
2438 3008 2506 3062 ab
2545 3009 2694 3063 initio
2739 3025 2847 3079 quo
2885 3010 3260 3081 confugeritis,
3302 3027 3406 3082 quo
3439 3015 3850 3080 concurreritis,

2257 3097 2396 3152 unde
2425 3098 2559 3153 facta
2603 3100 2673 3153 sit
2713 3100 2868 3154 nobis
2897 3101 3061 3156 salus.
3094 3101 3396 3156 Teneamus
3437 3103 3596 3173 igitur
3631 3119 3851 3159 sacram

2255 3203 2502 3244 ancoram
2525 3231 2539 3256 ,
2580 3199 2634 3244 et
2676 3191 2811 3245 sicut
2843 3190 2899 3244 in
2931 3204 3167 3262 tempore
3195 3194 3546 3263 periculorum
3589 3209 3689 3249 nos
3735 3211 3852 3250 non

2255 3279 2505 3349 prodidit,
2537 3281 2613 3335 sic
2641 3297 2812 3351 neque
2841 3297 2938 3336 nos
2965 3282 3135 3352 ipsam
3159 3283 3210 3337 in
3243 3293 3479 3353 tempore
3505 3287 3852 3342 remissionis

2255 3371 2652 3441 relinquamus;
2695 3372 2791 3426 sed
2839 3387 2960 3427 cum
3004 3387 3129 3426 cura
3170 3391 3493 3438 maneamus,
3520 3385 3573 3430 et
3604 3379 3854 3446 quotidie

2255 3461 2510 3517 faciamus
2551 3475 2847 3518 conventus
2889 3478 3211 3534 precesque,
3245 3465 3521 3535 divinaque
3559 3465 3856 3522 audiamus

2258 3552 2467 3622 eloquia
2493 3569 2506 3607 :
2539 3563 2591 3607 et
2619 3553 2760 3624 quod
2793 3553 3230 3624 impcndebamus
3261 3555 3426 3609 otium
3457 3565 3768 3625 satagentes
3794 3569 3856 3612 et

2254 3648 2463 3701 curiose
2491 3649 2839 3714 sciseitantcs,
2863 3663 2892 3702 e
2915 3647 3104 3701 castris
3125 3649 3388 3716 profectos
3411 3648 3855 3704 circumcurren—

2256 3746 2355 3803 tes,
2389 3755 2482 3807 pro
2511 3740 2824 3794 instantibus
2855 3740 3009 3792 malis
3037 3753 3216 3792 curam
3249 3748 3509 3809 gerentes,
3543 3740 3645 3794 hoc
3669 3753 3854 3797 totum

2255 3830 2459 3887 divinas
2502 3833 2644 3903 leges
2687 3831 2951 3886 audiendo
2995 3832 3397 3901 impendamus,
3433 3847 3536 3886 non
3577 3843 3761 3888 autem
3795 3837 3858 3888 in

2259 3921 2587 3990 importunus
2631 3933 2685 3978 et
2733 3923 2945 3977 inutiles
2985 3923 3427 3984 exercitationes.
3460 3939 3526 3976 ne
3565 3940 3756 3978 rursus
3795 3927 3858 3980 in

2255 4015 2398 4069 illius
2423 4014 2621 4084 negotii
2649 4017 3018 4070 necessitatem
3050 4029 3144 4068 nos
3176 4015 3317 4083 ipsos
3343 4015 3666 4084 redigamus.

2323 4105 2378 4160 2.
2409 4106 2596 4160 Tribus
2626 4107 2783 4177 igitur
2813 4107 3089 4176 praeteritis
3115 4107 3298 4161 diebus
3325 4123 3483 4160 unum
3511 4109 3868 4178 cognitionis

2256 4199 2347 4253 Dei
2379 4197 2590 4252 modum
2621 4200 3006 4268 quaerebamus,
3034 4201 3311 4268 ipsumque
3339 4200 3390 4254 in
3419 4199 3576 4254 fitiem
3604 4201 3868 4259 deduxi-

2259 4303 2397 4351 mus,
2429 4287 2838 4357 interpretantes
2861 4331 2881 4356 ,
2919 4291 3184 4360 quomodo
3219 4291 3344 4346 (Σωιὶ
3371 4303 3581 4346 narrant
3621 4295 3874 4364 gloriam

2257 4377 2352 4432 Dei
2379 4377 2555 4450 (Psal.
2589 4379 2671 4433 i8.
2704 4379 2777 4452 2)
2803 4397 2815 4432 :
2843 4391 2897 4435 et
2925 4383 3078 4451 quale
3105 4383 3314 4436 tandem
3345 4384 3410 4436 sit
3436 4385 3578 4438 Pauli
3609 4385 3868 4452 dictum,

2255 4470 2535 4526 Itwisibilia
2557 4473 2712 4542 ipsius
2728 4489 2758 4524 a
2777 4482 3000 4526 creatura
3019 4475 3190 4526 mundi
3216 4491 3304 4542 per
3323 4492 3398 4536 ea,
3417 4491 3531 4544 qua:
3549 4481 3690 4546 facta
3705 4491 3878 4546 sunt,

2254 4561 2505 4616 intellecta
2533 4565 2910 4630 conspiciuntur
2937 4561 2955 4632 (
2981 4563 3128 4616 Rom.
3169 4567 3213 4617 l.
3244 4565 3352 4632 ‘20)
3383 4583 3394 4617 :
3425 4575 3478 4619 et
3503 4567 3880 4623 demonstra-

2255 4653 2430 4707 vimus
2449 4694 2464 4720 ,
2493 4653 2758 4722 quomodo
2784 4669 2812 4704 a
2841 4663 3080 4707 creatura
3108 4655 3286 4708 mundi
3313 4696 3326 4712 .
3361 4667 3418 4710 et
3441 4657 3720 4725 q-uotmnlo
3761 4677 3880 4727 per

2255 4741 2445 4801 emittm
2474 4753 2528 4798 et
2554 4751 2748 4798 terram
2778 4753 2831 4798 et
2869 4759 3016 4798 mare
3045 4743 3260 4799 Ct‘eator
3285 4748 3627 4815 glorificatur.
3675 4750 3886 4808 Hodie

2253 4850 2382 4889 Vero
2403 4835 2673 4905 paulisper
2693 4836 2744 4890 iu
2765 4835 2902 4890 hanc
2922 4853 3129 4890 rursum
3153 4835 3506 4906 philosophati
3533 4843 3882 4908 materiam,

2255 4927 2322 4980 ad
2369 4928 2526 4980 alium
2568 4926 2909 4981 transibimus
2949 4941 3248 4981 sermonem
3281 4946 3293 4982 :
3327 4945 3430 4982 non
3463 4932 3604 4984 enim
3634 4939 3886 4986 tantum

2255 5019 2378 5074 fecit
2401 5017 2670 5080 mundum,
2699 5018 2794 5072 sed
2814 5019 2972 5072 etiam
2996 5030 3050 5072 nt
3081 5021 3246 5074 factus
3272 5031 3600 5089 cperarctur,
3623 5021 3846 5080 effecit
3867 5045 3886 5082 :

2255 5123 2426 5178 neque
2455 5118 2622 5162 totum
2652 5109 2973 5163 immobilem
3003 5109 3276 5164 dimittens
3303 5151 3318 5174 ,
3345 5125 3520 5178 neque
3547 5121 3735 5167 totum
3773 5116 3888 5184 ju-

2257 5201 2389 5255 bens
2418 5201 2616 5255 moveri
2642 5241 2656 5261 .
2689 5201 2782 5254 sed
2809 5201 2998 5258 coelum
3029 5202 3242 5270 quidem
3277 5203 3552 5256 immotum
3585 5219 3892 5272 permuta-

2257 5293 2345 5356 sit,
2373 5293 2508 5347 sicut
2534 5291 2788 5360 propheta
2821 5293 2989 5360 inquit.
3017 5309 3030 5346 :
3059 5291 3158 5358 Qui
3185 5293 3358 5346 statuit
3383 5293 3560 5346 ctutum
3587 5305 3898 5362 tantqunm

2257 5383 2576 5446 testudinem,
2603 5392 2648 5435 et
2675 5381 2893 5436 extendit
2919 5383 3086 5452 ipsum
3113 5393 3368 5454 tamquam
3397 5385 3664 5438 tentorium
3703 5405 3890 5459 sapt:

2256 5485 2438 5533 terram
2462 5475 2479 5546 (
2502 5473 2625 5529 Isai.
2647 5475 2734 5529 40.
2757 5474 2859 5544 2?.)
2890 5493 2903 5531 :
2933 5477 3009 5530 sol
3038 5493 3164 5530 vero
3185 5493 3303 5532 cum
3335 5477 3552 5547 reliquis
3577 5477 3908 5540 siderilms

2255 5567 2492 5638 quotidie
2519 5565 2684 5620 currit
2713 5582 2726 5618 :
2759 5577 2813 5620 et
2842 5582 3051 5620 rursum
3087 5577 3223 5622 terra
3259 5569 3358 5621 fixa
3389 5577 3503 5630 est,
3533 5583 3700 5636 aquae
3739 5589 3908 5630 vem

2261 5677 2476 5733 semper
2499 5669 2782 5714 moventur
2809 5677 2824 5713 :
2857 5673 2954 5714 nec
2981 5675 3130 5730 aqua:
3159 5671 3356 5713 tantum
3387 5701 3401 5723 ,
3433 5659 3524 5714 sed
3551 5668 3602 5713 et
3632 5665 3862 5722 ιιιιιιεις
3891 5714 3912 5738 ,

2258 5765 2310 5812 et
2340 5755 2542 5812 imbres
2573 5753 2880 5826 frequentes
2919 5763 2974 5809 et
3014 5752 3300 5808 suecessivi
3345 5759 3584 5822 tempore
3610 5763 3910 5828 ιιιιιψι-ῖυ
