4070 6208
228 271 331 329 ίΞἸ

1219 252 1339 332 ἰο
1370 277 1701 336 POPULUM
1741 279 2240 338 ANTIOCHENUM
2280 278 2515 336 HOMIL.
2561 276 2672 333 xu.

3584 285 3681 334 1:8

226 406 434 460 σωμεν.
471 389 689 461 Ἐπειδὴ
714 390 823 460 γάρ
842 389 910 445 τὰ
940 391 1051 445 τῶν
1087 392 1314 463 πλησίον
1346 393 1599 466 ὀξύτερον
1629 395 1898 467 βλέπομεν
2004 396 2098 467 τὴν
2131 394 2293 464 ἁγίαν
2321 392 2525 462 ταύτην
2556 391 2798 462 ἔλθωμεν
2830 391 3042 466 ἑορτὴν,
3071 393 3167 446 καὶ
3195 393 3295 463 τῆς
3326 393 3486 461 ἁγίας
3516 395 3680 465 μετά‹

224 476 259 546 ἦ
284 476 355 529 τά
380 475 646 547 ἡμέτερα,
674 480 838 548 ἡμεῖς
872 477 1091 550 ἐτέρους
1113 480 1491 553 φυλάττωμεν,
1520 482 1613 535 καὶ
1636 482 1736 555 τὴν
1764 484 1903 553 ἡμε-

2004 498 2221 552 σχωμεν
2271 480 2463 545 θυσίας
2503 476 2642 550 μετά
2672 480 2919 550 χρηστῆς
2958 480 3193 544 ἐλπίδος,
3235 481 3328 534 καὶ
3382 482 3683 545 συνειδότος

219 562 392 635 τέραν
436 563 679 635 φυλακὴν
720 565 1102 636 ἐπιτρέψωμεν
1158 568 1416 633 ἐκείνοις,
1459 569 1553 622 καὶ
1595 568 1694 640 τὴν
1729 569 1900 641 καλὴν
2000 568 2229 635 ἀγαθοῦ,
2261 567 2443 638 χάριτι
2470 568 2563 620 καὶ
2593 567 2975 638 φιλανθρωπίᾳ
3010 566 3105 619 τοῦ
3145 568 3349 639 Κυρίου
3379 568 3539 639 ἡμῶν
3578 569 3683 638 Ἰη-

220 650 461 721 ἆμιλλαν
505 652 707 722 ταύτην
755 654 1129 724 ποιησώμεθα,
1172 656 1260 709 ἵνα
1300 655 1443 709 οὕτω
1489 657 1900 728 περιγενόμενοι
2005 656 2099 709 σοῦ
2132 655 2389 726 Χριστοῦ,
2424 655 2491 708 δι’
2521 650 2581 709 οὗ
2616 654 2711 708 καὶ
2740 654 2857 725 μεθ’
2907 649 2967 709 οῦ
3009 653 3086 724 τῷ
3117 654 3292 724 Πατρὶ
3331 656 3364 724 ἡ
3405 655 3531 721 δόξα
3566 653 3685 723 ἁμα

220 737 321 810 τῆς
342 740 582 810 πονηρᾶς
601 738 802 810 ταύτης
831 741 1120 811 συνηθείας
1137 741 1311 816 ,[123]
1334 744 1472 813 μετά
1487 744 1900 816 παρρησίαςέπὶ
2001 743 2081 814 τῷ
2112 744 2251 814 ἁγίῳ
2279 742 2578 814 Πνεύματι,
2604 745 2683 807 είς
2708 743 2834 805 τοὺς
2853 742 3056 805 αἰῶνας
3083 741 3192 794 τῶν
3215 741 3444 796 αἰώνων.
3484 743 3676 813 Ἀμήν.

226 956 355 1009 Ἔτι
392 956 750 1024 εὐχαριστία
792 956 943 1025 πρὸς
979 958 1087 1011 τόν
1120 958 1268 1014 Θεὸν
1295 960 1427 1027 περὶ
1462 958 1573 1027 τῆς
1598 959 2040 1030 συγχωρήσεως
2103 960 2221 1015 τῶν
2245 960 2672 1028 ἡμαρτηκότων
2727 961 2814 1026 είς
2833 959 2940 1014 τὸν
2979 959 3281 1025 ,ϐασιλέαο
3327 959 3426 1014 καί
3479 976 3686 1029 φυσιο-

294 1049 474 1117 λογία
504 1047 638 1115 περί
674 1047 788 1116 τῆς
817 1049 1070 1115 κτίσεως
1089 1066 1104 1081 ο
1132 1050 1229 1104 καὶ
1261 1050 1351 1105 ὅτι
1375 1050 1636 1118 ποιήσας
1660 1054 1693 1105 ό
1719 1052 1862 1116 Θεὸς
1884 1052 1990 1106 τὸν
2022 1051 2336 1120 ἄνθρωπον
2378 1053 2565 1121 νόμον
2612 1052 2878 1121 φυσικὸν
2908 1052 3306 1121 ἐγκατέθηκεν
3341 1051 3501 1118 αὐτῷ
3521 1069 3534 1084 ο
3587 1052 3687 1107 καί

290 1139 432 1209 περὶ
466 1138 576 1193 τοῦ
610 1138 783 1208 πάσῃ
811 1140 1057 1210 σπουδῇ
1083 1142 1415 1211 ἀπέχεσθαι
1448 1141 1564 1197 τῶν
1594 1142 1808 1212 ὅρκων.

888 1342 1123 1412 Ὀμιλία
1156 1362 1170 1397 ι
1171 1344 1253 1409 β’.

289 1502 366 1551 α’.
399 1492 513 1550 Καὶ
541 1494 668 1566 χθὲς
697 1488 869 1559 εἶπον,
889 1496 1192 1569 Εὐλογητὸς
1219 1498 1248 1551 6
1270 1497 1421 1564 Θεὸς,
1456 1500 1551 1553 καλ⁵
1587 1500 1826 1571 σήμερον
1848 1498 1908 1553 τὸ

222 1583 360 1636 αὐτὸ
395 1581 556 1637 τοῦτο
587 1582 750 1636 πάλιν
788 1582 918 1654 ἐρῶ.
944 1585 1007 1637 Εἰ
1032 1584 1140 1656 γάρ
1178 1586 1274 1638 καὶ
1309 1585 1377 1639 τά
1415 1586 1566 1640 δεινά
1597 1587 1904 1658 παρῆλθεν,

221 1670 339 1723 ἀλλ’
375 1672 410 1742 ἡ
452 1671 643 1742 μνήμη
678 1670 787 1724 τῶν
810 1669 1001 1725 δεινῶν
1028 1671 1104 1743 μὴ
1133 1673 1511 1745 παρερχέσθω,
1558 1674 1657 1743 οὐχ
1696 1674 1783 1727 ἴνα
1812 1675 1907 1727 ἁλ-

219 1756 431 1827 γῶμεν,
470 1757 583 1811 ἀλλ’
613 1757 699 1811 ἵνα
731 1758 1164 1830 εύχαριστῶμεν.
1215 1760 1340 1813 Ἐάν
1374 1759 1484 1834 γάρ
1512 1762 1545 1831 ἡ
1575 1762 1763 1832 μνήμη
1795 1762 1904 1816 τῶν

220 1843 413 1896 δεινῶν
438 1843 592 1918 μένῃ.
622 1845 656 1915 ἡ
686 1847 848 1916 πεῖρα
884 1844 992 1899 τῶν
1014 1845 1213 1900 δεινῶν
1252 1847 1494 1901 οὐδέποτ’
1524 1850 1904 1920 ἐπιστήσεται.

220 1930 289 1983 τί
318 1931 434 2001 γάρ
467 1930 549 1983 δεῖ
578 1932 675 2001 τῆς
708 1933 924 2003 πείρας,
948 1933 1047 2004 τῆς
1089 1934 1310 2006 μνήμης
1344 1936 1490 2006 ἡμᾶς
1533 1935 1904 2006 σωφρονιζού-

220 2033 365 2089 (mc;
403 2018 611 2089 Ὠσπερ
638 2015 731 2071 οῦν
767 2020 868 2072 ούκ
904 2020 1113 2091 ἀφῆκεν
1152 2023 1301 2092 ἡμᾶς
1332 2024 1360 2074 ό
1401 2023 1532 2087 Θεὸς
1567 2041 1904 2077 καταποντι-

221 2104 424 2175 σθῆναι
449 2106 733 2176 παρόντων
771 2106 880 2160 τῶν
918 2106 1201 2180 λυπηρῶν,
1239 2108 1380 2162 οὕτω
1409 2110 1483 2181 μὴ
1513 2110 1741 2182 ἀφῶμεν
1784 2113 1909 2164 ἐαυ-

217 2195 350 2257 τοὺς
410 2194 704 2265 ἐκλυθῆναι
763 2196 1143 2265 παρελθόντων
1211 2198 1453 2253 ἐκείνων.
1524 2200 1908 2271 Παρεκάλεσεν

218 2281 377 2350 ἡμᾶς
404 2281 749 2351 ἀθυμοῦντας
768 2284 912 2347 τότε,
944 2284 1425 2357 εύχαριστὴσωμεν
1454 2286 1600 2357 αὐτῷ
1628 2287 1909 2359 χαίροντες

218 2368 347 2420 νῦν’
385 2369 811 2440 παρεμυθήσατο
839 2371 1202 2443 όδυνωμένους
1258 2374 1353 2425 καὶ
1392 2374 1451 2425 ού
1484 2375 1784 2445 προέδωκε,
1830 2376 1906 2446 μὴ

218 2455 405 2508 τοίνυν
431 2455 570 2527 μηδὲ
592 2458 750 2526 ἡμεῖς
780 2459 1005 2522 ἑαυτοὺς
1033 2460 1458 2531 εῦθηνουμένους
1504 2459 1908 2531 προδῶμεν,είς

222 2542 505 2613 ῥαθυμίαν
552 2545 917 2609 ἐκκλίνοντες·
956 2547 1272 2615 Μνήσθητι
1304 2548 1413 2618 γὰρ
1456 2548 1667 2615 καιρὸν
1705 2547 1903 2616 λιμοῦ,

222 2631 414 2698 φησὶν,
452 2630 525 2683 ἐν
564 2630 751 2701 ἡμέρᾳ
779 2634 1163 2703 πλησμονῆς.
1200 2634 1543 2705 Μνησθῶμεν
1575 2630 1668 2688 οῦν
1715 2634 1906 2705 καιρὸν

222 2715 540 2789 πειρασμοῦ
585 2720 677 2772 καὶ
712 2721 872 2789 ἡμεῖς
900 2720 957 2774 ἐν
997 2721 1179 2793 ἡμέρᾳ
1221 2721 1483 2785 ἀνέσεως·
1541 2707 1635 2775 καὶ
1672 2723 1765 2775 ἐπί
1796 2722 1904 2775 τῶν

223 2806 645 2877 ἁμαρτημάτων
676 2807 735 2860 δὲ
768 2808 829 2861 τὸ
861 2808 993 2862 αὐτὸ
1019 2809 1178 2862 τοῦτο
1206 2809 1471 2881 ποιῶμεν.
1507 2809 1624 2863 Κάν
1657 2811 1910 2882 ἁμάρτῃς

223 2892 323 2944 καὶ
386 2896 719 2966 συγχωρήσῃ
762 2912 843 2949 σοι
894 2895 994 2968 τὴν
1046 2897 1325 2968 ἁμαρτίαν
1378 2900 1406 2951 6
1455 2897 1607 2962 Θεὸς,
1658 2897 1757 2968 τὴν
1811 2898 1909 2966 μὲν

228 2979 580 3051 συγχώρησιν
600 2982 747 3049 δέξαι
803 2986 898 3038 καὶ
951 2985 1364 3057 εὐχαρίστησον,
1397 2985 1497 3056 τῆς
1535 2985 1593 3038 δὲ
1635 2985 1911 3057 ἁμαρτίας

229 3067 306 3140 μὴ
346 3069 602 3142 ἐπιλάθῃ,
630 3073 727 3142 οὐχ
773 3073 861 3126 ἵνα
907 3075 1100 3128 σαυτὸν
1139 3074 1488 3147 κατατρύχῃς
1529 3075 1606 3147 τῷ
1643 3074 1908 3145 λογισμῷ,

226 3156 345 3210 ἀλλ’
384 3157 472 3211 ἵνα
505 3159 604 3230 τὴν
640 3159 818 3231 ψυχὴν
869 3160 1166 3232 παιδεύσῃς
1208 3162 1282 3233 μὴ
1314 3165 1540 3234 σκιρτᾷν
1583 3163 1716 3234 μηδὲ
1751 3179 1910 3233 περι-

228 3245 458 3298 πίπτειν
490 3246 647 3299 πὰλιν
668 3250 781 3310 τοῖς
802 3248 1001 3311 αὐτοῖς.
1032 3248 1187 3302 Οὕτω
1212 3250 1305 3302 καὶ
1329 3251 1358 3303 6
1383 3249 1594 3313 Παῦλος
1618 3249 1873 3318 ἐποίησεν
1893 3265 1908 3280 ο

226 3332 405 3385 εἰπὼν
431 3334 542 3404 γάρ
573 3334 673 3393 δτι,
705 3337 933 3389 Πιστόν
957 3351 1035 3404 με
1074 3334 1347 3403 ἡγήσατο
1375 3335 1623 3405 θέμενος
1660 3338 1747 3401 εὶς
1783 3334 1911 3388 δια-

227 3420 470 3483 κονίαν,
524 3422 794 3491 ἐπήγαγε,
852 3423 968 3475 Τὸν
1006 3423 1294 3490 πρότερον
1343 3422 1489 3476 ὄντα
1534 3422 1914 3490 βλάσφημον

229 3506 331 3559 καὶ
370 3506 631 3575 διώκτην
658 3510 752 3562 καὶ
785 3509 1097 3577 ὑϐριστήν.
1142 3508 1631 3578 Ἐκπομπευέσθω,
1669 3509 1855 3578 φησὶν,
1885 3510 1914 3561 6

233 3592 350 3661 βίος
372 3594 467 3648 τοῦ
493 3595 728 3657 οἰκέτου,
745 3596 831 3649 ἵνα
853 3601 991 3668 φανῇ
1019 3598 1051 3668 ἡ
1086 3594 1461 3666 φιλανθρωπία
1491 3595 1585 3647 τοῦ
1613 3594 1911 3649 Δεσπότου.

230 3680 296 3734 Et
318 3682 432 3754 γάρ
459 3682 554 3735 καὶ
595 3684 941 3755 συγχώρησιν
966 3684 1155 3738 έλαόον
1181 3681 1290 3735 τῶν
1319 3681 1751 3753 ἁμαρτημάτων,
1780 3680 1916 3735 ἀλλά

230 3770 333 3841 τὴν
371 3774 595 3841 μνήμην
632 3772 732 3824 ούκ
771 3771 1015 3824 ἐκϐάλλω
1055 3771 1163 3824 τῶν
1204 3770 1634 3840 ἁμαρτημάτων.
1687 3769 1762 3822 Ού
1819 3768 1913 3823 τοῦ

232 3857 515 3910 Δισπότου
555 3858 612 3911 δὲ
655 3858 753 3929 τὴν
805 3858 1212 3929 φιλανθρωπίαν
1252 3856 1460 3911 ἐδείκνυ
1512 3856 1671 3909 τοῦτο
1720 3856 1913 3925 μόνον,

230 3942 375 3993 ἀλλὰ
405 3944 658 3996 κάκεῖνον
686 3943 1063 4016 λαμπρότερον
1088 3943 1282 3997 ἐποίει.
1309 3944 1476 3998 Ὅταν
1502 3942 1609 4013 γὰρ
1633 3943 1809 4013 μάθῃς
1834 3943 1918 4006 τίς

231 4025 301 4098 ἦν
335 4029 672 4099 ἔμπροσθεν,
698 4030 819 4084 τότε
857 4032 1021 4086 αὑτὸν
1060 4030 1365 4102 θαυμάσεις
1407 4030 1599 4084 πλέον’
1649 4031 1744 4084 καὶ
1790 4031 1918 4084 ὅταν

234 4116 353 4187 ίδῃς
384 4119 448 4170 ἐκ
471 4118 614 4179 τίνος
636 4118 719 4181 τίς
742 4120 977 4187 ἐγένετο,
1010 4119 1128 4171 τότε
1169 4119 1331 4172 αὐτὸν
1358 4115 1589 4189 ἀποδέξῃ
1619 4116 1881 4188 μειζόνως
1902 4135 1915 4148 ⁸

233 4204 339 4257 πᾶν
366 4203 582 4272 μεγάλα
604 4199 669 4274 ᾗς
696 4204 1049 4277 ἡμαρτηκὼς,
1077 4205 1323 4276 χρηστὰς
1364 4204 1508 4269 ἕξεις
1534 4202 1785 4256 ἐντεῦθεν
1818 4202 1917 4266 τάς

234 4291 461 4353 ἐλπίδας
492 4292 975 4363 μεταϐαλλόμενος·
1020 4293 1156 4362 πρὸς
1178 4290 1285 4363 γὰρ
1324 4293 1434 4355 τοῖς
1467 4291 1794 4363 εἰρημένοις,
1828 4291 1920 4343 καὶ

237 4380 369 4452 τοῦῆ
398 4380 456 4431 ἐν
500 4378 805 4447 ἀπογνώσει
850 4379 909 4433 τὸ
953 4380 1257 4449 ὑπόδειγμα
1291 4379 1448 4432 τοῦτο
1495 4378 1801 4449 παρακαλεῖ
1828 4378 1922 4431 καὶ

236 4465 567 4519 ἀνίστασθαι
607 4469 769 4521 ποιεῖ.
800 4466 979 4540 Ὂπερ
1012 4464 1104 4521 οὖν
1146 4468 1239 4520 καὶ
1264 4467 1359 4519 ἐπὶ
1388 4467 1485 4537 τῆς
1515 4466 1726 4528 πόλεως
1766 4464 1920 4519 ἔσται

238 4552 343 4623 τῆς
380 4553 688 4624 ἡμετέραςο
729 4555 796 4607 τά
825 4555 934 4627 γάρ
962 4555 1247 4626 συμόὰντα
1277 4555 1490 4609 ἅπαντα
1520 4555 1619 4625 τήν
1638 4570 1697 4607 τε
1719 4554 1921 4626 ἀρετὴν

239 4640 402 4711 ὑμῶν
425 4641 689 4705 δείκνυσι,
724 4643 1060 4714 δυνηθέντων
1091 4644 1180 4697 διὰ
1207 4644 1309 4712 τῆς
1338 4642 1626 4713 μετανοίας
1653 4641 1921 4712 τοσαύτην

233 4727 412 4799 ίργὴν
455 4728 921 4799 ἀποκρούσασθαι,
964 4733 1065 4801 τὴν
1108 4747 1168 4784 τε
1210 4730 1304 4783 τοῦ
1334 4729 1468 4783 Θεοῦ
1515 4728 1922 4801 φιλανθρωπίαν

232 4816 527 4884 κηρύττει,
583 4817 640 4881 ἐξ
684 4818 870 4889 ὀλίγης
938 4819 1037 4889 τῆς
1088 4818 1421 4890 ἐπιστροφῆς
1471 4818 1723 4872 τοσοῦτον
1777 4833 1921 4887 παρ-

230 4919 247 4951 ε
265 4902 565 4968 νέγκαντος
585 4904 763 4973 νέφος,
788 4905 914 4969 τούς
936 4923 993 4958 τε
1016 4909 1073 4959 ἐν
1099 4904 1404 4973 ἀπογνώσει
1442 4904 1646 4965 πάντας
1673 4904 1917 4973 ἀνίστησι

244 4987 522 5058 μαθόντας
549 4990 615 5044 ἐκ
646 4991 752 5045 τῶν
773 4993 1077 5063 ἡμετέρων,
1110 4994 1192 5046 ότι
1217 4992 1310 5045 τὸν
1338 4989 1489 5063 [lii]
1513 4989 1624 5042 ἀνω
1660 4989 1755 5043 καὶ⁵
1787 4989 1923 5059 πρὸς

240 5077 342 5145 τὴν
373 5075 471 5129 τοῦ
506 5076 640 5131 Θεοῦ
670 5076 933 5147 βλέποντα
963 5079 1156 5150 ῥοπὴν,
1190 5080 1290 5132 κᾶν
1318 5079 1487 5149 μυρία
1521 5075 1751 5147 περιστῇ
1788 5094 1919 5129 πανο

228 5163 472 5234 τιχόθεν
492 5163 729 5235 κύματα,
762 5166 1251 5238 καταποντισθῆναι
1277 5166 1376 5219 ούκ
1404 5164 1502 5218 ἔνι.
1534 5165 1630 5227 Τίς
1651 5165 1759 5234 γάρ
1791 5160 1918 5227 είδε,

230 5254 321 5314 τίς
349 5253 552 5321 ἡκουσέ
599 5270 726 5306 ποτε
772 5254 841 5307 τά
881 5254 1126 5325 ἡμέτερα
1171 5252 1353 5324 πάθης
1399 5255 1463 5306 ἐκ
1498 5252 1712 5323 βάθρων
1745 5252 1921 5306 αὐτῶν

238 5339 365 5392 καθ’
407 5339 644 5409 ἑκάστην
685 5342 1103 5412 προσεδοκῶμεν
1154 5341 1367 5413 ἡμέραν
1402 5338 1919 5409 ἀνασπασθὴσεσθαι

226 5425 339 5497 τὴν
370 5425 527 5479 πόλιν
556 5429 687 5498 ἡμῖν
720 5428 860 5499 μετὰ
896 5428 1008 5482 τῶν
1041 5428 1421 5482 ἐνοικούντων·
1454 5427 1570 5481 ἀλλ’
1611 5427 1699 5480 ὅτε
1726 5424 1920 5497 ἤλπιζε

237 5515 661 5578 καταποντίζειν
712 5516 773 5570 τὸ
820 5516 1028 5585 σκάφος
1079 5519 1109 5570 6
1150 5515 1429 5581 διάϐολος,
1489 5514 1612 5567 τότε
1674 5512 1921 5587 καθαράν

230 5602 488 5673 γαλήνην
529 5602 785 5673 ἐποίησεν
824 5605 854 5657 6
888 5604 1040 5668 Θεός.
1079 5603 1172 5675 Μὴ
1213 5603 1393 5656 τοίνυν
1437 5599 1919 5671 ἐπιλανθανώμεθα

232 5688 334 5741 τοῦ
375 5690 637 5759 μιγέθως
673 5690 783 5745 τῶν
807 5691 1017 5756 δεινῶν,
1050 5691 1140 5746 ῖνα
1171 5688 1599 5762 μνημονεύωμεν
1627 5685 1723 5741 τοῦ
1757 5687 1922 5759 μεγέ-

241 5776 371 5840 θους
394 5777 504 5830 τῶν
527 5777 858 5851 εὐεργεσιῶν
879 5779 987 5835 τῶν
1007 5779 1162 5851 παρά
1192 5776 1285 5832 τοῦ
1301 5776 1437 5832 Θεοῦ
1462 5774 1770 5846 γενομένων
1787 5793 1802 5807 ·
1829 5775 1924 5830 καὶ

238 5864 355 5939 γάρ
380 5867 409 5921 6
436 5865 514 5940 μὴ
540 5867 699 5933 εἰδὼς
732 5867 825 5925 τοῦ
870 5870 1173 5944 νοσήματος
1216 5864 1314 5943 τὴν
1357 5865 1538 5938 φύσιν,
1573 5862 1672 5920 οὐκ
1717 5864 1920 5920 εἵσεται

1917 1263 1990 1275 .-

2013 1324 2109 1379 τοῦ
2137 1322 2322 1395 ἰατροῦ
2351 1321 2448 1393 τὴν
2473 1323 2686 1393 τέχνην.
2716 1321 2900 1403 Ταῦτα
2938 1322 3032 1375 καὶ
3071 1322 3203 1391 πρ>,ς
3228 1322 3351 1385 τοὺς
3385 1322 3577 1385 παῖδας
3600 1322 3688 1377 ςὲ,

2005 1428 2192 1482 γωμεν
2217 1412 2345 1473 τοῦς
2369 1409 2692 1479 ἡμετέρους,
2728 1409 2822 1461 καὶ
2864 1411 2944 1472 είς
2988 1409 3186 1480 μυρίας
3227 1408 3689 1478 παραπέμπωμεν

2005 1497 2217 1567 γενεάς,
2251 1495 2338 1548 ἴνα
2373 1494 2618 1565 μάθωσιν
2649 1495 2886 1559 ἁπαντες
2946 1494 3062 1558 πῶς
3087 1493 3417 1547 ἐσπούδασεν
3448 1497 3476 1547 6
3508 1494 3688 1548 6:660-

2006 1582 2097 1647 λος
2126 1584 2221 1636 καὶ
2243 1582 2302 1634 τὸ
2329 1581 2523 1649 ἔδαφος
2561 1582 2819 1649 ἀφανίσαι
2851 1582 2950 1652 τῆς
2996 1581 3223 1645 πόλεως,
3261 1582 3356 1634 καὶ
3390 1582 3504 1644 πῶς
3531 1583 3688 1652 ἴσχν-

2009 1688 2101 1724 σεν
2134 1670 2161 1722 ὁ
2197 1669 2330 1732 Θεὸς
2375 1671 2726 1722 πεπτωκυῖαν
2761 1669 2930 1740 αὐτὴν
2959 1670 3053 1722 καὶ
3091 1670 3350 1741 κειμένην
3399 1671 3485 1722 ἐπ’
3532 1670 3689 1740 ὂψεσι

2010 1757 2205 1827 στῆσαι
2231 1755 2414 1822 πάλιν,
2466 1757 2559 1808 καὶ
2600 1755 2735 1825 μηδὲ
2770 1755 2870 1827 τὴν
2907 1754 3177 1824 τυχοῦσαν
3216 1756 3567 1827 συγχωρῆσαι
3599 1774 3691 1826 γε-

2007 1844 2193 1898 νέσθαι
2222 1843 2445 1915 βλάὸην,
2480 1842 2615 1896 ἀλλὰ
2647 1844 2740 1895 καὶ
2772 1844 2865 1896 τὸν
2908 1843 3071 1912 φόϐον
3094 1844 3291 1908 ἀνεῖλε,
3331 1845 3426 1898 καὶ
3460 1845 3551 1897 τὸν
3577 1846 3694 1898 κίνο

2007 1931 2158 1984 δυνον
2180 1929 2557 2001 ἀπεκρούσατο
2592 1929 2728 1999 μετὰ
2749 1929 2943 1983 πολλοῦ
2966 1928 3058 1983 τοῦ
3096 1932 3314 2002 τάχους.
3350 1934 3460 1986 Καὶ
3487 1933 3596 2005 γὰρ
3621 1935 3690 2004 τῇ

2008 2017 2354 2089 παρελθούσῃ
2392 2017 2654 2087 ἐϐδομάδι
2701 2016 2799 2080 τὰς
2844 2017 3029 2081 οὐσίας
3066 2018 3397 2089 δημεύεσθαι
3433 2020 3692 2082 προσεδο-

2010 2106 2196 2176 κῶμεν
2226 2105 2486 2167 ἅπαντες,
2522 2105 2617 2159 καὶ
2661 2104 2997 2174 στρατιώτας
3037 2107 3167 2175 ἡμῖν
3210 2108 3563 2176 ἐπαφίεσθαι,
3594 2109 3686 2161 καὶ

2011 2194 2182 2266 μυρία
2233 2192 2395 2263 ’ἐτερα
2442 2191 2908 2262 ώνειροπολοῦμεν
2958 2192 3138 2245 δεινόν
3196 2193 3310 2247 ἀλλ’
3360 2195 3467 2247 ίδοῦ
3512 2194 3691 2250 πάντα

2009 2284 2190 2334 ἐκεῖνα
2229 2280 2526 2357 παρῆλθεν,
2567 2280 2753 2349 ὥσπερ
2784 2278 2942 2347 νέφος
2984 2280 3078 2331 καὶ
3117 2278 3306 2353 ὥσπερ
3354 2283 3482 2335 σκιά
3510 2299 3691 2354 παραυ

2008 2368 2303 2440 τρέχουσα,
2345 2369 2438 2421 καὶ
2475 2370 2541 2438 τῇ
2599 2365 2896 2438 προσδοκίᾳ
2930 2366 3037 2419 τῶν
3081 2367 3273 2421 δεινῶν
3313 2370 3689 2441 ἐκολάσθημεν

2013 2457 2203 2527 μόνον’
2239 2455 2437 2526 μᾶλλον
2470 2456 2527 2508 δὲ
2561 2453 2659 2506 οὐκ
2693 2454 3083 2525 ἐκολάσθημεν,
3128 2455 3264 2509 ἀλλά
3311 2458 3404 2510 καὶ
3443 2457 3695 2511 ἐπαιδεύ-

2011 2542 2184 2614 θημεν
2229 2543 2323 2596 καὶ
2362 2541 2601 2612 βελτίους
2650 2541 2977 2611 γεγόναμεν,
3025 2541 3120 2596 τοῦ
3152 2543 3285 2596 Θεοῦ
3320 2543 3417 2616 τὴν
3463 2545 3694 2616 καρδίαν

2008 2631 2102 2683 τοῦ
2144 2629 2408 2700 βασιλέως
2458 2628 2817 2700 μαλάξαντος.
2870 2628 3131 2699 Λέγωμεν
3176 2630 3354 2683 τοίνυν
3404 2630 3694 2699 διαπαντὸς

2009 2719 2103 2771 καὶ
2134 2716 2257 2771 καθ’
2291 2717 2525 2788 ἡμέραν,
2565 2715 2869 2784 Εὐλογητὸς
2898 2717 2926 2767 ό
2957 2713 3111 2781 Θεὸς,
3157 2718 3251 2770 καὶ
3277 2718 3415 2789 μετά
3449 2719 3695 2785 πλείονος

2010 2805 2248 2876 σπουδῆς
2275 2807 2340 2877 τῇ
2375 2802 2588 2869 συνάξει
2629 2802 3002 2873 προσέχωμεν,
3031 2805 3124 2857 καὶ
3153 2806 3289 2876 πρὸς
3324 2805 3422 2877 τὴν
3465 2807 3691 2877 Ἐκκλη-

2012 2892 2132 2946 σίαν
2156 2892 2461 2961 τρέχωμεν,
2487 2890 2607 2943 ὅθεν
2639 2890 3083 2962 ἐκαρπωσάμεθα
3107 2892 3203 2964 τὴν
3228 2892 3517 2961 ὠφέλειαν.
3548 2894 3692 2949 Ἰστε

2010 2979 2117 3050 γὰρ
2161 2982 2217 3033 ἐν
2247 2981 2386 3051 ἀρχῇ
2424 2977 2524 3030 ποῦ
2564 2976 2918 3046 κατεφύγετε,
2965 2978 3067 3032 ποῦ
3101 2981 3489 3052 συνεδράμετε,
3525 2984 3693 3037 πόθεν

2008 3069 2143 3138 ἡμῖν
2176 3069 2208 3138 ἡ
2245 3065 2487 3137 σωτηρία
2533 3064 2776 3133 γέγονεν.
2834 3065 3116 3137 Ἑχώμεθα
3157 3068 3337 3121 τοίνυν
3383 3070 3482 3139 τῆς
3541 3071 3693 3143 ίερὰς

2011 3153 2278 3226 ἀγκύρας,
2312 3153 2405 3207 καὶ
2444 3150 2691 3224 καθάπερ
2714 3153 2773 3205 ἐν
2803 3152 2880 3223 τῷ
2910 3155 3088 3225 καιρῷ
3111 3155 3220 3209 τῶν
3253 3156 3515 3212 κινδύνων
3545 3159 3695 3230 ἡμᾶς

2010 3244 2070 3293 οὐ
2098 3239 2425 3312 προέδωκεν,
2452 3238 2593 3292 οῦτω
2626 3238 2761 3309 μηδέ
2795 3240 2956 3310 ἡμεῖς
2989 3241 3159 3312 αὐτὴν
3182 3244 3240 3296 ἐν
3276 3243 3356 3314 τῷ
3380 3244 3557 3317 καιρῷ
3592 3246 3693 3316 τῆς

2013 3328 2261 3390 ἀνέσεως
2330 3326 2757 3396 καταλίπωμεν,
2816 3326 2955 3381 ἀλλά
3016 3328 3286 3399 μείνωμεν
3345 3332 3483 3401 μετά
3535 3334 3695 3405 ἀκρι-

2015 3415 2211 3477 ϐείας,
2276 3414 2373 3466 καὶ
2432 3412 2530 3475 τάς
2590 3410 2834 3476 συνάξεις
2897 3413 2993 3466 καὶ
3050 3414 3151 3478 τὰς
3222 3415 3388 3486 εύχάς
3450 3419 3545 3472 καὶ
3594 3418 3695 3491 τὴν

2011 3501 2121 3555 τῶν
2160 3500 2319 3553 θείων
2376 3499 2571 3566 λογίων
2633 3498 2895 3569 ἀκρόασιν
2951 3499 3233 3571 ποιώμεθα
3282 3503 3403 3556 καθ’
3457 3506 3691 3578 ἡμέραν,

2014 3588 2107 3640 καὶ
2139 3585 2237 3657 τὴν
2271 3584 2467 3657 σχολὴν
2500 3586 2565 3654 ἢν
2601 3583 2965 3654 ἀνηλίσκομεν
3000 3588 3504 3659 περιεργαζόμενοι,
3538 3591 3697 3645 πολυ.

2013 3671 2477 3744 πραγμονοῦντες,
2511 3670 2637 3731 τοὺς
2668 3668 2777 3721 ἀπὸ
2812 3670 2907 3722 τοῦ
2942 3674 3308 3743 στρατοπέδου
3343 3676 3696 3747 περιτρέχον.

2024 3776 2140 3823 τες,
2164 3756 2559 3821 σπουδάζοντες
2576 3754 2719 3824 ὑπὲρ
2747 3755 2856 3809 τῶν
2884 3758 3246 3828 ἐπικειμένων
3268 3761 3473 3826 κακῶν,
3491 3764 3694 3835 ταύτην

2017 3846 2383 3917 ἀναλώσωμεν
2408 3843 2625 3897 ἀπασαν
2647 3843 2727 3905 είς
2758 3843 2855 3915 τὴν
2887 3844 2995 3897 τῶν
3021 3845 3179 3900 θείων
3200 3849 3380 3919 νόμων
3408 3851 3692 3922 ἀκρόασιν,

2019 3933 2154 3987 ἀλλά
2192 3933 2267 4006 μὴ
2292 3934 2371 3995 είς
2398 3931 2661 4000 ἀκαίρους
2690 3931 2785 3982 καὶ
2819 3932 3111 4004 ἀνονήτους
3146 3935 3457 4008 διατριϐάς,
3500 3939 3588 3993 ἴνα
3619 3940 3695 4013 μὴ

2020 4021 2184 4074 πάλιν
2231 4024 2309 4085 είς
2342 4019 2440 4091 τὴν
2478 4017 2721 4088 ἀνάγκην
2764 4017 2864 4089 τῆς
2906 4020 3158 4092 ἀσχολίας
3207 4023 3424 4096 ἐκείνης
3470 4025 3696 4091 ἑαυτοὺς

2019 4110 2263 4181 καταστὴ
2272 4126 2470 4179 σωμεν.

2093 4209 2160 4280 β’.
2182 4210 2269 4262 Ἐν
2293 4211 2390 4280 μὲν
2414 4204 2507 4265 οῦν
2542 4214 2664 4275 ταῖς
2694 4207 3091 4282 παρελθούσαις
3110 4208 3288 4280 τρισὶν
3325 4209 3564 4292 ἡμέραις
3598 4211 3697 4266 ἕνα

2021 4294 2347 4364 θεογνωσίας
2372 4296 2713 4368 ἐξητάσαμεν
2734 4297 2957 4369 τρόπον,
2990 4296 3083 4349 καὶ
3109 4295 3245 4366 πρὸς
3270 4295 3331 4350 τὸ
3357 4298 3510 4361 τέλος
3534 4299 3696 4353 αὐτὸν

2020 4381 2333 4453 ἠγάγομεν,
2376 4383 2766 4454 ἑρμηνεύοντες
2798 4382 2914 4446 πῶς
2956 4387 3021 4438 Ol
3063 4382 3307 4451 οὐρανοί
3352 4382 3697 4454 διηγοῦνται

2020 4467 2135 4536 τὴν
2166 4467 2353 4532 δόξαν
2377 4470 2549 4533 Θεοῦ,
2575 4470 2669 4524 καὶ
2692 4470 2744 4523 τί
2773 4469 2903 4523 ποτέ
2937 4470 3055 4521 ἐστι
3091 4468 3153 4521 τὸ
3183 4468 3334 4541 παρὰ
3361 4470 3454 4524 τοῦ
3484 4470 3695 4524 Παύλου

2020 4554 2332 4625 λεγόμενον,
2359 4556 2441 4608 δτι
2477 4556 2553 4610 Τὰ
2575 4557 2796 4625 ἀόρατα
2811 4556 3000 4611 αὐτοῦ
3026 4554 3147 4609 ἁ.τύ
3169 4558 3424 4622 κτίσεως
3462 4559 3695 4627 κόσμου

2021 4642 2144 4707 τοῖς
2175 4641 2465 4711 ποιήμασι
2510 4645 2810 4713 νοούμενα
2848 4640 3187 4711 καθορᾶται,
3239 4644 3333 4698 καὶ
3381 4645 3695 4715 ἐδείκνυμεν

2022 4727 2139 4790 πῶς
2160 4728 2267 4780 ἀπὸ
2303 4729 2533 4792 κτίσεως
2561 4729 2787 4800 κόσμου,
2813 4731 2909 4783 καὶ
2939 4730 3054 4792 πῶς
3097 4728 3164 4782 δι’
3195 4729 3424 4801 ούρανοῦ
3460 4730 3554 4783 καὶ
3591 4730 3695 4799 γῆς

2023 4814 2119 4867 καὶ
2145 4814 2415 4886 θαλάττης
2449 4817 2478 4868 6
2512 4818 2855 4889 Δημιουργδς
2877 4816 3437 4887 δοξάζεται.Τὴμερον
3464 4816 3519 4869 δέ
3541 4816 3695 4884 ὀλίγα

2023 4902 2183 4955 πάλιν
2214 4904 2293 4965 είς
2331 4904 2499 4972 αὐτὴν
2542 4903 2743 4974 ταύτην
2787 4905 3245 4975 φιλοσοφήσαντες
3293 4905 3390 4973 τὴν
3417 4903 3690 4962 ὑπόθεσιν,

2024 4990 2108 5058 ἐφ’
2148 4990 2332 5055 ἕτερον
2376 4989 2701 5061 βαδιούμεθα
2744 4991 2929 5061 λόγον’
2975 4993 3035 5043 ού
3087 4990 3195 5061 γάρ
3242 4990 3401 5061 μόνον
3441 4991 3694 5061 ἐποίησεν

2024 5076 2211 5147 αὐτὴν,
2242 5076 2375 5130 ἁλλὰ
2408 5078 2503 5131 καὶ
2535 5078 2833 5149 γενομένην
2886 5076 3212 5149 ἐργάζεσθαι
3258 5077 3690 5143 παρεσκεύασεν,

2029 5162 2150 5216 οῦτε
2186 5164 2363 5216 πᾶσαν
2401 5163 2654 5235 ἀκίνητον
2699 5166 2879 5234 ἀφεὶς.
2920 5163 3042 5217 οὔτε
3086 5166 3266 5217 πᾶσαν
3300 5166 3564 5220 κινεῖσθαι
3608 5184 3695 5222 κε-

2028 5249 2254 5313 λεύσας·
2286 5250 2400 5304 ἀλλ’
2444 5252 2670 5323 οὐρανὸς
2702 5253 2798 5322 μὲν
2827 5251 3081 5321 ἀκίνητος
3122 5250 3341 5323 ἕστηκε,
3379 5254 3629 5327 καθάπερ
3667 5259 3695 5307 ό

2028 5340 2312 5409 προφήτης
2346 5336 2497 5410 [I95]
2531 5339 2714 5409 φησὶν,
2763 5340 2825 5391 '0
2856 5339 3094 5405 στήσας
3134 5340 3241 5393 τόν
3266 5341 3526 5409 οὐρανὸν
3550 5341 3694 5397 ὡσεὶ

2028 5424 2317 5493 καμάραν,
2352 5427 2445 5479 καὶ
2473 5426 2771 5494 διατείνας
2793 5427 2981 5482 αὐτόν
3016 5428 3155 5482 ὡσεί
3194 5430 3439 5498 σκηνὴν
3462 5429 3557 5485 ἐπὶ
3587 5431 3691 5498 τῆς

2025 5510 2138 5579 τῆς
2157 5531 2168 5542 ·
2199 5515 2228 5566 6
2250 5513 2304 5567 δὲ
2328 5514 2477 5584 ἥλιος
2510 5514 2647 5584 μετά
2670 5513 2778 5567 τῶν
2810 5515 3022 5588 ἁστρων
3049 5515 3157 5570 τῶν
3183 5517 3384 5573 λοιπῶν
3418 5518 3537 5571 καθ’
3566 5520 3699 5572 ἐκὰ·

2029 5617 2158 5668 στην
2185 5601 2365 5671 τρέχει
2392 5601 2490 5672 τὴν
2529 5602 2776 5673 ἡμέραν
2810 5604 2904 5657 καὶ
2937 5604 3008 5674 γῆ
3050 5604 3210 5658 πάλιν
3240 5608 3476 5677 πέπηγε,
3522 5605 3591 5659 τὰ
3641 5607 3701 5662 δι

2028 5686 2195 5740 ’ύδατα
2231 5687 2431 5758 βαδίζει
2470 5689 2760 5757 διαπαντός
2778 5707 2791 5721 ·
2821 5692 2919 5763 οὐχ
2944 5692 3109 5745 ὕδατα
3139 5693 3196 5746 δὲ
3231 5695 3408 5763 μόνον,
3443 5691 3576 5745 ἀλλά
3604 5691 3709 5745 καὶ

2025 5774 2247 5843 νεφέλαι
2281 5776 2376 5830 καὶ
2429 5776 2626 5850 ὄμϐροι
2669 5783 2911 5851 συνεχεῖς
2958 5782 3055 5835 καὶ⁵
3094 5780 3383 5849 ἐπάλληλοι
3427 5777 3565 5831 κατὰ
3607 5779 3703 5832 τὸν

2026 5863 2223 5918 οἰκεῖον
2246 5863 2618 5936 ἀποδιδόμενοι
2649 5869 2872 5943 καιρόν·
2907 5868 2999 5922 καὶ
3025 5867 3119 5939 μία
3154 5867 3255 5936 μὲν
3280 5868 3313 5930 ἡ
3343 5865 3447 5917 τῶν
3472 5861 3710 5936 ὄμϐρων
