4070 6208
319 278 423 335 ηπ

316 414 508 467 redditi
535 432 549 467 :
583 425 636 469 et
671 432 770 473 una
799 418 1010 490 quidem
1051 420 1298 476 imbrium
1323 432 1406 479 ενι
1435 436 1619 480 natura
1646 468 1659 489 ,
1687 428 1896 483 diversa

317 520 444 558 vero
468 521 587 575 qua:
610 522 675 561 ex
704 508 831 578 ipsis
864 510 993 564 liuut
1024 529 1037 564 :
1064 515 1258 567 etenim
1284 515 1334 568 in
1360 517 1464 584 vite
1492 519 1670 572 vinum
1701 522 1757 574 lit
1786 522 1902 589 plu-

316 608 396 647 tta
420 635 436 659 ,
465 596 642 651 oleum
673 599 722 651 in
753 601 865 654 olea
888 641 903 665 ,
934 610 987 656 et
1018 603 1068 655 in
1111 603 1230 658 aliis
1259 604 1450 673 plantis
1481 608 1531 661 in
1563 609 1768 665 illarum
1798 612 1898 666 hu-

315 699 493 740 mores
515 699 768 743 mutatur.
801 691 864 744 Et
890 708 1023 746 unus
1049 693 1261 761 quidem
1292 712 1373 750 ρει
1399 709 1553 753 terra:
1578 709 1782 765 venter,
1804 702 1896 756 sed

311 777 618 835 dill‘erentcs
666 782 865 851 profert
912 784 1112 839 fructus
1145 804 1158 839 :
1193 804 1327 843 uitus
1372 791 1561 847 solaris
1603 795 1898 862 splendoris

307 876 393 921 εει
417 868 582 931 calor,
615 871 707 924 sed
735 871 1043 928 dill‘ereuter
1064 880 1238 930 omnia
1271 890 1515 944 maturat,
1546 883 1659 938 haec
1684 886 1894 954 quidem

310 958 514 1011 tardius
536 1001 551 1022 ,
585 959 699 1014 haec
728 978 854 1016 vero
887 964 1042 1018 citius
1080 968 1145 1020 ad
1187 974 1695 1028 consummationem
1722 977 1895 1030 dedu-

306 1064 457 1102 cens.
485 1050 614 1118 Quis
658 1052 772 1107 lure
801 1071 905 1108 non
946 1057 1284 1127 obstupescat
1322 1074 1372 1115 et
1421 1063 1755 1120 admiretur?
1786 1068 1893 1122 imo

306 1156 438 1195 vero
489 1160 593 1198 non
636 1145 736 1199 hoc
779 1146 950 1200 solum
995 1161 1076 1203 est
1114 1151 1424 1208 admirabile
1453 1197 1468 1219 ,
1510 1157 1649 1225 quod
1689 1160 1890 1213 varium

304 1232 483 1299 ipsum
521 1243 573 1287 et
616 1234 949 1291 differentem
991 1238 1367 1305 fabricaverit,
1416 1246 1508 1298 sed
1549 1246 1706 1300 etiam
1749 1248 1888 1315 quod

303 1322 482 1388 ipsum
509 1324 756 1377 omnibus
778 1341 1115 1382 communem
1147 1334 1480 1397 proposuerit
1503 1373 1516 1397 ,
1559 1344 1612 1388 et
1640 1336 1890 1391 divitibus

299 1424 356 1465 et
386 1414 709 1481 pauperibus
734 1457 748 1478 ,
779 1425 830 1469 et
860 1421 1225 1486 peccatoribus
1254 1432 1307 1477 et
1327 1423 1503 1490 justis.
1536 1425 1685 1493 Quod
1708 1429 1889 1498 utique

298 1514 353 1557 et
382 1503 627 1560 Christus
652 1506 863 1561 dicebat
890 1525 903 1560 :
937 1509 1109 1564 Solent
1138 1529 1287 1565 suum
1324 1516 1445 1569 oriri
1467 1518 1589 1586 facit
1618 1534 1770 1587 super
1795 1520 1885 1572 bo-

296 1611 393 1648 nos
418 1605 467 1649 et
493 1613 646 1667 super
689 1600 849 1653 malos
876 1642 890 1664 ,
935 1611 982 1654 et
1027 1603 1155 1669 pluit
1198 1621 1351 1675 super
1373 1608 1543 1677 justas
1588 1618 1634 1662 et
1672 1610 1886 1679 injustas

298 1685 516 1752 (.llattlt.
546 1688 598 1743 5.
626 1688 718 1759 45)
746 1700 833 1744 :et
860 1691 1078 1749 inﬁnitis
1104 1694 1273 1764 ipsum
1302 1699 1615 1755 animalibus
1637 1701 1881 1771 implens,

296 1785 354 1830 ct
384 1779 656 1833 naturales
684 1781 851 1835 brutis
882 1782 1122 1839 inserens
1152 1802 1327 1841 mores
1346 1829 1359 1852 ,
1398 1787 1495 1843 hos
1521 1791 1731 1859 quidem
1761 1792 1883 1846 imi-

296 1870 398 1921 tari
424 1911 441 1934 ,
471 1869 570 1923 hos
598 1887 724 1925 vero
753 1872 934 1943 fugere
963 1890 1059 1929 nos
1083 1876 1259 1945 jussit.
1292 1878 1450 1934 Verbi
1476 1883 1643 1951 gratia
1676 1900 1693 1939 :
1726 1883 1881 1936 indu.

291 1961 422 2015 stria
463 1970 547 2016 est
582 1960 798 2019 formica
824 2007 839 2031 ,
877 1976 929 2020 ct
957 1968 1277 2023 laboriosum
1306 1970 1429 2025 facit
1456 1987 1608 2040 opus.
1638 1971 1693 2029 Si
1724 1975 1883 2044 igitur

290 2054 560 2118 attendas,
591 2057 874 2112 maximam
899 2062 966 2114 ab
993 2059 1094 2116 hoc
1118 2062 1330 2116 animali
1358 2066 1535 2132 capies
1564 2065 1883 2120 admonitio-

291 2159 441 2209 nem,
475 2156 529 2198 ut
557 2162 661 2200 non
688 2149 1006 2215 emolliaris,
1038 2167 1172 2206 neve
1201 2152 1368 2223 fugias
1400 2154 1606 2210 labores
1633 2163 1685 2211 et
1714 2156 1879 2211 sudo-

287 2250 416 2288 res:
443 2248 722 2306 propterea
742 2246 800 2293 et
824 2239 1097 2309 Scriptura
1129 2251 1424 2312 torpentem
1453 2244 1520 2298 ad
1546 2246 1688 2300 illam
1720 2249 1881 2303 mittit

286 2326 478 2380 dicens
500 2345 513 2381 :
549 2327 684 2381 Vade
702 2329 769 2381 ad
784 2331 1069 2401 formicam,
1092 2348 1122 2385 ο
1145 2332 1305 2403 piger,
1322 2343 1374 2397 et,
1395 2335 1590 2390 imitare
1615 2338 1721 2391 vias
1745 2339 1875 2408 ejus,

286 2431 335 2471 et
366 2430 472 2473 esto
501 2421 591 2475 illa
619 2422 894 2491 sapientior
920 2423 1100 2489 (Prov.
1132 2427 1183 2480 6.
1216 2426 1290 2495 6).
1325 2426 1439 2480 Non
1467 2428 1565 2492 vis,
1596 2429 1784 2499 inquit,
1812 2446 1876 2485 ex

286 2508 587 2578 Scripturis
614 2511 822 2567 discere
845 2513 987 2582 quod
1024 2514 1217 2569 bonum
1258 2517 1329 2570 sit
1366 2520 1615 2586 operari,
1651 2530 1706 2574 et
1734 2521 1875 2591 quod

286 2615 395 2653 nou
427 2616 657 2669 operaus
687 2619 858 2675 neque
884 2605 1204 2662 manducare
1232 2607 1465 2662 debeat?
1491 2627 1596 2664 non
1620 2612 1703 2665 vis
1722 2627 1749 2665 a
1780 2612 1877 2666 do-

283 2693 527 2747 ctoribus
553 2694 654 2749 hoc
677 2696 899 2751 audire?
919 2696 1066 2753 disce
1091 2711 1122 2751 a
1146 2697 1333 2753 brutis.
1366 2700 1450 2754 Sic
1477 2710 1531 2756 et
1557 2702 1607 2757 in
1633 2702 1876 2758 domibus

283 2797 433 2851 sa-pc
474 2783 696 2838 l‘acimus
728 2803 741 2839 :
777 2787 1007 2856 maiores
1033 2830 1049 2853 ,
1090 2799 1142 2843 et
1183 2790 1272 2859 qui
1314 2789 1557 2845 videntur
1586 2809 1705 2848 esse
1736 2809 1874 2862 prac-

281 2874 611 2938 stantiorcs,
640 2890 759 2929 cum
792 2880 1157 2945 peccaverint,
1192 2883 1427 2950 puerulis
1466 2883 1750 2938 solertibus
1788 2896 1873 2939 at-

282 2966 509 3020 tendere
533 2967 905 3034 exhortamur,
933 2971 1170 3028 dicentes
1194 2991 1207 3025 :
1238 2974 1461 3045 Respice
1492 2977 1750 3032 minorem
1781 2988 1831 3032 te
1853 3021 1869 3045 ,

279 3074 443 3128 quam
477 3070 556 3113 est
587 3060 877 3116 industrius
905 3075 957 3117 et
984 3066 1174 3119 solers.

352 3153 400 3203 Α
426 3153 648 3207 minimis
673 3156 976 3210 animalibus
1000 3159 1224 3211 eruditur
1252 3160 1419 3214 homo.
1449 3192 1518 3202 —
1548 3162 1610 3216 Et
1632 3170 1684 3217 tu
1714 3164 1872 3234 igitur

279 3243 352 3296 ah
381 3244 485 3299 hoc
509 3246 721 3299 animali
755 3249 1042 3301 maximam
1070 3264 1199 3317 cape
1224 3250 1520 3305 sedulitatis
1548 3254 1873 3308 exhortatio-

279 3352 406 3390 nem
435 3354 450 3390 :
478 3346 532 3391 et
560 3336 838 3391 Dominum
866 3346 1009 3393 tuum
1036 3340 1298 3396 admirare
1325 3383 1341 3407 ,
1387 3359 1491 3396 non
1519 3345 1660 3413 ψυιά
1699 3348 1868 3401 solem

278 3428 473 3482 fecerit
499 3437 699 3483 tantum
725 3438 778 3483 et
807 3430 993 3486 cmlum
1019 3469 1034 3492 ,
1075 3430 1168 3485 sed
1210 3432 1348 3501 quod
1390 3434 1549 3488 etiam
1589 3433 1867 3491 formicam

281 3521 424 3571 tt-cit.
455 3519 565 3573 Etsi
592 3520 733 3573 enim
754 3535 1000 3590 exiguum
1026 3522 1241 3587 animal,
1271 3521 1426 3577 habet
1458 3534 1632 3579 tamen
1661 3526 1869 3595 sapien-

280 3610 373 3661 tiae
397 3609 491 3662 Dei
524 3610 897 3678 magnitudinis
929 3610 1145 3664 multam
1173 3612 1702 3669 demonstrationem.
1731 3616 1868 3671 Con-

279 3700 460 3754 sidera
490 3700 647 3769 igitnr
665 3716 822 3770 quam
851 3702 919 3754 sit
945 3701 1199 3769 prudens,
1218 3711 1272 3756 et
1291 3704 1576 3771 admirare,
1601 3708 1867 3774 quomodo

280 3791 458 3858 potuit
491 3790 705 3845 Deusiu
761 3800 866 3843 tam
918 3792 1062 3846 brevi
1114 3806 1339 3861 corpore
1390 3802 1588 3848 Lautam
1613 3796 1754 3865 jugis
1789 3798 1868 3851 in-

277 3896 467 3937 serere
496 3882 820 3951 operationis
847 3882 1210 3952 cupiditatem.
1244 3884 1323 3939 Ab
1352 3886 1449 3939 hac
1473 3888 1687 3956 quidem
1718 3888 1867 3942 labo—

279 3974 360 4027 ris
380 3973 635 4033 studium.
655 3973 723 4027 ab
744 3988 844 4043 ape
874 3989 1001 4029 vero
1027 3974 1335 4029 munditiam
1352 3985 1403 4030 et
1425 3978 1693 4032 solertiam
1721 3980 1868 4037 disce

277 4063 914 4120 etcharitatem.Etcnim
959 4066 1046 4119 illa
1089 4082 1192 4127 non
1232 4069 1398 4136 magis
1435 4068 1533 4122 sibi
1564 4069 1661 4138 ipsi
1702 4089 1860 4141 quam

282 4156 440 4209 nobis
481 4155 721 4219 laborat,
762 4165 817 4211 ct
855 4157 1090 4227 quotidie
1131 4158 1418 4227 fatigatur:
1449 4158 1589 4228 quod
1638 4163 1867 4219 maxime

277 4249 593 4302 Christiano
618 4250 888 4317 proprium
915 4260 1019 4316 est,
1050 4266 1156 4305 non
1197 4266 1290 4305 sua
1319 4267 1560 4321 quaerere
1580 4293 1596 4318 ,
1626 4253 1720 4309 sed
1748 4270 1867 4325 qnte

277 4347 407 4393 sunt
425 4338 675 4393 aliorum.
700 4338 847 4394 Sicut
892 4340 1050 4410 igitur
1073 4341 1155 4395 illa
1184 4342 1529 4398 circumvolat
1547 4344 1723 4399 omnia
1746 4360 1868 4415 pra.

280 4440 331 4481 ta
358 4471 377 4495 ,
415 4438 477 4484 ut
506 4441 802 4499 promptam
832 4432 984 4486 alteri
1014 4442 1278 4502 pra-paret
1308 4449 1544 4489 mensam
1578 4453 1594 4491 :
1624 4437 1702 4491 sic
1730 4446 1782 4491 et
1811 4446 1864 4492 tu

279 4520 403 4581 fac,
446 4518 646 4585 homo,
687 4521 797 4574 sive
840 4522 1092 4589 pecunias
1129 4537 1420 4594 congreges
1444 4564 1459 4587 ,
1508 4525 1561 4578 in
1600 4524 1734 4580 alios
1769 4541 1865 4581 ex-

278 4609 459 4677 pende
496 4628 508 4662 :
539 4610 652 4663 sive
679 4609 935 4663 doctrinm
968 4612 1123 4664 verba
1153 4612 1367 4676 habens,
1396 4627 1462 4666 ne
1488 4611 1744 4674 defodias,
1773 4614 1865 4668 sed

277 4714 523 4765 apponas
545 4699 900 4769 indigentibus
924 4701 975 4755 in
1007 4702 1240 4755 medium
1266 4720 1278 4755 :
1304 4704 1416 4757 sive
1436 4703 1575 4757 aliud
1606 4706 1867 4773 peculiare

279 4790 488 4843 Italicas
510 4831 525 4855 ,
559 4791 703 4843 utilis
729 4801 847 4845 esto
875 4791 938 4844 iis
961 4831 977 4856 ,
1024 4792 1110 4860 qui
1160 4792 1399 4847 laborum
1442 4803 1649 4848 tuorum
1694 4794 1866 4850 fructu

276 4890 462 4950 egent.
495 4880 611 4934 Non
650 4883 825 4935 cernis
848 4923 861 4938 .
891 4891 1169 4950 propterea
1212 4884 1516 4937 animalium
1550 4885 1868 4953 gloriosissi—

277 4987 431 5024 mum
462 4985 582 5025 esse
609 4986 762 5040 apem
782 5010 795 5033 ,
829 4986 933 5024 non
960 4972 1079 5041 quia
1106 4972 1343 5037 laborat,
1371 4973 1462 5027 sed
1495 4976 1613 5042 quia
1643 4974 1760 5029 aliis
1788 4975 1866 5029 la-

280 5060 481 5114 borat?
506 5063 754 5127 quoniam
780 5070 832 5115 et
857 5076 1050 5115 aranea
1082 5060 1306 5127 laborat,
1336 5073 1389 5118 et
1417 5062 1680 5133 fatigatur,
1708 5076 1762 5120 et
1791 5076 1870 5120 te-

277 5169 418 5206 nues
448 5167 545 5222 per
572 5154 795 5221 parietes
821 5154 1060 5209 extendit
1087 5163 1321 5209 texturas
1344 5197 1358 5217 ,
1388 5171 1599 5211 omnem
1628 5159 1868 5214 mulieris

274 5242 604 5311 sapientiam
635 5243 975 5308 excedentes,
1004 5244 1095 5299 sed
1126 5254 1207 5300 est
1230 5245 1459 5315 ignobile
1486 5248 1698 5311 animal,
1730 5264 1865 5318 quo-

276 5337 430 5390 niam
461 5350 598 5404 opus
626 5336 743 5404 ejus
780 5337 932 5391 nobis
962 5337 1259 5393 nullatenus
1282 5348 1365 5393 est
1392 5340 1520 5395 utile
1547 5358 1560 5394 :
1586 5340 1723 5395 tales
1747 5351 1871 5395 sunt

274 5428 389 5485 sibi
442 5428 748 5483 laborantes
775 5441 828 5484 et
855 5444 914 5484 se
944 5429 1309 5501 defatigantes.
1355 5431 1567 5487 Imitare
1611 5433 1868 5487 columba:

278 5522 681 5589 simplicitatem
702 5561 721 5585 ,
750 5530 958 5577 sectare
985 5522 1119 5577 asini
1146 5532 1201 5577 et
1229 5522 1379 5578 bovis
1409 5525 1460 5577 in
1487 5523 1761 5578 dominum
1785 5525 1870 5578 di-

280 5613 599 5676 lectionem,
630 5610 837 5667 imitare
862 5613 1037 5668 avium
1063 5615 1400 5669 securitatem
1435 5630 1450 5666 :
1478 5614 1699 5668 multum
1726 5617 1866 5671 enim

283 5706 487 5764 inet-ari
512 5705 636 5762 licet
663 5721 692 5761 a
720 5706 886 5764 brutis
912 5706 976 5763 ad
1008 5722 1212 5764 morum
1243 5706 1648 5763 correctionem.
1681 5705 1759 5764 Ex
1786 5708 1867 5764 bis

1322 289 1408 343 AD
1447 288 1760 349 POPL’LUM
1788 294 2273 355 Ai‘i'l‘lttCllliXl'Bl
2338 305 2542 364 llUBiiL
2594 310 2705 364 ΧΠ.

3494 334 3591 389 156

2014 411 2255 470 Christus
2279 433 2489 489 quoque
2533 438 2630 478 nos
2668 426 2983 485 animalibus
3029 433 3239 492 instruit
3265 457 3279 493 :
3314 457 3435 497 nam
3465 456 3537 500 att
3564 464 3579 501 :

2010 501 2185 558 Estote
2213 508 2482 574 prudentes
2517 514 2647 566 sicut
2684 530 2934 586 serpentes
2959 537 2978 576 :
3003 535 3048 576 et
3072 526 3321 597 simplices
3345 535 3471 588 sicut
3499 556 3583 590 ro-

2008 591 2190 685 luntbm
2215 597 2427 666 (Matth.
2456 603 2543 656 10.
2570 605 2680 671 l6).
2716 607 2778 659 Et
2806 625 3014 665 rursum
3046 630 3059 665 :
3089 591 3339 685 Respieite
3362 626 3586 682 volatilia

2003 683 2114 735 caeli
2137 725 2147 746 ,
2176 703 2288 755 qua?
2313 705 2410 743 non
2437 705 2609 747 serunt
2638 713 2793 764 neque
2821 712 3026 766 metunt,
3055 714 3101 756 et
3125 704 3277 760 Pater
3300 722 3455 765 vester
3480 732 3580 770 ι’ω-

2003 773 2137 829 lestis
2178 781 2334 844 pascit
2384 783 2700 850 ea(.tlatt.6.
2725 790 2793 843 26
2822 793 2857 853 ).
2911 794 2973 846 Et
3014 798 3269 867 propheta
3296 842 3311 864 ,
3359 806 3577 872 pudefa-

2001 867 2146 921 ciens
2175 870 2407 940 ingratos
2433 876 2642 932 Judams
2663 922 2678 946 ,
2721 884 2799 937 sic
2843 886 3012 956 inquit
3041 905 3054 941 :
3084 890 3297 961 Agnorit
3336 867 3422 951 bos
3460 917 3579 968 pos-

1998 974 2237 1014 sessorem
2260 981 2405 1018 suum
2431 979 2476 1021 et
2504 971 2681 1026 asinus
2704 992 2925 1045 pra'sepe
2948 979 3244 1037 domini~sui
3262 1003 3280 1038 :
3296 986 3461 1043 Israel
3486 1010 3580 1044 uu-

1997 1058 2094 1102 lem
2119 1069 2198 1106 me
2222 1071 2320 1108 non
2350 1062 2546 1127 agnovit
2570 1061 2719 1129 (1εαὶ.
2758 1066 2807 1119 1.
2832 1068 2910 1136 ὅ).
2941 1070 3007 1124 Et
3037 1087 3246 1130 rursum
3272 1094 3284 1130 :
3321 1076 3506 1134 Τηνίων
3530 1091 3577 1135 et

1998 1142 2214 1198 hirundo
2240 1148 2352 1216 agri
2375 1190 2390 1213 ,
2418 1153 2630 1207 aviculae
2648 1194 2665 1219 ,
2697 1172 3029 1227 cognoverunt
3059 1172 3287 1234 tempora
3322 1169 3575 1240 ingressus

1992 1232 2106 1295 sui;
2135 1238 2352 1303 populus
2373 1254 2484 1293 vero
2505 1258 2641 1296 meus
2660 1261 2757 1298 non
2778 1252 3004 1317 cognovit
3018 1253 3219 1322 judicia
3246 1255 3451 1314 Domini
3481 1263 3575 1318 Dei

1992 1322 2070 1373 sui
2097 1321 2227 1389 (Jer.
2258 1327 2312 1380 s.
2344 1328 2417 1396 7).
2449 1330 2531 1385 Ab
2561 1331 2641 1386 his
2667 1344 2721 1388 et
2747 1350 2777 1387 a
2806 1321 3066 1395 similibus
3093 1346 3402 1401 animalibus
3427 1351 3573 1408 disce

1995 1411 2238 1496 virtutem
2259 1431 2529 1483 exercere,
2557 1436 2588 1476 a
2613 1426 2892 1481 contrariis
2915 1428 3574 1503 ver0vitiutnfugere.Sic-

1992 1508 2053 1554 ttt
2101 1505 2238 1557 enim
2268 1506 2499 1563 beneliea
2523 1512 2657 1581 apis,
2682 1516 2758 1570 sic
2786 1518 3075 1585 perniciosa
3096 1523 3239 1592 aSpis
3267 1542 3280 1577 :
3311 1527 3566 1585 malitiam

1991 1591 2149 1658 igitur
2174 1596 2286 1661 ejus
2316 1601 2578 1653 averseris
2602 1641 2617 1665 ,
2660 1619 2725 1657 ne
2774 1605 2997 1661 audias:
3038 1591 3295 1667 Venenum
3335 1618 3570 1684 aspidum

1987 1682 2077 1735 sub
2103 1684 2247 1738 labiis
2274 1703 2444 1741 eorum
2476 1689 2644 1762 (Psat.
2678 1695 2801 1749 159.
2828 1696 2907 1764 4).
2937 1698 3217 1768 lmpudens
3242 1682 3449 1761 rursum
3475 1723 3562 1761 ca-

1990 1772 2074 1828 nis
2093 1816 2107 1835 ,
2134 1776 2258 1830 odio
2287 1785 2494 1850 quoque
2523 1784 2720 1841 habeas
2755 1786 2890 1842 hanc
2918 1790 3308 1860 improbitatem
3339 1815 3352 1850 :
3380 1798 3564 1856 dolosa

1987 1873 2041 1917 et
2082 1864 2415 1924 fraudulenta
2444 1872 2628 1942 vulpes
2652 1916 2666 1939 ,
2700 1892 2766 1932 ne
2791 1878 2974 1934 vitium
3006 1881 3233 1939 imiteris
3262 1904 3276 1940 :
3306 1887 3400 1943 sed
3430 1890 3567 1945 sicut

1985 1956 2099 2024 apis
2127 1959 2291 2027 partis
2319 1965 2682 2032 supervolans,
2712 1983 2818 2022 non
2847 1972 3021 2024 omnia
3053 1972 3197 2042 legit,
3230 1977 3323 2031 sed
3352 1979 3566 2035 utilibus

1983 2051 2208 2118 sumptis
2233 2053 2429 2123 reliqua
2447 2058 2673 2112 omittit:
2694 2060 2761 2114 ita
2791 2070 2845 2115 tu
2870 2078 3078 2132 quoque
3107 2066 3266 2123 facias
3288 2070 3560 2127 brutormn

1983 2153 2150 2207 genus
2193 2158 2507 2211 percurrens
2536 2164 2550 2201 :
2577 2148 2621 2202 si
2650 2148 2775 2219 quid
2818 2152 2954 2207 inest
2979 2156 3105 2209 utile
3130 2157 3196 2210 ab
3232 2158 3333 2212 illis
3370 2176 3523 2216 sume
3547 2204 3562 2225 ,

1982 2238 2037 2283 et
2060 2246 2190 2300 quas
2215 2232 2410 2289 habent
2436 2251 2464 2289 a
2497 2248 2679 2292 natura
2713 2244 3090 2311 pragrogativas
3113 2286 3127 2308 ,
3160 2247 3256 2301 has
3288 2262 3339 2301 tu
3372 2265 3468 2319 per
3494 2252 3561 2305 li-

1982 2317 2166 2375 berum
2189 2325 2426 2393 exprime
2445 2327 2719 2383 arbitrium
2744 2346 2759 2384 :
2784 2340 2836 2385 ct
2860 2347 2953 2401 per
2980 2332 3081 2388 hoc
3100 2336 3240 2391 enim
3268 2353 3297 2391 a
3326 2317 3437 2392 Deo
3463 2339 3559 2393 ho-

1947 2423 2201 2471 ‘noratus
2245 2432 2303 2471 es
2326 2459 2341 2484 ,
2373 2419 2515 2488 quod
2554 2423 2819 2478 naturales
2865 2425 3140 2480 brutorum
3185 2432 3560 2500 przrrogativas

1981 2519 2074 2573 per
2101 2505 2321 2561 liberum
2350 2508 2625 2565 arbitrium
2649 2512 2740 2567 tibi
2770 2516 2987 2584 exsequi
3017 2519 3299 2585 concessit,
3331 2529 3387 2574 ut
3415 2537 3555 2591 prte-

1979 2596 2083 2650 mia
2103 2599 2466 2668 consequaris.
2491 2599 2599 2657 Illis
2617 2603 2759 2657 enim
2783 2619 2886 2658 non
2908 2621 2977 2660 ex
3001 2606 3259 2664 electione
3276 2618 3330 2664 et
3353 2614 3558 2668 ratione

1978 2685 2113 2741 bona
2158 2703 2348 2758 opera,
2398 2691 2492 2746 sed
2530 2707 2561 2746 a
2608 2695 2718 2748 sola
2762 2704 2969 2751 natura.
3001 2697 3163 2754 Verbi
3201 2702 3413 2771 gratia:
3446 2706 3562 2774 apis

1977 2777 2265 2843 ntellilicat,
2295 2796 2398 2836 non
2428 2783 2632 2839 ratione
2654 2784 2719 2839 ad
2749 2785 2852 2842 hoc
2877 2787 3173 2844 faciendum
3203 2792 3436 2860 inducta,
3464 2797 3557 2851 sed

1974 2880 2003 2918 a
2037 2877 2220 2923 natura
2252 2871 2489 2926 instituta
2522 2890 2535 2927 :
2563 2876 2809 2943 quoniam
2851 2878 2897 2931 si
2925 2888 3064 2934 esset
3095 2895 3228 2950 opus
3267 2899 3373 2938 non
3402 2896 3561 2940 natu-

1976 2973 2004 3013 r
2038 2960 2107 3023 le,
2149 2977 2318 3030 neque
2347 2964 2439 3018 ιοιί
2466 2966 2647 3035 generi
2676 2968 2982 3037 attributum
3003 3011 3020 3037 ,
3048 2981 3318 3040 oporteret
3342 2977 3559 3031 omnino

1975 3067 2040 3105 ex
2072 3052 2198 3122 ipsis
2232 3053 2438 3124 aliquas
2476 3058 2606 3111 artis
2642 3057 2945 3127 inexpertas
2970 3076 3127 3126 esse;
3161 3074 3303 3119 nunc
3337 3081 3465 3121 vero
3489 3084 3554 3121 ex

1975 3160 2081 3214 quo
2110 3146 2278 3201 factus
2315 3155 2400 3201 est
2459 3148 2688 3204 mundus
2711 3190 2727 3215 ,
2761 3166 2927 3222 usque
2970 3152 3024 3207 in
3070 3166 3386 3223 prtesentem
3417 3158 3556 3213 diem

1975 3251 2134 3291 nemo
2158 3237 2288 3292 vidit
2315 3255 2443 3310 apes
2468 3252 2742 3296 cessantes
2769 3255 2823 3298 et
2861 3260 2964 3299 non
2996 3246 3376 3302 mellilicantes.
3401 3248 3548 3304 Talia

1972 3332 2114 3382 enim
2143 3330 2401 3385 naturalia
2430 3332 2524 3386 toti
2550 3334 2730 3402 generi
2756 3336 3058 3390 communia
3082 3348 3205 3391 sunt
3229 3356 3243 3391 :
3275 3355 3394 3407 qua:
3424 3355 3552 3394 vero

1972 3440 2035 3479 ex
2065 3422 2230 3477 libero
2256 3424 2508 3486 arbitrio.
2544 3441 2647 3479 non
2678 3435 2803 3480 sunt
2830 3429 3132 3483 communia
3161 3446 3174 3482 :
3208 3428 3386 3484 labore
3410 3432 3551 3485 enint

1972 3514 2207 3585 indigent
2234 3524 2289 3568 ut
2315 3515 2450 3570 bene
2473 3516 2781 3572 succedant.

2040 3606 2076 3658 5
2138 3603 2288 3658 Nihil
2314 3606 2366 3658 in
2393 3606 2583 3658 mundo
2607 3607 2783 3662 inutile
2806 3649 2822 3674 ,
2845 3608 2938 3662 etsi
2962 3625 3105 3664 secus
3129 3610 3269 3666 nobis
3292 3612 3539 3669 videntur.

1969 3695 2250 3750 --0mnia
2302 3697 2459 3767 igitur
2513 3697 2710 3766 optima
2758 3700 2975 3769 capiens
3034 3700 3547 3757 eireumauticiaris:

1970 3788 2168 3842 etenim
2191 3788 2575 3842 irrationalimn
2600 3804 2694 3842 rex
2719 3805 2811 3851 es;
2838 3806 2992 3860 reges
3018 3800 3221 3857 autem,
3246 3793 3290 3847 si
3318 3794 3440 3862 quid
3472 3806 3555 3849 ομι

1971 3878 2023 3931 in
2050 3877 2276 3933 subditis
2302 3878 2585 3948 optimum,
2607 3879 2719 3935 sive
2740 3896 2950 3946 aurum,
2982 3883 3094 3937 sive
3117 3893 3415 3953 argentum,
3442 3887 3554 3940 sive

1972 3969 2179 4040 lapides
2234 3971 2489 4039 pretiosi,
2523 3972 2636 4027 sive
2688 3984 2997 4043 sumptuosa
3041 3976 3357 4031 vestimenta
3384 4018 3400 4044 ,
3442 3977 3556 4034 hace

1969 4076 2088 4116 cum
2120 4060 2603 4131 superabundantia
2644 4063 2741 4132 ipsi
2773 4065 3078 4133 possident;
3108 4076 3162 4121 et
3201 4082 3265 4122 ex
3309 4079 3553 4123 creatura

1971 4153 2256 4208 Dominum
2320 4161 2465 4207 tuum
2514 4154 2800 4211 admirare.
2823 4155 2877 4211 Si
2925 4157 3051 4227 quid
3095 4173 3222 4212 vero
3252 4166 3303 4213 te
3346 4160 3555 4215 excedit

1969 4244 2291 4311 visibilium,
2322 4253 2377 4300 et
2430 4246 2693 4300 rationem
2752 4246 2993 4302 invenire
3040 4263 3148 4302 non
3199 4256 3384 4319 potes,
3433 4250 3554 4304 ideo

1973 4333 2284 4389 Creatorem
2299 4330 2702 4405 gloriﬁca.quia
2750 4347 2983 4393 mentem
3016 4346 3157 4391 tuam
3199 4338 3363 4408 ipsius
3399 4341 3553 4409 opilio

1969 4426 2174 4481 ciorum
2218 4427 2480 4496 sapientia
2524 4427 2755 4482 excedit.
2786 4427 2863 4485 Ne
2902 4427 3069 4495 dicas,
3102 4429 3277 4497 Quare
3317 4430 3460 4486 hoc?
3487 4434 3551 4487 ad

1969 4515 2096 4584 quid
2130 4515 2271 4570 hoc?
2298 4531 2421 4570 nam
2467 4516 2880 4587 unumquodque
2906 4519 3035 4574 utile
3059 4529 3142 4574 est
3162 4560 3176 4580 .
3205 4520 3303 4574 etsi
3336 4536 3434 4575 nos
3463 4538 3550 4575 ra-

1973 4608 2168 4660 tionem
2197 4607 2520 4676 ignoramus.
2550 4608 2696 4667 Sicut
2718 4610 2860 4663 enim
2891 4612 2935 4663 si
2965 4610 3015 4664 in
3057 4612 3249 4666 medici
3283 4612 3551 4667 oflicinanl

1972 4699 2284 4769 ingrediaris
2322 4709 2377 4755 et
2420 4702 2582 4755 multa
2627 4703 2895 4770 preposita
2946 4702 3126 4758 videas
3178 4705 3550 4767 instrumenta,

1973 4790 2280 4851 varietatem
2312 4790 2787 4846 instrumentorum
2815 4792 3095 4847 admiraris
3115 4835 3128 4855 ,
3154 4794 3277 4847 licet
3318 4794 3550 4861 ipsorum

1972 4882 2183 4936 nescias
2210 4895 2337 4935 usus
2366 4899 2380 4935 :
2410 4882 2488 4936 sic
2513 4893 2567 4937 et
2597 4883 2647 4936 in
2677 4892 2921 4937 creatura
2956 4883 3136 4945 facias,
3167 4892 3222 4937 et
3263 4884 3306 4936 si
3353 4881 3553 4937 videris

1971 4975 2136 5029 multa
2180 4974 2486 5029 animalium
2513 4983 2565 5030 et
2591 4974 2873 5030 herbarum
2920 4983 2973 5029 et
3009 4974 3305 5043 plantarum
3343 4982 3396 5025 et
3435 4973 3555 5027 alia.

1972 5082 2090 5121 rum
2149 5080 2352 5131 rerum,
2405 5080 2630 5136 quarum
2696 5066 2947 5120 utilitates
2998 5063 3243 5130 nescias,
3291 5062 3556 5118 admirare

1973 5158 2208 5227 ipsarum
2234 5156 2573 5219 varietatem,
2602 5168 2755 5225 stupe
2780 5157 2937 5211 etiam
2982 5155 3214 5224 ipsarum
3253 5164 3554 5210 creatorem

1973 5248 2336 5317 optimumque
2375 5249 2617 5317 opiﬁcem
2664 5247 2830 5301 Deum
2875 5264 2890 5300 :
2936 5243 3184 5315 quoniam
3232 5259 3333 5299 nec
3379 5246 3555 5301 omnia

1976 5338 2066 5393 tibi
2100 5348 2219 5391 nota
2243 5338 2362 5395 fecit
2382 5378 2398 5405 ,
2432 5353 2530 5394 nec
2555 5339 2733 5393 omnia
2764 5337 3050 5406 incognita.
3077 5336 3191 5392 Non
3217 5337 3341 5394 fecit
3363 5339 3558 5410 quippe

1975 5428 2155 5483 omnia
2200 5428 2489 5499 incognita,
2517 5444 2583 5484 ne
2612 5428 2757 5483 dicas
2786 5442 2904 5483 esse
2929 5427 3186 5482 mundum
3232 5429 3348 5486 sine
3382 5431 3558 5500 provi-

1975 5519 2155 5577 dentia
2187 5536 2201 5573 :
2234 5536 2339 5576 non
2370 5520 2609 5591 permisit
2632 5535 2761 5576 vero
2804 5521 2896 5576 tibi
2929 5521 3139 5592 cognita
3177 5536 3299 5578 esse
3346 5520 3550 5585 omnia,

1978 5627 2045 5666 ne
2073 5610 2391 5680 cognitionis
2431 5611 2740 5683 magnitudo
2787 5619 2839 5667 te
2879 5612 2931 5666 in
2972 5612 3276 5682 superbiam
3307 5610 3547 5668 extollat.

1983 5704 2071 5760 Sic
2116 5703 2309 5775 quippe
2345 5712 2399 5760 ct
2443 5704 2670 5778 primum
2713 5704 2983 5763 hominem
3038 5704 3308 5778 improbus
3351 5701 3558 5759 damno
