4070 6208
533 334 630 389 131

531 447 620 498 ille
675 437 1040 510 praecipitavit,
1085 452 1180 506 per
1227 438 1443 503 majoris
1489 434 1725 488 scientia:
1773 447 1961 500 spem,
1989 448 2107 484 eam

531 551 691 606 quam
725 530 1239 587 habebatauferens:
1263 531 1544 598 Propterea
1575 538 1628 581 et
1654 527 1866 596 sapiens
1895 524 2108 594 quidam

535 627 806 689 admonet,
835 624 1017 678 dicens
1049 639 1062 674 :
1100 621 1338 674 Fortiora
1376 633 1422 674 te
1463 638 1525 673 ne
1562 637 1778 688 qnmras,
1803 629 1849 673 et
1893 618 2108 688 profun-

533 719 677 771 ἄξονα
716 727 760 768 te
790 732 849 767 ne
892 715 1126 769 scruteris
1149 729 1166 766 :
1190 728 1300 780 qua:
1327 711 1566 763 mandata
1590 720 1706 763 sunt
1731 710 1816 762 tibi
1841 751 1854 774 ,
1890 710 1994 762 hiet:
2024 724 2107 760 co-

538 809 677 876 gnita
706 806 895 874 (Eccti.
917 805 1077 859 5.9.1.
1100 803 1190 873 2'2)
1221 822 1231 855 :
1267 805 1429 872 ipsius
1458 803 1598 856 enim
1628 817 1846 868 Operum
1876 801 2022 868 plura
2057 800 2108 851 in

534 898 762 952 secretis
791 903 953 955 sunt;
985 905 1035 948 et
1063 909 1292 955 rursum,
1327 891 1529 961 Majora
1559 892 1814 945 hominum
1842 889 2108 959 prudentia

527 991 874 1042 demonstrata
925 995 1038 1038 sunt
1087 985 1174 1037 tibi
1201 983 1303 1054 (Ib.
1335 1001 1382 1036 υ.
1421 982 1536 1052 25).
1592 982 1702 1036 Hoc
1754 991 1929 1034 autem
1977 979 2112 1031 dixit

528 1080 817 1134 consolans
846 1088 1157 1132 intercutem
1204 1087 1257 1130 et
1303 1075 1606 1136 dolentem,
1632 1072 1769 1141 quod
1803 1087 1905 1124 non
1931 1072 2109 1123 omnia

532 1172 675 1224 norit
708 1171 943 1224 :etenim
973 1180 1026 1222 et
1054 1185 1114 1221 ea
1138 1209 1152 1230 ,
1185 1167 1382 1236 inquit,
1415 1181 1533 1234 qum
1580 1179 1738 1217 nosse
1779 1162 1958 1214 datum
2004 1170 2106 1224 est,

530 1261 755 1313 multum
800 1259 1130 1328 prudentiam
1188 1267 1331 1310 tuam
1376 1254 1837 1322 transgrediuntur
1883 1269 1896 1306 :
1935 1265 2109 1320 neque

525 1352 672 1405 enini
704 1367 767 1404 ex
802 1361 851 1404 te
893 1350 1172 1414 invenisti,
1205 1348 1297 1402 sed
1341 1362 1371 1400 a
1422 1348 1530 1400 Deo
1571 1345 1778 1398 doctus.
1819 1345 2111 1398 Contentus

533 1441 691 1510 igitur
717 1450 830 1494 esto
852 1440 989 1493 datis
1014 1439 1210 1492 divitiis
1230 1480 1244 1503 ,
1277 1446 1329 1491 et
1378 1453 1443 1491 ne
1466 1437 1695 1505 amplius
1722 1436 1982 1503 inquiras,
2015 1434 2109 1488 sed

533 1547 628 1600 pro
663 1531 746 1596 iis,
771 1547 892 1600 quae
918 1531 1191 1600 accepisti,
1219 1529 1414 1598 gratias
1443 1542 1572 1596 age:
1598 1527 1702 1579 noli
1735 1526 1992 1595 indignari
2012 1539 2109 1593 pro

532 1623 618 1689 iis,
641 1639 760 1693 quze
786 1639 890 1676 non
924 1623 1192 1690 accepisti,
1215 1629 1269 1674 et
1299 1635 1394 1688 pro
1438 1620 1531 1682 iis,
1576 1633 1695 1687 qua:
1741 1619 1916 1681 nosti,
1948 1618 2110 1685 glori-

531 1714 650 1776 fiea,
693 1728 760 1767 ne
809 1714 1184 1766 scandalizeris
1237 1719 1454 1780 propter
1502 1724 1564 1762 ea
1615 1725 1734 1778 quae
1776 1724 1880 1762 non
1927 1709 2104 1761 nosti:

525 1804 688 1855 ambo
713 1804 859 1856 enim
889 1804 1027 1856 Deus
1053 1801 1249 1854 utiliter
1281 1801 1399 1853 fecit
1424 1840 1438 1864 ,
1471 1807 1525 1852 et
1553 1797 1667 1851 ba'c
1693 1798 1906 1867 quidem
1951 1813 2107 1850 reve-

531 1892 678 1959 lavit,
706 1894 791 1947 illa
819 1907 944 1946 vero
981 1892 1259 1946 abscondit
1299 1900 1401 1944 tua:
1442 1889 1726 1943 consulens
1760 1889 1936 1942 Saluti.
1965 1888 2106 1942 Unus

521 1985 746 2053 quippe,
775 1983 915 2053 quod
945 1983 1050 2036 dixi
1069 2024 1082 2042 ,
1115 1981 1208 2035 Dei
1236 1979 1587 2050 cognoscendi
1625 1979 1811 2032 modus
1843 1993 1936 2046 per
1959 1993 2109 2031 crea.

532 2076 750 2136 tionem,
793 2075 986 2126 multos
1012 2073 1196 2126 valens
1244 2071 1358 2124 dies
1397 2071 1695 2123 absumere.
1721 2067 1790 2124 Ut
1817 2069 1960 2122 enim
2001 2085 2104 2121 non

531 2164 694 2218 solius
731 2163 963 2216 hominis
1003 2176 1124 2215 cum
1169 2161 1436 2228 diligentia
1486 2159 1854 2213 formationem
1887 2173 2106 2227 percur-

527 2269 740 2318 ramus,
769 2270 888 2306 cum
939 2254 1207 2322 diligentia
1237 2253 1357 2305 dico
1400 2251 1551 2305 nobis
1577 2250 1814 2319 pOSsibili
1836 2291 1849 2313 ,
1883 2264 1984 2302 noa
2015 2250 2102 2302 illa

529 2360 652 2399 vera
681 2345 954 2414 diligentia
985 2361 998 2398 :
1030 2359 1149 2397 nam
1177 2344 1276 2397 etsi
1323 2343 1515 2395 multas
1559 2341 1818 2394 factorum
1872 2340 2105 2394 rationes

521 2436 778 2501 diximus,
802 2446 924 2488 sunt
956 2445 1132 2488 tamen
1159 2443 1214 2487 et
1237 2434 1352 2487 alia:
1399 2436 1575 2502 plures
1603 2447 1812 2486 arcana:
1850 2447 1980 2501 quas
2013 2431 2104 2501 qui

417 2507 450 2516 κ’
527 2526 672 2591 fecit,
706 2531 847 2578 novit
873 2525 1055 2589 Deus;
1085 2541 1187 2576 non
1215 2525 1355 2577 enim
1398 2539 1584 2578 Omnes
1630 2524 1730 2592 ipsi
1775 2524 1973 2576 scimus
2003 2541 2014 2575 :
2051 2533 2105 2577 ut

528 2619 686 2688 igitur
713 2631 924 2670 onmem
971 2616 1200 2668 hominis
1247 2614 1617 2668 formationem
1666 2629 1788 2668 cum
1835 2615 2102 2684 diligentia

529 2721 922 2777 percurramus,
945 2714 997 2758 et
1039 2705 1089 2757 in
1131 2720 1450 2774 iIanuoquc
1499 2706 1741 2759 membro
1790 2707 2102 2774 sapientiam

529 2799 879 2862 inveniamus,
911 2807 966 2851 et
1021 2813 1324 2861 nervorum,
1352 2812 1606 2851 venarum
1626 2839 1640 2862 ,
1665 2800 1976 2852 arteriarum
2023 2798 2103 2851 di-

529 2890 918 2951 stributionem,
949 2889 1133 2953 situm,
1161 2889 1493 2958 aliorumque
1538 2890 1772 2942 omnium
1822 2888 2102 2943 formatio-

530 2994 651 3035 nem
681 2979 1113 3042 consideremus,
1148 2994 1248 3032 nec
1273 2995 1443 3032 annus
1467 2981 1670 3050 integer
1699 2981 1850 3034 nobis
1871 2981 1934 3034 ad
1968 2984 2103 3036 hanc

528 3071 912 3138 expositionem
945 3069 1193 3124 sutficiet.
1224 3069 1347 3123 ldeo
1386 3071 1544 3124 istutn
1582 3073 1668 3125 hic
1711 3087 2010 3126 sermonem
2043 3074 2103 3125 fi-

529 3163 756 3224 nientes,
785 3169 838 3214 et
866 3160 1143 3214 laboriosis
1164 3161 1518 3230 studiosisque
1541 3178 1602 3216 ex
1631 3163 1784 3216 dictis
1807 3153 2102 3231 pricbentes’

528 3260 584 3305 et
634 3251 767 3304 alias
816 3251 1102 3303 creationis
1149 3261 1325 3318 partes
1377 3255 1715 3319 pereurrendi
1768 3255 2001 3318 modum,
2033 3255 2101 3308 ad

528 3343 685 3396 aliam
707 3357 1008 3396 sermonem
1034 3341 1368 3413 hypethesim
1392 3353 1677 3410 vertamus,
1699 3347 1862 3412 ipsam
1891 3362 2100 3419 quoque

529 3435 620 3490 Dei
651 3435 995 3504 providentiae
1023 3437 1514 3490 detnunstrativan't.
1544 3438 1672 3505 Qua:
1703 3440 1864 3508 igitur
1901 3451 1981 3494 est
2011 3457 2099 3496 sc-

527 3528 698 3580 cunda
723 3525 1070 3595 hypothesis?
1101 3526 1180 3578 Ab
1202 3527 1352 3580 initio
1383 3528 1520 3580 Deus
1543 3528 1810 3583 hominem
1845 3531 2095 3598 formans,

525 3616 698 3686 legem
727 3616 824 3685 ipsi
855 3616 1147 3669 naturalem
1189 3616 1394 3670 indidit.
1427 3619 1490 3670 Et
1519 3618 1642 3687 quid
1663 3621 1873 3674 tandem
1903 3631 1984 3674 est
2014 3623 2098 3676 lex

529 3709 824 3764 naturalis?
852 3709 1243 3762 Conscientiam
1274 3711 1426 3762 nobis
1456 3713 1738 3778 expressit,
1769 3722 1824 3766 et
1851 3730 1881 3767 a
1911 3724 2097 3767 natura

529 3800 746 3854 inditam
779 3813 896 3852 esse
924 3799 1089 3851 voluit
1119 3799 1377 3853 bonorum
1409 3810 1462 3853 et
1498 3803 1886 3855 contrariorum
1926 3807 2098 3857 scien-

528 3894 680 3944 tiam.
709 3889 820 3942 Non
862 3891 1000 3942 enim
1029 3906 1163 3958 opus
1193 3891 1452 3944 habemus
1473 3891 1700 3954 discere,
1725 3894 1865 3962 quod
1898 3895 2094 3948 malum

530 3982 604 4036 sit
629 3982 920 4045 fornicatio,
948 3990 1003 4035 et
1030 3981 1222 4035 bonum
1248 3983 1592 4048 continentia,
1613 3985 1707 4037 sed
1735 3986 1803 4038 ab
1821 3987 1968 4039 initio
1995 3987 2095 4040 hoc

521 4072 813 4126 scimusJSt
830 4071 1071 4125 utdiscas
1089 4086 1186 4125 nos
1209 4071 1275 4124 ab
1296 4073 1443 4126 initio
1465 4073 1564 4127 hoc
1583 4074 2014 4146 scire,legislator
2032 4079 2097 4131 le-

522 4179 614 4234 ges
634 4173 811 4233 postea
831 4163 1026 4226 ferens,
1046 4171 1099 4216 et
1119 4164 1302 4218 dicens
1328 4180 1342 4216 :
1363 4162 1484 4217 Non
1509 4166 1840 4237 occides(E.r.
1866 4168 2050 4240 ‘20.!5)
2077 4187 2090 4222 :

533 4272 636 4308 non
661 4257 856 4320 intulit,
883 4255 1073 4307 Malum
1090 4255 1230 4308 enim
1253 4254 1426 4308 caules
1447 4273 1460 4309 :
1484 4255 1575 4310 sed
1597 4258 1938 4326 sit‘nplicitcr:
1972 4259 2092 4313 Non

519 4348 736 4411 accidas,
763 4347 932 4415 inquit
964 4363 978 4400 :
1009 4347 1273 4417 prohibuit
1298 4349 1439 4401 enim
1473 4359 1747 4417 peccatum
1791 4351 2086 4416 dumtaxat,

519 4452 626 4490 non
649 4437 1022 4504 docuit.Quare
1048 4437 1204 4507 igitur
1227 4438 1314 4508 qui
1334 4437 1613 4502 dixit,Non
1631 4440 1846 4506 occides,
1868 4457 1969 4495 non
1997 4443 2092 4496 ad-

517 4528 673 4594 didit,
693 4530 822 4595 Quia
841 4527 1041 4583 inalum
1071 4531 1243 4585 eiech
1265 4535 1288 4585 ἲ
1312 4531 1571 4597 Quoniam
1595 4534 1738 4600 prius
1766 4536 2087 4590 conscientia

517 4642 618 4684 nos
643 4625 746 4679 hoc.
769 4623 967 4686 docuit,
993 4631 1045 4675 et
1067 4631 1333 4692 tamquam
1367 4625 1653 4679 scientibus
1675 4634 1730 4679 et
1751 4627 2090 4695 intelligenti-

517 4723 620 4777 bus
643 4721 710 4773 ita
743 4719 992 4786 loquitur.
1015 4718 1146 4769 Cum
1171 4717 1326 4785 igitur
1343 4719 1409 4772 de
1432 4720 1535 4772 alio
1558 4720 1787 4788 loquitur
1815 4723 2084 4787 mandato,

512 4825 621 4866 non
650 4808 802 4862 nobis
833 4822 925 4876 per
944 4807 1322 4861 conscientiam
1355 4818 1508 4872 noto,
1540 4825 1642 4862 non
1675 4821 1872 4864 tantum
1905 4814 2086 4881 prohi-

511 4905 626 4968 bet,
659 4901 751 4955 sed
778 4911 830 4954 ct
859 4913 1075 4954 causam
1104 4901 1340 4967 apponit.
1374 4902 1444 4954 De
1467 4902 1687 4956 sabbato
1715 4904 1887 4972 itaque
1917 4906 2085 4974 legem

512 4998 716 5059 ferens,
747 5004 802 5048 et
829 4992 1051 5047 dicens:
1083 4991 1311 5062 Septima
1335 4995 1418 5046 die
1442 5011 1541 5046 non
1563 4996 1718 5066 facies
1762 5012 1888 5064 Opus
1923 4995 2081 5067 (Ibid.

514 5103 548 5139 v
587 5125 601 5140 .
631 5088 717 5156 10)
755 5105 768 5142 :
798 5085 1068 5155 subjunxit
1090 5099 1306 5138 musam
1335 5100 1545 5154 quoque
1570 5089 1882 5142 cessationis
1913 5106 1926 5140 :
1953 5105 2085 5158 qua-

510 5176 613 5230 lem
643 5178 816 5231 vero?
850 5176 982 5240 Quia
1015 5174 1067 5227 in
1097 5173 1178 5227 die
1205 5175 1414 5244 septima
1451 5177 1684 5244 requievit
1708 5176 1847 5230 Deus
1883 5179 1945 5231 ab
1972 5197 2082 5232 ont-

511 5265 654 5317 nibus
698 5267 928 5334 aperibns
978 5266 1083 5319 suis
1109 5279 1220 5335 qua:
1253 5275 1466 5334 cwperat
1508 5269 1672 5336 facere
1699 5283 1716 5320 :
1743 5279 1797 5322 et
1827 5285 2034 5324 rursum
2066 5288 2079 5324 :

515 5338 765 5421 Quoniam
791 5373 960 5409 servus
990 5358 1131 5427 fuisti
1158 5358 1209 5410 in
1239 5366 1370 5410 terra
1398 5355 1611 5428 ὤμω)ιὶ
1644 5358 1818 5430 (Deut.
1846 5361 1935 5415 24.
1967 5362 2077 5432 ts).

511 5453 687 5515 Quare
733 5447 911 5517 igitur,
941 5450 1026 5503 dic
1066 5451 1216 5516 mihi,
1250 5451 1299 5504 in
1339 5452 1560 5506 sabbato
1603 5455 1816 5524 quidem
1866 5470 2078 5510 causam

507 5540 726 5609 adjecit,
759 5541 810 5593 in
843 5541 986 5594 caede
1016 5558 1140 5596 vero
1177 5543 1307 5597 nihil
1346 5545 1449 5599 tale
1476 5545 1643 5600 fecit?
1672 5547 1930 5612 Quoniam
1979 5547 2080 5603 hoc

507 5633 720 5702 quidem
763 5630 1066 5684 mandatum
1097 5648 1205 5686 non
1253 5632 1320 5688 de
1367 5638 1632 5702 primariis
1669 5647 1804 5703 erat,
1836 5653 1934 5693 nec
1984 5655 2078 5707 per

501 5724 881 5782 conscientiam
908 5721 1062 5780 nobis
1087 5723 1392 5806 exquisitis,
1421 5727 1511 5782 sed
1544 5729 1858 5799 particulare
1895 5731 2066 5802 qucd~

1227 322 1282 379 S.
1322 321 1595 378 103Nle
1631 319 2099 376 CllitYSOSTOMI
2143 319 2456 376 ARCillEP.
2495 321 3028 378 CONSTANTINOP.

3701 331 3800 386 159

2223 431 2345 484 dam
2373 443 2426 486 ct
2451 441 2850 502 temporaneum
2886 452 2900 487 :
2933 444 3210 503 propterea
3252 445 3374 504 post
3416 439 3530 493 hace
3562 426 3797 499 solutum

2218 529 2338 575 est:
2375 525 2672 576 necessaria
2706 538 2852 584 vero,
2885 532 2941 576 et
2964 524 3127 577 vitam
3153 536 3391 579 nostram
3421 530 3756 585 continentia
3782 575 3797 598 ,

2218 611 2303 662 illa
2354 621 2521 665 sunt:
2559 611 2677 664 Non
2719 613 2947 675 occides,
2982 630 3085 666 non
3129 615 3400 684 furabaris.
3425 635 3525 671 non
3571 624 3796 674 miri-liu-

2214 699 2342 752 beris
2369 700 2560 772 (Exod.
2589 701 2679 756 ‘20.
2717 704 2905 772 15-15)
2941 721 2954 757 :
2985 713 3040 758 ct
3078 705 3198 758 ideo
3230 708 3529 762 nullatenus
3550 711 3636 765 hic
3665 729 3798 764 ran-

2214 805 2326 842 sam
2361 792 2525 859 ponit.
2555 807 2653 846 nec
2677 791 2971 846 doctrinam
3003 795 3235 860 adducit,
3261 798 3358 852 sed
3379 801 3492 852 sola
3515 817 3648 870 opus
3677 821 3798 860 esse

2215 891 2368 950 putat
2403 883 2780 949 prohibitione.

2282 973 2336 1026 ι.
2375 972 2520 1026 Juris
2554 975 2799 1026 naturalis
2843 974 3062 1044 cognitio
3105 976 3268 1029 indita
3326 978 3536 1033 homini.
3569 1010 3643 1022 —
3690 982 3800 1038 Nec

2215 1065 2340 1119 inde
2372 1075 2596 1129 tantum,
2627 1066 2718 1119 sed
2767 1077 2820 1120 ct
2847 1067 3060 1121 aliunde
3105 1069 3256 1122 vobis
3297 1069 3664 1127 demonstrare
3704 1089 3794 1128 eo-

2214 1156 2402 1216 nabor,
2437 1154 2702 1224 quomodo
2744 1171 2774 1207 a
2819 1166 3004 1209 natura
3047 1158 3320 1212 institutus
3360 1172 3474 1214 erat
3523 1162 3685 1216 homo
3729 1165 3797 1220 ad

2213 1247 2424 1300 virtutis
2449 1247 2829 1316 cognitionem.
2871 1248 3107 1302 Primum
3141 1251 3311 1303 Adam
3357 1253 3571 1306 admisit
3601 1271 3796 1323 pecca-

2215 1346 2348 1400 tum,
2376 1347 2569 1405 etpost
2614 1347 2887 1406 peccatum
2935 1341 3112 1392 statim
3158 1356 3216 1395 se
3255 1344 3651 1398 occultavit‘tsi
3697 1347 3803 1400 ali-

2213 1427 2338 1496 quid
2371 1429 2493 1482 mali
2525 1442 2582 1482 se
2629 1437 2966 1496 perpetrasse
2993 1444 3098 1482 non
3129 1441 3371 1492 noverat,
3401 1448 3504 1501 qua
3535 1434 3603 1488 de
3629 1449 3794 1489 causa

2213 1531 2270 1571 se
2291 1517 2618 1571 occultavit?
2647 1517 2826 1586 Neque
2851 1517 2992 1571 enim
3023 1527 3176 1572 erant
3195 1517 3528 1582 litterae,non
3553 1522 3659 1586 lex,
3688 1540 3797 1578 non

2213 1607 2384 1660 Moses
2413 1624 2428 1659 :
2459 1607 2600 1661 unde
2644 1608 2799 1676 igitur
2833 1608 2980 1661 novit
3023 1619 3336 1676 peceatum,
3372 1618 3430 1661 ut
3465 1625 3524 1664 se
3564 1611 3804 1665 abscon-

2212 1697 2396 1751 deret?
2424 1697 2532 1752 Nec
2571 1707 2772 1751 tantum
2827 1712 2886 1750 se
2939 1697 3109 1760 celat,
3165 1697 3262 1751 sed
3310 1707 3363 1752 et
3409 1709 3690 1753 accusatus
3741 1701 3796 1753 in

2211 1789 2371 1841 alium
2428 1799 2653 1841 conatur
2696 1787 2986 1842 transferre
3039 1804 3257 1842 causam
3283 1829 3299 1854 ,
3346 1790 3568 1845 dicens:
3603 1792 3789 1846 Nuliei

2210 1895 2361 1949 quant
2387 1879 2568 1933 dedisti
2613 1879 2772 1944 mihi,
2807 1880 2918 1948 ipsa
2962 1880 3096 1933 dedit
3146 1880 3268 1933 mihi
3311 1882 3371 1934 de
3416 1883 3554 1952 ligno
3581 1924 3595 1946 ,
3627 1895 3678 1936 et
3703 1902 3795 1938 co-

2212 1969 2345 2020 medi
2375 1967 2525 2037 (Gen.
2557 1971 2611 2023 5.
2642 1969 2752 2038 12).
2809 1970 2876 2023 Et
2925 1971 3010 2024 illa
3059 1985 3243 2025 rursus
3284 1972 3336 2025 in
3382 1974 3544 2027 alium
3585 1975 3796 2031 criznen

2213 2059 2495 2126 transfert,
2563 2069 2861 2130 serpentem
2899 2064 3119 2117 scilicet.
3169 2064 3245 2118 Ac
3295 2064 3417 2119 vide
3472 2068 3796 2135 Sapientiam

2212 2151 2497 2206 Deizcnni
2553 2155 2691 2206 enim
2743 2154 2910 2206 Adam
2965 2155 3220 2209 dixisset:
3264 2154 3449 2210 Vocem
3501 2168 3640 2211 tuam
3693 2179 3796 2212 tm-

2209 2245 2311 2297 diri
2328 2287 2342 2310 ,
2373 2255 2417 2298 et
2467 2247 2640 2310 timui,
2667 2263 2723 2300 eo
2763 2249 2896 2317 quod
2923 2249 3110 2300 ‘nudus
3138 2265 3290 2302 essent
3312 2291 3326 2315 ,
3359 2261 3408 2303 et
3446 2251 3688 2306 abscondi
3717 2269 3796 2308 me

2211 2337 2312 2406 (Ib.
2337 2355 2384 2392 υ.
2420 2341 2506 2408 10)
2534 2357 2546 2393 :
2579 2341 2713 2394 Deus
2735 2356 2836 2393 non
2865 2341 3040 2394 statim
3071 2343 3262 2396 factum
3294 2343 3588 2413 redarguit,
3619 2361 3798 2416 neque

2207 2430 2338 2484 dixit
2361 2449 2374 2483 :
2406 2432 2577 2499 Quare
2605 2433 2744 2485 enim
2777 2433 2840 2486 de
2866 2435 3004 2502 ligno
3029 2435 3344 2488 comedisti?
3372 2436 3463 2488 Sed
3483 2438 3797 2505 quomodo?

2211 2523 2335 2588 Quis
2361 2525 2489 2576 enim
2517 2525 2750 2577 indicavit
2791 2525 2878 2577 tibi
2905 2527 3038 2593 quod
3081 2526 3245 2580 nudus
3290 2543 3418 2580 esses
3446 2529 3542 2580 nisi
3569 2529 3708 2598 quod
3731 2545 3795 2582 ε]

2207 2615 2372 2680 ligno,
2405 2621 2467 2667 de
2504 2631 2600 2685 quo
2631 2631 2964 2684 prazceperam
2999 2616 3086 2668 tibi
3115 2633 3176 2669 ne
3199 2618 3500 2681 comedercs,
3531 2619 3796 2671 comedisti

2207 2703 2392 2774 (Ibid.
2437 2725 2491 2763 γ.
2541 2705 2693 2776 ii)?
2737 2705 2917 2776 Neque
2973 2708 3171 2772 tacuit,
3223 2724 3322 2762 nec
3374 2717 3556 2776 aperte
3614 2710 3791 2777 ipsum

2205 2795 2519 2865 redarguit:
2571 2811 2675 2849 non
2730 2798 2870 2851 enim
2903 2799 3096 2863 tacuit,
3134 2808 3189 2851 ut
3229 2799 3398 2866 ipsum
3465 2798 3528 2852 ad
3582 2801 3795 2869 peccati

2203 2885 2592 2940 confeSsionem
2616 2896 2896 2950 evocaret;
2918 2903 3013 2942 nec
3038 2903 3162 2941 vero
3185 2888 3462 2942 manifeste
3484 2890 3785 2956 redarguit,

2205 2992 2272 3030 ne
2295 2986 2458 3030 totum
2492 2978 2582 3031 Dei
2611 2988 2771 3042 esset,
2801 2987 2854 3032 et
2898 2980 2987 3032 ille
3019 2980 3250 3048 privatus
3281 2991 3578 3034 remaneret
3611 2983 3792 3046 venia,

2208 3083 2326 3136 qua:
2369 3067 2521 3122 nobis
2551 3085 2620 3122 ex
2669 3069 3003 3124 confeSsione
3055 3072 3308 3124 nascitur.
3349 3072 3630 3141 Pr0ptcrea
3682 3091 3793 3129 nou

2206 3159 2335 3211 dixit
2365 3159 2638 3213 manifeste
2660 3174 2894 3222 causam,
2915 3161 3053 3215 unde
3077 3163 3307 3231 cognitio
3329 3164 3342 3193 ¹
3366 3173 3484 3216 nata
3507 3173 3672 3230 esset,
3693 3168 3795 3220 sed

2206 3250 2305 3302 Sub
2337 3251 2766 3318 interrogationis
2806 3251 2974 3306 forma
3014 3269 3315 3308 sermonem
3359 3255 3595 3323 profert,
3627 3270 3681 3311 ut
3713 3261 3796 3313 illi

2202 3341 2400 3394 aditum
2437 3341 2502 3394 ad
2534 3341 2918 3396 confessionem
2941 3345 3283 3414 relinqueret.
3317 3346 3546 3401 Rursum
3571 3349 3623 3402 in
3653 3349 3793 3404 Cain

2203 3441 2252 3484 et
2282 3433 2412 3485 Abel
2441 3431 2579 3486 idem
2607 3433 2785 3488 videre
2812 3433 2953 3488 licet.
2988 3435 3222 3489 Primum
3272 3439 3483 3507 quidem
3524 3440 3797 3508 primitias

2205 3523 2312 3577 Deo
2344 3523 2584 3578 ferebant
2622 3525 2858 3580 laborum
2890 3542 3124 3582 suormn.
3162 3529 3272 3582 Non
3301 3531 3442 3584 enim
3479 3547 3510 3584 a
3562 3545 3799 3601 peccato

2203 3622 2424 3677 tantum,
2456 3615 2550 3669 sed
2578 3617 2734 3670 etiam
2759 3633 2788 3670 a
2816 3618 3006 3672 virtute
3033 3619 3478 3686 demonstremus,
3509 3622 3793 3680 hominem

2203 3709 2474 3776 utriusque
2495 3709 2714 3762 scientia
2747 3709 3022 3776 praeditum
3054 3712 3230 3765 fuisse.
3261 3713 3410 3779 Quod
3436 3716 3593 3783 igitur
3620 3717 3796 3782 homo

2201 3809 2471 3869 peccatum
2536 3816 2656 3855 esse
2721 3803 2914 3854 malum
2968 3802 3075 3869 jam
3143 3805 3341 3869 sciret,
3397 3806 3795 3864 demonstravit

2199 3891 2366 3944 Adam
2393 3906 2406 3955 ;
2431 3891 2570 3959 quod
2612 3903 2786 3946 autem
2813 3895 3060 3948 virtutem
3092 3910 3211 3950 esse
3253 3897 3448 3951 bonum
3478 3902 3638 3952 etiam
3678 3902 3795 3957 sci—

2198 3991 2300 4046 ret,
2332 3995 2538 4037 rursutn
2597 3985 2728 4039 Abel
2786 3985 3160 4042 manifestavit.
3207 3989 3320 4043 Non
3371 3994 3510 4046 enim
3555 3994 3625 4047 ab
3669 3997 3796 4051 ullo

2197 4075 2404 4140 doctus,
2426 4093 2594 4145 neque
2621 4078 2733 4142 lege
2754 4077 2818 4132 de
2842 4079 3085 4147 primitiis
3111 4081 3225 4136 ὴίιιε
3253 4082 3548 4139 disserente
3574 4087 3793 4156 audita,

2197 4167 2291 4222 sed
2318 4183 2347 4220 a
2375 4184 2467 4221 sua
2499 4170 2820 4223 conscientia
2849 4171 3037 4225 doctus
3059 4213 3073 4236 ,
3100 4175 3412 4229 sacrificium
3464 4178 3590 4230 illud
3619 4180 3790 4234 obtu-

2197 4259 2274 4313 lit.
2306 4260 2588 4328 Propterea
2629 4275 2730 4314 non
2777 4261 3045 4318 descendo
3081 4264 3146 4318 ad
3192 4278 3453 4332 posteros,
3487 4270 3580 4322 sed
3631 4272 3797 4328 circa

2197 4349 2399 4417 priores
2423 4349 2663 4404 homines
2689 4367 2892 4416 versor,
2920 4353 3129 4423 quando
3174 4357 3405 4409 nondum
3438 4358 3648 4427 litterte,
3681 4379 3799 4417 ne-

2195 4455 2298 4510 que
2323 4441 2425 4503 lex,
2459 4457 2632 4510 neque
2654 4443 2926 4511 pr0pheta:
2957 4454 3010 4498 et
3030 4444 3235 4513 judices
3259 4487 3273 4509 ,
3310 4446 3401 4500 sed
3427 4450 3573 4501 solus
3602 4453 3796 4507 Adam

2194 4546 2314 4584 cum
2341 4531 2458 4585 filiis
2486 4542 2599 4584 erat
2619 4572 2634 4594 ,
2667 4543 2723 4586 ut
2749 4531 2923 4586 discas
2950 4533 3001 4586 in
3025 4547 3210 4588 natura
3254 4535 3512 4590 bonorum
3557 4549 3609 4592 et
3637 4555 3798 4597 con-

2196 4623 2475 4676 trariormn
2520 4623 2794 4678 scientiam
2841 4625 2986 4692 prius
3032 4624 3192 4681 fuisse
3257 4630 3564 4696 repositam.
3620 4631 3798 4688 Unde

2193 4714 2336 4767 enim
2389 4713 2573 4768 didicit
2619 4716 2774 4778 Abel,
2801 4716 2941 4785 quod
2977 4717 3169 4770 bonum
3197 4731 3339 4773 esset
3389 4722 3603 4787 offerre,
3627 4729 3798 4792 quod

2193 4804 2387 4857 bonum
2417 4806 2578 4859 Deum
2607 4809 2870 4872 venerari,
2902 4817 2954 4862 et
2982 4810 3030 4863 in
3059 4811 3304 4865 omnibus
3329 4815 3523 4881 gratias
3563 4831 3741 4885 agerc
3770 4823 3799 4874 Ἰ

2191 4893 2325 4960 Quid
2360 4895 2552 4962 igitur,
2578 4912 2642 4949 an
2665 4895 2793 4951 Cain
2839 4913 2941 4950 non
2986 4900 3213 4952 obtulit?
3238 4901 3438 4956 Obtulit
3473 4905 3691 4973 quidem
3732 4923 3800 4964 et

2192 4983 2334 5052 ipse,
2365 4985 2456 5038 sed
2496 5001 2602 5038 non
2650 4987 2912 5041 similiter.
2945 4988 3006 5041 Et
3047 4988 3172 5043 hinc
3207 5007 3332 5044 vero
3381 5008 3587 5046 rursum
3635 5010 3798 5049 con-

2189 5074 2424 5127 scientiae
2449 5075 2680 5144 cognitio
2709 5085 2927 5145 apparet
2953 5081 3235 5148 :quoniam
3265 5082 3402 5135 enim
3432 5083 3516 5148 ei,
3546 5086 3636 5152 qui
3671 5086 3798 5139 lm—

2190 5176 2406 5220 noratus
2434 5165 2627 5233 fuerat,
2660 5169 2906 5224 invidens
2924 5212 2940 5236 ,
2971 5170 3038 5225 de
3062 5173 3207 5226 crede
3231 5173 3584 5244 deliberabat,
3611 5176 3797 5232 dolo-

2189 5273 2302 5312 sam
2336 5260 2542 5314 celebat
2569 5262 2884 5314 sententiam
2912 5271 3000 5317 :et
3024 5264 3146 5332 quid
3181 5266 3799 5334 inquit?.»tge,egrcdia-

2187 5367 2300 5402 mur
2344 5351 2399 5404 in
2445 5367 2680 5420 campum
2713 5352 2861 5421 (Gen.
2889 5355 2940 5408 4.
2991 5355 3082 5426 8).
3120 5357 3233 5410 Alia
3269 5357 3458 5425 figura.
3488 5356 3798 5419 charitatls

2185 5441 2327 5494 enim
2357 5441 2619 5494 simulatio
2645 5459 2660 5496 :
2692 5445 2954 5498 sententia
2979 5447 3114 5510 alia,
3146 5447 3395 5500 fratricidi
3437 5450 3576 5502 enim
3624 5454 3799 5510 deii-

2187 5533 2409 5588 beratio.
2450 5533 2520 5588 Et
2558 5535 2657 5588 nisi
2699 5536 2898 5589 malum
2951 5538 3228 5592 consilium
3292 5541 3542 5608 putabat,
3591 5559 3796 5609 quare

2185 5687 2370 5800 “Ltd
2407 5687 2553 5741 ttorel
2583 5698 2633 5742 et
2655 5692 2847 5756 quidam
2869 5700 2976 5743 Mss.
3014 5692 3157 5743 savii.
3183 5702 3234 5744 et
3273 5695 3462 5761 quidam
3486 5695 3582 5760 atii,
3608 5699 3799 5751 Unde

2241 5762 2251 5782 ι
2353 5765 2398 5800 o.

2241 5762 2398 5801 εαωιο.
