4070 6208
365 297 470 354 155

361 395 492 464 αὐτὸ
523 407 842 472 συνεσκίαζε
869 424 884 472 ;
919 409 1027 461 Καὶ
1059 410 1198 478 μετά
1229 411 1289 462 τὸ
1311 411 1562 479 γενέσθαι
1595 411 1686 464 τὸν
1712 411 1891 480 φόνον,
1924 403 2025 466 πά-

359 503 441 554 λιν
473 497 820 570 ἐρωτώμενος
857 498 959 550 ὑπὸ
987 498 1078 551 τοῦ
1124 499 1279 564 Θεοῦ,
1335 499 1457 554 Ποῦ
1495 502 1664 554 Ἅϐελ
1702 503 1734 552 d
1762 499 2023 568 ἀδελφός

355 605 474 642 σου
495 603 514 652 ;
543 586 706 655 φησίν
725 602 738 614 ·
774 587 895 638 Οὐκ
927 581 1058 638 οἴδα
1077 601 1092 615 ·
1122 585 1208 654 μὴ
1237 587 1438 654 φύλαξ
1471 587 1576 640 τοῦ
1612 587 1879 654 ἀδελφοῦ
1902 604 2022 655 μου

354 677 470 744 είμί
505 673 653 742 ἐγώ;
683 674 837 736 Τίνος
872 673 980 743 γὰρ
1009 673 1192 726 ἕνεκεν
1229 675 1470 744 ἀρνεῖται
1495 691 1508 736 ;
1536 675 1636 726 οὐκ
1682 673 1901 743 εὔδηλον
1944 674 2026 726 6::

357 759 781 826 καταγινώσκων
830 760 1030 829 σφόδρα
1083 760 1314 822 ἐαυτοῦ;
1353 762 1562 829 Ὥσπερ
1608 759 1716 828 γάρ
1767 760 1795 810 ὁ
1844 759 2024 829 πατὴρ

356 847 524 901 αὐτοῦ
571 846 799 917 ἐκρύϐη,
847 845 988 898 οῦτω
1027 847 1118 898 καὶ
1160 842 1312 908 οὗτος
1347 849 1613 916 ἀρνεῖται·
1647 847 1739 898 καὶ
1771 847 1906 914 μετὰ
1936 845 2023 899 τὸν

357 934 575 1002 ἔλεγχον
611 931 770 984 πάλιν
810 931 970 1000 φησί·
1007 932 1228 990 Μείζὶον
1259 935 1294 998 ἡ
1324 933 1480 984 αἰτία
1507 949 1626 999 μου
1669 931 1772 984 τοῦ
1805 929 2024 998 ἀφεθῆ-

353 1021 455 1073 ναί
486 1037 580 1087 με.
621 1019 756 1072 Ἀλλ’
788 1021 816 1071 6
851 1018 1050 1088 Ἕλλην
1088 1019 1187 1071 οὐκ
1225 1007 1726 1088 ἀνέχεταιάτούτων.
1765 1021 1900 1089 Φέρε
1931 1014 2021 1070 οὐν

353 1107 449 1160 καὶ
479 1107 609 1177 πρὸς
630 1107 832 1158 ἐκεῖνον
861 1105 1245 1175 διαλεχθῶμεν,
1270 1108 1360 1158 καὶ
1388 1108 1523 1176 ὅπερ
1554 1108 1642 1158 ἐπὶ
1667 1107 1765 1176 τῆς
1795 1105 2024 1166 κτίσεως

353 1193 709 1264 ἐποιήσαμεν,
742 1193 840 1244 οὐκ
864 1193 970 1245 ἀπὸ
1004 1193 1111 1244 τῶν
1159 1193 1385 1263 Γραφῶν
1417 1195 1593 1262 μόνον,
1621 1193 1755 1246 ἀλλά
1786 1192 1878 1244 καὶ
1917 1192 2022 1244 ἀπὸ

353 1276 626 1346 λογισμῶν
657 1279 780 1340 τούς
817 1279 950 1346 πρὸς
978 1279 1215 1342 ἐκείνους
1253 1279 1570 1348 κινήσαντες
1599 1278 1834 1345 ἀγῶνας,
1866 1275 2023 1329 τοῦτο

353 1367 449 1418 καὶ
479 1367 568 1418 ἐπὶ
596 1365 688 1417 τοῦ
719 1365 1015 1428 συνειδότος
1041 1367 1280 1436 ποιῶμεν
1309 1367 1403 1418 νῦν
1423 1383 1436 1396 ·
1469 1367 1563 1418 καὶ
1604 1365 1712 1436 γὰρ
1746 1365 1839 1417 καὶ
1867 1363 2024 1415 τοῦτο

345 1451 411 1504 τὸ
443 1452 733 1524 κεφάλαιον
758 1455 784 1506 6
809 1453 1014 1515 Παῦλος
1043 1453 1258 1523 ἐκίνησε
1281 1453 1415 1522 πρὸς
1439 1451 1674 1514 ἐκείνους
1699 1450 2022 1520 ἀγωνιζόμε-

349 1555 460 1602 νος.
491 1539 553 1590 Τί
569 1540 686 1592 ποτ’
703 1535 794 1593 οῦν
821 1542 965 1593 ἐστιν
984 1541 1012 1592 6
1026 1540 1290 1608 λέγουσιν;
1311 1541 1422 1592 Οὐκ
1447 1539 1592 1592 ἔστιν
1609 1541 1738 1609 ἡμῖν
1754 1537 2019 1592 αὐτοδίδα-

350 1643 477 1688 κτος
501 1628 662 1698 νόμος
682 1629 739 1680 ἐν
763 1627 839 1698 τῷ
863 1628 1140 1690 συνειδότι,
1165 1629 1316 1698 φησι,
1343 1628 1609 1697 κείμενος,
1627 1610 1746 1678 οὐδέ
1769 1627 1834 1694 τῇ
1861 1623 2020 1694 φύσει

349 1713 506 1766 τοῦτο
537 1714 904 1784 ἐγκατέθηκεν
944 1717 972 1768 6
1003 1714 1153 1778 Θεός.
1197 1715 1365 1767 Πόθεν
1397 1710 1510 1778 οὖν,
1551 1713 1672 1766 εἰπέ
1709 1730 1820 1782 μοι,
1858 1712 2020 1765 πόθεν

351 1801 479 1870 περὶ
505 1802 718 1871 γάμων,
753 1803 877 1872 περὶ
903 1802 1097 1869 φόνων,
1131 1801 1258 1872 περὶ
1285 1800 1575 1871 διαθηκῶν,
1611 1799 1736 1869 περὶ
1770 1817 2020 1870 παρακα-

345 1887 621 1958 ταθηκῶν,
650 1887 899 1958 περὶτοῦ
939 1887 1012 1958 μὴ
1049 1887 1386 1940 πλεονεκτεῖν
1427 1886 1708 1957 ἀλλήλους,
1755 1887 1882 1955 περὶ
1924 1905 2020 1956 μυ-

347 1975 480 2044 ρίων
506 1977 704 2046 ἐτέρων
727 1975 922 2044 νόμους
959 1974 1201 2046 ἔγραψαν
1238 1978 1286 2028 οἱ
1329 1975 1457 2044 παρ’
1485 1974 1665 2036 αὐτοῖς
1699 1971 2014 2042 νομοθέται;

347 2056 506 2115 Οὗτοι
535 2064 630 2133 μὲν
651 2061 758 2132 γὰρ
773 2063 832 2114 -οί
860 2063 951 2114 νῦν
976 2063 1104 2125 ἴσως
1121 2065 1268 2134 παρὰ
1289 2063 1395 2116 τῶν
1418 2062 1647 2134 πρώτων
1677 2063 1896 2134 ἔμαθον.
1923 2065 2016 2116 καὶ

343 2153 540 2205 ἐκεῖνοι
574 2149 726 2220 παρὰ
765 2149 872 2203 τῶν
907 2150 1201 2222 προτέρων,
1241 2152 1335 2203 καὶ
1371 2150 1522 2220 παρά
1557 2151 1662 2203 τῶν
1705 2151 1817 2204 ἄνω
1857 2151 2014 2204 πάλιν

343 2232 524 2292 ιῦτοι·
559 2241 608 2291 οί
643 2239 698 2291 δὲ
737 2237 797 2302 ἐξ
833 2238 1007 2308 ἀρχῆς
1053 2238 1148 2292 καὶ
1190 2237 1392 2309 πρῶτοι
1443 2239 1570 2310 παρ’
1600 2239 1780 2300 αὐτοῖς
1819 2239 2015 2309 νόμους

341 2324 550 2390 θέντες,
579 2325 730 2396 παρὰ
769 2325 910 2388 τίνος
954 2325 1192 2394 ἐμαθον;
1224 2327 1324 2378 οὐκ
1357 2325 1574 2393 εὔδηλον
1609 2328 1691 2380 ὅτι
1732 2328 1882 2397 παρά
1921 2327 2012 2380 τοῦ

343 2414 676 2477 συνειδότος
717 2414 777 2466 οὐ
817 2413 926 2484 γάρ
954 2413 1019 2466 ἂν
1062 2415 1234 2483 ἔχοιεν
1276 2415 1448 2466 εἰπεῖν
1485 2415 1562 2467 6::
1619 2416 1840 2468 Μωύσεῖ
1894 2433 2013 2467 συν-

341 2500 606 2568 εγένοντο,
653 2501 734 2554 ὄτι
777 2499 1070 2571 προφητῶν
1119 2501 1385 2571 ἥκουσαν·
1434 2500 1548 2564 πῶς
1601 2501 1710 2572 γὰρ
1756 2503 2014 2572 Ἕλληνες

335 2586 528 2652 θντεςς
571 2589 707 2640 Ἀλλ’
739 2587 958 2659 εὔδηλον
1003 2589 1083 2640 6::
1137 2589 1243 2641 ἀπὸ
1284 2588 1376 2641 τοῦ
1419 2589 1584 2658 νόμου
1631 2589 1690 2641 δν
1743 2589 1938 2658 έθηκεν
1985 2595 2014 2644 6

339 2673 475 2738 Θεὸς
497 2677 573 2746 τῷ
601 2674 888 2747 ἀνθρώπῳ,
921 2675 979 2740 ἐξ
1021 2676 1191 2746 ἀρχῆς
1225 2676 1387 2728 αὐτὸν
1427 2677 1695 2740 πλάττων,
1739 2679 1845 2731 ἀπὸ
1889 2678 2012 2730 τού-

339 2778 432 2814 του
463 2780 555 2815 κα.
581 2764 776 2833 νόμους
802 2764 1023 2833 ἔθηκαν,
1059 2764 1151 2816 καὶ
1175 2764 1366 2833 τέχνας
1392 2763 1633 2836 εῦροντο,
1660 2767 1754 2818 καὶ
1786 2767 1853 2818 τὰ
1880 2766 2012 2819 ἄλλα

341 2851 517 2904 πάντα
571 2851 680 2903 Καὶ
712 2851 818 2922 γὰρ
842 2853 934 2904 καὶ
963 2852 1017 2903 αί
1051 2851 1232 2920 τέχναι
1275 2851 1416 2905 οὕτω
1447 2853 1778 2924 συνέστησαν
1807 2854 1914 2906 τῶν
1953 2855 2011 2921 ἐξ

337 2939 515 3010 ἀρχῆς
553 2937 942 3002 αὐτοδιδάκτως
981 2939 1066 2990 ἐπ’
1099 2940 1267 3003 αὐτάς
1298 2939 1556 2994 ἐλθόντων
1577 2958 1588 2970 ·
1619 2941 1760 2994 οὕτω
1797 2942 1889 2996 καὶ
1933 2941 2012 2994 δι-

336 3029 610 3097 καστήρια
653 3026 859 3094 γέγονε,
903 3025 1044 3079 οὕτω
1081 3029 1174 3080 καὶ
1213 3028 1460 3092 κολάσεις
1507 3029 1837 3100 ὡρίσθησαν,
1875 3032 2012 3100 ὅπερ

337 3100 430 3168 οὖν
465 3115 556 3167 και
592 3116 619 3167 ι
655 3113 803 3186 [ιεοι
835 3114 1042 3177 Παῦλός
1083 3132 1265 3186 φησιν.
1307 3115 1524 3187 Ἐπειδὴ
1555 3117 1662 3188 γάρ
1691 3117 1874 3170 πολλοι
1901 3117 2010 3170 τῶν

351 3203 614 3273 Ἐλλήνων
643 3201 941 3271 ἀντιλέγειν
980 3201 1221 3271 ἔμελλον,
1254 3203 1348 3255 καὶ
1386 3203 1562 3270 λέγειν
1596 3206 1697 3267 ὅτι,
1725 3205 1848 3267 Πῶς
1886 3223 2009 3276 κρι-

331 3293 418 3344 -νεῖ
441 3293 468 3343 6
498 3291 630 3353 Θεὸς
669 3291 793 3352 τούς
821 3289 1140 3360 ἀνθρώπους
1169 3290 1294 3352 τοὺς
1330 3291 1430 3360 πρὸ
1465 3293 1778 3358 Μωῡσέωςς
1827 3293 1886 3345 οὐ
1926 3311 2011 3346 νο-

341 3378 572 3448 μοθέτην
619 3376 880 3446 ἐπεμψεν,
918 3377 980 3430 οὐ
1026 3375 1187 3443 νόμον
1230 3379 1564 3452 εἰσήνεγκεν,
1609 3379 1668 3432 οὐ
1725 3381 2009 3452 προφήτην

334 3466 671 3526 ἀπέστειλεν,
699 3466 798 3517 οὐκ
831 3463 1145 3524 ἀπόστολον,
1177 3465 1276 3517 οὐκ
1309 3466 1732 3538 εὐαγγελιστήν·
1770 3469 1888 3532 πῶς
1916 3466 2010 3524 οῦν

337 3553 567 3618 εὐθύνας
603 3555 858 3616 ἀπαιτεῖ;
892 3551 1213 3622 βουλόμενος
1240 3555 1267 3606 ὁ
1295 3555 1504 3617 Παῦλος
1519 3555 1706 3621 δεῖξαι,
1736 3557 1816 3609 6::
1851 3558 2010 3612 αὐτο-

334 3642 580 3695 δίδακτον
622 3637 767 3711 εἶχον
803 3641 984 3711 νόμον,
1034 3639 1125 3692 καὶ
1160 3641 1227 3694 τὰ
1274 3643 1522 3712 πρακτέα
1561 3646 1747 3713 σαφῶς
1787 3645 2004 3715 ᾔδεσαν,

335 3731 564 3786 ἄκουσον
593 3729 709 3793 πῶς
737 3745 931 3801 φησιν·
969 3730 1147 3782 Ὅταν
1181 3728 1288 3802 γὰρ
1330 3723 1511 3799 ἔθνη,
1566 3732 1640 3786 τὰ
1679 3733 1764 3801 μὴ
1823 3735 2010 3803 νόμον

336 3819 575 3886 ἔχοντα,
607 3819 787 3886 φύσει
825 3818 896 3870 τὰ
944 3817 1050 3870 τοῦ
1087 3818 1274 3885 νόμου
1307 3817 1471 3886 ποιῇ.
1503 3814 1667 3874 οὗτοι
1705 3824 1892 3888 νόμον
1922 3822 2006 3891 μὴ

333 3904 579 3971 ἔχοντες
629 3905 863 3970 ἑαυτοῖς
904 3908 1021 3958 είσι
1069 3908 1272 3974 νόμος,
1324 3906 1540 3970 οἵτινες
1594 3905 2008 3963 ἐνδείκνυνται

333 3992 404 4044 τὸ
431 3991 606 4060 ἔργον
626 3991 729 4044 τοῦ
755 3993 940 4059 νόμου
967 3994 1228 4061 γραπτὸν
1247 3993 1317 4046 ἐν
1337 3993 1461 4057 ταῖς
1489 3993 1759 4060 καρδίαις
1788 3994 2004 4050 αὐτῶν.

337 4077 461 4140 Πῶς
491 4079 658 4149 χωρὶς
685 4079 1062 4149 γραμμάτων;
1094 4080 1643 4148 Συμμαρτυρούσης
1674 4081 1871 4134 αὐτῶν
1895 4081 2007 4151 τῆς

335 4164 745 4232 συνειδήσεως
794 4167 892 4220 καὶ
929 4165 1158 4235 μεταξὺ
1214 4165 1502 4232 ἀλλήλων
1551 4165 1669 4219 τῶν
1699 4169 2007 4237 λογισμῶν

335 4253 844 4322 κατηγορούντων,
888 4254 926 4322 ἢ
982 4253 1075 4307 καί
1132 4253 1630 4323 ἀπολογουμένων
1675 4255 1746 4309 ἐν
1793 4257 2003 4327 ἡμέρᾳ,

334 4337 434 4392 ὅτε
467 4341 658 4406 κρινεῖ
684 4344 716 4394 ό
755 4341 901 4407 Θεὸς
939 4342 1012 4395 τὰ
1053 4340 1286 4408 κρυπτὰ
1333 4339 1454 4394 τῶν
1496 4343 1819 4410 ἀνθρώπων
1855 4347 2004 4400 κατὰ

334 4425 402 4478 τὸ
446 4426 798 4496 εὐαγγέλιόν
831 4445 949 4496 μου
991 4428 1086 4481 διὰ
1123 4427 1318 4495 Ἰησοῦ
1353 4429 1640 4497 Χριστοῦ·
1676 4433 1772 4485 καὶ
1809 4433 2000 4486 πάλιν·

335 4512 500 4568 Ὅσοι
538 4515 647 4584 γὰρ
693 4515 926 4583 ἀνόμως
965 4515 1242 4584 ἥμαρτον,
1295 4516 1528 4586 ἀνόμως
1565 4519 1660 4572 καὶ
1700 4521 2004 4574 ἀπολοῦν-

333 4617 458 4657 ται·
492 4603 590 4656 καὶ
629 4601 762 4654 ὅσοι
807 4603 878 4656 ἐν
919 4603 1081 4671 νόμῳ
1123 4602 1410 4672 ἥμαρτον,
1445 4605 1544 4660 διὰ
1574 4608 1761 4676 νόμου
1799 4608 2002 4676 κριθή-

332 4705 565 4744 σονται.
595 4691 659 4742 Τί
689 4693 856 4757 ἐστιν,
893 4691 1142 4761 Ἀνόμως
1169 4692 1568 4758 ἀπολοῦνται;
1606 4696 1741 4766 Οὐχὶ
1781 4696 1876 4750 τοῦ
1919 4699 2006 4750 νό-

333 4795 438 4850 μου
484 4777 928 4850 κατηγοροῦντος,
960 4777 1094 4831 ἀλλά
1146 4779 1250 4831 τῶν
1294 4778 1566 4851 λογισμῶν
1607 4784 1698 4836 καὶ
1739 4783 1833 4837 τοῦ
1881 4803 2006 4838 συν-

329 4865 550 4930 ειδότος.
604 4869 668 4921 Εἰ
707 4867 763 4920 δὲ
805 4866 878 4938 μὴ
924 4861 1067 4936 εἶχον
1097 4867 1258 4936 νόμον
1293 4869 1382 4920 τὸν
1409 4869 1499 4922 τοῦ
1530 4872 1848 4936 συνειδότος,
1883 4874 2004 4928 οὐδὲ

331 4955 626 5009 ἀπολέσθαι
666 4957 864 5020 αὐτοὺς
891 4957 1301 5028 ἁμαρτάνοντας
1329 4957 1434 5012 ἔδει
1455 4973 1467 4986 ·
1502 4959 1619 5022 πῶς
1646 4961 1772 5032 γὰρ,
1805 4965 1852 5015 εί
1881 4963 2004 5016 ἀνδ-

336 5059 450 5115 μως
475 5045 754 5114 ἦμαρτον;
805 5044 942 5098 Ἀλλ’
970 5046 1203 5114 ἀνόμως
1229 5049 1355 5100 ὅταν
1384 5049 1532 5118 εἴπῃ,
1563 5049 1622 5100 οὐ
1653 5051 1808 5103 τοῦτο
1836 5051 2001 5119 λέγει,

329 5127 411 5182 6::
441 5132 540 5184 οὐκ
571 5129 712 5203 εἶχον
739 5137 920 5205 νόμον,
955 5136 1070 5189 ἀλλ’
1099 5137 1180 5189 ὅτι
1220 5137 1318 5190 οὐκ
1361 5133 1503 5206 εἶχον
1537 5137 1698 5207 νόμον
1735 5139 2002 5208 γραπτὸν,

331 5215 421 5268 τὸν
451 5218 508 5270 δὲ
539 5220 638 5289 τῆς
670 5221 883 5289 φύσεως
920 5224 1081 5294 νόμον
1127 5221 1290 5294 εἶχον.
1350 5225 1458 5277 Καὶ
1503 5225 1691 5278 πάλιν·
1731 5227 1885 5292 Δόξα
1913 5228 2002 5293 δέ,

329 5305 430 5356 καὶ
465 5305 624 5373 τιμὴ.
661 5310 756 5362 καὶ
790 5310 995 5379 εἰρήνη
1029 5313 1206 5366 παντὶ
1241 5309 1328 5378 ,τῷ
1361 5311 1724 5383 ἐργαζομένῳ
1767 5317 1833 5368 τὸ
1861 5315 2006 5385 ἀγα-

327 5391 460 5455 θὸν,
503 5393 758 5458 Ἰουδαίῳ
781 5413 846 5449 τε
869 5399 1106 5465 πρῶτον
1131 5401 1230 5454 καὶ
1259 5402 1532 5469 Ἕλληνι.
2007 5423 2012 5468 ε

401 5495 586 5551 Ταῦτα
624 5498 680 5552 δὲ
715 5499 868 5567 ἔλεγε
911 5504 1038 5573 περὶ
1079 5505 1187 5560 τῶν
1225 5505 1337 5560 ἄνω
1377 5507 1584 5578 χρόνων
1623 5509 2004 5580 διαλεγόμενος

325 5585 436 5642 τῶν
467 5585 571 5657 πρὸ
605 5586 702 5658 τῆς
735 5589 1037 5658 παρουσίας
1071 5591 1165 5644 τοῦ
1203 5593 1459 5665 Χριστοῦ.
1505 5597 1614 5649 Καὶ
1642 5597 1880 5667 Ἕλληνα
1921 5601 2006 5652 ἐν-

327 5671 502 5732 ταῦθα
555 5673 709 5727 καλεῖ
751 5675 811 5727 οὐ
858 5675 948 5728 τὸν
993 5677 1401 5754 εἱδωλολάτρην,
1449 5683 1583 5738 ἀλλά
1621 5685 1714 5738 τὸν
1767 5703 2006 5760 προσκυ-

328 5761 524 5815 νοῦντα
551 5762 648 5832 μὲν
677 5763 767 5816 τὸν
799 5764 928 5816 Θεὸν
965 5765 1142 5835 μόνον,
1177 5768 1277 5821 οὐκ
1321 5771 1658 5841 ἐνδεδεμένον
1696 5775 1752 5826 δὲ
1785 5779 1850 5846 τῇ
1893 5775 2002 5830 τῶν

342 5846 643 5904 Ἰουδαϊκῶν
684 5855 1115 5924 παρατηρήσεων
1156 5855 1388 5928 ἀνάγκη,
1431 5859 1818 5932 σαϐϐατισμοῖς
1858 5862 1999 5933 λέγω

1109 293 1166 348 S.
1210 293 1498 350 JOANNIS
1529 293 2017 352 CHRYSOSTOMI
2051 293 2372 352 ARCIIIEP.
2412 288 2962 348 CONSTANTINOP.

3687 282 3790 339 13$

2131 408 2232 461 καὶ
2257 411 2518 478 περιτομῇ
2566 405 2660 459 καὶ
2697 405 3052 474 καθαρισμοῖς
3082 399 3372 469 διαφόροις,
3403 396 3536 451 ἀλλα
3575 399 3792 464 φιλοσο-

2131 495 2258 563 φίαν
2290 496 2381 547 καὶ
2407 494 2684 546 εὐσέϐειαν
2726 491 2941 544 ἃπασαν
2981 487 3438 555 ἐπιδεικνύμενον.
3481 484 3588 536 Καὶ
3629 483 3790 536 πάλιν

2131 581 2258 650 περί
2299 581 2390 632 τοῦ
2441 580 2604 632 αὐτοῦ
2651 577 3028 646 διαλεγόμενός
3075 590 3238 643 φησι·
3283 570 3475 637 Θυμὸς
3499 570 3593 622 καὶ
3619 567 3789 640 ἀργὴν

2127 667 2328 732 θλῖψις
2359 665 2456 718 καὶ.
2489 665 2854 733 στενοχωριά
2881 662 2980 714 ἐπὶ
3007 659 3213 713 πᾶσαν
3237 657 3443 726 ψυχὴν
3478 657 3790 722 ἀνθρώπου

2127 749 2626 819 κατεργαζομένου
2665 749 2728 801 τὸ
2762 749 2972 808 κακὸν,
3015 745 3304 798 Ἰουδαίου·
3331 759 3392 796 τε
3423 740 3671 807 πρῶτον,
3690 742 3793 796 και

2129 839 2428 906 Ἕλληνος
2477 837 2644 889 Πάλιν
2683 833 2915 886 ἐνταῦθα
2954 833 3188 902 ’ΈλΜνα
3228 830 3381 884 καλεῖ
3423 828 3516 880 τὸν
3548 829 3792 897 ἀπηλλα-

2126 926 2324 994 γμένον
2377 927 2474 995 τῆς
2529 924 2962 996 παρατηρήσεως
3015 921 3109 990 τῆς
3151 917 3460 986 Ἰουδαϊκῆς.
3509 916 3570 969 El
3610 916 3792 968 τοίνυν

2131 1013 2264 1081 μήτε
2303 1011 2464 1080 νόμου
2508 1011 2736 1080 ἤκουσε,
2785 1009 2920 1078 μήτε
2971 1007 3108 1076 μετὰ
3144 1004 3407 1058 Ἰουδαίων
3455 1003 3790 1072 cive-0:951:90,

2127 1097 2242 1160 πῶς
2273 1097 2422 1150 ἐσται
2449 1096 2594 1165 αὐτῴ
2625 1095 2793 1166 θυμὸς
2819 1094 2914 1146 καὶ
2943 1093 3080 1163 ὀργὴ
3111 1093 3204 1144 καὶ
3228 1090 3404 1158 θλῖψις
3443 1088 3792 1159 ἐργαζομένῳ

2124 1183 2183 1236 τὸ
2212 1184 2418 1249 κακόν;
2461 1181 2679 1254 Ἐπειδὴ
2721 1181 2958 1243 συνειδὸς
2997 1177 3136 1248 εἶχεν
3179 1178 3324 1231 ἔνδον
3367 1177 3588 1246 ἐνηχοῦν
3617 1177 3788 1245 αὐτῷ,

2127 1269 2221 1321 καὶ
2252 1269 2498 1323 διδάσκον
2531 1269 2622 1321 καὶ
2659 1267 2905 1320 παιδεῦον
2937 1267 3170 1320 ἃπαντα.
3207 1265 3373 1316 Πόθεν
3399 1265 3556 1333 δῆλον
3594 1263 3784 1328 τοῦτο;

2139 1357 2257 1423 Ἀφ’
2277 1351 2353 1408 ὧν
2378 1357 2594 1426 ἐτέρους
2625 1355 3030 1426 ἁμαρτάνοντας
3059 1354 3336 1417 ἐκόλασεν,
3363 1352 3454 1420 ἀφ’
3484 1345 3557 1404 ὧν
3593 1351 3788 1421 νόμους

2124 1441 2340 1513 ἔθηκεν,
2373 1443 2463 1510 ἀφ’
2493 1436 2567 1494 ὧν
2599 1441 2666 1494 τὰ
2697 1442 3018 1511 δικαστήρια
3045 1439 3283 1493 ἐκάθισε.
3320 1439 3490 1492 Τοῦτο
3520 1439 3627 1507 γάρ
3659 1439 3790 1493 αὐτὸ

2123 1529 2298 1598 δηλῶν
2327 1532 2354 1582 6
2393 1530 2597 1592 Παῦλος
2635 1529 2784 1597 ἐλεγε
2816 1530 2941 1599 περὶ
2975 1529 3081 1580 τῶν
3119 1530 3177 1581 ἐν
3215 1527 3382 1599 κακίᾳ
3413 1527 3658 1592 ζώντων·
3693 1526 3791 1581 Οτ-

2123 1633 2280 1682 τινες
2317 1617 2383 1670 τὸ
2411 1616 2698 1685 δικαίωμα
2734 1617 2840 1670 τοῦ
2889 1615 3034 1669 Θεοῦ
3081 1616 3446 1681 ἐπιγνόντες,
3491 1614 3576 1667 ὅτι
3615 1619 3668 1668 oi
3716 1615 3792 1669 τὰ

2122 1703 2364 1756 τοιαῦτα
2389 1703 2767 1770 πράσσοντες
2798 1702 2949 1767 ἄξιοι
2983 1702 3240 1756 θανάτου
3282 1703 3460 1766 εἰσίν,
3491 1704 3561 1756 οὐ
3595 1704 3792 1771 μόνον

2122 1790 2275 1842 αὐτὰ
2317 1791 2616 1852 ποιοῦσιν,
2647 1790 2808 1844 ἀλλὰ
2846 1789 2944 1844 καὶ
2985 1789 3357 1844 συν-δοκοῦσι
3389 1802 3414 1830 ι
3447 1789 3568 1855 τοῖς
3599 1791 3790 1856 πράσ-

2121 1893 2322 1930 σουσι.
2370 1879 2477 1930 Καὶ
2515 1877 2676 1930 πόθεν
2725 1878 2976 1947 ᾔδεισαν,
3023 1878 3206 1947 φησὶν,
3251 1878 3332 1930 6::
3388 1877 3599 1948 θέλημα
3648 1877 3788 1930 Θεοῦ

2122 1964 2236 2017 ἐστι
2257 1966 2381 2027 τοὺς
2403 1966 2460 2018 ἐν
2486 1965 2720 2036 πονηρίᾳ
2745 1965 2949 2029 ζῶντας
2971 1964 3182 2034 θανάτῳ
3211 1964 3561 2030 κολάζεσθαι;
3593 1965 3786 2032 πόθεν;

2134 2049 2224 2113 Ἐξ
2252 2043 2326 2104 ὧν
2359 2051 2574 2122 ἐτέρους
2606 2050 2852 2115 ἐδίκαζον
2889 2052 3318 2123 ἁμαρτάνοντας.
3359 2053 3421 2104 Εἰ
3455 2051 3560 2121 γὰρ
3597 2053 3672 2122 μὴ
3700 2069 3789 2104 νος

2124 2136 2304 2206 μίξεις
2339 2138 2505 2191 κακὸν
2545 2139 2682 2193 εἶναι
2723 2141 2814 2192 τὸν
2861 2141 3040 2207 φόνον,
3071 2139 3290 2192 ἐπειδὰν
3325 2139 3495 2211 λάϐῃς
3527 2139 3790 2210 ἀνδροφό-

2119 2238 2227 2282 νον,
2263 2223 2366 2276 ὐπὸ
2397 2227 2462 2293 τῇ
2509 2228 2574 2295 σῇ
2605 2225 2770 2296 ψήφῳ
2805 2224 2878 2296 μὴ
2913 2227 3177 2296 κολάσῃς·
3219 2227 3268 2278 εί
3305 2225 3377 2296 μὴ
3410 2225 3647 2295 νομίζεις
3683 2244 3788 2279 κα-

2120 2310 2213 2362 κὸν
2246 2306 2384 2364 εἶναι
2428 2311 2488 2364 τὸ
2524 2313 2826 2382 μοιχεύειν,
2869 2313 3085 2366 ἐπειδὰν
3131 2313 3344 2383 ἐμπέσῃ
3399 2314 3601 2382 μοιχὸς,
3651 2315 3789 2381 ἄφες

2117 2398 2277 2452 αὐτὸν
2305 2399 2406 2468 τῆς
2435 2401 2721 2470 τιμωρίας.
2763 2398 2910 2472 [151]
2939 2401 3001 2452 Εἰ
3047 2399 3102 2452 δὲ
3132 2403 3188 2452 ἐν
3217 2403 3329 2462 τοῖς
3361 2400 3562 2470 ἐτέρων
3605 2401 3790 2471 ἀμαρ-

2117 2487 2322 2555 τήμασι
2364 2487 2458 2539 καὶ
2491 2487 2686 2556 νόμους
2721 2487 2972 2558 γράφεις,
3018 2487 3112 2540 καὶ
3143 2487 3407 2557 τιμωρίας
3437 2486 3656 2556 ὀρίζεις,
3690 2489 3789 2540 καὶ

2117 2573 2347 2644 ἀκριϐὴς
2377 2570 2426 2626 εἷ
2457 2573 2730 2645 δικαστὴς,
2762 2575 2919 2628 ποίαν
2957 2573 3022 2627 ἂν
3051 2574 3235 2644 σχοίης
3273 2573 3560 2642 ἀπολογίαν
3603 2577 3659 2626 ἐν
3703 2571 3789 2638 οἷς

2117 2660 2276 2717 αὐτὸς
2317 2661 2669 2731 ἁμαρτάνεις,
2710 2663 2882 2729 λέγων
2929 2663 3138 2728 ἀγνοεῖν
3175 2661 3241 2713 τὰ
3277 2663 3561 2732 πρακτέοις
3601 2661 3790 2732 Ἐμοί-

2117 2763 2334 2815 χευσας,
2376 2749 2468 2799 καὶ
2495 2749 2554 2801 οὐ
2599 2751 2866 2811 κάκεῖνος.
2917 2749 3072 2809 Τίνος
3103 2744 3194 2802 οὖν
3237 2748 3420 2800 ’ένεκεν
3449 2750 3651 2800 ἐκεῖνον
3685 2747 3788 2818 μὲν

2116 2834 2382 2898 κολάζεις,
2412 2837 2603 2890 σαυτὸν
2628 2836 2684 2887 δὲ
2717 2834 3039 2905 συγγνώμης
3065 2835 3232 2901 ἀξιοῖς
3258 2852 3271 2900 ;
3304 2837 3367 2888 Εἰ
3395 2837 3502 2906 γὰρ
3533 2836 3605 2905 μὴ
3637 2836 3788 2906 ᾔδεις

2116 2923 2282 2975 κακὸν
2324 2919 2460 2976 εἶναι
2509 2922 2606 2992 τὴν
2652 2923 2891 2993 μοιχείαν
2939 2923 2982 2980 ιι,
3029 2923 3150 2975 οὐδέ
3197 2923 3379 2994 ἕτερον
3427 2923 3788 2992 τιμωρεῖσθαι

2113 3010 2254 3063 ἐδει-
2297 3011 2344 3062 εί
2381 3009 2436 3062 δὲ
2489 3009 2673 3080 ἕτερον
2709 3011 2806 3080 μὲν
2851 3009 3111 3074 κολάζεις,
3169 3011 3231 3063 σύ
3283 3010 3338 3062 δὲ
3387 3008 3624 3079 νομίζεις
3669 3010 3790 3061 δια-

2115 3098 2336 3166 φεύγειν
2368 3098 2466 3169 τὴν
2521 3098 2758 3161 κόλασιν,
2814 3097 2928 3160 πῶς
2970 3097 3035 3150 ἂν
3079 3096 3188 3166 ἔχοι
3247 3097 3402 3164 λόγον
3446 3096 3554 3150 τῶν
3603 3097 3788 3149 αὐτῶν

2113 3188 2525 3255 ἁμαρτημάτων
2553 3186 2628 3255 μὴ
2658 3185 2755 3248 τὰς
2781 3185 2949 3247 αὐτάς
2977 3185 3176 3238 διδόναι
3206 3185 3393 3248 δίκας;
3439 3183 3609 3236 Τοῦτο
3651 3183 3788 3250 γοῦν

2113 3274 2245 3328 αὐτὸ
2297 3273 2540 3341 ἐγκαλῶν
2593 3275 2618 3326 6
2667 3272 2872 3335 Παῦλος
2919 3273 3102 3340 ἐλεγε-
3145 3273 3352 3343 Λογίξῃ
3385 3272 3454 3324 δέ
3495 3273 3694 3337 τοῦτο,
3739 3268 3794 3328 ὦ

2111 3361 2402 3430 ἄνθρωπε,
2451 3364 2483 3415 ὁ
2533 3361 2751 3429 κρίνων
2797 3359 2940 3424 τοὺς
2981 3359 3054 3413 τὰ
3105 3361 3342 3414 τοιαῦτα
3393 3361 3790 3428 πράσσοντας

2115 3448 2210 3500 καὶ
2239 3447 2424 3500 ποιῶν
2451 3449 2621 3510 αὐτὰ,
2654 3447 2741 3499 ὅτι
2767 3447 2848 3500 σὺ
2871 3447 3135 3515 ἐκφεύξῃ
3165 3448 3229 3500 τὸ
3261 3447 3436 3517 κρῖμα
3464 3447 3570 3502 τοῦ
3602 3447 3794 3512 Θεοῦ;

2115 3535 2228 3588 Οὐκ
2257 3535 2369 3588 ἑστι
2390 3534 2565 3601 τοῦτο,
2595 3535 2691 3586 οὐκ
2719 3534 2894 3588 ἔστιν·
2939 3535 3046 3586 ἀπὸ
3089 3535 3196 3605 γάρ
3227 3535 3324 3605 τῆς
3363 3535 3564 3606 ψήφου,
3596 3536 3791 3605 φησὶν,

2113 3617 2179 3692 ἦς
2217 3623 2452 3692 ἤνεγκας
2479 3621 2597 3676 καθ’
2629 3622 2836 3692 ἐτέρου.
2869 3621 2976 3674 ἀπὸ
3014 3621 3215 3692 ταύτης
3262 3638 3342 3675 σοι
3389 3624 3564 3692 κρινεῖ
3591 3623 3618 3675 6
3653 3622 3794 3686 Θεὸς

2111 3710 2262 3762 τότε·
2293 3710 2353 3762 οὐ
2377 3711 2485 3781 γὰρ
2533 3709 2702 3779 δήπου
2753 3709 2816 3760 σύ
2856 3707 2952 3778 μὲν
2991 3708 3215 3772 δίκαιος,
3244 3709 3272 3760 6
3315 3709 3373 3761 δέ
3415 3709 3546 3772 Θεὸς
3579 3708 3790 3768 ἄδικος.

2113 3799 2174 3850 Εἰ
2200 3797 2308 3867 γὰρ
2338 3797 2400 3849 σὺ
2431 3797 2492 3848 οὐ
2529 3797 2788 3866 περιορᾷς
2829 3795 3013 3858 ἓτερον
3043 3795 3414 3866 ἀδικούμενον,
3445 3797 3561 3860 πῶς
3599 3799 3628 3848 ὁ
3653 3795 3795 3860 Θεὸς

2113 3883 2460 3954 περιόψεται;
2490 3885 2538 3935 εἰ
2573 3884 2636 3935 σύ
2664 3881 2892 3953 διορθοίς
2923 3882 2990 3935 τὰ
3021 3883 3222 3952 ἐτέρων
3247 3883 3642 3953 ἁμαρτήματα,
3671 3883 3794 3947 πῶς

2107 3973 2136 4023 ὀ
2168 3971 2298 4034 Θεὸς
2335 3971 2396 4023 οὐ
2429 3969 2779 4040 διορθώσεταί
2810 3985 2905 4034 σε;
2935 3970 2998 4022 El
3037 3969 3092 4022 δὲ
3118 3971 3176 4022 οὐ
3213 3968 3363 4038 παρὰ
3400 3969 3564 4032 πόδας
3587 3969 3800 4036 ἐπάγει

2111 4075 2192 4111 σοι
2213 4059 2310 4128 τὴν
2331 4059 2620 4130 τιμωρίαν,
2647 4057 2720 4128 μὴ
2744 4057 2932 4128 θάρῤει
2956 4057 3042 4110 διά
3066 4057 3240 4114 τοῦτο.
3267 4057 3401 4110 ἀλλὰ
3425 4055 3588 4127 φοϐοῦ
3614 4058 3742 4127 μειζ

2109 4162 2234 4208 νως.
2265 4145 2420 4198 Οὐτω
2443 4147 2535 4199 καὶ
2564 4145 2772 4208 Παῦλος
2799 4145 3048 4197 ἐκέλευσε
3074 4144 3245 4212 λέγων
3261 4161 3274 4174 ·
3302 4146 3376 4198 “ll
3393 4143 3498 4198 τοῦ
3517 4145 3802 4200 πλούτου

2109 4231 2219 4299 τῆς
2247 4235 2655 4300 χρηστότητος
2683 4232 2869 4286 αὑτοῦ
2903 4231 3001 4284 καὶ
3027 4229 3134 4298 τῆς
3159 4230 3388 4299 ἀνοχῆς
3414 4231 3508 4284 καί
3544 4231 3653 4300 τῆς
3679 4250 3808 4301 μα-

2109 4321 2430 4388 κροθυμίας
2454 4317 2863 4386 καταφρονεῖς,
2895 4317 3128 4384 ἀγνοῶν
3153 4317 3239 4370 ὅτι
3276 4317 3338 4370 τὸ
3373 4317 3642 4386 χρηστὸν
3681 4321 3804 4375 τοῦ

2112 4406 2259 4460 Θεοῦ
2301 4410 2387 4472 εὶς
2403 4405 2728 4475 μετάνοιάν
2766 4420 2840 4459 σε
2879 4405 3042 4476 dre-rt;
3070 4407 3166 4460 Διὰ
3194 4407 3299 4475 γὰρ
3329 4407 3484 4458 τοῦτο
3513 4407 3804 4476 ἀνέχεται,

2111 4493 2293 4562 φησὶν,
2315 4494 2413 4563 οὐχ
2435 4494 2520 4548 ἵνα
2537 4495 2732 4564 χείρων
2751 4493 2903 4564 γένῃ,
2933 4495 3045 4546 ἀλλ’
3069 4493 3152 4545 ἵνα
3178 4494 3531 4564 μετανοήσῃς·
3556 4498 3604 4546 εί
3630 4496 3686 4546 δὲ
3713 4497 3808 4567 μὴ

2111 4581 2305 4650 βούλει,
2355 4583 2625 4646 κολάσεως
2679 4583 2923 4652 μείζονος
2975 4582 3180 4650 ἐφόδιον
3221 4585 3252 4652 ή
3304 4582 3656 4652 μακροθυμία
3705 4601 3810 4638 σοι

2109 4669 2316 4736 γίνεται
2353 4671 2706 4740 ἀμετανοήτῳ
2737 4670 2970 4740 μένοντι.
3020 4671 3128 4723 Καὶ
3161 4671 3318 4724 τοῦτο
3347 4672 3475 4740 γοῦν
3524 4673 3653 4725 αὐτὸ
3695 4672 3814 4743 δη-

2109 4756 2216 4810 λῶν
2247 4757 2428 4826 ἔλεγε·
2450 4757 2608 4812 Κατὰ
2647 4757 2715 4810 δὲ
2748 4757 2863 4826 τὴν
2891 4759 3272 4825 σκληρότητά
3301 4777 3416 4813 σου
3449 4760 3547 4812 καὶ
3573 4760 3816 4827 ἀμετα-

2108 4847 2329 4914 νόητον
2352 4845 2621 4916 καρδίαν,
2647 4845 3018 4914 θησαυρίζεις
3038 4847 3270 4912 σεαυτῷ
3299 4848 3486 4918 ὀργὴν
3503 4849 3573 4900 ἐν
3596 4849 3816 4917 ἡμέρῃ

2107 4933 2290 5003 ὀργῆς
2339 4933 2439 4986 καὶ
2501 4935 2976 5002 ἀποκαλύψεως,
3034 4933 3133 4988 καὶ
3189 4934 3622 5002 δικαιοκρισίας
3677 4939 3820 4991 τοῦ

2111 5021 2278 5082 Θεοῦ,
2323 5019 2391 5087 ὃς
2429 5020 2727 5075 ἀποδώσει
2773 5020 3008 5084 ἑκάστῳ
3057 5021 3206 5074 κατὰ
3256 5022 3327 5075 τὰ
3376 5024 3520 5090 ἔργα
3571 5025 3818 5080 αὐτοῦ.

2121 5107 2272 5160 Ἐπεὶ
2297 5103 2390 5160 οὖν
2429 5109 2643 5178 ἑκάστῳ
2681 5109 2822 5161 κατά
2861 5109 2930 5161 τὰ
2977 5108 3113 5180 ἔργα
3147 5109 3456 5172 ἀποδίδωσι,
3491 5110 3584 5162 καὶ
3621 5111 3822 5182 νόμον

2107 5193 2194 5248 διὰ
2227 5195 2384 5247 τοῦτο
2414 5196 2639 5264 φυσικὸν
2683 5197 2814 5266 ἡμῖν
2859 5195 3105 5266 ἐνέθηκε,
3155 5195 3247 5248 καλ⁵
3289 5195 3528 5266 γραπτὸν
3559 5195 3824 5268 ὓστερον

2107 5281 2324 5346 ἔδωκεν,
2369 5283 2456 5334 ἴνα
2497 5282 2727 5346 εὐθύνας
2753 5283 3032 5356 ἀπαιτήσῃ
3079 5281 3186 5335 τῶν
3229 5282 3660 5351 ἁμαρτημάτων,
3699 5289 3828 5341 καὶ

2107 5369 2193 5422 ἵνα
2240 5367 2638 5440 κατορθοῦντας
2701 5368 3047 5440 στεφανώσῃ·
3101 5369 3239 5440 μετὰ
3291 5368 3490 5438 πολλῆς
3538 5365 3634 5422 οὖν
3689 5373 3828 5444 τῆς

2108 5457 2364 5528 σπουδῆς,
2398 5457 2490 5510 καὶ
2521 5457 2708 5528 ὥσπερ
2744 5461 2822 5521 είς
2845 5458 3194 5529 δικαστήριον
3219 5455 3629 5528 ἀπαντήσεσθαι
3659 5462 3830 5526 μέλ-

2105 5544 2286 5609 λοντες
2311 5545 2560 5616 φοϐερὸν,
2595 5549 2664 5598 τά
2707 5545 2827 5599 καθ’
2859 5546 3084 5610 ἑαυτοὺς
3119 5547 3564 5618 οίκονομήσωμεν
3585 5585 3601 5612 ,
3647 5549 3832 5603 £3.66-

2166 5751 2184 5775 ⁸
2220 5753 2314 5803 Alii
2339 5753 2419 5818 καὶ
2432 5751 2793 5818 συνευδοκοῦσι.
2815 5751 2942 5818 Infra
2956 5754 3138 5817 θανάτῳ
3155 5761 3267 5802 anle
3291 5755 3564 5810 κολάζεσθαι
3583 5755 3834 5818 ηιιίιιδιιι

2107 5829 2222 5880 mss.
2242 5829 2346 5880 non
2371 5815 2570 5880 haben},
2596 5827 2687 5880 npc
2711 5817 2815 5875 ipse
2838 5815 2984 5866 habet
3011 5815 3168 5866 nisi‘iu
3192 5821 3412 5880 margine:
3433 5821 3582 5868 Savil.

2172 5877 2198 5918 Ξ)
2225 5877 2322 5926 Alii
2347 5877 2494 5924 κακον
2519 5877 2570 5924 ὃν
2595 5879 2676 5934 τὴν
2698 5893 2826 5938 um].
