4070 6208
380 295 486 355 ηδ

375 411 550 479 ipsum
578 409 892 477 occultabat,
923 417 979 466 et
1008 389 1126 480 post
1164 410 1501 465 commissam
1532 423 1718 465 necem
1747 424 1958 464 rursum

375 516 406 555 a
435 503 543 555 Deo
572 502 959 572 interrogatus,
986 500 1084 556 Ubi
1120 511 1190 555 est
1230 501 1356 555 Abel
1380 500 1537 571 frater
1577 501 1729 554 tuus?
1754 501 1921 570 inquit
1945 539 1961 566 ,

379 593 596 648 Nescio:
612 596 860 665 numquid
874 604 1039 648 custos
1060 593 1230 665 fratris
1252 594 1346 647 mei
1366 610 1475 647 sum
1492 610 1583 663 ego
1604 591 1752 662 (Gen.
1771 592 1959 662 4.12.9):

378 687 559 755 Quare
586 687 728 742 enim
763 688 962 757 negat?
991 702 1168 741 nonne
1206 695 1351 757 patet
1397 687 1538 756 quod
1585 686 1963 741 condemnaret

378 783 613 846 seipsum
636 777 1020 833 vehetnen'er?
1049 779 1197 834 Sicut
1221 779 1362 832 cnim
1391 779 1552 846 ipsius
1582 787 1732 846 pater
1756 792 1814 832 se
1842 778 1957 831 alas-

374 869 664 933 conderat,
694 869 763 922 ita
803 877 854 924 et
901 869 988 923 hic
1032 877 1189 938 negat
1218 885 1231 920 :
1264 877 1317 922 et
1346 878 1463 938 post
1492 867 1961 937 ittlcrrogationettt

375 959 569 1015 iterum
599 960 787 1028 inquit,
822 959 994 1030 Major
1023 971 1093 1014 est
1140 976 1293 1012 causa
1341 974 1471 1021 mea,
1494 974 1643 1029 quam
1688 970 1741 1010 ut
1788 956 1960 1009 dimit-

374 1061 512 1104 tatur
534 1052 654 1105 milti
682 1052 789 1120 (Ib.
819 1070 873 1104 γ.
902 1054 1014 1119 15).
1044 1050 1150 1105 Sed
1181 1050 1392 1120 gentilis
1420 1050 1532 1103 hme
1562 1064 1665 1102 non
1692 1047 1817 1102 fert.
1849 1048 1961 1117 Age

372 1143 536 1215 igitur
561 1154 613 1198 et
639 1143 704 1197 ad
736 1144 884 1197 illum
913 1143 1211 1212 loquamur,
1235 1150 1289 1196 et
1327 1140 1468 1210 quod
1498 1140 1549 1194 in
1577 1139 1851 1194 creatione
1880 1138 1959 1193 fe-

378 1235 572 1298 cimus,
606 1250 712 1288 non
750 1234 1039 1304 Scripturis
1070 1242 1297 1296 tantum,
1328 1231 1420 1286 sed
1466 1232 1628 1285 etiam
1667 1230 1960 1284 rationibus

374 1327 669 1382 certamina
694 1335 881 1381 contra
912 1326 1035 1380 illos
1077 1332 1374 1388 moventes,
1403 1322 1505 1376 hoc
1546 1331 1601 1376 et
1643 1321 1785 1375 circa
1825 1336 1958 1375 con-

374 1420 654 1475 scientiam
678 1433 817 1472 nunc
848 1418 1120 1473 facianms.
1157 1416 1365 1470 Etenim
1398 1424 1452 1470 et
1480 1414 1676 1468 Paulus
1711 1412 1812 1466 hoc
1838 1428 1957 1466 mo-

373 1510 837 1579 vitargumentum
867 1508 1125 1562 adversus
1152 1508 1269 1561 illos
1296 1520 1553 1575 pugnans.
1575 1503 1712 1572 Quid
1745 1502 1960 1558 tandem

375 1610 461 1654 est
505 1599 646 1669 quod
696 1590 921 1652 dicunt?
947 1598 1064 1653 Non
1103 1607 1186 1652 est
1218 1598 1371 1651 nobis
1415 1612 1509 1664 per
1548 1611 1606 1659 se
1633 1596 1712 1650 lex
1745 1594 1798 1649 in
1825 1608 1961 1649 con-

374 1690 599 1743 scicntia
631 1690 825 1758 posita,
860 1705 958 1744 nec
983 1704 1099 1742 eam
1142 1697 1343 1741 natura:
1372 1686 1519 1741 Deus
1545 1686 1786 1740 inseruit.
1806 1684 1960 1743 Unde

375 1780 555 1850 igitur,
580 1780 737 1844 unde,
764 1780 998 1849 inquam,
1023 1780 1088 1833 de
1108 1780 1322 1847 nuptiis,
1341 1778 1409 1833 de
1432 1777 1686 1839 cmdibus,
1706 1776 1773 1832 de
1797 1785 1961 1831 testa-

374 1872 590 1933 mentis,
623 1871 692 1925 de
717 1871 973 1939 tit-positis
994 1911 1007 1928 .
1032 1872 1097 1923 de
1138 1869 1391 1939 proximis
1419 1884 1524 1921 non
1562 1866 1955 1937 opprimendis,

373 1963 445 2018 de
474 1963 693 2017 inﬁnitis
730 1962 848 2017 aliis
881 1962 1024 2031 leges
1074 1961 1212 2030 apud
1253 1974 1350 2015 eos
1388 1960 1717 2029 scripserunt
1749 1958 1961 2028 legisla-

373 2064 519 2110 tures
541 2054 566 2108 ἲ
592 2054 655 2108 lli
695 2053 892 2123 quippe
919 2061 1208 2122 praesentes
1238 2048 1376 2105 forte
1415 2064 1445 2103 a
1497 2048 1785 2117 majoribus
1830 2061 1956 2102 natu

371 2145 693 2209 didicerunt,
716 2154 774 2199 et
816 2145 891 2199 illi
934 2159 963 2198 a
1003 2143 1286 2212 prioribus,
1323 2152 1377 2197 et
1399 2157 1608 2196 rursum
1662 2156 1693 2194 a
1727 2141 1960 2211 superioo

372 2237 524 2292 ribus
549 2237 635 2290 isti
671 2253 688 2293 :
720 2237 808 2307 qui
835 2251 966 2291 vero
991 2237 1057 2289 ab
1076 2235 1226 2289 initio
1253 2244 1308 2289 ct
1337 2234 1491 2304 primi
1514 2233 1653 2304 apud
1679 2248 1772 2288 eos
1814 2234 1957 2303 leges

370 2329 639 2389 tulerunt,
670 2343 700 2381 a
753 2343 860 2397 quo
907 2326 1248 2381 didicerunt?
1288 2340 1464 2379 annon
1519 2326 1700 2394 utique
1744 2339 1776 2378 a
1824 2338 1955 2377 con-

371 2421 639 2475 scientia?
692 2418 875 2489 Neqne
919 2420 1062 2472 enim
1113 2418 1292 2473 dicere
1342 2425 1595 2486 possent,
1642 2415 1784 2487 quod
1833 2430 1954 2470 cum

374 2514 523 2567 Most:
576 2512 808 2576 τινι-ἢκ,
836 2509 977 2581 quod
1025 2509 1309 2579 prophetas
1357 2506 1957 2578 audierint:quomodo

369 2606 516 2660 enim
544 2605 633 2675 qui
663 2604 892 2674 gentiles
920 2603 1115 2657 erant?
1147 2601 1251 2656 Sed
1279 2609 1422 2671 patet
1444 2615 1538 2655 eos
1565 2616 1593 2653 a
1624 2602 1739 2669 lege
1759 2641 1774 2664 ,
1796 2612 1957 2669 quam

372 2698 649 2752 hominem
680 2698 882 2767 [ingens
909 2697 1049 2751 Deus
1073 2696 1139 2749 ab
1164 2695 1314 2749 initio
1343 2695 1441 2764 ipsi
1469 2693 1661 2764 posuit,
1689 2694 1756 2747 ab
1782 2693 1882 2748 hac
1902 2707 1958 2748 et

374 2791 524 2860 leges
552 2791 793 2860 posuisse
815 2803 961 2853 suas,
984 2798 1036 2842 et
1052 2796 1193 2842 artes
1212 2787 1494 2852 invenisse,
1515 2786 1721 2855 aliaque
1741 2784 1953 2841 omnia:

373 2883 577 2937 ctenim
615 2889 669 2935 et
708 2889 852 2935 artes
885 2880 963 2933 sic
1007 2880 1309 2932 constituta:
1353 2885 1505 2941 sunt,
1534 2892 1654 2931 cmn
1684 2875 1842 2944 prisci
1881 2874 1958 2930 illi

374 2983 569 3043 sacpte
596 2973 814 3043 ingenio
838 2972 905 3026 ad
937 2973 1057 3026 illas
1092 2984 1389 3026 accessere.
1418 2968 1507 3025 Sic
1531 2978 1584 3024 et
1620 2968 1817 3038 judicia
1838 3009 1853 3034 ,
1880 2969 1959 3024 sic

372 3077 430 3121 ct
458 3080 629 3136 ptenaz
654 3064 887 3120 deﬁnita:
913 3073 1040 3119 sunt
1068 3080 1081 3116 :
1108 3063 1249 3133 quod
1278 3077 1469 3132 nempe
1490 3069 1545 3116 et
1574 3060 1765 3115 Paulus
1798 3060 1946 3116 dicit.

371 3157 511 3227 Quia
541 3159 683 3213 enim
705 3166 760 3212 ct
785 3158 1062 3229 gentilium
1092 3157 1244 3211 multi
1274 3153 1655 3211 contradicturi
1686 3160 1838 3209 erant
1860 3194 1876 3218 ,
1906 3158 1961 3206 et

373 3248 918 3317 dicturi:Quomodo
964 3249 1106 3302 Deus
1153 3246 1399 3301 homines
1435 3246 1525 3315 qui
1577 3243 1790 3299 luerunt
1835 3252 1961 3298 ante

374 3340 580 3397 Moscm
604 3340 908 3410 judicahit?
935 3354 1041 3393 non
1072 3338 1217 3392 misit
1245 3337 1627 3408 legislatorem,
1660 3351 1764 3389 non
1789 3336 1960 3405 legem

376 3437 516 3497 tulit,
551 3450 656 3488 non
707 3434 1022 3504 prephctam
1072 3432 1296 3501 paravit,
1324 3446 1431 3486 non
1474 3428 1769 3498 apostolum
1794 3468 1811 3493 ,
1853 3442 1961 3482 non

372 3527 755 3597 evangelistam
789 3542 803 3576 :
828 3524 1100 3595 quomodo
1145 3525 1214 3578 ab
1257 3524 1385 3593 ipsis
1414 3536 1600 3593 pinnas
1626 3519 1841 3589 exiget?
1868 3533 1964 3573 vo-

370 3621 493 3674 lens
524 3619 716 3673 Paulus
740 3616 1109 3672 demonstrare
1133 3656 1148 3680 ,
1176 3614 1317 3685 quod
1346 3629 1376 3668 a
1403 3624 1591 3667 natura
1619 3612 1761 3666 docti
1789 3611 1961 3680 legem

369 3711 659 3775 haberent,
681 3719 736 3764 et
763 3709 967 3778 agenda
995 3708 1271 3762 manifeste
1301 3706 1503 3761 scirent
1522 3745 1537 3766 ,
1575 3703 1696 3757 audi
1724 3702 1850 3773 quid
1877 3702 1959 3755 in-

368 3802 530 3872 quit:
563 3802 686 3855 Cum
716 3801 848 3854 enim
888 3808 1074 3870 gentes,
1096 3813 1207 3867 qua:
1253 3797 1411 3868 legem
1453 3811 1552 3848 non
1583 3794 1784 3858 habent,
1815 3800 1961 3846 natu-

370 3911 435 3945 ra
448 3892 563 3945 liter
585 3907 644 3945 ea
664 3906 778 3959 quae
797 3892 922 3961 legis
942 3899 1091 3954 sunt,
1135 3890 1367 3961 faciunt:
1389 3886 1633 3959 ejusmodi
1662 3886 1818 3954 legent
1860 3901 1961 3938 non

373 3981 637 4046 habentes,
665 3982 764 4051 ipsi
800 3980 895 4034 sibi
942 3990 1059 4035 sunt
1106 3980 1206 4047 lex,
1228 3979 1312 4049 qui
1359 3977 1621 4032 ostendunt
1666 3993 1793 4047 opus
1837 3975 1961 4045 legis

366 4069 634 4132 scriptum
678 4066 729 4117 in
772 4064 1016 4120 cordibus
1060 4068 1189 4119 suis.
1229 4067 1515 4132 Quomodo
1560 4068 1678 4122 sine
1717 4069 1948 4125 litteris?

372 4153 761 4206 Testimonium
801 4154 1043 4208 reddente
1091 4154 1200 4208 illis
1237 4156 1556 4210 conscientia
1599 4157 1855 4226 ipsorum,
1895 4168 1947 4214 et

368 4244 810 4296 in'erseinvicem
829 4243 1234 4312 cogitationibus
1251 4246 1643 4311 accusantibus,
1667 4255 1757 4299 aut
1785 4247 1947 4301 etiam

368 4334 797 4402 defendentibus,
818 4336 872 4388 in
911 4335 996 4389 die
1016 4352 1120 4405 qua
1134 4336 1400 4405 judicabit
1439 4336 1576 4390 Deus
1610 4337 1817 4392 occulta
1849 4339 1947 4393 Ito-

371 4426 603 4487 minum,
624 4428 909 4479 secundum
925 4427 1249 4497 evangelium
1269 4445 1437 4482 meum
1466 4446 1557 4498 per
1569 4430 1753 4482 Iesum
1789 4430 1949 4485 Chri-

368 4524 516 4568 stum
533 4512 769 4583 (Romi.
788 4516 851 4569 14
882 4516 970 4587 lli)
991 4533 1004 4567 :
1026 4527 1079 4572 et
1098 4518 1289 4572 iterum
1310 4534 1321 4570 :
1339 4518 1662 4590 Quicumque
1676 4522 1814 4574 enim
1837 4522 1950 4575 sine

369 4606 483 4675 lege
510 4618 877 4675 peccaverunt,
906 4611 1018 4662 sine
1045 4609 1153 4679 lcge
1181 4612 1422 4680 peribunt
1446 4620 1530 4664 :et
1561 4612 1872 4682 quicumque
1894 4613 1950 4665 in

370 4698 484 4766 lege
506 4710 967 4767 peccaverunt,per
997 4701 1156 4770 legem
1170 4700 1559 4770 judicabantur
1585 4699 1807 4770 (Ibid.v.
1835 4702 1947 4773 12).

370 4788 515 4855 Quid
540 4800 645 4855 est,
673 4788 800 4846 Sine
823 4791 931 4861 lege
953 4790 1353 4860 peribuntmon
1383 4791 1497 4860 lege
1514 4800 1825 4855 accusante,
1856 4793 1949 4847 sed

371 4882 711 4937 conscientia
739 4893 791 4937 et
824 4884 1265 4953 cOgitationihus.
1293 4884 1348 4939 Si
1369 4900 1496 4939 vero
1514 4885 1682 4953 legem
1714 4901 1819 4940 non
1850 4887 1947 4941 ha-

370 4973 1002 5041 huissentcouscientiae,
1017 4990 1116 5029 nec
1130 4974 1275 5045 ipsos
1294 4975 1468 5059 perire
1487 4983 1779 5045 peccantes
1794 4988 1951 5043 Opor-

370 5064 524 5119 tebat
544 5080 558 5115 :
578 5067 857 5135 quomodo
876 5066 1103 5133 euim,si
1130 5068 1246 5122 sine
1273 5068 1389 5138 lege
1421 5065 1819 5137 peccaverunt?
1845 5063 1947 5117 Sed

370 5170 502 5210 cum
524 5158 636 5211 sine
652 5157 763 5228 lege
784 5158 933 5222 dicit,
954 5173 1061 5213 non
1081 5159 1213 5225 dicit
1237 5174 1344 5214 non
1369 5160 1621 5215 habuisse
1640 5161 1831 5227 legem,
1856 5156 1950 5210 sed

372 5264 486 5300 non
511 5248 769 5304 habuisse
791 5250 960 5319 legem
991 5251 1273 5320 scriptam,
1293 5259 1500 5304 natura:
1513 5263 1642 5305 vero
1666 5249 1834 5318 legem
1856 5249 1951 5302 ha-

369 5338 581 5395 buisse.
598 5339 664 5395 Et
678 5356 926 5396 rursum:
951 5338 1134 5395 Gloria
1148 5352 1345 5408 autem,
1360 5349 1408 5395 et
1421 5342 1605 5404 honor,
1624 5351 1673 5394 ct
1686 5354 1792 5407 pax
1808 5339 1952 5393 omni

366 5433 618 5500 aperanti
642 5430 892 5497 bonum,1
898 5433 1047 5487 udazo
1064 5435 1313 5501 primum,
1332 5444 1379 5487 et
1399 5433 1582 5487 σγα-σο
1604 5430 1827 5503 (Ibid.v.
1839 5432 1859 5484 l
1870 5428 1950 5499 θ.)

454 5527 509 5583 5.
536 5526 661 5583 “me
678 5536 856 5583 autem
878 5525 1087 5581 dicebat
1110 5524 1177 5581 de
1196 5525 1555 5595 superioribus
1581 5526 1801 5594 loquens
1826 5537 1961 5581 tem-

368 5619 617 5693 poribus,
647 5636 764 5691 qua:
790 5631 912 5677 ante
936 5619 1133 5675 Christi
1159 5619 1438 5674 adventum
1473 5618 1701 5675 fut-runt.
1725 5620 1791 5674 Et
1811 5620 1958 5676 Gras-

374 5729 504 5767 cum
546 5712 630 5768 hic
656 5720 807 5768 vocat
844 5728 949 5767 non
995 5711 1324 5769 idololatram
1352 5752 1365 5779 ,
1398 5711 1491 5766 sed
1538 5710 1700 5766 Deum
1748 5711 1960 5783 quidem

1213 296 1302 352 AD
1341 296 1659 353 POPULUM
1700 295 2209 354 ANTIOCHENUM.
2249 298 2477 356 liOMlL.
2520 253 2632 358 Xll.

3553 315 3654 371 955

2074 411 2248 467 solum
2289 413 2637 479 adorantem,
2681 414 3026 476 ludaicarum
3067 437 3195 479 vero
3230 424 3662 487 ohservationum

2071 503 2375 557 necessitati
2406 520 2510 559 non
2542 505 2801 573 deditum,
2829 509 3164 569 sabbatismis
3183 514 3322 584 dico,
3345 527 3399 573 et
3423 520 3653 576 circam-

2071 592 2256 647 cisioui
2282 633 2297 659 ,
2327 604 2383 648 et
2410 595 2572 649 variis
2601 597 3092 667 pm-ilieationihus;
3130 605 3223 659 sed
3246 609 3560 676 sapientiam
3601 622 3657 668 et

2072 683 2321 752 pietatem
2364 701 2576 741 onmem
2622 689 2983 746 exhibentem.
3026 694 3093 748 Et
3127 711 3332 751 rursum
3360 701 3426 756 de
3465 704 3656 760 eodem

2067 774 2336 829 disserens
2357 775 2527 847 inquit
2548 795 2559 830 :
2584 777 2675 832 Ira
2695 791 2741 833 et
2766 782 3065 853 indignatio,
3090 785 3344 843 tribulatio
3359 801 3405 844 et
3424 796 3658 864 angustia

2067 880 2217 935 super
2245 884 2440 920 omnem
2467 871 2686 923 animum
2728 873 2942 928 hominis
2962 879 3216 944 aperantis
3244 881 3450 948 malum,
3485 885 3657 940 Judtci

2068 958 2283 1026 primum
2317 969 2364 1013 ct
2405 959 2569 1015 (ἐνίετε
2593 963 2763 1031 (Rom.
2786 971 2841 1025 2.
2872 965 2904 1020 9
2940 970 2978 1035 ).
3009 968 3236 1024 Rursum
3284 973 3368 1027 hic
3412 974 3654 1032 Graecum

2067 1059 2253 1112 vocat,
2282 1049 2656 1107 observatione
2681 1053 2894 1110 Judaica
2931 1056 3229 1114 liberatum.
3259 1063 3316 1118 Si
3346 1065 3521 1135 itaque
3564 1084 3656 1122 ne-

2065 1154 2166 1208 que
2188 1140 2355 1211 legem
2383 1143 2600 1210 audivit,
2627 1161 2797 1216 neque
2816 1162 2937 1203 cum
2963 1148 3160 1206 Judtcis
3181 1168 3527 1214 conversatus
3549 1174 3651 1223 esu

2068 1231 2336 1299 quomodo
2357 1235 2458 1287 erit
2480 1234 2577 1303 ipsi
2605 1236 2681 1289 ira
2708 1250 2761 1291 et
2782 1237 3069 1309 indignatio
3087 1252 3139 1297 et
3165 1246 3430 1301 tribulatio
3455 1251 3651 1305 malum

2064 1325 2348 1390 aperanti?
2376 1324 2634 1391 Quoniam
2663 1329 2808 1386 intus
2852 1334 3233 1391 Conscientiam
3261 1339 3453 1396 haheat
3476 1343 3651 1398 inere-

2064 1426 2273 1484 pantem
2304 1428 2358 1472 et
2383 1419 2660 1479 docentem
2687 1423 3089 1481 eterudientem
3120 1428 3171 1482 iu
3201 1432 3466 1487 omnibus.
3500 1434 3652 1491 Unde

2064 1504 2167 1560 hoc
2191 1507 2561 1565 manifestum?
2589 1512 2664 1566 Ex
2691 1513 2754 1566 iis
2775 1513 2825 1567 in
2853 1517 3043 1584 quibus
3067 1520 3199 1574 alios
3226 1523 3500 1591 castigavit
3521 1542 3647 1595 pec-

2063 1607 2267 1664 cantes,
2305 1599 2449 1669 leges
2480 1601 2626 1667 tulit,
2654 1603 2851 1672 judicia
2881 1608 3172 1664 constituit.
3202 1611 3310 1666 lloc
3352 1613 3512 1684 igitur
3549 1616 3648 1671 de-

2062 1690 2269 1744 clarans
2315 1693 2507 1748 Paulus
2530 1735 2545 1761 ,
2591 1696 2658 1750 de
2685 1697 2982 1754 viventibus
3009 1702 3060 1755 in
3091 1703 3216 1756 vitio
3254 1705 3462 1762 diccbat
3492 1728 3505 1763 :
3540 1710 3643 1778 Qui

2052 1804 2169 1842 cum
2213 1782 2481 1857 justitiam
2522 1786 2617 1842 Dei
2658 1790 3034 1859 cognovissent,
3088 1792 3336 1861 quoniam
3377 1793 3466 1862 qui
3504 1795 3636 1847 talia

2048 1884 2214 1945 agunt
2268 1876 2414 1945 digni
2464 1883 2585 1929 sunt
2644 1887 2848 1943 morte,
2901 1895 3003 1932 non
3057 1880 3223 1934 solum
3281 1899 3343 1936 ca
3398 1884 3636 1953 faciunt,

2048 1968 2139 2020 sed
2185 1966 2345 2020 etiam
2398 1968 2725 2021 consentiunt
2778 1970 2794 2000 ί
2853 1971 3165 2040 facientibus
3223 1974 3393 2044 (Rom.
3431 1977 3480 2030 l.
3518 1976 3633 2043 5'2).

2052 2056 2119 2110 Et
2172 2057 2316 2111 unde
2361 2057 2602 2111 scierunt
2644 2058 2978 2115 voluntatem
3012 2062 3106 2116 Dei
3165 2079 3306 2126 esse,
3349 2074 3408 2118 ut
3446 2065 3538 2134 qui
3582 2068 3638 2120 in

2050 2148 2395 2216 improbitate
2428 2148 2617 2202 vivunt
2647 2150 2980 2219 puniantur?
3020 2154 3202 2208 unde?
3230 2156 3302 2208 lix
3334 2155 3398 2210 iis
3428 2158 3483 2210 iu
3513 2156 3637 2225 qui-

2047 2237 2178 2301 bus.
2198 2236 2333 2290 alios
2378 2236 2699 2306 judicabant
2748 2252 3056 2310 peccantes.
3114 2242 3168 2295 Si
3225 2244 3372 2297 enim
3430 2246 3638 2301 malum

2067 2351 2188 2389 esse
2217 2350 2321 2388 non
2342 2345 2498 2404 putes
2523 2338 2881 2397 evndem,cum
2911 2336 3238 2391 homicidam
3261 2337 3489 2405 ceperis,
3508 2352 3635 2392 sen-

2069 2429 2234 2483 tentia
2261 2436 2350 2481 tua
2379 2442 2485 2481 non
2506 2428 2698 2497 punies
2716 2446 2729 2481 :
2749 2427 2852 2482 nisi
2880 2428 3079 2482 malum
3104 2444 3223 2483 esse
3241 2441 3394 2499 putes
3421 2431 3632 2484 adulte-

2066 2532 2210 2579 rare,
2230 2532 2355 2572 cum
2387 2516 2636 2571 inciderit
2666 2516 2899 2582 adulter,
2921 2516 3088 2569 libera
3120 2517 3295 2585 ipsum
3323 2535 3351 2571 a
3375 2533 3555 2588 paena.
3576 2518 3632 2572 Si

2066 2623 2198 2663 vero
2226 2616 2280 2663 et
2318 2608 2373 2661 in
2408 2607 2640 2662 aliorum
2681 2608 2918 2677 peccatis
2947 2608 3090 2677 leges
3121 2608 3339 2672 scribis,
3368 2618 3422 2663 et
3448 2624 3636 2677 poenas

2066 2698 2277 2763 delinis,
2293 2707 2346 2753 et
2360 2714 2583 2753 severus
2600 2698 2864 2767 esjudcx:
2886 2713 3046 2765 quam
3067 2698 3264 2751 habere
3281 2700 3457 2767 possis
3471 2714 3636 2753 excu-

2067 2789 2356 2848 sationem,
2388 2788 2441 2841 in
2476 2786 2676 2856 quibus
2713 2786 2827 2855 ipse
2852 2799 3082 2854 peccas,
3118 2785 3306 2839 dicens
3338 2793 3389 2838 te
3427 2786 3633 2853 agemta

2065 2880 2352 2950 ignorare?
2371 2878 2624 2933 Mmchati
2648 2878 2782 2932 estis
2797 2884 2851 2931 et
2873 2886 2927 2930 tu
2952 2886 3005 2930 et
3024 2876 3130 2930 ille.
3148 2875 3328 2941 Quare
3344 2876 3494 2930 illum
3515 2876 3638 2944 qui-

2064 2974 2185 3028 dem
2211 2973 2392 3043 punis,
2413 2979 2467 3025 te
2484 2986 2612 3025 vero
2630 2969 2783 3024 venia
2802 2969 3023 3038 dignum
3042 2967 3266 3023 censes?
3286 2967 3341 3022 Si
3358 2967 3501 3021 enim
3524 2983 3637 3021 ma-

2065 3066 2176 3120 lum
2199 3063 2476 3119 nesciebas
2489 3078 2608 3117 esse
2626 3060 2973 3124 adulterium,
2994 3069 3244 3115 neutrum
3269 3058 3447 3128 puniri
3472 3072 3635 3126 opor-

2066 3155 2297 3220 t::bat;si
2323 3170 2449 3207 vero
2470 3154 2699 3206 alterum
2722 3151 2938 3221 quidem
2953 3152 3170 3220 punias,
3191 3161 3242 3204 te
3266 3136 3392 3204 vero
3417 3164 3634 3218 pinnam

2065 3248 2301 3317 ellugere
2324 3246 2625 3307 existimes,
2665 3245 2941 3316 quomodo
2979 3243 3173 3297 rationi
3207 3254 3633 3297 consentaneum

2066 3339 2232 3394 videri
2261 3339 2456 3409 poterit
2477 3339 2789 3392 eorumdem
2818 3335 3109 3391 criminum
3140 3350 3263 3388 reos
3286 3349 3394 3386 non
3414 3332 3632 3387 easdem

2067 3430 2302 3501 pendere
2323 3430 2547 3500 ptenas?
2580 3428 2695 3484 Hoc
2726 3428 2890 3499 igitur
2920 3427 3094 3499 ipsum
3126 3440 3395 3480 accusans
3422 3423 3631 3478 Paulus

2064 3520 2281 3577 dicebat
2316 3540 2330 3575 :
2367 3521 2658 3575 Existimas
2692 3531 2871 3573 autem
2900 3519 3016 3584 hoc,
3046 3535 3075 3572 ο
3098 3517 3273 3582 homo,
3305 3517 3395 3585 qui
3414 3516 3636 3585 judicas

2064 3625 2150 3667 cas
2174 3611 2264 3679 qui
2286 3608 2419 3662 talia
2436 3617 2622 3679 agunt,
2653 3618 2701 3662 et
2725 3608 2895 3677 facias
2924 3623 3006 3668 ea,
3027 3606 3152 3675 quia
3170 3615 3224 3658 tu
3242 3606 3458 3675 effugies
3478 3605 3635 3673 judi-

2065 3701 2201 3754 cium
2224 3699 2319 3753 Dei
2341 3699 2514 3767 (Rom.
2532 3699 2589 3762 2,
2611 3696 2823 3769 3).Non
2850 3706 2933 3751 est
2956 3696 3049 3759 ita,
3074 3711 3181 3750 non
3204 3704 3318 3762 est;
3343 3711 3407 3750 ex
3425 3695 3637 3765 judicio

2065 3794 2209 3848 enim
2228 3793 2371 3861 quod
2393 3792 2444 3845 in
2461 3792 2625 3846 alium
2644 3789 2936 3861 protulisti,
2958 3804 3023 3844 ex
3047 3787 3148 3844 hoc
3166 3797 3217 3844 te
3240 3788 3380 3845 Deus
3399 3789 3634 3859 tuncju-

2066 3884 2429 3939 dieahit:non
2460 3884 2603 3937 enim
2634 3881 2879 3952 proiecto
2907 3892 2962 3938 tu
2997 3882 3216 3953 quidem
3244 3882 3449 3951 justus,
3495 3881 3639 3938 Deus

2067 3986 2249 4031 autem
2287 3973 2543 4045 injustus.
2577 3973 2634 4029 Si
2659 3974 2802 4029 enim
2827 3989 2934 4029 non
2967 3974 3206 4041 despicis
3235 3974 3401 4028 alium
3437 3974 3637 4043 injuria

2067 4066 2336 4132 allectum,
2352 4067 2629 4135 quomodo
2649 4065 2792 4120 Deus
2809 4065 3155 4135 despiciet?si
3181 4074 3234 4120 tu
3254 4065 3485 4132 corrigis
3500 4064 3638 4119 alio-

2068 4173 2188 4213 rum
2214 4167 2451 4226 peccata,
2475 4156 2750 4227 quomodo
2770 4168 2819 4212 te
2839 4157 2982 4213 Deus
3001 4174 3108 4213 non
3139 4158 3374 4228 corriget
3390 4157 3415 4211 ἲ
3430 4156 3485 4212 Si
3508 4172 3640 4212 vero

2068 4262 2175 4301 non
2194 4247 2286 4300 tibi
2313 4248 2494 4301 statim
2519 4262 2735 4317 pennam
2757 4246 2939 4312 infert,
2958 4264 3024 4302 ne
3047 4249 3117 4302 ob
3141 4249 3243 4302 hoc
3257 4249 3523 4312 conlidas,
3542 4249 3637 4303 sed

2069 4338 2199 4391 time
2224 4337 2417 4406 magis.
2461 4336 2552 4391 Sic
2578 4336 2850 4392 etPaulus
2869 4337 3034 4407 jussit
3062 4339 3285 4394 dicens:
3311 4340 3391 4393 An
3423 4340 3640 4394 divitias

2069 4425 2319 4481 bonitatis
2336 4431 2447 4496 ejus
2467 4439 2515 4482 et
2528 4431 2797 4498 patientia
2810 4444 2859 4486 et
2884 4432 3305 4502 longanimitatis
3325 4434 3639 4495 contemnis,

2067 4516 2318 4585 ignorans
2354 4521 2602 4588 quoniam
2635 4520 2928 4592 benignitas
2964 4524 3059 4577 Dei
3100 4526 3168 4577 ad
3198 4526 3556 4593 paenitentiam
3594 4536 3643 4580 te

2068 4609 2281 4663 adducit
2302 4611 2473 4676 (Rom.
2491 4612 2547 4665 2.
2566 4612 2649 4683 ψ
2665 4614 2951 4684 Propterea
2966 4618 3107 4670 enim
3122 4618 3337 4679 tolerat,
3361 4634 3467 4673 non
3484 4626 3541 4671 ut
3552 4635 3643 4686 pe-

2066 4699 2153 4769 jor
2174 4700 2291 4763 tias,
2312 4703 2402 4755 sed
2422 4713 2479 4755 ut
2497 4705 2869 4772 ptenitentiam
2890 4722 3046 4774 agas;
3064 4709 3107 4761 si
3131 4723 3258 4762 vero
3278 4724 3380 4762 noo
3402 4710 3503 4770 vis,
3528 4726 3643 4762 ma-

2066 4791 2202 4861 joris
2223 4793 2444 4847 materia
2462 4796 2683 4851 ultionis
2698 4797 2789 4851 tibi
2805 4808 2887 4853 est
2904 4798 2994 4852 Dei
3011 4800 3394 4868 longanimitas
3406 4803 3524 4854 sine
3536 4816 3643 4869 pce.

2069 4883 2294 4938 nitentis
2313 4887 2674 4953 permanenti.
2695 4887 2761 4941 Et
2781 4888 2883 4943 hoc
2900 4891 3100 4959 quippe
3112 4890 3393 4944 declarans
3409 4891 3639 4946 dicebat:

2072 4972 2368 5028 Secundum
2388 4986 2563 5030 autem
2578 4978 2832 5032 duritiam
2851 4990 2993 5033 tuam
3007 4990 3056 5033 et
3069 4981 3395 5048 impa'nitens
3409 4998 3517 5045 cor,
3536 4981 3642 5034 tlte-

2069 5066 2315 5118 saurisas
2335 5068 2429 5121 tibi
2450 5069 2586 5123 iram
2608 5070 2766 5123 indie
2782 5071 2877 5124 ira:
2893 5080 2942 5123 et
2962 5070 3297 5124 reuelationis
3306 5070 3643 5140 jnstijudicii

2069 5152 2188 5220 Dei,
2201 5159 2292 5227 qui
2309 5159 2485 5213 reddet
2502 5162 2780 5231 unicuique
2800 5162 3082 5215 secundum
3097 5178 3255 5232 opera
3272 5164 3383 5231 ejus
3399 5163 3570 5233 (Rom.
3586 5163 3645 5220 2.

2072 5247 2126 5302 5.
2145 5248 2221 5317 6).
2247 5249 2515 5313 Quoniam
2541 5253 2705 5321 igitur
2723 5253 2920 5322 cuique
2939 5254 3237 5309 secundum
3263 5270 3426 5324 opera
3446 5257 3642 5327 reddit,

2069 5353 2121 5393 et
2135 5339 2304 5409 legem
2323 5352 2604 5412 propterea
2619 5345 2777 5399 nohis
2790 5348 3086 5405 naturalem
3104 5348 3370 5412 iudidit,et
3385 5350 3642 5421 scriptam

2073 5434 2420 5502 postmodum
2454 5436 2619 5503 dedit,
2646 5446 2703 5491 ut
2743 5453 2931 5507 ptenas
2964 5440 3147 5508 exigat
3180 5454 3556 5510 peccatorum,
3591 5454 3639 5498 et

2075 5533 2218 5576 recte
2235 5538 2454 5593 agentes
2469 5536 2710 5581 coronet:
2729 5528 2897 5582 multo
2919 5530 3098 5599 itaque
3111 5532 3291 5585 studio
3306 5542 3559 5602 tanquam
3574 5533 3640 5585 ad

2132 5664 2148 5696 ¹
2198 5660 2294 5720 tlii,
2316 5659 2595 5712 assentiunt.
2642 5658 2762 5710 Infra
2801 5659 2935 5717 voci,
2974 5659 3249 5723 puniantur,
3287 5669 3389 5711 sar.
3433 5662 3555 5711 addit
3588 5663 3637 5711 in

2068 5726 2310 5788 margine,
2332 5728 2496 5773 morte.
