4070 6208
423 297 524 354 135

421 413 758 470 tremendum
805 406 1115 464 conventdrl
1178 403 1434 476 judicium
1462 443 1476 468 ,
1524 401 1761 456 actiones
1807 409 2018 454 nostras

421 499 1074 575 dispensemus,scientes
1115 495 1256 566 quod
1297 495 1495 549 nullam
1541 506 1889 562 assequemur
1929 505 2019 545 ve-

423 601 565 652 niam
588 639 600 658 ,
633 595 678 650 si
707 603 827 664 post
852 591 1145 646 naturalem
1173 598 1227 644 et
1257 589 1506 658 scriptam
1534 585 1702 656 legem
1732 592 1788 640 et
1815 584 2018 642 doetri-

427 703 547 740 nam
592 694 790 738 tantam
833 691 887 738 et
923 680 1339 737 admonitionem
1367 676 1636 733 assiduam
1665 675 1891 730 salutem
1918 690 2018 729 no-

423 787 587 830 stram
620 774 965 844 negligamus.

493 869 549 922 6.
581 867 604 920 Ι
615 878 775 920 terum
805 864 1205 934 dejuramentis.
1231 861 1456 915 --Velo
1499 860 1675 929 itaque
1715 875 1924 914 rursum
1951 857 2020 914 de

421 957 739 1028 juramentis
764 957 913 1010 vobis
944 955 1106 1024 loqui,
1139 954 1396 1008 erubesco
1419 962 1618 1006 autem.
1648 951 1772 1006 Mihi
1802 950 2018 1021 quidem

421 1065 584 1120 grave
615 1065 719 1104 non
751 1057 832 1103 est
861 1047 945 1102 die
987 1057 1246 1115 nocteque
1276 1043 1461 1100 eadem
1490 1043 1640 1099 vobis
1667 1044 1873 1108 dicere;
1922 1043 2018 1098 sed

425 1145 587 1198 timeo
615 1159 681 1198 ne
704 1153 984 1213 postquam
1005 1156 1099 1196 vos
1127 1141 1208 1194 Itis
1246 1139 1425 1194 multis
1454 1138 1642 1193 diebus
1669 1137 2016 1201 admonuero,

426 1239 648 1292 multum
680 1245 945 1305 torporem
967 1243 1199 1289 vestrum
1223 1231 1576 1286 damnabilem
1598 1231 1898 1290 ostendam.
1929 1229 2018 1299 qui

426 1331 477 1382 in
508 1330 720 1398 negotio
764 1337 870 1382 tam
921 1326 1057 1380 facili
1088 1326 1340 1381 continua
1381 1323 1590 1394 egeatis
1633 1321 2015 1378 admonitione.

427 1419 536 1475 Nec
567 1428 768 1474 tantum
812 1419 1068 1473 erubesco
1093 1459 1107 1483 ,
1153 1416 1332 1472 sedet
1373 1417 1536 1470 timeo
1576 1415 1746 1468 vobis.
1793 1413 2018 1468 Assidua

422 1525 652 1579 namque
690 1508 931 1564 doctrina
972 1505 1372 1561 advertentibus
1419 1504 1668 1559 salutaris
1708 1503 1922 1574 quidem
1965 1514 2020 1559 et

423 1601 585 1666 utilis,
612 1600 943 1671 torpentibus
963 1613 1094 1652 vero
1116 1596 1368 1651 damnosa
1391 1606 1444 1651 et
1469 1595 1781 1666 periculosa.
1809 1596 2019 1651 Etenim

425 1702 624 1764 quanto
649 1693 768 1762 quis
795 1691 990 1759 smpius
1018 1687 1265 1753 audierit,
1294 1695 1442 1741 tanto
1466 1689 1723 1756 majorem
1767 1688 2019 1742 ultionem

427 1784 692 1848 attraltet,
724 1799 830 1838 non
859 1781 1059 1837 faciens
1078 1797 1198 1850 qua:
1218 1781 1484 1836 dicuntur.
1515 1781 1627 1836 lloe
1653 1781 1809 1851 igitur
1835 1791 1887 1838 et
1919 1781 2019 1837 Ju-

425 1875 556 1930 dmis
581 1877 950 1946 improperans
975 1873 1186 1928 dicebat
1215 1873 1355 1927 Deus
1387 1891 1400 1927 :
1427 1873 1550 1928 Misi
1591 1875 1861 1945 prapltetas
1887 1892 2021 1929 meos

421 1983 699 2038 exsurgens
728 1967 994 2032 diluculo,
1037 1975 1086 2019 et
1131 1965 1390 2034 emittens,
1436 1983 1593 2036 neque
1627 1967 1700 2020 sic
1747 1968 2021 2021 exaudistis

423 2057 575 2126 (Jer.
615 2057 702 2111 :25.
722 2058 778 2110 4.
797 2055 839 2130 ).
867 2059 974 2114 Nos
1014 2075 1205 2130 nempe
1231 2075 1295 2114 ex
1323 2058 1487 2112 multa
1532 2057 1890 2113 sollicitudine
1919 2059 2020 2112 hoc

422 2147 649 2202 facimus
672 2190 688 2211 ,
732 2147 825 2202 sed
858 2149 1108 2204 timemus
1154 2164 1222 2204 ne
1266 2149 1316 2202 itt
1344 2148 1431 2203 die
1459 2147 1542 2202 illa
1573 2147 1844 2201 tremenda
1875 2147 2018 2202 obsit

420 2237 575 2292 vobis
600 2237 851 2294 omnibus
877 2239 991 2294 haec
1010 2239 1306 2294 admonitio
1333 2247 1387 2294 et
1419 2239 1518 2293 hoc
1544 2239 1843 2293 consilium.
1876 2237 2015 2292 Cum

424 2330 564 2383 cnim
587 2337 642 2384 et
659 2329 853 2384 bonum
872 2346 1005 2400 opus
1030 2332 1097 2386 sit
1123 2331 1295 2396 facile,
1314 2340 1367 2386 et
1383 2331 1470 2400 qui
1487 2330 1700 2385 assidue
1715 2344 2023 2384 commone-

421 2420 579 2475 faciat
607 2435 709 2474 non
737 2419 913 2485 desit,
946 2421 1070 2492 quid
1100 2423 1390 2492 poterimus
1422 2423 1472 2476 in
1503 2422 1896 2480 excusationem
1933 2421 2018 2476 di-

421 2515 584 2569 cere?
609 2515 688 2568 vel
711 2531 830 2584 qua:
860 2530 956 2568 nos
983 2515 1118 2569 ratio
1139 2516 1204 2570 ab
1238 2515 1438 2569 ultione
1461 2515 1689 2584 eripiet?
1713 2515 1804 2569 Dic
1828 2530 2020 2584 nempe

421 2606 572 2668 Inibi,
604 2607 646 2659 si
678 2617 956 2676 argentum
987 2609 1082 2663 abs
1114 2618 1168 2664 te
1197 2620 1434 2663 mutuum
1457 2609 1574 2664 dari
1605 2611 1892 2680 contingat,
1925 2626 2020 2664 an-

420 2713 526 2750 non
565 2714 776 2767 semper
803 2699 1029 2754 debitori
1054 2701 1352 2756 'occurrcns
1384 2703 1555 2772 ipsum
1586 2705 1754 2757 mutui
1784 2718 2021 2758 commo-

420 2789 622 2844 nefaeis
653 2791 811 2846 ?lloc
837 2801 890 2847 et
929 2807 1068 2848 nunc
1098 2794 1210 2858 fac,
1245 2803 1298 2848 et
1322 2795 1546 2863 quisque
1572 2803 1720 2865 putet
1741 2805 2017 2866 argentum

416 2881 517 2934 sibi
552 2882 850 2951 proximum
888 2883 1084 2939 debere
1107 2927 1122 2952 ,
1157 2884 1312 2955 hujus
1337 2885 1540 2940 scilicet
1574 2885 1805 2940 mandati
1833 2888 2017 2956 exple-

415 2975 614 3028 tionem
641 3016 656 3042 ,
699 2987 752 3031 et
781 2993 1066 3033 occurrens
1109 2979 1389 3034 solutionis
1432 2981 1602 3051 ipsum
1635 2990 1974 3036 commoneat
1998 3024 2013 3048 ,

421 3066 597 3118 sciens
635 3081 740 3121 non
781 3083 1000 3136 parvum
1031 3069 1182 3125 nobis
1225 3072 1510 3140 repositum
1542 3088 1660 3127 esse
1687 3073 1977 3143 periculum
1997 3115 2014 3140 ,

416 3153 640 3210 fratrum
664 3171 844 3210 curam
869 3173 970 3212 non
994 3161 1291 3229 agentibus.
1319 3161 1604 3230 Promerea
1631 3173 1684 3217 et
1709 3179 1808 3234 ego
1829 3164 2012 3219 eadem

415 3244 594 3300 dicere
625 3262 729 3300 non
760 3247 961 3303 desisto
995 3270 1008 3302 :
1044 3251 1205 3306 timeo
1233 3252 1395 3319 enim,
1423 3269 1488 3308 ne
1519 3255 1606 3308 illa
1635 3255 1721 3310 die
1756 3257 1966 3311 audiam
1997 3275 2010 3311 :

422 3333 448 3387 Ι
458 3337 662 3405 mprobe
681 3354 816 3392 serve
847 3348 894 3393 et
935 3340 1122 3410 segnis,
1162 3345 1418 3411 oportebat
1445 3355 1492 3398 te
1519 3362 1727 3416 erogare
1751 3359 2014 3418 argentum

415 3443 577 3481 meum
603 3431 988 3501 nummulariis(
1017 3431 1202 3487 Matth.
1225 3435 1314 3491 25.
1344 3435 1434 3490 26.
1465 3436 1578 3507 27).
1613 3438 1749 3494 Ecce
1779 3441 2011 3511 erogavi,

412 3535 519 3573 non
544 3521 709 3575 semel
728 3563 742 3586 ,
774 3539 946 3592 neque
975 3525 1074 3590 bis,
1105 3525 1198 3580 sed
1220 3529 1412 3597 smpius
1436 3544 1450 3594 ;
1479 3540 1714 3584 vestrum
1739 3547 1865 3585 vero
1890 3533 2013 3586 reli-

412 3625 576 3679 quam
605 3621 685 3667 est
717 3614 888 3668 fmuus
921 3614 1144 3670 reddere
1173 3635 1186 3670 :
1219 3633 1376 3672 usura
1411 3634 1536 3673 vero
1559 3629 1642 3675 est
1669 3622 1864 3676 audita:
1893 3639 2011 3677 mo-

417 3704 638 3759 nitionis
663 3720 756 3774 per
783 3721 944 3775 opera
988 3707 1247 3763 exltibitio
1279 3727 1291 3764 :
1325 3711 1519 3764 ctenim
1559 3711 1823 3768 dominica
1849 3724 2005 3780 sunt,

413 3837 749 3850 ξ*

412 3933 789 3976 GRATIARUM
834 3934 1019 3976 ACTIO
1065 3935 1278 3977 Αυῐιυο
1325 3936 1405 3976 Δί)
1451 3936 1627 3978 ΒευΜ
1674 3938 1754 3978 DE
1802 3938 2171 3980 MUTATIONE
2214 3935 2518 3978 TltlSTlUM
2570 3936 2584 3974 ε

1161 288 1223 346 8.
1261 285 1538 345 ,ιοΑΝΝιε
1575 284 2048 343 CllBYSOSTOJil
2086 280 2405 346 ARCHIEP.
2445 277 2974 339 CONSTANTINOP.

3619 282 3718 334 136

2123 411 2242 466 qua:
2263 404 2448 450 mutuo
2473 393 2684 449 dantur.
2714 391 2791 448 Ne
2819 390 2976 461 igitur
2997 389 3326 461 negligenter
3349 390 3726 459 su-cipiamus.

2122 488 2215 542 sed
2246 502 2366 541 cum
2404 485 2674 554 diligentia
2714 484 3012 553 depositum
3056 485 3466 544 Contineatnns,
3500 494 3555 536 ttt
3601 500 3723 536 cum

2131 579 2294 633 multa
2339 577 2696 647 negotiatione
2743 577 2916 646 ipsum
2962 578 3051 633 illo
3095 577 3182 632 die
3239 576 3544 631 reddamus.
3612 575 3726 630 Nisi

2122 669 2263 723 enim
2291 677 2347 724 et
2382 669 2516 722 alios
2543 669 2594 722 in
2636 668 2773 722 idem
2811 668 3046 724 officium
3075 669 3378 729 induxeris,
3413 667 3598 721 audies
3629 682 3728 722 v0-

2121 773 2240 814 cem
2270 760 2442 826 illam,
2475 775 2633 828 quam
2661 758 2861 813 audivit
2889 760 2976 829 qtti
3007 760 3262 814 talentum
3293 757 3514 811 defodit.
3538 762 3606 812 At
3633 772 3728 809 vo-

2120 852 2204 907 bis
2225 867 2292 906 ne
2325 851 2538 906 eveniat
2560 849 2699 905 hanc
2723 851 2926 915 audire,
2962 850 3054 905 sed
3085 851 3244 906 aliam
3264 864 3446 902 vocem
3473 865 3628 917 quam
3653 849 3728 910 ei,

2121 942 2212 1013 qui
2239 942 2534 1011 negotiatus
2560 949 2696 1005 erat,
2731 940 2964 996 reddidit
2993 941 3256 1005 Christus,
3287 940 3470 992 dicens
3502 957 3514 989 :
3552 939 3727 1007 Ifuge,

2121 1050 2259 1088 serve
2283 1036 2408 1089 bone
2428 1042 2472 1087 et
2503 1033 2666 1102 ﬁdelis
2692 1075 2706 1094 ,
2734 1033 2973 1103 quoniam
3001 1048 3152 1102 super
3181 1048 3342 1102 pauca
3365 1031 3506 1101 fuisti
3537 1029 3725 1096 ,‘ideiis,

2121 1143 2280 1196 supra
2306 1126 2464 1179 multa
2487 1135 2533 1178 te
2549 1125 2853 1178 constituam
2877 1123 3091 1196 (Matth.
3119 1123 3209 1177 25.
3229 1123 3289 1176 2|
3312 1120 3351 1191 ).
3384 1122 3526 1174 llanc
3548 1130 3730 1173 aut-nt

2121 1215 2400 1271 audiemus
2422 1229 2602 1269 vocem
2624 1257 2639 1281 ,
2669 1217 2712 1270 si
2742 1215 2879 1269 idem
2911 1215 3051 1284 quod
3084 1215 3170 1268 ille
3215 1212 3446 1266 studium
3472 1211 3726 1264 exhibue-

2123 1308 2331 1370 rimus;
2365 1306 2502 1360 idem
2532 1321 2657 1360 vero
2687 1307 2917 1360 studium
2952 1305 3341 1375 praestabimus,
3374 1304 3416 1356 si
3442 1306 3558 1365 hoc,
3583 1319 3667 1371 qu«
3689 1299 3724 1354 d

2121 1399 2242 1453 dico
2267 1440 2281 1462 ,
2313 1399 2618 1454 fecerimus.
2649 1398 2780 1452 Cum
2823 1397 2999 1452 adhuc
3042 1396 3258 1451 fervens
3299 1406 3382 1449 est
3427 1395 3639 1449 auditus
3672 1395 3723 1448 in

2121 1491 2294 1554 vobis,
2319 1490 2517 1560 egressi
2548 1489 2902 1544 exhortamini
2935 1489 3071 1542 inter
3101 1502 3234 1541 vos:
3266 1495 3322 1540 et
3350 1486 3482 1539 sicut
3510 1485 3718 1553 disjtltt-

2120 1581 2306 1652 gimini
2330 1583 2555 1652 quisque
2583 1597 2704 1635 cum
2731 1581 3070 1643 salutatione,
3102 1579 3179 1632 sic
3205 1593 3326 1631 cmn
3355 1577 3719 1628 admonitione

2123 1675 2346 1744 quisque
2377 1672 2592 1727 domum
2618 1673 2851 1734 recedat,
2881 1680 2934 1726 et
2959 1671 3100 1725 dicat
3122 1669 3362 1738 proximo
3393 1686 3403 1720 :
3433 1667 3727 1722 Considera

2121 1774 2177 1818 et
2200 1762 2514 1826 recordare,
2546 1762 2814 1832 quomodo
2841 1761 3145 1815 mandatum
3190 1758 3496 1813 custodias:
3528 1767 3581 1812 et
3604 1773 3727 1810 oni-

2125 1855 2250 1910 nino
2287 1855 2677 1925 superabimus.
2707 1854 2839 1908 Cum
2871 1853 3013 1908 enim
3053 1861 3106 1906 et
3130 1852 3290 1906 amici
3320 1861 3370 1906 te
3409 1851 3710 1904 dimiserint

2121 1962 2242 2002 cum
2267 1947 2356 2001 tali
2380 1946 2626 2009 consilio,
2654 1955 2706 2000 et
2725 1945 2942 1999 domum
2968 1943 3260 2013 profectum
3295 1959 3505 1998 rursum
3527 1942 3718 1996 eadem

2125 2055 2258 2093 uxor
2281 2038 2593 2104 admoneat,
2625 2047 2712 2104 et,
2743 2053 2860 2091 cum
2889 2036 2988 2092 soli
3018 2038 3149 2091 estis
3169 2077 3183 2100 ,
3216 2037 3388 2089 oratio
3416 2047 3595 2089 nostra
3627 2051 3724 2088 vos

2121 2133 2430 2199 contineat,
2469 2133 2718 2187 celeriter
2760 2131 2898 2186 hanc
2935 2131 3373 2186 consuetudinem
3422 2129 3721 2197 improbant

2123 2227 2468 2296 expellemns.
2502 2224 2633 2280 Novi
2665 2224 2881 2295 quidem
2909 2239 3004 2278 vos
3033 2222 3285 2276 admirari
3314 2237 3478 2291 quare
3520 2231 3724 2274 unitum

2121 2318 2190 2373 de
2237 2319 2336 2374 hoc
2377 2318 2629 2372 mandato
2666 2317 2900 2371 studium
2939 2315 3164 2380 faciam;
3199 2330 3380 2368 verum
3425 2313 3715 2381 adimplete

2123 2408 2453 2474 mandatum,
2483 2419 2538 2464 et
2565 2419 2689 2462 tunc
2712 2407 2906 2462 dicam.
2941 2406 3152 2460 Interim
3185 2405 3374 2475 quippe
3403 2403 3529 2456 illttd
3552 2403 3672 2456 dico
3697 2444 3714 2468 ,

2122 2501 2292 2571 legem
2319 2515 2437 2555 esse
2480 2499 2713 2554 divinam
2763 2498 2861 2552 hoc
2896 2497 3222 2561 mandatum,
3250 2496 3493 2564 etipsum
3528 2503 3719 2548 trans-

2116 2593 2266 2662 gredi
2297 2607 2401 2646 non
2432 2607 2550 2646 esse
2581 2601 2748 2646 tutum
2774 2608 2788 2654 ;
2819 2591 2862 2644 si
2891 2600 3069 2644 autem
3117 2589 3388 2656 impletum
3419 2587 3623 2647 videro,
3667 2597 3724 2639 ct

2123 2683 2282 2736 aliam
2315 2683 2466 2737 vobis
2496 2697 2710 2737 causam
2732 2681 3166 2736 commemorabo
3190 2680 3286 2734 hac
3308 2696 3413 2732 non
3439 2680 3722 2742 minorem,

2120 2784 2176 2828 ut
2203 2773 2450 2837 discatis,
2484 2789 2569 2829 nte
2594 2774 2715 2842 jure
2742 2788 2838 2842 pro
2881 2772 2978 2826 bac
3008 2772 3122 2841 lege
3173 2769 3404 2823 studium
3446 2768 3720 2822 exhibere.

2120 2865 2308 2920 Restat
2337 2880 2463 2920 vero
2485 2864 2593 2932 jam
2626 2879 2720 2934 per
2747 2862 3186 2932 supplicationem
3215 2875 3517 2914 sermonem
3543 2859 3724 2911 abSol-

2120 2973 2262 3012 vere.
2291 2956 2623 3012 Unanimiter
2657 2957 2816 3026 igitur
2850 2969 3035 3010 omnes
3064 2953 3338 3007 dtcamus:
3370 2952 3510 3005 Dens
3533 2952 3725 3005 nolens

2121 3059 2227 3105 tam
2260 3058 2483 3103 mortem
2507 3048 2822 3118 peccatoris,
2855 3063 3012 3117 quam
3036 3051 3444 3102 utconvertatnr
3464 3055 3518 3099 et
3539 3045 3709 3106 vivat,

2119 3150 2172 3195 ct
2202 3142 2336 3195 hanc
2356 3149 2410 3194 et
2444 3140 2575 3194 alias
2606 3140 2751 3210 leges
2777 3153 2964 3192 omnes
3007 3153 3104 3192 nos
3129 3146 3449 3205 cxscqnutos
3495 3135 3722 3205 dignare

2117 3232 2194 3284 sic
2221 3231 2470 3284 assistere
2499 3230 2746 3284 tribunali
2773 3229 2970 3283 Christi
3002 3230 3098 3292 tui,
3134 3238 3188 3281 ut
3215 3226 3458 3281 fiduciam
3496 3227 3722 3280 multant

2117 3323 2405 3392 asseqnuti,
2442 3325 2494 3376 in
2525 3337 2741 3392 regnum
2773 3321 3147 3389 perveniamus
3176 3317 3240 3373 ad
3272 3317 3496 3388 gloriam
3526 3328 3666 3371 tuam
3703 3335 3719 3370 :

2117 3419 2371 3486 quoniam
2402 3426 2451 3471 te
2480 3417 2630 3471 decet
2662 3417 2852 3486 gloria.
2887 3433 2986 3469 una
3017 3431 3136 3470 cum
3162 3415 3431 3484 unigenito
3458 3413 3595 3468 Filio
3627 3422 3724 3466 tuo

2116 3522 2170 3566 ct
2199 3519 2384 3566 sancto
2415 3510 2634 3580 Spiritu,
2659 3525 2799 3564 nunc
2827 3517 2882 3564 et
2906 3523 3137 3578 semper,
3167 3518 3221 3563 et
3247 3509 3299 3562 in
3321 3507 3514 3562 smcula
3539 3521 3716 3561 δωρει-

2118 3602 2310 3659 lorum.
2344 3607 2382 3657 Α
2394 3619 2535 3658 men.

2633 3934 2712 3974 ET
2755 3929 3267 3973 COSIMEMORATIO
3312 3928 3554 3981 EORUM,
3601 3926 3721 3979 QUI

492 4031 776 4073 PROPTER
801 4032 1187 4076 SEDITIONEM
1219 4033 1509 4088 RAPTATI,
1541 4033 1768 4078 POENAS
1797 4037 2110 4080 LUERANT.
2135 4037 2455 4080 SIMHJTER
2486 4032 2720 4076 RUBSL‘S
2765 4031 3091 4074 EXPOSITIO
3121 4033 3200 4073 DE
3229 4031 3490 4074 "031lle
3519 4031 3726 4074 οιιεΑ-

490 4133 706 4188 ΤΙΟἻΕ,
735 4135 816 4176 ΕΤ
858 4133 1028 4186 QUOD
1071 4133 1283 4178 LEGEM
1326 4133 1675 4178 ACCEPERIT
1717 4137 2103 4182 NATURALE)!
2151 4141 2166 4180 2

490 4234 820 4278 TOLLENDA
867 4220 907 4278 ¹.

2214 4138 2295 4180 ΕΤ
2361 4137 2442 4178 DE
2507 4135 2782 4178 JURANDI
2827 4132 3309 4176 CONSUETUDINE
3367 4131 3717 4178 BADICITUB

1818 4342 2317 4421 WQW'

1033 4494 1249 4534 ιιοιιιιιλ
1289 4495 1400 4533 XIII.

483 4572 535 4627 Ι.
576 4570 659 4628 Ab
680 4569 866 4626 eodem
894 4571 1154 4642 principio
1190 4579 1244 4624 et
1279 4569 1465 4624 iisdem
1495 4569 1784 4639 proremiis,
1815 4571 2008 4641 quibus

416 4659 529 4718 heri
557 4671 610 4718 et
648 4661 1038 4717 nudiustertius
1066 4661 1222 4730 ccepi,
1254 4671 1306 4716 et
1337 4661 1494 4716 hodie
1523 4662 1766 4733 incipiam
1795 4681 1810 4716 :
1836 4663 2004 4718 dicam

412 4762 468 4810 et
509 4767 651 4808 nunc
677 4768 691 4806 :
719 4751 1034 4808 Benedictus
1062 4752 1220 4807 Deus.
1253 4753 1472 4820 Qualem
1504 4754 1824 4822 praeteritam
1872 4755 2006 4808 vidi-

417 4860 539 4901 mus
566 4843 751 4900 feriam
777 4851 1050 4914 quartam,
1083 4852 1136 4898 et
1161 4845 1370 4912 qualem
1413 4860 1552 4899 nunc
1595 4843 1834 4900 videmus
1873 4861 2009 4915 pra:-

415 4937 660 4994 sentem?
685 4945 882 5006 quanta
923 4935 977 4990 in
1004 4935 1096 4989 illo
1133 4933 1431 4989 obscuritas
1469 4944 1592 4990 tunc
1618 4936 1777 4991 erat?
1811 4945 2006 5007 quanta

413 5043 555 5082 nunc
579 5027 632 5081 in
652 5029 902 5098 praesenti
925 5025 1312 5096 tranquillitas?
1341 5025 1540 5081 Eodem
1560 5026 1646 5081 die
1672 5027 2006 5082 tremendum

415 5118 472 5172 in
499 5119 714 5174 civitate
741 5119 971 5174 tribunal
999 5117 1129 5175 illud
1154 5126 1207 5173 et
1238 5119 1474 5173 omnium
1514 5120 1674 5174 corda
1700 5123 2001 5186 concussit,

413 5217 470 5263 et
508 5220 664 5264 nocte
695 5210 824 5266 fecit
850 5212 992 5268 diem
1024 5211 1188 5265 nibilo
1213 5227 1332 5267 esse
1365 5212 1639 5267 meliorem
1665 5255 1680 5278 ,
1710 5228 1814 5267 non
1844 5213 2006 5269 radiis

415 5300 721 5366 exstinctis,
753 5303 847 5358 sed
875 5305 1087 5360 tristitia
1113 5315 1167 5360 et
1194 5305 1386 5360 timore
1415 5306 1598 5360 oculos
1623 5305 2006 5362 oﬂ‘uscantibus

415 5396 646 5442 vestros.
675 5389 742 5444 Ut
780 5391 936 5460 igitur
960 5404 1013 5448 et
1051 5411 1148 5450 nos
1178 5395 1431 5466 majorem
1463 5397 1735 5466 capiamus
1762 5398 2005 5468 volupta-

415 5485 522 5532 tem
545 5519 560 5546 ,
593 5493 760 5549 pauca
781 5495 966 5536 eorum
991 5499 1108 5553 quae
1139 5494 1262 5541 tunc
1289 5486 1597 5542 acciderunt
1619 5530 1635 5555 ,
1675 5503 2004 5544 commemo-

476 5638 690 5714 ἴδῃ-ἰὴ,
735 5639 976 5714 occeperit
1013 5645 1285 5714 naturalem
1311 5661 1411 5714 per
1447 5650 1761 5714 cognitionem
1792 5653 2003 5714 agendo-

408 5709 705 5816 7312:1201:
749 5703 1083 5771 agendorum;
1118 5711 1165 5758 et
1199 5709 1263 5759 de
1291 5703 1881 5772 jurandi'consuetudiiie
1912 5711 2006 5765 tot-

2114 4496 2237 4537 rare
2265 4480 2406 4536 volo.
2440 4479 2508 4534 Et
2532 4479 2682 4534 vobis
2718 4479 2860 4534 enim
2891 4487 2946 4534 et
2980 4479 3210 4550 posteris
3250 4478 3498 4534 omnibus
3524 4478 3720 4535 utilem

2113 4572 2301 4627 horum
2333 4588 2453 4628 esse
2482 4572 2636 4627 video
2677 4571 3035 4626 narrationem
3062 4570 3346 4640 :quoniam
3381 4578 3437 4624 et
3461 4569 3529 4626 de
3572 4585 3724 4624 nau-

2113 4663 2282 4733 fragio
2307 4665 2528 4720 servatis
2555 4661 2848 4732 jucundum
2888 4670 2972 4718 est
2999 4659 3252 4715 fluctuum
3294 4661 3608 4716 meminisse
3653 4671 3730 4717 et

2113 4756 2443 4825 tempestatis
2471 4764 2528 4810 ct
2549 4763 2824 4808 ventorum
2847 4795 2862 4819 ,
2907 4763 3184 4824 postquam
3217 4754 3268 4806 in
3297 4762 3508 4824 portum
3557 4755 3726 4808 navi-

2115 4846 2329 4916 garint;
2373 4855 2426 4900 et
2469 4845 2656 4899 morbo
2682 4844 2909 4899 detentis
2935 4853 3236 4914 pergratum
3251 4856 3332 4898 est
3356 4845 3727 4914 postscgritu-

2114 4938 2294 4993 dinem
2322 4935 2498 4992 febres
2523 4977 2537 5001 ,
2567 4952 2662 5006 per
2687 4951 2818 5005 quas
2857 4951 2992 5006 pene
3025 4935 3092 4990 ad
3137 4945 3361 4990 mortem
3402 4947 3669 4990 venerunt
3703 4977 3724 5002 ,

2111 5031 2231 5087 aliis
2259 5044 2498 5086 narrare.
2527 5029 2660 5084 Cum
2687 5030 2827 5084 enim
2856 5028 3034 5099 gravia
3062 5028 3433 5097 prteterierint,
3467 5029 3730 5096 volupta-

2114 5131 2217 5176 tem
2250 5121 2409 5177 habet
2449 5135 2632 5175 eorum
2662 5120 3120 5182 commemoratio,
3147 5120 3320 5173 anima
3347 5134 3453 5172 non
3481 5120 3729 5187 ampfius

2114 5213 2472 5280 formidante,
2523 5213 2616 5268 sed
2672 5214 2930 5282 majorem
2986 5214 3227 5282 capiente
3271 5213 3722 5268 delectationem.

2111 5305 2506 5361 Prmteritornm
2559 5307 2699 5360 enim
2747 5307 3004 5361 memoria
3049 5308 3346 5373 malorum,
3387 5319 3733 5376 praesentem

2113 5399 2543 5468 tranquillitatem
2571 5401 2871 5455 accuratius
2894 5400 3212 5469 gustandam
3240 5401 3474 5456 exhibet.

2184 5490 2531 5547 Consternatio
2561 5493 2992 5546 Antiochcnorum
3020 5493 3071 5546 in
3108 5493 3466 5562 perquisitione
3501 5493 3564 5547 de
3593 5500 3737 5546 sta-

2113 5583 2212 5638 tuis
2232 5584 2533 5638 eversis.—
2559 5583 2847 5654 Postquam
2893 5583 3037 5638 enim
3087 5583 3315 5638 civitatis
3355 5585 3530 5654 major
3581 5599 3736 5653 pars

2111 5689 2222 5746 pra:
2247 5675 2437 5730 timore
2471 5684 2524 5730 et
2549 5676 2967 5732 comminatione
2995 5676 3082 5731 illa
3106 5675 3170 5730 ad
3199 5676 3409 5732 deserta
3441 5685 3496 5733 et
3523 5675 3736 5736 latices

2113 5765 2374 5822 montium
2423 5774 2476 5822 et
2521 5766 2724 5824 occulta
2774 5766 3015 5823 locorum
3067 5766 3504 5834 transmigravit,
3553 5777 3738 5824 metu
