4070 6208
181 347 263 393 τες
289 328 365 395 ὠς
395 328 669 401 μηδεμιᾶς
700 327 1079 401 ἀπολαύσομεν
1126 312 1479 403 συγγνώμης,
1505 333 1555 385 εί
1594 332 1735 403 μετά
1759 350 1858 401 cpu-

181 418 328 472 σικδν
356 418 449 471 καὶ
475 418 721 488 γραπτὸν
743 417 927 488 νόμον,
955 419 1049 472 καὶ
1073 418 1421 473 διδασκαλίαν
1446 419 1734 491 τοσαύτην,
1763 421 1859 474 καὶ

182 506 374 577 συνεχῆ
397 504 738 577 παραίνεσιν,
775 506 875 576 τῆς
927 506 1202 578 ἡμετέρας
1256 507 1635 579 ἀμελήσαιμεν
1676 525 1857 579 σωτη-

182 594 325 667 ρίας.

246 680 602 751 ς”.Βούλομαι
617 676 710 735 οῦν
723 680 881 735 πάλιν
896 680 1142 753 περὶτῶν
1157 681 1333 751 ὅρκων
1346 682 1375 734 ύ
1384 684 1473 752 μῐν
1488 681 1858 753 διαλεχθῆναι,

180 769 506 840 αἰσχύνομαι
534 769 611 824 δέ.
655 768 810 839 Ἐμοὶ
836 769 934 840 μὲν
963 768 1072 841 γάρ
1099 769 1199 822 οὐκ
1229 768 1375 824 ἔστιν
1408 769 1641 841 ἐπαχθὲς
1668 772 1762 823 καὶ
1802 772 1859 825 ἐν

185 858 365 929 ἡμέρᾳ
396 857 491 911 καὶ
529 859 586 909 ἐν
615 858 770 909 νυκτὶ
795 856 862 910 τά
905 856 1044 910 αύτά
1086 855 1221 926 πρὸς
1252 856 1396 926 ὑμᾶς
1424 856 1622 925 λέγειν,
1646 858 1859 911 δέδοικα

181 948 236 1000 δὲ
266 945 342 1016 μὴ
370 945 468 1008 τὰς
496 943 697 1007 πολλὰς
723 942 926 1007 ταύτας
954 943 1164 1013 ἡμέρας
1191 942 1318 1013 ὑμῖν
1350 944 1857 1016 παρακολουθήσας,

181 1034 384 1105 πολλὴν
416 1031 568 1103 ὑμῶν
598 1030 853 1098 καταγνῶ
882 1042 908 1070 α
937 1030 1210 1101 ρᾳθυμίαν
1243 1032 1371 1101 περὶ
1411 1032 1736 1102 πράγματος
1769 1032 1862 1086 οῦν

176 1138 288 1184 τως
310 1120 534 1173 εύκόλου
553 1117 832 1190 διηνεκοῦς
852 1117 1120 1186 δεομένων
1143 1118 1521 1189 ὑπομνήσεως.
1544 1119 1658 1171 Ούκ
1679 1120 1862 1191 αἰσχύ-

177 1225 345 1279 νομαι
370 1207 429 1261 δὲ
456 1207 638 1278 μόνον,
661 1204 799 1259 ἀλλά
820 1206 912 1258 καὶ
935 1204 1149 1257 δέδοικα
1180 1205 1311 1275 περὶ
1336 1204 1490 1275 ὑμῶν
1506 1223 1520 1236 ’
1550 1208 1582 1276 ή
1610 1206 1717 1277 γὰρ
1747 1224 1865 1262 συν.

178 1296 313 1366 εχὴς
337 1293 655 1348 διδασκαλία
687 1295 797 1356 τοῖς
826 1292 925 1364 μὲν
951 1292 1273 1363 προσέχουσι
1310 1292 1576 1364 σωτήριον
1606 1294 1700 1347 καὶ
1729 1296 1863 1367 χρή-

180 1400 363 1453 σιμον,
387 1385 502 1446 τοῖς
525 1382 581 1435 δὲ
602 1379 905 1452 ῥᾳθυμοῦσι
939 1378 1200 1453 βλαϐερὸν
1231 1380 1326 1433 καὶ
1366 1380 1721 1435 ἐπικίνδυνον.
1754 1384 1862 1436 Καὶ

177 1452 286 1543 γάρ
319 1472 541 1541 ὅσῳπερ
576 1471 644 1525 ἀν
673 1485 758 1533 τις
802 1452 1089 1531 πλεονάκις
1125 1466 1355 1540 ἀκούσῃ,
1386 1468 1627 1540 τοσούτῳ
1662 1470 1862 1539 μᾶλλον

178 1558 483 1611 ἐπισπᾶται
515 1557 614 1628 τὴν
655 1556 879 1610 κόλασιν
923 1555 997 1627 μὴ
1034 1553 1206 1608 ποιῶν
1249 1555 1320 1609 τά
1361 1556 1652 1627 λεγόμενα.
1693 1558 1863 1611 Τοῦτο

178 1644 311 1711 γοῦν
332 1644 428 1697 καὶ
463 1644 739 1706 Ἰουδαίοις
761 1643 1037 1707 ὀνειδίζων
1056 1642 1247 1711 ἔλεγεν
1264 1644 1293 1696 6
1314 1642 1445 1707 Θεός
1466 1658 1479 1672 ’
1517 1644 1863 1699 Ἀπέστειλα

178 1731 322 1798 τοὺς
354 1730 667 1801 προφήτας
685 1747 806 1800 μου
836 1727 1138 1798 ὀρθρίζων,
1180 1730 1279 1783 καὶ
1301 1729 1721 1797 ἀποστέλλων,
1760 1734 1860 1786 καὶ

179 1818 323 1874 οὐδὲ
351 1820 541 1885 οὕτως
568 1819 991 1886 είσηκυύσατε.
1008 1818 1201 1889 Ἡμεῖς
1245 1818 1343 1890 μὲν
1383 1814 1477 1872 οὖν
1522 1820 1629 1873 ἀπὸ
1662 1820 1863 1891 πολλῆς

180 1907 511 1978 κηδεμονίας
537 1906 697 1961 τοῦτο
716 1905 998 1977 ποιοῦμεν,
1020 1906 1341 1977 δεδοίκαμεν
1372 1906 1429 1960 δὲ
1446 1907 1475 1947 ι)
1499 1907 1572 1979 μή
1600 1910 1744 1962 κατά
1764 1911 1864 1979 τὴν

182 1995 398 2067 ἡμέραν
427 1996 643 2066 ἐκείνην
670 1996 771 2068 τὴν
804 1995 1043 2066 φοϐερὰν
1072 1998 1440 2068 ἀντικαταστῇ
1482 2000 1648 2051 πᾶσιν
1674 2000 1803 2069 ύμῖν
1829 2001 1864 2071 ἡ

183 2083 503 2154 παραίνεσις
532 2082 668 2154 αῦτη
690 2082 842 2155 [1521
862 2084 956 2136 καὶ
978 2086 1012 2155 ή
1046 2084 1524 2156 συμϐουλή.”οταν
1546 2086 1655 2157 γὰρ
1687 2087 1780 2139 καὶ
1804 2088 1866 2140 τὸ

185 2168 516 2241 κατόρθωμα
540 2169 761 2225 εὔκολον
779 2166 837 2244 ᾖ,
863 2172 956 2224 καὶ
980 2174 1009 2225 6
1036 2171 1275 2241 συνεχῶς
1311 2173 1741 2242 ὑπομιμνήσκων
1788 2174 1864 2245 μὴ

183 2257 545 2329 διαλιμπάνῃ,
575 2258 736 2312 ποίαν
762 2259 959 2330 ἕξομεν
997 2259 1297 2329 ἀπολογίαν
1320 2262 1524 2326 είπείν;
1547 2261 1579 2329 ἢ
1606 2260 1688 2322 τίς
1716 2262 1865 2331 ἡμᾶς

186 2342 537 2416 ἐξαιρήσεται
561 2346 662 2417 τῆς
693 2346 970 2410 κολάσεως
997 2347 1188 2416 λόγος;
1220 2347 1355 2401 Είπὲ
1384 2347 1494 2419 γάρ
1534 2366 1645 2419 μοι,
1674 2348 1740 2402 ἂν
1766 2350 1858 2419 ἀρ-

189 2432 376 2504 γύριόν
429 2450 516 2486 σοι
561 2434 1006 2506 χρεωστούμενον
1042 2433 1201 2506 τύχῃ,
1237 2435 1339 2487 οὐκ
1363 2435 1451 2487 ἀεὶ
1485 2436 1866 2505 συντυγχάνων

187 2519 256 2588 τῷ
302 2520 585 2588 ὀφείλοντι
634 2522 1077 2592 ἀναμιμνήσκεις
1126 2521 1290 2575 αὑτὸν
1338 2522 1433 2574 τοῦ
1470 2521 1864 2591 δανείσματος;

189 2607 353 2661 τοῦτο
375 2608 477 2660 καὶ
505 2609 569 2663 σὺ
591 2608 839 2678 ποίησον,
867 2608 961 2662 καὶ
984 2609 1213 2671 ἕκαστος
1236 2608 1504 2678 νομιζέτω
1525 2608 1615 2661 τὸν
1639 2608 1866 2678 πλησίον

192 2692 453 2767 ἀργύριον
504 2694 739 2764 ὀφείλειν
783 2695 954 2767 αὐτῷ,
988 2696 1084 2767 τὴν
1133 2696 1479 2767 ἐκπλήρωσιν
1515 2695 1867 2766 τῆςέντολῆς

192 2782 410 2852 ταύτης,
443 2784 540 2835 καὶ
570 2783 828 2837 ἀπαντῶν
858 2784 1001 2852 ὑπὲρ
1040 2783 1130 2853 τῆς
1154 2784 1416 2845 ἐκτίσεως
1462 2784 1626 2835 αὐτὸν
1671 2784 1869 2853 ἀναμι-

195 2872 509 2941 μνησκέτω,
540 2870 696 2935 εἰδὼς
723 2872 798 2935 ὡς
824 2872 884 2925 ού
923 2871 1118 2943 μικρὸς
1145 2874 1277 2941 ἡμῖν
1306 2872 1594 2926 ἀπόκειται
1626 2870 1869 2932 κίνδυνος

192 2957 289 3010 τῶν
314 2958 573 3027 ἀδελφῶν
602 2960 703 3013 ούκ
726 2959 1196 3030 ἐπιμελουμένοις.
1226 2959 1326 3013 Διά
1370 2958 1527 3012 τοῦτο
1554 2958 1647 3012 καὶ⁸
1669 2958 1781 3027 ἐγὼ
1799 2958 1870 3011 τὰ

196 3045 325 3099 αὐτὰ
354 3044 536 3113 λέγων
568 3047 628 3100 ού
665 3046 939 3118 παύομαι·
970 3047 1185 3101 δέδοικα
1213 3047 1323 3118 γὰρ
1350 3047 1561 3118 μήποτε
1590 3048 1707 3100 κατ’
1730 3045 1871 3100 ἐκεί-

194 3149 280 3201 νην
331 3131 560 3186 ἀκούσω
608 3132 706 3205 τὴν
749 3135 991 3205 ἡμέραν·
1023 3134 1257 3202 Πονηρὲ
1288 3132 1473 3187 δοῦλε
1498 3132 1597 3186 καί
1630 3132 1869 3201 ὀκνηρέ,

196 3218 307 3273 ἔδει
348 3236 429 3274 σε
470 3222 836 3275 καταϐαλεῖν
858 3221 926 3275 τὸ
954 3222 1241 3291 ἀργύριόν
1261 3238 1382 3291 μου
1425 3221 1524 3274 ἐπὶ
1566 3220 1709 3285 τοὺς
1738 3237 1877 3288 τρα-

194 3307 451 3374 πεζῖτας.
471 3309 605 3362 Ἰδοὺ
635 3309 770 3378 γοῦν
800 3309 1099 3363 κατέϐαλον
1126 3308 1223 3378 ούχ
1254 3308 1421 3375 ἅπαξ,
1456 3309 1578 3362 οὐδὲ
1607 3309 1711 3373 δὶς,
1746 3309 1881 3363 ἀλλὰ

196 3394 492 3458 πολλάκις·
519 3396 676 3467 ὑμῶν
707 3398 824 3450 ἐστι
856 3396 1042 3450 λοιπὸν
1066 3397 1158 3449 τὸν
1183 3396 1342 3450 τόκον
1367 3396 1762 3461 ἐπιδείξασθαι·
1794 3397 1884 3449 τό·

193 3495 282 3545 ως
319 3481 387 3536 δὲ
423 3482 768 3553 ἀκροάσεως,
797 3486 832 3557 ἡ
862 3483 952 3539 διά
982 3485 1093 3538 τῶν
1123 3483 1301 3557 ἔργων
1328 3483 1590 3549 ἐπίδειξις
1608 3500 1623 3516 ·
1650 3485 1745 3537 καὶ
1770 3483 1879 3554 γὰρ

251 3636 271 3705 _'
292 3641 331 3689 Α
342 3641 409 3705 ΙίΑἱΑ
435 3644 827 3705 καταγνώσωμαι

248 3698 279 3739 ι
299 3705 337 3751 ,Α
351 3702 413 3751 lii
436 3698 633 3752 δέδοικα
666 3706 734 3754 δέ.

1228 215 1322 273 AD
1355 214 1688 273 POPULUM
1723 214 2227 273 ANTIOCIIENUM
2267 212 2504 272 HOMIL.
2538 214 2682 271 XIII.

3538 216 3645 276 £36

1962 331 2267 386 Δεσποτικὰ
2293 332 2361 385 τὰ
2385 330 2855 402 καταϐαλλόμενα.
2876 328 2969 403 Μή
2987 329 3166 384 τοίνυν
3190 347 3295 402 παρ
3311 328 3487 402 έργως
3510 326 3644 385 ὐπο-

1959 419 2264 490 δεξώμεθα,
2299 420 2436 474 ἀλλά
2470 418 2610 490 μετά
2644 417 2929 490 ἀκριϐείας
2955 419 3275 489 κατέχωμεν
3318 420 3417 490 τὴν
3460 432 3648 489 παρα-

1962 508 2304 579 καταθήκην,
2336 508 2423 561 ῐνα
2456 508 2593 578 μετὰ
2624 507 2828 578 πολλῆς
2868 507 2970 577 τῆς
3015 507 3276 577 ἐργασίας
3313 508 3484 578 αὐτὴν
3511 509 3645 561 ἀπο-

1961 594 2141 666 δῶμεν
2170 596 2312 649 κατά
2339 594 2437 665 τήν
2466 594 2683 665 ἡμέραν
2709 594 2944 664 ἐκείνην.
2965 594 3089 647 Ἐάν
3128 594 3236 663 γὰρ
3277 598 3351 666 μὴ
3391 596 3487 649 καὶ
3518 594 3643 647 ἐτέ-

1967 700 2090 755 ρους
2120 684 2200 747 είς
2224 684 2286 736 τὸ
2309 682 2441 736 αὐτὸ
2474 683 2748 754 ἐναγάγῃς
2775 681 3133 751 κατόρθωμα,
3163 681 3370 754 ἀκούσῃ
3398 683 3495 752 τῆς
3525 699 3644 751 φω-

1962 772 2061 841 νῆς
2090 769 2305 841 ἐκείνης
2336 766 2405 842 ἦς
2430 771 2664 841 ἤκουσεν
2693 772 2722 821 6
2749 770 2808 821 τὸ
2849 768 3112 822 τάλαντον
3141 768 3645 840 κατορύξας.Ἀλλά

1966 858 2042 929 μὴ
2087 858 2298 927 γένοιτο
2325 855 2551 928 ταύτης,
2578 856 2716 909 ἀλλά
2740 856 2839 926 τῆς
2869 856 3035 927 ἄλλης
3069 856 3212 926 ὑμᾶς
3251 857 3480 910 ἀκοῦσαι
3527 873 3650 924 φω-

1963 945 2064 1015 νῆς
2092 946 2161 1017 ἢν
2185 945 2322 1017 πρὸς
2346 945 2440 998 τὸν
2471 944 2848 1016 ἐργασάμενον
2873 944 3056 1013 ἀφῆκε
3086 944 3264 1011 λέγων
3308 946 3337 996 6
3374 942 3604 1014 Χριστός
3624 959 3642 974 ·

1963 1028 2074 1098 Εὖ,
2106 1031 2292 1087 δοῦλε
2340 1031 2526 1102 ἀγαθὲ
2568 1032 2666 1086 καὶ
2717 1031 2914 1097 πιστὲ,
2949 1032 3046 1085 ἐπὶ
3095 1031 3269 1100 ὀλίγα
3298 1026 3375 1101 ἦς
3408 1030 3647 1097 πιστὸς,

1963 1119 2065 1173 ἐπὶ
2110 1118 2362 1174 πολλῶν
2413 1136 2488 1174 σε
2536 1119 2917 1186 καταστήσω.
2960 1118 3176 1189 Ταύτης
3213 1118 3269 1171 δὲ
3301 1117 3653 1188 ἀκουσόμεθα

1962 1208 2065 1278 τῆς
2094 1209 2298 1279 φωνῆς,
2329 1208 2394 1261 ἂν
2425 1208 2522 1279 τὴν
2545 1208 2715 1278 αὐτὴν
2745 1208 2938 1277 ἐκείνῳ
2964 1209 3200 1278 σπουδὴν
3231 1204 3646 1275 ὲπιδειξώμεθα·

1966 1294 2063 1365 τὴν
2090 1296 2262 1366 αὐτὴν
2305 1295 2361 1348 δὲ
2412 1294 2795 1364 ἐπιδειξόμεθα
2842 1294 3097 1365 σπουδὴν,
3128 1294 3223 1347 ἐὰν
3254 1293 3414 1347 τοῦτο
3441 1294 3471 1347 ὂ
3504 1293 3653 1360 λέγω

1965 1376 2436 1454 ποιήσωμεν.Ἔτι
2467 1381 2681 1452 θερμῆς
2714 1381 2880 1449 οὔσης
2913 1383 3013 1453 τῆς
3045 1383 3375 1453 ἀκροάσεως·
3406 1383 3464 1434 ἐν
3495 1382 3648 1451 ὑμῖν,

1967 1470 2273 1537 ἐξελθόντες
2301 1469 2745 1541 παρακελεύεσθε
2776 1469 3047 1539 ἀλλήλοις,
3079 1471 3172 1524 καὶ
3196 1469 3447 1539 καθάπερ
3466 1479 3490 1509 ο
3519 1469 3652 1521 ἐκα-

1969 1573 2093 1619 στος
2121 1555 2257 1625 μετά
2283 1556 2655 1627 προσηγορίας
2677 1555 2980 1621 διαλύεσθε,
3015 1555 3158 1609 οῦτω
3189 1557 3327 1627 μετά
3368 1572 3657 1627 παραγγε-

1969 1641 2088 1706 λίας
2116 1643 2344 1706 ἕκαστος
2374 1644 2557 1697 οἴκαδε
2603 1644 2978 1716 ἀναχωρείτω,
3016 1646 3111 1697 καὶ
3138 1644 3217 1713 τῷ
3243 1644 3468 1715 πλησίον
3496 1643 3654 1712 λεγέ-

1970 1748 2049 1784 τω
2066 1744 2080 1759 °
2112 1731 2315 1784 Σκόπει
2345 1735 2440 1784 καὶ
2470 1730 2715 1802 μέμνησο
2742 1733 2890 1795 ὅπως
2914 1732 3155 1805 φυλάξῃς
3176 1732 3272 1803 τὴν
3298 1731 3538 1802 ἐντολὴν,
3557 1732 3656 1786 καὶ

1972 1818 2189 1881 πάντως
2237 1818 2623 1890 περιεσόμεθα.
2650 1820 2822 1873 Ὅταν
2873 1818 2984 1891 γάρ
3038 1819 3182 1887 φίλοι
3240 1821 3657 1890 παραπέμπωσι

1975 1905 2116 1975 μετά
2159 1905 2418 1977 τοιαύτης
2466 1905 2797 1976 συμϐουλῆς,
2835 1908 2930 1959 καὶ
2963 1906 3100 1959 οἴκοι
3133 1907 3424 1974 γενόμενον
3450 1908 3484 1977 ἡ
3519 1906 3656 1978 γυνὴ

1973 1992 2133 2047 πάλιν
2158 1995 2226 2047 τὰ
2262 1994 2403 2047 αὐτὰ
2430 1994 2845 2066 ἀναμιμνήσκῃ,
2888 1994 2983 2046 καὶ
3029 1994 3225 2064 μόνους
3253 1994 3413 2057 ὄντας
3443 1996 3471 2046 6
3499 1994 3658 2062 λόγος

1971 2084 2000 2135 6
2024 2080 2297 2151 ἡμέτερος
2320 2081 2546 2154 κατέχῃ,
2572 2082 2783 2150 ταχέως
2808 2082 3264 2152 ἀποκρουσόμεθα
3288 2083 3386 2153 τὴν
3416 2082 3661 2153 πονηρὰν

1976 2168 2268 2239 συνήθειαν
2297 2168 2523 2239 ταύτην.
2554 2164 2683 2222 Οἶδα
2720 2168 2817 2238 μὲν
2844 2168 2928 2221 ὃτι
2959 2167 3273 2239 θαυμάζετε
3300 2169 3443 2233 τίνος
3472 2170 3661 2223 ἕνεκεν

1972 2256 2240 2326 τοσαύτην
2279 2256 2419 2329 ὑπὲρ
2458 2258 2558 2327 τῆς
2605 2255 2825 2325 ἐντολῆς
2855 2257 3062 2327 ταύτης
3089 2256 3343 2327 ποιοῦμαι
3377 2257 3612 2328 σπουδήν
3636 2272 3658 2288 ο

1973 2342 2359 2413 κατορθώσατε
2390 2343 2447 2396 δὲ
2482 2344 2543 2395 τὸ
2582 2343 2897 2413 ἐπιταχθὲν,
2925 2345 3020 2396 καὶ
3052 2344 3173 2397 τότε
3200 2346 3331 2415 ἐρῶ.
3358 2346 3507 2408 Τέως
3558 2345 3659 2415 μὲν

1973 2430 2082 2501 γὰρ
2113 2432 2292 2483 ἐκεῖνο
2320 2430 2483 2498 λέγω,
2512 2431 2594 2483 ὅτι
2618 2431 2782 2500 νόμος
2814 2432 2932 2483 ἐστὶ
2975 2430 3119 2494 θεῖος
3148 2432 3209 2484 τὺ
3239 2433 3518 2502 ἐπίταγμα
3542 2430 3662 2485 τοῦ-

1972 2534 2055 2582 το,
2096 2518 2190 2570 καὶ
2221 2516 2536 2588 παραϐῆναι
2571 2517 2734 2570 αὑτὸν
2761 2518 2862 2570 οὐκ
2889 2518 3130 2585 ἀσφαλές
3150 2534 3162 2547 ·
3193 2521 3289 2572 ἐὰν
3317 2520 3374 2573 δὲ
3404 2519 3499 2573 ἴδω
3526 2537 3662 2573 κατ-

1974 2604 2232 2676 ορθωθὲν,
2259 2606 2353 2657 καὶ
2382 2606 2576 2675 ἑτέραν
2604 2606 2733 2675 ὑμῖν
2766 2606 2948 2658 αἰτίαν
2975 2605 3088 2675 ἐρῶ
3111 2606 3211 2659 οὑκ
3239 2608 3493 2661 ἐλάττονα
3525 2608 3661 2661 ταύ-

1974 2705 2097 2759 της,
2133 2688 2222 2742 ἴνα
2268 2687 2475 2759 μάθητε
2509 2688 2591 2741 ὅτι
2632 2687 2857 2750 δικαίως
2897 2688 3170 2759 τοσαύτην
3205 2690 3346 2761 ὑπὲρ
3370 2690 3464 2743 τοῦ
3495 2690 3659 2761 νόμου

1975 2772 2165 2823 τούτου
2189 2770 2493 2839 ποιοῦμαιά
2519 2770 2758 2840 σπουδήν
2778 2785 2790 2797 ·
2821 2769 2940 2841 ὥρα
2968 2770 3025 2823 δὲ
3054 2771 3241 2823 λοιπὸν
3264 2775 3343 2835 είς
3370 2773 3535 2842 εὐχὴν
3558 2789 3662 2825 κα-

1975 2853 2206 2909 ταλῦσαι
2227 2856 2318 2907 τὸν
2350 2854 2527 2922 λόγον.
2541 2856 2708 2925 Κοινῇ
2728 2855 2905 2907 τοίνυν
2927 2855 3127 2917 πάντες
3149 2853 3391 2925 εἴπωμεν
3408 2871 3420 2884 ·
3454 2856 3511 2908 Ὀ
3530 2854 3664 2920 Θεὸς

1973 2933 2003 2985 ὁ
2039 2933 2113 3004 μὴ
2140 2931 2309 2986 θέλων
2337 2933 2427 2986 τὸν
2458 2933 2687 2986 θάνατον
2708 2933 2802 2986 τοῦ
2829 2933 3183 3005 ἀμαρτωλοῦ,
3214 2933 3289 2997 ὡς
3315 2934 3376 2987 τὸ
3403 2935 3663 3006 ἐπιστρέ-

1974 3016 2075 3086 ψαι
2106 3016 2270 3069 αὐτὸν
2300 3016 2391 3069 καὶ
2422 3016 2542 3087 ζῇν,
2576 3017 2670 3070 καὶ
2699 3016 2888 3070 τοῦτον
2934 3018 3028 3071 καὶ
3055 3019 3182 3081 τοὺς
3219 3018 3437 3082 λοιποὺς
3469 3020 3663 3090 νόμους

1980 3098 2228 3158 ἅπαντας
2255 3093 2590 3160 καταξίωσον
2616 3096 2763 3166 ἡμᾶς
2793 3094 3180 3161 ἐξανύσαντας,
3217 3096 3359 3150 οὕτω
3381 3099 3664 3169 παραστῆ-

1981 3194 2071 3232 ναι
2112 3177 2189 3248 τῴ
2217 3176 2421 3249 βήματι
2454 3176 2546 3229 τοῦ
2582 3175 2819 3248 Χριστοῦ
2852 3193 2968 3239 σου,
3000 3176 3084 3230 ἵνα
3121 3180 3435 3249 παρρησίας
3464 3178 3664 3250 πολλῆς

1982 3256 2412 3320 ἀπολαύσαντες,
2438 3256 2539 3325 τῆς
2567 3254 2847 3325 βασιλείας
2876 3254 3224 3325 ἐπιτύχωμεν
3257 3259 3336 3319 είς
3361 3256 3517 3321 δόξαν
3534 3257 3661 3327 σήν,

1982 3338 2065 3391 ὅτι
2094 3338 2177 3390 σοὶ
2205 3337 2406 3407 πρέπει
2437 3336 2586 3401 δόξα,
2612 3336 2728 3405 ἅμα
2755 3334 2833 3405 τῷ
2860 3339 3140 3405 μονογενεῖ
3169 3352 3263 3389 σου
3298 3336 3450 3389 Παιδὶ
3478 3337 3570 3389 καὶ
3588 3335 3666 3405 τῷ

1983 3418 2123 3486 ἁγίῳ
2168 3417 2468 3487 Πνεύματι,
2507 3419 2604 3470 νῦν
2653 3416 2750 3469 καὶ
2792 3417 2900 3481 ἀεὶ,
2925 3418 3019 3470 καὶ
3053 3418 3133 3480 είς
3157 3417 3283 3481 τοὺς
3319 3417 3523 3482 αἰῶνας
3556 3418 3665 3471 τῶν

1983 3499 2219 3555 αἰώνων.
2240 3500 2437 3570 Ἀμήν.

2047 3647 2074 3708 ξ
2107 3645 2204 3708 Alii
2227 3644 2307 3692 καὶ
2330 3645 2492 3708 ὥσπερ
2515 3644 2731 3701 ἕκαστος.

2050 3704 2077 3745 ἀ
2100 3707 2198 3755 ΑΙιί
2222 3704 2508 3768 πεποίημαι.

196 3955 343 4028 1135]
379 3955 756 4025 Εὐχαριστία
810 3958 898 4012 ἔτι
924 3957 1075 4028 πρὸς
1118 3957 1226 4012 τὸν
1251 3957 1399 4012 Θεὸν
1436 3956 1563 4027 περὶ
1594 3957 1707 4029 τῆς
1750 3955 2091 4028 μεταϐολῆς
2138 3954 2259 4010 τῶν
2289 3954 2664 4026 σκυθρωπῶν
2685 3973 2703 3990 ο
2746 3957 2845 4012 καὶ
2885 3956 3231 4027 ἀνάμνησις
3272 3955 3392 4010 τῶν
3422 3955 3522 4013 διὰ
3554 3953 3671 4029 τὴν

255 4048 496 4104 στάσιν
538 4047 945 4117 διασυρέντων
984 4049 1083 4103 καὶ
1113 4049 1588 4119 τιμωρηθέντωνε
1634 4049 1847 4119 ὁμοίως
1877 4047 1946 4101 δὲ
1982 4047 2473 4127 «dmi-6511771074-
2496 4050 2626 4117 περὶ
2652 4050 2763 4116 τῆς
2778 4049 2886 4105 τοῦ
2908 4047 3225 4118 ἀνθρώπου
3244 4048 3659 4121 δημιουργίας,

257 4142 360 4194 καὶ
398 4139 491 4194 ὅτι
533 4139 805 4210 φυσικὸν
839 4141 1030 4212 νόμον
1058 4139 1336 4207 ἐδέξατο*
1390 4140 1492 4196 καί
1538 4140 1672 4210 περὶ
1719 4139 1826 4196 τοῦ
1859 4140 2102 4208 τελείως
2139 4140 2513 4209 κατορθῶσαι
2550 4142 2614 4196 τὸ
2639 4141 2725 4211 μὴ
2759 4142 3004 4212 ὀμνύειν
3034 4151 3083 4197 ι.

876 4387 1100 4457 Ὀμιλία
1129 4392 1225 4456 ηδ.

257 4502 331 4551 α’.
350 4495 413 4549 Ἀ
423 4495 498 4549 πὸ
513 4494 616 4566 τῆς
646 4494 816 4565 αὐτῆς
838 4492 1013 4565 ἀρχῆς
1038 4489 1254 4545 καὶτῶν
1272 4487 1453 4543 αὐτῶν
1472 4487 1797 4561 προοιμίων,
1813 4482 1889 4544 ὧν

194 4583 317 4651 χθὲς
349 4583 453 4636 καὶ
480 4581 592 4654 πρὸ
626 4580 841 4653 ἐκείνης
874 4580 1153 4653 ἠρξάμην,
1188 4578 1284 4632 καὶ
1332 4579 1572 4649 σήμερον
1616 4574 1885 4648 ἀρξομαιο

190 4671 300 4740 ἐρῶ
330 4672 438 4725 καὶ
474 4669 573 4722 νῦν
591 4686 608 4701 ·
643 4668 948 4739 Εὐλογητὸς
979 4669 1008 4722 6
1039 4666 1191 4729 Θεός.
1220 4665 1352 4720 Οϊαν
1383 4663 1482 4734 τὴν
1508 4663 1889 4734 παρελθοῦσαν

190 4759 411 4831 ιίδομεν
447 4760 710 4831 τετράδα,
740 4759 837 4813 καὶ
877 4758 994 4811 οἵαν
1034 4756 1134 4827 τήν
1166 4753 1448 4826 παροῦσαν
1495 4752 1712 4825 ὁρῶμεν
1758 4752 1893 4820 νῦν;

186 4847 358 4911 ’ἐντος
390 4851 458 4902 ἐν
494 4848 685 4918 ἐκείνῃ
715 4846 876 4914 ζόφος
907 4846 1030 4899 τότε
1068 4840 1176 4917 ἦνς
1204 4843 1345 4913 πόση
1388 4840 1529 4895 κατὰ
1557 4840 1656 4911 τὴν
1689 4840 1896 4914 παροῦ-

188 4950 288 4987 σαν
340 4934 570 5005 γαλήνη
605 4934 735 4998 νῦν;
770 4934 928 4986 Κατά
954 4934 1055 5004 τὴν
1087 4932 1304 5004 ἡμέραν
1332 4928 1537 4998 ταύτην
1568 4929 1631 4982 τὸ
1663 4928 1896 5001 φοϐερὸν

186 5022 368 5077 ἐκεῖνο
392 5023 634 5092 γέγονεν
662 5023 721 5075 ἐν
748 5025 816 5093 τῇ
834 5021 989 5074 πόλει
1017 5019 1389 5089 δικαστήριον,
1418 5018 1514 5070 καὶ
1540 5016 1639 5081 τὰς
1668 5016 1896 5088 καρδίας

188 5109 464 5163 ἀπάντων
500 5107 760 5170 διέσεισε,
790 5108 886 5160 καὶ
926 5106 1122 5169 νυκτὸς
1158 5105 1310 5158 οὐδὲν
1338 5104 1563 5174 ἄμεινον
1590 5102 1896 5157 διακεῖσθαι

188 5197 422 5268 ἐποίησε
457 5194 566 5266 τὴν
602 5196 841 5266 ἡμέραν,
878 5195 940 5248 οὐ
985 5193 1091 5263 τῆς
1135 5194 1353 5255 ἀκτῖνος
1385 5190 1727 5261 σϐεσθείσης,
1760 5190 1898 5244 ἀλλά

188 5285 279 5355 τῆς
333 5283 598 5354 ἀθυμίας
644 5282 740 5337 καὶ
784 5281 878 5336 τοῦ
926 5281 1094 5351 φόϐου
1154 5279 1527 5351 πηρωσάντων
1576 5279 1730 5350 ὑμῶν
1772 5279 1897 5343 τοῦς

192 5369 648 5443 ἀίρθαλμούςῖιιν
675 5364 769 5424 οῦν
802 5370 897 5424 καὶ
927 5369 1090 5439 ἡμεῖς
1112 5367 1333 5421 πλείονα
1355 5364 1779 5438 καρπωσώμεθα
1798 5365 1896 5436 τήν

192 5459 410 5531 «εἵην,
452 5456 638 5529 μικρὰ
662 5456 769 5511 τῶν
795 5458 916 5510 τότε
958 5455 1285 5527 συμϐάντων
1312 5452 1675 5525 διηγήσασθαι
1708 5452 1895 5523 βούλο·

196 5563 308 5615 μοι.
343 5548 479 5601 Καὶ
518 5546 628 5615 γὰρ
672 5546 767 5600 καὶ
809 5545 937 5615 ὑμῖν
987 5545 1083 5599 καὶ¹
1127 5545 1241 5608 τοῖς
1294 5540 1684 5613 γενησομένοις
1724 5540 1895 5595 ἀπασι

196 5636 492 5707 χρησίμην
516 5632 629 5704 δρῶ
651 5634 751 5705 τὴν
777 5631 982 5686 τούτων
1002 5632 1253 5705 διήγησιν
1282 5624 1448 5684 οὖσαν
1472 5645 1486 5660 ο
1517 5627 1639 5682 ἐπεὶ
1664 5629 1758 5682 καὶ⁵
1782 5631 1896 5695 τοῖς

249 5755 273 5782 ⁸
300 5756 481 5807 Salvi].
512 5756 699 5810 ἐδέξατο
734 5755 813 5817 διά
832 5761 917 5812 τῆς
946 5758 1168 5817 γνώσεως
1198 5753 1295 5817 τῶν
1312 5753 1580 5817 πρακτέων,
1603 5752 1684 5800 καὶ
1716 5752 1811 5802 τῶν
1839 5751 1894 5801 ού

196 5824 483 5878 πρακτέων,
512 5834 591 5864 και
609 5820 713 5883 περὶ
734 5815 819 5867 τοῦ
842 5813 1141 5884 κατορθῶσαι
1163 5815 1218 5864 τὸ
1240 5814 1307 5882 μή
1333 5813 1539 5877 ὅμνύειν.

1996 4392 2061 4443 ἐκ
2093 4390 2357 4460 ναυαγίου
2385 4389 2731 4443 διασωθεῖσιν
2767 4384 2872 4459 ἡδὺ
2912 4387 3021 4441 τῶν
3066 4391 3329 4460 κυμάτων
3365 4389 3677 4460 μεμνῆσθαι

1995 4479 2090 4531 καὶ
2122 4479 2225 4548 τῆς
2254 4478 2423 4549 ζάλης
2455 4477 2680 4530 καὶτῶν
2718 4476 2958 4545 ἀνέμων,
2988 4476 3209 4530 ἐπειδὰν
3233 4479 3316 4541 είς
3352 4476 3547 4548 λιμένα
3572 4493 3676 4530 κα·

1991 4564 2370 4619 ταπλεύσωσι·
2400 4566 2491 4619 καὶ
2528 4567 2643 4628 τοῖς
2692 4563 2977 4636 ἀρρωστία
3019 4563 3377 4634 περιπεσοῦσι
3429 4563 3673 4618 ποθεινὸν

1996 4652 2134 4723 μετά
2158 4652 2259 4723 τὴν
2288 4651 2601 4724 ἀρρωστίαν
2621 4652 2750 4714 τοὺς
2771 4650 3062 4722 πυρετοὺς,
3090 4650 3158 4703 δι’
3181 4652 3275 4713 οὒς
3298 4650 3449 4721 παρά
3479 4649 3675 4720 μικρὸν

1990 4735 2154 4810 ἦλθον
2208 4740 2520 4807 ἀποθανεῖν,
2554 4738 2861 4810 διηγεῖσθαι
2903 4739 3042 4810 πρὸς
3087 4738 3324 4810 ἐτέρους.
3351 4740 3518 4790 ὀταν
3562 4735 3674 4806 γὰρ

1993 4828 2241 4900 παρέλθῃ
2284 4830 2354 4883 τά
2390 4828 2557 4892 δεινὰ,
2585 4825 2779 4899 ἡδονήν
2830 4824 2943 4898 ἔχει
2988 4825 3098 4879 τῶν
3118 4824 3304 4879 δεινῶν
3331 4826 3365 4894 ἡ
3393 4823 3671 4894 διήγησις,

1990 4917 2091 4988 τῆς
2116 4917 2299 4987 ψυχῆς
2336 4916 2437 4970 οὐκ
2475 4917 2555 4968 ἔτι
2586 4914 2911 4978 δεδοικυίας,
2948 4912 3083 4967 ἀλλά
3133 4911 3226 4965 καὶ
3276 4909 3498 4980 μείζονα
3540 4924 3677 4980 καρο

1994 5003 2277 5075 πουμένης
2298 5001 2398 5074 τὴν
2424 5000 2779 5074 εὐφροσύνην.
2799 5002 2864 5053 Ἦ
2893 4999 3003 5071 γὰρ
3024 4999 3134 5051 τῶν
3168 4996 3547 5068 παρελθόντων
3573 5011 3674 5049 κα-

1993 5092 2109 5147 κῶν
2142 5093 2332 5162 μνήμη
2357 5091 2445 5144 ἀεὶ
2466 5092 2567 5161 τὴν
2598 5088 2902 5143 ἐνεστῶσαν
2945 5084 3243 5157 εὐημερίαν
3284 5083 3676 5156 ἀκριϐέστερον

1992 5180 2222 5253 ὁρᾶσθαι
2254 5181 2419 5232 ποιεί.

2080 5268 2298 5339 Ἐπειδὴ
2352 5267 2462 5337 γὰρ
2499 5266 2562 5319 τὸ
2619 5266 2717 5338 μὶν
2782 5263 2944 5317 πλέον
3001 5263 3101 5334 τῆς
3166 5262 3373 5325 πόλεως
3417 5261 3528 5316 ἀπδ
3564 5264 3675 5319 ’τοῦ

1996 5358 2163 5428 φόϐου
2210 5356 2304 5411 καὶ
2359 5357 2460 5426 τῆς
2508 5352 2739 5423 ἀπειλῆς
2800 5350 3017 5421 ἐκείνης
3077 5351 3217 5422 πρὸς
3270 5350 3370 5414 τάς
3433 5351 3682 5423 ἐρήμους

1995 5447 2092 5502 καὶ
2116 5447 2216 5508 τὰς
2242 5444 2537 5517 φάραγγας
2569 5443 2665 5494 καὶ
2694 5441 2819 5503 τοὺς
2845 5438 3206 5501 λανθάνοντας
3233 5438 3539 5508 μιτῴκιστο
3580 5437 3673 5491 1:6-

1996 5551 2153 5599 πους,
2187 5533 2281 5587 τοῦ
2311 5531 2475 5601 φόϐου
2503 5527 2766 5583 πάντοθεν
2790 5528 2988 5590 αὐτοὺς
3012 5524 3448 5590 συνελαύνοντος,
3469 5525 3565 5579 καὶ
3585 5539 3680 5579 κιο

1996 5624 2085 5678 ναὶ
2120 5624 2219 5695 μὲν
2251 5618 2394 5693 ἦσαν
2419 5617 2696 5688 γυναικῶν
2725 5618 2782 5670 αἱ
2805 5615 2997 5679 οἰκίαι,
3017 5614 3150 5685 κενή
3175 5614 3232 5667 δὲ
3258 5611 3468 5685 ἀνδρῶν
3490 5614 3523 5683 ή
3549 5613 3677 5681 ἀγο-

1998 5711 2089 5784 ρὰ,
2126 5710 2276 5782 μόλις
2314 5708 2369 5762 δὲ
2390 5704 2482 5760 δύο
2505 5705 2539 5776 ή
2564 5707 2712 5777 τρεῖς
2746 5702 3054 5775 βαδίζοντες
3072 5704 3131 5756 ἐν
3156 5699 3235 5771 τῷ
3264 5700 3416 5771 μέσῳ
3444 5699 3562 5768 μετ’
3581 5697 3674 5751 ἀλ·

1996 5798 2172 5871 λήλων
2196 5796 2494 5867 ἐφαίνοντο,
2527 5795 2621 5848 καὶ
2653 5792 2807 5848 αὐτοὶ
2851 5784 2998 5847 οῦτοι
3040 5789 3289 5859 καθάπερ
3319 5784 3547 5856 ἔμψυχοι
3587 5799 3675 5838 νε-
