4070 6208
415 250 521 312 15³1

419 373 542 439 aps!
567 371 896 443 περιιόντες·
939 371 1209 441 ἀπῄειμεν
1227 383 1252 412 ιι
1293 373 1374 436 είς
1404 371 1466 424 τὸ
1489 371 1834 443 δικαστήριον
1859 373 1920 424 τὸ
1943 373 2095 435 τέλος

417 459 672 528 όνᾷόμενοι
693 457 802 511 τῶν
824 459 1139 528 γινομένων,
1166 459 1257 511 καὶ
1289 459 1487 522 ἰδόντες
1515 460 1636 512 ἐκεῖ
1660 460 1760 530 τῆς
1789 460 1998 523 πόλεως
2023 461 2093 514 τά

418 545 646 616 λείψανα
692 545 1095 614 συνειλεγμένα,
1147 545 1378 615 μάλιστα
1425 547 1641 598 πάντων
1692 545 2090 618 ἐθαυμάσαμεν

419 635 616 696 ἐκεῖνο,
648 634 728 685 δτι
761 632 991 702 πλήθους
1023 631 1174 695 ὄντος
1223 633 1352 702 περὶ
1403 633 1502 696 τάς
1552 633 1740 704 θύρας,
1778 635 1853 698 ὡς
1883 635 2095 700 οὐδενὸς

419 722 707 792 παρόντος,
765 719 1035 790 βαθυτάτη
1069 715 1138 789 ἦν
1173 723 1205 789 ἡ
1243 721 1391 791 σιγὴ,
1437 722 1656 774 πάντων
1707 723 1786 785 εἰς
1833 721 2096 793 ἀλλήλους

421 809 746 878 βλεπόντων,
766 810 860 861 καὶ
882 809 1021 879 μήτε
1043 809 1262 879 ἐρέσθαι
1285 809 1373 860 τὸν
1399 809 1742 878 παρεστῶτα,
1771 811 1908 880 μήτε
1933 811 2096 862 ἀκοῦ-

423 897 514 948 σαί
557 915 608 948 τι
661 899 784 967 παρ’
811 895 1018 948 ἐκείνου
1069 895 1372 965 τολμῶντός
1403 913 1564 958 τινος.
1595 897 1698 949 Τὸν
1725 899 1834 966 γὰρ
1867 898 2093 967 πλησίον

421 983 744 1036 ὑπώπτευεν
772 983 1022 1048 ἕκαστος,
1046 982 1134 1036 διά
1155 983 1215 1034 τὸ
1239 982 1463 1046 πολλοὺς
1489 984 1586 1054 ἤδη
1617 987 1746 1056 παρ’
1777 986 1966 1038 ἐλπίδα
1989 989 2094 1041 πᾶ-

417 1087 516 1124 σαν
559 1071 626 1124 ἐκ
663 1071 836 1141 μέσης
879 1070 1329 1140 ἀναρπασθέντας
1375 1071 1470 1139 τῆς
1513 1071 1738 1142 ἀγορᾶς,
1779 1073 1926 1126 ἔνδον
1963 1093 2090 1128 κατ-

413 1157 633 1227 έχεσθαι
655 1177 667 1189 ·
695 1159 789 1208 καὶ
812 1158 1010 1219 πάντες
1038 1159 1190 1226 κοινῇ
1219 1159 1354 1227 πρὸς
1383 1157 1474 1208 τὸν
1502 1159 1730 1228 οὐρανὸν
1757 1160 2087 1231 ἐϐλέπομεν,

412 1245 507 1298 καὶ
539 1243 638 1306 τὰς
665 1247 852 1314 χεῖρας
883 1243 1227 1313 ἀνετείνομεν
1259 1247 1384 1315 σιγῇ
1415 1245 1514 1314 τὴν
1555 1244 1762 1300 ἄνωθεν
1799 1245 2091 1318 ἐκδεχόμε-

411 1351 490 1386 νοι
527 1334 721 1404 ῥοπὴν,
753 1334 846 1387 καὶ
879 1333 1010 1384 Θεὸν
1036 1333 1478 1404 παρακαλοῦντες
1510 1334 1856 1405 παραστῆναί
1885 1355 1943 1389 τε
1975 1341 2091 1402 τοῖς

408 1421 810 1490 δικαζομένοις,
843 1419 937 1474 καὶ
967 1421 1204 1491 μαλάξαι
1233 1421 1334 1485 τὰς
1355 1421 1462 1474 τῶν
1487 1422 1813 1485 δικαζόντων
1839 1426 2084 1495 καρδίας,

411 1509 508 1562 καὶ
555 1509 782 1578 ποιῆσαι
822 1510 1028 1580 ἥμερον
1055 1508 1306 1577 γενέσθαι
1335 1509 1434 1580 τὴν
1457 1510 1660 1579 ψῆφον.
1691 1511 1800 1564 Καὶ
1839 1513 2086 1584 καθάπερ

409 1597 460 1648 οἱ
482 1597 608 1658 τούς
634 1595 1002 1664 ναυαγοῦντας
1029 1597 1136 1649 ἀπὸ
1161 1596 1261 1666 τῆς
1293 1598 1396 1666 γῆς
1423 1597 1728 1667 βλέποντες,
1769 1600 2086 1669 προσελθεῖν

412 1683 512 1753 μὲν
561 1685 656 1737 καὶ
700 1687 858 1754 χεῖρα
886 1683 1067 1755 ὀρέξαι
1101 1685 1192 1737 καὶ
1221 1683 1511 1754 διορθῶσαι
1549 1683 1699 1757 [154]
1745 1686 1842 1756 τὴν
1879 1703 2087 1756 συμφο-

408 1770 512 1841 ράν
540 1773 639 1823 οὐκ
665 1771 865 1841 έχουσι,
887 1773 1000 1834 τοῖς
1030 1771 1237 1841 κύμασι
1261 1771 1642 1844 διειργόμενοι,
1675 1773 1872 1838 ἔξωθεν
1903 1774 1958 1826 δὲ
1977 1775 2085 1829 ἀπὸ

407 1856 518 1909 τῶν
547 1859 808 1925 αίγιαλῶν
847 1859 942 1921 τὰς
973 1862 1159 1929 χεῖρας
1185 1859 1575 1922 ἀνατείνοντες,
1611 1862 1705 1914 καὶ
1734 1861 2081 1931 δακρύοντες,

407 1944 499 1999 τὸν
519 1944 650 1998 Θεὸν
675 1946 1052 2014 παρακαλοῦσι
1075 1948 1424 2016 παραστῆναι
1447 1949 1560 2010 τοῖς
1583 1947 2082 2018 κλυδωιιοιζομένοις⁸

409 2030 552 2086 οὕτω
592 2034 684 2086 καὶ
717 2034 952 2088 ἐνταῦθα
981 2035 1184 2098 πάντες
1215 2037 1341 2105 σιγῇ
1375 2036 1470 2088 καὶ
1501 2035 1642 2088 κατά
1685 2035 1923 2090 διάνοιαν
1955 2039 2086 2092 ἐκά-

407 2119 534 2173 λουν
562 2121 652 2174 τὸν
685 2121 836 2186 Θεὸν,
865 2122 1140 2188 ἀξιοῦντες
1166 2124 1278 2184 τοῖς
1309 2123 1366 2174 ἐν
1406 2121 1484 2192 τῷ
1521 2123 1876 2194 δικαστηρίῳ,
1911 2127 2085 2180 καθά-

408 2223 516 2280 περ
561 2210 618 2261 ἐν
659 2209 898 2280 κύμασιν
943 2209 1378 2280 ἀνειλημμένοις,
1411 2213 1568 2280 χεῖρα
1627 2211 1832 2282 ὀρέξαι,
1867 2214 1959 2266 καὶ
2009 2216 2083 2286 μὴ

410 2297 766 2366 συγχωρῆσαι
793 2296 1284 2368 καταποντισθῆναι
1307 2295 1368 2350 τὸ
1393 2298 1621 2364 σκάφος,
1653 2298 1789 2368 μηδέ
1817 2302 1897 2362 εἰς
1921 2303 2086 2355 ναυά-

407 2399 526 2450 γιον
551 2385 812 2448 παντελὲς
833 2385 1132 2440 καταλῦσαι
1153 2385 1261 2438 τῶν
1285 2385 1610 2446 δικαζόντων
1633 2387 1732 2456 τὴν
1755 2387 1955 2457 κρίσιν.
1974 2391 2084 2443 Καὶ

407 2469 578 2524 ταῦτα
617 2473 712 2542 μὲν
756 2469 823 2543 ἦν
873 2474 978 2544 πρὸ
1009 2472 1116 2525 τῶν
1149 2472 1326 2544 θυρῶν
1349 2489 1361 2502 ·
1393 2473 1578 2543 ἐπειδὴ
1609 2472 1666 2526 δὲ
1697 2473 1958 2546 ἐνδοτέρω
1987 2478 2086 2547 τῆς

407 2557 578 2628 αὐλῆς
610 2559 920 2629 εἰσέϐημεν,
960 2559 1120 2612 πάλιν
1147 2560 1357 2628 εἴδομεν
1383 2561 1542 2630 ἕτερα
1571 2559 1924 2634 φοϐερώτερα
1957 2565 2082 2616 τού-

407 2662 536 2706 των,
572 2646 908 2716 στρατιώτας
951 2645 1436 2716 καθωπλισμένους
1467 2647 1642 2714 ξίφεσι
1677 2649 1774 2701 καὶ
1806 2649 2081 2718 ῥοπάλοις,

409 2733 504 2784 καὶ
534 2733 732 2802 πολλὴν
755 2735 868 2796 τοῖς
895 2733 1041 2786 ἔνδον
1059 2734 1088 2773 δ
1109 2733 1392 2796 δικάζουσι
1423 2735 1522 2805 τὴν
1553 2735 1784 2804 ἡσυχίαν
1819 2737 2084 2808 παρέχον-

407 2837 524 2881 τας.
545 2821 760 2891 Ἐπειδὴ
802 2821 911 2892 γάρ
951 2823 999 2873 οἱ
1036 2823 1406 2892 προσήκοντες
1436 2823 1671 2884 ἅπαντες
1707 2824 1954 2889 ἐκείνοις,
1993 2828 2082 2878 καὶ

409 2911 684 2975 γυναῖκες,
723 2909 815 2961 καὶ
848 2907 1102 2980 μητέρες,
1139 2909 1233 2961 καὶ
1267 2905 1585 2980 θυγατέρες,
1615 2909 1710 2962 καὶ
1737 2911 1972 2982 πατέρες
2003 2913 2082 2963 εί-

411 3001 704 3049 στήκεισαν
755 2997 860 3068 πρὸ
905 2997 1013 3049 τῶν
1065 2995 1158 3049 τοῦ
1207 2996 1555 3067 δικαστηρίου
1591 2995 1792 3068 θυρῶν,
1834 2993 1998 3062 ὥστε,
2035 2999 2090 3051 εί

407 3099 527 3136 τινα
559 3083 797 3155 συμϐαίη
827 3083 922 3155 τὴν
965 3085 1058 3136 ἐπὶ
1101 3083 1330 3137 θάνατον
1357 3083 1743 3155 ἀπενεχθῆναι,
1777 3085 1980 3155 μηδένα
2019 3090 2083 3157 τῇ

409 3171 509 3242 θέα
549 3171 649 3242 τῆς
688 3174 970 3242 συμφορᾶς
1002 3171 1390 3244 ἐμπρησθέντα
1433 3171 1658 3241 θόρυϐόν
1695 3191 1818 3226 τινα
1861 3175 2084 3244 ποιῆσαι

411 3259 507 3310 καὶ
531 3259 800 3330 ταραχὴν,
828 3259 1110 3332 πόρρωθεν
1147 3258 1372 3328 ἐφόϐουν
1400 3261 1449 3312 οἱ
1483 3260 1808 3330 στρατιῶται
1853 3261 2082 3328 πάντας,

411 3349 1027 3420 προκαταλαμϐάνοντες
1051 3360 1073 3388 ο
1108 3349 1284 3402 αὐτῶν
1309 3349 1388 3420 τῷ
1413 3349 1520 3402 δέει
1553 3352 1652 3420 τὴν
1679 3349 1939 3407 διάνοιαν.

482 3439 556 3491 Τὸ
583 3439 640 3492 δὲ
663 3441 880 3492 πάντων
907 3439 1290 3510 ἐλεεινότερον,
1317 3444 1497 3511 μήτηρ
1518 3439 1615 3509 μία
1635 3441 1728 3492 καὶ
1755 3440 1956 3512 ἀδελφὴ
1977 3441 2087 3494 τῶν

407 3526 556 3582 ἔνδον
579 3527 914 3598 κρινομένων
949 3527 1112 3592 τινὸς,
1137 3529 1272 3599 πρὸς
1299 3529 1438 3582 αὐτά
1459 3528 1566 3580 τῶν
1599 3527 1927 3590 δικαζόντων
1951 3531 2084 3584 ἐκά-

407 3615 570 3688 θηντο
612 3615 680 3669 τὰ
733 3616 1004 3688 πρόθυρα,
1039 3617 1450 3688 κυλινδούμεναι
1485 3618 1612 3688 περὶ
1643 3618 1704 3670 τὸ
1749 3618 1964 3687 ἔδαφος,
1993 3621 2090 3673 καὶ

409 3705 586 3758 κοινὸν
618 3701 775 3759 οὖσαι
805 3705 1032 3778 θέατρον
1061 3710 1172 3770 τοῖς
1205 3705 1565 3777 περιεστῶσιν
1589 3705 1781 3768 ἅπασι,
1819 3707 2090 3776 συγκαλυ-

408 3793 674 3864 πτόμεναι
716 3794 814 3857 τάς
845 3795 1017 3864 ὄψεις,
1047 3795 1140 3848 καὶ
1177 3793 1426 3848 τοσοῦτον
1473 3795 1856 3864 αἱσχυνόμεναι
1907 3796 2084 3866 μόνον,

405 3880 532 3935 ὅσον
565 3883 866 3954 ἐπέτρεπεν
893 3886 926 3954 ἡ
947 3884 1047 3952 τῆς
1075 3887 1360 3955 συμφορᾶς
1386 3883 1598 3954 ἀνάγκη
1615 3901 1628 3914 ο
1663 3885 1756 3937 καὶ
1779 3884 1900 3937 οὔτε
1927 3886 2090 3955 θεραπ-

407 3969 594 4032 παινὶς
623 3969 814 4032 αὐταῖς
847 3971 1049 4041 παρῆν,
1079 3971 1202 4024 οὔτε
1245 3972 1462 4041 γείτων,
1491 3971 1614 4024 οὐτε
1645 3973 1795 4042 φίλη,
1825 3975 1924 4028 οὐκ
1953 3976 2085 4046 ἄλλη

408 4074 491 4120 τις
529 4055 636 4112 τῶν
685 4059 1024 4130 ἐπιτηδείων,
1056 4061 1193 4114 ἀλλά
1233 4062 1391 4131 μόναι
1431 4061 1568 4131 μετὰ
1594 4063 1826 4117 εὐτελῶν
1857 4067 2087 4135 ἱματίων

409 4149 468 4202 ἐν
516 4149 668 4220 μέσῳ
711 4147 983 4202 τοσούτων
1029 4147 1440 4219 ἀπειλημμέναι
1487 4151 1867 4221 στρατιωτῶν,
1911 4154 2088 4223 χαμαὶ

411 4237 727 4308 συρόμεναι-
747 4237 876 4308 περὶ
921 4236 1019 4299 τὰς
1068 4235 1238 4308 θύρας
1271 4237 1458 4301 αὐτὰς,
1489 4238 1598 4290 τῶν
1627 4239 1772 4292 ἔνδον
1805 4239 2090 4310 δικαζομέ-

409 4342 515 4378 νων
538 4325 871 4395 ἐλεεινότερα
898 4323 1156 4394 ἔπασχον,
1179 4325 1276 4394 τῆς
1303 4325 1413 4378 τῶν
1433 4326 1641 4396 δημίων
1661 4325 1955 4381 ἀκούουσαι
1978 4346 2090 4397 φω-

409 4413 526 4482 νῆς,
556 4412 648 4464 τοῦ
681 4410 884 4464 κτύπου
913 4411 1020 4464 τῶν
1054 4411 1354 4482 μαστίγων,
1386 4413 1480 4466 τοῦ
1513 4414 1713 4484 θρήνου
1747 4414 1856 4468 τῶν
1890 4433 2088 4485 μαστι-

411 4499 674 4570 ζομένων,
695 4499 793 4568 τῆς
825 4499 1060 4570 φοϐερᾶς
1081 4502 1190 4552 τῶν
1214 4501 1540 4566 δικαζόντων
1566 4503 1815 4572 ἀπειλῆς,
1847 4503 1942 4556 καὶ
1962 4503 2085 4557 καθ’

410 4587 641 4640 ἕκαστον
669 4587 777 4640 τῶν
815 4588 1126 4657 παιομένων
1158 4587 1547 4660 χαλεπωτέρας
1581 4589 1848 4644 ἐκείνωνά
1883 4591 2088 4662 ὑπέμε-

411 4693 502 4730 νον
546 4674 736 4737 ὀδύνας
781 4668 1196 4746 αὖται.Ἐπειδὴ
1245 4677 1352 4748 γάρ
1385 4679 1443 4730 ἐν
1475 4681 1594 4742 ταῖς
1627 4678 1828 4748 ἐτέρων
1875 4697 2086 4751 μαρτυ-

415 4764 560 4835 ρίαις
587 4763 954 4816 ἐκινδυνεύετο
983 4765 1016 4833 ἡ
1055 4763 1162 4816 τῶν
1184 4765 1544 4834 ἐγκλημάτων
1568 4765 1861 4832 ἀπόδειξις,
1885 4767 1938 4819 εἴ
1959 4768 2087 4822 ποτέ

411 4869 554 4914 τινος
588 4851 813 4922 ᾔσθοντο
855 4853 1273 4922 μαστιζομένου,
1303 4853 1444 4908 ὥστε
1477 4856 1650 4906 εἰπεῖν
1697 4858 1823 4918 τοὺς
1853 4856 2087 4910 ὑπευθύ-

413 4957 560 5004 νους,
588 4943 679 4993 καὶ
723 4939 1086 5004 ὀλολύζοντος,
1119 4943 1198 5004 εἰς
1245 4940 1335 4994 τὸν
1385 4941 1608 5011 οὐρανὸν
1653 4943 1946 5012 βλέπουσαι
1995 4945 2087 5000 τὸν

415 5027 548 5081 Θεὸν
581 5028 922 5099 παρεκάλουν
955 5027 1138 5082 δοῦναί
1169 5046 1290 5082 τινα
1337 5031 1487 5100 ἰσχὺν
1519 5029 1611 5083 καὶ
1642 5031 1917 5103 ὑπομονὴν
1945 5033 2088 5086 ἐκεί-

417 5131 514 5186 νῳ,
547 5115 686 5170 ὥστε
725 5116 800 5187 μὴ
835 5116 942 5170 τῶν
967 5118 1146 5178 αὐτοῖς
1181 5117 1562 5186 προσηκόντων
1601 5118 1699 5187 τὴν
1735 5121 2006 5191 σωτηρίαν
2031 5122 2087 5172 ἐν

417 5207 538 5266 ταῖς
566 5203 768 5275 ἐτέρων
809 5204 1116 5268 ἀσθενείαις
1143 5205 1493 5276 προδοθῆναι,
1539 5205 1636 5276 τὴν
1678 5206 1928 5278 δριμεῖαν
1980 5209 2088 5262 ἀπὺ

417 5289 528 5340 τῶν
561 5289 783 5360 πληγῶν
811 5291 1000 5362 ὀδύνην
1039 5293 1114 5364 μὴ
1135 5293 1447 5364 δυναμένων
1475 5295 1714 5362 ἐνεγκεῖν
1735 5311 1746 5322 ·
1773 5296 1866 5348 καὶ
1894 5296 2088 5348 ταυτὸν

423 5375 582 5430 πάλιν
613 5371 724 5431 οἷον
771 5378 864 5430 ἐπὶ
899 5379 1008 5434 τῶν
1041 5379 1453 5450 χειμαζομένων
1489 5381 1790 5436 συνέϐαινε.
1821 5383 2088 5456 Καθάπερ

484 5499 508 5528 θ
535 5497 618 5547 Sic
639 5499 823 5566 plaguil
845 5499 1148 5566 [eget-genu;
1175 5503 1306 5560 Sam.
1331 5505 1380 5553 in
1404 5507 1655 5566 prmlerilo
1679 5521 1702 5554 ιι
1725 5507 2089 5556 ιίιειηειεᾶπει-

423 5574 614 5632 μιμνοιι
638 5565 690 5606 ul
715 5560 886 5632 More}.
915 5569 966 5608 el
991 5562 1184 5632 Monll‘.._
1205 5560 1416 5632 ἀπίεμεν’
1439 5569 1570 5628 quod
1601 5569 1661 5616 ad
1697 5570 1834 5618 verbi
1867 5569 2088 5621 iuusilali

420 5627 591 5682 ἀπίημι
617 5633 832 5682 [ιι-ειιειειις
858 5628 1048 5682 tempus
1061 5627 1354 5683 pertineret.
1375 5627 1504 5676 ιεωτ.

483 5685 510 5722 b
532 5685 680 5732 θοι-11.
709 5689 760 5731 ει
777 5683 972 5744 quidam
1001 5697 1112 5732 mss.
1137 5687 1234 5740 τοῖς
1253 5687 1447 5738 ἔνδοθεν.

488 5747 512 5814 ξ
543 5745 692 5814 [idem
709 5744 886 5814 πάντας
907 5747 1168 5814 προκαταλ.
1195 5747 1365 5814 Μοτει.
1389 5753 1592 5800 πάντων.
1619 5769 1695 5814 πρ.

485 5803 514 5872 (ξ
541 5805 710 5872 Μοιοει.
743 5811 794 5853 el
822 5803 989 5872 Manil.
1016 5809 1112 5854 τῶν
1147 5811 1431 5872 παιομένων.
1457 5803 1731 5866 ι’τοιιοιιὶειι
1761 5814 1912 5866 habet
1935 5813 2084 5866 Savil.

425 5878 476 5922 et
503 5869 622 5932 legit
649 5868 898 5931 interpres
947 5867 1076 5920 Εβιῖ.

1159 253 1220 308 S.
1259 250 1545 312 JOANNIS
1583 253 2082 310 CIIRYSOSTOMI
2125 255 2449 310 ARCIIIEI’.
2491 253 3048 310 CONSTAN'KINOP.

3777 255 3868 310 133

2199 373 2308 443 γάρ
2339 375 2559 438 ἐκεῖνοι,
2591 373 2646 424 εί
2678 389 2808 424 ποτε
2841 372 3082 442 κύματος
3115 371 3276 426 ίδοιεν
3315 371 3548 443 ἐμϐολὴν
3591 371 3868 442 πόρρωθεν

2199 475 2434 528 κορυφου
2443 459 2610 530 μένην
2635 459 2726 512 καὶ
2749 459 2888 512 κατὰ
2915 459 3107 530 μικρὸν
3131 458 3435 530 αὐξομένην
3459 463 3552 512 καὶ
3577 459 3867 530 μέλλουσαν

2203 545 2484 614 βαπτίζειν
2515 546 2577 597 τὸ
2615 547 2840 614 σκάφος,
2873 547 2967 598 καὶ
3011 547 3138 617 πρὶν
3174 546 3207 617 ἢ
3243 547 3468 617 πλησίον
3495 546 3746 614 γενέσθαι
3777 545 3866 598 τοῦ

2204 633 2384 684 πλοίου
2433 633 2942 704 προαποτεθνὴκασι
2985 633 3062 702 τῷ
3090 633 3199 686 δέει
3219 651 3231 663 ·
3263 632 3404 686 οὕτω
3433 631 3496 702 δὴ
3527 635 3792 698 κάκεῖναι,
3817 635 3868 686 εί

2199 738 2326 772 ποτε
2371 721 2562 789 φωνῶν
2611 722 2705 774 καὶ
2736 721 3052 791 όλολυγμῶν
3081 722 3306 792 ᾔσθοντο
3343 722 3675 792 φερομένων,
3701 721 3866 775 δεδοι-

2197 812 2346 861 κυῖαι
2377 809 2451 878 μὴ
2489 809 2624 879 πρὸς
2653 811 2751 872 τάς
2796 809 3058 880 βασάνους
3097 811 3570 880 ἀπαγορεύσαντες
3613 812 3660 862 οἱ
3703 827 3871 863 κατι-

2199 897 2496 966 μαρτυρεῖν
2532 896 2986 967 ἀναγκαζόμενοι,
3015 897 3312 949 κατείπωσί
3353 913 3498 960 τινος
3533 895 3642 949 τῶν
3686 898 3866 959 αὐτοῖς

2193 983 2536 1053 ἐπιτηδείων,
2579 987 2806 1056 μυρίους
2837 985 2944 1055 πρὸ
2983 985 3092 1038 τῶν
3131 985 3424 1055 ὀφθαλμῶν
3472 985 3657 1057 ἐώρων
3705 985 3867 1038 θανά-

2191 1085 2338 1132 τους.
2369 1071 2479 1123 Καὶ
2504 1067 2570 1140 ἦν
2609 1072 2736 1124 ἰδεῖν
2761 1071 2906 1124 ἔνδον
2942 1071 3229 1142 βασάνους,
3258 1071 3360 1135 ἔξω
3402 1071 3695 1142 βασάνους·
3727 1075 3868 1126 ἐκεί-

2189 1172 2316 1219 νους
2345 1157 2442 1228 μὲν
2467 1159 2574 1228 γάρ
2605 1161 2652 1211 οί
2680 1160 2884 1228 δήμιοι,
2917 1159 3118 1222 ταύτας
3143 1159 3198 1211 δὲ
3227 1158 3544 1223 ἐϐασάνιζεν
3573 1163 3606 1230 η
3635 1161 3734 1229 τῆς
3764 1161 3868 1228 φύ-

2192 1261 2328 1307 σεως
2351 1247 2603 1316 τυραννὶς
2633 1245 2730 1298 καὶ
2755 1249 2783 1316 ὴ
2811 1247 2920 1298 τῶν
2951 1247 3275 1316 σπλάγχνων
3299 1247 3611 1317 συμπάθεια
3633 1264 3649 1277 ·
3683 1251 3778 1300 καὶ
3799 1245 3868 1318 ἦν

2190 1331 2338 1384 ἔνδον
2385 1332 2602 1402 θρῆνος,
2641 1333 2746 1398 ἔξω
2779 1333 2978 1403 θρῆνος
3001 1351 3014 1363 ·
3063 1333 3210 1386 ἔνδον
3241 1333 3350 1388 τῶν
3395 1334 3731 1400 ὑπευθύνων,
3763 1336 3874 1400 ἔξω

2187 1417 2296 1471 τῶν
2327 1420 2510 1483 αὐτοῖς
2545 1419 2694 1492 [155]
2737 1422 3140 1493 προσηκόντων.
3165 1423 3382 1476 Μᾶλλον
3403 1422 3456 1474 δέ
3482 1424 3578 1490 οὐχ
3603 1419 3744 1476 οὗτοι
3771 1426 3868 1492 μό-

2188 1523 2299 1570 νον,
2335 1507 2470 1561 ἀλλὰ
2521 1509 2613 1561 καὶ
2643 1510 2796 1562 αὐτοὶ
2845 1511 2893 1562 οἱ
2942 1509 3254 1573 δικάζοντες
3289 1510 3545 1581 ἐθρήνουν
3579 1511 3718 1564 κατὰ
3747 1511 3867 1563 διά·

2187 1610 2356 1657 νοιαν,
2394 1595 2488 1648 καὶ
2537 1595 2891 1666 χαλεπώτερα
2947 1597 3166 1650 πάντων
3213 1597 3472 1666 ἔπασχον,
3509 1597 3650 1650 οὓτω
3693 1600 3868 1670 πικρᾷ

2186 1679 2462 1752 τραγῳδίᾳ
2485 1683 2919 1752 ἀναγκαζόμενοι
2953 1685 3076 1737 τότε
3108 1685 3422 1756 ὑπηρετεῖν.

2259 1767 2328 1837 β’.
2347 1769 2488 1837 Ἐγὼ
2523 1769 2579 1822 δέ
2603 1770 3062 1840 παρακαθήμενος
3093 1772 3186 1824 καὶ
3213 1777 3389 1826 ταῦτα
3421 1772 3742 1842 β).έπων,ὅτι
3771 1791 3871 1841 γυ-

2184 1858 2372 1918 ναῖκες
2397 1857 2490 1908 καὶ¹
2526 1858 2788 1928 παρθένοι
2825 1857 3261 1931 θαλαμευόμεναι
3291 1859 3386 1914 νῦν
3420 1861 3592 1914 κοινὸν
3619 1862 3870 1929 ἐγένοντο

2185 1941 2412 2012 θέατρον
2441 1945 2636 2008 άπασι,
2667 1947 2760 1997 καὶ
2795 1947 2852 1998 αί
2895 1947 2988 1998 ἐπὶ
3035 1948 3324 2018 στρωμνῆς
3353 1948 3567 2017 ἁπαλῆς
3601 1949 3870 2002 κατακλιο

2184 2030 2430 2099 νόμεναι,
2455 2031 2517 2083 τὸ
2541 2031 2734 2099 ἔδαφος
2765 2033 2886 2086 ἀντ)⁵
2914 2035 3202 2104 στρωμνῆς
3225 2034 3426 2104 έχουσι,
3459 2036 3550 2088 καὶ
3583 2036 3638 2087 αί
3667 2036 3870 2088 τοσαύι

2182 2134 2278 2186 της
2301 2117 2670 2174 ἀπολαύουσαι
2691 2119 2984 2190 θεραπείας
3005 2121 3422 2190 θεραπαινίδων,
3447 2123 3740 2192 εὐνούχων,
3763 2125 3866 2193 τῆς

2185 2203 2352 2273 ἄλλης
2385 2207 2605 2274 ἀπάσης
2645 2209 2966 2276 φαντασίας,
2999 2207 3092 2262 νῦν
3126 2211 3380 2262 ἁπάντων
3413 2211 3632 2264 ἐκείνων
3663 2210 3868 2282 ἔρημοι

2183 2291 2453 2362 πρὸςτοῦς
2467 2295 2720 2346 ἁπάντων
2735 2295 2796 2347 σύ
2807 2313 2989 2364 ρονται
3001 2297 3186 2360 πόδας,
3202 2297 3430 2350 ἕκαστον
3447 2297 3868 2368 παρακαλοῦσαι

2187 2385 2615 2448 συνεισενεγκεῖν
2633 2399 2683 2434 τι
2699 2383 2807 2434 τῶν
2825 2385 2904 2445 είς
2927 2384 3085 2436 αὐτὸν
3111 2384 3349 2453 ἡκόντων
3367 2389 3476 2448 τοῖς
3497 2387 3868 2456 κρινομένοις,

2191 2473 2287 2526 καὶ¹
2299 2473 2474 2526 κοινὸν
2489 2471 2640 2544 παρὰ
2655 2471 2871 2525 πάντων
2887 2471 3039 2524 ἐλέου
3053 2473 3170 2525 τινὰ
3187 2471 3376 2542 ἔρανον
3393 2469 3872 2540 γενέσθαι,ἐφθεγ-

2187 2561 2364 2630 ξάμην
2411 2563 2592 2614 ἐκεῖνο
2623 2562 2682 2614 τὸ
2727 2560 2821 2614 τοῦ
2851 2559 3220 2630 Σολομῶντος,
3266 2562 3598 2624 Ματαιότης
3622 2575 3876 2626 μάταιος

2182 2638 2396 2706 τήτων,
2419 2641 2490 2692 τὰ
2535 2639 2730 2692 πάντα
2762 2643 3106 2709 ματαιότης.
3137 2637 3288 2694 Εἶδον
3309 2642 3418 2712 γὰρ
3439 2639 3594 2692 τοῦτό
3617 2657 3672 2692 τε
3701 2641 3866 2706 αὐτὸ,

2183 2726 2275 2778 καὶ
2301 2725 2482 2797 ἕτερον
2509 2726 2686 2794 λόγιον
2707 2727 2771 2780 δι’
2799 2729 2974 2780 αὐτῶν
2995 2729 3101 2781 τῶν
3122 2729 3296 2800 ἔργων
3319 2727 3582 2792 ἐκϐαῖνον,
3601 2728 3658 2780 τὸ
3675 2729 3866 2796 λέγον,

2181 2813 2283 2878 ὅτι,
2339 2813 2510 2868 Πᾶσα
2557 2815 2706 2880 δόξα
2751 2815 3062 2880 ἀνθρώπου
3099 2823 3176 2881 ὡς
3219 2815 3398 2880 ἄνθος
3429 2817 3679 2884 χόρτου·
3721 2816 3874 2884 ἐξη-

2171 2901 2366 2969 ράνθη
2417 2905 2450 2956 ό
2507 2903 2754 2971 χόρτος,
2797 2904 2892 2956 καὶ
2944 2903 3012 2957 τὸ
3055 2903 3236 2968 ἄνθος
3279 2903 3550 2966 ἐξέπεσε.
3591 2905 3700 2958 Καὶ
3751 2905 3872 2976 γάρ

2183 2988 2411 3053 πλοῦτος
2435 2990 2579 3054 τότε,
2615 2991 2708 3044 καὶ
2730 2991 3000 3060 εὐγένεια,
3034 2991 3128 3044 καὶ
3167 2993 3513 3062 περιφάνεια,
3551 2993 3646 3044 καὶ
3681 2993 3868 3061 φίλων

2184 3077 2508 3147 προστασία,
2538 3079 2630 3132 καὶ
2663 3080 2976 3148 συγγένεια,
3007 3080 3101 3132 καὶ
3137 3079 3309 3132 πάντα
3341 3079 3602 3150 ἠλέγχετο
3625 3081 3694 3134 τά
3729 3081 3872 3151 βιω-

2182 3166 2330 3228 τικά,
2351 3166 2450 3236 τῆς
2473 3167 2744 3237 ἁμαρτίας
2765 3167 2856 3220 καὶ
2877 3169 2974 3238 τῆς
2997 3167 3340 3238 παρανομίας
3363 3169 3463 3238 τῆς
3485 3168 3874 3239 γεγενημένης

2182 3251 2282 3320 τὴν
2316 3253 2622 3324 συμμαχίαν
2662 3255 2878 3308 ἃπασαν
2909 3253 3254 3325 τρεψαμένης
3295 3254 3515 3324 ταύτην.
3551 3255 3660 3307 Καὶ
3683 3256 3872 3309 καθάο

2185 3355 2292 3409 περ
2317 3343 2496 3412 μήτηρ
2534 3342 2830 3410 στρουθῶν,
2866 3343 2974 3394 τῶν
2993 3342 3220 3396 νεοττῶν
3243 3343 3663 3414 ἀφαιρεθέντων,
3683 3343 3893 3398 ἐλθοῦα

2187 3443 2256 3479 σα
2296 3429 2390 3482 καὶ
2437 3429 2534 3500 τὴν
2565 3429 2758 3482 καλιὰν
2793 3429 3028 3500 εὑροῦσα
3073 3432 3274 3502 κενὴν,
3319 3429 3595 3494 ἐξελέσθαι
3647 3431 3754 3501 μὲν
3809 3433 3878 3484 οὐ

2184 3515 2404 3569 δύναται
2441 3517 2566 3578 τοὺς
2595 3517 2824 3580 άλόντας
2853 3517 3026 3588 αὐτῆς
3063 3521 3332 3582 νεοττοὺς,
3361 3519 3778 3590 περιιπταμένη
3817 3521 3884 3572 δὲ

2185 3602 2278 3656 τοῦ
2306 3602 2541 3674 θηρατοῦ
2579 3605 2676 3667 τὰς
2703 3607 2914 3676 χεῖρας,
2944 3605 3094 3674 αὐτῷ
3131 3604 3306 3676 τούτῳ
3339 3605 3435 3676 τὴν
3469 3605 3660 3675 ὀδύνην
3693 3607 3882 3659 ἐνδεί-

2187 3707 2408 3744 κνυται·
2437 3691 2580 3744 οὕτω
2611 3693 2674 3764 δὴ
2709 3695 2804 3745 καὶ
2835 3695 2891 3746 αί
2925 3696 3180 3762 γυναῖκες
3213 3694 3429 3746 ἐποίουν
3467 3693 3588 3746 τότε
3627 3695 3878 3757 ἐκεῖναι.

2185 3778 2642 3850 ἀναρπασθέντων
2689 3782 2879 3843 αὐταῖς
2915 3782 2978 3832 ἐκ
3017 3783 3115 3850 τῆς
3147 3782 3324 3844 οἰκίας
3361 3782 3467 3834 τῶν
3501 3781 3730 3844 παίδων,
3773 3783 3882 3836 καὶ

2183 3865 2332 3918 ἔνδον
2369 3867 2812 3937 ἀπειλημμένων,
2847 3867 3036 3938 ὥσπερ
3069 3872 3126 3922 ἐν
3149 3869 3352 3940 δικτύῳ
3383 3873 3490 3923 τινὶ
3521 3870 3614 3923 καὶ
3641 3871 3878 3940 παγίδι,

2186 3953 2504 4024 προσελθεῖν
2539 3955 2636 4024 μὲν
2668 3955 2761 4006 καὶ
2793 3953 3066 4019 ἐξελέσθαι
3102 3958 3226 4019 τοὺς
3259 3958 3484 4020 ἁλόντας
3513 3960 3612 4010 οὐκ
3649 3957 3883 4028 ἴσχυον,

2184 4041 2263 4112 τῷ
2291 4041 2348 4094 δὲ
2379 4043 2502 4114 περὶ
2527 4043 2623 4106 τάς
2649 4041 2815 4113 θύρας
2851 4045 3022 4106 αὐτάς
3057 4043 3442 4106 καλινδεῖσθαι,
3484 4049 3574 4098 καὶ
3615 4045 3882 4117 θρηνεῖν,

2186 4130 2280 4182 καὶ
2307 4129 2688 4202 ὀλοφύρεσθαι,
2715 4133 2807 4184 καὶ
2837 4133 2942 4184 τῶν
2975 4131 3358 4202 θηρευσάντων
3382 4133 3670 4202 πειρᾶσθαι
3707 4137 3890 4199 γενέ-

2187 4223 2310 4276 σθαι
2325 4223 2511 4291 ἐγγὺς,
2530 4221 2628 4292 τὴν
2648 4221 2840 4292 ὀδύνην
2860 4222 3148 4278 ἐδείκνυον.
3181 4223 3440 4294 Ταῦταδὴ
3465 4223 3578 4277 τότε
3600 4221 3777 4292 ὀρῶν,
3807 4231 3902 4292 είς

2191 4309 2317 4363 νοῦν
2345 4309 2617 4380 ἐϐαλόμην
2640 4321 2662 4348 ε
2685 4311 2744 4362 τὸ
2769 4311 2998 4381 φοϐερὸν
3017 4313 3190 4365 ἐκεῖνο
3207 4311 3575 4382 δικαστήριον,
3607 4314 3710 4368 καὶ
3741 4318 3902 4387 πρὸς

2184 4397 2422 4468 ἐμαυτόν
2443 4393 2597 4451 εἷπον
2617 4415 2631 4429 ·
2656 4399 2719 4452 Εἰ
2750 4400 2844 4452 νῦν
2873 4400 3174 4470 ἀνθρώπων
3195 4402 3542 4466 δικαζόντων,
3567 4403 3628 4455 οὐ
3654 4407 3900 4477 μήτηρ,

2183 4483 2282 4534 οὐκ
2321 4481 2540 4552 ἀδελφὴ,
2571 4483 2632 4534 οὐ
2659 4484 2862 4553 πατὴρ,
2893 4483 2992 4535 οὐκ
3017 4483 3172 4546 ἀλλος
3197 4483 3386 4549 οὐδεὶς,
3415 4485 3586 4536 καίτοι
3617 4503 3680 4552 γε
3709 4489 3902 4540 ἀνεύ-

2185 4569 2332 4621 θυνοι
2369 4569 2476 4620 τῶν
2512 4568 2888 4638 τολμηθέντων
2923 4571 3094 4632 ὄντες,
3139 4571 3236 4622 οὐκ
3269 4571 3538 4640 ἰσχύουσιν
3583 4573 3900 4635 ἐξελέσθαι

2181 4657 2310 4719 τοὺς
2343 4657 2713 4728 κρινομένους,
2747 4657 2826 4718 τίς
2863 4659 2918 4708 ἐν
2946 4657 3024 4722 τῷ
3073 4657 3286 4728 φοϐερῷ
3313 4659 3403 4710 τοῦ
3441 4659 3676 4729 Χριστοῦ
3705 4661 3898 4716 δικα-

2184 4745 2390 4815 στηρίῳ
2433 4745 2840 4814 παραστήσεται
2873 4746 3211 4815 κρινομένοις
3261 4747 3422 4814 ἡμῖν;
3458 4747 3537 4808 τίς
3591 4745 3896 4818 τολμήσει

2183 4829 2342 4900 ῥῆξαι
2383 4829 2597 4898 φωνήνς
2635 4827 2718 4890 τίς
2749 4825 3022 4890 ἐξελέσθαι
3052 4829 3176 4890 τοὺς
3207 4829 3586 4898 ἀπαγομένους
3633 4831 3736 4881 ἐπὶ
3775 4833 3896 4892 τὰς

2181 4911 2486 4983 ἀφορήτους
2517 4907 2732 4972 ἐκείνας
2763 4909 3008 4972 κολάσεις
3032 4927 3046 4976 ;
3071 4909 3262 4963 Καίτοι
3290 4911 3494 4980 πρῶτοι
3517 4911 3614 4979 τῆς
3645 4911 3898 4966 πόλεως

2183 4997 2322 5073 ¹ἦσαν
2353 5005 2402 5055 οι
2449 5003 2571 5057 τότε
2616 4993 2978 5072 δικαζόμενοι,
3019 5004 3110 5054 καὶ
3161 5001 3289 5056 αὐτὸ
3323 5003 3420 5071 τῆς
3474 5002 3772 5070 εὐγενείας
3819 5005 3898 5060 τὸ

2187 5091 2502 5160 κεφάλαιον.
2549 5091 2686 5142 Ἀλλ’
2709 5091 2857 5159 ὅμως
2890 5091 3139 5160 ἠγάπων,
3175 5089 3336 5150 εἴτις
3374 5087 3480 5158 δῴη
3515 5089 3690 5142 πάντα
3729 5092 3898 5146 ἀπο-

2187 5179 2461 5241 ϐαλοῦσιν,
2487 5181 2534 5232 εί
2561 5179 2689 5242 δέοι,
2725 5181 2817 5232 καὶ
2858 5179 2955 5250 τὴν
2980 5177 3292 5249 ἐλευθερίαν
3319 5177 3484 5246 αὐτὴν
3513 5175 3614 5245 τῆς
3651 5181 3894 5248 παρού-

2189 5285 2288 5339 σης
2340 5267 2631 5321 ἀπολαύειν
2679 5267 2846 5336 ζωῆς.
2879 5267 2992 5336 Τῆς
3037 5265 3248 5336 ἡμέρας
3289 5265 3344 5316 δὲ
3377 5264 3562 5316 λοιπόν
3609 5265 3769 5333 πρὸς
3833 5271 3902 5324 ea

2185 5355 2336 5419 τέλος
2365 5355 2741 5426 ἐπειγομένης,
2785 5355 2878 5408 καὶ
2915 5353 3218 5424 βαθυτάτης
3245 5351 3542 5422 γενομένης
3592 5351 3904 5426 ἑσπέρας,

2188 5441 2282 5496 καὶ
2329 5443 2420 5494 τοῦ
2451 5441 2639 5504 τέλους
2683 5443 2784 5511 τῆς
2835 5441 3012 5510 ψήφου
3053 5439 3504 5511 προσδοκωμένου
3547 5440 3607 5490 ἐν
3644 5441 3910 5506 μείζονι

2188 5532 2390 5594 πάντες
2413 5527 2552 5600 ἦσαν
2601 5531 2826 5601 ἀγωνίᾳ,
2847 5527 2940 5582 καὶ
2963 5527 3053 5580 τὸν
3082 5527 3213 5579 θεὸν
3240 5527 3424 5597 ἠξίουν
3452 5525 3726 5596 μέλλησίν
3757 5547 3916 5584 τινα

2188 5621 2283 5672 καὶ
2332 5617 2597 5689 ἀναϐολὴν
2643 5617 2932 5687 γενέσθαι,
2967 5615 3060 5669 καὶ
3093 5615 3158 5685 τῇ
3193 5615 3336 5684 ψυχῇ
3384 5613 3492 5666 τῶν
3524 5613 3918 5675 δικαζόντων)

2189 5707 2445 5778 ἐμϐαλεῖν
2470 5707 2550 5769 εἰς
2580 5707 2680 5776 τὴν
2703 5705 2798 5758 τοῦ
2837 5703 3099 5776 βασιλέως
3127 5701 3352 5772 γνώμην
3398 5701 3724 5768 ἀνενεγκεῖν
3773 5708 3922 5763 τῶν

2253 5815 2273 5874 f
2301 5813 2459 5874 Savil,
2481 5818 2534 5860 et
2554 5811 2752 5874 quidam
2771 5826 2893 5864 mss.
2919 5815 2984 5870 εἷς
3003 5811 3110 5862 νοῦν
3135 5809 3384 5870 ἐϐαλόμην.
3415 5805 3583 5856 Morel.
3606 5811 3660 5854 et
3691 5809 3808 5862 alii
3837 5813 3922 5870 εἰς

2195 5873 2304 5924 νοῦν
2325 5873 2576 5938 ἐλαϐόμην.
