4070 6208
323 167 424 226 ῚὫ

327 275 471 356 ipsos
501 281 734 353 undique
772 284 996 350 cogente
1032 293 1046 331 :
1084 283 1141 333 et
1182 289 1364 331 vacua:
1400 274 1712 330 mulieribus
1761 279 1915 327 erant

324 379 521 462 dormis
544 415 559 436 .
591 387 815 428 vacuum
845 371 972 426 viris
997 369 1172 425 forum
1197 410 1212 435 ,
1242 369 1330 424 vix
1355 377 1532 425 autem
1556 367 1664 424 duo
1681 367 1769 422 vel
1807 375 1922 423 tres

326 458 515 524 euntes
541 467 593 520 in
622 463 799 520 medio
836 460 995 517 simul
1025 459 1346 515 videbantur
1366 501 1382 525 ,
1430 467 1485 515 et
1523 458 1626 530 ipsi
1655 467 1920 528 tamquam

321 558 551 614 animati
577 555 772 612 mortui
793 555 1220 617 circumeuntes;
1252 551 1532 606 abibamus
1559 550 1611 605 in
1633 549 1810 604 forum
1837 547 1923 616 ju-

329 649 521 705 diciale
553 656 836 720 gestorum
877 644 1036 701 ﬁnem
1080 643 1243 699 visuri
1275 661 1288 696 :
1323 651 1376 698 et
1402 643 1653 698 collectas
1691 640 1919 696 civitatis

330 745 587 815 reliquias
626 747 939 804 cernentes,
985 737 1116 794 illud
1147 737 1384 792 omnium
1416 734 1645 790 maxime
1674 731 1920 788 admirati

329 838 527 891 fuimus
551 875 567 900 ,
609 831 750 904 quod
783 827 1120 885 multitudine
1148 829 1289 884 circa
1316 827 1456 883 fores
1483 835 1725 881 morante
1744 866 1757 889 ,
1785 833 1926 879 tam-

327 942 488 997 quam
521 931 794 997 prmsente
834 920 1048 976 nemine
1073 960 1088 984 ,
1133 917 1403 974 silentium
1431 924 1540 971 erat
1571 913 1926 986 profundissi—

329 1036 473 1074 mmn
495 1061 512 1082 ,
543 1016 792 1072 omnibus
833 1015 972 1070 inter
999 1027 1119 1067 sese
1157 1009 1562 1081 respicientibus
1585 1048 1600 1074 ,
1633 1017 1683 1064 et
1711 1006 1923 1063 nemine

344 1111 681 1165 assistentem
727 1106 1055 1174 interrogare
1075 1143 1090 1168 ,
1122 1112 1214 1156 aut
1239 1101 1522 1172 quidquam
1543 1099 1728 1156 audire
1743 1098 1814 1153 ab
1839 1098 1930 1154 illo

325 1202 578 1256 audente.
603 1199 912 1254 Proximum
936 1197 1083 1252 enim
1106 1195 1331 1266 quisque
1348 1199 1651 1264 suspectum
1669 1191 1926 1247 habebat:

325 1291 579 1362 quoniam
606 1289 757 1344 multi
777 1287 886 1358 iam
909 1296 1103 1356 praeter
1121 1299 1335 1340 omnem
1360 1299 1508 1355 spem
1521 1298 1587 1339 ex
1599 1282 1774 1338 medio
1793 1286 1930 1354 rapti

331 1383 449 1436 foro
460 1384 598 1435 intus
616 1379 1001 1434 coercebantur
1015 1395 1028 1431 :
1042 1384 1097 1431 et
1108 1391 1294 1431 omnes
1309 1375 1569 1446 pariterin
1587 1374 1773 1429 caelum
1788 1374 1932 1444 aspi-

328 1475 623 1541 ciebamus,
635 1482 686 1526 et
700 1487 889 1527 manus
901 1470 1461 1533 extendehamus,cum
1477 1467 1686 1523 silentio
1701 1481 1932 1537 superne

331 1566 632 1621 subsidium
659 1572 1050 1634 exspectantes,
1083 1572 1136 1617 et
1169 1562 1279 1616 Deo
1300 1559 1678 1630 supplicantes,
1709 1566 1769 1612 ut
1787 1557 1932 1628 iudi-

327 1658 514 1713 candis
531 1658 761 1722 adessr-t,
779 1665 831 1710 et
852 1655 1200 1725 iudicantium
1215 1653 1376 1709 corda
1389 1652 1664 1717 mulceret,
1680 1659 1733 1706 et
1749 1649 1931 1704 mitem

327 1748 532 1804 faceret
555 1747 896 1803 sententiam.
929 1746 994 1800 Et
1024 1745 1157 1800 sicut
1198 1745 1286 1816 qui
1330 1743 1702 1814 naufragantes
1725 1758 1754 1796 a
1783 1751 1925 1798 terra

327 1839 510 1895 vident
531 1880 547 1904 ,
594 1837 852 1893 accedere
877 1837 1090 1907 quidem
1117 1878 1132 1902 ,
1166 1845 1222 1891 et
1246 1850 1462 1890 manum
1495 1835 1767 1906 porrigere
1795 1873 1812 1901 ,
1843 1833 1928 1889 vel

324 1946 622 1986 a'rumnam
662 1931 904 1984 relevare
931 1945 1038 1983 non
1073 1938 1293 1998 possunt
1316 1971 1330 1994 ,
1363 1943 1482 1983 cum
1525 1927 1681 1983 undis
1703 1941 1929 1983 arcean-

329 2035 418 2077 tur
464 2041 478 2076 :
521 2022 858 2077 extrinsecus
906 2031 1082 2074 autem
1130 2019 1200 2074 ab
1250 2019 1379 2088 ipsis
1421 2017 1688 2073 littoribus
1736 2030 1928 2071 manus

329 2112 710 2178 extendentes,
743 2123 797 2168 et
837 2112 1190 2182 lacrymantes
1214 2151 1229 2176 ,
1263 2109 1428 2165 Deum
1450 2117 1605 2164 orant
1628 2117 1686 2163 ut
1714 2108 1929 2163 assistat

324 2203 709 2258 ﬂuctuantibus
742 2220 754 2254 :
787 2202 857 2255 ita
897 2209 950 2255 et
991 2201 1076 2255 hic
1107 2200 1273 2255 ‘tacite
1314 2212 1499 2254 omnes
1538 2206 1717 2254 mente
1762 2198 1930 2254 Deum

328 2293 688 2359 invocabant,
723 2301 998 2362 petentes,
1031 2302 1088 2346 ut
1116 2291 1178 2346 ad
1218 2290 1446 2346 tribunal
1479 2289 1622 2346 velut
1650 2289 1704 2345 in
1735 2288 1926 2346 ﬂuctus

324 2385 576 2439 adductis
595 2399 816 2438 manum
844 2383 1157 2452 porrigeret,
1181 2397 1280 2438 nec
1300 2382 1500 2437 sineret
1525 2381 1788 2452 navigium
1809 2381 1934 2438 sub-

337 2477 532 2546 mergi,
568 2492 667 2530 nec
697 2476 751 2529 in
778 2486 1076 2530 extremum
1103 2473 1435 2545 naufragium
1453 2472 1802 2544 iudicantium
1827 2472 1935 2527 sol-

330 2576 483 2621 veret
504 2567 780 2634 judicium.
800 2566 862 2620 Et
879 2566 994 2622 lucc
1019 2565 1229 2636 quidem
1248 2574 1400 2621 erant
1419 2581 1512 2636 pro
1531 2564 1761 2620 foribus:
1787 2572 1933 2635 post-

328 2675 491 2726 quam
507 2674 632 2714 vero
651 2659 959 2714 interiorem
975 2659 1147 2713 aulam
1165 2658 1520 2724 introivimus,
1535 2671 1718 2732 rursus
1731 2658 1830 2712 alia
1851 2657 1933 2713 his

332 2751 650 2804 terribiliora
676 2750 928 2815 vidimus,
951 2749 1144 2804 milites
1164 2759 1398 2804 armatos
1420 2748 1639 2804 ensibus
1661 2757 1714 2804 et
1742 2734 1927 2814 clavis,

329 2852 387 2895 et
419 2842 638 2894 nmltam
667 2840 889 2895 interius
915 2839 1271 2908 iudicantibus
1310 2839 1544 2909 quietem
1592 2847 1928 2910 praestantes.

326 2932 596 3000 Quoniam
628 2931 769 2984 enim
798 2929 1084 2986 necessarii
1122 2929 1335 2985 illorum
1364 2943 1584 2996 omnes,
1625 2936 1680 2984 et
1713 2943 1927 2994 uxores,

329 3036 387 3080 et
407 3035 629 3090 matres,
658 3035 711 3079 et
737 3025 858 3079 tilia:
881 3065 895 3089 ,
927 3033 981 3079 et
1005 3031 1185 3094 patres
1207 3031 1332 3078 ante
1374 3021 1475 3077 fori
1494 3023 1711 3093 ianuam
1737 3021 1935 3077 consti-

339 3127 556 3181 terant,
609 3117 736 3170 utsi
781 3116 1020 3170 eveniret
1061 3115 1362 3185 quempiam
1402 3113 1469 3168 ad
1511 3122 1737 3169 mortem
1785 3112 1929 3179 duci,

337 3228 496 3265 neruo
541 3226 791 3263 zurttmnze
843 3207 1151 3279 spectaculo
1196 3221 1488 3275 accensus,
1545 3208 1826 3263 tumultum
1877 3215 1932 3263 et

339 3303 693 3355 imitationem
739 3301 898 3355 ullam
943 3299 1141 3355 faceret
1167 3341 1183 3367 ,
1234 3314 1424 3355 omnes
1453 3299 1636 3369 procul
1678 3299 1933 3356 arcebant

339 3393 428 3446 nril
457 3402 556 3450 les,
589 3391 823 3458 ipsorum
857 3399 1088 3444 mentem
1120 3403 1314 3459 pavore
1341 3399 1794 3459 praeoccupantes.

414 3482 703 3535 .lliscrubile
746 3481 1107 3550 spectaculum.
1157 3510 1227 3521 -—
1268 3479 1422 3549 Quod
1467 3488 1645 3535 autem
1696 3479 1932 3534 omnium

335 3575 578 3628 maxime
620 3573 954 3639 miserabile,
999 3582 1171 3629 mater
1197 3583 1253 3629 et
1295 3587 1451 3628 soror
1495 3572 1768 3644 cujusdam
1797 3615 1813 3641 ,
1843 3574 1934 3643 qui

339 3666 482 3717 intus
508 3665 860 3733 indicabatur,
895 3663 962 3718 ad
993 3663 1105 3734 ipsa
1130 3664 1480 3734 iudicantium
1504 3663 1764 3720 vestibula
1789 3662 1934 3733 iacc-

341 3756 494 3817 tiant,
521 3771 580 3808 se
611 3755 754 3808 Immi
773 3763 1096 3821 sternentes,
1118 3763 1172 3810 et
1198 3769 1482 3811 commune
1509 3753 1757 3811 omnibus
1781 3754 1933 3811 facta:

336 3846 811 3900 circumsuntibns
839 3845 1200 3915 spectaculum
1226 3887 1240 3912 ,
1273 3844 1457 3901 oculos
1483 3846 1689 3912 velatae,
1728 3856 1783 3902 et
1820 3855 1935 3900 tan-

344 3950 456 3992 tum
510 3937 788 3992 dumtaxat
837 3937 1256 4004 erubescentes,
1314 3947 1570 4009 quantum
1618 3939 1936 3994 calamitatis

341 4029 640 4107 necessitas
673 4028 1010 4099 permittebat
1041 4046 1056 4084 :
1084 4044 1256 4099 neque
1283 4029 1468 4084 aderat
1495 4029 1624 4100 ipsis
1666 4030 1933 4098 ancillula,

344 4138 451 4174 non
478 4121 681 4186 vicina,
715 4135 820 4175 non
851 4120 1052 4184 amica,
1081 4135 1186 4175 non
1218 4120 1322 4175 ulla
1354 4121 1776 4176 necessariarum
1807 4121 1930 4186 alia,

344 4213 440 4268 sed
471 4215 599 4268 εειιςυ
645 4214 733 4268 vili
773 4215 969 4268 amictu
1010 4213 1063 4268 in
1115 4213 1291 4268 medio
1345 4222 1421 4268 tot
1470 4213 1696 4269 militum
1727 4215 1931 4284 posita,

347 4322 440 4374 per
469 4305 688 4358 hmnmn
719 4318 777 4358 se
821 4303 1091 4358 trahentes
1116 4305 1256 4358 circa
1296 4305 1438 4374 ipsas
1479 4303 1623 4359 fores
1647 4346 1662 4368 ,
1714 4305 1779 4360 iis
1800 4345 1814 4369 ,
1847 4304 1935 4374 qui

348 4398 494 4452 intus
528 4396 924 4464 iudicibantur,
956 4397 1196 4466 graviora
1231 4395 1560 4465 patiebantur
1585 4436 1600 4461 ,
1627 4396 1936 4450 carniﬁcum

346 4504 532 4543 vocem
582 4488 895 4552 audientes,
940 4488 1223 4542 verberum
1261 4487 1492 4542 sonitum
1519 4529 1532 4552 ,
1574 4487 1935 4557 vapulantium

347 4582 571 4648 luctum,
597 4580 900 4636 tremendas
923 4579 1272 4650 iudicantium
1297 4580 1491 4647 minas,
1515 4587 1570 4634 et
1594 4578 1719 4634 dum
1746 4579 1938 4650 singuli

348 4675 776 4744 llagellarcntur,
827 4672 1160 4743 gravioribus
1200 4687 1359 4744 quam
1389 4672 1464 4727 illi
1493 4673 1510 4704 ¹
1538 4671 1813 4728 doloribus
1856 4671 1939 4728 hae

346 4765 788 4820 conﬁciebantur.
814 4763 1074 4832 Quoniam
1100 4764 1242 4820 enim
1273 4764 1325 4818 in
1353 4763 1580 4819 aliorum
1621 4764 1940 4819 testimoniis

347 4855 417 4910 de
439 4855 720 4909 criminum
742 4855 1101 4910 declaratione
1115 4855 1535 4926 periclitabatur,
1568 4855 1735 4911 sicubi
1756 4871 1941 4927 quem.

350 4954 493 5018 piam
512 4947 787 5016 flagellari,
818 4957 876 5001 ut
895 4963 1015 5001 reos
1040 4946 1264 5014 diceret,
1288 4947 1606 5014 sentiebant,
1635 4957 1690 5002 et
1714 4947 1937 5014 ululare,

351 5042 404 5094 in
435 5041 624 5093 ca-Inm
657 5039 1000 5106 respicientes
1044 5039 1207 5092 Deum
1253 5039 1473 5094 orabant
1519 5049 1576 5094 ut
1623 5040 1692 5094 illi
1733 5039 1925 5093 fortitu-

351 5132 532 5186 dinem
549 5143 603 5185 et
627 5131 958 5184 tolerantiam
989 5130 1158 5195 daret,
1192 5146 1258 5184 ne
1275 5133 1694 5185 necessariorum
1721 5145 1940 5185 suorum

349 5223 498 5277 salus
510 5221 829 5292 proderetur
847 5238 940 5290 per
960 5222 1200 5286 aliorum,
1219 5237 1393 5276 acrem
1408 5223 1686 5277 verberum
1703 5223 1942 5277 dolorem

347 5316 498 5370 ferre
525 5329 633 5367 non
662 5313 950 5368 valentium
976 5353 992 5376 ,
1023 5312 1381 5367 inﬁrmitatem
1415 5330 1428 5368 :
1460 5324 1513 5367 et
1541 5312 1644 5367 tale
1669 5312 1794 5383 quid
1822 5328 1944 5367 rur-

329 5422 495 5471 sum,
525 5405 685 5476 quale
710 5405 1090 5460 fluctuantibus
1119 5405 1274 5470 solet,
1304 5405 1596 5461 accidebat.
1624 5405 1772 5462 Sicut
1800 5406 1940 5461 enim

419 5569 437 5596 ¹
474 5565 546 5626 sic
561 5563 701 5626 Savil.
720 5561 890 5626 novel.
910 5571 962 5613 ct
984 5559 1272 5623 ltontefalc.,
1298 5575 1402 5624 pro,
1421 5573 1565 5626 quam
1582 5558 1674 5622 illi,
1695 5559 1944 5626 legerunt,

326 5639 476 5689 quam
500 5623 748 5686 ﬂagellari.

670 5717 942 5778 Parnm.
991 5717 1108 5779 Gn.
1154 5715 1377 5777 XLIX.

1259 162 1345 220 λυ
1385 155 1699 216 ιιορυιωι
1740 153 2225 214 ANTIOCIIENUM
2279 155 2507 216 llOlillL.
2542 158 2656 215 ΧΙΠ

3516 166 3619 218 ηε

2032 269 2142 339 illi,
2169 271 2213 326 si
2239 272 2452 342 quando
2474 275 2632 328 unda:
2659 272 2913 342 impetum
2951 274 3166 332 videant
3193 279 3401 332 eminus
3447 276 3619 332 insin--

2027 371 2241 432 gentem
2261 405 2276 429 ,
2326 364 2580 433 paulatim
2619 374 2949 419 crescentem
2979 377 3032 421 et
3058 383 3246 423 navem
3271 371 3616 440 submergere

2030 453 2317 508 minantem
2343 495 2359 521 ,
2405 455 2563 509 etiam
2619 455 2921 526 priusquam
2954 458 3051 526 ipsi
3093 461 3308 529 propior
3336 461 3458 527 ﬁat,
3507 478 3619 532 prae

2031 545 2220 600 timore
2262 559 2360 600 ceu
2399 547 2590 600 mortui
2627 555 2751 601 sunt
2779 565 2792 602 :
2825 548 2902 602 sic
2939 560 2998 603 et
3027 549 3129 604 illa:
3153 552 3196 605 si
3229 554 3441 622 quando
3462 570 3619 612 voces

2029 643 2084 689 et
2121 634 2350 690 ululatus
2387 635 2674 691 audiebant
2697 638 2867 692 emitti
2893 680 2907 702 ,
2939 639 3125 693 verita:
3149 656 3222 696 uc
3260 641 3310 696 in
3343 647 3623 700 tormentis

2031 724 2334 782 fatiscentes
2361 727 2450 796 qui
2488 727 2855 784 testimonium
2902 730 3082 786 dicere
3110 733 3461 802 cogebantur,
3491 751 3627 792 con-

2032 826 2111 872 tra
2149 819 2579 875 necessariorum
2625 821 2854 890 aliquem
2898 821 3133 877 dicerem
3162 865 3177 889 ,
3227 824 3457 880 infinitas
3497 839 3624 882 ante

2031 912 2214 966 oculos
2262 921 2463 967 mortes
2504 912 2775 968 videbant.
2821 915 2886 968 Et
2929 925 3044 969 erat
3081 930 3312 970 ‘centcre
3343 917 3484 972 intus
3515 929 3625 972 tor-

2033 1013 2207 1059 menta
2233 1045 2248 1071 ,
2275 1014 2426 1060 extra
2458 1015 2717 1061 tormenta
2744 1025 2759 1062 z
2791 1008 2910 1061 illos
2945 1023 3135 1078 nempe
3158 1009 3442 1066 carnifices
3465 1053 3481 1078 ,
3529 1012 3623 1065 has

2033 1112 2160 1154 vero
2189 1107 2391 1154 natura:
2434 1099 2712 1169 torquebat
2756 1100 3035 1170 imperium
3083 1111 3137 1155 et
3177 1103 3441 1158 viscerum
3479 1117 3622 1159 com-

2033 1190 2211 1260 passio
2244 1209 2260 1245 :
2290 1191 2432 1245 intus
2476 1191 2654 1246 luctus
2680 1233 2694 1254 ,
2747 1191 2874 1246 foris
2918 1193 3092 1247 luctus
3121 1212 3139 1247 :
3187 1193 3331 1249 intus
3370 1210 3621 1262 reorum.

2035 1280 2164 1337 foris
2192 1283 2634 1339 necessariorum.
2681 1282 2796 1338 ‘lmo
2823 1299 2952 1338 vero
2993 1301 3096 1339 non
3131 1286 3228 1355 ipsi
3270 1295 3497 1355 tantum,
3529 1290 3623 1343 sed

2034 1381 2088 1429 et
2134 1374 2234 1444 ipsi
2277 1374 2486 1444 iudices
2535 1375 2700 1430 corde
2745 1376 3036 1447 lugebant,
3095 1389 3147 1432 et
3199 1380 3448 1435 omnibus
3499 1395 3622 1450 gra-

2036 1463 2180 1519 viora
2204 1465 2539 1535 patiebantur
2559 1507 2574 1532 ,
2617 1474 2722 1519 tam
2751 1469 2957 1521 acerba:
2988 1469 3276 1524 calamitati
3319 1471 3623 1528 ministrare

2035 1556 2224 1612 coacti.

2105 1648 2160 1704 2.
2195 1648 2304 1719 Ego
2337 1659 2512 1706 autem
2543 1652 2785 1707 assidens
2813 1662 2865 1708 ct
2897 1654 3011 1708 ba‘c
3037 1668 3262 1711 cernens
3288 1697 3303 1722 ,
3331 1657 3473 1727 quod
3509 1673 3618 1711 mu-

2038 1739 2198 1796 lieres
2227 1748 2280 1795 et
2317 1740 2581 1812 virgines,
2612 1742 2853 1800 thalamis
2881 1756 3132 1811 assttctze,
3167 1763 3305 1803 nunc
3341 1763 3625 1805 commune

2035 1834 2242 1889 cunctis
2287 1836 2648 1904 spectaculum
2695 1837 2844 1892 factae
2876 1849 3091 1903 essent,
3127 1849 3180 1895 ct
3212 1842 3354 1897 molli
3397 1853 3623 1898 assueta:

2035 1933 2203 1980 strato
2226 1966 2242 1991 ,
2297 1934 2494 1981 terram
2544 1943 2642 1998 pro
2669 1939 2836 1984 strato
2865 1947 3003 1986 nunc
3047 1931 3301 1988 haberent
3325 1977 3339 2000 ,
3371 1945 3425 1989 et
3457 1951 3623 2004 nuper

2037 2024 2242 2072 tantum
2273 2028 2442 2073 nacta:
2471 2019 2780 2091 obsequium
2811 2023 3177 2078 anciJularnm
3201 2066 3215 2089 ,
3254 2026 3621 2081 cmmchot‘unt

2035 2117 2091 2164 et
2118 2110 2334 2181 reliqum
2363 2111 2538 2166 omnis
2565 2127 2772 2180 pompa:
2802 2153 2814 2176 ,
2849 2130 2986 2168 nunc
3011 2115 3256 2170 omnibus
3279 2117 3381 2172 illis
3406 2119 3622 2188 privatae

2035 2201 2103 2258 ad
2123 2203 2359 2257 omnium
2386 2203 2550 2274 pedes
2600 2214 3064 2274 prosternerentnr
3086 2249 3100 2272 ,
3143 2209 3379 2278 singulos
3409 2221 3622 2264 orantes

2037 2302 2096 2348 ut
2133 2293 2330 2365 aliquid
2368 2293 2672 2364 iudicandis
2715 2311 2811 2368 pro
2853 2296 3098 2353 facultate
3144 2314 3238 2353 sua
3286 2300 3336 2352 in
3367 2301 3620 2354 auxilium

2036 2385 2380 2453 conferrent,
2408 2397 2463 2443 et
2489 2387 2647 2442 simul
2677 2403 2862 2444 omnes
2888 2389 3085 2461 aliquid
3115 2391 3492 2446 misericordia:
3518 2393 3622 2446 rcis

2037 2478 2362 2544 tribuerent,
2407 2477 2534 2532 illud
2563 2478 2669 2533 dixi
2700 2478 3003 2535 Salomonis
3036 2498 3048 2531 τ
3089 2479 3298 2535 Vanitas
3323 2483 3619 2544 vanilatum,

2037 2577 2084 2623 et
2124 2570 2295 2623 omnia
2329 2569 2525 2623 vanitas
2566 2568 2763 2638 (Ecclc.
2787 2572 2836 2624 l.
2868 2570 2923 2624 2.
2956 2571 3029 2638 7).
3089 2573 3341 2628 Videbam
3385 2576 3527 2630 enim
3572 2591 3624 2629 ct

2038 2662 2140 2718 hoc
2182 2663 2390 2735 ipsum,
2423 2673 2479 2719 et
2523 2662 2665 2718 aliud
2692 2665 2964 2719 oraculum
3013 2665 3142 2736 ipsis
3181 2666 3339 2721 rebus
3385 2654 3622 2740 eompleé

2039 2763 2172 2821 tum,
2203 2770 2414 2826 nempe,
2447 2754 2624 2810 Omnis
2648 2757 2812 2828 gloria
2842 2757 3060 2810 hominis
3088 2769 3323 2828 tanqumn
3346 2761 3442 2830 ﬂos
3467 2763 3623 2829 freni:

2036 2848 2279 2901 siccatum
2324 2857 2399 2903 est
2433 2852 2658 2919 fanum,
2705 2841 2750 2902 et
2781 2851 2958 2902 cecidit
2999 2851 3095 2919 [los
3145 2847 3295 2922 (lsni.
3326 2855 3412 2906 40.
3453 2856 3504 2907 ti.
3547 2854 3622 2910 7).

2039 2939 2246 2995 Etenim
2275 2939 2472 2995 divitiae
2502 2949 2628 2995 tunc
2657 2951 2710 2996 et
2734 2941 2982 2996 nobilitas
3008 2985 3021 3009 ,
3067 2943 3278 2998 claritas
3301 2985 3314 3007 ,
3347 2954 3400 2998 et
3430 2947 3627 2998 ﬁlltlt'u-

2038 3047 2155 3087 rum
2180 3033 2570 3103 patrocinium,
2602 3043 2656 3089 et
2687 3036 2962 3106 cognatio.
3008 3046 3062 3090 et
3099 3037 3276 3090 omnia
3309 3037 3433 3091 vita:
3479 3039 3626 3107 adju-

2037 3135 2214 3181 menta
2241 3126 2392 3181 nihili
2432 3136 2618 3192 erant,
2663 3137 2881 3197 peccato
2923 3139 2977 3182 et
3021 3129 3295 3199 iniquitate
3340 3131 3619 3183 commissa

2037 3232 2252 3273 omnem
2292 3216 2431 3273 hanc
2456 3233 2612 3288 opem
2637 3219 2979 3274 subvertente
3011 3237 3024 3273 :
3057 3230 3109 3275 et
3139 3222 3272 3276 sicut
3301 3222 3625 3276 :lViCttlarutu

2037 3317 2209 3365 mater
2237 3309 2393 3380 pullis
2417 3309 2638 3364 sublatis
2669 3310 2916 3375 veniens,
2953 3319 3006 3365 ct
3031 3310 3210 3365 nidum
3236 3313 3443 3366 inanem
3476 3329 3624 3368 co».-

2037 3404 2252 3475 periens
2276 3444 2292 3472 ,
2340 3420 2466 3459 suos
2493 3404 2707 3474 quidem
2739 3405 2909 3474 pullos
2937 3413 3122 3476 captos
3161 3407 3370 3478 eripere
3397 3423 3503 3462 non
3529 3424 3627 3478 po-

2038 3503 2176 3562 test,
2204 3497 2472 3551 venatoris
2506 3504 2682 3550 autem
2713 3511 2902 3550 manus
2941 3497 3328 3552 circumvolans
3350 3541 3366 3567 ,
3409 3515 3502 3568 per
3529 3500 3628 3552 hoc.

2039 3589 2209 3658 ipsum
2228 3588 2468 3644 dolorem
2499 3604 2650 3642 suum
2678 3589 3010 3644 demonstrat
3039 3606 3052 3641 :
3077 3590 3155 3644 sic
3178 3601 3230 3644 et
3255 3591 3356 3644 ilhc
3381 3591 3630 3646 mulieres

2038 3689 2164 3736 tunc
2197 3680 2478 3743 faciebant,
2499 3681 2663 3749 raptis
2684 3681 2781 3735 sibi
2810 3679 2970 3735 domo
2997 3681 3140 3745 ﬁliis,
3173 3689 3227 3737 et
3249 3681 3468 3737 interius
3496 3693 3627 3737 tam-

2039 3786 2196 3842 quam
2227 3773 2278 3825 in
2306 3780 2418 3826 rete
2457 3770 2720 3841 quoddam
2752 3771 2836 3826 vel
2882 3771 3126 3842 laqueum
3170 3773 3434 3844 arreptis,
3474 3789 3630 3829 acce-

2039 3862 2166 3917 dere
2191 3861 2402 3932 quidem
2425 3870 2478 3916 et
2500 3861 2709 3931 eripere
2729 3869 2914 3932 captos
2939 3877 3043 3916 non
3062 3871 3310 3932 poterant
3333 3881 3345 3915 :
3368 3863 3462 3918 sed
3485 3863 3626 3918 circa

2044 3952 2182 4008 fores
2215 3953 2356 4023 ipsas
2383 3967 2439 4006 se
2466 3951 2756 4006 volutando
2774 3993 2790 4018 ,
2825 3952 3054 4023 lugendo
3078 3994 3092 4019 ,
3119 3954 3404 4024 gemendo,
3433 3964 3488 4009 et
3513 3956 3627 4024 Spi-

2040 4043 2364 4098 culatoribus
2409 4043 2765 4113 propinquare
2807 4043 3058 4098 tentando
3110 4043 3352 4100 dolorem
3404 4044 3630 4100 demou-

2041 4135 2302 4190 strabant.
2335 4134 2458 4190 llmc
2499 4135 2746 4206 equidem
2776 4143 2903 4192 tunc
2933 4137 3195 4206 aspiciens
3218 4177 3234 4204 ,
3266 4137 3318 4191 in
3351 4137 3492 4192 illius
3516 4149 3625 4194 tre-

2042 4229 2220 4286 mendi
2246 4229 2432 4300 iudicii
2461 4229 2835 4299 cogitationem
2854 4230 2995 4294 veni,
3015 4240 3063 4283 et
3094 4229 3230 4284 intra
3251 4245 3334 4285 me
3353 4229 3591 4285 dicebam
3615 4251 3627 4283 :

2044 4323 2100 4380 Si
2131 4340 2269 4379 nunc
2313 4324 2380 4378 ab
2415 4321 2718 4377 hominibus
2749 4321 3110 4391 iudicantibus
3144 4338 3249 4376 non
3277 4332 3450 4377 mater
3472 4363 3489 4389 ,
3519 4339 3625 4377 non

2043 4431 2196 4470 soror
2219 4455 2232 4478 ,
2264 4429 2367 4469 non
2395 4423 2545 4484 pater
2568 4455 2582 4478 ,
2615 4427 2720 4467 non
2748 4412 2884 4466 alius
2909 4412 3168 4482 qniSpiam
3191 4452 3207 4479 ,
3242 4413 3364 4468 licet
3387 4427 3418 4466 a
3439 4428 3630 4483 perpc-.

2046 4507 2194 4561 tratis
2224 4506 2494 4571 immunis,
2528 4520 2649 4560 reos
2674 4504 2880 4574 eripere
2904 4513 3098 4573 potest,
3125 4505 3242 4575 quis
3273 4505 3324 4559 in
3357 4507 3635 4562 tremendo

2044 4597 2243 4650 Christi
2291 4595 2494 4665 iudicio
2545 4594 2697 4649 nobis
2746 4593 2978 4649 adstabit
3027 4594 3362 4664 iudicandis?
3410 4597 3531 4667 quis
3577 4598 3628 4650 in

2047 4704 2231 4744 vocem
2257 4703 2540 4758 erumpere
2566 4687 2818 4742 audebit?
2856 4688 2976 4758 quis
3001 4686 3258 4742 abductos
3282 4686 3350 4742 ad
3379 4687 3636 4743 intolera.

2044 4779 2181 4836 biles
2231 4780 2348 4835 illas
2399 4795 2588 4851 poenas
2640 4780 2850 4849 eripere
2900 4779 3133 4834 valebit?
3185 4779 3342 4849 Atqui
3399 4777 3631 4834 civitatis

2049 4873 2321 4944 primates,
2353 4873 2440 4944 qui
2463 4884 2589 4927 tunc
2612 4871 3023 4941 iudicabantur,
3053 4879 3224 4935 erant,
3252 4881 3304 4925 et
3329 4871 3502 4940 ipsum
3533 4887 3629 4924 no-

2051 4967 2266 5023 bilitatis
2286 4975 2462 5036 caput.
2511 4967 2758 5018 Attamen
2793 4963 2894 5016 lzcti
2921 4961 3162 5026 fuissent,
3185 4961 3228 5015 si
3255 4962 3374 5030 quis
3401 4962 3482 5017 eis
3506 4976 3636 5016 ceu.

2050 5057 2316 5120 cessisset,
2349 5064 2405 5110 ut
2432 5056 2736 5110 amittentes
2757 5055 2950 5116 omnia,
2983 5064 3056 5119 ct,
3087 5051 3132 5107 si
3155 5061 3446 5122 oporteret,
3464 5053 3632 5124 ipSam

2053 5151 2383 5215 libertatem,
2437 5148 2685 5218 prmsenti
2723 5146 2826 5199 vita
2868 5145 3181 5214 potirentur.
3233 5143 3328 5199 Die
3356 5159 3484 5200 vero
3522 5144 3634 5215 iam

2051 5251 2239 5297 exacto
2258 5283 2272 5306 ,
2305 5240 2821 5311 profundissimoque
2849 5238 2988 5290 facto
3015 5251 3237 5306 vespere
3260 5277 3276 5302 ,
3303 5251 3425 5292 cum
3449 5236 3637 5308 iudicii

2055 5333 2174 5390 ﬁnis
2201 5343 2634 5404 exslicctaretnr,
2667 5332 2716 5384 in
2749 5328 2937 5398 maiori
2958 5339 3110 5384 erant
3137 5344 3325 5385 omnes
3347 5331 3641 5396 anxietate,

2056 5439 2109 5483 et
2137 5443 2164 5480 a
2191 5427 2300 5481 Deo
2339 5423 2588 5494 petebant
2628 5422 2934 5476 dilationem
2971 5420 3199 5490 aliquam
3223 5433 3274 5477 et
3304 5423 3638 5492 prorogatio-

2058 5535 2177 5576 ncm
2211 5518 2323 5573 ﬁeri
2349 5559 2364 5583 ,
2409 5527 2463 5570 et
2501 5515 2849 5586 iudicantium
2879 5513 3057 5569 animo
3084 5515 3292 5570 immisti
3315 5555 3330 5582 ,
3356 5525 3413 5570 ut
3440 5514 3505 5568 ad
3534 5514 3640 5568 lm-

2062 5611 2318 5685 pcratoris
2338 5609 2656 5666 sententiam
2679 5609 2936 5666 referrent
2966 5609 3349 5682 exquisitorum
3377 5607 3639 5676 cognitio.

3277 5696 3316 5758 9
