4070 6208
403 116 497 169 tW
1112 103 1170 158 S.
1207 98 1486 158 JOANNIS
1523 96 1966 158 CIIRYSOSTOM

2083 93 2345 152 RClllEP.
2385 92 2916 150 CONSTANTINOP.
3560 97 3577 147 l
3599 96 3656 152 ιιι

396 243 514 279 item
562 243 574 278 :
617 223 730 276 fore
777 219 919 274 enim
965 217 1206 272 fortassis
1247 213 1463 283 aliquod
1510 216 1706 267 bonum
1755 227 1822 266 ex
1873 211 1970 266 hac

395 319 664 372 dilatione.
713 314 776 368 Et
817 324 1130 368 communes
1153 323 1182 360 a
1229 306 1422 376 populo
1461 303 1880 373 .SUppiicaliones
1904 299 1970 354 ad

396 409 646 477 benignas
675 405 762 458 Dei
780 417 936 457 aures
963 397 1360 460 emittebantur,
1383 404 1439 449 nt
1466 403 1701 449 servaret
1723 392 1972 462 reliquias

391 497 658 561 civitatis,
711 509 808 549 nec
859 492 1026 561 ipsam
1071 505 1100 542 a
1148 486 1501 543 fundamentis
1550 483 1765 554 penitus
1805 483 1972 538 et't-rti

394 592 614 643 sineret.
657 586 764 640 Nec
791 583 971 638 videre
1008 581 1201 635 licebat
1229 592 1544 649 quemquam
1576 590 1680 630 non
1711 574 1826 631 hare
1851 590 1972 630 tum

396 680 643 749 lacrymis
685 679 998 732 clamantem
1030 691 1043 727 :
1077 682 1438 728 verumtamen
1466 668 1595 724 nihii
1620 682 1803 722 eorum
1826 664 1972 735 judi-

393 788 483 826 ees
501 771 720 826 interius
745 781 932 822 causas
960 763 1232 819 audientes
1257 771 1380 816 tunc
1411 759 1613 816 inﬂexit
1642 775 1657 811 :
1689 756 1784 813 sed
1811 770 1971 811 unmn

393 862 564 917 solum
597 857 985 928 respiciebant,
1030 865 1078 908 ut
1119 853 1342 924 diligens
1377 850 1780 906 commissorum
1823 862 1972 917 qua:-

392 955 495 1008 stio
524 952 706 1017 ﬁeret,
749 958 804 1005 et
831 959 1100 1024 postremo
1127 944 1330 1000 catenis
1359 943 1487 1013 ipsis
1512 941 1724 1012 injectis
1770 940 1823 994 in
1849 955 1973 995 car-

393 1059 568 1099 cerem
615 1057 709 1113 per
741 1039 974 1097 medium
1005 1037 1179 1095 forum
1221 1035 1481 1106 agebant,
1527 1033 1768 1088 homines
1807 1045 1973 1100 equos

392 1133 537 1203 domi
557 1134 777 1198 alentes,
815 1129 991 1185 bravia
1022 1140 1317 1198 proponere
1345 1124 1552 1190 solitos,
1582 1123 1792 1193 aliaque
1819 1120 1974 1175 innu-

393 1241 536 1280 mera
565 1225 802 1290 valentes
827 1221 1051 1276 clariora
1081 1230 1364 1272 numerare
1391 1214 1562 1269 ofﬁcia
1593 1232 1607 1268 :
1637 1213 1775 1268 bona
1800 1210 1974 1282 publi-

393 1318 615 1381 cabant,
647 1326 698 1370 et
729 1317 779 1367 in
815 1313 1050 1367 omnium
1085 1309 1282 1364 foribus
1308 1306 1574 1378 signacula
1601 1319 1823 1360 eernere
1848 1303 1976 1357 lice-

397 1409 500 1460 bat.
533 1408 597 1460 lit
637 1405 824 1459 horum
857 1416 1048 1457 uxores
1078 1410 1294 1471 paterna
1319 1398 1479 1453 domo
1507 1397 1692 1468 ejecta:
1710 1438 1726 1460 ,
1754 1396 1974 1466 singula:

396 1498 522 1552 illud
561 1498 741 1552 usuris
787 1495 888 1551 Job
929 1510 1021 1563 per
1067 1509 1226 1562 opt-ra
1275 1492 1608 1561 implebant:
1642 1489 1858 1543 domum
1906 1503 1974 1542 ex

392 1590 552 1642 domo
589 1596 644 1641 et
690 1587 866 1640 locum
893 1601 958 1640 ex
995 1584 1115 1638 loco
1143 1583 1532 1644 circumibant,
1579 1579 1855 1634 diversorii
1887 1579 1972 1633 in-

392 1681 630 1749 digentes
679 1695 693 1732 :
743 1691 839 1731 nec
866 1677 1006 1729 enim
1039 1675 1138 1729 hoc
1163 1675 1333 1742 ipsum
1359 1681 1476 1728 erat.
1520 1672 1649 1743 ip~is
1703 1670 1858 1728 facile
1884 1687 1972 1748 re;

393 1769 600 1839 perire,
655 1780 966 1836 unequoqne
1013 1764 1230 1819 timente
1272 1774 1326 1818 et
1370 1772 1631 1818 tremente
1672 1761 1973 1832 quempiam

394 1873 602 1910 reorum
635 1857 1053 1910 necessariorum
1085 1854 1356 1924 susvipcre
1381 1862 1433 1908 et
1453 1868 1593 1908 cura:
1625 1853 1842 1906 habere.

462 1947 736 2002 Catamitus
781 1948 849 2000 (id
888 1948 1114 2000 virtutem
1157 1947 1314 2000 ducit.
1347 1973 1415 1986 —-
1465 1945 1842 2022 Verumtamen
1891 1953 1970 1999 tot

391 2040 478 2094 illa
519 2039 677 2108 passi,
707 2038 952 2092 oumibus
989 2037 1070 2091 his
1098 2036 1328 2092 contenti
1353 2047 1502 2090 erant
1526 2076 1542 2101 ,
1587 2036 1836 2104 quoniam
1867 2035 1972 2089 vita

391 2145 498 2183 non
528 2127 832 2182 exciderant
859 2127 1107 2198 prmsenti
1137 2144 1149 2179 :
1181 2135 1230 2179 et
1273 2139 1442 2196 neque
1470 2125 1806 2193 pecuniarum
1837 2123 1972 2180 mulo

390 2228 476 2274 cta
503 2261 518 2282 ,
550 2234 720 2287 neque
750 2217 1032 2287 ignominia
1055 2258 1068 2283 ,
1099 2232 1267 2286 neque
1300 2225 1443 2269 tanta
1473 2214 1734 2269 traductio
1754 2255 1769 2281 ,
1798 2229 1971 2284 neque

389 2309 760 2379 quodcumque
796 2306 939 2361 aliud
967 2305 1263 2376 lmjusmodi
1298 2307 1439 2375 ipsos
1466 2305 1760 2359 mordebat.
1808 2305 1968 2358 Cala-

389 2403 586 2457 niitatis
624 2402 764 2456 enim
802 2402 1137 2470 magnitudo,
1181 2409 1234 2454 et
1265 2398 1464 2468 majora
1493 2396 1574 2451 his
1613 2397 1846 2468 patiendi
1873 2411 1967 2450 cx-

387 2494 660 2564 spectatio,
693 2508 877 2547 eorum
905 2495 1109 2546 animos
1141 2490 1496 2559 philoSOphari
1529 2500 1728 2541 tantum
1757 2487 1964 2541 etl‘ecit:

387 2595 441 2639 et
471 2595 592 2640 tunc
617 2583 926 2646 discebant,
958 2598 1113 2648 quam
1144 2580 1309 2633 facilis
1342 2581 1410 2632 sit
1438 2579 1588 2632 nobis
1619 2580 1803 2644 virtus,
1838 2593 1964 2645 iro-

386 2676 535 2729 clivis
562 2684 615 2728 et
655 2673 899 2741 expedita
925 2714 937 2736 ,
987 2683 1041 2725 ct
1078 2671 1216 2740 quod
1261 2685 1356 2738 per
1399 2678 1637 2724 nostrum
1694 2669 1966 2723 dumtaxat

387 2765 684 2835 neglectum
731 2763 987 2816 laboriosa
1026 2777 1110 2816 res
1153 2777 1271 2815 esse
1313 2761 1571 2815 videatur.
1619 2761 1678 2814 lli
1708 2760 1847 2814 enim
1878 2761 1967 2830 qui

389 2857 544 2926 paulo
597 2867 718 2910 ante
771 2855 1095 2909 modico-mu
1151 2855 1400 2908 mziletim
1457 2855 1797 2923 pecuniarum
1861 2870 1967 2909 non

386 2963 536 3017 atque
566 2947 827 3009 tulerunt,
876 2945 1074 3014 tnajore
1105 2945 1268 3013 pressi
1303 2944 1614 3008 formidine,
1643 2959 1762 2999 cum
1787 2945 1964 2998 omnia

384 3053 478 3092 sua
507 3037 810 3091 amisissent
833 3077 849 3101 ,
880 3050 943 3089 ac
974 3035 1016 3088 si
1047 3034 1352 3088 thesaurum
1391 3033 1750 3099 invenissent,
1795 3035 1872 3088 sie
1906 3049 1967 3088 sc

387 3129 672 3195 habebant,
699 3129 945 3198 quoniam
983 3129 1212 3180 animam
1253 3143 1356 3180 non
1387 3125 1746 3196 perdiderant.
1787 3126 1966 3196 itaque

385 3222 427 3274 si
457 3219 644 3273 interm.
672 3234 860 3274 sensus
882 3219 1138 3290 gehennze
1165 3233 1263 3272 nos
1292 3226 1530 3284 teneret,
1570 3227 1624 3271 et
1663 3217 1967 3272 intolerabi-

388 3313 463 3364 les
491 3311 602 3364 illas
627 3312 980 3380 cogitarenms
1021 3325 1206 3378 pmnas
1229 3352 1244 3376 ,
1276 3309 1483 3364 etiamsi
1511 3324 1622 3363 rem
1652 3317 1705 3363 et
1732 3309 1964 3363 animam

384 3413 438 3456 et
460 3418 654 3470 corpus
684 3403 772 3458 Dei
803 3403 1004 3472 legibus
1032 3401 1433 3455 tradidissemus
1454 3440 1470 3466 ,
1506 3415 1608 3453 non
1635 3399 1960 3465 doleremus,

384 3495 612 3548 scientes
657 3493 796 3562 quod
849 3492 1047 3563 majora
1095 3492 1451 3553 lucrahimnr,
1496 3505 1525 3544 a
1574 3489 1763 3546 futuris
1811 3491 1964 3544 malis

387 3586 774 3639 liberationem.
824 3583 985 3638 Forte
1032 3597 1126 3637 cor
1167 3594 1399 3636 vestrum
1448 3597 1553 3636 non
1586 3597 1768 3652 parum
1797 3582 1965 3636 dicto-

385 3693 498 3750 rum
524 3677 817 3745 deploratio
844 3674 1066 3730 mollivit
1093 3690 1108 3740 ;
1137 3673 1228 3728 sed
1262 3689 1327 3728 ne
1353 3675 1685 3743 feratis-.egre
1720 3691 1732 3727 :
1766 3677 1963 3728 ctenim

383 3767 631 3836 quoniam
661 3768 966 3822 subtiliores
1013 3781 1130 3820 sum
1176 3780 1524 3836 aggressurus
1567 3765 1881 3830 sententias,
1910 3773 1966 3819 ct

384 3859 640 3913 mollioris
679 3857 890 3926 indigeo
926 3857 1153 3920 mentis,
1194 3856 1295 3910 hoc
1336 3855 1432 3910 feci
1463 3855 1531 3910 de
1575 3855 1833 3910 industria
1863 3874 1875 3909 :
1909 3865 1965 3910 ut

385 3949 700 4003 imi-rationis
725 3949 913 4002 timore
941 3963 1091 4002 mens
1120 3946 1289 4001 vestra
1313 3949 1456 4001 omni
1476 3957 1690 4016 torpore
1715 3964 1959 4010 excusso,

385 4041 449 4092 ab
471 4041 714 4094 omnibus
756 4055 1049 4111 exsurgens
1086 4041 1207 4092 vine
1237 4040 1376 4092 curis
1395 4081 1410 4103 ,
1461 4040 1625 4093 multa
1651 4056 1770 4094 cum
1800 4041 1964 4095 t’acili-

384 4141 489 4186 tate
536 4132 588 4186 in
629 4134 820 4186 anim.e
859 4131 1172 4201 profundum
1218 4131 1561 4185 dicendorum
1593 4131 1839 4186 virtutem
1871 4131 1960 4186 de-

386 4228 575 4279 mittat.

531 4318 670 4371 Sitis
698 4318 854 4386 igitur
882 4327 932 4370 et
963 4318 1105 4385 prius
1147 4315 1297 4369 nobis
1336 4331 1514 4368 sermo
1555 4301 1957 4380 demonstravit,

381 4406 521 4478 quod
567 4407 821 4460 naturalis
856 4407 1013 4461 nobis
1050 4405 1120 4459 sit
1160 4407 1316 4460 insita
1358 4407 1440 4460 lex
1470 4406 1729 4460 bonorum
1755 4421 1807 4461 et
1833 4424 1961 4460 con-

384 4499 662 4555 trariorum
697 4506 795 4551 :ut
835 4507 1008 4550 autem
1049 4496 1375 4552 manifestior
1406 4497 1559 4553 nobis
1603 4496 1695 4552 fiat
1735 4497 1959 4552 demon-

380 4591 588 4654 stratio,
613 4590 665 4646 ln
693 4589 878 4645 eadem
917 4600 971 4644 et
1000 4588 1488 4644 hodie‘scrnmnum
1521 4593 1740 4646 materia
1772 4593 1958 4646 itcrmu

379 4682 773 4737 desudabimus.
832 4679 1150 4751 Natn'qnod
1193 4682 1258 4736 ab
1303 4683 1452 4735 initio
1501 4683 1641 4737 Deus
1687 4684 1958 4738 hominem

381 4773 622 4844 fingens,
669 4781 890 4840 utraque
936 4771 1334 4842 dignosccntem
1377 4773 1562 4828 fecerit
1606 4773 1776 4844 ipsmu
1803 4816 1817 4840 ,
1866 4776 1960 4830 dc-

380 4874 676 4921 monstrant
724 4881 908 4918 onmes
956 4863 1199 4918 homines
1247 4883 1260 4919 :
1311 4880 1432 4919 cum
1485 4881 1768 4936 peccamus
1818 4869 1957 4922 enim

379 4959 537 5011 etiam
574 4957 809 5011 subditos
848 4969 1124 5020 veremur;
1172 4964 1226 5010 et
1256 4971 1396 5024 sa'pe
1436 4956 1682 5010 dominus
1723 4969 1957 5012 SCttl'luItl

378 5049 583 5112 adiens,
615 5058 796 5117 postea
824 5062 1095 5102 seniorum
1131 5047 1430 5116 quempiam
1462 5045 1840 5100 modestiormn
1874 5048 1956 5100 in-

382 5142 544 5196 tuitus
567 5137 813 5208 erubuit,
849 5151 904 5196 et
935 5142 1002 5195 ab
1031 5143 1128 5195 hac
1165 5141 1404 5209 improba
1433 5142 1511 5192 via
1539 5142 1778 5195 recessit.
1816 5141 1955 5195 Ilur-

380 5249 498 5286 sum
525 5248 644 5286 cum
671 5235 756 5287 alii
785 5250 880 5286 nos
915 5232 1215 5288 nominibus
1240 5233 1364 5287 vitia
1395 5245 1573 5286 nesara
1604 5232 1960 5288 indicantibus

380 5322 720 5392 compellant,
746 5326 1118 5380 contumeliam
1146 5324 1195 5379 id
1227 5339 1348 5379 esse
1373 5325 1600 5379 dicimus
1630 5344 1642 5378 :
1672 5326 1792 5380 etsi
1821 5342 1959 5396 a-grc

384 5413 614 5468 feramus
637 5454 651 5476 ,
701 5414 752 5467 in
784 5413 1036 5481 judicium
1068 5430 1160 5469 eos
1185 5415 1272 5484 qui
1314 5414 1363 5468 id
1396 5413 1634 5470 fecerunt
1679 5417 1954 5470 trahimus.

385 5511 456 5564 Ita
487 5507 702 5571 scimus,
735 5505 860 5578 quid
887 5505 1090 5570 vitium,
1126 5507 1252 5578 quid
1283 5507 1443 5563 virtus
1472 5508 1558 5563 sit.

2117 203 2274 274 Leges
2289 205 2563 262 charitatis
2577 221 2698 275 ergo
2723 205 3034 274 prasinum.
3056 234 3125 244 —
3145 202 3255 258 Hoc
3279 205 3474 275 quippe
3489 206 3660 276 ipsum

2078 308 2131 352 et
2158 296 2402 351 Christus
2428 297 2742 361 declarans,
2788 307 2843 350 et
2880 296 3254 351 demonstrans
3293 313 3351 353 se
3398 299 3527 353 nihil
3559 316 3654 353 tto-

2077 404 2240 456 vum,
2261 397 2353 444 aut
2376 400 2614 446 nostram
2641 387 3019 442 transcenderis
3049 396 3290 442 naturam
3313 391 3538 453 sancire,
3557 373 3660 446 sed

2078 481 2166 546 id,
2213 479 2354 551 quod
2388 495 2416 533 a
2445 479 2706 551 principio
2747 479 3089 534 conscientia:
3132 479 3396 535 indiderat
3439 491 3657 543 nostrae,

2080 583 2198 643 post
2226 571 2422 626 multas
2441 571 2558 626 illas
2581 569 2936 625 beatitudines
2961 569 3032 626 ita
3069 570 3282 626 dicebat
3310 590 3323 624 ε
3352 573 3478 638 Qum
3512 573 3661 628 vultis

2078 674 2130 716 ut
2157 665 2344 732 faciant
2372 661 2507 716 vobis
2532 660 2780 725 homines,
2808 660 2914 714 haec
2940 670 2990 715 et
3011 677 3095 715 vos
3117 664 3268 732 facile
3289 663 3412 730 ipsis
3442 664 3659 734 (Matth.

2080 755 2134 808 7.
2165 752 2275 823 19.).
2305 753 2421 808 Non
2447 767 2580 823 opus
2601 761 2682 807 Cal
2699 751 2879 810 multis
2893 754 3246 820 sermonibus,
3273 755 3462 824 inquit,
3491 772 3664 826 neque

2078 845 2296 914 prolixis
2333 844 2566 914 legibus,
2612 857 2712 899 nec
2737 845 2884 898 varia
2905 844 3146 900 doctrina
3170 863 3186 902 :
3213 847 3456 903 Voluntas
3483 857 3568 903 tua
3594 851 3661 905 sit

2079 935 2184 990 lex.
2235 936 2321 990 \‘is
2367 935 2619 990 beneficia
2663 936 2893 1002 capere?
2933 935 3118 991 confer
3144 937 3458 994 beneficium
3486 940 3660 994 alteri.

2078 1026 2172 1083 Vis
2214 1027 2629 1084 tiiisericordiam
2665 1028 2962 1096 consequi?
3007 1027 3261 1084 miserere
3290 1030 3537 1100 proximi.
3570 1031 3662 1086 Vis

2079 1119 2318 1176 laudari?
2363 1122 2514 1179 lauda
2561 1126 2745 1180 alium.
2796 1124 2887 1178 Vis
2925 1122 3132 1176 amari?
3168 1137 3306 1176 ama.
3336 1123 3426 1177 Vis
3466 1123 3662 1192 primas

2078 1211 2315 1268 habere?
2358 1217 2593 1270 concede
2624 1217 2741 1270 illas
2771 1216 2914 1277 prius
2957 1214 3132 1268 alteri.
3185 1213 3264 1268 Tn
3295 1215 3370 1267 sis
3392 1215 3575 1283 judex,
3607 1226 3662 1269 tu

2078 1303 2156 1359 sis
2178 1305 2295 1359 vita:
2326 1315 2426 1359 tua:
2457 1306 2748 1376 legislator.
2789 1307 2854 1361 Et
2891 1322 3104 1360 rursum
3129 1323 3142 1360 :
3172 1306 3322 1370 Quod
3355 1306 3541 1371 odisti,
3569 1308 3665 1359 alii

2079 1409 2142 1448 ne
2170 1395 2330 1464 {ticius
2357 1394 2577 1465 (T0124.
2614 1397 2721 1466 16).
2759 1396 2861 1450 Per
2895 1395 2996 1450 hoc
3021 1381 3244 1464 quidem.
3263 1411 3291 1448 a
3321 1395 3460 1448 malo
3485 1395 3660 1465 fugam

2079 1483 2322 1548 inducit,
2357 1503 2449 1554 per
2485 1486 2614 1540 illud
2655 1496 2832 1540 autem
2863 1486 3073 1541 virtutis
3096 1485 3481 1555 operationem.
3512 1485 3659 1550 Quod

2079 1575 2250 1642 odisti,
2275 1577 2364 1630 alii
2385 1594 2445 1630 ne
2459 1578 2638 1648 facias.
2665 1576 2834 1632 Odisti
2856 1576 3228 1630 contumeliam
3257 1577 3397 1645 pati?
3420 1591 3487 1631 ne
3501 1578 3662 1630 alium

2078 1667 2280 1723 afficias
2308 1669 2646 1723 contumelia.
2699 1669 2867 1724 Odisti
2912 1667 3162 1722 invidiam
3202 1667 3346 1736 pati?
3395 1682 3567 1737 neque
3607 1679 3661 1720 tu

2077 1760 2232 1814 alteri
2281 1761 2534 1814 inrideas.
2589 1759 2724 1814 Olio
2773 1760 2938 1814 habes
2993 1758 3150 1813 falli?
3199 1774 3371 1827 neque
3413 1767 3466 1811 tu
3511 1757 3660 1811 fallas

2077 1853 2260 1912 alium.
2313 1853 2378 1906 Et
2415 1868 2540 1907 vero
2585 1853 2636 1906 in
2682 1853 2929 1906 oinnibus
2977 1851 3271 1922 generatim
3312 1851 3357 1904 si
3400 1850 3516 1904 inec
3555 1850 3660 1904 diu

2079 1945 2238 1998 verba
2286 1944 2648 2008 retineamus,
2695 1944 2796 1997 alia
2841 1943 3120 2012 disciplina
3151 1958 3256 1996 non
3285 1942 3659 2012 indigehimus.

2078 2033 2303 2088 Virtutis
2350 2035 2490 2088 enim
2546 2034 2906 2104 cognitionem
2959 2032 3148 2086 indidit
3203 2032 3396 2087 anima:
3442 2043 3658 2095 nostrw,

2076 2125 2340 2179 actionem
2394 2140 2523 2181 vero
2573 2135 2626 2179 et
2671 2123 3095 2178 emendationem
3147 2123 3407 2177 voluntati
3467 2132 3658 2177 nostra:

2075 2218 2359 2273 concessit.
2400 2218 2665 2272 Fortassis
2694 2217 2977 2272 obscurum
3001 2227 3083 2270 est
3122 2215 3261 2285 quod
3297 2215 3528 2270 dicitur:
3561 2215 3662 2284 igi-

2077 2317 2163 2364 tur
2191 2309 2242 2364 id
2278 2309 2454 2378 ipsum
2483 2307 2818 2363 manifestius
2860 2308 3082 2362 reddere
3110 2307 3363 2361 conabor.
3421 2305 3488 2361 Ut
3521 2307 3662 2359 scia-

2076 2415 2194 2460 mus
2212 2401 2353 2470 quod
2379 2400 2577 2455 bonum
2607 2401 2676 2454 sit
2697 2399 3076 2469 temperantia,
3109 2414 3214 2452 non
3241 2413 3374 2466 opus
3404 2397 3662 2452 habemus

2076 2492 2283 2559 verbis,
2312 2508 2486 2562 neque
2520 2491 2762 2547 doctrina
2795 2507 2809 2544 :
2840 2505 2961 2544 nam
3003 2490 3053 2544 in
3085 2499 3268 2543 natura
3297 2489 3658 2559 cognitionem

2078 2582 2211 2636 hanc
2238 2583 2496 2638 habemus
2515 2626 2528 2648 ,
2571 2598 2671 2638 nec
2701 2597 2835 2653 Opus
2861 2590 2944 2637 est
2977 2597 3096 2636 eunt
3124 2581 3397 2636 laboribus
3422 2591 3513 2636 aut
3542 2580 3661 2634 fati-

2073 2673 2373 2742 gationihus
2412 2674 2696 2729 circumire
2733 2684 2788 2728 et
2824 2687 3071 2744 quaerere
3099 2686 3164 2726 an
3207 2671 3404 2726 bonum
3431 2671 3501 2726 sit
3526 2682 3657 2725 tem-

2076 2765 2310 2833 perantia
2342 2773 2395 2818 et
2423 2765 2549 2819 utile
2580 2782 2594 2818 :
2627 2764 2720 2819 sed
2744 2764 3014 2820 communi
3041 2765 3306 2820 sententia
3337 2779 3526 2820 omnes
3553 2764 3658 2818 hoc

2072 2859 2390 2914 confitemur
2408 2899 2422 2922 ,
2455 2866 2511 2912 et
2539 2873 2695 2912 nemo
2720 2858 2927 2913 dubitat
2947 2857 3016 2912 de
3042 2858 3254 2912 virtute.
3310 2857 3400 2911 Sic
3420 2868 3471 2911 et
3503 2856 3654 2909 adul-

2074 2951 2265 3006 terium
2297 2950 2492 3004 malum
2523 2965 2642 3006 esse
2673 2959 2950 3019 putamus,
2983 2960 3035 3006 et
3073 2964 3246 3020 neque
3273 2949 3359 3003 hic
3387 2948 3656 3004 laboribus

2071 3053 2120 3095 et
2150 3041 2425 3110 disciplina
2451 3043 2607 3096 nobis
2635 3051 2717 3096 est
2741 3057 2876 3111 opus
2900 3083 2917 3111 ,
2945 3051 3000 3098 ut
3037 3043 3236 3111 peccati
3271 3041 3427 3110 hujus
3457 3041 3656 3096 malitia

2072 3141 2355 3194 noscatur,
2387 3131 2483 3186 sed
2520 3147 2706 3186 onmes
2737 3132 2788 3185 in
2821 3132 3128 3200 hujusmodi
3157 3132 3433 3186 sententiis
3469 3146 3656 3189 sumus

2071 3237 2166 3292 per
2187 3238 2284 3277 nos
2312 3223 2457 3292 ips-os
2470 3222 2634 3289 docti,
2654 3233 2710 3278 et
2727 3226 2996 3288 virtutem,
3028 3223 3151 3278 licet
3178 3223 3343 3292 ipsam
3366 3238 3463 3278 nos
3489 3224 3654 3278 obca-

2071 3329 2230 3378 mus,
2279 3313 2717 3369 commendamus
2748 3330 2760 3367 :
2795 3315 2932 3367 sicut
2977 3313 3208 3369 vicissim
3259 3314 3442 3369 vitium
3468 3355 3484 3379 ,
3531 3314 3656 3370 licet

2070 3421 2355 3478 eperemur
2378 3447 2392 3468 ,
2421 3401 2649 3460 odimus.
2695 3408 2757 3461 Et
2788 3407 2890 3460 hoc
2920 3405 3015 3460 fuit
3053 3406 3339 3460 niaximum
3373 3407 3463 3464 Dei
3487 3406 3651 3462 bene-

2074 3500 2247 3554 ﬁcium
2270 3541 2286 3564 ,
2330 3510 2384 3554 ut
2411 3500 2792 3554 conscientiam
2824 3499 3038 3569 quidem
3067 3509 3302 3553 nostram
3333 3509 3386 3553 et
3413 3501 3651 3554 volunta~

2073 3604 2201 3660 tem,
2227 3602 2282 3648 et
2301 3595 2410 3662 jam
2436 3603 2558 3649 ante
2573 3593 2836 3648 actionem
2864 3592 3041 3650 virtuti
3063 3591 3373 3662 applicaret,
3405 3591 3651 3646 infestam

2069 3693 2246 3740 autem
2289 3684 2536 3740 redderet
2564 3683 2907 3753 improbitati.
2932 3683 3079 3739 Sicut
3118 3683 3272 3754 igitur
3299 3682 3429 3746 dixi,
3460 3681 3650 3736 horum

2070 3775 2285 3845 quidem
2338 3775 2617 3834 amborum
2663 3774 2897 3845 cognitio
2938 3773 3174 3828 omnium
3222 3772 3490 3827 hominum
3517 3787 3652 3825 con-

2071 3866 2305 3920 scientiie
2354 3866 2510 3921 insita
2555 3873 2675 3932 cst,
2717 3881 2814 3919 nec
2843 3865 2949 3918 ullo
2991 3865 3287 3934 indigemus
3327 3872 3655 3933 prmceptore

2069 3957 2132 4010 ad
2165 3956 2280 4011 iure
2309 3957 2589 4021 discenda;
2633 3956 2937 4012 emendatio
2964 3970 3091 4009 vero
3126 3955 3428 4020 laboribus,
3461 3953 3654 4008 volun-

2072 4050 2161 4103 tati
2187 4059 2238 4103 et
2266 4048 2441 4104 studio
2469 4049 2593 4103 data
2631 4056 2733 4103 est.
2780 4048 2955 4117 Quare
2999 4047 3250 4102 tandem?
3299 4047 3559 4114 Quoniam
3605 4047 3651 4102 si

2071 4150 2240 4194 totum
2290 4149 2493 4194 natura:
2541 4139 2851 4204 tribuisset,
2898 4140 3014 4194 sine
3060 4138 3277 4193 coronis
3319 4149 3372 4192 et
3420 4137 3654 4206 praemiis

2069 4230 2402 4285 fuissemus:
2438 4239 2493 4285 et
2532 4231 2669 4285 sicut
2719 4231 2872 4286 bruta
2920 4230 3175 4284 virtutum
3215 4244 3345 4299 quas
3395 4228 3591 4283 habent
3619 4245 3650 4284 a

2070 4335 2277 4388 natura,
2310 4322 2610 4376 mercedem
2635 4331 2727 4376 aut
2749 4320 2957 4376 laudem
2981 4337 3173 4387 capere
3199 4337 3304 4374 non
3326 4321 3537 4383 debent,
3571 4321 3652 4374 sic

2070 4427 2241 4481 neque
2266 4427 2398 4474 nos.
2445 4411 2488 4466 si
2523 4411 2710 4466 horum
2752 4410 2949 4480 aliquid
2995 4409 3382 4463 haimissemus.
3437 4409 3650 4464 Natum!

2067 4504 2209 4558 enim
2241 4519 2460 4557 munera
2487 4519 2588 4557 non
2622 4502 2928 4556 habentium
2951 4544 2967 4566 ,
3012 4504 3104 4556 sed
3133 4503 3333 4554 daturis
3372 4512 3495 4554 sunt
3534 4501 3653 4556 laus

2067 4603 2118 4649 ct
2141 4594 2557 4648 commendatio.
2611 4594 2732 4646 Ideo
2760 4593 2916 4661 igitur
2948 4610 3052 4645 non
3085 4603 3250 4646 totum
3291 4603 3492 4646 naturm
3523 4607 3651 4662 per-

2067 4684 2212 4739 misit
2243 4700 2256 4737 :
2288 4698 2349 4737 ac
2395 4698 2608 4738 rursum
2653 4683 2980 4737 voluntatem
3019 4693 3186 4736 totum
3235 4683 3443 4753 pondus
3480 4683 3654 4737 susci-

2069 4790 2195 4845 pere
2222 4790 2325 4828 non
2357 4776 2625 4828 concessit
2647 4814 2665 4839 ,
2697 4785 2750 4828 et
2779 4775 3118 4843 cognitionis,
3152 4783 3208 4827 et
3236 4775 3650 4836 emendationis,

2067 4882 2135 4921 ne
2160 4884 2188 4920 a
2220 4867 2428 4920 virtutis
2465 4867 2732 4920 laboribus
2754 4865 3096 4928 abhorreret;
3126 4865 3216 4918 sed
3248 4865 3412 4918 dictat
3438 4864 3651 4932 quidem

2067 4958 2167 5028 ipsi
2212 4958 2534 5012 conscientia
2578 4973 2695 5027 qua:
2739 4965 2865 5012 sunt
2903 4956 3145 5026 agenda,
3191 4955 3256 5008 ad
3283 4954 3648 5024 operationem

2068 5065 2196 5103 vero
2223 5049 2334 5118 ipsa
2364 5048 2429 5102 de
2458 5063 2558 5101 suo
2585 5049 2767 5102 labore
2797 5046 2971 5101 atl'ert.
3023 5048 3087 5101 Et
3130 5047 3268 5116 quod
3297 5047 3490 5101 bonum
3529 5046 3649 5115 qui-

2069 5140 2191 5194 dem
2217 5139 2285 5194 sit
2312 5139 2586 5192 moderate
2613 5139 2791 5193 vivere
2811 5180 2827 5203 ,
2869 5138 2983 5192 sine
3023 5138 3201 5191 labore
3231 5137 3476 5192 novimus
3504 5152 3520 5189 :
3547 5150 3617 5190 na
3635 5165 3650 5174 -

2069 5233 2253 5288 turalis
2291 5233 2432 5287 enim
2473 5243 2556 5286 cst
2604 5232 2864 5302 eognitio;
2917 5231 3320 5300 temperantiam
3373 5244 3498 5284 vero
3541 5244 3649 5282 non

2067 5339 2351 5395 possumus
2392 5339 2644 5380 exercere
2667 5366 2683 5390 ,
2716 5325 2818 5380 nisi
2847 5324 3182 5388 laborantes,
3221 5330 3278 5375 et
3303 5320 3649 5390 cupiditatem

2071 5419 2434 5480 refrwnantcs,
2463 5417 2791 5485 multumque
2811 5415 3099 5469 subeuntes
3127 5412 3345 5468 laboris.
3373 5412 3486 5466 Non
3507 5413 3651 5463 enim

2073 5509 2176 5564 hoc
2195 5522 2406 5579 quoque
2428 5507 2581 5561 nobis
2610 5505 2757 5562 adest
2790 5521 2820 5560 a
2849 5514 3031 5560 natura
3055 5546 3070 5574 ,
3101 5505 3234 5560 sicut
3265 5502 3528 5575 cognitio,
3559 5500 3652 5556 sed
