4070 6208
252 299 351 364 139

250 423 640 494 ἐξητασμένων
669 423 766 493 «τὴν
788 421 989 491 γνῶσιν
1009 439 1021 452 '
1051 415 1274 476 ¹ἔσεσθαι
1304 425 1412 495 γάρ
1439 441 1493 476 τι
1527 424 1657 482 ἴσως
1691 415 1928 490 χρηστὸν

253 511 362 564 ἀπὸ
384 513 482 581 τῆς
506 509 853 579 ὑπερθέσεως
882 511 1104 581 ταύτης.
1127 513 1236 564 Καὶ
1263 512 1438 564 κοιναὶ
1461 509 1610 582 παρὰ
1631 508 1724 562 τοῦ
1753 507 1926 577 δήμου

251 599 400 652 λιταὶ
431 597 572 668 πρὸς
592 599 685 651 τὸν
717 597 1101 668 φιλάνθρωπον
1128 600 1259 652 Θεὸν
1293 600 1692 668 ἀνεπέμποντο,
1723 596 1794 648 τὰ
1822 594 1934 646 λεί-

252 684 401 756 («an
445 687 618 739 σῶσαι
650 683 751 757 τῆς
791 681 1029 751 πόλεως,
1067 688 1161 740 καὶ
1209 687 1282 758 μὴ
1322 686 1583 758 περιιδεῖν
1633 684 1814 737 τέλεον
1870 684 1934 735 ἐκ

256 773 476 846 βάθρων
521 775 926 846 άνασπιυμένην
955 775 1145 845 αὑτήν.
1197 774 1300 829 Καὶ
1330 777 1430 828 οὑκ
1466 771 1535 845 ἦν
1595 771 1721 826 ἰδεῖν
1748 771 1935 824 οὐδένα

255 861 524 932 ἀδακρυτὶ
565 861 739 914 ταῦτα
778 861 1015 932 βοῶντα·
1055 861 1170 916 ἀλλ’
1200 863 1348 932 ὅμως
1382 863 1534 916 οὐδὲν
1564 860 1770 915 τούτων
1809 859 1936 921 τοὺς

254 948 580 1012 δικάζοντας
615 943 766 1002 ἔνδον
787 949 1086 1014 ἀκούοντας
1113 949 1264 1021 [1³56]
1289 949 1609 1020 ἐπέκαμπτε
1641 948 1784 1008 τότε,
1819 945 1935 999 ἀλλ’

257 1035 321 1087 ἐν
351 1037 511 1106 μόνον
538 1037 827 1101 ἐσκόπουν,
855 1038 1003 1100 ὅπως
1033 1037 1268 1108 ἀκριϐὴς
1292 1036 1515 1107 γένηται
1543 1039 1577 1108 ἡ
1607 1036 1715 1090 τῶν
1736 1035 1937 1106 τολμη-

258 1123 465 1177 θέντων
494 1125 736 1188 ἐξέτασις
755 1142 768 1154 ·
801 1125 896 1178 καὶ
921 1125 1072 1188 τέλος
1097 1125 1312 1189 ἁλύσεις
1336 1126 1518 1188 αὐτοῖς
1547 1125 1860 1195 περιθέντες
1884 1137 1934 1185 υ,

255 1211 358 1267 καὶ
389 1212 592 1283 σιδήρῳ
620 1212 901 1284 δήσαντες,
939 1213 1031 1266 ἐπὶ
1065 1213 1124 1266 τὸ
1164 1211 1534 1285 δεσμωτήριον
1574 1212 1819 1284 ἔπεμπον
1851 1211 1938 1265 διὰ

259 1299 438 1368 μέσης
463 1300 559 1368 τῆς
577 1300 639 1366 ἀγ
653 1299 806 1370 ορᾶζ,
827 1298 1146 1371 ἀνθρώπους
1170 1300 1554 1371 ἱπποτρόφους,
1576 1300 1936 1369 ἀγωνοθέτας,

255 1386 460 1456 ἐτέρας
495 1387 693 1458 μυρίας
724 1386 1111 1459 λαμπροτέρας
1151 1386 1372 1458 ἔχοντας
1416 1388 1666 1460 ἀριθμεῖν
1700 1387 1939 1458 λειτουρ-

252 1474 423 1540 γίας,
463 1476 558 1528 καὶ
590 1474 692 1538 τὰς
727 1473 916 1539 οὐσίας
955 1475 1247 1547 ἐδήμευον,
1279 1476 1374 1530 καὶ
1411 1477 1697 1548 σήμαντρα
1732 1478 1788 1530 ἐν
1819 1479 1940 1540 ταῖς

257 1561 461 1633 θύραις
507 1561 764 1616 ἁπάντων
793 1558 863 1634 ἦν
909 1563 1055 1618 ἰδεῖν.
1097 1563 1209 1617 Kal.
1247 1565 1304 1617 αι
1344 1568 1597 1633 γυναῖκες
1632 1567 1687 1618 αἱ
1735 1563 1938 1616 τούτων

252 1650 364 1718 τῆς
389 1649 652 1721 πατρῴας
684 1648 1081 1721 ἐκϐαλλόμεναι
1109 1650 1305 1716 οίκίας,
1331 1651 1536 1722 ἑκάστη
1558 1647 1732 1703 ἐκεῖνο
1754 1649 1815 1702 τὸ
1838 1649 1940 1719 τῆς

257 1736 524 1804 γυναικὸς
548 1737 642 1790 τοῦ
677 1735 798 1790 Ἰὼϐ
822 1737 911 1791 διά
937 1737 1048 1792 τῶν
1078 1737 1256 1809 ἔργων
1286 1738 1558 1810 ἐπλήρουν
1577 1755 1592 1770 ·
1623 1737 1800 1791 οἰκίαν
1830 1736 1940 1808 γὰρ

258 1823 328 1889 ἐξ
359 1824 536 1889 οἰκίας
576 1825 672 1879 καὶ
703 1825 868 1879 τόπον
907 1826 973 1879 ἐκ
1006 1826 1172 1879 τόπου
1202 1827 1561 1899 περιήρχοντο
1591 1824 1938 1893 καταγωγίου

251 1911 540 1982 δεόμεναι.
586 1913 698 1967 Καὶ
725 1913 836 1986 γάρ
860 1912 985 1967 ούδέ
1013 1912 1171 1967 τοῦτο
1211 1914 1344 1968 αὑτὸ
1376 1916 1566 1978 αὑταῖς
1593 1914 1812 1968 εὔκολον
1847 1910 1936 1986 ἦν,

255 1996 497 2052 ἑκάστου
521 1993 818 2063 δεδοικότος
846 2001 942 2053 καὶ
970 1999 1263 2071 τρέμοντος
1278 2000 1387 2055 τῶν
1413 2000 1798 2073 προσηκόντων
1819 2001 1941 2054 τινά

255 2085 372 2139 τῶν
403 2087 721 2141 ὑπευθύνων
740 2087 1102 2152 ὑποδέξασθαι
1135 2089 1230 2142 καὶ
1263 2087 1620 2160 θεραπεῦσαι.

336 2181 405 2243 τ.
427 2173 732 2247 Ἀλλ’ὃμως
755 2175 1026 2230 τοσούτων
1041 2177 1367 2248 γενομένων,
1391 2176 1644 2248 ἔστεργον
1672 2178 1808 2230 πᾶσι
1821 2175 1943 2228 τού-

255 2277 376 2326 τοις
407 2265 458 2316 οἱ
497 2262 801 2327 παθόντες,
845 2263 1036 2335 ἐπειδὴ
1081 2265 1181 2335 τῆς
1213 2263 1496 2336 παρούσης
1533 2265 1633 2317 οὑκ
1677 2263 1942 2328 ἐξέπεσαν

256 2350 445 2420 Coiﬁ;-
483 2351 580 2404 καὶ
617 2349 741 2404 οὕτε
772 2347 947 2422 ζημία
977 2351 1298 2422 χρημάτων,
1329 2351 1454 2405 οὔτε
1490 2351 1700 2423 ἀτιμία,
1735 2350 1860 2405 οὕτε
1907 2353 1940 2423 ἡ

255 2438 502 2509 τοσαύτη
537 2437 752 2510 πομπή.
773 2437 898 2492 οὔτε
920 2437 1050 2493 ἀλλο
1078 2457 1130 2492 τι
1151 2439 1262 2492 τῶν
1287 2438 1544 2495 τοιούτων
1567 2439 1719 2494 οὐδὲν
1747 2439 1943 2504 αὐτοὺς

255 2528 478 2582 ἔδακνε.
507 2526 581 2580 Τὸ
610 2525 720 2598 γάρ
749 2526 851 2597 τῆς
878 2528 1166 2598 συμφορᾶς
1191 2526 1442 2598 μέγεθος,
1475 2528 1570 2582 καὶ
1603 2525 1686 2592 τὸ,
1721 2527 1942 2599 μείζονα

257 2614 744 2688 προσδοκήσαντας
771 2613 1009 2678 τούτων,
1039 2613 1212 2668 ταῦτα
1256 2615 1548 2685 ὑπομεῖναι
1569 2654 1584 2678 ,
1633 2616 1942 2684 φιλοσοφεῖν

254 2701 653 2774 παρεσκεύαζε
680 2701 778 2774 τὴν
815 2701 1014 2772 ψυχήν.
1054 2701 1166 2755 Καὶ
1206 2703 1328 2756 τότε
1362 2700 1668 2774 ἐμάνθανον
1702 2704 1820 2767 πῶς
1849 2703 1940 2756 εύ-

256 2793 422 2848 κολον
451 2791 638 2864 ήμίνή
665 2791 858 2864 ἀρετή,
887 2791 1066 2865 ῥᾴδιόν
1092 2808 1154 2846 τε
1179 2792 1272 2847 καὶ
1297 2793 1723 2864 εὑκατόρθωτον,
1748 2793 1841 2847 καὶ
1860 2793 1941 2846 ὅτι

253 2880 420 2952 παρά
483 2879 580 2951 τὴν
640 2880 916 2952 ἡμετέραν
961 2879 1254 2952 ὀλιγωρίαν
1306 2880 1465 2952 μόνον
1507 2879 1760 2943 ἐπίπονος
1803 2878 1942 2933 εἶναι

254 2969 435 3024 δοκεῖ.
456 2963 614 3023 Οὗτοι
641 2967 751 3038 γάρ
771 2968 822 3020 οἱ
845 2967 953 3039 πρὸ
977 2967 1167 3021 τούτου
1192 2968 1494 3040 χρημάτων
1519 2967 1716 3036 ὀλίγων
1739 2967 1942 3038 ζημίαν

253 3058 365 3110 οὐκ
393 3056 714 3124 ἐνεγκόντες
743 3057 958 3127 πράως,
991 3055 1178 3127 ἐπειδὴ
1208 3052 1360 3128 φόϐῳ
1392 3056 1797 3128 κατεσχέθησαν
1826 3055 1944 3127 μεί-

257 3147 403 3211 ξονι,
446 3143 626 3197 πάντα
652 3143 720 3198 τά
765 3143 896 3198 ϐντα
935 3143 1321 3208 ἀποϐαλόντες,
1355 3144 1432 3208 ὡς
1470 3145 1740 3216 θησαυρὸν
1776 3144 1942 3215 εὑρη-

255 3233 426 3295 κότες
447 3230 732 3294 διέκειντο,
761 3229 844 3284 ὅτι
869 3229 970 3301 τήν
996 3230 1173 3302 ψυχὴν
1198 3231 1225 3270 b
1254 3231 1354 3284 οὐκ
1384 3228 1675 3285 ἀπέϐαλον.
1698 3229 1861 3283 ’Ὥστε
1894 3231 1942 3282 εί

255 3320 362 3373 καὶ
379 3320 484 3389 τῆς
505 3317 805 3390 μελλούσης
827 3317 1054 3388 γεέννης
1079 3314 1225 3389 εἶχεν
1254 3319 1402 3389 ἡμᾶς
1427 3317 1700 3388 αἴσθησις,
1721 3318 1816 3372 καὶ
1843 3317 1943 3382 τάς

256 3408 580 3478 ἀφορήτους
601 3404 814 3470 ἐκείνας
830 3401 1148 3476 ἐνενοοῦμεν
1164 3405 1434 3470 κολάσεις,
1455 3408 1502 3460 εί
1517 3407 1614 3460 καὶ
1637 3405 1735 3478 τὴν
1756 3406 1942 3460 οὑσίαν

257 3495 364 3548 καὶ
388 3494 490 3564 τήν
519 3493 697 3565 ψυχὴν
721 3495 816 3547 καὶ
850 3493 913 3546 τὸ
947 3493 1108 3564 σῶμα
1132 3491 1489 3564 ἐπεδώκαμεν
1529 3493 1670 3564 ὑπὲρ
1713 3493 1824 3547 τῶν
1846 3493 1942 3548 τοῦ

254 3581 404 3635 Θεοῦ
431 3581 632 3652 νόμων,
649 3581 750 3634 οὑκ
781 3579 848 3634 ἀν
876 3579 1217 3652 ήλγήσαμεν,
1235 3579 1435 3644 εἰδότες
1465 3581 1547 3634 ὃτι
1573 3581 1792 3653 μείζονα
1813 3597 1944 3653 κερ-

249 3669 537 3739 δανοῦμεν
565 3667 666 3739 τήν
693 3667 802 3722 τῶν
831 3667 1141 3739 μελλόντων
1181 3668 1370 3722 δεινῶν
1414 3668 1758 3741 ἀπαλλαγήν.
1789 3669 1944 3739 Τάχα

257 3755 476 3820 lxaw'o;
519 3757 672 3827 ὑμῶν
702 3754 1046 3826 κατεμάλαξε
1081 3757 1181 3827 τὴν
1210 3756 1442 3828 καρδίαν
1470 3761 1503 3827 ή
1535 3753 1809 3828 τραγῳδία
1835 3758 1944 3811 τῶν

256 3843 600 3914 εἰρημένων,
621 3842 756 3897 ἀλλά
784 3843 860 3914 μὴ
881 3843 1271 3915 δυσχεράνητε.
1295 3844 1403 3898 Καὶ
1425 3845 1534 3916 γάρ
1553 3845 1740 3916 ἐπειδὴ
1766 3845 1945 3916 μέλλω

254 3931 618 4002 λεπτοτέρων
668 3931 1016 4002 κατατολμᾷν
1065 3931 1354 4002 νοημάτων
1371 3971 1386 3997 ,
1434 3934 1531 3986 καὶ
1587 3933 1946 4003 ἀπαλωτέρας

249 4019 465 4089 δέομαι
491 4018 748 4084 διανοίας,
786 4018 1041 4089 ἐπίτηδες
1065 4018 1224 4073 τοῦτο
1255 4019 1506 4091 ἐποίησα,
1522 4018 1664 4075 ὥστε
1691 4020 1769 4092 τῷ
1795 4021 1947 4093 φόϐῳ

253 4106 368 4160 τοῦ
390 4106 728 4178 διηγήματος
759 4105 859 4177 τὴν
886 4106 1124 4160 διάνοιαν
1155 4107 1311 4178 ὑμῶν
1339 4109 1520 4162 πᾶσαν
1542 4109 1944 4180 ἀποτιναξαμέ-

253 4211 372 4265 νην
393 4204 419 4231 ε
459 4192 752 4264 ρᾳθυμίαν,
780 4193 874 4246 καὶ
900 4193 1009 4246 τῶν
1045 4193 1314 4263 βιωτικῶν
1350 4195 1744 4251 ἀπαναστᾶσαν
1775 4195 1948 4250 ἁπάν-

252 4297 404 4344 των,
426 4279 567 4350 μετά
591 4280 789 4352 πολλῆς
815 4280 914 4350 τῆς
939 4280 1187 4343 εὐκολίας
1210 4281 1346 4353 πρὸς
1367 4282 1429 4335 τὸ
1459 4282 1620 4352 βάθος
1643 4282 1743 4353 τῆς
1769 4283 1949 4354 ψυχῆς

256 4369 648 4440 παραπέμψαι
682 4369 791 4424 τῶν
818 4369 1127 4440 λεγομένων
1160 4370 1258 4442 τὴν
1282 4369 1534 4442 δύναμιν.

341 4456 416 4525 γ’.
437 4457 661 4520 ἰκανῶς
687 4455 784 4526 μὲν
816 4452 910 4510 οὖν
939 4457 1033 4510 καὶ
1051 4456 1287 4530 πρώηνξή
1297 4460 1389 4528 μῖν
1408 4461 1437 4512 ό
1459 4457 1615 4526 λόγος
1647 4459 1946 4524 ἀπέδειξεν,

249 4545 359 4600 δτι
389 4544 614 4610 ςυσικὺς
650 4545 782 4614 ἡμῖν
811 4543 1053 4611 ἔγκειται
1084 4544 1248 4614 νόμος
1272 4545 1381 4599 τῶν
1407 4546 1588 4600 καλῶν
1619 4547 1714 4600 καὶ
1757 4546 1862 4600 τῶν
1886 4549 1948 4600 ού

248 4631 566 4686 τοιούτων·
597 4631 685 4684 ῖνα
711 4631 767 4683 δὲ
804 4632 867 4684 ἐκ
897 4633 1213 4703 περιουσίας
1241 4635 1376 4704 ἡμῖν
1415 4635 1447 4705 ή
1481 4633 1755 4698 ἀπόδειξις
1789 4634 1951 4704 γένη-

247 4736 387 4780 ται,
418 4721 488 4786 τῇ
522 4719 658 4789 αὐτῇ
703 4721 797 4771 καὶ
836 4720 1078 4790 σήμερον
1125 4720 1576 4792 ἐπαγωνιούμεθα
1625 4721 1788 4774 πάλιν
1819 4721 1952 4775 ὑπο-

249 4806 428 4859 θέσει
461 4804 570 4859 τῶν
612 4804 807 4874 λόγων.
850 4805 973 4860 Ὀτι
1019 4806 1129 4878 γάρ
1164 4807 1225 4874 ἐξ
1269 4809 1444 4880 ἀρχῆς
1469 4805 1497 4846 ά
1530 4808 1622 4862 τὸν
1664 4809 1952 4880 ἄνθρωπον

244 4894 534 4947 πλάττων
553 4894 582 4945 ό
596 4892 725 4955 Θεὸς
742 4895 1062 4966 ἀμφοτέρων
1083 4895 1243 4951 αὑτὸν
1269 4896 1688 4966 ἐπιστημονικὸν
1703 4897 1950 4968 ἐποίησε,

243 4979 503 5051 δηλοῦσι
533 4979 733 5043 πάντες
782 4980 1060 5052 ἄνθρωποι
1081 4998 1094 5011 ⁶
1129 4983 1255 5046 τοὺς
1283 4982 1414 5052 γοῦν
1451 4983 1783 5048 ὑπευθύνους
1822 4985 1954 5055 ἡμῖν

240 5067 653 5138 αἰσχυνόμεθα
699 5069 1102 5141 ἁμαρτάνοντες
1147 5071 1417 5137 ἅπαντες,
1455 5073 1550 5126 καὶ
1579 5072 1838 5138 πολλάκις
1868 5073 1956 5127 δεο

244 5156 491 5225 σπότης
524 5155 659 5226 πρὸς
694 5155 897 5227 πόρνην
936 5160 1171 5226 γυναῖκα
1207 5157 1462 5228 βαδίζων,
1488 5154 1606 5212 εἶτα
1638 5160 1746 5212 τῶν
1782 5162 1957 5215 ἐπιει-

239 5243 562 5313 κεστέρων
588 5242 709 5296 τινὰ
738 5245 964 5299 οίκετῶν
995 5244 1136 5308 ἰδὼν,
1166 5246 1494 5320 ἐρυθριάσας
1519 5246 1833 5319 ἀνεχώρησε
1858 5251 1957 5321 τῆς

239 5335 489 5389 ἀτόπου
521 5331 724 5401 ταύτης
763 5333 904 5386 όδού.
941 5329 1112 5386 Πάλιν
1143 5333 1540 5406 λοιδορούμενοι
1585 5336 1716 5407 παρ’
1755 5337 1957 5409 ἐτέρων

237 5424 338 5477 τὰ
375 5420 479 5488 τῆς
508 5419 770 5490 πονηρίας
793 5420 1052 5491 ὀνόματα,
1077 5421 1232 5494 ὑϐριν
1250 5421 1311 5476 τὸ
1336 5423 1566 5492 πρᾶγμα
1587 5417 1726 5476 εἷναί
1748 5442 1955 5494 φαμεν·

239 5511 388 5564 κᾶν
418 5507 609 5570 κακῶς
652 5507 951 5578 πάσχωμεν
977 5521 1024 5572 ο,
1061 5513 1139 5573 είς
1185 5511 1536 5583 δικαστήριον
1576 5509 1805 5582 ἕλκομεν
1831 5513 1956 5578 τοὺς

329 5617 364 5680 ξι
399 5612 549 5680 ἕνη.
576 5618 625 5664 ει
657 5611 846 5680 aliquot
1013 5615 1258 5680 ἐπιθέντες,
1281 5615 1454 5680 Morel.
1491 5620 1545 5664 et.
1575 5615 1658 5664 alii
1681 5618 1962 5680 περιθέντες.

325 5674 371 5743 ξ
405 5673 1136 5743 ξμιπριἀυἰδσιῃ-ειῆὶ-ἐπειδή
1158 5673 1433 5743 τὴνψυχήν.

327 5741 366 5770 ⁸
402 5737 487 5785 Sic
506 5737 614 5794 alii,
637 5737 795 5799 inquit.
819 5737 986 5787 Llnnlf.
1005 5778 1017 5798 ,
1053 5741 1238 5788 rectius
1264 5737 1409 5801 Quam
1446 5739 1553 5801 ipse
1575 5739 1958 5798 ἀποτινάξασθαι.

331 5813 640 5932 ἓᾎῃὶὶξι
659 5857 808 5919 aliqui
835 5861 906 5909 ὅτι
930 5861 1017 5930 γὰρ
1043 5864 1089 5920 ἐξ
1109 5863 1277 5928 ἀρχῆς,
1308 5861 1425 5914 Mor.
1453 5867 1506 5913 cl
1528 5861 1610 5912 alii
1631 5863 1702 5912 ὅτι
1727 5864 1772 5922 ἐξ
1793 5867 1957 5932 ἀρχῆς.

329 5925 368 5955 ⁸
393 5921 496 5972 Διίί
519 5921 759 5979 πάθωμεν.

1235 301 1325 362 AD
1362 294 1691 361 Porum.“
1731 287 2224 356 ANTIOCHENUM
2265 295 2493 356 HOMIL.
2536 297 2670 355 xm.

3602 294 3699 347 HO

2036 415 2391 486 ποιήσαντας.
2423 416 2607 480 Οὕτως
2640 415 2797 487 ίσμεν
2835 412 2886 468 τί
2937 431 3032 486 μεν
3085 413 3270 475 κακία,
3313 411 3366 463 τί
3404 408 3461 464 δέ
3510 409 3699 478 ἀρετή.

2107 503 2279 558 Τοῦτο
2311 505 2440 574 γοῦν
2487 504 2619 558 αὐτὸ
2661 503 2755 556 καὶ
2787 504 2815 556 ό
2843 500 3076 572 Χριστὸς
3123 501 3402 570 ἐμφαίνων
3435 493 3586 568 [157]
3612 493 3706 548 καὶ

2034 591 2270 656 δεικνὺς,
2291 594 2372 646 δτι
2394 592 2546 646 οὐδὲν
2570 591 2720 658 ξένον
2747 590 2868 644 οὑδὲ
2895 588 3221 659 ύπερϐαῖνον
3245 586 3401 658 ἡμῶν
3425 583 3525 654 τὴν
3545 583 3707 652 φύσιν

2035 681 2333 751 νομοθετεῖ.
2367 682 2480 736 ἀλλ’
2523 682 2551 735 ὃ
2601 680 2768 734 πάλαι
2817 676 3106 750 προλαϐὼν
3149 677 3517 747 ἐγκατέθηκεν
3548 669 3707 744 ἡμῶν

2035 771 2112 840 τῷ
2147 769 2431 835 συνειδότι,
2465 769 2604 842 μετά
2629 771 2757 833 τοὺς
2787 768 3017 833 πολλοὺς
3050 766 3292 829 ἐκείνους
3325 765 3712 836 μακαρισμοὺς

1979 889 1996 903 ι
2033 858 2205 922 οὕτως
2238 858 2422 928 ἔλεγεν
2443 877 2456 891 ο
2491 859 2561 911 ’Ἀ
2588 855 2792 914 θέλετε
2828 853 2930 911 ἵνα
2959 855 3214 911 ποιῶσιν
3243 852 3386 923 ὑμῖν
3412 855 3465 906 οὶ
3489 851 3712 920 ἄνθρω-

2035 961 2157 1013 ποι,
2181 947 2369 1002 ταῦτα
2396 946 2497 1001 καί
2524 947 2694 1017 ὑμεῖς
2716 946 2936 1000 ποιεῖτε
2965 944 3190 1011 αὐτοῖς.
3208 944 3284 997 Οὐ
3313 941 3470 1014 χρεία
3499 940 3712 998 πολλῶν

2035 1035 2230 1104 λόγων,
2252 1036 2438 1107 φησὶν,
2467 1036 2588 1090 οὑδὲ
2619 1035 2974 1106 μακροτέρων
3001 1029 3201 1103 νόμων,
3219 1027 3340 1084 οὑδέ
3365 1028 3712 1091 διδασκαλίας

2038 1124 2286 1196 ποικίλης
2302 1141 2315 1152 ·
2333 1125 2394 1177 τὸ
2410 1123 2623 1194 θέλημά
2641 1141 2733 1176 σου
2754 1122 2994 1192 γενέσθω
3009 1122 3194 1192 νόμος.
3209 1119 3395 1181 Θέλεις
3412 1117 3716 1190 εὐεργετεῖ-

2040 1211 2164 1266 σθαι
2188 1230 2200 1276 ;
2222 1211 2578 1285 εὐεργέτησον
2606 1213 2813 1284 ἕτερον.
2831 1210 3019 1275 Θέλεις
3043 1209 3343 1276 mercem;
3377 1208 3597 1279 ἐλέησον
3619 1206 3716 1259 τὸν

2039 1299 2286 1370 πλησίον.
2331 1300 2514 1364 Θέλεις
2547 1299 2915 1364 ἐπαινεῖσθαις
2953 1298 3238 1352 ἐπαίνεσον
3277 1297 3481 1366 ἕτερον.
3523 1291 3719 1358 Θέλεις

2038 1388 2386 1457 ἀγαπᾶσθαι;
2421 1388 2668 1460 φίλησον.
2714 1388 2901 1451 Θέλεις
2937 1386 3046 1439 τῶν
3077 1383 3361 1458 πρωτείων
3389 1379 3704 1439 ἀπολαύειν,

2039 1476 2340 1548 παραχώρη
2349 1494 2437 1529 σον
2459 1476 2628 1547 ἐτέρῳ
2646 1473 2910 1547 πρότερον
2922 1473 3144 1527 τούτων.
3159 1472 3232 1524 Σὺ
3250 1468 3410 1539 γενοῦ
3428 1467 3717 1538 δικαστής,

2042 1565 2105 1618 σὺ
2134 1564 2294 1632 γενοῦ
2333 1564 2634 1635 νομοθέτης
2671 1563 2774 1633 τῆς
2814 1562 3010 1616 σαυτοῦ
3035 1558 3206 1629 ζωῆς.
3255 1559 3365 1612 Kal.
3399 1556 3592 1609 πάλινο
3640 1556 3712 1608 ὀ

2033 1651 2254 1721 μισεῖς,
2280 1651 2448 1715 ἄλλῳ
2471 1649 2558 1720 μὴ
2593 1650 2880 1719 ποιήσῃς.
2913 1648 3012 1702 Διὰ
3042 1648 3137 1717 μὲν
3163 1645 3349 1698 τούτου
3380 1645 3478 1714 τῆς
3513 1641 3714 1704 κακίας

2040 1737 2252 1807 εἰσάγει
2280 1737 2379 1808 τήν
2403 1737 2746 1809 ἀπαλλαγὴν,
2781 1735 2870 1790 διὰ
2892 1736 2949 1789 δέ
2972 1735 3065 1788 τού
3092 1733 3357 1804 προτέρου
3383 1733 3478 1801 τῆς
3513 1729 3715 1800 ἀρετῆς

2041 1825 2138 1898 τὴν
2167 1826 2447 1895 ἐργασίαν.
2496 1827 2566 1879 Ὃ
2597 1823 2819 1893 μισεῖς,
2855 1821 3022 1887 ἄλλῳ
3065 1820 3149 1890 μὴ
3196 1818 3477 1887 ποιήσῃς.
3523 1817 3717 1878 Μισεῖς

2043 1913 2391 1986 ὑϐρίζεσθαι;
2424 1913 2499 1985 μὴ
2539 1912 2767 1984 ὑϐρίσῃς
2807 1912 3016 1984 ἕτερον.
3059 1911 3253 1972 Μισεῖς
3289 1904 3716 1978 βασκαίνεσθαις

2045 2001 2182 2072 μηδέ
2211 2003 2275 2055 σὺ
2325 2002 2603 2073 φθονήσῃς
2637 2001 2829 2071 ἑτέρῳ.
2868 2000 3064 2062 Μισεῖς
3097 1994 3446 2060 ἀπατᾶσθαι;
3483 1993 3615 2065 μηδὲ
3649 1993 3713 2048 σύ

2041 2091 2335 2162 ἀπατήσης
2365 2088 2545 2143 ἄλλον..
2573 2088 2682 2142 Kal.
2713 2085 2806 2140 ἐπὶ
2848 2083 3065 2141 πάντων
3093 2084 3149 2138 δέ
3178 2083 3385 2146 ἁπλῶς,
3421 2081 3488 2135 ἂν
3527 2081 3596 2135 τὰ
3629 2077 3724 2132 δύο

2045 2178 2265 2248 ῥήματα
2311 2177 2485 2232 ταῦτα
2531 2175 2873 2247 κατέχωμεν,
2914 2175 2976 2228 οὑ
3029 2171 3337 2244 δεησόμεθα
3370 2166 3714 2238 διδασκαλίας

2041 2265 2258 2337 ἐτέρας.
2291 2265 2403 2337 Τῆς
2435 2262 2544 2337 γάρ
2574 2265 2777 2337 ἀρετῆς
2800 2263 2900 2335 τὴν
2931 2261 3028 2334 μὲν
3054 2261 3256 2332 γνῶσιν
3278 2258 3533 2329 ἐνέθηκεν
3559 2257 3717 2328 ήμῶν

2040 2356 2106 2425 τῇ
2136 2353 2318 2424 φύσει,
2357 2350 2455 2426 τήν
2489 2352 2546 2408 δὲ
2591 2353 2791 2426 πρᾶξιν
2828 2351 2924 2406 καὶ
2953 2350 3052 2421 τὴν
3091 2347 3379 2419 διόρθωσιν
3421 2344 3645 2416 ἐπέτρειζ
3659 2361 3717 2397 εν

2040 2441 2201 2512 ήμῶν
2231 2442 2298 2516 τῇ
2325 2442 2665 2514 προαιρέσει.
2686 2441 2840 2512 Τάχα
2862 2438 3071 2507 ἀσαφὲς
3095 2435 3157 2490 τὸ
3178 2436 3468 2506 λεγόμενον
3484 2452 3497 2464 ο
3521 2433 3719 2486 ούκοῦν

2043 2531 2378 2602 πειράσομαι
2409 2529 2742 2600 σαφέστερον
2770 2527 2903 2580 αὑτὸ
2927 2525 3152 2595 ποιῆσαι
3177 2525 3360 2578 πάλιν.
3394 2523 3557 2575 ’Ὥστε
3585 2521 3720 2573 εἰδέ-

2041 2634 2129 2670 ναι
2181 2617 2264 2670 ὅτι
2312 2615 2478 2670 καλὸν
2515 2615 2576 2668 τὸ
2609 2616 2928 2686 σωφρονεῖν,
2977 2612 3038 2665 οὑ
3073 2611 3305 2681 δεόμεθα
3344 2609 3539 2677 λόγων,
3598 2607 3719 2661 οὑδὲ

2041 2703 2388 2767 διδασκαλίας
2403 2719 2416 2733 ·
2440 2700 2636 2772 ἔχομεν
2656 2701 2765 2772 γάρ
2788 2703 2845 2755 ἐν
2865 2702 2931 2771 τῇ
2958 2698 3118 2768 φύσει
3146 2698 3244 2768 τήν
3267 2695 3469 2766 γνῶσιν
3489 2694 3647 2749 αὑτοὶ
3670 2693 3717 2758 ί,

2043 2792 2139 2846 καὶ
2165 2789 2224 2846 οὑ
2257 2792 2416 2865 χρεία
2449 2790 2626 2844 πόνων
2653 2789 2775 2844 οὑδέ
2803 2787 3088 2860 καμάτων,
3117 2787 3258 2840 ὥστε
3292 2784 3598 2857 περιελθεῖν
3623 2785 3720 2838 καὶ

2045 2881 2277 2952 ζητῆσαι
2328 2883 2377 2934 εί
2430 2879 2597 2934 καλὸν
2639 2881 2673 2950 ἡ
2724 2877 3048 2950 σωφροσύνη
3089 2875 3186 2930 καὶ
3235 2877 3535 2948 χρήσιμον,
3583 2870 3722 2927 ἁλλχ

2044 2975 2198 3044 κοινῇ
2238 2969 2434 3046 γνώμῃ
2479 2971 2682 3035 πάντες
2738 2966 3110 3040 ὁμολογοῦμεν
3161 2965 3350 3025 τοῦτο.
3407 2967 3501 3020 καὶ
3546 2961 3722 3024 οὐδεὶς

2043 3059 2378 3132 ἀμφιϐάλλει
2425 3061 2558 3132 περὶ
2608 3057 2711 3131 τῆς
2753 3057 2976 3130 ἀρετῆς.
3013 3052 3172 3107 Οὕτω
3203 3054 3296 3107 καὶ
3339 3053 3438 3122 τὴν
3476 3048 3724 3122 μοιχείαν

2045 3147 2220 3203 κακὸν
2264 3139 2406 3204 εἶναι
2444 3145 2763 3219 νομίζομεν,
2795 3146 2892 3199 καὶ
2933 3142 3056 3196 ούδέ
3103 3139 3336 3195 ἐνταῦθα
3381 3139 3560 3194 πόνων
3591 3141 3722 3209 ἡμῖν

2043 3237 2124 3290 δεῖ
2149 3237 2244 3291 καὶ
2279 3236 2588 3308 μαθήσεως,
2624 3232 2767 3289 ὥστε
2802 3234 3004 3304 γνῶναι
3029 3231 3130 3302 τήν
3158 3230 3258 3299 τῆς
3283 3229 3557 3299 ἁμαρτίας
3588 3227 3721 3281 ταύ-

2044 3341 2144 3395 της
2164 3323 2366 3379 κακίαν
2381 3341 2395 3353 ·
2428 3323 2564 3378 ἀλλά
2584 3323 2786 3385 πάντες
2814 3324 2872 3376 ἐν
2898 3323 3020 3384 ταῖς
3039 3318 3315 3381 τοιαύταις
3335 3317 3534 3388 ψήφοις
3560 3314 3725 3385 ἐσμὲν

2043 3413 2434 3477 αὐτοδίδακτοι,
2460 3412 2555 3465 καὶ
2579 3411 2679 3482 τὴν
2707 3409 2930 3481 ἀρετὴν,
2955 3406 3058 3463 κᾶν
3085 3406 3160 3478 μὴ
3211 3405 3484 3477 μετίωμεν
3529 3398 3722 3469 αὑτὴν,

2044 3499 2411 3572 ἐπαινοῦμεν,
2447 3497 2636 3571 ὥσπερ
2673 3493 2768 3552 οὖν
2795 3497 2896 3567 τὴν
2928 3495 3148 3562 κακίαν,
3193 3493 3297 3548 κᾶν
3337 3491 3721 3566 ἐργαζώμεθα,

2049 3588 2336 3659 μισοῦμεν.
2359 3589 2470 3642 Καὶ
2503 3586 2662 3640 τοῦτο
2689 3583 2830 3638 Θεοῦ
2858 3582 3192 3653 κατόρθωμα
3220 3581 3411 3650 γέγονε
3440 3579 3720 3651 μέγιστον,

2042 3673 2185 3729 ὥστε
2224 3676 2286 3729 τὸ
2340 3673 2576 3739 συνειδὸς
2611 3673 2768 3744 ἡμῶν
2809 3671 2905 3726 καὶ
2943 3670 3043 3742 τὴν
3092 3671 3412 3742 προαίρεσιν
3448 3669 3585 3733 τέω-ς
3627 3671 3714 3722 καὶ

2046 3764 2152 3836 πρὸ
2179 3763 2278 3834 τῆς
2311 3763 2569 3833 πράξεως
2600 3759 2882 3815 οἰκειῶσαι
2910 3762 2935 3800 8
2963 3759 3059 3829 μὲν
3088 3760 3152 3828 τῇ
3185 3757 3374 3829 ἀρετῇ,
3406 3755 3726 3826 ἐκπολεμῶ-

2048 3869 2136 3904 σαι
2179 3851 2236 3905 δέ
2277 3852 2343 3921 τῇ
2394 3847 2646 3921 πονηρία.
2677 3848 2890 3918 Ὥσπερ
2937 3843 3030 3901 οὖν
3081 3845 3258 3916 ἔφην,
3299 3847 3334 3916 ή
3370 3846 3471 3917 μὲν
3520 3845 3722 3913 γνῶσις

2047 3937 2324 4010 ἑκατέρων
2351 3935 2557 3991 τούτων
2587 3936 2829 4005 ἔγκειται
2860 3934 2938 4006 τῷ
2973 3935 3238 3988 συνειδότι
3268 3934 3488 3988 πάντων
3515 3933 3725 4003 ἀνθρώ-

2049 4044 2186 4091 πων,
2228 4027 2321 4078 καὶ
2351 4026 2411 4078 ού
2452 4022 2685 4094 δεόμεθα
2719 4022 3040 4076 διδασκάλου
3085 4022 3231 4085 τινὸς
3263 4021 3401 4092 πρὸς
3441 4021 3504 4075 τὸ
3551 4020 3728 4076 ταῦτα

2053 4114 2246 4184 μαθεῖν
2268 4129 2280 4142 '
2311 4113 2345 4184 ἡ
2386 4113 2442 4166 δὲ
2477 4111 2764 4182 διόρθωσις
2813 4109 2998 4164 λοιπὸν
3046 4109 3360 4181 προαιρέσει
3387 4110 3483 4164 καὶ
3519 4110 3725 4181 σπουδῇ

2048 4202 2143 4255 καὶ
2165 4202 2346 4265 πόνοις
2367 4199 2790 4271 ἐγκεχείρισται.
2818 4196 2884 4250 Τί
2911 4198 3111 4270 δήποτε
3135 4214 3149 4262 ;
3180 4198 3302 4252 Ὅτι
3328 4197 3378 4250 εί
3406 4197 3468 4250 τὸ
3491 4199 3602 4250 πᾶν
3621 4197 3726 4267 τῆς

2049 4289 2264 4360 φύσεως
2317 4287 2612 4360 ἐποίησεν,
2662 4285 3036 4356 ἀστεφάνωτοι
3086 4287 3181 4340 καὶ
3232 4285 3402 4357 χωρὶς
3453 4285 3726 4357 βραϐείων

2051 4377 2366 4449 ἀπήλθομεν
2394 4377 2459 4432 ἄν
2481 4389 2496 4404 ⁸
2529 4374 2626 4430 καὶ
2651 4374 2839 4447 ὥσπερ
2873 4373 2942 4428 τά
2971 4373 3144 4442 ἄλογα
3178 4373 3290 4428 τῶν
3319 4373 3726 4446 πλεονεκτημά-

2050 4481 2158 4518 των
2217 4459 2292 4519 ὦν
2322 4464 2434 4535 ἔχει
2486 4463 2630 4517 κατά
2679 4463 2874 4532 φύσιν,
2924 4463 3023 4516 οὑκ
3058 4463 3124 4516 ἂν
3169 4461 3324 4516 λάϐοι
3363 4461 3554 4533 μισθὸν
3604 4462 3725 4516 οὐδὲ

2053 4551 2273 4607 ἔπαινον
2297 4569 2311 4583 ·
2348 4553 2520 4616 οὑτως
2547 4551 2670 4605 οὑδὲ
2710 4553 2874 4622 ἡμεῖς
2905 4550 3294 4621 ἀπελαύσαμεν
3317 4550 3385 4605 άν
3419 4568 3564 4614 τινος
3601 4551 3726 4604 τού⁴

2051 4657 2180 4694 των.
2208 4638 2290 4692 Τά
2321 4639 2430 4711 γάρ
2467 4640 2567 4709 τῆς
2596 4638 2812 4707 φύσεως
2856 4638 3305 4710 πλεονεκτήματα
3337 4639 3400 4692 οὑ
3439 4639 3548 4692 τῶν
3578 4638 3727 4708 ἐχόν-

2052 4744 2182 4792 των,
2229 4727 2365 4780 ἀλλά
2407 4727 2499 4780 τοῦ
2538 4726 2832 4790 δεδωκότος
2865 4726 3012 4780 ἐστὶν
3051 4725 3270 4791 ἔπαινος
3299 4727 3393 4780 καὶ
3430 4725 3724 4796 ἐγκώμιον.

2054 4815 2132 4886 Τῇ
2160 4814 2259 4886 μὲν
2283 4810 2375 4868 οὖν
2405 4813 2564 4882 φύσει
2592 4813 2653 4867 τὸ
2678 4817 2785 4867 πᾶν
2814 4815 2913 4867 οὑκ
2939 4814 3207 4886 ἐπέτρεψε
3229 4813 3318 4868 διά
3341 4813 3500 4866 τοῦτο
3519 4829 3533 4843 ⁸
3565 4813 3728 4867 πάλιν

2055 4905 2156 4973 τὴν
2189 4903 2510 4975 προαίρεσιν
2547 4901 2839 4972 ὁλόκληρον
2880 4903 3242 4968 ἀναδέξασθαι
3279 4902 3341 4955 τὸ
3376 4901 3596 4972 φορτίον
3627 4902 3729 4957 οὑκ

2055 4992 2227 5054 εἴασε,
2265 4989 2359 5042 καὶ
2391 4990 2451 5043 τὸ
2482 4991 2580 5059 τῆς
2610 4989 2884 5058 γνώσεως,
2911 4991 3002 5044 καὶ
3031 4992 3092 5043 τὸ
3119 4991 3216 5061 τῆς
3249 4987 3606 5060 διορθώσεως,
3642 4991 3729 5045 ἵνα

2060 5079 2135 5149 μὴ
2165 5077 2299 5149 πρὸς
2337 5078 2427 5132 τὸν
2469 5080 2629 5131 πόνον
2671 5077 3029 5148 ἀπαγορεύσῃ
3069 5078 3166 5147 τῆς
3207 5076 3442 5148 ἀρετῆς·
3477 5078 3590 5131 ἀλλ’
3633 5079 3729 5132 ὑπ-

2057 5165 2310 5236 ἀγορεύει
2338 5167 2436 5236 μὲν
2461 5166 2597 5236 αὐτῇ
2609 5165 2833 5238 τὸ[’158]
2864 5165 3099 5229 συνειδὸς
3121 5165 3189 5219 τά
3217 5165 3487 5237 πρακτέα,
3513 5167 3648 5240 πρὸς
3671 5167 3729 5222 δέ

2056 5255 2156 5326 τὴν
2201 5254 2465 5324 ἐργασίαν
2501 5254 2640 5325 αὑτὴ
2673 5255 2801 5318 τοὺς
2835 5256 2962 5324 παρ’
2989 5255 3187 5326 ἑαυτῆς
3221 5255 3466 5327 είσφέρει
3511 5256 3729 5320 πόνους.

2058 5342 2171 5396 Καὶ
2199 5342 2280 5395 ὅτι
2314 5341 2411 5411 μὲν
2457 5341 2621 5394 καλὸν
2669 5342 2732 5394 τὸ
2772 5345 3066 5412 σωφρονεῖν
3101 5341 3268 5412 μηδὲν
3303 5343 3572 5413 καμόντες
3611 5345 3732 5396 ἐπι-

2061 5429 2340 5500 στάμεθα·
2377 5429 2474 5500 τῆς
2525 5429 2738 5498 φύσεως
2785 5429 2892 5502 γὰρ
2933 5431 2966 5500 ή
3004 5429 3238 5499 γνῶσις·
3280 5431 3636 5502 σωφροσύνην
3675 5432 3733 5485 δὲ

2059 5519 2159 5570 ούκ
2187 5518 2253 5571 ἂν
2286 5516 2648 5588 δυνηθείημεν
2673 5516 3018 5590 κατορθῶσαι
3052 5516 3128 5589 μὴ
3161 5519 3432 5589 καμόντες
3468 5519 3602 5589 μηδέ
3633 5519 3734 5588 τὴν

2061 5606 2360 5677 ἐπιθυμίαν
2397 5604 2794 5675 χαλινώσαντες
2835 5605 2929 5660 καὶ
2961 5605 3496 5669 πολὺνὺποστάντες
3549 5605 3726 5660 πόνον.

2063 5692 2236 5748 Τοῦτο
2267 5696 2376 5765 γὰρ
2410 5694 2510 5748 οὑκ
2543 5694 2624 5748 ἔτι
2657 5698 2724 5750 ἐκ
2753 5696 2967 5766 φύσεως
3000 5696 3134 5768 ημῖν
3169 5697 3450 5769 πρόσεστι,
3484 5694 3733 5763 καθάπερ

2132 5862 2149 5902 ί
2180 5865 2279 5916 Alii
2305 5867 2480 5926 αὑτῶν,
2504 5868 2588 5918 alii
2610 5866 2774 5918 αύτοῦ.

2131 5930 2153 5968 ε
2179 5929 2329 5981 δεινίί.
2351 5941 2398 5979 et
2424 5929 2620 5990 quidam
2644 5930 2994 5982 οἰκειώσασθαι.
