4070 6208
335 284 428 340 ﬁl

331 401 364 466 ἡ
393 398 612 468 γνῶσις,
643 400 777 455 ἀλλά
803 399 976 453 δεῖται
1003 397 1311 472 προθυμίας
1333 397 1426 452 καὶ
1449 398 1704 468 σπουδῆς.
1736 399 1812 450 Οὑ
1833 397 2006 468 ταύτῃ

321 487 377 542 δέ
421 489 579 550 μόνον
611 487 972 558 ἐπεκούφισεν
1005 488 1138 558 ἡμῖν
1185 485 1246 540 τὸ
1281 483 1476 557 βάρος,
1509 485 1644 538 ἀλλά
1688 486 1783 540 καὶ
1833 485 2005 556 ἑτέρῳ

327 575 512 646 τρόπῳ
547 577 728 638 πάλιν,
777 576 871 630 καὶ
909 574 1088 629 αὑτῶν
1124 572 1234 626 τῶν
1265 571 1703 644 κατορθωμάτων
1743 571 1858 625 ἔνια
1893 589 1994 642 φυ-

330 661 458 716 σικά
504 665 662 733 ἀφεὶς
691 659 828 717 εἶναι
877 665 935 716 ἐν
965 663 1116 733 ἡμῖν.
1155 661 1266 714 Καὶ
1309 659 1418 733 γὰρ
1465 659 1527 715 τὸ
1575 663 2006 728 συναγανακτεῖν

329 753 446 814 τοῖς
477 750 860 827 ὑϐριζομένοις
895 750 1120 820 φυσικὸν
1149 749 1386 811 ἅπαντες
1419 747 1616 819 ἔχομεν
1651 747 1876 818 (εὐθέως
1907 743 2000 801 οὖν

329 843 440 901 τοῖς
486 838 890 909 ἐπηρεάζουσιν
933 837 1120 910 ἐχθροὶ
1155 835 1418 906 γινόμεθα
1444 878 1457 900 ,
1495 833 1598 889 κᾶν
1656 835 1822 906 μηδὲν
1855 829 2006 906 ῶμεν

331 927 484 980 αὑτοὶ
515 927 890 992 πεπονθότες),
935 927 1028 979 καὶ
1065 925 1127 977 τὸ
1173 922 1499 998 συνήδεσθαι
1533 924 1644 986 τοῖς
1673 922 2007 994 ἀντιλήψεως

330 1013 424 1066 καὶ
453 1013 704 1086 βοηθείας
732 1012 1087 1076 ἀπολαύουσι,
1123 1011 1218 1064 καὶ
1249 1015 1310 1063 τὸ
1341 1009 1718 1064 κατακλᾶσθαι
1755 1011 1848 1064 ἐπὶ
1881 1014 2000 1074 ταῖς

331 1101 531 1172 ἐτέρων
558 1103 862 1174 συμφοραῖς
880 1101 974 1154 καὶ
997 1101 1062 1172 τῇ
1089 1096 1438 1169 φιλοστοργίᾳ
1459 1100 1524 1168 τῇ
1552 1097 1688 1168 πρὸς
1711 1098 2000 1169 ἀλλήλους.

331 1188 450 1241 Κᾶν
496 1189 604 1262 γὰρ
632 1189 976 1260 πραγμάτων
1009 1185 1361 1258 περιστάσεις
1405 1184 1606 1237 δοκῶσι
1642 1185 2006 1257 μικροψυχίαν

327 1275 451 1328 τινὰ
495 1277 770 1345 είσάγειν,
806 1275 920 1330 ἀλλ’
948 1276 1100 1346 δμως
1137 1273 1334 1344 ἔχομεν
1361 1271 1539 1326 κοινὸν
1573 1273 1708 1342 πρὸς
1743 1273 2006 1345 ἀλλήλους

328 1363 568 1435 φίλτρον.
609 1363 720 1418 Καὶ
749 1361 905 1416 τοῦτό
933 1378 1016 1425 τις
1048 1361 1210 1428 σοφὸς
1257 1359 1628 1430 αἰνιττόμενος
1667 1360 1848 1431 ἔλεγε·
1877 1359 2007 1415 Πᾶν

327 1447 474 1508 ζῶον
496 1450 698 1519 ἀγαπᾷ
723 1449 789 1504 τὸ
819 1449 1024 1520 ὅμοιον
1047 1446 1226 1514 αὐτῷ,
1261 1447 1358 1501 καὶ
1383 1446 1692 1517 ἅνθρωπος
1722 1447 1830 1502 τὸν
1853 1449 2006 1516 πλη-

327 1537 470 1590 σίον
499 1539 710 1594 αὑτοῦ.

397 1625 460 1678 δ’.
483 1626 720 1690 Πολλοὺς
749 1626 804 1680 δὲ
833 1627 926 1679 καὶ
953 1625 1172 1697 ἐτέρους
1195 1623 1332 1695 μετὰ
1351 1623 1443 1676 τοῦ
1463 1623 1758 1688 συνειδότος
1777 1623 2006 1694 ἐπέστη-

327 1730 422 1765 σεν
473 1715 602 1784 ἡμῖν
650 1713 1008 1777 διδασκάλους
1046 1715 1074 1766 ὀ
1121 1711 1286 1775 Θεός·
1335 1713 1430 1766 καὶ
1457 1711 1566 1783 7&9
1603 1711 1848 1783 πατέρας
1894 1714 2006 1775 τοῖς

329 1803 492 1865 υἱοῖς.
525 1803 622 1855 καὶ
666 1802 934 1865 δεσπότας
964 1803 1077 1864 τοῖς
1109 1799 1346 1864 δούλοις,
1377 1801 1472 1853 καὶ
1503 1799 1705 1871 ἄνδρας
1753 1801 1872 1863 ταῖς
1907 1817 2005 1869 γυ-

329 1888 493 1954 ναιξὶ,
513 1890 606 1943 καὶ
632 1889 985 1952 διδασκάλους
1007 1889 1118 1951 τοῖς
1146 1887 1438 1958 μαθηταῖς,
1465 1887 1558 1940 καὶ
1585 1886 1881 1958 νομοθέτας
1913 1887 2006 1940 καὶ

328 1974 589 2038 δικαστάς
621 1979 734 2039 τοῖς
765 1975 1108 2047 ἀρχομένοις,
1148 1975 1241 2028 καὶ
1279 1973 1466 2044 φίλους
1494 1976 1604 2038 τοῖς
1635 1973 1828 2043 φίλοις.
1869 1975 2007 2028 Πολ-

327 2062 486 2127 λάκις
529 2063 584 2117 δὲ
616 2063 710 2116 καὶ
740 2067 873 2134 παρ’
915 2063 1123 2134 ἐχθρῶν
1163 2062 1535 2134 ἐκερδάναμεν
1583 2062 1683 2114 οὑκ
1725 2061 2002 2134 ἔλαττονῆ

329 2151 480 2222 παρά
503 2151 703 2220 φίλων·
735 2153 864 2205 ὅταν
895 2151 1003 2223 γὰρ
1031 2153 1162 2222 ἡμῖν
1182 2149 1479 2212 ὀνειδίζωσι
1510 2149 1576 2202 τά
1612 2150 2003 2220 ἁμαρτήματα,

327 2240 423 2292 καὶ
445 2237 678 2302 ἄκοντας
707 2239 788 2302 είς
812 2239 1095 2310 διόρθωσιν
1118 2237 1299 2291 αὑτῶν
1329 2237 1678 2310 διεγείρουσι.
1707 2237 2006 2302 Τοσούτους

325 2325 382 2378 δέ
415 2329 546 2398 ήμῖν
567 2325 924 2389 διδασκάλους
955 2325 1276 2398 ἐπέστησεν,
1313 2325 1398 2378 ἵνα
1433 2325 1655 2388 εὑκολος
1686 2327 1819 2396 ἡμῖν
1852 2327 1885 2396 ή
1911 2325 2004 2379 τοῦ

327 2413 732 2478 λυσιτελοῦντος
779 2413 996 2488 εὑρεσίς
1029 2431 1088 2467 τε
1130 2413 1224 2467 καὶ
1273 2411 1559 2484 διόρθωσις
1593 2411 1857 2484 γένηται,
1912 2411 2006 2467 τοῦ

329 2501 568 2574 πλήθους
597 2501 706 2554 τῶν
736 2502 872 2572 πρὸς
901 2501 1031 2554 αὑτδ
1059 2500 1490 2554 συνελαυνόντων
1513 2503 1664 2571 ἡμᾶς
1695 2501 1794 2554 οὑκ
1819 2501 2007 2569 ἀφιέν-

327 2605 419 2650 τος
448 2589 702 2641 ἐκπεσεῖν
737 2589 844 2641 τῶν
873 2587 1258 2658 συμφερόντων
1295 2589 1448 2657 ἡμῖν.
1485 2587 1603 2640 Κᾶν
1631 2587 1738 2658 γάρ
1779 2587 1888 2641 τῶν
1915 2603 2008 2654 γε-

327 2675 668 2746 γεννηκότων
707 2675 1231 2744 καταφρονήσωμεν,
1255 2673 1383 2736 τοὺς
1413 2674 1681 2744 ἄρχοντας
1710 2673 2008 2738 δεδοικότες

329 2761 726 2832 ἐπιεικέστεροι
761 2761 977 2824 πάντως
1000 2759 1237 2829 ἐσόμεθα
1257 2777 1269 2790 ·
1301 2759 1404 2813 κᾶν
1434 2761 1676 2824 ἐκείνους
1705 2760 2010 2814 διαπτύσω-

335 2866 434 2920 μεν
479 2848 908 2920 ἁμαρτάνοντες,
941 2847 1038 2919 τὴν
1079 2846 1172 2900 τοῦ
1218 2847 1520 2911 συνειδότος
1561 2848 1818 2901 οὐδέποτε
1849 2849 2008 2919 δυνη-

333 2935 539 3006 σόμεθα
565 2935 848 3005 διαφυγεῖν
888 2935 1206 3007 ἐπιτίμησιν
1225 2952 1238 2966 ·
1274 2934 1374 2988 κᾶν
1413 2936 1619 3006 ταύτην
1647 2935 2008 3008 ἀτιμάσωμεν

331 3025 426 3076 καὶ
470 3021 944 3094 διακρουσώμεθα,
987 3023 1086 3094 τὴν
1133 3021 1284 3094 παρά
1333 3021 1440 3074 τῶν
1486 3021 1695 3078 πολλῶν
1740 3024 2008 3095 ὑπόληψιν

331 3111 630 3174 δεδοικότες
673 3109 934 3182 ἀμείνους
980 3109 1252 3180 ἐσόμεθαο
1293 3109 1396 3164 κᾶν
1431 3111 1568 3181 πρὸς
1603 3111 1804 3180 ταύτην
1856 3113 2008 3164 ἀναι-

335 3199 744 3269 σχυντήσωμεν,
770 3200 798 3250 ὁ
819 3197 924 3250 τῶν
949 3197 1128 3268 νόμων
1151 3197 1468 3267 ἐγκείμενος
1491 3211 1516 3237 α
1541 3197 1705 3266 φόϐος
1729 3199 1822 3251 καὶ
1849 3199 2006 3251 ἀκον-

332 3301 430 3346 τας
471 3285 620 3354 ἡμᾶς
653 3283 986 3355 σωφρονίσαι
1024 3282 1353 3354 δυνήσεται,
1393 3285 1488 3336 καὶ
1518 3283 1668 3347 νέους
1715 3286 1810 3354 μὲν
1849 3286 2007 3348 ὄντας

334 3371 641 3424 διδάσκαλοι
669 3371 762 3424 καὶ
794 3371 1046 3444 πατέρες,
1078 3369 1410 3441 αὐξηθέντας
1434 3371 1489 3424 δὲ
1516 3373 1564 3424 οἱ
1589 3371 1875 3442 νομοθέται
1915 3375 2008 3426 καὶ

333 3459 592 3532 ἄρχοντες
631 3458 1036 3530 παραλαϐόντες
1068 3457 1454 3530 ῥυθμίζουσινο
1489 3459 1540 3511 οῖ
1559 3475 1618 3512 τε
1649 3459 1876 3522 οἰκέται,
1913 3461 2006 3512 ἀτε

335 3545 706 3620 ῥᾳθυμότερον
741 3545 1076 3616 διακείμενοι
1117 3545 1256 3616 μετά
1287 3545 1396 3598 τῶν
1429 3545 1734 3617 είρημένων
1771 3547 1867 3599 καὶ
1909 3547 2006 3618 τὴν

335 3633 488 3706 παρά
528 3633 635 3686 τῶν
670 3633 948 3687 δεσποτῶν
985 3633 1233 3704 ἀνάγκην
1271 3634 1350 3696 είς
1403 3633 1756 3704 σωφροσύνην
1799 3633 2003 3705 έχουσι,

335 3723 431 3778 καὶ
475 3724 530 3776 αἱ
565 3723 824 3790 γυναῖκες
863 3721 986 3784 τοὺς
1017 3721 1245 3792 ἀνδρας·
1297 3721 1392 3774 καὶ
1444 3721 1615 3774 πολλά
1667 3721 2006 3793 πανταχόθεν

334 3811 491 3880 ἡμῶν
529 3809 606 3880 τῷ
637 3808 784 3877 γένει
813 3808 881 3861 τά
913 3806 1090 3878 τειχία
1121 3807 1258 3876 πρὸς
1283 3807 1344 3860 τὸ
1377 3807 1452 3879 μὴ
1486 3807 1684 3879 ῥᾳδίως
1706 3809 1786 3872 είς
1810 3809 2007 3864 κακίαν

335 3895 676 3966 ἐξολισθῆσαι
717 3895 808 3948 καὶ
867 3897 1218 3948 καταπεσεῖν.
1273 3895 1416 3964 Πρὸς
1455 3895 1512 3947 δὲ
1551 3894 1762 3958 τούτοις
1811 3896 2003 3960 ἀπασι,

335 3985 430 4037 καὶ
456 3983 601 4036 νόσοι
629 3983 720 4035 καὶ
741 3981 1084 4052 περιστάσεις
1115 3979 1456 4051 πραγμάτων
1486 3983 1634 4050 ἡμᾶς
1659 3981 2002 4036 παιδεύουσι·

337 4071 430 4123 καὶ
463 4069 572 4142 γάρ
601 4069 694 4122 καὶ
721 4068 884 4122 πενία
912 4067 1154 4138 κατέχει,
1187 4067 1282 4120 καὶ
1321 4066 1494 4138 ζημία
1530 4067 1871 4140 σωφρονίζει,
1912 4071 2004 4124 καὶ

339 4157 579 4220 κίνδυνος
608 4155 976 4221 καταστέλλει,
1009 4155 1103 4207 καὶ
1133 4153 1300 4207 πολλὰ
1338 4153 1500 4224 ’ἐτερα
1531 4155 1773 4209 τοιαῦτα.
1807 4159 1881 4211 Οὐ
1909 4175 2004 4228 φο-

337 4245 422 4298 ϐεῖ
454 4261 514 4297 σε
547 4245 773 4315 πατήρ;
823 4242 941 4296 οὑδὲ
979 4241 1294 4304 διδάσκαλος
1321 4257 1335 4307 ;
1363 4241 1463 4294 οὑκ
1499 4241 1714 4313 ἀρχων;
1747 4243 1808 4297 ού
1843 4263 2002 4316 νομο-

337 4333 528 4403 θέτης
551 4331 612 4384 οὑ
635 4331 929 4402 δικαστήςς
963 4331 1064 4384 οὑκ
1109 4329 1360 4400 ἐντρέπει
1397 4346 1458 4382 σε
1489 4329 1672 4399 φίλος;
1707 4331 1767 4383 οὑ
1816 4331 2001 4386 δάκνει

339 4437 398 4474 σε
425 4419 653 4490 ἐχθρός;
683 4418 744 4470 οὑ
777 4417 1099 4490 σωφρονίζει
1123 4417 1420 4488 δεσπότης;
1449 4417 1510 4471 οὑ
1553 4416 1793 4471 διδάσκει
1822 4419 1998 4492 ἀνήρς

337 4509 398 4561 οὑ
431 4504 736 4576 διορθοῦταί
765 4521 822 4557 σε
859 4505 920 4557 τὸ
953 4503 1220 4570 συνειδός;
1260 4503 1398 4558 Ἀλλ’
1426 4505 1707 4576 ἀρρωστία
1741 4506 2000 4573 πολλάκις

338 4591 641 4650 ἐπελθοῦσα
685 4593 970 4664 σωματικὴ
999 4591 1061 4645 τὸ
1093 4593 1202 4645 πᾶν
1231 4590 1579 4664 κατώρθωσε,
1621 4593 1716 4646 καὶ
1745 4593 1916 4666 ζημία
1946 4595 2003 4650 δὲ

335 4681 428 4737 τὸν
473 4677 806 4752 θρασύτερον
845 4679 1097 4750 ἐποίησεν
1137 4679 1564 4751 ἐπιεικέστερον
1609 4679 1762 4754 [I39]
1806 4682 1899 4736 καὶ
1943 4685 2004 4737 τὸ

337 4769 402 4842 δὴ
431 4769 635 4841 μεῖζον,
668 4769 748 4821 ὅτι
771 4767 870 4838 οὑχ
903 4767 1033 4838 ἡμῖν
1065 4766 1243 4837 μόνον,
1271 4767 1405 4821 ἀλλά
1439 4767 1532 4821 καὶ
1562 4769 1768 4841 ἐτέροις
1803 4770 2002 4841 συμπί-

337 4875 540 4913 πτοντα
563 4856 632 4910 τά
657 4855 806 4910 δεινά
835 4854 1043 4926 μεγάλα
1075 4855 1224 4924 ἡμᾶς
1247 4853 1472 4923 ὠφελεῖν
1501 4855 1656 4908 εἴωθε
1681 4869 1695 4884 ⁶
1721 4857 1814 4909 καὶ
1849 4858 2001 4912 αὐτοὶ

341 4947 440 5015 μὲν
474 4944 638 5016 μηδέν
661 4961 717 4998 τι
745 4942 1024 5006 παθόντες,
1048 4941 1268 5013 ἐτέρους
1297 4941 1353 4994 δὲ
1383 4941 1774 5014 κολαζομένους
1804 4945 2000 5009 ἰδόντες

339 5035 437 5087 οὑκ
472 5033 692 5086 ἔλαττον
717 5031 941 5086 ἐκείνων
972 5028 1341 5102 ἐσωφρονίσθη
1351 5046 1469 5098 μεν.

407 5134 579 5188 Τοῦτο
606 5133 700 5186 καὶ
731 5133 824 5186 ἐπὶ
853 5132 962 5186 τῶν
987 5131 1424 5202 κατορθωμάτων
1459 5129 1754 5201 συμϐαῖνον
1786 5131 1884 5187 ῐδοι
1917 5151 2000 5198 τις

337 5225 402 5277 ἀν
425 5239 439 5254 ·
477 5221 665 5292 ῶσπερ
705 5219 814 5292 γάρ
862 5218 1236 5290 κολαζομένων
1265 5217 1373 5272 τῶν
1411 5217 1597 5271 κακῶν
1618 5219 1646 5260 b
1673 5217 1850 5286 ἕτεροι
1879 5221 1999 5292 βελ-

336 5309 483 5370 τίους
529 5307 806 5374 γίνονται⁹
842 5307 984 5360 οὑτω
1032 5307 1140 5360 τῶν
1189 5305 1411 5376 ἀγαθῶν
1457 5323 1508 5357 τι
1567 5304 1997 5377 κατορθούντων,
2033 5297 2070 5338 θ

337 5395 522 5448 πολλοὶ
558 5395 636 5456 είς
668 5393 758 5445 τὸν
795 5393 906 5446 ἴσον
949 5395 1232 5462 ἐνάγονται
1259 5395 1421 5465 ζῆλον
1453 5409 1466 5422 °
1505 5393 1532 5446 ὃ
1559 5393 1623 5464 δὴ
1659 5394 1752 5447 καὶ
1781 5393 1874 5446 ἐπὶ
1902 5394 1999 5465 τῆς

333 5482 443 5536 τῶν
486 5481 664 5552 ὅρκων
711 5479 908 5549 συνέϐη
953 5481 1150 5551 φυγῆς.
1179 5483 1370 5536 Πολλοὶ
1397 5481 1506 5554 7&9
1543 5481 1761 5553 ἐτέρους
1801 5479 1998 5545 ίδόντες

333 5569 433 5642 τὴν
457 5565 697 5638 πονηράν
722 5565 1092 5638 ἀποθεμένους
1115 5569 1227 5622 τῶν
1253 5570 1429 5640 ὅρκων
1459 5567 1766 5639 συνήθειαν,
1795 5567 1999 5640 ἐμιμή-

335 5673 498 5712 σαντο
519 5653 616 5726 τὴν
639 5653 891 5724 σπουδὴν,
921 5653 1014 5707 καὶ
1037 5656 1412 5725 περιεγένοντο
1439 5655 1538 5726 τῆς
1566 5655 1841 5726 ἀμαρτίας
1867 5671 1882 5686 ο
1917 5655 1997 5710 διδ

329 5745 427 5801 καὶ
457 5743 618 5815 ἡμεῖς
647 5741 1050 5814 προθυμότερον
1073 5740 1174 5811 τῆς
1201 5741 1374 5810 αὐτῆς
1394 5741 1678 5812 ἀπτόμεθα
1693 5743 1854 5798 πάλιν
1870 5759 2008 5815 παρ-

393 5852 420 5920 ξ
443 5847 668 5920 ἐξηγῇ-ει
689 5861 860 5920 magna
883 5859 994 5920 pa_r_s
1013 5845 1456 5920 msg:_én:35i9¢vo;.
1485 5844 1656 5920 Μρτςι.
1679 5847 1957 5911 ἐγκείμενος.

391 5905 419 5946 δ
443 5913 542 5962 Alli
559 5913 654 5960 τῶν
675 5905 905 5973 πονηρῶν.
932 5908 1038 5958 Μοι
1063 5907 1146 5958 alii
1164 5905 1328 5958 πολλοὶ
1360 5906 1474 5970 πρὸς
1487 5907 1570 5954 τὸν
1587 5907 1713 5956 ἴσον.

1081 281 1138 338 S.
1181 280 1468 337 JOANNIS
1509 279 2000 338 CIHIYSOSTOMI
2039 281 2356 338 ARCIIIEP.
2395 279 2947 339 CONSTAN'I‘INOP.

3680 281 3776 338 [ﬂ

2099 400 2375 463 αινέσεως.
2460 398 2551 470 Μὴ
2577 399 2685 470 γάρ
2723 417 2813 470 μοι
2844 399 3048 468 λεγέτω
3075 414 3192 463 τις,
3227 397 3309 450 δτι
3341 395 3526 449 πολλοὶ
3559 393 3778 470 κατώρα-

2112 485 2290 539 θωσαν
2310 503 2322 514 ·
2358 486 2418 539 οὑ
2452 486 2610 540 τοῦτό
2639 487 2756 540 ἐστι
2789 487 2850 539 τδ
2877 486 3206 558 ζητούμενον
3227 529 3240 554 ,
3283 485 3396 538 ἀλλ’
3421 486 3506 538 ἵνα
3556 485 3774 548 πάντες,

2117 573 2261 636 Ἕως
2288 573 2332 626 δ’
2367 573 2434 628 ἀν
2479 573 2553 644 μὴ
2595 575 2752 628 τοῦτο
2787 574 2915 638 ίδω,
2953 574 3014 627 οὑ
3056 573 3288 640 δύναμαι
3321 571 3676 625 ἀναπνεῦσαι.
3719 572 3776 624 '0

2109 661 2311 733 ποιμὴν
2337 663 2542 726 ἐκεῖνος
2571 663 2764 716 ἑκατὸν
2785 661 3034 734 πρόϐατα
3061 659 3195 731 εἶχε,
3220 661 3314 714 καὶ
3341 661 3460 724 ἐνὸς
3485 659 3778 730 πλανηθέν-

2107 766 2230 813 τος.
2261 751 2359 803 οὑκ
2392 751 2692 822 ἐλάμϐανεν
2725 749 2976 821 αἴσθησιν
3011 749 3110 820 τῆς
3143 747 3416 820 σωτηρίας
3445 748 3555 801 τῶν
3589 749 3776 820 ἐνενή-

2108 854 2272 892 κοντα
2303 837 2456 891 ἐννέα
2476 879 2490 898 ,
2522 839 2626 902 ἐως
2673 837 2738 892 ἂν
2783 838 2842 891 τὸ
2879 836 3158 899 ἀπολωλὸς
3201 830 3329 907 εὑρε
3361 837 3452 890 καὶ
3477 840 3544 908 τῇ
3573 835 3776 909 ποίμνη

2109 923 2270 978 πάλιν
2308 926 2608 980 ἀπέδωκεν.
2645 926 2757 996 υὺχ
2801 926 2930 996 ὁρᾷς
2961 926 3054 978 καὶ
3085 925 3176 978 ἐπὶ
3205 925 3296 978 τοῦ
3325 924 3574 995 σώματος
3617 925 3778 978 τοῦτο

2107 1012 2428 1084 γινόμενον;
2469 1013 2563 1066 ἐὰν
2600 1013 2708 1085 7&9
2742 1013 2831 1066 τὸν
2877 1013 3044 1081 ὄνυχα
3095 1011 3253 1082 μόνον
3308 1011 3778 1082 προσπταίσαντες

2108 1100 2530 1172 ἀναστρέψωμεν
2557 1142 2572 1166 ,
2602 1100 2721 1154 ὅλον
2768 1099 2844 1170 τῷ
2889 1099 3038 1168 μέλει
3076 1098 3328 1168 συναλγεῖ
3369 1098 3428 1151 τὸ
3473 1099 3653 1168 σῶμα.
3685 1098 3784 1169 Μὴ

2105 1189 2286 1242 τοίνυν
2314 1189 2474 1242 τοῦτο
2503 1190 2662 1260 εἴπης
2684 1231 2696 1250 ,
2727 1189 2800 1251 ὡς
2831 1188 3000 1256 ὀλίγοι
3025 1187 3170 1250 τινὲς
3195 1186 3596 1258 ὑπελείφθησαν
3623 1189 3674 1239 οί
3701 1188 3778 1259 μὴ

2109 1278 2533 1348 κατωρθωκότες
2565 1289 2612 1340 ε,
2649 1277 2763 1330 ἀλλ’
2799 1279 2974 1330 ἐκεῖνο
3004 1277 3195 1330 σκόπει
3227 1277 3310 1330 ὅτι
3339 1269 3486 1330 οὑτοι
3519 1277 3568 1327 οί
3605 1275 3778 1342 ὀλίγοι

2111 1365 2187 1438 μὴ
2237 1367 2618 1438 διορθωθέντες
2671 1365 2894 1429 πολλοὺς
2942 1365 3342 1436 διαφθείρουσιν
3379 1363 3616 1435 ἐτέρους.
3669 1365 3780 1416 Καὶ

2107 1453 2216 1526 7&9
2254 1449 2336 1518 εἷς
2367 1451 2434 1528 ἦν
2469 1458 2496 1508 ὁ
2525 1453 2912 1527 πεπορνευκὼς
2943 1453 3096 1525 παρὰ
3123 1451 3427 1524 Κορινθίοις
3449 1491 3466 1516 ,
3501 1453 3593 1506 καὶ
3629 1452 3778 1522 ὅμως

2107 1539 2279 1604 οὕτως
2324 1541 2540 1596 ἔστενεν
2589 1546 2617 1595 ὀ
2651 1540 2860 1604 Παῦλος
2903 1542 2980 1605 ὡς
3015 1541 3145 1612 ὅλης
3185 1544 3286 1612 τῆς
3319 1539 3526 1602 πόλεως
3563 1540 3780 1592 ἀπολω-

2107 1626 2282 1691 λυίας.
2301 1629 2412 1682 Καὶ
2443 1629 2587 1699 μάλα
2615 1629 2839 1692 εἰκότως
2859 1647 2872 1661 ·
2899 1630 3016 1701 ᾔδει
3043 1629 3152 1700 7&9
3177 1629 3258 1682 ὃτι
3281 1627 3355 1698 μὴ
3382 1627 3748 1698 σωφρονισθέν
3765 1657 3780 1667 -

2109 1733 2198 1780 τος
2228 1717 2437 1770 ἐκείνου
2491 1717 2699 1788 ταχέως
2735 1717 2798 1770 τὸ
2851 1719 3062 1788 νόσημα
3099 1715 3310 1786 βαδίζον
3355 1715 3459 1786 ὁδῷ
3511 1717 3604 1768 καὶ
3655 1717 3784 1780 τοὺς

2110 1803 2302 1868 ἄλλους
2332 1806 2712 1878 ἐπιδραμεῖται
2757 1806 2983 1870 πάντας.
3021 1798 3170 1858 Εἶδον
3205 1802 3396 1875 πρώην
3425 1805 3484 1858 ἐν
3517 1804 3594 1875 τῷ
3627 1805 3783 1858 δικα-

2113 1893 2316 1964 στηρίῳ
2341 1894 2655 1965 δεδεμένους
2683 1894 2775 1948 καὶ
2799 1893 3175 1964 ἀπαγομένους
3200 1893 3288 1946 διὰ
3327 1892 3494 1962 μέσης
3529 1893 3626 1961 τῆς
3651 1894 3786 1961 ἀγο-

2115 1983 2212 2050 ρᾶς
2238 1983 2362 2045 τοὺς
2389 1984 2708 2052 περιφανεῖς
2738 1982 2978 2045 ἐκείνους
3009 1981 3226 2053 ἄνδρας,
3255 1981 3346 2036 καί
3383 1999 3542 2034 τινων
3565 1981 3778 2050 θαυμαο

2110 2067 2312 2132 ζόντων
2372 2069 2461 2122 διὰ
2510 2069 2606 2141 τὴν
2665 2069 2968 2140 ὑπερϐολὴν
3019 2069 3116 2138 τῆς
3175 2067 3421 2140 ὕϐρεως,
3459 2069 3624 2122 Οὐδὲν
3677 2069 3786 2140 χρὴ

2110 2157 2440 2228 θαυμάζειν,
2492 2158 2670 2230 ’ἕτεροι
2701 2157 2884 2227 ἔλεγον
2911 2175 2923 2187 ·
2956 2157 3086 2212 ἔνθα
3119 2157 3228 2229 γὰρ
3257 2157 3323 2212 ἂν
3433 2157 3784 2220 καθοσίωσις.

2110 2245 2326 2316 ἀξίωμα
2371 2245 2520 2298 οὑδέν
2570 2245 2791 2316 ὠφελεῖ.
2829 2245 3037 2298 Οὑκοῦν
3084 2245 3263 2318 πολλῷ
3307 2246 3504 2318 μᾶλλον
3551 2245 3680 2299 ἔνθα
3717 2245 3788 2300 ἂν

2109 2333 2334 2387 ἀσέϐεια
2417 2374 2429 2394 ,
2463 2333 2682 2405 ἀξίωμα
2722 2333 2874 2388 οὑδέν
2903 2333 3122 2402 ὠφελεῖ.

2177 2439 2427 2492 ε’.Ταῦτα
2443 2435 2535 2492 οὗν
2551 2437 2852 2502 ἐννοοῦντες
2865 2439 3307 2510 διαναστήσωμεν
3319 2439 3662 2503 ἐαυτούς·ἐάν
3677 2441 3786 2512 7&9

2114 2528 2188 2598 μὴ
2215 2529 2315 2599 τὴν
2349 2531 2478 2600 παρ’
2503 2528 2656 2598 ὑμῶν
2689 2527 2925 2598 σπουδὴν
2957 2528 3114 2598 ὑμεῖς
3143 2529 3515 2599 είσενέγκητε,
3555 2532 3784 2600 περιττά

2109 2615 2179 2668 τά
2207 2618 2339 2687 παρ’
2368 2615 2524 2687 ήμῶν
2557 2615 2790 2668 ἅπαντα.
2831 2615 2895 2667 Τί
2937 2615 3166 2686 δήποτε;
3197 2615 3318 2668 Ὂτι
3369 2617 3464 2686 οὑχ
3504 2617 3692 2688 ῶσπερ
3729 2619 3786 2670 al

2111 2703 2293 2759 λοιπαὶ
2321 2706 2537 2774 τέχναι,
2587 2702 2728 2756 οὑτω
2778 2704 2935 2774 καὶὴ
2985 2703 3335 2774 διδασκαλική
3372 2706 3484 2757 ἐστι
3531 2705 3785 2776 δύναμις.

2122 2793 2182 2847 'O
2214 2794 2312 2862 μὲν
2355 2792 2464 2864 7&9
2494 2790 2874 2863 ἀργυροκόπος
2910 2785 3022 2844 οἷον
3066 2792 3132 2845 ἂν
3177 2791 3451 2866 χαλκεύσῃ
3479 2793 3539 2845 τδ
3591 2793 3791 2858 σκεῦος

2111 2883 2202 2936 καὶ
2241 2883 2548 2954 ἀπόθηται,
2587 2881 2826 2936 τοιοῦτον
2870 2880 3039 2935 ἐλθὼν
3067 2885 3133 2953 τῇ
3169 2883 3397 2954 ἐπιούσῃ
3427 2882 3584 2935 πάλιν
3619 2883 3790 2953 εὑρή-

2111 2988 2220 3024 σει·
2259 2971 2351 3024 καὶ
2397 2972 2425 3025 ὀ
2459 2969 2825 3042 χαλκοτύπος,
2885 2970 2978 3023 καὶ
3029 2972 3057 3023 ό
3106 2969 3371 3034 λιθοξόος,
3419 2972 3513 3024 καὶ
3541 2971 3647 3023 τῶν
3685 2970 3789 3041 δη-

2113 3059 2387 3130 μιουργῶν
2419 3059 2646 3122 ἕκαστος
2670 3052 2781 3112 οἷον
2823 3058 2887 3111 ἂν
2945 3060 3056 3130 ἀφῇ
3091 3059 3150 3112 τὸ
3179 3060 3376 3112 οἰκεῖον
3400 3059 3578 3130 ἔργον.
3607 3060 3791 3114 τοιοῦ·

2107 3164 2198 3200 τον
2244 3145 2578 3218 ἀπολήψεται
2607 3145 2769 3200 πάλιν
2795 3161 2808 3175 ·
2857 3147 2949 3199 ἐπὶ
2991 3147 3048 3199 δέ
3085 3146 3238 3216 ήμῶν
3266 3147 3364 3216 οὑχ
3407 3145 3578 3210 οὕτως
3599 3184 3615 3208 ,
3647 3147 3790 3200 ἀλλά

2109 3235 2416 3290 τούναντίον
2467 3237 2612 3290 ἀπαν
2637 3251 2652 3264 ·
2685 3234 2748 3286 οὑ
2805 3235 2913 3304 7&9
2962 3233 3143 3304 ἀψυχα
3191 3233 3359 3306 σκεύη
3383 3277 3394 3296 ,
3425 3233 3559 3287 &11&
3603 3235 3794 3306 ψυχὰς

2109 3321 2443 3394 χαλκεύομεν
2473 3321 2714 3391 λογικάς.
2751 3323 2848 3374 Διά
2867 3320 3023 3374 τοῦτο
3049 3321 3112 3373 οὺ
3149 3321 3421 3385 τοιούτους
3456 3322 3599 3392 ὑμᾶς
3633 3323 3792 3394 εὑρί-

2111 3428 2310 3482 σκομεν
2355 3411 2497 3473 οῖους
2549 3409 3036 3480 καταλιμπάνομεν
3060 3448 3076 3475 ,
3111 3409 3226 3463 ἀλλ’
3257 3410 3476 3464 ἐπειδάν
3525 3411 3794 3475 λαϐόντες

2113 3499 2252 3569 μετά
2277 3497 2470 3554 πολλοῦ
2509 3499 2754 3568 καμάτου
2789 3497 3194 3570 διαπλάσωμεν,
3231 3497 3633 3570 διορθώσωμεν,
3665 3501 3794 3571 θερ-

2114 3588 2376 3660 μοτέρους
2399 3585 2784 3659 ἐργασώμεθά,
2808 3585 3118 3652 ἐξελθόντας
3149 3588 3294 3657 ὑμᾶς
3317 3590 3350 3657 ή
3381 3587 3490 3640 τῶν
3527 3590 3794 3659 πραγμά-

2107 3692 2215 3728 των
2236 3674 2555 3746 περίστασις
2567 3673 2904 3743 πανταχόθεν
2926 3673 3437 3744 περιστοιχιζομένη
3463 3674 3794 3746 διαστρέφει
3831 3701 3834 3704 -

2110 3763 2299 3823 πάλιν.
2359 3763 2452 3815 καὶ
2483 3761 2702 3814 πλείονα
2755 3761 2983 3832 παρέχει
3031 3760 3130 3832 τὴν
3175 3761 3460 3815 δυσκολίαν
3493 3763 3646 3833 ἡμῖν.
3680 3765 3792 3816 Διά

2106 3853 2264 3908 τοῦτο
2293 3841 2484 3921 δέομαι
2519 3849 2610 3902 καὶ
2643 3847 2907 3904 ἀντιϐολῶ
2937 3851 3094 3920 χεῖρα
3125 3848 3309 3920 ὀρέξαι
3331 3889 3346 3910 ,
3377 3850 3470 3902 καὶ
3515 3851 3648 3921 ὅσην
3697 3853 3792 3904 ἐν·

2107 3941 2280 3995 ταῦθα
2331 3939 2592 4010 ποιοῦμαι
2621 3938 2722 4009 τὴν
2757 3937 2993 4008 σπουδὴν
3023 3937 3158 4008 πρὸς
3199 3937 3300 4009 τὴν
3343 3936 3628 4008 διόρθωσιν
3679 3939 3794 4009 τὴν

2107 4029 2416 4100 ὑμετέραν,
2451 4025 2718 4097 τοσαύτην
2753 4024 3080 4088 ἀπελθόντες
3107 4024 3354 4078 ἐντεῦθεν
3401 4025 3794 4082 ἐπιδείκνυσθε

2105 4118 2236 4190 περὶ
2275 4117 2374 4189 τὴν
2427 4114 2698 4186 σωτηρίαν
2736 4114 2836 4183 τὴν
2883 4111 3155 4182 ὑμετέραν
3193 4112 3464 4184 φροντίδα.
3498 4113 3624 4168 Εἴθε
3677 4118 3798 4187 μὲν

2106 4206 2214 4277 7&9
2245 4204 2470 4260 δυνατὸν
2517 4197 2585 4274 ἦν
2620 4200 2760 4272 ὑπὲρ
2807 4199 2962 4270 ὑμῶν
3017 4199 3118 4270 ἐμὲ
3167 4199 3500 4271 κατορθοῦν,
3555 4204 3650 4256 καὶ
3713 4205 3798 4258 τὰ

2106 4293 2316 4348 ἔπαθλα
2351 4293 2496 4363 ὑμᾶς
2523 4289 2822 4360 λαμϐάνειν
2857 4285 3007 4358 [140]
3039 4286 3149 4340 τῶν
3175 4287 3637 4358 κατορθωμάτων,
3683 4293 3800 4346 καὶ

2105 4383 2205 4436 οὑκ
2236 4381 2300 4434 ἂν
2325 4377 2576 4433 τοσοῦτον
2609 4375 2918 4446 ἠνώχλησα.
2959 4374 3119 4428 Ἀλλά
3143 4374 3196 4429 τί
3224 4375 3380 4429 πάθω
3403 4395 3416 4441 ;
3441 4377 3602 4430 τοῦτο
3637 4379 3800 4452 ἀμή-

2106 4485 2300 4542 χανον·
2353 4468 2567 4539 ἑκάστῳ
2603 4465 2712 4538 7&9
2762 4464 2908 4518 κατὰ
2955 4463 3024 4516 τὰ
3075 4463 3212 4536 ἔργα
3261 4465 3426 4518 αὑτοῦ
3479 4465 3798 4524 ἀποδώσει.

2107 4561 2320 4630 Ὥσπερ
2379 4555 2471 4612 οὖν
2530 4555 2714 4626 μήτηρ
2750 4552 2932 4624 δρῶσα
2959 4552 3020 4606 τὸ
3049 4552 3260 4606 παιδίον
3289 4552 3554 4622 πυρέττον
3577 4593 3592 4614 ,
3631 4571 3798 4626 παρ-

2104 4647 2318 4702 εστῶσα
2345 4643 2629 4714 ἀγχομένῳ
2677 4643 2773 4695 καὶ
2825 4641 3132 4720 καιομένῳ,
3189 4639 3460 4712 θρηνοῦσα
3511 4643 3800 4710 πολλάκις

2103 4733 2226 4790 εἷπε
2275 4733 2410 4806 πρὸς
2465 4731 2525 4784 τὺ
2577 4729 2768 4784 νοσοῦν
2821 4729 3072 4794 παιδίον,
3115 4729 3238 4782 Εἴθε
3271 4746 3360 4800 μοι
3409 4731 3630 4784 δυνατὸν
3681 4728 3795 4804 ἦν,

2101 4823 2312 4885 τέκνον,
2338 4821 2428 4874 τὸν
2461 4817 2693 4890 πυρετὸν
2711 4816 3068 4884 ἀναδέξασθαι
3101 4819 3192 4870 τὸν
3222 4817 3334 4880 σὺν,
3367 4819 3460 4871 καὶ
3484 4819 3571 4870 ἐπ’
3597 4820 3796 4889 ἐμαυ-

2101 4913 2200 4984 τὴν
2227 4909 2450 4964 ἑλκύσαι
2475 4907 2572 4978 τὴν
2595 4905 2768 4976 φλόγα
2785 4921 2800 4936 ο
2825 4904 2966 4958 οὑτω
2989 4905 3052 4976 δὴ
3081 4905 3174 4958 καὶ
3201 4905 3312 4974 ἐγὼ
3335 4904 3477 4973 λέγω
3497 4905 3612 4959 νῦν·
3637 4907 3796 4964 Εἴθε

2101 4998 2323 5054 δυνατὸν
2344 4992 2411 5067 ἦν
2433 4994 2534 5066 ἐμέ
2557 4995 2865 5064 πονήσαντα
2901 4993 3040 5063 ὑπὲρ
3077 4992 3230 5061 ὑμῶν
3261 4993 3602 5063 κατορθῶσαι
3629 4996 3800 5051 πάν-

2013 5099 2026 5110 ⁸
2101 5105 2208 5142 των
2231 5103 2243 5119 ·
2275 5085 2389 5140 ἀλλ’
2433 5083 2534 5136 οὑκ
2572 5081 2687 5134 ἐστι
2729 5079 2919 5143 τοῦτο,
2967 5079 3070 5132 οὑκ
3097 5079 3242 5133 ἐστιν
3269 5119 3284 5143 ,
3316 5079 3450 5133 ἀλλὰ
3479 5080 3589 5135 τῶν
3617 5083 3802 5158 αὐτῷ

2103 5172 2493 5248 πραττομένων
2521 5171 2750 5224 ἕκαστον
2785 5170 2997 5239 ἀνάγκη
3026 5167 3210 5222 δοῦναι
3241 5167 3342 5232 τὰς
3380 5168 3644 5237 εὐθύνας,
3677 5177 3805 5229 καὶ

2101 5267 2204 5318 οὑκ
2237 5250 2443 5317 ἀν’ίδοι
2497 5275 2582 5322 τις
2633 5258 2818 5328 ἕτερον
2849 5257 2988 5328 ὑπὲρ
3019 5255 3207 5326 ἐτέρου
3252 5257 3632 5327 κολαζόμενον,
3673 5263 3806 5319 Διὰ

2099 5351 2259 5405 τοῦτο
2301 5347 2576 5418 ὀδυνῶμαι
2619 5347 2714 5400 καὶ
2741 5343 2924 5417 θρηνῶ
2943 5383 2958 5408 ,
2993 5345 3074 5397 ὅτι
3103 5342 3246 5398 κατὰ
3271 5343 3370 5415 τὴν
3395 5345 3611 5417 ἡμέραν
3639 5345 3806 5416 ὑμῖν

2101 5439 2317 5509 ἐκείνην
2349 5434 2766 5505 ἐγκαλουμένοις
2796 5433 2857 5486 οὐ
2901 5433 3202 5504 δυνήσομαι
3234 5433 3582 5505 παραστῆναι
3607 5452 3620 5464 ·
3663 5439 3806 5506 μᾶ..-

2098 5527 2254 5581 λιστα
2295 5525 2395 5596 μὲν
2425 5524 2536 5594 γὰρ
2575 5521 2693 5575 οὐδὲ
2727 5522 3008 5592 παρρησία
3067 5539 3162 5590 μοι
3191 5521 3326 5592 πρὸς
3359 5523 3450 5574 τὸν
3483 5521 3616 5575 Θεόν
3645 5523 3806 5582 ἐστι
3871 5531 3878 5535 ·

2099 5613 2357 5683 τοσαύτη.
2397 5613 2460 5666 Εἰ
2489 5611 2545 5664 δέ
2569 5611 2660 5664 καὶ
2687 5609 3001 5682 παρρησίαν
3031 5603 3176 5679 εἶχον
3200 5648 3214 5674 ,
3241 5609 3342 5663 οὑκ
3373 5609 3491 5680 είμὶ
3519 5611 3806 5684 Μωσέως

2097 5701 2394 5774 ἁγιώτερος
2417 5741 2432 5768 ,
2481 5699 2602 5754 οὑδέ
2639 5697 2892 5770 Σαμουὴλ
2932 5698 3298 5769 δικαιότερος,
3326 5695 3421 5762 οὑς
3453 5699 3546 5752 ἐπὶ
3575 5702 3806 5758 τοσοῦ.

2163 5847 2184 5876 °
2212 5844 2322 5894 Sav.
2353 5850 2408 5896 el
2447 5846 2655 5896 maxima
2684 5857 2794 5908 pars
2820 5857 2936 5894 mss.
2958 5841 3339 5907 κατωρθωκότες,
3366 5841 3484 5892 lor.
3513 5845 3802 5910 κατοεω.

2101 5923 2281 5964 σαντες.
