4070 6208
279 275 301 296 ’
375 329 466 385 tu
1268 317 1358 375 an
1400 309 1721 374 roruecn
1760 302 2265 362 Ah'l‘lOClliiNlJlil"
2317 304 2542 364 llOMlL.
2584 306 2721 364 xm;
3554 317 3650 368 ηρ

369 461 507 514 opus
536 440 699 496 habet
728 437 1008 494 sedulitate
1041 442 1096 490 et
1132 431 1328 488 studio.
1370 429 1479 485 Nec
1509 427 1679 483 solum
1702 426 1773 480 ita
1801 423 1953 477 nobis

375 535 583 606 pondus
610 531 824 596 levavit,
856 528 949 585 sed
979 526 1160 583 etalio
1184 523 1343 580 modo
1367 537 1551 578 rursus
1583 521 1816 590 ipsorum
1847 531 1959 569 mc-

373 631 596 684 ritornm
623 624 869 696 quatd'am
897 621 1156 677 naturalia
1191 617 1343 673 nobis
1363 631 1484 670 esse
1511 614 1712 669 sinens.
1747 609 1955 666 Etenim

373 735 476 775 una
505 733 626 773 cum
659 703 724 771 iis
767 715 856 784 qui
894 710 1272 768 contumeliam
1317 707 1625 779 patittntur,
1673 700 1954 772 indignari,

375 813 617 868 naturale
655 824 848 866 omnes
889 807 1146 862 habemus
1193 802 1409 874 (statim
1437 800 1633 872 quippe
1663 794 1961 852 infestanti-

371 903 474 958 bus
499 902 764 958 efficimur
785 899 984 955 inimici
1009 939 1023 964 ,
1052 897 1176 951 licet
1201 895 1300 966 ipsi
1323 891 1458 948 nihil
1484 891 1651 945 simus
1679 887 1874 958 passi),
1905 891 1960 940 et

371 995 628 1067 gratulari
655 992 964 1048 defensione
990 987 1262 1044 etauxilio
1280 983 1632 1056 potientibus,
1664 989 1718 1035 et
1745 979 1798 1034 in
1823 977 1956 1032 alie-

375 1093 460 1146 nis
500 1086 892 1144 calamitatibus
917 1079 1453 1154 aﬂ'ligi,etcharitate
1475 1085 1656 1130 mutua
1684 1071 1958 1128 delectari.

375 1179 494 1234 Etsi
517 1179 659 1233 enim
687 1193 864 1234 rerum
881 1190 1035 1230 casus
1057 1173 1380 1228 sirnultatem
1401 1167 1682 1240 quamdam
1709 1165 1961 1220 inducere

375 1271 696 1335 videantur,
749 1266 1010 1321 habemus
1059 1274 1237 1318 tamen
1294 1274 1633 1316 communem
1683 1257 1821 1311 inter
1865 1270 1962 1309 nos

373 1376 635 1416 amorem.
693 1359 762 1413 Et
806 1359 908 1414 hoc
943 1356 1158 1427 qttidam
1186 1354 1398 1424 sapiens
1437 1352 1664 1406 innuens
1700 1347 1910 1404 dicebat
1945 1365 1958 1402 :

378 1455 542 1508 Omne
567 1451 762 1505 animal
779 1459 916 1504 autat
935 1449 1026 1503 sibi
1050 1447 1232 1514 simile,
1259 1454 1302 1499 et
1322 1445 1472 1499 homo
1499 1442 1785 1514 proximum
1813 1455 1962 1494 suum

376 1543 563 1616 (Eccli.
601 1544 692 1597 ιδ.
727 1542 839 1613 19).

446 1637 497 1690 4.
535 1635 723 1689 Μιιῆῡὸ
753 1642 927 1687 autem
959 1641 1012 1687 et
1033 1631 1166 1686 alios
1189 1638 1384 1701 praeter
1407 1626 1789 1683 conscientiam
1822 1641 1961 1692 pne—

374 1736 624 1796 ecptores
659 1725 820 1779 nobis
841 1725 984 1778 Deus
1013 1723 1298 1794 prmposuit
1334 1740 1345 1775 :
1375 1720 1572 1775 etenim
1614 1727 1788 1789 patres
1818 1717 1960 1782 filiis,

374 1832 434 1875 et
482 1819 728 1874 dominos
778 1819 987 1882 servis,
1036 1824 1090 1870 et
1130 1815 1273 1869 viros
1299 1812 1590 1877 uxoribus,
1637 1819 1690 1866 et
1717 1809 1964 1864 doctores

374 1913 681 1983 discipulis,
712 1921 766 1965 et
791 1910 1124 1981 legislat'ores
1150 1917 1205 1964 et
1228 1907 1436 1977 iudices
1462 1903 1689 1960 subditis
1708 1945 1722 1968 ,
1755 1911 1809 1958 et
1828 1902 1965 1956 ami-

375 2021 468 2062 cos
495 2006 700 2060 amicis.
749 2005 903 2072 Szepe
941 2017 1070 2056 vero
1101 2009 1156 2056 et
1194 2002 1261 2054 ab
1284 1997 1518 2053 inimicis-
1545 2010 1648 2050 non
1681 1994 1855 2049 minus
1883 1992 1966 2047 lu-

375 2114 622 2162 cramur,
665 2111 823 2167 quam
862 2097 930 2150 ab
964 2095 1150 2149 amicis
1179 2112 1192 2147 :
1226 2109 1346 2148 eum
1377 2093 1519 2147 enim
1556 2090 1710 2144 nobis
1746 2095 1962 2159 peccata

375 2187 854 2257 exprobraverint,
883 2187 1041 2241 etiam
1087 2185 1280 2239 invitos
1322 2183 1374 2238 in
1407 2184 1642 2254 ipsorum
1667 2179 1964 2236 correctio-

376 2297 500 2336 nem
527 2280 786 2338 excitant.
839 2279 941 2334 Tot
971 2290 1146 2332 autem
1183 2277 1430 2332 doctores
1457 2275 1612 2330 nobis
1644 2271 1959 2344 prmposuit,

378 2384 438 2430 ut
475 2373 646 2429 facilis
681 2373 834 2428 nobis
865 2373 1108 2427 utilitatis
1146 2371 1380 2425 inventio
1406 2377 1461 2424 ct
1487 2368 1754 2438 reparatio
1789 2366 1962 2430 fleret,

377 2465 719 2521 multitudine
763 2465 830 2518 ad
882 2463 932 2518 id
982 2461 1419 2532 compellentium
1467 2475 1573 2513 non
1624 2457 1968 2528 permittente

376 2573 479 2613 nos
503 2557 571 2613 ab
600 2559 698 2623 iis,
743 2573 861 2628 qua:
889 2557 1043 2611 nobis
1083 2555 1405 2624 expediunt,
1442 2552 1707 2608 excidere.
1755 2550 1967 2606 Etenim

375 2635 423 2704 si
450 2661 699 2720 parentes
723 2658 1159 2711 contemnamus,
1190 2645 1828 2720 magistrattts~timcntes,
1857 2641 1966 2696 eri-

376 2756 502 2795 mus
526 2740 746 2795 omnino
787 2740 1025 2794 mitiores
1058 2756 1071 2792 :
1101 2748 1154 2793 et
1193 2739 1236 2792 si
1279 2738 1397 2791 illos
1435 2737 1486 2790 io
1518 2735 1757 2805 peccatis
1783 2734 1969 2804 despi-

375 2833 587 2888 ciamus
610 2875 625 2898 ,
664 2847 950 2902 numquam
999 2831 1349 2886 conscientia:
1389 2827 1807 2896 iucrcpationem
1837 2824 1968 2880 effu~

376 2941 509 2996 gere
535 2939 815 2994 possumus
847 2940 860 2977 :
893 2933 946 2979 et
987 2923 1031 2977 si
1074 2923 1211 2976 hanc
1258 2935 1612 2991 aspernemur
1639 2928 1694 2973 et
1734 2917 1967 2986 repella-

377 3031 524 3080 mus,
545 3016 829 3070 multorum
845 3015 1151 3084 Opinionem
1176 3014 1445 3076 timentes,
1467 3010 1717 3066 meliores
1732 3009 1933 3064 erimus
1953 3025 1968 3076 ;

379 3109 426 3160 si
469 3107 535 3161 ad
583 3107 720 3161 hanc
753 3123 858 3160 non
887 3107 1301 3172 erubescamus,
1352 3104 1543 3158 insitus
1592 3103 1764 3173 legum
1811 3101 1972 3156 timor

381 3199 468 3252 vel
510 3198 704 3251 invitos
743 3211 840 3251 nos
868 3198 1128 3268 castigare
1170 3196 1405 3266 poterit:
1435 3204 1490 3250 et
1518 3209 1612 3250 eos
1637 3194 1725 3264 qui
1744 3194 1971 3264 juvenes

382 3297 532 3353 sunt,
561 3288 800 3358 magistri
827 3297 878 3344 et
909 3299 1088 3358 patres
1111 3329 1124 3352 ,
1165 3287 1378 3341 adultos
1408 3301 1536 3340 vero
1566 3286 1895 3357 lcgislatores
1915 3293 1972 3340 et

384 3381 658 3450 principes
680 3381 732 3433 in
762 3395 946 3434 curam
975 3393 1122 3434 suam
1147 3387 1420 3433 sumentes
1441 3385 1778 3446 componunt
1807 3393 1820 3429 :
1847 3391 1967 3432 ser-

383 3473 547 3542 vique
591 3471 808 3542 segnius
848 3485 907 3526 se
954 3470 1210 3525 habentes
1235 3478 1288 3524 et
1313 3485 1342 3522 a
1387 3468 1785 3537 supradictiset
1809 3483 1838 3520 a
1869 3466 1972 3522 do-

386 3563 548 3617 minis
591 3562 962 3617 necessitatem
1000 3561 1276 3616 modesti2e
1319 3560 1593 3616 servanda:
1635 3558 1865 3622 habent,
1919 3567 1974 3613 et

386 3655 643 3710 mulieres
667 3671 696 3708 a
719 3655 879 3717 viris;
908 3663 962 3708 et
985 3653 1130 3707 multi
1155 3653 1388 3723 undique
1414 3651 1594 3722 generi
1623 3659 1808 3704 nostro
1833 3649 1971 3703 muri

385 3755 547 3810 sunt,
576 3762 643 3801 ne
681 3745 832 3800 facile
873 3745 925 3800 iu
955 3746 1136 3799 vitium
1167 3745 1466 3800 dilabantur
1493 3753 1546 3798 et
1585 3741 1861 3797 cadamus.
1892 3741 1972 3796 Ad

388 3837 504 3892 Ivzec
527 3845 705 3892 autem
736 3837 912 3890 nuntia
931 3846 984 3890 et
1012 3836 1350 3906 :rgritudines
1377 3846 1429 3890 et
1460 3836 1790 3904 negotiorum
1819 3848 1977 3902 pres-

388 3945 528 3984 surae
568 3945 666 3983 nos
711 3929 906 3984 docent
937 3946 951 3982 :
989 3928 1186 3983 etenim
1218 3936 1270 3982 et
1307 3935 1588 3996 paupertas
1628 3924 1877 3989 cohibet,
1921 3933 1976 3979 et

390 4021 586 4074 mulcta
617 4020 875 4090 castigat,
914 4028 969 4075 et
990 4019 1283 4090 periculum
1310 4020 1568 4087 corripit,
1595 4026 1648 4072 et
1681 4007 1844 4071 multa
1871 4016 1974 4071 alia

390 4110 715 4181 hujosmodi.
767 4110 884 4166 Non
913 4119 1078 4166 terret
1104 4119 1156 4166 te
1181 4119 1334 4180 pater
1348 4111 1383 4160 ’ἱ
1413 4125 1511 4163 nec
1551 4109 1843 4179 magister?
1868 4123 1974 4163 non

390 4202 683 4272 princeps?
728 4217 835 4255 non
879 4201 1185 4271 legislator?
1235 4215 1338 4255 non
1373 4199 1577 4269 judex?
1619 4215 1724 4253 non
1759 4210 1809 4255 te
1848 4215 1977 4254 eon-

391 4295 564 4350 fundit
598 4294 842 4350 amicus?
866 4311 970 4350 non
997 4302 1048 4349 te
1076 4292 1286 4348 mordet
1315 4292 1598 4347 inimicus?
1624 4308 1728 4346 non
1756 4292 1978 4362 castigat

389 4386 678 4440 dominus?
709 4399 814 4439 non
846 4384 1004 4440 docet
1039 4383 1299 4438 maritus?
1322 4398 1428 4436 non
1462 4383 1678 4451 corrigit
1703 4382 1979 4436 conscien-

392 4478 502 4531 tia?
570 4477 676 4532 Sed
728 4477 1024 4547 corporalis
1078 4474 1340 4545 mgritudo
1401 4475 1784 4545 superveniens
1835 4489 1978 4544 smpe

391 4570 571 4623 omnia
599 4570 872 4636 correxit,
908 4579 962 4623 et
1002 4569 1196 4622 tuulcta
1241 4568 1496 4622 audacem
1537 4568 1661 4621 fecit
1700 4566 1979 4622 humanio-

391 4679 546 4718 rem:
575 4664 825 4733 quodque
862 4663 1100 4732 profecto
1133 4661 1311 4730 majus
1353 4669 1432 4715 est
1454 4701 1467 4723 ,
1509 4675 1614 4713 non
1647 4669 1846 4713 tantum
1880 4674 1972 4714 no-

390 4755 477 4809 bis
498 4796 513 4818 ,
544 4754 639 4808 sed
669 4768 721 4809 et
755 4754 874 4808 aliis
914 4752 1205 4808 accidentia
1235 4752 1368 4806 tnala
1407 4767 1728 4822 magnopere
1758 4767 1854 4805 nos
1879 4751 1979 4806 ad-

391 4845 580 4914 iuvare
620 4854 1014 4899 consueverunt
1047 4861 1059 4896 :
1089 4851 1142 4898 et
1187 4842 1284 4912 ipsi
1319 4857 1482 4911 grave
1513 4842 1584 4895 nil
1624 4842 1800 4910 passi,
1846 4841 1980 4896 alios

394 4951 525 4989 vero
575 4936 749 5004 puniri
800 4934 1090 5004 conspicati
1120 4976 1132 4996 ,
1186 4949 1290 4986 non
1348 4934 1522 4986 minus
1572 4932 1680 4987 illis
1735 4933 1975 5002 castigati

383 5041 599 5084 solum.

465 5119 718 5175 Adversas
748 5119 1060 5188 juramenta.
1088 5147 1159 5160 -ν
1193 5117 1305 5172 lloc
1340 5127 1394 5171 ct
1438 5117 1505 5170 in
1530 5116 1818 5171 benefactis
1857 5117 1976 5185 quis

393 5211 574 5268 videat
600 5211 818 5267 evenire
847 5227 860 5265 :
892 5211 1026 5266 sicut
1070 5210 1213 5264 enirn
1239 5209 1365 5263 dum
1394 5207 1685 5279 puniuntur
1713 5209 1858 5273 mali,
1889 5209 1978 5263 alii

389 5302 646 5359 meliores
691 5300 997 5357 efficiuntur
1024 5318 1037 5354 :
1064 5302 1142 5354 sic
1187 5299 1344 5356 bonis
1384 5299 1519 5354 bene
1559 5313 1617 5354 se
1651 5300 1975 5368 gerentibus,

384 5392 548 5449 multi
577 5392 643 5448 ad
679 5391 906 5448 similem
946 5391 1119 5445 zelum
1156 5389 1478 5447 inducuntur
1515 5409 1528 5445 ε
1563 5389 1705 5459 quod
1741 5390 1866 5444 etin
1904 5389 1982 5459 ju-

417 5494 760 5540 amentorum
803 5482 925 5552 fuga
971 5480 1210 5550 contigit.
1253 5480 1398 5535 Multi
1445 5481 1586 5534 enim
1633 5481 1766 5537 alios
1807 5481 1979 5536 intuiti

419 5576 591 5634 ialam
620 5576 932 5646 deposuisse
964 5573 1176 5644 jurandi
1223 5572 1698 5636 consuetndmem,
1745 5573 1977 5627 studium

387 5671 398 5709 ἓ
425 5667 585 5723 uitali
612 5675 759 5732 sunt,
786 5676 1167 5736 peccatumque
1182 5665 1433 5720 vicerunt
1459 5682 1470 5717 :
1501 5673 1780 5734 propterea
1802 5677 1855 5721 et
1882 5683 1977 5722 nos

387 5759 693 5830 .comptius
721 5759 910 5815 iterem
943 5757 1185 5816 eamdem
1225 5759 1490 5829 tangimus
1533 5756 1968 5818 admonitionem.

2066 418 2235 475 Nemo
2262 421 2404 476 enim
2435 421 2564 476 mihi
2587 421 2750 489 dicat,
2782 422 2928 478 Multi
2953 426 3182 482 correcti
3215 437 3340 484 sunt
3372 447 3385 482 :
3423 429 3523 486 hoc
3545 448 3648 484 non

2067 520 2149 568 est
2177 513 2318 583 quod
2342 516 2618 584 qumritur,
2649 515 2741 570 sed
2776 525 2833 571 ut
2855 532 3063 573 omnes.
3096 519 3274 576 Donec
3312 521 3414 577 hoc
3442 523 3645 585 videro,

2065 604 2335 674 reSpirare
2372 620 2478 660 non
2523 621 2759 676 possum.
2793 607 2981 663 Pastor
3020 610 3107 665 ille
3147 620 3360 668 centqu
3389 629 3516 669 oves
3565 616 3646 670 ha.

2070 693 2248 763 bebat,
2277 705 2330 752 et
2351 712 2453 752 una
2480 698 2696 764 amissa,
2731 715 2836 754 non
2859 701 3027 756 sensit
3053 701 3118 758 de
3145 707 3430 776 nonaginta
3460 724 3648 763 novent

2066 789 2240 844 salute
2258 789 2688 859 delectationem,
2715 793 2886 849 donec
2917 796 3174 864 perditam
3199 798 3398 853 invenit
3429 809 3485 855 et
3506 805 3650 872 grrgi

2067 883 2297 937 restituit
2322 882 2532 954 (Matth.
2559 884 2644 938 18.
2675 885 2762 940 12.
2799 887 2907 959 15).
2941 887 3056 943 Non
3077 890 3254 944 cernis
3274 899 3327 946 et
3356 891 3407 945 in
3429 906 3651 962 corpore

2069 975 2171 1031 hoc
2225 975 2381 1033 fieri?
2423 977 2470 1034 si
2524 979 2666 1035 enim
2707 980 2789 1035 vel
2844 997 3069 1053 unguem
3113 985 3285 1039 solum
3325 984 3652 1040 oll'endentrs

2066 1067 2445 1136 subvertimus,
2470 1077 2637 1124 totum
2660 1084 2853 1141 corpus
2880 1074 3120 1126 tnctnliro
3150 1074 3418 1148 condolet.
3451 1074 3524 1128 No
3554 1077 3619 1145 igi
3638 1108 3650 1119 ς

2071 1170 2154 1216 tur
2177 1162 2344 1227 dicas,
2389 1163 2549 1218 Pauci
2592 1163 2807 1235 quidam
2855 1164 3022 1220 relicti
3059 1175 3200 1229 sunt,
3239 1155 3336 1237 qui
3387 1185 3489 1222 non
3530 1181 3654 1224 sunt

2067 1253 2294 1308 correcti
2319 1270 2333 1318 ;
2361 1254 2454 1309 sed
2487 1255 2612 1309 illud
2634 1255 2930 1320 considera,
2962 1258 3103 1327 quod
3129 1259 3210 1312 isti
3235 1260 3386 1328 pauci
3410 1277 3512 1313 non
3534 1277 3654 1315 eor—

2067 1347 2196 1402 recti
2237 1349 2432 1404 multos
2460 1359 2804 1420 corrumpant
2834 1352 2985 1408 alios.
3036 1353 3242 1406 Etenim
3288 1360 3343 1408 et
3380 1353 3517 1423 apud
3560 1356 3652 1409 Coo

2069 1438 2294 1495 rinthios
2321 1455 2456 1495 unus
2480 1449 2595 1496 erat
2625 1440 2938 1510 fornicatus,
2979 1457 3030 1498 et
3070 1453 3246 1499 tamen
3300 1445 3372 1501 ita
3409 1447 3654 1514 gemebat

2071 1531 2281 1598 l‘aulus,
2315 1543 2582 1604 tamquam
2635 1544 2739 1589 tota
2786 1535 2991 1606 perdita
3033 1536 3246 1593 civitate
3286 1536 3368 1611 (l.
3392 1536 3508 1593 Cor.
3548 1539 3648 1605 5):

2067 1635 2121 1682 et
2159 1626 2378 1692 merito;
2420 1626 2623 1681 sciebat
2659 1629 2837 1694 enim,
2887 1629 2979 1683 illo
3019 1644 3122 1684 non
3172 1639 3432 1696 correcta,
3470 1631 3651 1684 vitium

2067 1733 2292 1788 serpens
2318 1729 2371 1775 et
2409 1720 2544 1775 alios
2572 1735 2761 1776 omnes
2805 1722 3112 1777 invasurum
3147 1738 3288 1779 esse.
3334 1723 3455 1780 Vidi
3487 1742 3652 1794 nuper

2069 1809 2121 1863 in
2165 1809 2366 1879 judicio
2408 1810 2613 1868 vinctos
2663 1821 2718 1868 et
2763 1828 2860 1883 per
2906 1815 3136 1869 medium
3183 1814 3355 1871 lbrum
3399 1815 3654 1871 abductos

2070 1900 2190 1955 illos
2216 1901 2451 1958 illustres
2480 1903 2625 1960 viros
2654 1921 2668 1959 :
2693 1913 2749 1960 et
2775 1905 3088 1976 quibusdam
3116 1909 3452 1965 contumelia:
3481 1928 3657 1966 exces-

2069 2003 2189 2044 sum
2225 1991 2648 2059 admirantibus,
2685 1993 2820 2050 nihil
2859 1995 3110 2052 admirari
3139 2009 3371 2066 oportet,
3409 1999 3657 2055 dici-baut

2069 2081 2157 2136 alii
2185 2099 2198 2136 :
2227 2082 2316 2138 ubi
2344 2084 2486 2139 enim
2518 2084 2809 2151 damnatio,
2836 2087 3066 2157 dignitas
3093 2091 3222 2145 nihil
3253 2092 3488 2160 prodest.
3513 2093 3656 2147 Non-

2070 2190 2138 2229 ne
2166 2174 2324 2247 igitur
2351 2176 2520 2232 multo
2543 2179 2734 2250 magis,
2762 2179 2856 2245 ubi,
2881 2180 2950 2235 sit
2980 2181 3244 2251 impietas,
3271 2183 3401 2238 nihil
3431 2185 3656 2254 dignitas

2070 2267 2286 2337 adjuvat
2304 2269 2330 2323 ἲ

2139 2359 2194 2416 5.
2228 2359 2353 2416 Haec
2376 2360 2536 2432 igitur
2555 2365 2869 2435 cogitantes,
2895 2381 2992 2421 nos
3021 2367 3163 2438 ipsos
3185 2368 3478 2426 excitemus
3509 2389 3521 2424 :
3556 2371 3653 2425 nisi

2071 2453 2214 2510 enim
2245 2451 2476 2508 studium
2503 2454 2853 2514 adhibueritis
2877 2472 2972 2514 vos
2995 2501 3009 2522 ,
3041 2474 3070 2513 a
3098 2460 3252 2514 nobis
3278 2462 3454 2516 omnia
3485 2478 3654 2531 agun-

2073 2553 2159 2599 tur
2183 2545 2472 2616 superflua.
2505 2547 2640 2615 Quid
2684 2549 2757 2604 ita
2795 2549 3047 2604 tandem?
3085 2549 3347 2616 Quoniam
3390 2570 3492 2606 non
3523 2553 3657 2608 sit-ut

2071 2641 2292 2711 reliqua:
2318 2648 2462 2694 artes
2484 2679 2499 2703 ,
2530 2640 2599 2694 ita
2623 2647 2704 2694 est
2731 2641 3113 2711 magisterium.
3148 2643 3489 2712 Argentarius
3515 2645 3656 2698 enim

2072 2731 2223 2788 faber
2256 2733 2644 2804 qualecumque
2679 2750 2772 2790 vas
2808 2735 3082 2792 excuderit
3121 2746 3175 2792 et
3205 2739 3520 2808 reposucrit,
3554 2737 3659 2792 tale

2073 2823 2330 2894 postridie
2368 2839 2617 2880 reversus
2665 2827 2857 2880 iterum
2903 2817 3136 2883 inveniet
3185 2846 3198 2882 :
3244 2837 3299 2883 et
3340 2829 3560 2884 aerarius
3607 2840 3657 2882 et

2074 2917 2456 2971 marmorarius
2508 2925 2562 2971 et
2612 2918 2874 2972 artificum
2921 2919 3144 2990 quisque
3181 2919 3341 2989 quale
3391 2919 3658 2990 propriqu

2073 3022 2208 3077 opus
2251 3007 2535 3075 dimiserit,
2569 3008 2673 3063 tale
2703 3025 2913 3064 rursum
2956 3011 3196 3080 recipiet.
3225 3008 3375 3066 Circa
3408 3027 3504 3066 nos
3534 3028 3661 3065 vero

2075 3113 2181 3153 non
2225 3098 2319 3164 ita,
2367 3097 2461 3153 sed
2499 3099 2822 3154 contrarimn
2873 3101 3089 3156 omnino
3125 3120 3137 3155 :
3173 3118 3276 3154 non
3306 3102 3446 3157 enim
3489 3102 3647 3157 inani~

2077 3200 2216 3246 mata
2244 3205 2388 3256 vasa,
2416 3190 2509 3246 sed
2531 3191 2736 3245 animas
2766 3192 3006 3246 cudimas
3045 3193 3351 3247 rationales.
3393 3193 3516 3247 ldeo
3557 3211 3660 3247 non

2074 3285 2212 3342 tales
2245 3300 2340 3341 vos
2381 3285 2706 3350 invenimus,
2743 3287 2929 3357 quales
2975 3287 3344 3358 relinquimus,
3379 3288 3471 3342 sed
3520 3298 3662 3356 post-

2075 3393 2238 3448 quam
2261 3384 2539 3447 susceptos
2569 3377 2736 3432 multo
2763 3377 2943 3433 labore
2970 3377 3435 3434 reformaverimus
3465 3388 3515 3433 et
3537 3393 3658 3432 cor-

2076 3469 2392 3536 rexerimus,
2439 3481 2494 3527 et
2518 3472 2853 3528 effecerimus
2894 3472 3283 3540 ferventiores,.
3301 3489 3545 3545 egressos
3572 3489 3663 3528 nc-

2075 3562 2338 3631 gotiorum
2386 3561 2784 3617 circumstantia
2826 3579 2919 3616 vos
2963 3563 3194 3632 undique
3235 3563 3660 3618 circumcurrens

2077 3667 2288 3708 rursum
2318 3655 2592 3723 pervertit,
2635 3665 2688 3709 et
2724 3655 2978 3724 majorem
3017 3657 3170 3711 nobis
3213 3656 3413 3726 praebet
3436 3656 3664 3712 difficul—

2080 3754 2264 3800 tatem.
2294 3745 2497 3801 Idcirco
2519 3746 2760 3817 supplico
2789 3757 2842 3803 et
2867 3764 2983 3814 oro,
3024 3765 3238 3804 manum
3278 3750 3581 3821 porrigatis,
3611 3761 3665 3806 et

2077 3845 2335 3907 quantum
2361 3852 2461 3909 ego
2501 3838 2589 3894 hic
2630 3838 2697 3893 ad
2733 3841 3118 3898 correctionem
3160 3850 3395 3896 vestram
3429 3841 3662 3898 studium

2079 3929 2234 3995 facio,
2267 3937 2468 3984 tantum
2499 3945 2594 3984 vos
2624 3929 2748 3985 hinc
2769 3931 2992 4002 digressi
3022 3933 3162 3987 circa
3189 3933 3664 3989 salutemvestram

2078 4037 2223 4078 cura:
2253 4019 2653 4078 demonstretis.
2707 4023 2916 4078 Utinam
2966 4032 3147 4092 posset
3182 4025 3316 4088 fieri,
3350 4034 3408 4078 ut
3432 4040 3532 4095 ego
3571 4040 3666 4095 pro

2080 4114 2229 4169 vobis
2261 4113 2398 4170 bene
2437 4130 2690 4178 mererer,
2735 4123 2789 4169 et
2826 4116 3136 4169 meritorum
3183 4116 3360 4168 bravia
3387 4130 3482 4170 vos
3511 4131 3666 4186 cape-

2081 4206 2244 4268 retis;
2277 4220 2376 4260 nec
2401 4214 2605 4260 tantum
2646 4219 2741 4260 vos
2779 4221 3075 4260 vexassent.
3123 4205 3228 4260 Sed
3267 4206 3396 4276 quid
3439 4207 3668 4262 faciam?

2081 4297 2184 4352 hoc
2227 4297 2556 4370 impossibile
2586 4305 2711 4352 est:
2753 4297 2944 4366 cuique
2990 4299 3132 4351 etaim
3179 4297 3469 4354 secundum
3503 4315 3666 4369 opera

2081 4408 2176 4447 sua
2207 4393 2485 4449 retribuet.
2517 4393 2667 4449 Sicut
2696 4394 2855 4464 igitur
2885 4405 3055 4450 mater
3083 4393 3247 4449 tilium
3277 4395 3664 4451 febricitantem

2082 4502 2328 4552 cernens,
2360 4485 2561 4540 dolenti
2604 4494 2659 4541 et
2698 4487 2902 4542 ardenti
2949 4489 3222 4551 assistens,
3264 4488 3452 4559 lugens
3500 4503 3670 4558 nigro—

2085 4575 2216 4631 tanti
2255 4575 2388 4631 dicit
2425 4575 2577 4631 filio:
2613 4575 2854 4643 Utinam,
2878 4577 2970 4643 fili,
3020 4578 3218 4632 febrem
3259 4591 3359 4648 ego
3397 4579 3668 4649 suscipere

2084 4682 2315 4737 possem,
2344 4676 2398 4723 et
2428 4668 2479 4722 in
2503 4683 2590 4723 me
2615 4665 2882 4724 flammam
2912 4668 3183 4725 attrahere
3209 4687 3221 4724 :
3246 4670 3322 4724 sic
3349 4669 3586 4739 profecto
3613 4681 3668 4723 ct

2084 4775 2184 4832 ego
2209 4775 2351 4816 nunc
2381 4761 2501 4816 dico
2527 4778 2540 4815 :
2569 4761 2780 4818 Utinam
2812 4763 3063 4832 possibile
3093 4773 3235 4819 esset
3266 4778 3350 4818 nte
3393 4778 3490 4832 pro
3517 4762 3666 4816 vobzs

2085 4853 2411 4909 laborantem
2433 4854 2682 4910 omnibus
2716 4864 2860 4910 recte
2900 4872 3092 4925 agere;
3135 4856 3228 4910 sed
3258 4871 3363 4912 non
3393 4856 3516 4910 licet
3543 4854 3664 4920 hor,

2085 4963 2192 5002 non
2219 4946 2364 5012 licet,
2397 4945 2490 5002 sed
2512 4962 2777 5018 quemque
2805 4962 3025 5002 necesse
3054 4958 3136 5002 est
3177 4962 3207 5000 a
3254 4961 3311 5001 se
3354 4946 3666 5000 commisso.

2086 5053 2204 5092 rum
2246 5038 2505 5095 rationem
2546 5038 2815 5116 reddere:
2848 5054 3019 5109 neque
3051 5038 3229 5094 videre
3265 5047 3348 5095 est
3385 5038 3544 5094 alium
3574 5056 3671 5108 pro

2083 5131 2189 5186 alio
2213 5131 2406 5202 puniri.
2435 5131 2718 5202 Propterea
2752 5131 2908 5187 doleo
2934 5139 2988 5186 et
3041 5130 3215 5201 lugeo,
3249 5130 3369 5202 quia
3403 5131 3550 5186 vobis
3580 5133 3667 5188 die

2085 5221 2177 5276 illo
2201 5223 2461 5278 accusatis
2479 5223 2733 5278 assistere
2769 5236 2872 5277 non
2904 5230 3111 5292 potero,
3151 5224 3382 5278 maxime
3408 5239 3528 5278 cum
3575 5240 3670 5279 ne-

2085 5330 2189 5386 que
2218 5315 2346 5368 mihi
2375 5315 2566 5371 fiducia
2592 5315 2733 5385 apud
2775 5314 2942 5370 Deum
2989 5313 3059 5369 sit
3092 5322 3273 5380 tanta;
3303 5315 3348 5370 si
3371 5330 3496 5370 vero
3523 5327 3579 5371 et
3608 5316 3668 5370 tio

2085 5406 2293 5462 duciam
2315 5404 2720 5474 haberem,.non
2751 5420 2868 5460 sum
2893 5405 3037 5462 Mose
3069 5407 3320 5472 sanctior,
3358 5423 3532 5475 neque
3574 5406 3669 5459 Sa-

2084 5500 2258 5554 muele
2274 5498 2484 5571 justior,
2516 5513 2650 5569 quos
2681 5499 2931 5554 virtutem
2961 5510 3162 5556 tantam
3196 5509 3511 5570 assequutos
3535 5499 3666 5552 dixit

2085 5608 2191 5646 non
2218 5593 2233 5624 ¹
2259 5605 2414 5662 posse
2438 5590 2563 5662 quid
2581 5591 2796 5648 Judatos
2819 5591 3094 5663 adjuvare,
3117 5592 3255 5665 quod
3277 5591 3441 5647 nimio
3468 5594 3666 5661 torpori

2149 5709 2164 5737 ⁸
2199 5703 2417 5779 {diunon
2441 5705 2673 5768 permisit,
2703 5723 2808 5772 pro,
2834 5706 2959 5759 dixit
2993 5724 3102 5761 non.
3144 5716 3194 5761 Et
3212 5710 3276 5760 ita
3303 5711 3448 5761 vertit
3472 5717 3665 5758 Bernar-

2085 5771 2177 5821 dus
2196 5771 2458 5822 Brixiantts.
