4070 6208
472 239 571 291 H3

467 355 672 420 seipsos
699 352 770 408 illi
794 353 1068 410 dedissent
1092 356 1302 429 (Jerem.
1329 358 1498 431 15,1).
1518 359 1776 426 Quomam
1801 362 1958 431 igitur
1981 378 2045 418 ex

467 444 698 513 propriis
723 447 973 515 operibus
1016 449 1262 518 punimur
1294 459 1346 503 et
1382 450 1671 515 solvamur,
1719 451 2045 520 studeamus,

466 550 672 601 quaeso,
698 551 820 592 eum
846 538 965 592 aliis
995 538 1240 594 omnibus
1260 548 1314 595 et
1358 540 1456 595 hoc
1482 543 1696 611 explere
1716 542 2045 610 mandatum,

467 634 521 678 ut
552 640 673 681 cum
698 627 832 682 bona
861 644 957 698 spe
995 631 1115 684 hinc
1144 631 1399 687 abeuntes
1428 633 1687 701 promissa
1732 635 1866 689 bona
1899 650 2042 691 asse-

1089 241 1147 298 S.
1186 243 1465 301 JOANNIS
1489 246 1962 304 CllRYSOSTOMl
2004 248 2317 309 ABCllIEP.
2359 254 2885 319 CONSTANTINOP.

3595 280 3669 339 lil

2152 382 2400 437 quatitur,
2442 374 2614 441 gratia
2662 385 2715 429 et
2764 377 3086 449 benignitate
3134 381 3343 439 Domini
3388 390 3535 445 nostri
3574 394 3677 452 Jestt

2161 457 2379 525 Christi,
2405 478 2499 531 per
2522 479 2678 533 quem
2715 477 2767 520 et
2787 483 2905 522 cum
2930 487 3034 540 quo
3074 473 3216 528 Patri
3251 475 3430 546 gloria,
3462 497 3551 537 una
3578 501 3678 544 cum
3706 517 3710 521 -

2152 561 2338 619 Sancto
2369 553 2590 622 Spiritu,
2615 574 2752 614 nunc
2783 572 2835 616 et
2872 578 3100 634 semper,
3131 578 3181 621 et
3210 568 3261 624 in
3287 574 3469 629 smcula
3503 582 3681 633 strenlo-

2154 657 2290 696 rum.
2324 642 2516 700 Amen.

2708 784 2927 795 -———.—

2936 782 3669 810 Ἢ.

466 852 705 896 POPULO
748 853 906 897 ΟΜΝῙ
954 856 1030 898 ΔΒ
1074 856 1380 899 ANGUSTIA
1424 857 1737 901 LIBERATO
1780 859 1860 900 ET
1912 858 2047 902 CON!

2157 862 2300 906 [ὌΤο
2344 866 2406 908 ΙΝ
2452 869 2735 925 FIDUCIA,
2780 874 3026 925 QUIDAM
3071 879 3327 923 BUBSUM
3382 884 3684 934 CIVITATESI

543 954 866 997 COXFICTIS
906 956 1269 1010 BUMORIBUS
1310 957 1671 999 TREHEXDIS
1716 958 2047 1000 TURBAVEII

2157 962 2207 1016 r,
2256 964 2336 1005 ET
2366 966 2658 1011 coxvmrt
2702 971 2897 1028 suur;
2944 976 3026 1017 DE
3070 977 3192 1022 nec
3235 979 3445 1023 IGITUR
3478 985 3687 1035 metu

546 1056 655 1097 EST
700 1056 986 1105 HOMILIA,
1037 1057 1115 1098 ΕΤ
1157 1056 1239 1097 DE
1282 1057 1802 1099 JURAMENTORUM
1849 1058 2047 1100 ΑΒετιξ

2158 1061 2261 1104 ΤιΔ
2306 1065 2662 1112 ADMONITIO
2703 1072 2977 1129 ADDITA;
3010 1075 3288 1130 IDEOQUE
3320 1081 3398 1122 DE
3437 1083 3689 1132 ιοΝΑΤιιι

544 1157 622 1198 ET
664 1157 861 1199 saeua
906 1157 984 1197 ET
1024 1156 1313 1199 JEPHTHE
1356 1156 1651 1198 msronts
1702 1156 2025 1199 enouucn
2073 1159 2208 1214 EST,
2256 1162 2336 1204 ET
2380 1165 2916 1218 nemonsrnnum.
2963 1175 3132 1230 quon
3195 1180 3278 1223 ex
3343 1183 3464 1227 uno
3522 1187 3694 1232 JURA-

544 1255 757 1303 MENTO
801 1256 1169 1309 nascumun
1216 1239 1578 1297 renst'ttts’.

1938 1363 2142 1410 8(0‘0‘!
2149 1363 2249 1409 €68)

1099 1510 1291 1545 HOMHJA
1315 1508 1417 1544 ιιν.

539 1602 587 1655 l.
632 1600 743 1655 Non
778 1616 963 1670 parum
993 1601 1262 1655 civitatem
1291 1599 1445 1653 nobis
1484 1598 1599 1654 heri
1639 1599 1885 1655 diabolus
1926 1616 2048 1671 per-

462 1694 711 1759 turbavit,
737 1693 830 1749 sed
868 1703 921 1747 et
948 1693 1090 1747 Deus
1133 1708 1231 1747 nos
1270 1693 1461 1746 iterum
1499 1707 1603 1745 non
1643 1707 1825 1761 parum
1850 1707 2041 1747 constt.

462 1785 595 1838 latus
626 1794 729 1848 est,
776 1785 845 1839 ita
890 1794 944 1839 ut
985 1785 1208 1854 quisque
1254 1793 1491 1838 nostrum
1533 1794 1832 1854 opportune
1868 1784 2047 1840 dicere

462 1876 631 1944 possit
676 1875 805 1931 illud
856 1876 1226 1945 propheticum
1276 1894 1290 1930 :
1339 1874 1628 1930 Secundum
1674 1876 2044 1931 multitudinem

460 1966 695 2020 dolorum
724 1983 946 2020 meorum
986 1968 1038 2019 in
1067 1968 1217 2020 corde
1248 1982 1356 2020 meo
1382 1966 1751 2020 consolationes
1793 1976 1893 2021 tute
1916 1968 2046 2022 [trti-

461 2058 741 2125 [irarerunt
765 2057 987 2111 animam
1024 2073 1184 2113 nteant
1215 2055 1394 2127 (Psal.
1417 2056 1503 2111 93.
1532 2056 1659 2126 19).
1691 2056 1799 2112 Nec
1842 2065 2043 2115 tantum

458 2146 806 2213 consolando,
830 2147 921 2203 sed
953 2156 1007 2202 et
1032 2147 1329 2217 perturbari
1358 2146 1741 2216 permittendo,
1762 2148 2047 2216 providen-

459 2239 583 2292 tiam
613 2239 766 2293 nobis
789 2253 938 2293 suam
965 2238 1103 2294 Deus
1129 2237 1389 2295 exhibuit.
1415 2239 1565 2305 Qttod
1590 2240 1731 2294 enim
1757 2255 2042 2312 numquam

457 2330 635 2386 dicere
664 2330 869 2397 destiti,
902 2331 1000 2386 hoc
1026 2341 1082 2387 et
1108 2332 1263 2386 hodie
1290 2332 1491 2398 dicam,
1520 2348 1624 2386 non
1663 2332 1822 2388 modo
1847 2350 2043 2387 terum-

458 2436 643 2474 narum
673 2421 991 2479 solutionem
1018 2462 1033 2486 ,
1078 2421 1171 2476 sed
1204 2431 1258 2475 et
1304 2422 1489 2475 harum
1532 2422 1937 2491 permissionem
1979 2440 2041 2477 rx

460 2510 551 2565 Dei
596 2510 961 2567 benevolentia
997 2527 1135 2566 esse.
1181 2510 1311 2566 Cum
1351 2512 1491 2566 enim
1533 2527 1630 2566 nos
1669 2511 1740 2573 ad
1777 2523 2044 2582 torporem

458 2602 789 2657 declinantes
817 2603 980 2667 videt,
1004 2613 1055 2657 et
1095 2602 1162 2655 ab
1203 2603 1366 2671 ipsius
1402 2602 1758 2659 familiaritate
1799 2604 2047 2658 resilic::-.

460 2702 561 2755 tes,
594 2708 656 2747 ae
695 2693 1047 2761 Spiritualium
1090 2692 1288 2746 nullam
1330 2693 1587 2747 rationem
1616 2693 1892 2758 habentes,
1916 2708 2046 2763 pau-

460 2785 567 2838 lum
604 2800 699 2841 nos
737 2784 1063 2853 derelinquit
1084 2825 1099 2849 ,
1146 2793 1202 2838 ut
1234 2785 1303 2838 ita
1334 2784 1599 2854 castigati,
1630 2784 1693 2839 ad
1726 2783 1897 2854 ipsum
1927 2795 2043 2838 stu-

459 2877 658 2933 diosius
689 2877 995 2933 redeamus.
1049 2877 1112 2931 Et
1154 2877 1279 2947 quid
1310 2877 1587 2931 admiraris
1613 2918 1628 2941 ,
1675 2878 1718 2932 si
1766 2878 1904 2931 circa
1949 2894 2045 2933 nos

460 2977 732 3037 torpentes
778 2969 880 3024 hoc
911 2969 1029 3023 facit
1053 3009 1073 3035 ,η
1114 2968 1309 3039 quippe
1339 2982 1457 3022 cum
1492 2967 1685 3025 Paulus
1715 2976 1769 3023 et
1812 2968 1863 3023 in
1895 2983 1954 3023 se
1991 2977 2050 3023 et

461 3064 511 3118 in
570 3063 846 3134 discipulis
902 3062 1013 3118 suis
1062 3062 1199 3119 hanc
1251 3061 1603 3116 tentationum
1660 3076 1873 3117 causam
1927 3076 2046 3117 esse

460 3154 707 3209 dixerit?
757 3154 969 3210 Etenim
1015 3154 1081 3208 ad
1130 3152 1438 3209 Corinthios
1490 3152 1777 3207 secundam
1830 3152 2049 3207 mittens

460 3248 761 3318 epistolam,
794 3247 871 3302 sic
900 3246 1111 3303 dicebat
1146 3264 1159 3299 :
1188 3242 1325 3298 Nolo
1350 3261 1436 3299 vos
1465 3244 1720 3314 ignorare,
1751 3247 1955 3313 fratres,
1984 3244 2047 3299 de

461 3339 960 3408 tribulatione-facta
1008 3338 1149 3397 nobis
1195 3338 1246 3392 in
1275 3337 1430 3402 Asia,
1479 3338 1613 3407 quod
1658 3352 1812 3405 supra
1842 3336 2047 3390 modum

460 3435 655 3505 gravati
682 3449 857 3488 sumus
882 3448 1037 3503 supra
1069 3432 1298 3485 virtutem
1321 3472 1334 3493 ,
1363 3430 1436 3483 ita
1466 3440 1517 3482 ut
1548 3430 1749 3483 truderet
1780 3446 1869 3482 nos
1898 3430 2055 3495 etiam.

462 3527 665 3590 virere;
694 3524 783 3581 sed
809 3524 907 3592 ipsi
935 3525 987 3577 in
1015 3523 1157 3577 nobis
1182 3522 1306 3591 ipsis
1332 3538 1628 3591 responsum
1668 3521 1841 3573 mortis
1870 3520 2047 3577 habui-

460 3635 571 3671 mus
618 3618 710 3689 (2.
736 3617 854 3670 Cor.
882 3619 931 3672 1.
955 3617 1003 3671 8.
1031 3614 1101 3688 9)
1135 3633 1149 3672 τ
1190 3615 1339 3685 quasi
1386 3614 1629 3676 diceret,
1678 3611 1806 3667 Tam
1859 3628 2045 3683 magna

461 3713 639 3779 nobis,
667 3712 871 3783 inquit,
906 3710 1194 3767 incubuere
1222 3709 1455 3779 pericula
1483 3749 1497 3773 ,
1549 3716 1607 3762 ut
1632 3708 1810 3762 vivere
1837 3708 2043 3761 abomi-

461 3820 735 3870 naremur,
765 3818 865 3859 nec
895 3803 1129 3873 amplius,
1152 3815 1488 3870 Speraremus
1518 3800 1678 3854 ullam
1708 3799 1821 3853 fore
1852 3798 2045 3854 bonam

463 3897 811 3950 mutationem
834 3936 849 3962 ,
894 3909 992 3949 nec
1022 3894 1120 3947 nisi
1152 3902 1381 3947 mortem
1412 3891 1825 3960 exspectandum
1857 3899 1999 3946 esset
2030 3907 2043 3943 :

466 3987 567 4043 hoc
592 3987 733 4042 enini
759 3986 889 4041 illttd
917 3995 1019 4049 est,
1054 3984 1083 4039 1
1086 3985 1164 4057 psi
1191 3985 1242 4038 in
1274 3984 1415 4038 nobis
1443 3984 1569 4053 ipsis
1592 4000 1885 4051 responsum
1913 4000 2048 4035 mor-

465 4080 527 4132 tis
554 4078 862 4143 habuimus;
892 4076 985 4133 sed
1016 4085 1189 4130 tamen
1228 4082 1346 4144 post
1393 4083 1590 4127 tantam
1622 4073 2045 4143 deSperationem

466 4172 669 4240 depulit
697 4172 834 4226 Deus
865 4169 1152 4241 procellam
1175 4210 1191 4235 ,
1223 4178 1273 4222 et
1306 4166 1500 4221 nubem
1530 4165 1725 4235 abegit,
1758 4180 1958 4234 nosque
1982 4180 2047 4219 ex

467 4263 595 4332 ipsis
623 4265 810 4317 mmtfs
839 4262 1075 4316 faucibus
1097 4258 1311 4329 eripuit.
1341 4257 1463 4317 Mox
1492 4255 1880 4316 demonstrans,
1906 4254 2047 4325 quod

464 4352 763 4408 concedere
791 4361 847 4406 ut
868 4352 921 4405 in
950 4360 1148 4407 tantum
1182 4348 1540 4403 incideretnus
1570 4346 1885 4415 periculum,
1916 4346 2050 4403 mul-

469 4453 536 4498 ta:
581 4452 697 4499 erat
744 4442 1091 4513 providentia:
1119 4456 1273 4510 Opus,
1303 4456 1369 4495 ex
1422 4438 1801 4494 tentationibus
1846 4438 2047 4492 lucrum

464 4537 629 4591 etiam
690 4543 896 4605 partum
939 4541 1240 4593 memorat;
1290 4532 1389 4583 hoc
1436 4539 1613 4584 autem
1660 4537 1808 4589 erat,
1839 4526 2052 4582 assidue

464 4624 533 4680 ad
561 4624 734 4696 ipsum
765 4623 1054 4693 respicere,
1100 4622 1193 4676 sed
1239 4620 1312 4675 uil
1357 4635 1606 4689 magnum
1651 4631 1838 4687 sapere
1877 4632 2052 4687 neque

464 4718 673 4775 extolli.
721 4716 1008 4787 Propterea
1038 4729 1158 4769 cum
1191 4714 1445 4777 dixisset,
1496 4710 1607 4782 Ipsi
1649 4711 1699 4764 in
1745 4710 1885 4764 nobis
1928 4710 2052 4780 ipsis

466 4826 762 4882 responsum
788 4809 963 4863 mortis
991 4807 1293 4871 habuimus,
1332 4814 1380 4861 et
1419 4819 1632 4859 causam
1678 4801 1873 4856 intulit.
1921 4800 2052 4868 Qua:

468 4917 593 4957 vero
620 4900 737 4957 lucc
764 4907 848 4955 est
875 4898 1079 4953 causa?
1111 4895 1177 4951 Ut
1219 4912 1318 4949 non
1358 4896 1515 4951 simus
1548 4892 1757 4961 ﬁdentes
1797 4893 1849 4946 in
1887 4891 2047 4955 nobis,

467 4992 660 5063 inquit,
691 4990 782 5047 sed
806 4990 860 5045 in
880 4988 1010 5054 Deo,
1044 4988 1130 5059 qui
1157 4988 1364 5042 suscitat
1394 4995 1618 5039 mortuos
1647 4983 1721 5056 (2.
1747 4982 1863 5039 Cor.
1896 4984 1946 5037 1.
1972 4983 2048 5052 9).

471 5084 830 5138 Dormitantes
855 5080 998 5138 enim
1022 5096 1121 5134 nos
1146 5087 1198 5134 et
1219 5077 1468 5146 delapsos
1488 5074 1895 5146 expergeiaeere
1917 5074 2055 5129 solet

475 5183 529 5227 et
556 5174 790 5229 excitare
812 5213 828 5239 ,
860 5181 915 5228 et
960 5171 1319 5241 religiosiores
1351 5168 1526 5222 facere
1568 5166 1915 5220 tentationum
1953 5180 2051 5219 na-

405 5275 417 5287 °
472 5272 608 5315 tura.
641 5261 773 5318 Cum
802 5264 962 5334 igitur
992 5263 1187 5317 videris
1208 5304 1222 5327 ,
1264 5260 1463 5321 dilecte
1486 5301 1502 5325 ,
1536 5260 1878 5315 tentationem
1915 5274 2054 5314 nunc

472 5352 687 5422 quidem
735 5355 1048 5409 exstinctam
1076 5394 1090 5419 ,
1133 5367 1347 5408 rursum
1393 5360 1570 5407 autem
1618 5363 1934 5414 accensam,
1990 5364 2056 5403 ne

471 5443 653 5500 animo
691 5445 939 5500 concidas
978 5461 1077 5499 neu
1119 5444 1385 5507 rcl‘ugias;
1433 5441 1526 5497 sed
1568 5440 1761 5496 bonam
1790 5454 1938 5509 spem
1973 5452 2051 5493 te-

540 5562 555 5590 ι
592 5558 733 5608 sat-il.
753 5557 883 5619 hunc
901 5558 1020 5606 item
1036 5559 1083 5605 in
1100 5558 1319 5619 margine
1338 5555 1529 5619 titulum
1553 5554 1712 5603 adfert
1735 5566 1747 5602 :
1778 5552 2059 5619 Exhortatio

477 5622 538 5674 de
561 5620 845 5672 abstinentia
856 5618 1141 5681 juramenti,
1182 5616 1228 5668 et
1252 5618 1378 5676 quod
1402 5620 1674 5679 frequenter
1684 5620 1934 5677 Jurantem
1956 5616 2055 5679 fre-

479 5689 681 5753 quenter
696 5682 841 5734 etiam
866 5682 1119 5745 per/arare
1144 5692 1333 5733 necesse
1356 5686 1440 5728 cst.

2160 1516 2306 1563 neas,
2342 1502 2468 1559 illud
2496 1505 2633 1563 intra
2666 1509 2889 1578 teipsutn
2913 1512 3259 1583 ratiocinans,
3283 1517 3427 1587 quod
3446 1532 3543 1573 non
3568 1534 3705 1590 μενος

2152 1604 2243 1644 sus
2273 1607 2370 1645 nec
2398 1606 2670 1650 aversntus
2702 1614 2800 1653 nos
2829 1600 2965 1654 Deus
2991 1602 3331 1660 inimicorum
3352 1609 3583 1667 manibus
3609 1618 3699 1665 tra-

2150 1681 2274 1746 dat,
2307 1683 2398 1737 sed
2427 1685 2773 1744 studiosiores
2798 1698 2852 1745 et
2879 1691 2980 1746 sibi
3023 1694 3189 1764 magis
3234 1694 3519 1753 familiares
3545 1697 3709 1757 facere

2152 1773 2354 1828 volens.
2388 1775 2462 1831 Ne
2491 1777 2648 1849 igitur
2675 1781 2910 1836 animum
2942 1783 3369 1854 despondeamus
3388 1829 3403 1851 ,
3432 1804 3528 1844 nec
3551 1801 3704 1844 muta-

2154 1869 2351 1921 tionem
2382 1868 2433 1921 in
2466 1871 2653 1927 melius
2683 1873 3046 1943 deSperemus,
3078 1878 3170 1933 sed
3198 1881 3526 1936 eelerrimam
3551 1898 3709 1955 spere-

2151 1973 2270 2013 mus
2299 1958 2411 2014 fore
2440 1964 2895 2034 tranquillitatem,
2919 1976 2973 2021 et
2994 1970 3233 2024 omnium
3253 1973 3447 2041 quibus
3470 1974 3705 2044 agitantur

2153 2052 2469 2109 tumultnum
2501 2053 2658 2111 finem
2691 2056 2742 2111 in
2775 2058 2937 2113 Deum
2971 2061 3332 2130 projicientes,
3366 2080 3571 2119 rursum
3595 2081 3711 2119 eon-

2150 2153 2297 2198 sueta
2325 2144 2681 2217 attingamus,
2725 2150 3039 2221 solitatnque
3082 2153 3135 2208 in
3176 2154 3413 2209 medium
3441 2156 3713 2211 doctrinam

2151 2237 2503 2306 producamus
2528 2240 2545 2271 ¹
2571 2258 2584 2294 :
2615 2256 2800 2297 rursus
2839 2243 2980 2297 enim
3011 2244 3160 2298 vobis
3187 2247 3257 2301 de
3286 2247 3476 2302 eadem
3515 2248 3716 2302 materia

2150 2328 2329 2384 dicere
2354 2330 2496 2396 volo,
2521 2341 2578 2385 ut
2601 2331 2668 2388 de
2698 2341 2876 2387 mente
2907 2343 3079 2389 vostra
3103 2336 3347 2405 improba
3372 2337 3579 2407 jurandi
3604 2354 3718 2394 con-

2149 2422 2377 2477 suetudo
2407 2423 2656 2481 radicitus
2685 2426 2961 2487 evellatur.

2223 2534 2253 2589 1
2258 2545 2418 2591 terum
2442 2545 2620 2590 contra
2634 2538 2947 2607 juramenta.
2970 2568 3035 2579 -—
3060 2538 3265 2594 ideirco
3285 2556 3510 2597 necesse
3530 2555 3721 2596 rursum

2151 2624 2215 2680 ad
2247 2626 2489 2681 eamdem
2522 2627 2807 2699 confugere
2846 2629 3310 2699 supplicationem.
3345 2633 3557 2691 Etenim
3583 2642 3723 2686 antea

2152 2734 2246 2773 vos
2275 2719 2451 2789 rogavi
2475 2760 2489 2785 ,
2523 2728 2581 2773 ιιι
2607 2719 2827 2776 Joannis
2856 2730 3014 2791 caput
3041 2722 3342 2777 abscissum
3372 2723 3548 2781 adhuc
3571 2722 3725 2778 calido

2151 2823 2342 2865 cruore
2366 2808 2637 2865 destillans
2665 2819 2968 2877 sumentes,
2984 2812 3061 2867 sic
3085 2811 3308 2867 domum
3339 2814 3566 2884 quisque
3591 2827 3731 2867 suam

2150 2898 2381 2957 redeatis
2404 2940 2419 2967 ,
2449 2909 2503 2956 et
2530 2901 2725 2971 putetis
2755 2910 2877 2957 ante
2907 2902 3091 2957 oculos
3119 2902 3324 2959 habere
3357 2906 3532 2975 ipsum
3562 2918 3734 2959 vocent

2152 2992 2481 3047 emittentem
2525 3001 2580 3047 et
2621 2992 2883 3049 dicentem
2928 3011 2941 3047 :
2984 2993 3117 3050 0dio
3147 2994 3348 3051 habete
3392 2996 3729 3066 jugulatoretn

2150 3098 2328 3145 meum
2364 3082 2747 3153 juramentum.
2792 3083 2941 3152 Quod
2972 3085 3268 3156 increpatio
3301 3102 3413 3141 non
3445 3086 3607 3152 fecit,
3645 3085 3735 3153 hoc

2153 3175 2278 3233 fecit
2321 3176 2682 3246 jnramentum
2713 3194 2727 3231 :
2759 3177 2899 3248 quod
2942 3178 3020 3232 ira
3067 3193 3173 3233 non
3222 3179 3404 3248 potuit
3452 3176 3731 3249 tyrannica,

2153 3267 2254 3327 hoc
2288 3268 2511 3338 perjurii
2544 3269 2832 3335 necessitas
2857 3268 3050 3324 effecit.
3082 3269 3225 3326 Sane
3256 3270 3481 3341 quando
3507 3269 3741 3325 omnibus

2154 3359 2363 3429 publice
2387 3359 2724 3423 audientibus
2747 3360 3095 3430 arguebatur,
3126 3360 3560 3431 inerepationem
3589 3372 3737 3429 gene-

2154 3464 2277 3507 rose
2322 3451 2441 3509 tulit
2487 3462 2789 3522 tyrannus;
2829 3466 2950 3517 eum
2982 3466 3107 3505 vero
3140 3466 3201 3506 se
3241 3454 3298 3507 in
3325 3450 3745 3521 juramentorum

2155 3542 2524 3600 necessitatem
2553 3542 2747 3612 adegit,
2779 3552 2903 3597 tunc
2927 3542 3055 3597 illud
3080 3542 3299 3607 beatum
3323 3551 3493 3613 caput
3514 3538 3743 3594 abscidit.

2156 3634 2267 3689 Hoc
2298 3635 2467 3704 ipsum
2500 3634 2656 3704 igitur
2682 3643 2741 3699 et
2764 3648 2906 3695 nunc
2949 3640 3103 3702 peto,
3150 3643 3214 3695 et
3245 3643 3443 3703 petere
3489 3648 3593 3688 non
3620 3629 3750 3686 desi-

2157 3738 2292 3782 stam
2315 3770 2330 3793 ,
2364 3737 2419 3782 ut
2445 3743 2777 3801 quocumque
2806 3726 3125 3788 abicrimns.
3163 3726 3269 3781 hoc
3299 3735 3583 3796 gestantes
3607 3730 3751 3791 caput

2156 3820 2443 3886 abeamus,
2471 3830 2525 3875 et
2553 3820 2803 3881 omnibus
2829 3819 3172 3873 ostendamus
3217 3820 3481 3888 clamans
3520 3829 3577 3875 et
3616 3818 3752 3887 jura-

2140 3920 2333 3975 »menta
2382 3912 2709 3980 vituperans.
2773 3910 3025 3977 Quamvis
3078 3926 3327 3980 namque
3386 3910 3550 3965 valde
3600 3908 3755 3963 simus

2158 4002 2329 4072 ignavi
2378 4011 2431 4055 et
2480 4002 2843 4072 negligentes,
2890 4001 3080 4070 capitis
3129 4001 3278 4056 illius
3325 4002 3525 4057 oculos
3571 3997 3757 4061 intuiti,

2160 4094 2466 4149 terribiliter
2506 4107 2604 4146 nos
2634 4092 2979 4161 respicientes
3002 4133 3017 4158 ,
3048 4100 3101 4145 et
3130 4091 3417 4147 minantes
3441 4090 3758 4161 jurantibus,

2159 4186 2311 4247 freno
2336 4186 2480 4240 omni
2509 4185 2876 4245 vehementius
2914 4200 3009 4254 per
3036 4185 3293 4240 timorem
3327 4181 3643 4255 huiusmodi
3680 4195 3758 4235 re-

2162 4281 2327 4349 pressi
2354 4320 2367 4343 ,
2396 4278 2647 4335 cohibere
2669 4288 2724 4332 et
2746 4286 2985 4333 avertere
3015 4278 3165 4332 facile
3192 4278 3516 4348 poterimus
3543 4278 3763 4346 linguam

2158 4386 2186 4423 a
2214 4369 2423 4438 jurandi
2454 4369 2764 4439 prtecipitio.
2795 4368 2903 4424 Nec
2930 4369 3070 4423 enim
3100 4367 3204 4423 hoe
3236 4369 3427 4423 solum
3457 4368 3624 4423 habet
3650 4363 3765 4419 mali

2154 4462 2536 4531 juratnentum,
2582 4459 2720 4530 quod
2749 4469 2802 4514 ct
2829 4468 3139 4515 temeratum
3170 4468 3234 4514 et
3259 4470 3551 4515 servatum
3577 4460 3769 4527 iuratos

2163 4569 2336 4623 ptena:
2361 4552 2519 4607 faciat
2542 4551 2824 4618 obnoxios,
2853 4550 2996 4622 quod
3027 4551 3077 4605 in
3104 4551 3263 4606 nullo
3289 4562 3649 4622 peccatorum
3674 4545 3769 4599 alio

2160 4644 2402 4700 accidere
2425 4642 2683 4713 quispiam
2711 4642 2892 4709 videt;
2924 4641 3017 4696 sed
3042 4651 3097 4697 et
3124 4641 3281 4696 aliud
3316 4659 3432 4698 non
3475 4644 3653 4697 minus
3680 4640 3772 4691 isto

2162 4736 2382 4792 malum.
2410 4735 2545 4804 Quid
2570 4742 2746 4789 autem
2770 4734 2872 4789 hoc
2898 4734 3022 4790 est?
3050 4733 3205 4801 Quod
3233 4751 3430 4806 neque
3455 4733 3770 4793 volentibus,

2162 4844 2336 4901 neque
2364 4828 2697 4883 studentibus
2725 4828 2919 4897 smpius
2966 4826 3227 4897 possibile
3272 4829 3349 4882 sit
3396 4830 3544 4884 bene
3581 4829 3773 4898 jurare.

2162 4921 2201 4978 Γ
2206 4921 2341 4977 ritno
2386 4922 2507 4991 quia
2548 4919 2850 4991 frequenter
2871 4918 3077 4987 iurans,
3106 4928 3156 4970 et
3205 4919 3411 4973 voletis
3469 4930 3526 4974 et
3568 4918 3773 4973 invitus.

2163 5024 2217 5071 et
2244 5014 2485 5070 nesciens
2513 5022 2565 5067 et
2590 5013 2785 5075 sciens,
2815 5019 2869 5066 et
2898 5013 3037 5064 serio
3058 5020 3109 5064 ct
3136 5010 3300 5076 joco,
3328 5022 3389 5066 et
3434 5012 3507 5065 ab
3531 5014 3608 5065 ira
3647 5022 3779 5077 smpc

2162 5106 2332 5162 elatus
2354 5114 2409 5160 et
2435 5120 2465 5159 a
2494 5104 2671 5159 multis
2696 5103 2837 5167 aliis,
2863 5102 3080 5156 omnino
3109 5102 3421 5172 peierabit.
3461 5104 3529 5157 Et
3556 5103 3639 5157 his
3659 5116 3777 5155 cou-

2165 5198 2386 5252 tradicet
2428 5210 2583 5250 nemo
2624 5210 2838 5263 :usque
2882 5193 3018 5248 adeo
3067 5193 3299 5260 planum
3353 5205 3414 5250 et
3444 5193 3780 5249 manifestum

2164 5299 2276 5354 est,
2305 5286 2446 5358 qund
2473 5287 2697 5343 multum
2722 5286 2988 5354 jnrantem
3010 5326 3025 5348 ,
3058 5284 3355 5354 perjttrutn
3389 5303 3520 5343 esse
3546 5299 3781 5342 necess'h

2230 5468 2242 5496 '
2280 5470 2533 5527 sav._post,
2550 5460 2873 5527 projicientes,
2897 5459 2966 5508 sic
2989 5458 3173 5527 habet;
3199 5466 3505 5527 bratteatum
3529 5471 3621 5524 pro
3643 5455 3784 5505 omni.

2164 5518 2480 5592 brts‘gra‘tit'tm
2502 5518 2726 5587 agentes;
2749 5528 2795 5572 et
2818 5520 2906 5592 hoc
2923 5520 3117 5592 quidem
3140 5518 3252 5592 ipsi
3278 5518 3785 5592 facientes'nutupuua

2164 5585 2394 5656 desinatis
2414 5600 2433 5656 ί
2453 5585 2674 5656 εῃοίυενο
2694 5588 2919 5656 consueta
2940 5585 3179 5645 attingam
3206 5585 3301 5633 iter
3314 5597 3406 5636 um
3430 5585 3720 5647 solitumque
3742 5589 3787 5636 ut

2165 5651 2378 5707 medium
2400 5645 2670 5700 doctrinam
2691 5645 2973 5717 producam.
