4070 6208
318 361 421 423 εις

316 482 454 538 rium
481 478 575 534 sit.
619 474 865 534 Secundo
886 515 900 539 ,
932 473 1033 529 etsi
1060 488 1161 527 non
1206 482 1385 541 raptus
1407 511 1421 536 ,
1462 481 1556 525 aut
1600 467 1798 523 invitus
1823 473 1914 518 aut

318 572 572 641 ignorans
607 567 707 622 hoc
736 565 984 636 patiatur,
1013 562 1078 615 ab
1107 562 1218 631 ipsa
1250 562 1323 613 rei
1354 567 1563 619 natura,
1594 566 1648 610 et
1670 554 1915 609 volunta-

318 661 433 716 rius
461 668 517 715 et
543 658 719 713 sciens
745 656 968 710 omnino
1000 653 1238 722 peierare
1276 658 1511 719 cogetur.
1543 645 1748 716 Stepius
1771 644 1912 700 enim

321 749 469 807 domi
515 747 669 804 nobis
710 745 1126 817 prandentibus,
1160 750 1214 796 et
1256 754 1529 796 servorum
1568 738 1746 807 aliquo
1787 750 1914 804 pec-

323 850 516 907 caute,
549 854 608 894 se
648 838 797 891 illum
838 835 1218 906 ﬂagellaturam
1249 847 1388 886 uxor
1411 828 1645 898 iuravit,
1683 841 1809 881 mox
1834 824 1915 878 vir

329 933 656 989 contrarium
682 928 920 999 iuravit,
970 938 1025 982 et
1064 925 1287 989 restitit,
1323 938 1420 978 nec
1468 920 1771 991 permisit‘.
1817 916 1917 972 Hic

329 1022 589 1097 quidquid
620 1020 859 1083 fecerint,
886 1032 1103 1073 necesse
1127 1025 1207 1071 est
1233 1013 1453 1069 omnino
1481 1010 1768 1082 periurium
1789 1022 1917 1062 con—

331 1114 480 1172 stitui
510 1132 524 1168 :
554 1127 655 1167 nec
694 1112 834 1166 enim
862 1108 1159 1164 volentibus
1205 1106 1333 1175 ip~is
1367 1111 1422 1157 et
1446 1100 1782 1158 studentibus
1805 1098 1915 1168 iam

332 1217 416 1265 est
460 1205 715 1277 possibile
760 1202 1027 1258 custodire
1076 1199 1473 1270 iuramentum;
1527 1193 1622 1248 sed
1666 1189 1918 1262 quidquid

334 1299 574 1363 accidat,
617 1297 849 1366 ipsorum
896 1293 1033 1347 alter
1072 1290 1284 1361 periurii
1332 1301 1454 1343 reus
1482 1287 1604 1351 fiet,
1634 1284 1716 1339 vel
1746 1281 1921 1353 potius

334 1391 515 1456 ambo,
544 1388 646 1442 hoc
672 1386 874 1440 scilicet
901 1382 1081 1446 modo,
1108 1396 1268 1451 quem
1297 1379 1470 1433 dicam
1496 1395 1509 1430 :
1544 1376 1645 1430 hoc
1674 1374 1815 1429 enim
1840 1380 1923 1426 est

336 1478 671 1537 admirabile.
701 1476 916 1531 Juratus
959 1489 1017 1529 se
1044 1472 1430 1542 ﬂagellaturum
1471 1481 1684 1522 servum
1711 1463 1793 1518 vel
1822 1478 1923 1516 an-

337 1572 572 1628 cillulam
597 1611 611 1634 ,
654 1577 838 1639 postea
870 1565 1164 1636 prohibitus
1184 1603 1199 1627 ,
1230 1570 1284 1616 ct
1327 1561 1441 1630 ipse
1469 1557 1750 1628 peierarit,
1793 1570 1926 1624 quo-

339 1664 483 1720 niam
513 1677 619 1715 non
649 1660 775 1715 fecit
799 1657 937 1729 quod
962 1655 1162 1726 iuravit
1186 1672 1200 1709 :
1226 1662 1280 1708 et
1305 1651 1671 1722 prohibentem
1697 1662 1760 1701 ac
1781 1647 1928 1716 iura-

338 1754 507 1809 menti
539 1752 813 1805 veritatem
844 1747 1221 1818 impedientem
1251 1743 1465 1814 periurii
1490 1741 1715 1797 crimine
1741 1740 1928 1808 alliga-

341 1848 438 1900 vit.
477 1844 593 1900 Non
624 1842 765 1898 enim
814 1840 1113 1911 peierantes
1154 1845 1396 1900 tantum,
1439 1832 1534 1889 sed
1562 1833 1682 1887 aliis
1720 1844 1932 1901 quoque

343 1937 717 1994 necessitatem
746 1933 884 1987 hanc
905 1931 1214 1997 all'erentes,
1242 1926 1553 1983 eorumdem
1575 1925 1650 1979 rei
1676 1930 1801 1978 sunt
1826 1922 1934 1977 cri-

344 2031 549 2085 minum
581 2044 595 2082 :
624 2041 728 2081 nec
773 2023 917 2079 domi
970 2031 1170 2077 tantum
1196 2060 1211 2086 ,
1243 2018 1339 2075 sed
1378 2027 1433 2073 et
1475 2017 1529 2071 in
1575 2014 1787 2085 publico
1832 2012 1936 2067 hoc

346 2122 613 2194 quispiam
643 2120 757 2173 fieri
790 2117 1003 2183 videat,
1037 2124 1089 2169 et
1131 2115 1182 2168 in
1216 2112 1404 2182 pugnis
1432 2110 1696 2171 maxime,
1722 2104 1938 2177 quando

346 2214 493 2268 inter
518 2226 575 2265 se
607 2216 902 2280 pugnantes
931 2204 1196 2260 contraria
1217 2203 1399 2272 iurant
1428 2218 1442 2253 :
1475 2198 1561 2253 hic
1586 2196 1797 2268 quidem
1823 2210 1941 2250 ver-

351 2306 691 2369 beraturum,
722 2301 809 2355 ille
832 2316 957 2355 vero
984 2314 1089 2353 non
1119 2296 1450 2351 verberatum
1476 2291 1539 2346 iri
1571 2308 1583 2343 :
1615 2289 1700 2344 hic
1726 2289 1941 2358 pallium

352 2414 417 2454 se
445 2398 781 2460 ablaturum,
829 2394 919 2447 ille
949 2408 1052 2446 non
1094 2390 1477 2461 permissurum
1506 2402 1521 2439 :
1554 2384 1641 2437 hic
1666 2391 1941 2451 argentum

352 2507 414 2546 se
443 2489 815 2559 repetiturum,
850 2486 940 2539 ille
965 2501 1089 2537 vero
1115 2499 1173 2536 se
1204 2496 1309 2534 non
1339 2476 1670 2532 redditurum
1698 2490 1710 2526 :
1736 2480 1791 2527 et
1812 2469 1945 2526 mul-

354 2592 409 2636 ta
454 2581 558 2633 alia
597 2576 981 2634 contendentes
1024 2574 1204 2643 iurant
1243 2567 1568 2639 huiusmodi.
1602 2565 1717 2619 Hoc
1739 2578 1866 2619 vero
1894 2570 1948 2617 et

356 2673 415 2726 in
445 2670 669 2725 officinis
696 2678 750 2721 et
777 2667 977 2721 scholis
997 2663 1257 2733 quispiam
1279 2659 1494 2715 evenire
1520 2656 1717 2711 videat.
1743 2653 1950 2723 Stepius

358 2763 560 2832 quippe
607 2758 795 2814 artifex
842 2756 1161 2824 discipulum
1200 2750 1479 2807 comedere
1519 2755 1573 2803 et
1603 2740 1802 2801 bibere
1842 2759 1950 2799 non

360 2854 513 2924 prius
538 2867 596 2906 se
623 2849 1005 2922 permissurum
1034 2860 1153 2900 esse
1176 2840 1408 2913 iuravit,
1438 2854 1594 2910 quam
1619 2847 1787 2893 totum
1819 2849 1954 2905 opus

365 2948 666 3015 iniunctum
692 2941 1006 3011 expedierit.
1040 2938 1151 2994 Hoc
1174 2947 1353 2991 autem
1382 2944 1436 2990 et
1474 2931 1792 3003 paedagogus
1812 2941 1956 2997 saepe

368 3036 425 3090 in
457 3050 674 3104 puerum
702 3043 756 3087 et
782 3033 835 3112 in
859 3030 1105 3086 ancillam
1129 3027 1345 3083 domina
1373 3024 1496 3080 fecit
1520 3039 1534 3076 :
1558 3031 1611 3076 et
1631 3034 1850 3076 necesse
1875 3025 1958 3072 est

369 3125 782 3196 superveniente
814 3108 1072 3192 vespere,
1119 3129 1174 3174 et
1217 3132 1379 3187 opere
1422 3129 1528 3169 non
1577 3112 1831 3183 impleto,
1874 3108 1959 3164 vel

372 3217 517 3274 fame
562 3233 668 3272 non
715 3215 1062 3285 expedientes
1089 3212 1337 3277 absumi,
1380 3208 1465 3263 vel
1505 3206 1710 3277 iuratos
1743 3203 1963 3259 omnino

375 3314 641 3385 peierare.
692 3310 953 3380 Malignus
993 3309 1138 3363 enim
1168 3305 1376 3362 dzemon
1420 3303 1511 3358 ille
1553 3300 1709 3357 bonis
1751 3312 1966 3369 semper

377 3406 579 3462 nostris
602 3403 860 3458 insidians
884 3401 1087 3463 adstat,
1121 3409 1175 3454 et
1203 3397 1631 3467 iuramentorum
1672 3391 1966 3448 necessita-

380 3506 490 3553 tem
510 3496 755 3559 audiens,
779 3494 830 3547 in
855 3502 1121 3561 torporem
1142 3488 1405 3543 obnoxios
1431 3483 1675 3554 impellit,
1699 3481 1786 3537 vel
1805 3478 1966 3535 aliam

380 3589 602 3645 molitur
625 3585 993 3641 difficultatem
1018 3623 1032 3645 ,
1066 3590 1125 3636 ut
1153 3594 1258 3634 non
1289 3577 1506 3647 impleto
1534 3587 1698 3645 Opere
1721 3579 1777 3627 et
1804 3570 1973 3641 plagae

383 3691 441 3737 et
467 3678 803 3737 contumelia:
833 3685 886 3731 et
925 3672 1154 3745 periuria
1195 3680 1248 3725 et
1286 3667 1489 3723 infinita
1530 3665 1632 3721 alia
1659 3661 1797 3717 mala
1822 3660 1969 3714 fiant.

381 3776 539 3832 Sicut
574 3771 718 3828 enim
750 3769 897 3841 pueri
931 3766 1219 3821 funiculum
1252 3762 1467 3831 longum
1496 3768 1550 3813 et
1574 3762 1882 3823 corruptum
1907 3764 1975 3806 ex

384 3864 663 3923 contrario
685 3840 826 3917 inter
850 3875 911 3914 se
938 3855 1206 3913 trahentes
1230 3868 1351 3909 cum
1379 3850 1547 3905 multo
1575 3851 1773 3917 impetu
1799 3840 1979 3913 supini

387 3971 584 4015 omnes
612 3953 811 4009 cadunt
856 3948 1092 4005 funiculo
1133 3961 1228 4016 per
1258 3942 1490 4000 medium
1520 3940 1799 4008 disrupto,
1841 3941 1897 3990 et
1924 3931 1981 3987 hi

392 4048 612 4120 quidem
641 4045 834 4116 capite,
859 4044 933 4097 illi
960 4056 1091 4097 vero
1118 4040 1220 4094 alia
1244 4035 1484 4106 corporis
1510 4040 1659 4104 parte
1685 4029 1980 4086 feriuntur:

394 4144 479 4198 sic
503 4151 559 4197 et
586 4141 728 4195 inter
756 4154 815 4193 se
843 4134 1108 4192 contraria
1132 4132 1406 4203 iurantes.
1429 4128 1737 4198 iuramento
1772 4136 1870 4193 pro
1894 4133 1982 4174 re-

400 4251 523 4291 rum
552 4232 874 4289 necessitate
899 4229 1163 4297 disrupta,
1194 4225 1246 4279 in
1276 4221 1496 4293 periurii
1524 4216 1833 4275 barathrum
1858 4211 1991 4268 utri-

401 4347 511 4402 que
536 4328 767 4393 cadunt,
799 4324 855 4379 hi
895 4322 1109 4395 quidem
1155 4314 1465 4390 peierando,
1501 4311 1572 4367 illi
1601 4324 1732 4366 vero
1774 4304 1991 4379 periurii

404 4438 628 4482 causam
672 4420 791 4475 aliis
820 4414 1123 4489 prtebendo.
2000 4421 2009 4474 ί

482 4516 540 4571 2.
570 4514 655 4568 Ex
676 4511 849 4568 Sutilis
875 4507 1086 4562 historia
1103 4506 1514 4576 juramentorum
1539 4495 1807 4568 perniciem
1832 4502 1998 4547 osten-

411 4609 511 4662 dit.
538 4635 610 4646 —-
638 4603 707 4658 Et
733 4612 790 4656 ut
818 4602 919 4655 hoc
955 4613 1059 4653 non
1100 4606 1301 4650 tantum
1336 4608 1403 4648 ex
1433 4591 1496 4646 iis
1520 4603 1640 4659 qua:
1665 4584 1902 4657 quotidie
1944 4582 1997 4637 in

416 4695 669 4753 domibus
693 4700 747 4747 et
772 4689 960 4761 plateis
987 4688 1140 4752 fiunt,
1163 4683 1257 4738 sed
1286 4682 1447 4738 etiam
1470 4693 1538 4735 ex
1565 4677 1693 4748 ipsis
1715 4670 2002 4742 Scripturis

420 4789 493 4845 sit
523 4769 867 4842 manifestum
894 4822 909 4848 ,
954 4779 1223 4849 antiquam
1262 4774 1413 4830 vobis
1456 4768 1738 4843 quamdam
1777 4763 2005 4823 narrabo

427 4880 703 4939 historiam
730 4876 887 4931 dictis
915 4871 1338 4929 convenientem.
1371 4865 1560 4921 Hostes
1604 4858 1887 4932 aliquando
1909 4856 2006 4913 Ju-

427 4974 577 5028 dazos
593 4987 711 5026 cum
737 4967 1075 5028 invasissent,
1088 4976 1281 5031 eosque
1301 4956 1557 5015 Jonatbas
1576 4964 1854 5024 aggressus
1867 4955 2011 5005 esset

431 5068 542 5139 (hic
565 5074 743 5121 autem
767 5070 883 5117 erat
903 5058 1078 5116 Saulis
1106 5054 1287 5124 ﬁlius),
1306 5064 1360 5107 et
1387 5050 1486 5105 hos
1510 5046 1721 5118 quidem
1750 5040 2012 5098 trucidas-

434 5131 536 5222 set,
580 5156 701 5211 illos
753 5167 883 5209 vero
928 5151 981 5205 in
1025 5149 1202 5218 fugam
1244 5141 1633 5201 convertisset:
1660 5137 1845 5192 volens
1885 5131 2013 5188 Sani

440 5251 597 5320 tutius
642 5256 795 5318 pater
830 5242 1058 5313 amplius
1087 5247 1271 5295 contra
1297 5235 1528 5304 reliquos
1550 5229 1840 5286 exercitum
1869 5223 2018 5279 exci-

441 5357 576 5407 tare,
604 5352 658 5396 et
685 5339 860 5394 facere
887 5354 952 5391 ne
986 5333 1132 5403 prius
1157 5330 1474 5391 absisteret,
1504 5339 1662 5396 quam
1706 5335 1892 5377 omnes
1921 5334 2020 5388 op-

443 5432 761 5503 pressisset,
806 5424 1131 5482 contrarium
1173 5434 1331 5490 quam
1373 5416 1572 5482 voluit,
1604 5413 1772 5470 fecit:
1814 5411 2024 5482 iuratus

447 5523 717 5579 neminem
767 5531 933 5588 usque
982 5515 1049 5569 ad
1098 5524 1374 5581 vesperam
1432 5520 1622 5577 panem
1667 5512 2025 5559 comesturum

452 5629 620 5687 usque
645 5612 713 5668 ad
742 5610 971 5665 hostium
997 5606 1251 5661 ultionem
1277 5613 1516 5656 suorum.
1543 5594 1680 5665 Quid
1715 5607 1906 5663 nempe
1930 5590 2030 5647 hac

522 5772 537 5801 ί
572 5767 712 5819 savii.
730 5776 782 5816 et
806 5764 995 5829 plurimi
1018 5756 1338 5829 Mannscripti.
1359 5760 1667 5806 Contrarium
1684 5749 1870 5812 iuravit
1889 5754 1933 5799 et
1959 5759 2035 5799 re-

464 5833 576 5883 stitit
596 5824 879 5881 contendens
901 5834 945 5880 ct
967 5842 1058 5879 non
1081 5824 1380 5892 pernattcns.

1202 350 1293 415 AD
1329 359 1650 421 I’OPULUM
1688 353 2175 418 ANTIOCHENUM
2239 354 2465 412 llOMlL.
2511 351 2643 409 XIV.

3494 356 3595 411 HG

2020 481 2078 518 re
2122 466 2336 523 stultius
2381 466 2493 521 fieri
2541 465 2763 538 posset?
2809 465 3074 537 Fatigatos
3111 469 3283 533 enim,
3325 475 3379 523 et
3413 464 3595 522 labore

2018 560 2186 616 multo
2227 575 2440 629 pressos
2482 559 2674 614 milites
2716 574 2836 613 eum
2875 559 3171 614 refocillare
3200 560 3502 623 debuisset,
3544 568 3597 613 et

2019 652 2267 709 fortiores
2311 652 2552 707 hostibus
2583 652 2868 706 immittere
2889 692 2903 717 ,
2944 650 3188 705 hostibus
3218 651 3346 722 ipsis
3385 651 3597 723 gravius

2019 761 2113 802 eos
2144 745 2359 811 habuit,
2389 760 2485 814 per
2506 744 2789 813 iuramenti
2818 743 3187 798 necessitatem
3230 741 3364 796 fami
3392 744 3597 813 graviso

2019 838 2169 891 simae
2210 836 2353 906 ipsos
2384 834 2599 890 tradens
2634 834 2710 904 (Ι.
2739 833 2864 905 Reg.
2892 834 2976 888 14.
3000 832 3091 887 24.
3114 840 3167 885 et
3186 830 3360 902 sqq.)g:
3389 832 3599 902 pericu-

2022 926 2195 982 losum
2238 924 2433 996 quippe
2471 923 2540 979 de
2579 925 2755 993 seipso
2797 922 3099 993 quempiam
3138 921 3358 991 iurare;
3408 921 3605 989 saepius

2021 1022 2165 1077 enim
2191 1034 2222 1074 a
2249 1034 2428 1076 rerum
2450 1017 2844 1073 circumstantia
2875 1015 3152 1085 cogimur;
3178 1014 3404 1067 aliorum
3429 1020 3605 1065 autem

2022 1111 2340 1167 sententiam
2378 1109 2801 1179 iuramentorum
2850 1120 3069 1160 suorum
3110 1102 3429 1178 necessiiate
3457 1117 3608 1157 com-

2026 1201 2375 1273 prehendere,
2405 1200 2571 1254 multo
2598 1196 2948 1267 periculosius
2967 1237 2981 1259 ,
3014 1204 3069 1249 et
3092 1194 3323 1247 maxime
3348 1206 3468 1247 cum
3500 1207 3605 1245 non

2025 1293 2093 1348 de
2124 1306 2231 1346 uno
2254 1332 2268 1357 ,
2304 1298 2395 1345 aut
2423 1289 2627 1343 duobus
2656 1286 2738 1341 vel
2786 1286 2951 1340 tribus
2974 1324 2990 1349 ,
3038 1283 3133 1337 sed
3177 1282 3242 1337 de
3272 1279 3611 1335 multitudine

2028 1384 2147 1455 quis
2173 1381 2375 1437 infinita
2394 1381 2538 1449 iuret
2564 1396 2577 1433 :
2606 1378 2743 1432 sicut
2763 1386 2884 1430 tunc
2905 1374 3028 1431 Saﬁl
3054 1372 3440 1428 inconsiderate
3468 1371 3609 1435 fecit,

2030 1488 2203 1544 neque
2231 1471 2479 1540 cogitavit
2519 1467 2880 1524 verisimiliter
2913 1482 2977 1519 ex
3022 1472 3168 1519 tanto
3198 1476 3418 1517 numero
3448 1476 3609 1514 unum

2031 1565 2221 1621 saltem
2247 1563 2605 1632 iuramentum
2635 1568 3087 1628 transgressurum
3119 1568 3255 1618 esse,
3287 1567 3459 1622 neque
3488 1566 3616 1604 con-

2033 1656 2286 1713 sideravit
2314 1654 2510 1708 milites
2552 1660 2606 1707 et
2642 1649 2843 1705 milites
2881 1657 3209 1719 pugnantes,
3257 1654 3309 1699 et
3338 1644 3558 1699 multum
3586 1657 3616 1694 a

2037 1745 2369 1819 philosophia
2416 1743 2618 1798 alienos
2660 1750 2899 1796 ventrem
2932 1739 3145 1792 vincere
3187 1750 3293 1790 non
3343 1748 3531 1804 posse,
3563 1739 3621 1785 et

2038 1840 2269 1896 maxime
2295 1853 2416 1892 cum
2460 1835 2608 1890 labor
2635 1834 2705 1889 sit
2747 1831 3026 1901 plurimus.
3057 1827 3163 1884 Sed
3190 1826 3305 1880 hare
3329 1824 3504 1879 omnia
3536 1822 3623 1875 ille

2038 1930 2339 2001 despiciens
2364 1968 2379 1994 ,
2414 1937 2681 1995 tamquam
2712 1924 2780 1979 de
2824 1938 2929 1977 uno
2977 1928 3180 1973 tantmn
3222 1929 3377 1971 servo
3413 1913 3621 1983 iurans.

2040 2040 2198 2096 quem
2230 2022 2383 2077 facile
2409 2019 2659 2075 cohibere
2688 2024 2888 2086 posset,
2919 2014 2996 2067 sic
3021 2011 3087 2066 de
3108 2009 3251 2064 omni
3281 2004 3625 2061 ratiocinatus

2042 2094 2124 2173 est
2151 2114 2407 2170 exercitu.
2438 2112 2506 2165 Et
2530 2109 2650 2164 ideo
2673 2116 2875 2162 tantum
2898 2102 3112 2159 diabolo
3150 2100 3352 2155 aditum
3393 2094 3625 2165 aperuit,

2046 2218 2102 2264 ut
2144 2222 2250 2261 non
2281 2203 2439 2259 modo
2468 2201 2574 2257 duo
2611 2209 2665 2255 et
2710 2198 2809 2253 tria
2852 2205 2904 2252 et
2934 2205 3198 2265 quatuor,
3245 2188 3338 2245 sed
3382 2196 3435 2242 et
3463 2185 3628 2240 multo

2046 2301 2197 2371 plura
2227 2297 2332 2352 hoc
2360 2310 2424 2352 ex
2449 2295 2751 2364 iuramento
2782 2288 2925 2344 brevi
2959 2297 3197 2353 tempore
3228 2279 3455 2350 periuria
3484 2284 3629 2329 texe-

2048 2399 2149 2447 ret.
2194 2389 2345 2444 Sicut
2370 2386 2513 2442 enim
2542 2398 2663 2438 cum
2708 2380 2839 2435 nihil
2879 2376 3097 2433 omnino
3135 2373 3411 2443 iuramus,
3443 2377 3631 2419 omnes

2050 2480 2149 2551 ipsi
2180 2479 2353 2534 aditus
2379 2475 2706 2531 obstruimus
2734 2489 2752 2529 :
2782 2470 2851 2525 ita
2882 2467 2927 2522 si
2965 2480 3127 2521 unum
3171 2463 3444 2517 dumtaxat
3482 2455 3630 2525 iura—

2054 2581 2291 2630 mentum
2320 2568 2658 2626 emiserimus
2682 2606 2696 2628 ,
2748 2561 2848 2632 ipsi
2891 2572 3134 2627 magnam
3184 2552 3384 2607 inﬁnita
3414 2562 3633 2615 compn-

2054 2665 2218 2723 nendi
2245 2661 2477 2736 periuria
2516 2663 2831 2728 potestatem
2872 2650 3192 2722 pra:bcmus.
3222 2643 3290 2698 Et
3314 2642 3453 2696 sicut
3482 2637 3518 2691 ii
3547 2635 3638 2705 qui

2055 2730 2273 2815 catenas
2297 2730 2649 2824 complicant,
2682 2747 2726 2803 si
2763 2760 2885 2801 eum
2914 2742 3001 2813 qui
3029 2747 3186 2809 caput
3219 2744 3361 2791 tenet
3387 2730 3636 2789 habeant,

2058 2849 2211 2905 facile
2236 2856 2293 2903 et
2314 2819 2598 2915 diligenter
2624 2848 2787 2895 totam
2814 2833 3100 2902 expediunt
3126 2826 3383 2882 nodorum
3413 2819 3638 2876 seriem:

2060 2940 2106 2995 si
2126 2953 2254 2995 vero
2278 2936 2366 3007 qui
2394 2907 2556 2989 faciat
2585 2932 2686 2985 hoc
2707 2927 2845 2982 adsit
2872 2937 3049 2987 nemo,
3074 2934 3172 2975 nec
3198 2916 3402 2971 initiutn
3429 2907 3643 2980 aggredi

2062 3037 2325 3104 possunt:
2353 3025 2542 3082 eodem
2583 3020 2742 3077 modo
2769 3016 3011 3073 diabolus
3053 3024 3264 3081 quoque
3307 3012 3644 3077 peccatorum

2063 3130 2370 3180 nostrorum
2399 3126 2615 3172 catenas
2642 3119 2883 3174 nectens,
2914 3104 3013 3160 nisi
3038 3118 3069 3157 a
3094 3102 3267 3170 lingua
3294 3106 3473 3151 nostra
3501 3091 3650 3162 prin-

2066 3213 2263 3284 cipium
2308 3209 2502 3273 ducat,
2550 3217 2651 3259 nec
2693 3197 2907 3271 aggredi
2948 3192 3158 3265 quidem
3189 3190 3395 3259 possit;
3437 3183 3483 3238 si
3520 3196 3651 3236 vero

2068 3272 2169 3360 nos
2215 3298 2534 3372 principium
2569 3294 2846 3349 dumtaxat
2889 3283 3170 3341 fecerimus
3196 3321 3209 3344 ,
3267 3278 3442 3346 lingua
3498 3272 3651 3342 quasi

2070 3360 2253 3459 manu,
2297 3360 2659 3461 iuramentum
2701 3379 2857 3438 nobis
2899 3372 3271 3435 retinentibus,
3318 3380 3440 3420 cum
3487 3360 3652 3417 multa

2068 3488 2179 3558 iam
2206 3482 2418 3539 licentia
2457 3476 2743 3547 malignam
2781 3479 2950 3525 artem
2988 3480 3137 3521 suam
3178 3464 3411 3520 exercet,
3455 3469 3523 3508 ex
3548 3467 3655 3506 uno

2071 3543 2375 3648 iuramento
2404 3543 2683 3625 innumera
2709 3572 3035 3629 componens
3061 3562 3116 3610 et
3157 3563 3343 3607 texens
3384 3543 3655 3618 periuria:
3692 3598 3697 3601 ,

2075 3634 2220 3739 quod
2262 3662 2498 3734 profecto
2535 3665 2589 3713 et
2627 3668 2769 3711 nunc
2810 3652 2862 3705 in
2904 3648 3067 3704 S.u'tle
3110 3645 3195 3698 hic
3231 3640 3424 3697 effecit.
3466 3634 3660 3739 Aspice

2079 3724 2280 3827 nempe
2299 3751 2469 3824 qualis
2498 3750 2601 3803 hoc
2637 3747 2941 3816 iuramento
2970 3739 3192 3807 laqueus
3231 3731 3488 3787 exoritur.
3535 3724 3658 3795 Syl-

2080 3814 2529 3920 vam'praiteribat
2548 3814 2815 3896 exercitus
2840 3831 3096 3903 apiarium
3124 3826 3429 3886 habentem,
3453 3826 3509 3874 et
3532 3814 3665 3871 illud

2084 3953 2210 3999 ante
2228 3908 2427 3994 lfaciem
2454 3933 2566 4005 agri
2594 3932 2634 3998 ί,
2661 3938 2715 3985 et
2743 3928 3015 3995 ingressus
3043 3927 3127 3975 est
3156 3915 3380 3987 populus
3416 3911 3482 3965 ad
3521 3908 3667 3977 apia-

2087 4035 2265 4099 rium,
2296 4037 2352 4086 et
2393 4000 2656 4082 transibat
2699 4019 2944 4088 loquens.
2989 4009 3177 4065 Vidisti
3221 4012 3475 4077 quantum
3515 4000 3667 4053 bara—

2091 4089 2306 4184 thrum?
2330 4118 2511 4175 liensa
2530 4112 3023 4180 extemporanca,ut
3041 4109 3096 4156 et
3114 4092 3402 4153 accedendi
3426 4089 3670 4153 facilitas,

2091 4228 2149 4276 et
2172 4209 2483 4273 nutrimenti
2511 4206 2775 4267 suavitas,
2805 4208 2860 4255 et
2890 4192 3086 4252 latendi
3111 4204 3233 4261 spes
3262 4187 3315 4241 in
3337 4185 3669 4255 iuramento-

2095 4327 2216 4369 rum
2260 4301 2739 4375 transgressionem
2783 4293 2928 4363 ipsos
2964 4286 3220 4342 alliceret.
3253 4278 3385 4334 Nam
3428 4275 3595 4329 fames
3625 4279 3679 4323 et

2000 4398 2007 4453 έ
2097 4360 2249 4462 labor
2264 4360 2568 4467 vet'te‘mpus
2589 4387 2792 4465 (Omnis
2806 4360 2976 4450 enim,
3005 4378 3193 4449 inquit,
3218 4382 3352 4467 terra
3376 4360 3680 4467 prandebat)

2346 4454 2433 4546 ι.
2450 4454 2546 4558 έὸ)
2568 4454 2694 4539 tunc
2712 4478 2777 4534 ad
2801 4468 3289 4548 prtevaricationem
3312 4454 3675 4566 impellebant.

2103 4546 2366 4644 ‘Favoritm
2411 4546 2659 4648 aspectus
2697 4546 2910 4641 quoque
2953 4560 3116 4618 animi
3163 4556 3397 4626 vigorem
3447 4546 3681 4604 solvens,

2106 4677 2437 4735 extrinsecus
2474 4637 2622 4738 ipsos
2648 4637 2920 4719 invitabat.
2956 4654 3154 4710 Mensa:
3184 4646 3326 4703 enim
3355 4653 3463 4695 tum
3491 4637 3679 4738 incon:

2108 4723 2433 4831 ditas-itum
2448 4723 2619 4816 facilis
2653 4758 2937 4823 apparatus
2957 4787 2974 4814 ,
3019 4753 3073 4799 et
3098 4728 3528 4810 deprehendendi
3560 4723 3684 4831 furi

2112 4813 2646 4916 dilf‘tcultas‘omnem
2687 4813 3077 4914 philosophiam
3124 4830 3306 4884 fallere
3336 4824 3595 4893 poterant.
3629 4813 3688 4865 Si

2117 4966 2308 5023 nempe
2327 4960 2515 5010 carnes
2544 4941 2786 5003 fuissent,
2812 4946 2945 5005 quas
2973 4929 3175 4984 elixare
3193 4920 3275 4975 vel
3303 4926 3508 4971 torrere
3535 4921 3691 4977 opor-

2120 5008 2283 5111 teret,
2315 5008 2421 5097 non
2459 5044 2662 5092 tantum
2707 5031 2945 5101 ipsorum
2972 5019 3179 5076 animos
3204 5008 3542 5068 allexissent,
3572 5014 3693 5097 cuin

2124 5144 2174 5197 in
2205 5089 2334 5209 ipsis
2362 5127 2653 5203 coquendis
2682 5131 2737 5179 et
2761 5119 2828 5176 ad
2856 5128 3031 5173 escam
3069 5098 3432 5180 prmparandis
3460 5089 3697 5149 cunctari

2205 5194 2415 5284 tardare
2433 5194 2725 5293 oporteret,
2758 5213 2812 5267 in
2838 5224 2896 5263 re
2938 5195 3264 5273 deprehendi
3288 5194 3659 5293 exspectatiltes
3687 5197 3700 5232 :

2129 5334 2267 5378 nunc
2295 5332 2422 5373 vero
2452 5275 2521 5369 riil
2552 5317 2667 5366 erat
2694 5304 2798 5359 tale
2821 5342 2837 5367 ,
2880 5295 2974 5352 sed
3006 5290 3109 5347 mel
3139 5287 3309 5344 solum
3332 5324 3346 5346 ,
3392 5278 3481 5333 ubi
3502 5275 3709 5378 dat-cve

2131 5364 2276 5469 nullo
2300 5422 2433 5478 opus
2459 5411 2612 5463 erat;
2653 5364 2951 5451 sufﬁciebat
2985 5392 3161 5438 autem
3192 5364 3706 5478 summumodigituus

2133 5459 2476 5573 intingentem
2506 5508 2574 5548 ex
2605 5500 2785 5544 mensa
2814 5492 3027 5548 capere.
3056 5473 3432 5527 Verumtamen
3458 5459 3533 5515 illi

2135 5542 2353 5657 ditath
2395 5587 2790 5648 continuerunt,
2833 5588 2933 5631 nec
2975 5571 3113 5626 intra
3157 5578 3217 5620 se
3259 5560 3546 5617 dixerunt,
3574 5542 3711 5613 Quid

2212 5805 2233 5837 ⁸η
2264 5808 2338 5851 Sic
2360 5793 2551 5861 plurimi
2577 5799 2682 5843 Mss.
2700 5779 2916 5841 M0utef.,
2944 5772 3123 5843 populi.
3149 5783 3251 5835 pro,
3269 5760 3402 5827 agri.
