  <div class='ocr_page' id='page_1' title='image "/cluster/home/n/w/nwhite01/storage/ocr_20150623/49/hvd.32044054086806/147.png"; bbox 0 0 4070 6208; ppageno 0'>
   <div class='ocr_carea' id='block_1_1' title="bbox 434 306 536 380">
    <p class='ocr_par' dir='ltr' id='par_1_1' title="bbox 434 306 536 380">
     <span class='ocr_line' id='line_1_1' title="bbox 434 306 536 380; baseline -0.049 0"><span class='ocrx_word' id='word_1_1' title='bbox 434 306 536 380; x_wconf 71' lang='lat' dir='ltr'><strong>m‘</strong></span> 
     </span>
    </p>
   </div>
   <div class='ocr_carea' id='block_1_2' title="bbox 433 423 2022 500">
    <p class='ocr_par' dir='ltr' id='par_1_2' title="bbox 433 423 2022 500">
     <span class='ocr_line' id='line_1_2' title="bbox 433 423 2022 500; baseline -0.01 -7"><span class='ocrx_word' id='word_1_2' title='bbox 433 435 590 494; x_wconf 85' lang='lat' dir='ltr'><strong>nobis</strong></span> <span class='ocrx_word' id='word_1_3' title='bbox 631 447 777 491; x_wconf 67' lang='lat' dir='ltr'><strong>curae</strong></span> <span class='ocrx_word' id='word_1_4' title='bbox 823 430 950 489; x_wconf 78' lang='lat' dir='ltr'><strong>est?</strong></span> <span class='ocrx_word' id='word_1_5' title='bbox 995 428 1250 500; x_wconf 87' lang='lat' dir='ltr'><strong>numquid</strong></span> <span class='ocrx_word' id='word_1_6' title='bbox 1303 435 1545 483; x_wconf 87' lang='lat' dir='ltr'><strong>nostrum</strong></span> <span class='ocrx_word' id='word_1_7' title='bbox 1592 426 1869 496; x_wconf 84' lang='lat' dir='ltr'><strong>quisquam</strong></span> <span class='ocrx_word' id='word_1_8' title='bbox 1919 423 2022 479; x_wconf 90' lang='lat' dir='ltr'><strong>hoc</strong></span> 
     </span>
    </p>
   </div>
   <div class='ocr_carea' id='block_1_3' title="bbox 427 517 2018 600">
    <p class='ocr_par' dir='ltr' id='par_1_3' title="bbox 427 517 2018 600">
     <span class='ocr_line' id='line_1_3' title="bbox 427 517 2018 600; baseline -0.009 -17"><span class='ocrx_word' id='word_1_9' title='bbox 427 525 680 600; x_wconf 76' lang='lat' dir='ltr'><strong>juravit?</strong></span> <span class='ocrx_word' id='word_1_10' title='bbox 725 524 814 580; x_wconf 90' lang='lat' dir='ltr'><strong>ille</strong></span> <span class='ocrx_word' id='word_1_11' title='bbox 862 521 1242 579; x_wconf 88' lang='lat' dir='ltr'><strong>inconsiderati</strong></span> <span class='ocrx_word' id='word_1_12' title='bbox 1288 534 1475 592; x_wconf 67' lang='lat' dir='ltr'><strong>plenas</strong></span> <span class='ocrx_word' id='word_1_13' title='bbox 1521 518 1669 574; x_wconf 90' lang='lat' dir='ltr'><strong>dabit</strong></span> <span class='ocrx_word' id='word_1_14' title='bbox 1710 517 2018 588; x_wconf 88' lang='lat' dir='ltr'><strong>juramenti.</strong></span> 
     </span>
    </p>
   </div>
   <div class='ocr_carea' id='block_1_4' title="bbox 433 609 2022 688">
    <p class='ocr_par' dir='ltr' id='par_1_4' title="bbox 433 609 2022 688">
     <span class='ocr_line' id='line_1_4' title="bbox 433 609 2022 688; baseline -0.008 -14"><span class='ocrx_word' id='word_1_15' title='bbox 433 620 611 688; x_wconf 82' lang='lat' dir='ltr'><strong>Quare</strong></span> <span class='ocrx_word' id='word_1_16' title='bbox 637 615 1142 688; x_wconf 88' lang='lat' dir='ltr'><strong>namquejurabat?</strong></span> <span class='ocrx_word' id='word_1_17' title='bbox 1171 614 1238 668; x_wconf 86' lang='lat' dir='ltr'><strong>At</strong></span> <span class='ocrx_word' id='word_1_18' title='bbox 1265 613 1394 668; x_wconf 85' lang='lat' dir='ltr'><strong>nihil</strong></span> <span class='ocrx_word' id='word_1_19' title='bbox 1418 610 1677 683; x_wconf 76' lang='lat' dir='ltr'><strong>ejusmodi</strong></span> <span class='ocrx_word' id='word_1_20' title='bbox 1703 609 2022 681; x_wconf 74' lang='lat' dir='ltr'><strong>cogitarunt,</strong></span> 
     </span>
    </p>
   </div>
   <div class='ocr_carea' id='block_1_5' title="bbox 436 704 2026 766">
    <p class='ocr_par' dir='ltr' id='par_1_5' title="bbox 436 704 2026 766">
     <span class='ocr_line' id='line_1_5' title="bbox 436 704 2026 766; baseline -0.007 0"><span class='ocrx_word' id='word_1_21' title='bbox 436 709 531 766; x_wconf 79' lang='lat' dir='ltr'><strong>sed</strong></span> <span class='ocrx_word' id='word_1_22' title='bbox 577 725 699 765; x_wconf 91' lang='lat' dir='ltr'><strong>cum</strong></span> <span class='ocrx_word' id='word_1_23' title='bbox 747 708 914 763; x_wconf 89' lang='lat' dir='ltr'><strong>multa</strong></span> <span class='ocrx_word' id='word_1_24' title='bbox 962 707 1257 762; x_wconf 81' lang='lat' dir='ltr'><strong>transibant</strong></span> <span class='ocrx_word' id='word_1_25' title='bbox 1301 704 1597 762; x_wconf 86' lang='lat' dir='ltr'><strong>reverentia</strong></span> <span class='ocrx_word' id='word_1_26' title='bbox 1638 720 1653 756; x_wconf 88' lang='lat'><strong>:</strong></span> <span class='ocrx_word' id='word_1_27' title='bbox 1694 710 1750 758; x_wconf 88' lang='lat' dir='ltr'><strong>et</strong></span> <span class='ocrx_word' id='word_1_28' title='bbox 1787 717 1906 757; x_wconf 88' lang='lat' dir='ltr'><strong>cum</strong></span> <span class='ocrx_word' id='word_1_29' title='bbox 1948 710 2026 756; x_wconf 91' lang='lat' dir='ltr'><strong>tot</strong></span> 
     </span>
    </p>
   </div>
   <div class='ocr_carea' id='block_1_6' title="bbox 435 793 2020 871">
    <p class='ocr_par' dir='ltr' id='par_1_6' title="bbox 435 793 2020 871">
     <span class='ocr_line' id='line_1_6' title="bbox 435 793 2020 871; baseline -0.006 -14"><span class='ocrx_word' id='word_1_30' title='bbox 435 808 656 866; x_wconf 85' lang='lat' dir='ltr'><strong>essent,</strong></span> <span class='ocrx_word' id='word_1_31' title='bbox 687 815 804 871; x_wconf 81' lang='lat' dir='ltr'><strong>quae</strong></span> <span class='ocrx_word' id='word_1_32' title='bbox 835 800 978 870; x_wconf 91' lang='lat' dir='ltr'><strong>ipsos</strong></span> <span class='ocrx_word' id='word_1_33' title='bbox 1003 798 1318 864; x_wconf 88' lang='lat' dir='ltr'><strong>allicercnt,</strong></span> <span class='ocrx_word' id='word_1_34' title='bbox 1348 795 1685 865; x_wconf 90' lang='lat' dir='ltr'><strong>disciplinam</strong></span> <span class='ocrx_word' id='word_1_35' title='bbox 1717 793 2020 858; x_wconf 79' lang='lat' dir='ltr'><strong>servabant,</strong></span> 
     </span>
    </p>
   </div>
   <div class='ocr_carea' id='block_1_7' title="bbox 439 885 2022 962">
    <p class='ocr_par' dir='ltr' id='par_1_7' title="bbox 439 885 2022 962">
     <span class='ocr_line' id='line_1_7' title="bbox 439 885 2022 962; baseline -0.002 -16"><span class='ocrx_word' id='word_1_36' title='bbox 439 892 505 946; x_wconf 85' lang='lat' dir='ltr'><strong>Et</strong></span> <span class='ocrx_word' id='word_1_37' title='bbox 536 891 779 946; x_wconf 86' lang='lat' dir='ltr'><strong>transibat</strong></span> <span class='ocrx_word' id='word_1_38' title='bbox 826 889 1046 962; x_wconf 81' lang='lat' dir='ltr'><strong>populus</strong></span> <span class='ocrx_word' id='word_1_39' title='bbox 1092 890 1297 958; x_wconf 86' lang='lat' dir='ltr'><strong>laqueus</strong></span> <span class='ocrx_word' id='word_1_40' title='bbox 1335 889 1354 958; x_wconf 91' lang='lat'><strong>(</strong></span> <span class='ocrx_word' id='word_1_41' title='bbox 1373 890 1424 944; x_wconf 76' lang='lat' dir='ltr'><strong>i.</strong></span> <span class='ocrx_word' id='word_1_42' title='bbox 1449 887 1578 959; x_wconf 82' lang='lat' dir='ltr'><strong>Reg.</strong></span> <span class='ocrx_word' id='word_1_43' title='bbox 1604 888 1690 944; x_wconf 72' lang='grc'><strong>14.</strong></span> <span class='ocrx_word' id='word_1_44' title='bbox 1710 885 1840 958; x_wconf 71' lang='grc'><strong>26).</strong></span> <span class='ocrx_word' id='word_1_45' title='bbox 1885 886 2022 954; x_wconf 81' lang='lat' dir='ltr'><strong>Quid</strong></span> 
     </span>
    </p>
   </div>
   <div class='ocr_carea' id='block_1_8' title="bbox 435 979 2024 1052">
    <p class='ocr_par' dir='ltr' id='par_1_8' title="bbox 435 979 2024 1052">
     <span class='ocr_line' id='line_1_8' title="bbox 435 979 2024 1052; baseline -0.003 -14"><span class='ocrx_word' id='word_1_46' title='bbox 435 990 521 1038; x_wconf 86' lang='lat' dir='ltr'><strong>est</strong></span> <span class='ocrx_word' id='word_1_47' title='bbox 540 1023 555 1047; x_wconf 93' lang='lat'><strong>,</strong></span> <span class='ocrx_word' id='word_1_48' title='bbox 584 982 817 1052; x_wconf 80' lang='lat' dir='ltr'><strong>Loquens</strong></span> <span class='ocrx_word' id='word_1_49' title='bbox 836 982 862 1036; x_wconf 87' lang='lat'><strong><em>?</em></strong></span> <span class='ocrx_word' id='word_1_50' title='bbox 903 981 1148 1036; x_wconf 93' lang='lat' dir='ltr'><strong>Dolorem</strong></span> <span class='ocrx_word' id='word_1_51' title='bbox 1176 980 1352 1035; x_wconf 87' lang='lat' dir='ltr'><strong>verbis</strong></span> <span class='ocrx_word' id='word_1_52' title='bbox 1376 979 1713 1036; x_wconf 79' lang='lat' dir='ltr'><strong>consolantes</strong></span> <span class='ocrx_word' id='word_1_53' title='bbox 1739 979 1877 1035; x_wconf 89' lang='lat' dir='ltr'><strong>inter</strong></span> <span class='ocrx_word' id='word_1_54' title='bbox 1903 995 2024 1036; x_wconf 79' lang='lat' dir='ltr'><strong>sese</strong></span> 
     </span>
    </p>
   </div>
   <div class='ocr_carea' id='block_1_9' title="bbox 437 1072 808 1141">
    <p class='ocr_par' dir='ltr' id='par_1_9' title="bbox 437 1072 808 1141">
     <span class='ocr_line' id='line_1_9' title="bbox 437 1072 808 1141; baseline 0 -15"><span class='ocrx_word' id='word_1_55' title='bbox 437 1072 808 1141; x_wconf 83' lang='lat' dir='ltr'><strong>loquebantur.</strong></span> 
     </span>
    </p>
   </div>
   <div class='ocr_carea' id='block_1_10' title="bbox 501 1163 2022 1235">
    <p class='ocr_par' dir='ltr' id='par_1_10' title="bbox 501 1163 2022 1235">
     <span class='ocr_line' id='line_1_10' title="bbox 501 1163 2022 1235; baseline 0.001 -16"><span class='ocrx_word' id='word_1_56' title='bbox 501 1163 554 1219; x_wconf 84' lang='lat'><strong>&#39;5.</strong></span> <span class='ocrx_word' id='word_1_57' title='bbox 586 1163 720 1231; x_wconf 86' lang='lat' dir='ltr'><strong>Quid</strong></span> <span class='ocrx_word' id='word_1_58' title='bbox 751 1163 928 1233; x_wconf 82' lang='lat' dir='ltr'><strong>igitur,</strong></span> <span class='ocrx_word' id='word_1_59' title='bbox 960 1173 1236 1232; x_wconf 85' lang='lat' dir='ltr'><strong>postquam</strong></span> <span class='ocrx_word' id='word_1_60' title='bbox 1255 1164 1428 1218; x_wconf 90' lang='lat' dir='ltr'><strong>omnis</strong></span> <span class='ocrx_word' id='word_1_61' title='bbox 1444 1163 1669 1235; x_wconf 86' lang='lat' dir='ltr'><strong>populus</strong></span> <span class='ocrx_word' id='word_1_62' title='bbox 1691 1164 2022 1234; x_wconf 79' lang='lat' dir='ltr'><strong>disciplinam</strong></span> 
     </span>
    </p>
   </div>
   <div class='ocr_carea' id='block_1_11' title="bbox 437 1252 2021 1322">
    <p class='ocr_par' dir='ltr' id='par_1_11' title="bbox 437 1252 2021 1322">
     <span class='ocr_line' id='line_1_11' title="bbox 437 1252 2021 1322; baseline 0.003 -16"><span class='ocrx_word' id='word_1_63' title='bbox 437 1253 696 1318; x_wconf 89' lang='lat' dir='ltr'><strong>servavit,</strong></span> <span class='ocrx_word' id='word_1_64' title='bbox 729 1269 856 1307; x_wconf 89' lang='lat' dir='ltr'><strong>num</strong></span> <span class='ocrx_word' id='word_1_65' title='bbox 885 1252 1012 1307; x_wconf 88' lang='lat' dir='ltr'><strong>nihil</strong></span> <span class='ocrx_word' id='word_1_66' title='bbox 1043 1253 1269 1322; x_wconf 89' lang='lat' dir='ltr'><strong>amplius</strong></span> <span class='ocrx_word' id='word_1_67' title='bbox 1297 1263 1471 1308; x_wconf 88' lang='lat' dir='ltr'><strong>actum</strong></span> <span class='ocrx_word' id='word_1_68' title='bbox 1499 1263 1601 1320; x_wconf 90' lang='lat' dir='ltr'><strong>est,</strong></span> <span class='ocrx_word' id='word_1_69' title='bbox 1634 1255 1728 1309; x_wconf 90' lang='lat' dir='ltr'><strong>sed</strong></span> <span class='ocrx_word' id='word_1_70' title='bbox 1753 1264 2021 1310; x_wconf 76' lang='lat' dir='ltr'><strong>servatum</strong></span> 
     </span>
    </p>
   </div>
   <div class='ocr_carea' id='block_1_12' title="bbox 437 1342 2020 1414">
    <p class='ocr_par' dir='ltr' id='par_1_12' title="bbox 437 1342 2020 1414">
     <span class='ocr_line' id='line_1_12' title="bbox 437 1342 2020 1414; baseline 0.003 -17"><span class='ocrx_word' id='word_1_71' title='bbox 437 1351 523 1397; x_wconf 83' lang='lat' dir='ltr'><strong>est</strong></span> <span class='ocrx_word' id='word_1_72' title='bbox 566 1343 966 1413; x_wconf 88' lang='lat' dir='ltr'><strong>juramentum?</strong></span> <span class='ocrx_word' id='word_1_73' title='bbox 1022 1342 1134 1400; x_wconf 86' lang='lat' dir='ltr'><strong>Nec</strong></span> <span class='ocrx_word' id='word_1_74' title='bbox 1185 1344 1257 1398; x_wconf 88' lang='lat' dir='ltr'><strong>ita</strong></span> <span class='ocrx_word' id='word_1_75' title='bbox 1307 1343 1521 1414; x_wconf 86' lang='lat' dir='ltr'><strong>quidem</strong></span> <span class='ocrx_word' id='word_1_76' title='bbox 1581 1355 1848 1400; x_wconf 88' lang='lat' dir='ltr'><strong>servatum</strong></span> <span class='ocrx_word' id='word_1_77' title='bbox 1903 1357 2020 1412; x_wconf 87' lang='lat' dir='ltr'><strong>est,</strong></span> 
     </span>
    </p>
   </div>
   <div class='ocr_carea' id='block_1_13' title="bbox 437 1433 2021 1507">
    <p class='ocr_par' dir='ltr' id='par_1_13' title="bbox 437 1433 2021 1507">
     <span class='ocr_line' id='line_1_13' title="bbox 437 1433 2021 1507; baseline 0.004 -19"><span class='ocrx_word' id='word_1_78' title='bbox 437 1433 533 1488; x_wconf 83' lang='lat' dir='ltr'><strong>sed</strong></span> <span class='ocrx_word' id='word_1_79' title='bbox 591 1442 927 1490; x_wconf 87' lang='lat' dir='ltr'><strong>temeratum.</strong></span> <span class='ocrx_word' id='word_1_80' title='bbox 1003 1435 1244 1502; x_wconf 84' lang='lat' dir='ltr'><strong>Qualiter</strong></span> <span class='ocrx_word' id='word_1_81' title='bbox 1309 1444 1530 1503; x_wconf 86' lang='lat' dir='ltr'><strong>autem,</strong></span> <span class='ocrx_word' id='word_1_82' title='bbox 1599 1445 1657 1492; x_wconf 88' lang='lat' dir='ltr'><strong>et</strong></span> <span class='ocrx_word' id='word_1_83' title='bbox 1713 1439 2021 1507; x_wconf 84' lang='lat' dir='ltr'><strong>quomodo,</strong></span> 
     </span>
    </p>
   </div>
   <div class='ocr_carea' id='block_1_14' title="bbox 436 1524 2026 1593">
    <p class='ocr_par' dir='ltr' id='par_1_14' title="bbox 436 1524 2026 1593">
     <span class='ocr_line' id='line_1_14' title="bbox 436 1524 2026 1593; baseline 0.004 -15"><span class='ocrx_word' id='word_1_84' title='bbox 436 1524 617 1578; x_wconf 84' lang='lat' dir='ltr'><strong>statim</strong></span> <span class='ocrx_word' id='word_1_85' title='bbox 673 1525 899 1581; x_wconf 86' lang='lat' dir='ltr'><strong>audietis</strong></span> <span class='ocrx_word' id='word_1_86' title='bbox 927 1568 943 1593; x_wconf 93' lang='lat'><strong>,</strong></span> <span class='ocrx_word' id='word_1_87' title='bbox 986 1535 1044 1581; x_wconf 90' lang='lat' dir='ltr'><strong>ut</strong></span> <span class='ocrx_word' id='word_1_88' title='bbox 1107 1535 1161 1581; x_wconf 93' lang='lat' dir='ltr'><strong>ct</strong></span> <span class='ocrx_word' id='word_1_89' title='bbox 1200 1542 1413 1582; x_wconf 90' lang='lat' dir='ltr'><strong>omnem</strong></span> <span class='ocrx_word' id='word_1_90' title='bbox 1463 1527 1658 1582; x_wconf 88' lang='lat' dir='ltr'><strong>diaboli</strong></span> <span class='ocrx_word' id='word_1_91' title='bbox 1711 1538 1878 1584; x_wconf 90' lang='lat' dir='ltr'><strong>artem</strong></span> <span class='ocrx_word' id='word_1_92' title='bbox 1925 1529 2026 1586; x_wconf 84' lang='lat' dir='ltr'><strong>ad-</strong></span> 
     </span>
    </p>
   </div>
   <div class='ocr_carea' id='block_1_15' title="bbox 435 1615 2026 1690">
    <p class='ocr_par' dir='ltr' id='par_1_15' title="bbox 435 1615 2026 1690">
     <span class='ocr_line' id='line_1_15' title="bbox 435 1615 2026 1690; baseline 0.003 -21"><span class='ocrx_word' id='word_1_93' title='bbox 435 1615 676 1671; x_wconf 85' lang='lat' dir='ltr'><strong>discatis.</strong></span> <span class='ocrx_word' id='word_1_94' title='bbox 742 1617 993 1672; x_wconf 80' lang='lat' dir='ltr'><strong>Jonatltas</strong></span> <span class='ocrx_word' id='word_1_95' title='bbox 1037 1618 1213 1682; x_wconf 86' lang='lat' dir='ltr'><strong>enim,</strong></span> <span class='ocrx_word' id='word_1_96' title='bbox 1271 1619 1356 1687; x_wconf 81' lang='lat' dir='ltr'><strong>qui</strong></span> <span class='ocrx_word' id='word_1_97' title='bbox 1413 1635 1513 1673; x_wconf 82' lang='lat' dir='ltr'><strong>non</strong></span> <span class='ocrx_word' id='word_1_98' title='bbox 1553 1618 1784 1674; x_wconf 79' lang='lat' dir='ltr'><strong>audierat</strong></span> <span class='ocrx_word' id='word_1_99' title='bbox 1830 1631 2026 1690; x_wconf 82' lang='lat' dir='ltr'><strong>patrem</strong></span> 
     </span>
    </p>
   </div>
   <div class='ocr_carea' id='block_1_16' title="bbox 434 1709 2028 1784">
    <p class='ocr_par' dir='ltr' id='par_1_16' title="bbox 434 1709 2028 1784">
     <span class='ocr_line' id='line_1_16' title="bbox 434 1709 2028 1784; baseline 0.001 -20"><span class='ocrx_word' id='word_1_100' title='bbox 434 1723 587 1764; x_wconf 78' lang='lat' dir='ltr'><strong>suum</strong></span> <span class='ocrx_word' id='word_1_101' title='bbox 627 1709 886 1778; x_wconf 86' lang='lat' dir='ltr'><strong>jurantem</strong></span> <span class='ocrx_word' id='word_1_102' title='bbox 910 1750 925 1776; x_wconf 95' lang='lat'><strong>,</strong></span> <span class='ocrx_word' id='word_1_103' title='bbox 973 1711 1189 1764; x_wconf 74' lang='lat' dir='ltr'><strong>extendit</strong></span> <span class='ocrx_word' id='word_1_104' title='bbox 1233 1712 1567 1766; x_wconf 87' lang='lat' dir='ltr'><strong>summitatem</strong></span> <span class='ocrx_word' id='word_1_105' title='bbox 1618 1714 1805 1782; x_wconf 82' lang='lat' dir='ltr'><strong>sceptri</strong></span> <span class='ocrx_word' id='word_1_106' title='bbox 1829 1753 1843 1776; x_wconf 97' lang='lat'><strong>,</strong></span> <span class='ocrx_word' id='word_1_107' title='bbox 1891 1713 2028 1784; x_wconf 82' lang='lat' dir='ltr'><strong>quod</strong></span> 
     </span>
    </p>
   </div>
   <div class='ocr_carea' id='block_1_17' title="bbox 442 1799 2025 1875">
    <p class='ocr_par' dir='ltr' id='par_1_17' title="bbox 442 1799 2025 1875">
     <span class='ocr_line' id='line_1_17' title="bbox 442 1799 2025 1875; baseline 0.005 -25"><span class='ocrx_word' id='word_1_108' title='bbox 442 1799 650 1854; x_wconf 83' lang='lat' dir='ltr'><strong>habebat</strong></span> <span class='ocrx_word' id='word_1_109' title='bbox 702 1802 754 1854; x_wconf 85' lang='lat' dir='ltr'><strong>in</strong></span> <span class='ocrx_word' id='word_1_110' title='bbox 796 1818 949 1854; x_wconf 81' lang='lat' dir='ltr'><strong>ntauu</strong></span> <span class='ocrx_word' id='word_1_111' title='bbox 991 1819 1118 1869; x_wconf 89' lang='lat' dir='ltr'><strong>sua,</strong></span> <span class='ocrx_word' id='word_1_112' title='bbox 1150 1812 1195 1856; x_wconf 85' lang='lat' dir='ltr'><strong>et</strong></span> <span class='ocrx_word' id='word_1_113' title='bbox 1245 1803 1446 1857; x_wconf 76' lang='lat' dir='ltr'><strong>iutinxit</strong></span> <span class='ocrx_word' id='word_1_114' title='bbox 1496 1803 1550 1858; x_wconf 82' lang='lat' dir='ltr'><strong>in</strong></span> <span class='ocrx_word' id='word_1_115' title='bbox 1603 1807 1770 1875; x_wconf 77' lang='lat' dir='ltr'><strong>favum</strong></span> <span class='ocrx_word' id='word_1_116' title='bbox 1820 1804 1982 1858; x_wconf 86' lang='lat' dir='ltr'><strong>mellis</strong></span> <span class='ocrx_word' id='word_1_117' title='bbox 2007 1843 2025 1870; x_wconf 92' lang='lat'><strong>,</strong></span> 
     </span>
    </p>
   </div>
   <div class='ocr_carea' id='block_1_18' title="bbox 440 1892 2028 1966">
    <p class='ocr_par' dir='ltr' id='par_1_18' title="bbox 440 1892 2028 1966">
     <span class='ocr_line' id='line_1_18' title="bbox 440 1892 2028 1966; baseline 0.005 -24"><span class='ocrx_word' id='word_1_118' title='bbox 440 1899 489 1942; x_wconf 80' lang='lat' dir='ltr'><strong>et</strong></span> <span class='ocrx_word' id='word_1_119' title='bbox 513 1892 751 1944; x_wconf 83' lang='lat' dir='ltr'><strong>convertit</strong></span> <span class='ocrx_word' id='word_1_120' title='bbox 780 1910 984 1947; x_wconf 82' lang='lat' dir='ltr'><strong>mnuum</strong></span> <span class='ocrx_word' id='word_1_121' title='bbox 1007 1911 1151 1947; x_wconf 84' lang='lat' dir='ltr'><strong>suam</strong></span> <span class='ocrx_word' id='word_1_122' title='bbox 1195 1895 1245 1948; x_wconf 85' lang='lat' dir='ltr'><strong>in</strong></span> <span class='ocrx_word' id='word_1_123' title='bbox 1283 1912 1336 1948; x_wconf 88' lang='lat' dir='ltr'><strong>os</strong></span> <span class='ocrx_word' id='word_1_124' title='bbox 1379 1911 1564 1961; x_wconf 81' lang='lat' dir='ltr'><strong>suum,</strong></span> <span class='ocrx_word' id='word_1_125' title='bbox 1611 1906 1658 1949; x_wconf 76' lang='lat' dir='ltr'><strong>et</strong></span> <span class='ocrx_word' id='word_1_126' title='bbox 1705 1905 2028 1966; x_wconf 72' lang='lat' dir='ltr'><strong>respexerunt</strong></span> 
     </span>
    </p>
   </div>
   <div class='ocr_carea' id='block_1_19' title="bbox 439 1982 2026 2057">
    <p class='ocr_par' dir='ltr' id='par_1_19' title="bbox 439 1982 2026 2057">
     <span class='ocr_line' id='line_1_19' title="bbox 439 1982 2026 2057; baseline 0.003 -21"><span class='ocrx_word' id='word_1_127' title='bbox 439 1982 575 2036; x_wconf 82' lang='lat' dir='ltr'><strong>oculi</strong></span> <span class='ocrx_word' id='word_1_128' title='bbox 604 1983 714 2051; x_wconf 82' lang='lat' dir='ltr'><strong>ejus</strong></span> <span class='ocrx_word' id='word_1_129' title='bbox 745 1984 762 2054; x_wconf 97' lang='lat'>(</span> <span class='ocrx_word' id='word_1_130' title='bbox 793 1985 840 2037; x_wconf 81' lang='lat' dir='ltr'><strong>l.</strong></span> <span class='ocrx_word' id='word_1_131' title='bbox 871 1983 998 2053; x_wconf 75' lang='lat' dir='ltr'><strong>Reg.</strong></span> <span class='ocrx_word' id='word_1_132' title='bbox 1026 1985 1111 2039; x_wconf 76' lang='lat' dir='ltr'><strong>H.</strong></span> <span class='ocrx_word' id='word_1_133' title='bbox 1138 1985 1208 2038; x_wconf 75' lang='lat'><strong>27</strong></span> <span class='ocrx_word' id='word_1_134' title='bbox 1228 1985 1271 2056; x_wconf 89' lang='lat'><strong>).</strong></span> <span class='ocrx_word' id='word_1_135' title='bbox 1303 1983 1432 2041; x_wconf 86' lang='lat' dir='ltr'><strong>Vide</strong></span> <span class='ocrx_word' id='word_1_136' title='bbox 1460 2003 1616 2057; x_wconf 91' lang='lat' dir='ltr'><strong>quem</strong></span> <span class='ocrx_word' id='word_1_137' title='bbox 1641 1987 1705 2041; x_wconf 89' lang='lat' dir='ltr'><strong>ad</strong></span> <span class='ocrx_word' id='word_1_138' title='bbox 1737 1987 2026 2056; x_wconf 81' lang='lat' dir='ltr'><strong>perjnrium</strong></span> 
     </span>
    </p>
   </div>
   <div class='ocr_carea' id='block_1_20' title="bbox 443 2071 2026 2147">
    <p class='ocr_par' dir='ltr' id='par_1_20' title="bbox 443 2071 2026 2147">
     <span class='ocr_line' id='line_1_20' title="bbox 443 2071 2026 2147; baseline 0.003 -18"><span class='ocrx_word' id='word_1_139' title='bbox 443 2071 674 2142; x_wconf 84' lang='lat' dir='ltr'><strong>impulit,</strong></span> <span class='ocrx_word' id='word_1_140' title='bbox 699 2089 803 2128; x_wconf 88' lang='lat' dir='ltr'><strong>non</strong></span> <span class='ocrx_word' id='word_1_141' title='bbox 833 2090 995 2128; x_wconf 90' lang='lat' dir='ltr'><strong>unum</strong></span> <span class='ocrx_word' id='word_1_142' title='bbox 1018 2075 1241 2132; x_wconf 91' lang='lat' dir='ltr'><strong>militum</strong></span> <span class='ocrx_word' id='word_1_143' title='bbox 1262 2117 1277 2143; x_wconf 92' lang='lat'><strong>,</strong></span> <span class='ocrx_word' id='word_1_144' title='bbox 1311 2076 1404 2132; x_wconf 91' lang='lat' dir='ltr'><strong>sed</strong></span> <span class='ocrx_word' id='word_1_145' title='bbox 1438 2077 1608 2147; x_wconf 87' lang='lat' dir='ltr'><strong>ipsum</strong></span> <span class='ocrx_word' id='word_1_146' title='bbox 1626 2077 1788 2146; x_wconf 88' lang='lat' dir='ltr'><strong>jurati</strong></span> <span class='ocrx_word' id='word_1_147' title='bbox 1811 2077 1974 2132; x_wconf 74' lang='lat' dir='ltr'><strong>tilium</strong></span> <span class='ocrx_word' id='word_1_148' title='bbox 2011 2095 2026 2134; x_wconf 89' lang='lat'><strong>:</strong></span> 
     </span>
    </p>
   </div>
   <div class='ocr_carea' id='block_1_21' title="bbox 447 2166 2028 2238">
    <p class='ocr_par' dir='ltr' id='par_1_21' title="bbox 447 2166 2028 2238">
     <span class='ocr_line' id='line_1_21' title="bbox 447 2166 2028 2238; baseline 0.004 -20"><span class='ocrx_word' id='word_1_149' title='bbox 447 2180 548 2220; x_wconf 91' lang='lat' dir='ltr'><strong>nec</strong></span> <span class='ocrx_word' id='word_1_150' title='bbox 585 2166 724 2220; x_wconf 91' lang='lat' dir='ltr'><strong>enim</strong></span> <span class='ocrx_word' id='word_1_151' title='bbox 758 2166 1046 2236; x_wconf 89' lang='lat' dir='ltr'><strong>perjurium</strong></span> <span class='ocrx_word' id='word_1_152' title='bbox 1077 2177 1288 2238; x_wconf 89' lang='lat' dir='ltr'><strong>patrare</strong></span> <span class='ocrx_word' id='word_1_153' title='bbox 1320 2177 1521 2223; x_wconf 91' lang='lat' dir='ltr'><strong>tantum</strong></span> <span class='ocrx_word' id='word_1_154' title='bbox 1562 2168 1776 2224; x_wconf 87' lang='lat' dir='ltr'><strong>volebat</strong></span> <span class='ocrx_word' id='word_1_155' title='bbox 1805 2210 1817 2232; x_wconf 91' lang='lat'><strong>,</strong></span> <span class='ocrx_word' id='word_1_156' title='bbox 1845 2184 2028 2226; x_wconf 88' lang='lat' dir='ltr'><strong>verum</strong></span> 
     </span>
    </p>
   </div>
   <div class='ocr_carea' id='block_1_22' title="bbox 441 2253 2028 2327">
    <p class='ocr_par' dir='ltr' id='par_1_22' title="bbox 441 2253 2028 2327">
     <span class='ocr_line' id='line_1_22' title="bbox 441 2253 2028 2327; baseline 0.004 -19"><span class='ocrx_word' id='word_1_157' title='bbox 441 2263 502 2309; x_wconf 84' lang='lat' dir='ltr'><strong>et</strong></span> <span class='ocrx_word' id='word_1_158' title='bbox 527 2253 614 2308; x_wconf 87' lang='lat' dir='ltr'><strong>lilii</strong></span> <span class='ocrx_word' id='word_1_159' title='bbox 647 2256 844 2312; x_wconf 61' lang='lat' dir='ltr'><strong>caedem</strong></span> <span class='ocrx_word' id='word_1_160' title='bbox 873 2258 1261 2327; x_wconf 84' lang='lat' dir='ltr'><strong>componebat,</strong></span> <span class='ocrx_word' id='word_1_161' title='bbox 1290 2268 1344 2313; x_wconf 90' lang='lat' dir='ltr'><strong>et</strong></span> <span class='ocrx_word' id='word_1_162' title='bbox 1374 2258 1474 2312; x_wconf 91' lang='lat' dir='ltr'><strong>hoc</strong></span> <span class='ocrx_word' id='word_1_163' title='bbox 1505 2267 1660 2314; x_wconf 87' lang='lat' dir='ltr'><strong>antea</strong></span> <span class='ocrx_word' id='word_1_164' title='bbox 1691 2259 2028 2327; x_wconf 83' lang='lat' dir='ltr'><strong>moliebatur,</strong></span> 
     </span>
    </p>
   </div>
   <div class='ocr_carea' id='block_1_23' title="bbox 439 2348 2029 2420">
    <p class='ocr_par' dir='ltr' id='par_1_23' title="bbox 439 2348 2029 2420">
     <span class='ocr_line' id='line_1_23' title="bbox 439 2348 2029 2420; baseline 0.004 -20"><span class='ocrx_word' id='word_1_165' title='bbox 439 2355 499 2401; x_wconf 78' lang='lat' dir='ltr'><strong>et</strong></span> <span class='ocrx_word' id='word_1_166' title='bbox 525 2357 767 2402; x_wconf 88' lang='lat' dir='ltr'><strong>naturam</strong></span> <span class='ocrx_word' id='word_1_167' title='bbox 791 2348 957 2419; x_wconf 89' lang='lat' dir='ltr'><strong>ipsam</strong></span> <span class='ocrx_word' id='word_1_168' title='bbox 989 2359 1174 2405; x_wconf 86' lang='lat' dir='ltr'><strong>contra</strong></span> <span class='ocrx_word' id='word_1_169' title='bbox 1193 2351 1423 2420; x_wconf 89' lang='lat' dir='ltr'><strong>seipsam</strong></span> <span class='ocrx_word' id='word_1_170' title='bbox 1446 2350 1684 2407; x_wconf 75' lang='lat' dir='ltr'><strong>dividere</strong></span> <span class='ocrx_word' id='word_1_171' title='bbox 1713 2351 2029 2406; x_wconf 87' lang='lat' dir='ltr'><strong>festinabat:</strong></span> 
     </span>
    </p>
   </div>
   <div class='ocr_carea' id='block_1_24' title="bbox 443 2440 2034 2516">
    <p class='ocr_par' dir='ltr' id='par_1_24' title="bbox 443 2440 2034 2516">
     <span class='ocr_line' id='line_1_24' title="bbox 443 2440 2034 2516; baseline 0.006 -22"><span class='ocrx_word' id='word_1_172' title='bbox 443 2450 501 2494; x_wconf 84' lang='lat' dir='ltr'><strong>et</strong></span> <span class='ocrx_word' id='word_1_173' title='bbox 526 2440 665 2510; x_wconf 89' lang='lat' dir='ltr'><strong>quod</strong></span> <span class='ocrx_word' id='word_1_174' title='bbox 695 2441 819 2496; x_wconf 88' lang='lat' dir='ltr'><strong>olim</strong></span> <span class='ocrx_word' id='word_1_175' title='bbox 853 2442 903 2496; x_wconf 92' lang='lat' dir='ltr'><strong>in</strong></span> <span class='ocrx_word' id='word_1_176' title='bbox 933 2441 1178 2512; x_wconf 67' lang='lat' dir='ltr'><strong>Jephthte</strong></span> <span class='ocrx_word' id='word_1_177' title='bbox 1208 2442 1406 2500; x_wconf 78' lang='lat' dir='ltr'><strong>fecerat</strong></span> <span class='ocrx_word' id='word_1_178' title='bbox 1437 2444 1629 2513; x_wconf 82' lang='lat' dir='ltr'><strong>(Judic.</strong></span> <span class='ocrx_word' id='word_1_179' title='bbox 1656 2446 1746 2500; x_wconf 83' lang='grc' dir='ltr'><strong>Η.</strong></span> <span class='ocrx_word' id='word_1_180' title='bbox 1773 2446 1864 2516; x_wconf 76' lang='grc'><strong>59)</strong></span> <span class='ocrx_word' id='word_1_181' title='bbox 1884 2489 1898 2510; x_wconf 88' lang='grc'><strong>.</strong></span> <span class='ocrx_word' id='word_1_182' title='bbox 1932 2446 2034 2504; x_wconf 83' lang='lat' dir='ltr'><strong>hoc</strong></span> 
     </span>
    </p>
   </div>
   <div class='ocr_carea' id='block_1_25' title="bbox 445 2532 2033 2607">
    <p class='ocr_par' dir='ltr' id='par_1_25' title="bbox 445 2532 2033 2607">
     <span class='ocr_line' id='line_1_25' title="bbox 445 2532 2033 2607; baseline 0.006 -23"><span class='ocrx_word' id='word_1_183' title='bbox 445 2537 502 2585; x_wconf 91' lang='lat' dir='ltr'><strong>et</strong></span> <span class='ocrx_word' id='word_1_184' title='bbox 519 2540 702 2601; x_wconf 83' lang='lat' dir='ltr'><strong>postea</strong></span> <span class='ocrx_word' id='word_1_185' title='bbox 728 2546 787 2587; x_wconf 91' lang='lat' dir='ltr'><strong>se</strong></span> <span class='ocrx_word' id='word_1_186' title='bbox 814 2532 1072 2588; x_wconf 85' lang='lat' dir='ltr'><strong>facturum</strong></span> <span class='ocrx_word' id='word_1_187' title='bbox 1095 2534 1361 2604; x_wconf 82' lang='lat' dir='ltr'><strong>sperabat.</strong></span> <span class='ocrx_word' id='word_1_188' title='bbox 1392 2536 1601 2590; x_wconf 86' lang='lat' dir='ltr'><strong>Etenim</strong></span> <span class='ocrx_word' id='word_1_189' title='bbox 1623 2537 1713 2592; x_wconf 81' lang='lat' dir='ltr'><strong>ille</strong></span> <span class='ocrx_word' id='word_1_190' title='bbox 1737 2537 1853 2592; x_wconf 81' lang='lat' dir='ltr'><strong>Deo</strong></span> <span class='ocrx_word' id='word_1_191' title='bbox 1874 2539 2033 2607; x_wconf 62' lang='lat' dir='ltr'><strong>pellis</strong></span> 
     </span>
    </p>
   </div>
   <div class='ocr_carea' id='block_1_26' title="bbox 445 2623 2034 2695">
    <p class='ocr_par' dir='ltr' id='par_1_26' title="bbox 445 2623 2034 2695">
     <span class='ocr_line' id='line_1_26' title="bbox 445 2623 2034 2695; baseline 0.008 -22"><span class='ocrx_word' id='word_1_192' title='bbox 445 2623 584 2677; x_wconf 86' lang='lat' dir='ltr'><strong>citus</strong></span> <span class='ocrx_word' id='word_1_193' title='bbox 612 2638 670 2677; x_wconf 90' lang='lat' dir='ltr'><strong>se</strong></span> <span class='ocrx_word' id='word_1_194' title='bbox 693 2624 922 2692; x_wconf 86' lang='lat' dir='ltr'><strong>primum</strong></span> <span class='ocrx_word' id='word_1_195' title='bbox 954 2623 1053 2678; x_wconf 89' lang='lat' dir='ltr'><strong>sibi</strong></span> <span class='ocrx_word' id='word_1_196' title='bbox 1083 2639 1426 2680; x_wconf 90' lang='lat' dir='ltr'><strong>occursurum</strong></span> <span class='ocrx_word' id='word_1_197' title='bbox 1459 2637 1578 2695; x_wconf 88' lang='lat' dir='ltr'><strong>post</strong></span> <span class='ocrx_word' id='word_1_198' title='bbox 1604 2627 1724 2682; x_wconf 86' lang='lat' dir='ltr'><strong>belli</strong></span> <span class='ocrx_word' id='word_1_199' title='bbox 1759 2628 2034 2684; x_wconf 79' lang='lat' dir='ltr'><strong>victoriam</strong></span> 
     </span>
    </p>
   </div>
   <div class='ocr_carea' id='block_1_27' title="bbox 444 2711 2032 2787">
    <p class='ocr_par' dir='ltr' id='par_1_27' title="bbox 444 2711 2032 2787">
     <span class='ocr_line' id='line_1_27' title="bbox 444 2711 2032 2787; baseline 0.007 -25"><span class='ocrx_word' id='word_1_200' title='bbox 444 2711 806 2787; x_wconf 83' lang='lat' dir='ltr'><strong>jugulaturtnn</strong></span> <span class='ocrx_word' id='word_1_201' title='bbox 841 2753 856 2777; x_wconf 92' lang='lat'><strong>,</strong></span> <span class='ocrx_word' id='word_1_202' title='bbox 891 2713 946 2766; x_wconf 88' lang='lat' dir='ltr'><strong>in</strong></span> <span class='ocrx_word' id='word_1_203' title='bbox 987 2713 1109 2768; x_wconf 76' lang='lat' dir='ltr'><strong>lilia:</strong></span> <span class='ocrx_word' id='word_1_204' title='bbox 1138 2729 1322 2769; x_wconf 88' lang='lat' dir='ltr'><strong>necem</strong></span> <span class='ocrx_word' id='word_1_205' title='bbox 1365 2716 1557 2771; x_wconf 88' lang='lat' dir='ltr'><strong>cecidit</strong></span> <span class='ocrx_word' id='word_1_206' title='bbox 1587 2733 1602 2783; x_wconf 89' lang='lat'><strong>;</strong></span> <span class='ocrx_word' id='word_1_207' title='bbox 1637 2717 1850 2773; x_wconf 87' lang='lat' dir='ltr'><strong>filiolam</strong></span> <span class='ocrx_word' id='word_1_208' title='bbox 1889 2719 2032 2774; x_wconf 73' lang='lat' dir='ltr'><strong>enim</strong></span> 
     </span>
    </p>
   </div>
   <div class='ocr_carea' id='block_1_28' title="bbox 449 2802 2034 2875">
    <p class='ocr_par' dir='ltr' id='par_1_28' title="bbox 449 2802 2034 2875">
     <span class='ocr_line' id='line_1_28' title="bbox 449 2802 2034 2875; baseline 0.006 -19"><span class='ocrx_word' id='word_1_209' title='bbox 449 2802 676 2871; x_wconf 85' lang='lat' dir='ltr'><strong>primam</strong></span> <span class='ocrx_word' id='word_1_210' title='bbox 725 2804 826 2859; x_wconf 86' lang='lat' dir='ltr'><strong>sibi</strong></span> <span class='ocrx_word' id='word_1_211' title='bbox 871 2817 1240 2861; x_wconf 86' lang='lat' dir='ltr'><strong>occurrentem</strong></span> <span class='ocrx_word' id='word_1_212' title='bbox 1289 2807 1624 2875; x_wconf 90' lang='lat' dir='ltr'><strong>immolavit,</strong></span> <span class='ocrx_word' id='word_1_213' title='bbox 1663 2818 1721 2866; x_wconf 89' lang='lat' dir='ltr'><strong>et</strong></span> <span class='ocrx_word' id='word_1_214' title='bbox 1761 2810 1900 2866; x_wconf 86' lang='lat' dir='ltr'><strong>Deus</strong></span> <span class='ocrx_word' id='word_1_215' title='bbox 1923 2822 2034 2867; x_wconf 82' lang='lat' dir='ltr'><strong>non</strong></span> 
     </span>
    </p>
   </div>
   <div class='ocr_carea' id='block_1_29' title="bbox 447 2895 741 2974">
    <p class='ocr_par' dir='ltr' id='par_1_29' title="bbox 447 2895 741 2974">
     <span class='ocr_line' id='line_1_29' title="bbox 447 2895 741 2974; baseline -0.003 -25"><span class='ocrx_word' id='word_1_216' title='bbox 447 2895 741 2974; x_wconf 83' lang='lat' dir='ltr'><strong>prohibuit.</strong></span> 
     </span>
    </p>
   </div>
   <div class='ocr_carea' id='block_1_30' title="bbox 521 2988 2038 3060">
    <p class='ocr_par' dir='ltr' id='par_1_30' title="bbox 521 2988 2038 3060">
     <span class='ocr_line' id='line_1_30' title="bbox 521 2988 2038 3060; baseline 0.003 -18"><span class='ocrx_word' id='word_1_217' title='bbox 521 2988 762 3057; x_wconf 76' lang='lat' dir='ltr'><strong>Jephtha:</strong></span> <span class='ocrx_word' id='word_1_218' title='bbox 802 2990 1029 3059; x_wconf 69' lang='lat' dir='ltr'><strong>exentpla</strong></span> <span class='ocrx_word' id='word_1_219' title='bbox 1064 2990 1343 3060; x_wconf 76' lang='lat' dir='ltr'><strong>juramenli</strong></span> <span class='ocrx_word' id='word_1_220' title='bbox 1369 2990 1609 3045; x_wconf 76' lang='lat' dir='ltr'><strong>damnum</strong></span> <span class='ocrx_word' id='word_1_221' title='bbox 1632 2993 1938 3047; x_wconf 80' lang='lat' dir='ltr'><strong>ostenditur.</strong></span> <span class='ocrx_word' id='word_1_222' title='bbox 1967 3019 2038 3035; x_wconf 77' lang='grc' dir='ltr'><strong>-ο</strong></span> 
     </span>
    </p>
   </div>
   <div class='ocr_carea' id='block_1_31' title="bbox 453 3081 2041 3150">
    <p class='ocr_par' dir='ltr' id='par_1_31' title="bbox 453 3081 2041 3150">
     <span class='ocr_line' id='line_1_31' title="bbox 453 3081 2041 3150; baseline 0.003 -16"><span class='ocrx_word' id='word_1_223' title='bbox 453 3081 520 3134; x_wconf 80' lang='lat' dir='ltr'><strong>Et</strong></span> <span class='ocrx_word' id='word_1_224' title='bbox 539 3081 660 3134; x_wconf 84' lang='lat' dir='ltr'><strong>novi</strong></span> <span class='ocrx_word' id='word_1_225' title='bbox 688 3081 900 3150; x_wconf 83' lang='lat' dir='ltr'><strong>quidem</strong></span> <span class='ocrx_word' id='word_1_226' title='bbox 933 3081 1224 3136; x_wconf 89' lang='lat' dir='ltr'><strong>infidelimn</strong></span> <span class='ocrx_word' id='word_1_227' title='bbox 1258 3084 1452 3138; x_wconf 81' lang='lat' dir='ltr'><strong>multos</strong></span> <span class='ocrx_word' id='word_1_228' title='bbox 1478 3084 1846 3140; x_wconf 76' lang='lat' dir='ltr'><strong>crudelitatem</strong></span> <span class='ocrx_word' id='word_1_229' title='bbox 1874 3093 1932 3139; x_wconf 84' lang='lat' dir='ltr'><strong>et</strong></span> <span class='ocrx_word' id='word_1_230' title='bbox 1959 3085 2041 3139; x_wconf 77' lang='lat' dir='ltr'><strong>in-</strong></span> 
     </span>
    </p>
   </div>
   <div class='ocr_carea' id='block_1_32' title="bbox 453 3172 2040 3247">
    <p class='ocr_par' dir='ltr' id='par_1_32' title="bbox 453 3172 2040 3247">
     <span class='ocr_line' id='line_1_32' title="bbox 453 3172 2040 3247; baseline 0.003 -21"><span class='ocrx_word' id='word_1_231' title='bbox 453 3172 836 3228; x_wconf 89' lang='lat' dir='ltr'><strong>lmmanitatem</strong></span> <span class='ocrx_word' id='word_1_232' title='bbox 865 3175 1017 3228; x_wconf 85' lang='lat' dir='ltr'><strong>nobis</strong></span> <span class='ocrx_word' id='word_1_233' title='bbox 1047 3175 1411 3246; x_wconf 72' lang='lat' dir='ltr'><strong>impr-operare</strong></span> <span class='ocrx_word' id='word_1_234' title='bbox 1440 3185 1654 3247; x_wconf 77' lang='lat' dir='ltr'><strong>propter</strong></span> <span class='ocrx_word' id='word_1_235' title='bbox 1695 3177 1798 3231; x_wconf 87' lang='lat' dir='ltr'><strong>hoc</strong></span> <span class='ocrx_word' id='word_1_236' title='bbox 1835 3177 2040 3233; x_wconf 65' lang='lat' dir='ltr'><strong>sacrit]-</strong></span> 
     </span>
    </p>
   </div>
   <div class='ocr_carea' id='block_1_33' title="bbox 452 3265 2040 3338">
    <p class='ocr_par' dir='ltr' id='par_1_33' title="bbox 452 3265 2040 3338">
     <span class='ocr_line' id='line_1_33' title="bbox 452 3265 2040 3338; baseline 0.004 -19"><span class='ocrx_word' id='word_1_237' title='bbox 452 3265 628 3331; x_wconf 83' lang='lat' dir='ltr'><strong>eium;</strong></span> <span class='ocrx_word' id='word_1_238' title='bbox 678 3281 778 3337; x_wconf 89' lang='lat' dir='ltr'><strong>ego</strong></span> <span class='ocrx_word' id='word_1_239' title='bbox 829 3283 954 3322; x_wconf 89' lang='lat' dir='ltr'><strong>vero</strong></span> <span class='ocrx_word' id='word_1_240' title='bbox 995 3269 1174 3322; x_wconf 68' lang='lat' dir='ltr'><strong>multa:</strong></span> <span class='ocrx_word' id='word_1_241' title='bbox 1235 3270 1584 3338; x_wconf 69' lang='lat' dir='ltr'><strong>providentia:</strong></span> <span class='ocrx_word' id='word_1_242' title='bbox 1635 3278 1691 3325; x_wconf 87' lang='lat' dir='ltr'><strong>et</strong></span> <span class='ocrx_word' id='word_1_243' title='bbox 1742 3270 2040 3326; x_wconf 77' lang='lat' dir='ltr'><strong>clementia:</strong></span> 
     </span>
    </p>
   </div>
   <div class='ocr_carea' id='block_1_34' title="bbox 452 3355 2041 3429">
    <p class='ocr_par' dir='ltr' id='par_1_34' title="bbox 452 3355 2041 3429">
     <span class='ocr_line' id='line_1_34' title="bbox 452 3355 2041 3429; baseline 0.003 -19"><span class='ocrx_word' id='word_1_244' title='bbox 452 3355 964 3414; x_wconf 82' lang='lat' dir='ltr'><strong>demonstrationem</strong></span> <span class='ocrx_word' id='word_1_245' title='bbox 1014 3359 1420 3429; x_wconf 84' lang='lat' dir='ltr'><strong>permissionem</strong></span> <span class='ocrx_word' id='word_1_246' title='bbox 1459 3361 1514 3414; x_wconf 80' lang='lat' dir='ltr'><strong>in</strong></span> <span class='ocrx_word' id='word_1_247' title='bbox 1545 3362 1647 3415; x_wconf 87' lang='lat' dir='ltr'><strong>hoc</strong></span> <span class='ocrx_word' id='word_1_248' title='bbox 1672 3362 1934 3416; x_wconf 83' lang='lat' dir='ltr'><strong>sacrificio</strong></span> <span class='ocrx_word' id='word_1_249' title='bbox 1960 3360 2041 3415; x_wconf 53' lang='lat' dir='ltr'><strong>la.</strong></span> 
     </span>
    </p>
   </div>
   <div class='ocr_carea' id='block_1_35' title="bbox 453 3449 2041 3521">
    <p class='ocr_par' dir='ltr' id='par_1_35' title="bbox 453 3449 2041 3521">
     <span class='ocr_line' id='line_1_35' title="bbox 453 3449 2041 3521; baseline 0.001 -15"><span class='ocrx_word' id='word_1_250' title='bbox 453 3457 597 3506; x_wconf 75' lang='lat' dir='ltr'><strong>ctam</strong></span> <span class='ocrx_word' id='word_1_251' title='bbox 636 3463 756 3504; x_wconf 86' lang='lat' dir='ltr'><strong>esse</strong></span> <span class='ocrx_word' id='word_1_252' title='bbox 801 3449 1056 3517; x_wconf 87' lang='lat' dir='ltr'><strong>dicerem,</strong></span> <span class='ocrx_word' id='word_1_253' title='bbox 1107 3459 1159 3505; x_wconf 93' lang='lat' dir='ltr'><strong>et</strong></span> <span class='ocrx_word' id='word_1_254' title='bbox 1208 3451 1349 3521; x_wconf 88' lang='lat' dir='ltr'><strong>quod</strong></span> <span class='ocrx_word' id='word_1_255' title='bbox 1395 3451 1608 3521; x_wconf 78' lang='lat' dir='ltr'><strong>generis</strong></span> <span class='ocrx_word' id='word_1_256' title='bbox 1644 3452 1816 3508; x_wconf 84' lang='lat' dir='ltr'><strong>nostri</strong></span> <span class='ocrx_word' id='word_1_257' title='bbox 1859 3468 2041 3508; x_wconf 82' lang='lat' dir='ltr'><strong>curam</strong></span> 
     </span>
    </p>
   </div>
   <div class='ocr_carea' id='block_1_36' title="bbox 455 3540 2046 3613">
    <p class='ocr_par' dir='ltr' id='par_1_36' title="bbox 455 3540 2046 3613">
     <span class='ocr_line' id='line_1_36' title="bbox 455 3540 2046 3613; baseline 0.003 -19"><span class='ocrx_word' id='word_1_258' title='bbox 455 3555 680 3611; x_wconf 79' lang='lat' dir='ltr'><strong>gerens,</strong></span> <span class='ocrx_word' id='word_1_259' title='bbox 712 3540 910 3596; x_wconf 60' lang='lat' dir='ltr'><strong>exrdem</strong></span> <span class='ocrx_word' id='word_1_260' title='bbox 945 3541 1088 3596; x_wconf 89' lang='lat' dir='ltr'><strong>illam</strong></span> <span class='ocrx_word' id='word_1_261' title='bbox 1119 3558 1223 3596; x_wconf 91' lang='lat' dir='ltr'><strong>non</strong></span> <span class='ocrx_word' id='word_1_262' title='bbox 1258 3541 1607 3611; x_wconf 62' lang='lat' dir='ltr'><strong>preltibucrit.</strong></span> <span class='ocrx_word' id='word_1_263' title='bbox 1651 3543 1708 3598; x_wconf 90' lang='lat' dir='ltr'><strong>Si</strong></span> <span class='ocrx_word' id='word_1_264' title='bbox 1746 3542 1898 3598; x_wconf 66' lang='lat' dir='ltr'><strong>enim</strong></span> <span class='ocrx_word' id='word_1_265' title='bbox 1923 3548 2046 3613; x_wconf 74' lang='lat' dir='ltr'><strong>post</strong></span> 
     </span>
    </p>
   </div>
   <div class='ocr_carea' id='block_1_37' title="bbox 458 3636 2044 3707">
    <p class='ocr_par' dir='ltr' id='par_1_37' title="bbox 458 3636 2044 3707">
     <span class='ocr_line' id='line_1_37' title="bbox 458 3636 2044 3707; baseline 0.004 -20"><span class='ocrx_word' id='word_1_266' title='bbox 458 3643 639 3688; x_wconf 69' lang='lat' dir='ltr'><strong>votum</strong></span> <span class='ocrx_word' id='word_1_267' title='bbox 671 3644 722 3689; x_wconf 91' lang='lat' dir='ltr'><strong>et</strong></span> <span class='ocrx_word' id='word_1_268' title='bbox 750 3636 1156 3704; x_wconf 77' lang='lat' dir='ltr'><strong>promissionem</strong></span> <span class='ocrx_word' id='word_1_269' title='bbox 1205 3637 1348 3690; x_wconf 86' lang='lat' dir='ltr'><strong>illam</strong></span> <span class='ocrx_word' id='word_1_270' title='bbox 1389 3637 1704 3692; x_wconf 79' lang='lat' dir='ltr'><strong>sacrificium</strong></span> <span class='ocrx_word' id='word_1_271' title='bbox 1737 3637 2044 3707; x_wconf 66' lang='lat' dir='ltr'><strong>prohibitis»</strong></span> 
     </span>
    </p>
   </div>
   <div class='ocr_carea' id='block_1_38' title="bbox 457 3725 2043 3799">
    <p class='ocr_par' dir='ltr' id='par_1_38' title="bbox 457 3725 2043 3799">
     <span class='ocr_line' id='line_1_38' title="bbox 457 3725 2043 3799; baseline 0.005 -21"><span class='ocrx_word' id='word_1_272' title='bbox 457 3733 561 3792; x_wconf 84' lang='lat' dir='ltr'><strong>set,</strong></span> <span class='ocrx_word' id='word_1_273' title='bbox 592 3725 742 3780; x_wconf 89' lang='lat' dir='ltr'><strong>multi</strong></span> <span class='ocrx_word' id='word_1_274' title='bbox 785 3726 945 3780; x_wconf 90' lang='lat' dir='ltr'><strong>etiam</strong></span> <span class='ocrx_word' id='word_1_275' title='bbox 989 3737 1106 3796; x_wconf 82' lang='lat' dir='ltr'><strong>post</strong></span> <span class='ocrx_word' id='word_1_276' title='bbox 1149 3726 1391 3798; x_wconf 75' lang='lat' dir='ltr'><strong>Jephtha:</strong></span> <span class='ocrx_word' id='word_1_277' title='bbox 1421 3729 1586 3784; x_wconf 90' lang='lat' dir='ltr'><strong>Deum</strong></span> <span class='ocrx_word' id='word_1_278' title='bbox 1633 3740 1911 3799; x_wconf 81' lang='lat' dir='ltr'><strong>sperantes</strong></span> <span class='ocrx_word' id='word_1_279' title='bbox 1937 3746 2043 3786; x_wconf 88' lang='lat' dir='ltr'><strong>non</strong></span> 
     </span>
    </p>
   </div>
   <div class='ocr_carea' id='block_1_39' title="bbox 458 3819 2043 3888">
    <p class='ocr_par' dir='ltr' id='par_1_39' title="bbox 458 3819 2043 3888">
     <span class='ocr_line' id='line_1_39' title="bbox 458 3819 2043 3888; baseline 0.005 -18"><span class='ocrx_word' id='word_1_280' title='bbox 458 3826 852 3888; x_wconf 83' lang='lat' dir='ltr'><strong>suscepturum,</strong></span> <span class='ocrx_word' id='word_1_281' title='bbox 877 3819 1040 3873; x_wconf 87' lang='lat' dir='ltr'><strong>multa</strong></span> <span class='ocrx_word' id='word_1_282' title='bbox 1054 3819 1322 3873; x_wconf 84' lang='lat' dir='ltr'><strong>vovissent</strong></span> <span class='ocrx_word' id='word_1_283' title='bbox 1351 3819 1648 3888; x_wconf 81' lang='lat' dir='ltr'><strong>lntjusmodi</strong></span> <span class='ocrx_word' id='word_1_284' title='bbox 1671 3833 1813 3887; x_wconf 90' lang='lat' dir='ltr'><strong>vota,</strong></span> <span class='ocrx_word' id='word_1_285' title='bbox 1841 3831 1896 3879; x_wconf 90' lang='lat' dir='ltr'><strong>et</strong></span> <span class='ocrx_word' id='word_1_286' title='bbox 1918 3838 2043 3879; x_wconf 88' lang='lat' dir='ltr'><strong>scn-</strong></span> 
     </span>
    </p>
   </div>
   <div class='ocr_carea' id='block_1_40' title="bbox 459 3907 2042 3976">
    <p class='ocr_par' dir='ltr' id='par_1_40' title="bbox 459 3907 2042 3976">
     <span class='ocr_line' id='line_1_40' title="bbox 459 3907 2042 3976; baseline 0.006 -16"><span class='ocrx_word' id='word_1_287' title='bbox 459 3907 560 3967; x_wconf 86' lang='lat' dir='ltr'><strong>sim</strong></span> <span class='ocrx_word' id='word_1_288' title='bbox 616 3909 1015 3976; x_wconf 83' lang='lat' dir='ltr'><strong>progredientes</strong></span> <span class='ocrx_word' id='word_1_289' title='bbox 1063 3909 1112 3962; x_wconf 92' lang='lat' dir='ltr'><strong>in</strong></span> <span class='ocrx_word' id='word_1_290' title='bbox 1160 3909 1386 3964; x_wconf 88' lang='lat' dir='ltr'><strong>filiorum</strong></span> <span class='ocrx_word' id='word_1_291' title='bbox 1442 3911 1644 3966; x_wconf 69' lang='lat' dir='ltr'><strong>cmdem</strong></span> <span class='ocrx_word' id='word_1_292' title='bbox 1699 3913 2042 3971; x_wconf 81' lang='lat' dir='ltr'><strong>incidissent:</strong></span> 
     </span>
    </p>
   </div>
   <div class='ocr_carea' id='block_1_41' title="bbox 462 3996 2047 4072">
    <p class='ocr_par' dir='ltr' id='par_1_41' title="bbox 462 3996 2047 4072">
     <span class='ocr_line' id='line_1_41' title="bbox 462 3996 2047 4072; baseline 0.006 -22"><span class='ocrx_word' id='word_1_293' title='bbox 462 4011 604 4050; x_wconf 91' lang='lat' dir='ltr'><strong>nunc</strong></span> <span class='ocrx_word' id='word_1_294' title='bbox 637 4012 766 4051; x_wconf 90' lang='lat' dir='ltr'><strong>vero</strong></span> <span class='ocrx_word' id='word_1_295' title='bbox 803 3996 930 4050; x_wconf 92' lang='lat' dir='ltr'><strong>illud</strong></span> <span class='ocrx_word' id='word_1_296' title='bbox 970 4012 1135 4066; x_wconf 89' lang='lat' dir='ltr'><strong>opere</strong></span> <span class='ocrx_word' id='word_1_297' title='bbox 1180 4000 1496 4069; x_wconf 86' lang='lat' dir='ltr'><strong>permittens</strong></span> <span class='ocrx_word' id='word_1_298' title='bbox 1525 4000 1730 4070; x_wconf 85' lang='lat' dir='ltr'><strong>impleri</strong></span> <span class='ocrx_word' id='word_1_299' title='bbox 1759 4043 1774 4069; x_wconf 96' lang='lat'><strong>,</strong></span> <span class='ocrx_word' id='word_1_300' title='bbox 1805 4013 2047 4072; x_wconf 76' lang='lat' dir='ltr'><strong>pastores</strong></span> 
     </span>
    </p>
   </div>
   <div class='ocr_carea' id='block_1_42' title="bbox 462 4086 2046 4165">
    <p class='ocr_par' dir='ltr' id='par_1_42' title="bbox 462 4086 2046 4165">
     <span class='ocr_line' id='line_1_42' title="bbox 462 4086 2046 4165; baseline 0.008 -28"><span class='ocrx_word' id='word_1_301' title='bbox 462 4100 650 4140; x_wconf 89' lang='lat' dir='ltr'><strong>omnes</strong></span> <span class='ocrx_word' id='word_1_302' title='bbox 674 4086 966 4156; x_wconf 84' lang='lat' dir='ltr'><strong>prohibuit.</strong></span> <span class='ocrx_word' id='word_1_303' title='bbox 1022 4089 1086 4142; x_wconf 87' lang='lat' dir='ltr'><strong>Et</strong></span> <span class='ocrx_word' id='word_1_304' title='bbox 1110 4089 1249 4159; x_wconf 80' lang='lat' dir='ltr'><strong>quod</strong></span> <span class='ocrx_word' id='word_1_305' title='bbox 1281 4089 1382 4146; x_wconf 89' lang='lat' dir='ltr'><strong>hoc</strong></span> <span class='ocrx_word' id='word_1_306' title='bbox 1415 4091 1486 4145; x_wconf 86' lang='lat' dir='ltr'><strong>sit</strong></span> <span class='ocrx_word' id='word_1_307' title='bbox 1515 4107 1731 4158; x_wconf 86' lang='lat' dir='ltr'><strong>verum,</strong></span> <span class='ocrx_word' id='word_1_308' title='bbox 1763 4101 2046 4165; x_wconf 83' lang='lat' dir='ltr'><strong>postquam</strong></span> 
     </span>
    </p>
   </div>
   <div class='ocr_carea' id='block_1_43' title="bbox 463 4165 2048 4254">
    <p class='ocr_par' dir='ltr' id='par_1_43' title="bbox 463 4165 2048 4254">
     <span class='ocr_line' id='line_1_43' title="bbox 463 4165 2048 4254; baseline 0.006 -20"><span class='ocrx_word' id='word_1_309' title='bbox 463 4165 709 4248; x_wconf 82' lang='lat' dir='ltr'><strong>Jephthae</strong></span> <span class='ocrx_word' id='word_1_310' title='bbox 736 4180 897 4235; x_wconf 83' lang='lat' dir='ltr'><strong>filiola</strong></span> <span class='ocrx_word' id='word_1_311' title='bbox 929 4180 1023 4244; x_wconf 88' lang='lat' dir='ltr'><strong>fuit</strong></span> <span class='ocrx_word' id='word_1_312' title='bbox 1044 4181 1282 4253; x_wconf 82' lang='lat' dir='ltr'><strong>jugulata</strong></span> <span class='ocrx_word' id='word_1_313' title='bbox 1317 4225 1332 4248; x_wconf 95' lang='lat'><strong>,</strong></span> <span class='ocrx_word' id='word_1_314' title='bbox 1375 4192 1434 4240; x_wconf 93' lang='lat' dir='ltr'><strong>ut</strong></span> <span class='ocrx_word' id='word_1_315' title='bbox 1460 4185 1800 4254; x_wconf 68' lang='lat' dir='ltr'><strong>sempiternas</strong></span> <span class='ocrx_word' id='word_1_316' title='bbox 1840 4201 2048 4243; x_wconf 44' lang='lat' dir='ltr'><strong>meme.</strong></span> 
     </span>
    </p>
   </div>
   <div class='ocr_carea' id='block_1_44' title="bbox 465 4270 2046 4346">
    <p class='ocr_par' dir='ltr' id='par_1_44' title="bbox 465 4270 2046 4346">
     <span class='ocr_line' id='line_1_44' title="bbox 465 4270 2046 4346; baseline 0.005 -21"><span class='ocrx_word' id='word_1_317' title='bbox 465 4270 558 4340; x_wconf 68' lang='lat' dir='ltr'><strong>rite</strong></span> <span class='ocrx_word' id='word_1_318' title='bbox 585 4271 865 4330; x_wconf 86' lang='lat' dir='ltr'><strong>calamitas</strong></span> <span class='ocrx_word' id='word_1_319' title='bbox 890 4284 1053 4342; x_wconf 80' lang='lat' dir='ltr'><strong>esset,</strong></span> <span class='ocrx_word' id='word_1_320' title='bbox 1083 4290 1186 4330; x_wconf 85' lang='lat' dir='ltr'><strong>neu</strong></span> <span class='ocrx_word' id='word_1_321' title='bbox 1218 4277 1414 4332; x_wconf 81' lang='lat' dir='ltr'><strong>Inalum</strong></span> <span class='ocrx_word' id='word_1_322' title='bbox 1444 4277 1696 4332; x_wconf 75' lang='lat' dir='ltr'><strong>oblivioni</strong></span> <span class='ocrx_word' id='word_1_323' title='bbox 1731 4278 2046 4346; x_wconf 77' lang='lat' dir='ltr'><strong>traderetur,</strong></span> 
     </span>
    </p>
   </div>
   <div class='ocr_carea' id='block_1_45' title="bbox 464 4361 2049 4440">
    <p class='ocr_par' dir='ltr' id='par_1_45' title="bbox 464 4361 2049 4440">
     <span class='ocr_line' id='line_1_45' title="bbox 464 4361 2049 4440; baseline 0.006 -25"><span class='ocrx_word' id='word_1_324' title='bbox 464 4362 603 4432; x_wconf 71' lang='lat' dir='ltr'><strong>apud</strong></span> <span class='ocrx_word' id='word_1_325' title='bbox 627 4361 843 4418; x_wconf 64' lang='lat' dir='ltr'><strong>Iudaeos</strong></span> <span class='ocrx_word' id='word_1_326' title='bbox 868 4364 951 4428; x_wconf 79' lang='lat' dir='ltr'><strong>lex</strong></span> <span class='ocrx_word' id='word_1_327' title='bbox 980 4374 1064 4420; x_wconf 87' lang='lat' dir='ltr'><strong>est</strong></span> <span class='ocrx_word' id='word_1_328' title='bbox 1099 4366 1200 4420; x_wconf 90' lang='lat' dir='ltr'><strong>lata</strong></span> <span class='ocrx_word' id='word_1_329' title='bbox 1225 4408 1240 4428; x_wconf 87' lang='lat'><strong>,</strong></span> <span class='ocrx_word' id='word_1_330' title='bbox 1276 4367 1507 4438; x_wconf 79' lang='lat' dir='ltr'><strong>virgines</strong></span> <span class='ocrx_word' id='word_1_331' title='bbox 1534 4369 1624 4424; x_wconf 88' lang='lat' dir='ltr'><strong>illo</strong></span> <span class='ocrx_word' id='word_1_332' title='bbox 1647 4378 1892 4440; x_wconf 77' lang='lat' dir='ltr'><strong>tempore</strong></span> <span class='ocrx_word' id='word_1_333' title='bbox 1921 4381 2049 4424; x_wconf 78' lang='lat' dir='ltr'><strong>cetu-</strong></span> 
     </span>
    </p>
   </div>
   <div class='ocr_carea' id='block_1_46' title="bbox 466 4454 2048 4526">
    <p class='ocr_par' dir='ltr' id='par_1_46' title="bbox 466 4454 2048 4526">
     <span class='ocr_line' id='line_1_46' title="bbox 466 4454 2048 4526; baseline 0.001 -14"><span class='ocrx_word' id='word_1_334' title='bbox 466 4454 742 4512; x_wconf 81' lang='lat' dir='ltr'><strong>venieutes</strong></span> <span class='ocrx_word' id='word_1_335' title='bbox 793 4455 1140 4526; x_wconf 88' lang='lat' dir='ltr'><strong>quadraginta</strong></span> <span class='ocrx_word' id='word_1_336' title='bbox 1201 4458 1388 4514; x_wconf 88' lang='lat' dir='ltr'><strong>diebus</strong></span> <span class='ocrx_word' id='word_1_337' title='bbox 1443 4461 1782 4517; x_wconf 75' lang='lat' dir='ltr'><strong>commissam</strong></span> <span class='ocrx_word' id='word_1_338' title='bbox 1846 4459 2048 4515; x_wconf 66' lang='lat' dir='ltr'><strong>caedem</strong></span> 
     </span>
    </p>
   </div>
   <div class='ocr_carea' id='block_1_47' title="bbox 466 4543 2046 4616">
    <p class='ocr_par' dir='ltr' id='par_1_47' title="bbox 466 4543 2046 4616">
     <span class='ocr_line' id='line_1_47' title="bbox 466 4543 2046 4616; baseline 0.003 -16"><span class='ocrx_word' id='word_1_339' title='bbox 466 4543 781 4615; x_wconf 78' lang='lat' dir='ltr'><strong>deplorare,</strong></span> <span class='ocrx_word' id='word_1_340' title='bbox 812 4555 869 4602; x_wconf 94' lang='lat' dir='ltr'><strong>ut</strong></span> <span class='ocrx_word' id='word_1_341' title='bbox 911 4547 1056 4611; x_wconf 88' lang='lat' dir='ltr'><strong>luctu</strong></span> <span class='ocrx_word' id='word_1_342' title='bbox 1111 4549 1273 4604; x_wconf 60' lang='lat' dir='ltr'><strong>cadis</strong></span> <span class='ocrx_word' id='word_1_343' title='bbox 1327 4550 1640 4607; x_wconf 84' lang='lat' dir='ltr'><strong>memoriam</strong></span> <span class='ocrx_word' id='word_1_344' title='bbox 1683 4561 2003 4606; x_wconf 82' lang='lat' dir='ltr'><strong>renovantes</strong></span> <span class='ocrx_word' id='word_1_345' title='bbox 2030 4590 2046 4616; x_wconf 86' lang='lat'><strong>,</strong></span> 
     </span>
    </p>
   </div>
   <div class='ocr_carea' id='block_1_48' title="bbox 473 4639 2050 4714">
    <p class='ocr_par' dir='ltr' id='par_1_48' title="bbox 473 4639 2050 4714">
     <span class='ocr_line' id='line_1_48' title="bbox 473 4639 2050 4714; baseline 0.004 -25"><span class='ocrx_word' id='word_1_346' title='bbox 473 4644 721 4714; x_wconf 83' lang='lat' dir='ltr'><strong>posteros</strong></span> <span class='ocrx_word' id='word_1_347' title='bbox 747 4652 934 4693; x_wconf 90' lang='lat' dir='ltr'><strong>omnes</strong></span> <span class='ocrx_word' id='word_1_348' title='bbox 957 4639 1332 4708; x_wconf 89' lang='lat' dir='ltr'><strong>prudentiores</strong></span> <span class='ocrx_word' id='word_1_349' title='bbox 1367 4640 1564 4697; x_wconf 78' lang='lat' dir='ltr'><strong>faciant</strong></span> <span class='ocrx_word' id='word_1_350' title='bbox 1594 4682 1610 4708; x_wconf 97' lang='lat'><strong>,</strong></span> <span class='ocrx_word' id='word_1_351' title='bbox 1643 4650 1700 4698; x_wconf 82' lang='lat' dir='ltr'><strong>et</strong></span> <span class='ocrx_word' id='word_1_352' title='bbox 1725 4642 1934 4698; x_wconf 83' lang='lat' dir='ltr'><strong>discant</strong></span> <span class='ocrx_word' id='word_1_353' title='bbox 1975 4642 2050 4699; x_wconf 83' lang='lat' dir='ltr'><strong>illi</strong></span> 
     </span>
    </p>
   </div>
   <div class='ocr_carea' id='block_1_49' title="bbox 468 4727 2050 4804">
    <p class='ocr_par' dir='ltr' id='par_1_49' title="bbox 468 4727 2050 4804">
     <span class='ocr_line' id='line_1_49' title="bbox 468 4727 2050 4804; baseline 0.003 -22"><span class='ocrx_word' id='word_1_354' title='bbox 468 4727 522 4794; x_wconf 77' lang='lat' dir='ltr'><strong>in</strong></span> <span class='ocrx_word' id='word_1_355' title='bbox 549 4737 729 4784; x_wconf 88' lang='lat' dir='ltr'><strong>mente</strong></span> <span class='ocrx_word' id='word_1_356' title='bbox 760 4728 850 4784; x_wconf 90' lang='lat' dir='ltr'><strong>Dei</strong></span> <span class='ocrx_word' id='word_1_357' title='bbox 874 4745 978 4784; x_wconf 92' lang='lat' dir='ltr'><strong>non</strong></span> <span class='ocrx_word' id='word_1_358' title='bbox 1007 4731 1168 4791; x_wconf 78' lang='lat' dir='ltr'><strong>fuisse</strong></span> <span class='ocrx_word' id='word_1_359' title='bbox 1189 4774 1204 4797; x_wconf 90' lang='lat'><strong>,</strong></span> <span class='ocrx_word' id='word_1_360' title='bbox 1235 4741 1291 4787; x_wconf 92' lang='lat' dir='ltr'><strong>ut</strong></span> <span class='ocrx_word' id='word_1_361' title='bbox 1333 4731 1436 4789; x_wconf 85' lang='lat' dir='ltr'><strong>hoc</strong></span> <span class='ocrx_word' id='word_1_362' title='bbox 1483 4734 1668 4790; x_wconf 79' lang='lat' dir='ltr'><strong>fieret:</strong></span> <span class='ocrx_word' id='word_1_363' title='bbox 1693 4749 1866 4804; x_wconf 86' lang='lat' dir='ltr'><strong>neque</strong></span> <span class='ocrx_word' id='word_1_364' title='bbox 1907 4734 2050 4791; x_wconf 82' lang='lat' dir='ltr'><strong>enim</strong></span> 
     </span>
    </p>
   </div>
   <div class='ocr_carea' id='block_1_50' title="bbox 469 4817 2049 4896">
    <p class='ocr_par' dir='ltr' id='par_1_50' title="bbox 469 4817 2049 4896">
     <span class='ocr_line' id='line_1_50' title="bbox 469 4817 2049 4896; baseline 0.004 -23"><span class='ocrx_word' id='word_1_365' title='bbox 469 4817 652 4889; x_wconf 85' lang='lat' dir='ltr'><strong>lugere</strong></span> <span class='ocrx_word' id='word_1_366' title='bbox 688 4829 743 4875; x_wconf 90' lang='lat' dir='ltr'><strong>et</strong></span> <span class='ocrx_word' id='word_1_367' title='bbox 771 4821 981 4891; x_wconf 88' lang='lat' dir='ltr'><strong>plorare</strong></span> <span class='ocrx_word' id='word_1_368' title='bbox 1007 4823 1237 4893; x_wconf 75' lang='lat' dir='ltr'><strong>virgines</strong></span> <span class='ocrx_word' id='word_1_369' title='bbox 1268 4825 1616 4895; x_wconf 81' lang='lat' dir='ltr'><strong>permisisset.</strong></span> <span class='ocrx_word' id='word_1_370' title='bbox 1661 4825 1727 4880; x_wconf 88' lang='lat' dir='ltr'><strong>Et</strong></span> <span class='ocrx_word' id='word_1_371' title='bbox 1775 4825 1917 4896; x_wconf 89' lang='lat' dir='ltr'><strong>quod</strong></span> <span class='ocrx_word' id='word_1_372' title='bbox 1945 4840 2049 4880; x_wconf 91' lang='lat' dir='ltr'><strong>non</strong></span> 
     </span>
    </p>
   </div>
   <div class='ocr_carea' id='block_1_51' title="bbox 469 4911 2054 4987">
    <p class='ocr_par' dir='ltr' id='par_1_51' title="bbox 469 4911 2054 4987">
     <span class='ocr_line' id='line_1_51' title="bbox 469 4911 2054 4987; baseline 0.004 -22"><span class='ocrx_word' id='word_1_373' title='bbox 469 4911 777 4981; x_wconf 72' lang='lat' dir='ltr'><strong>conjectura</strong></span> <span class='ocrx_word' id='word_1_374' title='bbox 818 4914 884 4969; x_wconf 87' lang='lat' dir='ltr'><strong>sit</strong></span> <span class='ocrx_word' id='word_1_375' title='bbox 909 4915 1048 4987; x_wconf 86' lang='lat' dir='ltr'><strong>quod</strong></span> <span class='ocrx_word' id='word_1_376' title='bbox 1078 4916 1272 4972; x_wconf 82' lang='lat' dir='ltr'><strong>dicitur</strong></span> <span class='ocrx_word' id='word_1_377' title='bbox 1297 4954 1314 4982; x_wconf 91' lang='lat'><strong>,</strong></span> <span class='ocrx_word' id='word_1_378' title='bbox 1351 4916 1473 4982; x_wconf 84' lang='lat' dir='ltr'><strong>finis</strong></span> <span class='ocrx_word' id='word_1_379' title='bbox 1497 4916 1902 4979; x_wconf 79' lang='lat' dir='ltr'><strong>demonstravit.</strong></span> <span class='ocrx_word' id='word_1_380' title='bbox 1927 4917 2054 4972; x_wconf 83' lang='lat' dir='ltr'><strong>Post</strong></span> 
     </span>
    </p>
   </div>
   <div class='ocr_carea' id='block_1_52' title="bbox 471 5002 2050 5074">
    <p class='ocr_par' dir='ltr' id='par_1_52' title="bbox 471 5002 2050 5074">
     <span class='ocr_line' id='line_1_52' title="bbox 471 5002 2050 5074; baseline 0.004 -18"><span class='ocrx_word' id='word_1_381' title='bbox 471 5002 600 5074; x_wconf 73' lang='lat' dir='ltr'><strong>illud</strong></span> <span class='ocrx_word' id='word_1_382' title='bbox 630 5006 771 5060; x_wconf 89' lang='lat' dir='ltr'><strong>enim</strong></span> <span class='ocrx_word' id='word_1_383' title='bbox 797 5007 1118 5064; x_wconf 84' lang='lat' dir='ltr'><strong>sacrificium</strong></span> <span class='ocrx_word' id='word_1_384' title='bbox 1158 5023 1314 5063; x_wconf 87' lang='lat' dir='ltr'><strong>nemo</strong></span> <span class='ocrx_word' id='word_1_385' title='bbox 1343 5007 1448 5063; x_wconf 81' lang='lat' dir='ltr'><strong>tale</strong></span> <span class='ocrx_word' id='word_1_386' title='bbox 1487 5008 1594 5064; x_wconf 91' lang='lat' dir='ltr'><strong>Deo</strong></span> <span class='ocrx_word' id='word_1_387' title='bbox 1640 5019 1822 5062; x_wconf 86' lang='lat' dir='ltr'><strong>votum</strong></span> <span class='ocrx_word' id='word_1_388' title='bbox 1867 5008 2050 5073; x_wconf 89' lang='lat' dir='ltr'><strong>vovit;</strong></span> 
     </span>
    </p>
   </div>
   <div class='ocr_carea' id='block_1_53' title="bbox 473 5099 2056 5172">
    <p class='ocr_par' dir='ltr' id='par_1_53' title="bbox 473 5099 2056 5172">
     <span class='ocr_line' id='line_1_53' title="bbox 473 5099 2056 5172; baseline 0.006 -24"><span class='ocrx_word' id='word_1_389' title='bbox 473 5104 752 5165; x_wconf 88' lang='lat' dir='ltr'><strong>propterea</strong></span> <span class='ocrx_word' id='word_1_390' title='bbox 801 5099 902 5159; x_wconf 85' lang='lat' dir='ltr'><strong>hoc</strong></span> <span class='ocrx_word' id='word_1_391' title='bbox 948 5117 1056 5165; x_wconf 88' lang='lat' dir='ltr'><strong>non</strong></span> <span class='ocrx_word' id='word_1_392' title='bbox 1111 5101 1408 5171; x_wconf 81' lang='lat' dir='ltr'><strong>prohibuit:</strong></span> <span class='ocrx_word' id='word_1_393' title='bbox 1441 5101 1581 5170; x_wconf 88' lang='lat' dir='ltr'><strong>quod</strong></span> <span class='ocrx_word' id='word_1_394' title='bbox 1624 5109 1804 5160; x_wconf 88' lang='lat' dir='ltr'><strong>autem</strong></span> <span class='ocrx_word' id='word_1_395' title='bbox 1850 5102 1962 5172; x_wconf 90' lang='lat' dir='ltr'><strong>ipse</strong></span> <span class='ocrx_word' id='word_1_396' title='bbox 1987 5102 2056 5157; x_wconf 83' lang='lat' dir='ltr'><strong>de</strong></span> 
     </span>
    </p>
   </div>
   <div class='ocr_carea' id='block_1_54' title="bbox 475 5185 2056 5265">
    <p class='ocr_par' dir='ltr' id='par_1_54' title="bbox 475 5185 2056 5265">
     <span class='ocr_line' id='line_1_54' title="bbox 475 5185 2056 5265; baseline 0.008 -26"><span class='ocrx_word' id='word_1_397' title='bbox 475 5185 619 5256; x_wconf 83' lang='lat' dir='ltr'><strong>lsaae</strong></span> <span class='ocrx_word' id='word_1_398' title='bbox 647 5192 1009 5263; x_wconf 80' lang='lat' dir='ltr'><strong>mandaverat,</strong></span> <span class='ocrx_word' id='word_1_399' title='bbox 1040 5197 1154 5265; x_wconf 77' lang='lat' dir='ltr'><strong>ipse</strong></span> <span class='ocrx_word' id='word_1_400' title='bbox 1178 5196 1360 5262; x_wconf 80' lang='lat' dir='ltr'><strong>vetuit,</strong></span> <span class='ocrx_word' id='word_1_401' title='bbox 1388 5211 1482 5265; x_wconf 81' lang='lat' dir='ltr'><strong>per</strong></span> <span class='ocrx_word' id='word_1_402' title='bbox 1501 5196 1658 5254; x_wconf 86' lang='lat' dir='ltr'><strong>ambo</strong></span> <span class='ocrx_word' id='word_1_403' title='bbox 1684 5195 2056 5254; x_wconf 84' lang='lat' dir='ltr'><strong>demonstrans</strong></span> 
     </span>
    </p>
   </div>
   <div class='ocr_carea' id='block_1_55' title="bbox 475 5284 2058 5357">
    <p class='ocr_par' dir='ltr' id='par_1_55' title="bbox 475 5284 2058 5357">
     <span class='ocr_line' id='line_1_55' title="bbox 475 5284 2058 5357; baseline 0.008 -28"><span class='ocrx_word' id='word_1_404' title='bbox 475 5290 538 5332; x_wconf 85' lang='lat' dir='ltr'><strong>se</strong></span> <span class='ocrx_word' id='word_1_405' title='bbox 564 5294 668 5344; x_wconf 83' lang='lat' dir='ltr'><strong>non</strong></span> <span class='ocrx_word' id='word_1_406' title='bbox 697 5284 927 5350; x_wconf 85' lang='lat' dir='ltr'><strong>gaudere</strong></span> <span class='ocrx_word' id='word_1_407' title='bbox 953 5285 1256 5357; x_wconf 87' lang='lat' dir='ltr'><strong>lmjusmodi</strong></span> <span class='ocrx_word' id='word_1_408' title='bbox 1289 5287 1583 5343; x_wconf 87' lang='lat' dir='ltr'><strong>sacrificiis.</strong></span> <span class='ocrx_word' id='word_1_409' title='bbox 1641 5286 1746 5342; x_wconf 91' lang='lat' dir='ltr'><strong>Sed</strong></span> <span class='ocrx_word' id='word_1_410' title='bbox 1799 5287 2058 5357; x_wconf 84' lang='lat' dir='ltr'><strong>tnalignus</strong></span> 
     </span>
    </p>
   </div>
   <div class='ocr_carea' id='block_1_56' title="bbox 477 5367 2056 5450">
    <p class='ocr_par' dir='ltr' id='par_1_56' title="bbox 477 5367 2056 5450">
     <span class='ocr_line' id='line_1_56' title="bbox 477 5367 2056 5450; baseline 0.009 -30"><span class='ocrx_word' id='word_1_411' title='bbox 477 5367 688 5426; x_wconf 68' lang='lat' dir='ltr'><strong>tlzrmon</strong></span> <span class='ocrx_word' id='word_1_412' title='bbox 715 5381 769 5426; x_wconf 90' lang='lat' dir='ltr'><strong>ct</strong></span> <span class='ocrx_word' id='word_1_413' title='bbox 797 5390 937 5431; x_wconf 90' lang='lat' dir='ltr'><strong>nunc</strong></span> <span class='ocrx_word' id='word_1_414' title='bbox 961 5367 1120 5433; x_wconf 87' lang='lat' dir='ltr'><strong>talem</strong></span> <span class='ocrx_word' id='word_1_415' title='bbox 1152 5379 1461 5450; x_wconf 74' lang='lat' dir='ltr'><strong>tragoediam</strong></span> <span class='ocrx_word' id='word_1_416' title='bbox 1505 5389 1715 5449; x_wconf 85' lang='lat' dir='ltr'><strong>patrare</strong></span> <span class='ocrx_word' id='word_1_417' title='bbox 1758 5379 2056 5434; x_wconf 90' lang='lat' dir='ltr'><strong>contende-</strong></span> 
     </span>
    </p>
   </div>
   <div class='ocr_carea' id='block_1_57' title="bbox 480 5457 2054 5540">
    <p class='ocr_par' dir='ltr' id='par_1_57' title="bbox 480 5457 2054 5540">
     <span class='ocr_line' id='line_1_57' title="bbox 480 5457 2054 5540; baseline 0.006 -29"><span class='ocrx_word' id='word_1_418' title='bbox 480 5457 606 5528; x_wconf 79' lang='lat' dir='ltr'><strong>bat,</strong></span> <span class='ocrx_word' id='word_1_419' title='bbox 631 5459 853 5531; x_wconf 85' lang='lat' dir='ltr'><strong>ideoque</strong></span> <span class='ocrx_word' id='word_1_420' title='bbox 879 5463 1144 5522; x_wconf 73' lang='lat' dir='ltr'><strong>lonathan</strong></span> <span class='ocrx_word' id='word_1_421' title='bbox 1186 5470 1250 5524; x_wconf 89' lang='lat' dir='ltr'><strong>ad</strong></span> <span class='ocrx_word' id='word_1_422' title='bbox 1285 5471 1777 5539; x_wconf 76' lang='lat' dir='ltr'><strong>pra-varicationem</strong></span> <span class='ocrx_word' id='word_1_423' title='bbox 1827 5471 2054 5540; x_wconf 89' lang='lat' dir='ltr'><strong>impulit.</strong></span> 
     </span>
    </p>
   </div>
   <div class='ocr_carea' id='block_1_58' title="bbox 478 5545 2075 5634">
    <p class='ocr_par' dir='ltr' id='par_1_58' title="bbox 478 5545 2075 5634">
     <span class='ocr_line' id='line_1_58' title="bbox 478 5545 2075 5634; baseline 0.004 -27"><span class='ocrx_word' id='word_1_424' title='bbox 478 5549 534 5619; x_wconf 72' lang='grc' dir='ltr'><strong>δί</strong></span> <span class='ocrx_word' id='word_1_425' title='bbox 575 5552 692 5624; x_wconf 86' lang='lat' dir='ltr'><strong>quis</strong></span> <span class='ocrx_word' id='word_1_426' title='bbox 716 5555 858 5609; x_wconf 90' lang='lat' dir='ltr'><strong>enim</strong></span> <span class='ocrx_word' id='word_1_427' title='bbox 909 5557 1133 5612; x_wconf 85' lang='lat' dir='ltr'><strong>militum</strong></span> <span class='ocrx_word' id='word_1_428' title='bbox 1184 5563 1560 5634; x_wconf 69' lang='lat' dir='ltr'><strong>prtevarieatus</strong></span> <span class='ocrx_word' id='word_1_429' title='bbox 1601 5563 1771 5633; x_wconf 86' lang='lat' dir='ltr'><strong>legem</strong></span> <span class='ocrx_word' id='word_1_430' title='bbox 1823 5561 2008 5616; x_wconf 75' lang='lat' dir='ltr'><strong>fuisset</strong></span> <span class='ocrx_word' id='word_1_431' title='bbox 2040 5545 2075 5627; x_wconf 28' lang='lat'><strong>,.</strong></span> 
     </span>
    </p>
   </div>
   <div class='ocr_carea' id='block_1_59' title="bbox 480 5649 2058 5722">
    <p class='ocr_par' dir='ltr' id='par_1_59' title="bbox 480 5649 2058 5722">
     <span class='ocr_line' id='line_1_59' title="bbox 480 5649 2058 5722; baseline 0.007 -26"><span class='ocrx_word' id='word_1_432' title='bbox 480 5659 584 5703; x_wconf 85' lang='lat' dir='ltr'><strong>non</strong></span> <span class='ocrx_word' id='word_1_433' title='bbox 629 5661 875 5718; x_wconf 88' lang='lat' dir='ltr'><strong>magnum</strong></span> <span class='ocrx_word' id='word_1_434' title='bbox 926 5649 977 5704; x_wconf 92' lang='lat' dir='ltr'><strong>id</strong></span> <span class='ocrx_word' id='word_1_435' title='bbox 1030 5650 1223 5705; x_wconf 89' lang='lat' dir='ltr'><strong>malum</strong></span> <span class='ocrx_word' id='word_1_436' title='bbox 1251 5653 1346 5722; x_wconf 86' lang='lat' dir='ltr'><strong>ipsi</strong></span> <span class='ocrx_word' id='word_1_437' title='bbox 1381 5654 1686 5720; x_wconf 72' lang='lat' dir='ltr'><strong>videbatur;</strong></span> <span class='ocrx_word' id='word_1_438' title='bbox 1721 5669 1858 5710; x_wconf 91' lang='lat' dir='ltr'><strong>nunc</strong></span> <span class='ocrx_word' id='word_1_439' title='bbox 1883 5663 2058 5708; x_wconf 89' lang='lat' dir='ltr'><strong>autem</strong></span> 
     </span>
    </p>
   </div>
   <div class='ocr_carea' id='block_1_60' title="bbox 483 5741 2058 5819">
    <p class='ocr_par' dir='ltr' id='par_1_60' title="bbox 483 5741 2058 5819">
     <span class='ocr_line' id='line_1_60' title="bbox 483 5741 2058 5819; baseline 0.004 -23"><span class='ocrx_word' id='word_1_440' title='bbox 483 5741 632 5811; x_wconf 70' lang='lat' dir='ltr'><strong>malis</strong></span> <span class='ocrx_word' id='word_1_441' title='bbox 689 5741 1045 5812; x_wconf 63' lang='lat' dir='ltr'><strong>insaturabili;</strong></span> <span class='ocrx_word' id='word_1_442' title='bbox 1095 5744 1381 5817; x_wconf 81' lang='lat' dir='ltr'><strong>humanis,</strong></span> <span class='ocrx_word' id='word_1_443' title='bbox 1416 5761 1512 5806; x_wconf 90' lang='lat' dir='ltr'><strong>nec</strong></span> <span class='ocrx_word' id='word_1_444' title='bbox 1565 5763 1815 5819; x_wconf 89' lang='lat' dir='ltr'><strong>umquam</strong></span> <span class='ocrx_word' id='word_1_445' title='bbox 1863 5749 2058 5804; x_wconf 90' lang='lat' dir='ltr'><strong>nostris</strong></span> 
     </span>
    </p>
   </div>
   <div class='ocr_carea' id='block_1_61' title="bbox 1163 304 2962 372">
    <p class='ocr_par' dir='ltr' id='par_1_61' title="bbox 1163 304 2962 372">
     <span class='ocr_line' id='line_1_61' title="bbox 1163 304 2962 372; baseline -0.001 -3"><span class='ocrx_word' id='word_1_446' title='bbox 1163 311 1219 371; x_wconf 92' lang='lat' dir='ltr'><strong>S.</strong></span> <span class='ocrx_word' id='word_1_447' title='bbox 1257 309 1537 368; x_wconf 77' lang='lat' dir='ltr'><strong>JOANNIS</strong></span> <span class='ocrx_word' id='word_1_448' title='bbox 1574 304 2048 368; x_wconf 76' lang='lat' dir='ltr'><strong>CllRYSOSTOIIl</strong></span> <span class='ocrx_word' id='word_1_449' title='bbox 2087 305 2401 364; x_wconf 77' lang='lat' dir='ltr'><strong>ARClllEP.</strong></span> <span class='ocrx_word' id='word_1_450' title='bbox 2427 308 2962 372; x_wconf 80' lang='lat' dir='ltr'><strong>CONSTANTINOP.</strong></span> 
     </span>
    </p>
   </div>
   <div class='ocr_carea' id='block_1_62' title="bbox 3606 323 3704 379">
    <p class='ocr_par' dir='ltr' id='par_1_62' title="bbox 3606 323 3704 379">
     <span class='ocr_line' id='line_1_62' title="bbox 3606 323 3704 379; baseline 0.01 -1"><span class='ocrx_word' id='word_1_451' title='bbox 3606 323 3704 379; x_wconf 68' lang='grc' dir='ltr'><strong>ηδ</strong></span> 
     </span>
    </p>
   </div>
   <div class='ocr_carea' id='block_1_63' title="bbox 2131 422 3702 503">
    <p class='ocr_par' dir='ltr' id='par_1_63' title="bbox 2131 422 3702 503">
     <span class='ocr_line' id='line_1_63' title="bbox 2131 422 3702 503; baseline 0.01 -27"><span class='ocrx_word' id='word_1_452' title='bbox 2131 422 2373 491; x_wconf 77' lang='lat' dir='ltr'><strong>expletus</strong></span> <span class='ocrx_word' id='word_1_453' title='bbox 2401 425 2630 481; x_wconf 86' lang='lat' dir='ltr'><strong>miseriis</strong></span> <span class='ocrx_word' id='word_1_454' title='bbox 2650 469 2665 494; x_wconf 92' lang='lat'><strong>,</strong></span> <span class='ocrx_word' id='word_1_455' title='bbox 2696 429 2824 483; x_wconf 86' lang='lat' dir='ltr'><strong>nihil</strong></span> <span class='ocrx_word' id='word_1_456' title='bbox 2850 439 3123 484; x_wconf 90' lang='lat' dir='ltr'><strong>strenuum</strong></span> <span class='ocrx_word' id='word_1_457' title='bbox 3152 445 3210 486; x_wconf 92' lang='lat' dir='ltr'><strong>se</strong></span> <span class='ocrx_word' id='word_1_458' title='bbox 3245 430 3416 487; x_wconf 84' lang='lat' dir='ltr'><strong>facere</strong></span> <span class='ocrx_word' id='word_1_459' title='bbox 3444 442 3657 503; x_wconf 79' lang='lat' dir='ltr'><strong>putabat</strong></span> <span class='ocrx_word' id='word_1_460' title='bbox 3685 475 3702 502; x_wconf 91' lang='lat'><strong>,</strong></span> 
     </span>
    </p>
   </div>
   <div class='ocr_carea' id='block_1_64' title="bbox 2129 512 3703 590">
    <p class='ocr_par' dir='ltr' id='par_1_64' title="bbox 2129 512 3703 590">
     <span class='ocr_line' id='line_1_64' title="bbox 2129 512 3703 590; baseline 0.01 -24"><span class='ocrx_word' id='word_1_461' title='bbox 2129 512 2172 566; x_wconf 88' lang='lat' dir='ltr'><strong>si</strong></span> <span class='ocrx_word' id='word_1_462' title='bbox 2207 514 2408 570; x_wconf 86' lang='lat' dir='ltr'><strong>caedem</strong></span> <span class='ocrx_word' id='word_1_463' title='bbox 2433 516 2732 574; x_wconf 87' lang='lat' dir='ltr'><strong>&#39;moliretur</strong></span> <span class='ocrx_word' id='word_1_464' title='bbox 2759 520 3084 590; x_wconf 88' lang='lat' dir='ltr'><strong>simplicem:</strong></span> <span class='ocrx_word' id='word_1_465' title='bbox 3113 522 3205 576; x_wconf 87' lang='lat' dir='ltr'><strong>sed</strong></span> <span class='ocrx_word' id='word_1_466' title='bbox 3248 523 3348 577; x_wconf 91' lang='lat' dir='ltr'><strong>nisi</strong></span> <span class='ocrx_word' id='word_1_467' title='bbox 3395 523 3486 578; x_wconf 79' lang='lat' dir='ltr'><strong>lilii</strong></span> <span class='ocrx_word' id='word_1_468' title='bbox 3532 535 3703 584; x_wconf 82' lang='lat' dir='ltr'><strong>morte</strong></span> 
     </span>
    </p>
   </div>
   <div class='ocr_carea' id='block_1_65' title="bbox 2128 607 3700 687">
    <p class='ocr_par' dir='ltr' id='par_1_65' title="bbox 2128 607 3700 687">
     <span class='ocr_line' id='line_1_65' title="bbox 2128 607 3700 687; baseline 0.006 -26"><span class='ocrx_word' id='word_1_469' title='bbox 2128 607 2268 677; x_wconf 82' lang='lat' dir='ltr'><strong>regis</strong></span> <span class='ocrx_word' id='word_1_470' title='bbox 2310 607 2587 665; x_wconf 77' lang='lat' dir='ltr'><strong>dexteram</strong></span> <span class='ocrx_word' id='word_1_471' title='bbox 2628 612 2907 681; x_wconf 88' lang='lat' dir='ltr'><strong>pollueret,</strong></span> <span class='ocrx_word' id='word_1_472' title='bbox 2954 612 3142 668; x_wconf 87' lang='lat' dir='ltr'><strong>fecisse</strong></span> <span class='ocrx_word' id='word_1_473' title='bbox 3184 612 3315 668; x_wconf 86' lang='lat' dir='ltr'><strong>nihil</strong></span> <span class='ocrx_word' id='word_1_474' title='bbox 3349 629 3410 669; x_wconf 83' lang='lat' dir='ltr'><strong>se</strong></span> <span class='ocrx_word' id='word_1_475' title='bbox 3452 632 3700 687; x_wconf 85' lang='lat' dir='ltr'><strong>magnum</strong></span> 
     </span>
    </p>
   </div>
   <div class='ocr_carea' id='block_1_66' title="bbox 2126 698 3704 778">
    <p class='ocr_par' dir='ltr' id='par_1_66' title="bbox 2126 698 3704 778">
     <span class='ocr_line' id='line_1_66' title="bbox 2126 698 3704 778; baseline 0.01 -28"><span class='ocrx_word' id='word_1_476' title='bbox 2126 698 2502 754; x_wconf 81' lang='lat' dir='ltr'><strong>arbitrabatur.</strong></span> <span class='ocrx_word' id='word_1_477' title='bbox 2535 702 2600 757; x_wconf 86' lang='lat' dir='ltr'><strong>Et</strong></span> <span class='ocrx_word' id='word_1_478' title='bbox 2627 703 2755 773; x_wconf 88' lang='lat' dir='ltr'><strong>quid</strong></span> <span class='ocrx_word' id='word_1_479' title='bbox 2801 703 2922 759; x_wconf 90' lang='lat' dir='ltr'><strong>dico</strong></span> <span class='ocrx_word' id='word_1_480' title='bbox 2971 704 3063 759; x_wconf 86' lang='lat' dir='ltr'><strong>filii</strong></span> <span class='ocrx_word' id='word_1_481' title='bbox 3103 705 3344 761; x_wconf 74' lang='lat' dir='ltr'><strong>czcdem?</strong></span> <span class='ocrx_word' id='word_1_482' title='bbox 3386 709 3704 778; x_wconf 65' lang='lat' dir='ltr'><strong>excogitavit</strong></span> 
     </span>
    </p>
   </div>
   <div class='ocr_carea' id='block_1_67' title="bbox 2125 792 3703 857">
    <p class='ocr_par' dir='ltr' id='par_1_67' title="bbox 2125 792 3703 857">
     <span class='ocr_line' id='line_1_67' title="bbox 2125 792 3703 857; baseline 0.006 -10"><span class='ocrx_word' id='word_1_483' title='bbox 2125 792 2271 847; x_wconf 86' lang='lat' dir='ltr'><strong>enim</strong></span> <span class='ocrx_word' id='word_1_484' title='bbox 2303 793 2593 850; x_wconf 84' lang='lat' dir='ltr'><strong>sceleratus</strong></span> <span class='ocrx_word' id='word_1_485' title='bbox 2644 796 2730 852; x_wconf 88' lang='lat' dir='ltr'><strong>ille</strong></span> <span class='ocrx_word' id='word_1_486' title='bbox 2759 805 2813 853; x_wconf 90' lang='lat' dir='ltr'><strong>et</strong></span> <span class='ocrx_word' id='word_1_487' title='bbox 2841 797 2940 852; x_wconf 88' lang='lat' dir='ltr'><strong>hac</strong></span> <span class='ocrx_word' id='word_1_488' title='bbox 2981 813 3193 854; x_wconf 91' lang='lat' dir='ltr'><strong>rursum</strong></span> <span class='ocrx_word' id='word_1_489' title='bbox 3236 800 3703 857; x_wconf 75' lang='lat' dir='ltr'><strong>exsecrabiliorem</strong></span> 
     </span>
    </p>
   </div>
   <div class='ocr_carea' id='block_1_68' title="bbox 2125 882 3707 962">
    <p class='ocr_par' dir='ltr' id='par_1_68' title="bbox 2125 882 3707 962">
     <span class='ocr_line' id='line_1_68' title="bbox 2125 882 3707 962; baseline 0.008 -27"><span class='ocrx_word' id='word_1_490' title='bbox 2125 882 2300 937; x_wconf 86' lang='lat' dir='ltr'><strong>moliri</strong></span> <span class='ocrx_word' id='word_1_491' title='bbox 2323 884 2525 940; x_wconf 67' lang='lat' dir='ltr'><strong>caulem</strong></span> <span class='ocrx_word' id='word_1_492' title='bbox 2549 889 2573 941; x_wconf 87' lang='lat'><strong>?</strong></span> <span class='ocrx_word' id='word_1_493' title='bbox 2599 886 2654 941; x_wconf 86' lang='lat' dir='ltr'><strong>Si</strong></span> <span class='ocrx_word' id='word_1_494' title='bbox 2673 888 2813 942; x_wconf 90' lang='lat' dir='ltr'><strong>enim</strong></span> <span class='ocrx_word' id='word_1_495' title='bbox 2837 890 3009 944; x_wconf 92' lang='lat' dir='ltr'><strong>sciens</strong></span> <span class='ocrx_word' id='word_1_496' title='bbox 3038 897 3327 958; x_wconf 88' lang='lat' dir='ltr'><strong>peccasset,</strong></span> <span class='ocrx_word' id='word_1_497' title='bbox 3359 899 3413 945; x_wconf 92' lang='lat' dir='ltr'><strong>et</strong></span> <span class='ocrx_word' id='word_1_498' title='bbox 3436 891 3707 962; x_wconf 91' lang='lat' dir='ltr'><strong>jugulatns</strong></span> 
     </span>
    </p>
   </div>
   <div class='ocr_carea' id='block_1_69' title="bbox 2128 974 3704 1052">
    <p class='ocr_par' dir='ltr' id='par_1_69' title="bbox 2128 974 3704 1052">
     <span class='ocr_line' id='line_1_69' title="bbox 2128 974 3704 1052; baseline 0.007 -25"><span class='ocrx_word' id='word_1_499' title='bbox 2128 974 2339 1040; x_wconf 86' lang='lat' dir='ltr'><strong>fuisset,</strong></span> <span class='ocrx_word' id='word_1_500' title='bbox 2374 977 2466 1031; x_wconf 89' lang='lat' dir='ltr'><strong>filii</strong></span> <span class='ocrx_word' id='word_1_501' title='bbox 2492 977 2666 1033; x_wconf 69' lang='lat' dir='ltr'><strong>ca&#39;des</strong></span> <span class='ocrx_word' id='word_1_502' title='bbox 2692 988 2894 1034; x_wconf 89' lang='lat' dir='ltr'><strong>tantum</strong></span> <span class='ocrx_word' id='word_1_503' title='bbox 2949 980 3001 1035; x_wconf 93' lang='lat' dir='ltr'><strong>id</strong></span> <span class='ocrx_word' id='word_1_504' title='bbox 3043 991 3158 1036; x_wconf 89' lang='lat' dir='ltr'><strong>erat</strong></span> <span class='ocrx_word' id='word_1_505' title='bbox 3191 1001 3204 1037; x_wconf 90' lang='lat'><strong>:</strong></span> <span class='ocrx_word' id='word_1_506' title='bbox 3259 998 3398 1052; x_wconf 81' lang='lat' dir='ltr'><strong>nunc</strong></span> <span class='ocrx_word' id='word_1_507' title='bbox 3436 993 3611 1038; x_wconf 92' lang='lat' dir='ltr'><strong>autem</strong></span> <span class='ocrx_word' id='word_1_508' title='bbox 3638 999 3704 1037; x_wconf 79' lang='lat' dir='ltr'><strong>ex</strong></span> 
     </span>
    </p>
   </div>
   <div class='ocr_carea' id='block_1_70' title="bbox 2123 1068 3700 1149">
    <p class='ocr_par' dir='ltr' id='par_1_70' title="bbox 2123 1068 3700 1149">
     <span class='ocr_line' id='line_1_70' title="bbox 2123 1068 3700 1149; baseline 0.01 -29"><span class='ocrx_word' id='word_1_509' title='bbox 2123 1068 2422 1137; x_wconf 75' lang='lat' dir='ltr'><strong>ignorantia</strong></span> <span class='ocrx_word' id='word_1_510' title='bbox 2442 1071 2814 1139; x_wconf 72' lang='lat' dir='ltr'><strong>prrevaricatus</strong></span> <span class='ocrx_word' id='word_1_511' title='bbox 2837 1073 2958 1144; x_wconf 90' lang='lat' dir='ltr'><strong>(nec</strong></span> <span class='ocrx_word' id='word_1_512' title='bbox 2973 1075 3114 1130; x_wconf 89' lang='lat' dir='ltr'><strong>enim</strong></span> <span class='ocrx_word' id='word_1_513' title='bbox 3137 1074 3673 1149; x_wconf 88' lang='lat' dir='ltr'><strong>audivitjuramcnta)</strong></span> <span class='ocrx_word' id='word_1_514' title='bbox 3687 1116 3700 1136; x_wconf 72' lang='grc' dir='ltr'><strong>ς</strong></span> 
     </span>
    </p>
   </div>
   <div class='ocr_carea' id='block_1_71' title="bbox 2123 1157 3704 1235">
    <p class='ocr_par' dir='ltr' id='par_1_71' title="bbox 2123 1157 3704 1235">
     <span class='ocr_line' id='line_1_71' title="bbox 2123 1157 3704 1235; baseline 0.008 -25"><span class='ocrx_word' id='word_1_515' title='bbox 2123 1157 2318 1214; x_wconf 89' lang='lat' dir='ltr'><strong>deinde</strong></span> <span class='ocrx_word' id='word_1_516' title='bbox 2342 1159 2671 1225; x_wconf 88' lang='lat' dir='ltr'><strong>interfectus,</strong></span> <span class='ocrx_word' id='word_1_517' title='bbox 2694 1163 2957 1233; x_wconf 91' lang='lat' dir='ltr'><strong>duplicem</strong></span> <span class='ocrx_word' id='word_1_518' title='bbox 2987 1167 3124 1235; x_wconf 84' lang='lat' dir='ltr'><strong>patri</strong></span> <span class='ocrx_word' id='word_1_519' title='bbox 3149 1165 3388 1221; x_wconf 88' lang='lat' dir='ltr'><strong>dolorem</strong></span> <span class='ocrx_word' id='word_1_520' title='bbox 3417 1167 3704 1223; x_wconf 89' lang='lat' dir='ltr'><strong>effecisset:</strong></span> 
     </span>
    </p>
   </div>
   <div class='ocr_carea' id='block_1_72' title="bbox 2123 1247 3700 1325">
    <p class='ocr_par' dir='ltr' id='par_1_72' title="bbox 2123 1247 3700 1325">
     <span class='ocr_line' id='line_1_72' title="bbox 2123 1247 3700 1325; baseline 0.008 -25"><span class='ocrx_word' id='word_1_521' title='bbox 2123 1247 2290 1302; x_wconf 84' lang='lat' dir='ltr'><strong>tilium</strong></span> <span class='ocrx_word' id='word_1_522' title='bbox 2312 1250 2475 1317; x_wconf 86' lang='lat' dir='ltr'><strong>enim,</strong></span> <span class='ocrx_word' id='word_1_523' title='bbox 2501 1261 2554 1306; x_wconf 88' lang='lat' dir='ltr'><strong>et</strong></span> <span class='ocrx_word' id='word_1_524' title='bbox 2583 1252 2746 1308; x_wconf 88' lang='lat' dir='ltr'><strong>tilium</strong></span> <span class='ocrx_word' id='word_1_525' title='bbox 2774 1254 2862 1324; x_wconf 91' lang='lat' dir='ltr'><strong>qui</strong></span> <span class='ocrx_word' id='word_1_526' title='bbox 2891 1255 3020 1310; x_wconf 91' lang='lat' dir='ltr'><strong>nihil</strong></span> <span class='ocrx_word' id='word_1_527' title='bbox 3054 1266 3365 1325; x_wconf 82' lang='lat' dir='ltr'><strong>peccaverat</strong></span> <span class='ocrx_word' id='word_1_528' title='bbox 3394 1299 3407 1322; x_wconf 92' lang='lat'><strong>,</strong></span> <span class='ocrx_word' id='word_1_529' title='bbox 3455 1258 3700 1313; x_wconf 85' lang='lat' dir='ltr'><strong>immola-</strong></span> 
     </span>
    </p>
   </div>
   <div class='ocr_carea' id='block_1_73' title="bbox 2128 1340 3702 1417">
    <p class='ocr_par' dir='ltr' id='par_1_73' title="bbox 2128 1340 3702 1417">
     <span class='ocr_line' id='line_1_73' title="bbox 2128 1340 3702 1417; baseline 0.007 -26"><span class='ocrx_word' id='word_1_530' title='bbox 2128 1346 2278 1393; x_wconf 90' lang='lat' dir='ltr'><strong>turus</strong></span> <span class='ocrx_word' id='word_1_531' title='bbox 2305 1348 2439 1394; x_wconf 85' lang='lat' dir='ltr'><strong>erat.</strong></span> <span class='ocrx_word' id='word_1_532' title='bbox 2464 1340 2569 1396; x_wconf 91' lang='lat' dir='ltr'><strong>Sed</strong></span> <span class='ocrx_word' id='word_1_533' title='bbox 2609 1341 2720 1412; x_wconf 90' lang='lat' dir='ltr'><strong>jam</strong></span> <span class='ocrx_word' id='word_1_534' title='bbox 2750 1343 2816 1398; x_wconf 90' lang='lat' dir='ltr'><strong>ad</strong></span> <span class='ocrx_word' id='word_1_535' title='bbox 2844 1344 3077 1400; x_wconf 65' lang='lat' dir='ltr'><strong>historiae</strong></span> <span class='ocrx_word' id='word_1_536' title='bbox 3109 1345 3313 1417; x_wconf 88' lang='lat' dir='ltr'><strong>reliqua</strong></span> <span class='ocrx_word' id='word_1_537' title='bbox 3338 1347 3572 1402; x_wconf 90' lang='lat' dir='ltr'><strong>eundum</strong></span> <span class='ocrx_word' id='word_1_538' title='bbox 3598 1357 3702 1404; x_wconf 90' lang='lat' dir='ltr'><strong>est.</strong></span> 
     </span>
    </p>
   </div>
   <div class='ocr_carea' id='block_1_74' title="bbox 2129 1429 3706 1512">
    <p class='ocr_par' dir='ltr' id='par_1_74' title="bbox 2129 1429 3706 1512">
     <span class='ocr_line' id='line_1_74' title="bbox 2129 1429 3706 1512; baseline 0.008 -29"><span class='ocrx_word' id='word_1_539' title='bbox 2129 1429 2412 1501; x_wconf 78' lang='lat' dir='ltr'><strong>Postquam</strong></span> <span class='ocrx_word' id='word_1_540' title='bbox 2440 1433 2584 1487; x_wconf 88' lang='lat' dir='ltr'><strong>enim</strong></span> <span class='ocrx_word' id='word_1_541' title='bbox 2638 1435 2906 1502; x_wconf 90' lang='lat' dir='ltr'><strong>comedit,</strong></span> <span class='ocrx_word' id='word_1_542' title='bbox 2935 1437 3280 1507; x_wconf 79' lang='lat' dir='ltr'><strong>Respexerunt</strong></span> <span class='ocrx_word' id='word_1_543' title='bbox 3321 1438 3455 1493; x_wconf 86' lang='lat' dir='ltr'><strong>oculi</strong></span> <span class='ocrx_word' id='word_1_544' title='bbox 3497 1439 3657 1512; x_wconf 78' lang='lat' dir='ltr'><strong>ipsius</strong></span> <span class='ocrx_word' id='word_1_545' title='bbox 3690 1482 3706 1508; x_wconf 90' lang='lat'><strong>,</strong></span> 
     </span>
    </p>
   </div>
   <div class='ocr_carea' id='block_1_75' title="bbox 2150 1519 3724 1594">
    <p class='ocr_par' dir='ltr' id='par_1_75' title="bbox 2150 1519 3724 1594">
     <span class='ocr_line' id='line_1_75' title="bbox 2150 1519 3724 1594; baseline 0.004 -20"><span class='ocrx_word' id='word_1_546' title='bbox 2150 1520 2343 1590; x_wconf 89' lang='lat' dir='ltr'><strong>inquit.</strong></span> <span class='ocrx_word' id='word_1_547' title='bbox 2362 1519 2584 1574; x_wconf 83' lang='lat' dir='ltr'><strong>Multam</strong></span> <span class='ocrx_word' id='word_1_548' title='bbox 2604 1528 2659 1576; x_wconf 89' lang='lat' dir='ltr'><strong>et</strong></span> <span class='ocrx_word' id='word_1_549' title='bbox 2678 1521 2805 1577; x_wconf 89' lang='lat' dir='ltr'><strong>hinc</strong></span> <span class='ocrx_word' id='word_1_550' title='bbox 2821 1522 2964 1594; x_wconf 87' lang='lat' dir='ltr'><strong>regis</strong></span> <span class='ocrx_word' id='word_1_551' title='bbox 2976 1533 3197 1580; x_wconf 90' lang='lat' dir='ltr'><strong>accusat</strong></span> <span class='ocrx_word' id='word_1_552' title='bbox 3217 1526 3522 1592; x_wconf 86' lang='lat' dir='ltr'><strong>stultitiam,</strong></span> <span class='ocrx_word' id='word_1_553' title='bbox 3541 1529 3724 1583; x_wconf 81' lang='lat' dir='ltr'><strong>decla-</strong></span> 
     </span>
    </p>
   </div>
   <div class='ocr_carea' id='block_1_76' title="bbox 2150 1615 3722 1687">
    <p class='ocr_par' dir='ltr' id='par_1_76' title="bbox 2150 1615 3722 1687">
     <span class='ocr_line' id='line_1_76' title="bbox 2150 1615 3722 1687; baseline 0.006 -19"><span class='ocrx_word' id='word_1_554' title='bbox 2150 1630 2278 1669; x_wconf 74' lang='lat' dir='ltr'><strong>rans</strong></span> <span class='ocrx_word' id='word_1_555' title='bbox 2299 1615 2498 1671; x_wconf 89' lang='lat' dir='ltr'><strong>milites</strong></span> <span class='ocrx_word' id='word_1_556' title='bbox 2513 1628 2743 1672; x_wconf 87' lang='lat' dir='ltr'><strong>eunetos</strong></span> <span class='ocrx_word' id='word_1_557' title='bbox 2756 1616 2868 1673; x_wconf 87' lang='lat' dir='ltr'><strong>fere</strong></span> <span class='ocrx_word' id='word_1_558' title='bbox 2883 1617 3079 1673; x_wconf 87' lang='lat' dir='ltr'><strong>famem</strong></span> <span class='ocrx_word' id='word_1_559' title='bbox 3097 1618 3481 1687; x_wconf 75' lang='lat' dir='ltr'><strong>ohczecasse,et</strong></span> <span class='ocrx_word' id='word_1_560' title='bbox 3494 1620 3722 1677; x_wconf 87' lang='lat' dir='ltr'><strong>multam</strong></span> 
     </span>
    </p>
   </div>
   <div class='ocr_carea' id='block_1_77' title="bbox 2147 1708 3723 1786">
    <p class='ocr_par' dir='ltr' id='par_1_77' title="bbox 2147 1708 3723 1786">
     <span class='ocr_line' id='line_1_77' title="bbox 2147 1708 3723 1786; baseline 0.005 -25"><span class='ocrx_word' id='word_1_561' title='bbox 2147 1708 2389 1778; x_wconf 87' lang='lat' dir='ltr'><strong>ipsorum</strong></span> <span class='ocrx_word' id='word_1_562' title='bbox 2422 1709 2598 1764; x_wconf 91' lang='lat' dir='ltr'><strong>oculis</strong></span> <span class='ocrx_word' id='word_1_563' title='bbox 2633 1708 2902 1766; x_wconf 82' lang='lat' dir='ltr'><strong>infudisse</strong></span> <span class='ocrx_word' id='word_1_564' title='bbox 2929 1710 3244 1781; x_wconf 92' lang='lat' dir='ltr'><strong>caliginem.</strong></span> <span class='ocrx_word' id='word_1_565' title='bbox 3267 1710 3465 1769; x_wconf 85' lang='lat' dir='ltr'><strong>Postea</strong></span> <span class='ocrx_word' id='word_1_566' title='bbox 3496 1716 3723 1786; x_wconf 88' lang='lat' dir='ltr'><strong>conspi-</strong></span> 
     </span>
    </p>
   </div>
   <div class='ocr_carea' id='block_1_78' title="bbox 2145 1797 3727 1874">
    <p class='ocr_par' dir='ltr' id='par_1_78' title="bbox 2145 1797 3727 1874">
     <span class='ocr_line' id='line_1_78' title="bbox 2145 1797 3727 1874; baseline 0.004 -22"><span class='ocrx_word' id='word_1_567' title='bbox 2145 1806 2298 1852; x_wconf 84' lang='lat' dir='ltr'><strong>catus</strong></span> <span class='ocrx_word' id='word_1_568' title='bbox 2319 1797 2538 1866; x_wconf 89' lang='lat' dir='ltr'><strong>quidam</strong></span> <span class='ocrx_word' id='word_1_569' title='bbox 2571 1797 2827 1862; x_wconf 84' lang='lat' dir='ltr'><strong>militum,</strong></span> <span class='ocrx_word' id='word_1_570' title='bbox 2852 1797 2965 1852; x_wconf 89' lang='lat' dir='ltr'><strong>ait:</strong></span> <span class='ocrx_word' id='word_1_571' title='bbox 2988 1798 3261 1869; x_wconf 79' lang='lat' dir='ltr'><strong>Adjurans</strong></span> <span class='ocrx_word' id='word_1_572' title='bbox 3291 1800 3557 1872; x_wconf 84' lang='lat' dir='ltr'><strong>adjuravit</strong></span> <span class='ocrx_word' id='word_1_573' title='bbox 3571 1815 3727 1874; x_wconf 82' lang='lat' dir='ltr'><strong>pater</strong></span> 
     </span>
    </p>
   </div>
   <div class='ocr_carea' id='block_1_79' title="bbox 2147 1889 3724 1965">
    <p class='ocr_par' dir='ltr' id='par_1_79' title="bbox 2147 1889 3724 1965">
     <span class='ocr_line' id='line_1_79' title="bbox 2147 1889 3724 1965; baseline 0.005 -23"><span class='ocrx_word' id='word_1_574' title='bbox 2147 1899 2266 1943; x_wconf 82' lang='lat' dir='ltr'><strong>tuus</strong></span> <span class='ocrx_word' id='word_1_575' title='bbox 2295 1889 2569 1960; x_wconf 78' lang='lat' dir='ltr'><strong>populum,</strong></span> <span class='ocrx_word' id='word_1_576' title='bbox 2597 1891 2776 1945; x_wconf 85' lang='lat' dir='ltr'><strong>dicens</strong></span> <span class='ocrx_word' id='word_1_577' title='bbox 2803 1906 2822 1946; x_wconf 91' lang='lat'><strong><em>:</em></strong></span> <span class='ocrx_word' id='word_1_578' title='bbox 2856 1889 3177 1947; x_wconf 76' lang='lat' dir='ltr'><strong>Maledictus</strong></span> <span class='ocrx_word' id='word_1_579' title='bbox 3209 1895 3289 1949; x_wconf 83' lang='lat' dir='ltr'><strong>vir</strong></span> <span class='ocrx_word' id='word_1_580' title='bbox 3311 1895 3406 1965; x_wconf 84' lang='lat' dir='ltr'><strong>qui</strong></span> <span class='ocrx_word' id='word_1_581' title='bbox 3438 1897 3724 1950; x_wconf 86' lang='lat' dir='ltr'><strong>comederit</strong></span> 
     </span>
    </p>
   </div>
   <div class='ocr_carea' id='block_1_80' title="bbox 2142 1983 3718 2055">
    <p class='ocr_par' dir='ltr' id='par_1_80' title="bbox 2142 1983 3718 2055">
     <span class='ocr_line' id='line_1_80' title="bbox 2142 1983 3718 2055; baseline 0.006 -21"><span class='ocrx_word' id='word_1_582' title='bbox 2142 1999 2330 2051; x_wconf 76' lang='lat' dir='ltr'><strong>partem</strong></span> <span class='ocrx_word' id='word_1_583' title='bbox 2350 1983 2506 2037; x_wconf 81' lang='lat' dir='ltr'><strong>hodie</strong></span> <span class='ocrx_word' id='word_1_584' title='bbox 2535 2000 2554 2038; x_wconf 87' lang='lat'><strong><em>:</em></strong></span> <span class='ocrx_word' id='word_1_585' title='bbox 2573 1992 2621 2037; x_wconf 88' lang='lat' dir='ltr'><strong>et</strong></span> <span class='ocrx_word' id='word_1_586' title='bbox 2641 1983 2833 2053; x_wconf 79' lang='lat' dir='ltr'><strong>defecit</strong></span> <span class='ocrx_word' id='word_1_587' title='bbox 2866 1985 3112 2055; x_wconf 84' lang='lat' dir='ltr'><strong>populus.</strong></span> <span class='ocrx_word' id='word_1_588' title='bbox 3144 1985 3214 2040; x_wconf 85' lang='lat' dir='ltr'><strong>Et</strong></span> <span class='ocrx_word' id='word_1_589' title='bbox 3239 1986 3381 2041; x_wconf 72' lang='lat' dir='ltr'><strong>dixit</strong></span> <span class='ocrx_word' id='word_1_590' title='bbox 3403 1985 3666 2043; x_wconf 78' lang='lat' dir='ltr'><strong>Jonathas</strong></span> <span class='ocrx_word' id='word_1_591' title='bbox 3696 2008 3718 2046; x_wconf 88' lang='lat'><strong><em>:</em></strong></span> 
     </span>
    </p>
   </div>
   <div class='ocr_carea' id='block_1_81' title="bbox 2145 2075 3720 2154">
    <p class='ocr_par' dir='ltr' id='par_1_81' title="bbox 2145 2075 3720 2154">
     <span class='ocr_line' id='line_1_81' title="bbox 2145 2075 3720 2154; baseline 0.006 -26"><span class='ocrx_word' id='word_1_592' title='bbox 2145 2075 2397 2129; x_wconf 78' lang='lat' dir='ltr'><strong>Dissolcit</strong></span> <span class='ocrx_word' id='word_1_593' title='bbox 2418 2086 2570 2145; x_wconf 85' lang='lat' dir='ltr'><strong>pater</strong></span> <span class='ocrx_word' id='word_1_594' title='bbox 2589 2094 2732 2132; x_wconf 87' lang='lat' dir='ltr'><strong>meus</strong></span> <span class='ocrx_word' id='word_1_595' title='bbox 2759 2087 2956 2133; x_wconf 83' lang='lat' dir='ltr'><strong>terram</strong></span> <span class='ocrx_word' id='word_1_596' title='bbox 2973 2079 3018 2151; x_wconf 88' lang='grc' dir='ltr'><strong>(Ι</strong></span> <span class='ocrx_word' id='word_1_597' title='bbox 3034 2119 3048 2134; x_wconf 94' lang='grc'><strong>.</strong></span> <span class='ocrx_word' id='word_1_598' title='bbox 3081 2079 3206 2152; x_wconf 84' lang='lat' dir='ltr'><strong>Reg.</strong></span> <span class='ocrx_word' id='word_1_599' title='bbox 3229 2080 3317 2136; x_wconf 69' lang='grc'><strong>14.</strong></span> <span class='ocrx_word' id='word_1_600' title='bbox 3333 2079 3424 2136; x_wconf 73' lang='lat'><strong>28.</strong></span> <span class='ocrx_word' id='word_1_601' title='bbox 3446 2081 3560 2154; x_wconf 77' lang='lat'><strong>29).</strong></span> <span class='ocrx_word' id='word_1_602' title='bbox 3575 2082 3720 2149; x_wconf 86' lang='lat' dir='ltr'><strong>Quid</strong></span> 
     </span>
    </p>
   </div>
   <div class='ocr_carea' id='block_1_82' title="bbox 2136 2165 3725 2239">
    <p class='ocr_par' dir='ltr' id='par_1_82' title="bbox 2136 2165 3725 2239">
     <span class='ocr_line' id='line_1_82' title="bbox 2136 2165 3725 2239; baseline 0.006 -21"><span class='ocrx_word' id='word_1_603' title='bbox 2136 2175 2242 2230; x_wconf 85' lang='lat' dir='ltr'><strong>est,</strong></span> <span class='ocrx_word' id='word_1_604' title='bbox 2283 2165 2857 2234; x_wconf 63' lang='lat' dir='ltr'><strong>DissolviHPerdidit,</strong></span> <span class='ocrx_word' id='word_1_605' title='bbox 2889 2169 3136 2239; x_wconf 90' lang='lat' dir='ltr'><strong>corrupit</strong></span> <span class='ocrx_word' id='word_1_606' title='bbox 3176 2185 3388 2227; x_wconf 90' lang='lat' dir='ltr'><strong>omnes.</strong></span> <span class='ocrx_word' id='word_1_607' title='bbox 3430 2170 3725 2227; x_wconf 89' lang='lat' dir='ltr'><strong>Temerato</strong></span> 
     </span>
    </p>
   </div>
   <div class='ocr_carea' id='block_1_83' title="bbox 2138 2255 3725 2327">
    <p class='ocr_par' dir='ltr' id='par_1_83' title="bbox 2138 2255 3725 2327">
     <span class='ocr_line' id='line_1_83' title="bbox 2138 2255 3725 2327; baseline 0.004 -18"><span class='ocrx_word' id='word_1_608' title='bbox 2138 2255 2304 2326; x_wconf 80' lang='lat' dir='ltr'><strong>igitur</strong></span> <span class='ocrx_word' id='word_1_609' title='bbox 2323 2255 2686 2327; x_wconf 81' lang='lat' dir='ltr'><strong>jurejurando</strong></span> <span class='ocrx_word' id='word_1_610' title='bbox 2704 2273 2896 2314; x_wconf 90' lang='lat' dir='ltr'><strong>omnes</strong></span> <span class='ocrx_word' id='word_1_611' title='bbox 2921 2260 3192 2325; x_wconf 90' lang='lat' dir='ltr'><strong>tacebant,</strong></span> <span class='ocrx_word' id='word_1_612' title='bbox 3222 2269 3276 2316; x_wconf 90' lang='lat' dir='ltr'><strong>et</strong></span> <span class='ocrx_word' id='word_1_613' title='bbox 3298 2277 3450 2316; x_wconf 88' lang='lat' dir='ltr'><strong>reum</strong></span> <span class='ocrx_word' id='word_1_614' title='bbox 3484 2277 3646 2316; x_wconf 89' lang='lat' dir='ltr'><strong>nemo</strong></span> <span class='ocrx_word' id='word_1_615' title='bbox 3667 2263 3725 2317; x_wconf 90' lang='lat' dir='ltr'><strong>in</strong></span> 
     </span>
    </p>
   </div>
   <div class='ocr_carea' id='block_1_84' title="bbox 2139 2346 3727 2418">
    <p class='ocr_par' dir='ltr' id='par_1_84' title="bbox 2139 2346 3727 2418">
     <span class='ocr_line' id='line_1_84' title="bbox 2139 2346 3727 2418; baseline 0.006 -20"><span class='ocrx_word' id='word_1_616' title='bbox 2139 2346 2377 2400; x_wconf 88' lang='lat' dir='ltr'><strong>medium</strong></span> <span class='ocrx_word' id='word_1_617' title='bbox 2404 2363 2566 2418; x_wconf 87' lang='lat' dir='ltr'><strong>agere</strong></span> <span class='ocrx_word' id='word_1_618' title='bbox 2585 2348 2841 2403; x_wconf 82' lang='lat' dir='ltr'><strong>audebat.</strong></span> <span class='ocrx_word' id='word_1_619' title='bbox 2872 2347 2991 2403; x_wconf 85' lang='lat' dir='ltr'><strong>Non</strong></span> <span class='ocrx_word' id='word_1_620' title='bbox 3026 2351 3300 2405; x_wconf 91' lang='lat' dir='ltr'><strong>modicum</strong></span> <span class='ocrx_word' id='word_1_621' title='bbox 3334 2359 3515 2406; x_wconf 90' lang='lat' dir='ltr'><strong>autem</strong></span> <span class='ocrx_word' id='word_1_622' title='bbox 3542 2351 3727 2408; x_wconf 87' lang='lat' dir='ltr'><strong>ethoc</strong></span> 
     </span>
    </p>
   </div>
   <div class='ocr_carea' id='block_1_85' title="bbox 2137 2439 3726 2512">
    <p class='ocr_par' dir='ltr' id='par_1_85' title="bbox 2137 2439 3726 2512">
     <span class='ocr_line' id='line_1_85' title="bbox 2137 2439 3726 2512; baseline 0.003 -19"><span class='ocrx_word' id='word_1_623' title='bbox 2137 2439 2282 2493; x_wconf 80' lang='lat' dir='ltr'><strong>aliud</strong></span> <span class='ocrx_word' id='word_1_624' title='bbox 2300 2441 2508 2494; x_wconf 85' lang='lat' dir='ltr'><strong>crimen</strong></span> <span class='ocrx_word' id='word_1_625' title='bbox 2534 2440 2735 2495; x_wconf 90' lang='lat' dir='ltr'><strong>factum</strong></span> <span class='ocrx_word' id='word_1_626' title='bbox 2756 2449 2868 2506; x_wconf 87' lang='lat' dir='ltr'><strong>est;</strong></span> <span class='ocrx_word' id='word_1_627' title='bbox 2890 2455 2997 2495; x_wconf 88' lang='lat' dir='ltr'><strong>non</strong></span> <span class='ocrx_word' id='word_1_628' title='bbox 3023 2442 3167 2497; x_wconf 90' lang='lat' dir='ltr'><strong>enim</strong></span> <span class='ocrx_word' id='word_1_629' title='bbox 3191 2444 3368 2497; x_wconf 84' lang='lat' dir='ltr'><strong>solum</strong></span> <span class='ocrx_word' id='word_1_630' title='bbox 3393 2444 3726 2512; x_wconf 87' lang='lat' dir='ltr'><strong>pejerantes,</strong></span> 
     </span>
    </p>
   </div>
   <div class='ocr_carea' id='block_1_86' title="bbox 2137 2529 3725 2603">
    <p class='ocr_par' dir='ltr' id='par_1_86' title="bbox 2137 2529 3725 2603">
     <span class='ocr_line' id='line_1_86' title="bbox 2137 2529 3725 2603; baseline 0.004 -21"><span class='ocrx_word' id='word_1_631' title='bbox 2137 2529 2299 2582; x_wconf 82' lang='lat' dir='ltr'><strong>sedet</strong></span> <span class='ocrx_word' id='word_1_632' title='bbox 2316 2531 2520 2585; x_wconf 85' lang='lat' dir='ltr'><strong>conscii</strong></span> <span class='ocrx_word' id='word_1_633' title='bbox 2543 2541 2597 2585; x_wconf 86' lang='lat' dir='ltr'><strong>et</strong></span> <span class='ocrx_word' id='word_1_634' title='bbox 2614 2533 2925 2603; x_wconf 81' lang='lat' dir='ltr'><strong>ohtegentes</strong></span> <span class='ocrx_word' id='word_1_635' title='bbox 2946 2534 3269 2589; x_wconf 91' lang='lat' dir='ltr'><strong>criminibus</strong></span> <span class='ocrx_word' id='word_1_636' title='bbox 3292 2535 3695 2590; x_wconf 88' lang='lat' dir='ltr'><strong>communicant</strong></span> <span class='ocrx_word' id='word_1_637' title='bbox 3710 2578 3725 2589; x_wconf 92' lang='lat'><strong>.</strong></span> 
     </span>
    </p>
   </div>
   <div class='ocr_carea' id='block_1_87' title="bbox 2207 2613 3684 2686">
    <p class='ocr_par' dir='ltr' id='par_1_87' title="bbox 2207 2613 3684 2686">
     <span class='ocr_line' id='line_1_87' title="bbox 2207 2613 3684 2686; baseline 0.003 -18"><span class='ocrx_word' id='word_1_638' title='bbox 2207 2613 2262 2668; x_wconf 72' lang='grc' dir='ltr'><strong>ι.</strong></span> <span class='ocrx_word' id='word_1_639' title='bbox 2291 2613 2488 2669; x_wconf 77' lang='lat' dir='ltr'><strong>Verum</strong></span> <span class='ocrx_word' id='word_1_640' title='bbox 2515 2614 2736 2684; x_wconf 88' lang='lat' dir='ltr'><strong>rcliquia</strong></span> <span class='ocrx_word' id='word_1_641' title='bbox 2766 2615 3054 2670; x_wconf 86' lang='lat' dir='ltr'><strong>videamus.</strong></span> <span class='ocrx_word' id='word_1_642' title='bbox 3088 2616 3152 2670; x_wconf 84' lang='lat' dir='ltr'><strong>Et</strong></span> <span class='ocrx_word' id='word_1_643' title='bbox 3198 2618 3357 2686; x_wconf 83' lang='lat' dir='ltr'><strong>inquit</strong></span> <span class='ocrx_word' id='word_1_644' title='bbox 3398 2617 3528 2674; x_wconf 70' lang='lat' dir='ltr'><strong>Sail</strong></span> <span class='ocrx_word' id='word_1_645' title='bbox 3548 2635 3568 2672; x_wconf 90' lang='lat'><strong><em>:</em></strong></span> <span class='ocrx_word' id='word_1_646' title='bbox 3611 2618 3684 2674; x_wconf 81' lang='lat' dir='ltr'><strong>De</strong></span> 
     </span>
    </p>
   </div>
   <div class='ocr_carea' id='block_1_88' title="bbox 2138 2705 3719 2778">
    <p class='ocr_par' dir='ltr' id='par_1_88' title="bbox 2138 2705 3719 2778">
     <span class='ocr_line' id='line_1_88' title="bbox 2138 2705 3719 2778; baseline 0.001 -18"><span class='ocrx_word' id='word_1_647' title='bbox 2138 2705 2438 2760; x_wconf 63' lang='lat' dir='ltr'><strong>scandamus</strong></span> <span class='ocrx_word' id='word_1_648' title='bbox 2473 2716 2584 2776; x_wconf 86' lang='lat' dir='ltr'><strong>post</strong></span> <span class='ocrx_word' id='word_1_649' title='bbox 2605 2707 2931 2776; x_wconf 81' lang='lat' dir='ltr'><strong>alienigenas,</strong></span> <span class='ocrx_word' id='word_1_650' title='bbox 2960 2717 3005 2761; x_wconf 90' lang='lat' dir='ltr'><strong>et</strong></span> <span class='ocrx_word' id='word_1_651' title='bbox 3031 2708 3330 2778; x_wconf 69' lang='lat' dir='ltr'><strong>diripuimus</strong></span> <span class='ocrx_word' id='word_1_652' title='bbox 3367 2724 3486 2763; x_wconf 88' lang='lat' dir='ltr'><strong>eos:</strong></span> <span class='ocrx_word' id='word_1_653' title='bbox 3513 2721 3562 2763; x_wconf 87' lang='lat' dir='ltr'><strong>et</strong></span> <span class='ocrx_word' id='word_1_654' title='bbox 3586 2710 3719 2764; x_wconf 70' lang='lat' dir='ltr'><strong>dixit</strong></span> 
     </span>
    </p>
   </div>
   <div class='ocr_carea' id='block_1_89' title="bbox 2136 2798 3719 2871">
    <p class='ocr_par' dir='ltr' id='par_1_89' title="bbox 2136 2798 3719 2871">
     <span class='ocr_line' id='line_1_89' title="bbox 2136 2798 3719 2871; baseline 0.001 -17"><span class='ocrx_word' id='word_1_655' title='bbox 2136 2799 2392 2865; x_wconf 71' lang='lat' dir='ltr'><strong>sacerdos,</strong></span> <span class='ocrx_word' id='word_1_656' title='bbox 2425 2798 2734 2853; x_wconf 73' lang='lat' dir='ltr'><strong>Accedimus</strong></span> <span class='ocrx_word' id='word_1_657' title='bbox 2759 2798 2856 2853; x_wconf 82' lang='lat' dir='ltr'><strong>huc</strong></span> <span class='ocrx_word' id='word_1_658' title='bbox 2878 2799 2946 2852; x_wconf 89' lang='lat' dir='ltr'><strong>ad</strong></span> <span class='ocrx_word' id='word_1_659' title='bbox 2973 2798 3136 2854; x_wconf 86' lang='lat' dir='ltr'><strong>Deum</strong></span> <span class='ocrx_word' id='word_1_660' title='bbox 3163 2799 3392 2870; x_wconf 86' lang='lat' dir='ltr'><strong>(Ibid.v.</strong></span> <span class='ocrx_word' id='word_1_661' title='bbox 3423 2800 3534 2871; x_wconf 77' lang='lat'><strong>36).</strong></span> <span class='ocrx_word' id='word_1_662' title='bbox 3559 2802 3719 2855; x_wconf 81' lang='lat' dir='ltr'><strong>Anti-</strong></span> 
     </span>
    </p>
   </div>
   <div class='ocr_carea' id='block_1_90' title="bbox 2137 2890 3720 2962">
    <p class='ocr_par' dir='ltr' id='par_1_90' title="bbox 2137 2890 3720 2962">
     <span class='ocr_line' id='line_1_90' title="bbox 2137 2890 3720 2962; baseline 0.002 -20"><span class='ocrx_word' id='word_1_663' title='bbox 2137 2893 2315 2962; x_wconf 83' lang='lat' dir='ltr'><strong>quitus</strong></span> <span class='ocrx_word' id='word_1_664' title='bbox 2338 2891 2484 2946; x_wconf 74' lang='lat' dir='ltr'><strong>enim</strong></span> <span class='ocrx_word' id='word_1_665' title='bbox 2511 2891 2652 2946; x_wconf 84' lang='lat' dir='ltr'><strong>Deus</strong></span> <span class='ocrx_word' id='word_1_666' title='bbox 2678 2890 2784 2945; x_wconf 77' lang='lat' dir='ltr'><strong>dux</strong></span> <span class='ocrx_word' id='word_1_667' title='bbox 2815 2901 2930 2945; x_wconf 89' lang='lat' dir='ltr'><strong>erat</strong></span> <span class='ocrx_word' id='word_1_668' title='bbox 2959 2891 3239 2957; x_wconf 88' lang='lat' dir='ltr'><strong>bellorum,</strong></span> <span class='ocrx_word' id='word_1_669' title='bbox 3269 2901 3322 2946; x_wconf 92' lang='lat' dir='ltr'><strong>et</strong></span> <span class='ocrx_word' id='word_1_670' title='bbox 3347 2891 3545 2962; x_wconf 86' lang='lat' dir='ltr'><strong>absque</strong></span> <span class='ocrx_word' id='word_1_671' title='bbox 3574 2891 3720 2946; x_wconf 89' lang='lat' dir='ltr'><strong>illius</strong></span> 
     </span>
    </p>
   </div>
   <div class='ocr_carea' id='block_1_91' title="bbox 2139 2983 3716 3054">
    <p class='ocr_par' dir='ltr' id='par_1_91' title="bbox 2139 2983 3716 3054">
     <span class='ocr_line' id='line_1_91' title="bbox 2139 2983 3716 3054; baseline 0.001 -16"><span class='ocrx_word' id='word_1_672' title='bbox 2139 2985 2399 3039; x_wconf 67' lang='lat' dir='ltr'><strong>sententia</strong></span> <span class='ocrx_word' id='word_1_673' title='bbox 2431 2997 2718 3053; x_wconf 87' lang='lat' dir='ltr'><strong>numquam</strong></span> <span class='ocrx_word' id='word_1_674' title='bbox 2741 2983 3000 3054; x_wconf 81' lang='lat' dir='ltr'><strong>attingere</strong></span> <span class='ocrx_word' id='word_1_675' title='bbox 3038 2999 3265 3053; x_wconf 81' lang='lat' dir='ltr'><strong>pugnam</strong></span> <span class='ocrx_word' id='word_1_676' title='bbox 3295 2985 3404 3038; x_wconf 86' lang='lat' dir='ltr'><strong>ausi</strong></span> <span class='ocrx_word' id='word_1_677' title='bbox 3446 2983 3669 3038; x_wconf 86' lang='lat' dir='ltr'><strong>fuissent</strong></span> <span class='ocrx_word' id='word_1_678' title='bbox 3699 3026 3716 3040; x_wconf 93' lang='lat'><strong>.</strong></span> 
     </span>
    </p>
   </div>
   <div class='ocr_carea' id='block_1_92' title="bbox 2140 3076 3719 3148">
    <p class='ocr_par' dir='ltr' id='par_1_92' title="bbox 2140 3076 3719 3148">
     <span class='ocr_line' id='line_1_92' title="bbox 2140 3076 3719 3148; baseline 0.001 -18"><span class='ocrx_word' id='word_1_679' title='bbox 2140 3087 2191 3130; x_wconf 88' lang='lat' dir='ltr'><strong>et</strong></span> <span class='ocrx_word' id='word_1_680' title='bbox 2213 3077 2413 3132; x_wconf 85' lang='lat' dir='ltr'><strong>bellum</strong></span> <span class='ocrx_word' id='word_1_681' title='bbox 2461 3077 2591 3146; x_wconf 83' lang='lat' dir='ltr'><strong>ipsis</strong></span> <span class='ocrx_word' id='word_1_682' title='bbox 2637 3076 2846 3148; x_wconf 88' lang='lat' dir='ltr'><strong>pietatis</strong></span> <span class='ocrx_word' id='word_1_683' title='bbox 2888 3077 3108 3132; x_wconf 87' lang='lat' dir='ltr'><strong>materia</strong></span> <span class='ocrx_word' id='word_1_684' title='bbox 3141 3077 3316 3131; x_wconf 80' lang='lat' dir='ltr'><strong>fiebat.</strong></span> <span class='ocrx_word' id='word_1_685' title='bbox 3346 3077 3452 3132; x_wconf 86' lang='lat' dir='ltr'><strong>Nec</strong></span> <span class='ocrx_word' id='word_1_686' title='bbox 3480 3078 3621 3132; x_wconf 88' lang='lat' dir='ltr'><strong>enim</strong></span> <span class='ocrx_word' id='word_1_687' title='bbox 3652 3095 3719 3132; x_wconf 74' lang='lat' dir='ltr'><strong>ex</strong></span> 
     </span>
    </p>
   </div>
   <div class='ocr_carea' id='block_1_93' title="bbox 2141 3170 3718 3241">
    <p class='ocr_par' dir='ltr' id='par_1_93' title="bbox 2141 3170 3718 3241">
     <span class='ocr_line' id='line_1_93' title="bbox 2141 3170 3718 3241; baseline -0.003 -16"><span class='ocrx_word' id='word_1_688' title='bbox 2141 3173 2382 3241; x_wconf 84' lang='lat' dir='ltr'><strong>corporis</strong></span> <span class='ocrx_word' id='word_1_689' title='bbox 2403 3170 2731 3236; x_wconf 89' lang='lat' dir='ltr'><strong>infirmitate,</strong></span> <span class='ocrx_word' id='word_1_690' title='bbox 2761 3170 2853 3225; x_wconf 88' lang='lat' dir='ltr'><strong>sed</strong></span> <span class='ocrx_word' id='word_1_691' title='bbox 2885 3180 3100 3240; x_wconf 87' lang='lat' dir='ltr'><strong>propter</strong></span> <span class='ocrx_word' id='word_1_692' title='bbox 3119 3181 3332 3241; x_wconf 86' lang='lat' dir='ltr'><strong>peccata</strong></span> <span class='ocrx_word' id='word_1_693' title='bbox 3353 3170 3718 3230; x_wconf 84' lang='lat' dir='ltr'><strong>vincebantur.</strong></span> 
     </span>
    </p>
   </div>
   <div class='ocr_carea' id='block_1_94' title="bbox 2143 3261 3721 3333">
    <p class='ocr_par' dir='ltr' id='par_1_94' title="bbox 2143 3261 3721 3333">
     <span class='ocr_line' id='line_1_94' title="bbox 2143 3261 3721 3333; baseline -0.002 -17"><span class='ocrx_word' id='word_1_694' title='bbox 2143 3263 2186 3316; x_wconf 84' lang='lat' dir='ltr'><strong>si</strong></span> <span class='ocrx_word' id='word_1_695' title='bbox 2207 3261 2428 3333; x_wconf 65' lang='lat' dir='ltr'><strong>quando</strong></span> <span class='ocrx_word' id='word_1_696' title='bbox 2453 3262 2577 3316; x_wconf 83' lang='lat' dir='ltr'><strong>victi</strong></span> <span class='ocrx_word' id='word_1_697' title='bbox 2603 3271 2760 3317; x_wconf 88' lang='lat' dir='ltr'><strong>sunt:</strong></span> <span class='ocrx_word' id='word_1_698' title='bbox 2795 3277 2893 3316; x_wconf 88' lang='lat' dir='ltr'><strong>nec</strong></span> <span class='ocrx_word' id='word_1_699' title='bbox 2915 3262 3145 3330; x_wconf 88' lang='lat' dir='ltr'><strong>potentia</strong></span> <span class='ocrx_word' id='word_1_700' title='bbox 3177 3273 3229 3315; x_wconf 88' lang='lat' dir='ltr'><strong>et</strong></span> <span class='ocrx_word' id='word_1_701' title='bbox 3255 3261 3558 3315; x_wconf 78' lang='lat' dir='ltr'><strong>fortitudine</strong></span> <span class='ocrx_word' id='word_1_702' title='bbox 3585 3303 3600 3324; x_wconf 88' lang='lat'><strong>,</strong></span> <span class='ocrx_word' id='word_1_703' title='bbox 3623 3261 3721 3314; x_wconf 80' lang='lat' dir='ltr'><strong>sed</strong></span> 
     </span>
    </p>
   </div>
   <div class='ocr_carea' id='block_1_95' title="bbox 2144 3353 3718 3425">
    <p class='ocr_par' dir='ltr' id='par_1_95' title="bbox 2144 3353 3718 3425">
     <span class='ocr_line' id='line_1_95' title="bbox 2144 3353 3718 3425; baseline -0.004 -14"><span class='ocrx_word' id='word_1_704' title='bbox 2144 3367 2372 3425; x_wconf 82' lang='lat' dir='ltr'><strong>superna</strong></span> <span class='ocrx_word' id='word_1_705' title='bbox 2402 3355 2764 3410; x_wconf 81' lang='lat' dir='ltr'><strong>benevolentia</strong></span> <span class='ocrx_word' id='word_1_706' title='bbox 2801 3354 3102 3419; x_wconf 84' lang='lat' dir='ltr'><strong>vincebant,</strong></span> <span class='ocrx_word' id='word_1_707' title='bbox 3135 3353 3573 3424; x_wconf 88' lang='lat' dir='ltr'><strong>quandocumque</strong></span> <span class='ocrx_word' id='word_1_708' title='bbox 3597 3353 3718 3407; x_wconf 82' lang='lat' dir='ltr'><strong>vin-</strong></span> 
     </span>
    </p>
   </div>
   <div class='ocr_carea' id='block_1_96' title="bbox 2145 3439 3725 3514">
    <p class='ocr_par' dir='ltr' id='par_1_96' title="bbox 2145 3439 3725 3514">
     <span class='ocr_line' id='line_1_96' title="bbox 2145 3439 3725 3514; baseline -0.004 -10"><span class='ocrx_word' id='word_1_709' title='bbox 2145 3448 2376 3504; x_wconf 77' lang='lat' dir='ltr'><strong>cebnnt:</strong></span> <span class='ocrx_word' id='word_1_710' title='bbox 2409 3456 2463 3503; x_wconf 91' lang='lat' dir='ltr'><strong>et</strong></span> <span class='ocrx_word' id='word_1_711' title='bbox 2499 3447 2720 3502; x_wconf 83' lang='lat' dir='ltr'><strong>victoria</strong></span> <span class='ocrx_word' id='word_1_712' title='bbox 2735 3439 2811 3505; x_wconf 69' lang='lat' dir='ltr'><strong>~et</strong></span> <span class='ocrx_word' id='word_1_713' title='bbox 2836 3446 3016 3501; x_wconf 89' lang='lat' dir='ltr'><strong>clades</strong></span> <span class='ocrx_word' id='word_1_714' title='bbox 3053 3445 3364 3500; x_wconf 82' lang='lat' dir='ltr'><strong>exercitatio</strong></span> <span class='ocrx_word' id='word_1_715' title='bbox 3392 3445 3518 3514; x_wconf 60' lang='grc' dir='ltr'>ῑιιειίε</span> <span class='ocrx_word' id='word_1_716' title='bbox 3542 3453 3596 3498; x_wconf 92' lang='lat' dir='ltr'><strong>et</strong></span> <span class='ocrx_word' id='word_1_717' title='bbox 3617 3447 3725 3498; x_wconf 57' lang='lat' dir='ltr'><strong>vir-</strong></span> 
     </span>
    </p>
   </div>
   <div class='ocr_carea' id='block_1_97' title="bbox 2147 3539 3724 3609">
    <p class='ocr_par' dir='ltr' id='par_1_97' title="bbox 2147 3539 3724 3609">
     <span class='ocr_line' id='line_1_97' title="bbox 2147 3539 3724 3609; baseline -0.002 -13"><span class='ocrx_word' id='word_1_718' title='bbox 2147 3542 2276 3596; x_wconf 64' lang='lat' dir='ltr'><strong>tiu-tis</strong></span> <span class='ocrx_word' id='word_1_719' title='bbox 2301 3541 2580 3596; x_wconf 84' lang='lat' dir='ltr'><strong>instructio</strong></span> <span class='ocrx_word' id='word_1_720' title='bbox 2609 3549 2724 3596; x_wconf 90' lang='lat' dir='ltr'><strong>erat</strong></span> <span class='ocrx_word' id='word_1_721' title='bbox 2749 3558 2762 3594; x_wconf 91' lang='lat'>:</span> <span class='ocrx_word' id='word_1_722' title='bbox 2796 3555 2894 3594; x_wconf 88' lang='lat' dir='ltr'><strong>nec</strong></span> <span class='ocrx_word' id='word_1_723' title='bbox 2925 3541 3054 3609; x_wconf 90' lang='lat' dir='ltr'><strong>ipsis</strong></span> <span class='ocrx_word' id='word_1_724' title='bbox 3081 3549 3304 3607; x_wconf 89' lang='lat' dir='ltr'><strong>tantum,</strong></span> <span class='ocrx_word' id='word_1_725' title='bbox 3333 3539 3426 3594; x_wconf 86' lang='lat' dir='ltr'><strong>sed</strong></span> <span class='ocrx_word' id='word_1_726' title='bbox 3454 3540 3612 3593; x_wconf 85' lang='lat' dir='ltr'><strong>etiam</strong></span> <span class='ocrx_word' id='word_1_727' title='bbox 3639 3539 3724 3608; x_wconf 89' lang='lat' dir='ltr'><strong>ip-</strong></span> 
     </span>
    </p>
   </div>
   <div class='ocr_carea' id='block_1_98' title="bbox 2147 3631 3726 3704">
    <p class='ocr_par' dir='ltr' id='par_1_98' title="bbox 2147 3631 3726 3704">
     <span class='ocr_line' id='line_1_98' title="bbox 2147 3631 3726 3704; baseline -0.003 -17"><span class='ocrx_word' id='word_1_728' title='bbox 2147 3645 2238 3688; x_wconf 80' lang='lat' dir='ltr'><strong>Sos</strong></span> <span class='ocrx_word' id='word_1_729' title='bbox 2263 3633 2707 3704; x_wconf 81' lang='lat' dir='ltr'><strong>oppugnantibus.</strong></span> <span class='ocrx_word' id='word_1_730' title='bbox 2733 3632 2940 3687; x_wconf 84' lang='lat' dir='ltr'><strong>Etenim</strong></span> <span class='ocrx_word' id='word_1_731' title='bbox 2968 3631 3070 3686; x_wconf 89' lang='lat' dir='ltr'><strong>hoc</strong></span> <span class='ocrx_word' id='word_1_732' title='bbox 3090 3632 3217 3703; x_wconf 89' lang='lat' dir='ltr'><strong>ipsis</strong></span> <span class='ocrx_word' id='word_1_733' title='bbox 3240 3631 3726 3695; x_wconf 90' lang='lat' dir='ltr'><strong>manifestumerat,</strong></span> 
     </span>
    </p>
   </div>
   <div class='ocr_carea' id='block_1_99' title="bbox 2147 3721 3728 3795">
    <p class='ocr_par' dir='ltr' id='par_1_99' title="bbox 2147 3721 3728 3795">
     <span class='ocr_line' id='line_1_99' title="bbox 2147 3721 3728 3795; baseline -0.001 -20"><span class='ocrx_word' id='word_1_734' title='bbox 2147 3724 2287 3795; x_wconf 80' lang='lat' dir='ltr'><strong>quod</strong></span> <span class='ocrx_word' id='word_1_735' title='bbox 2318 3741 2422 3778; x_wconf 92' lang='lat' dir='ltr'><strong>non</strong></span> <span class='ocrx_word' id='word_1_736' title='bbox 2463 3739 2731 3778; x_wconf 84' lang='lat' dir='ltr'><strong>armorum</strong></span> <span class='ocrx_word' id='word_1_737' title='bbox 2765 3733 2949 3777; x_wconf 90' lang='lat' dir='ltr'><strong>natura</strong></span> <span class='ocrx_word' id='word_1_738' title='bbox 2978 3764 2993 3789; x_wconf 91' lang='lat'><strong>,</strong></span> <span class='ocrx_word' id='word_1_739' title='bbox 3044 3723 3138 3777; x_wconf 89' lang='lat' dir='ltr'><strong>sed</strong></span> <span class='ocrx_word' id='word_1_740' title='bbox 3183 3722 3489 3776; x_wconf 88' lang='lat' dir='ltr'><strong>bellantium</strong></span> <span class='ocrx_word' id='word_1_741' title='bbox 3521 3721 3628 3774; x_wconf 83' lang='lat' dir='ltr'><strong>vita</strong></span> <span class='ocrx_word' id='word_1_742' title='bbox 3673 3727 3728 3774; x_wconf 88' lang='lat' dir='ltr'><strong>ct</strong></span> 
     </span>
    </p>
   </div>
   <div class='ocr_carea' id='block_1_100' title="bbox 2149 3811 3728 3880">
    <p class='ocr_par' dir='ltr' id='par_1_100' title="bbox 2149 3811 3728 3880">
     <span class='ocr_line' id='line_1_100' title="bbox 2149 3811 3728 3880; baseline -0.003 -11"><span class='ocrx_word' id='word_1_743' title='bbox 2149 3815 2351 3870; x_wconf 81' lang='lat' dir='ltr'><strong>meritis</strong></span> <span class='ocrx_word' id='word_1_744' title='bbox 2380 3830 2499 3870; x_wconf 87' lang='lat' dir='ltr'><strong>cum</strong></span> <span class='ocrx_word' id='word_1_745' title='bbox 2524 3814 2719 3869; x_wconf 71' lang='lat' dir='ltr'><strong>Judmis</strong></span> <span class='ocrx_word' id='word_1_746' title='bbox 2742 3814 2940 3869; x_wconf 87' lang='lat' dir='ltr'><strong>bellum</strong></span> <span class='ocrx_word' id='word_1_747' title='bbox 2968 3813 3372 3868; x_wconf 89' lang='lat' dir='ltr'><strong>decernebatur.</strong></span> <span class='ocrx_word' id='word_1_748' title='bbox 3403 3811 3513 3866; x_wconf 89' lang='lat' dir='ltr'><strong>lloc</strong></span> <span class='ocrx_word' id='word_1_749' title='bbox 3546 3811 3728 3880; x_wconf 84' lang='lat' dir='ltr'><strong>itaque</strong></span> 
     </span>
    </p>
   </div>
   <div class='ocr_carea' id='block_1_101' title="bbox 2149 3901 3732 3973">
    <p class='ocr_par' dir='ltr' id='par_1_101' title="bbox 2149 3901 3732 3973">
     <span class='ocr_line' id='line_1_101' title="bbox 2149 3901 3732 3973; baseline -0.003 -12"><span class='ocrx_word' id='word_1_750' title='bbox 2149 3907 2381 3961; x_wconf 80' lang='lat' dir='ltr'><strong>scientes</strong></span> <span class='ocrx_word' id='word_1_751' title='bbox 2433 3905 2738 3972; x_wconf 80' lang='lat' dir='ltr'><strong>Madianaei,</strong></span> <span class='ocrx_word' id='word_1_752' title='bbox 2788 3914 2842 3960; x_wconf 92' lang='lat' dir='ltr'><strong>et</strong></span> <span class='ocrx_word' id='word_1_753' title='bbox 2887 3914 3270 3973; x_wconf 81' lang='lat' dir='ltr'><strong>cognoscentes</strong></span> <span class='ocrx_word' id='word_1_754' title='bbox 3321 3913 3534 3973; x_wconf 82' lang='lat' dir='ltr'><strong>gentem</strong></span> <span class='ocrx_word' id='word_1_755' title='bbox 3583 3901 3732 3958; x_wconf 86' lang='lat' dir='ltr'><strong>illam</strong></span> 
     </span>
    </p>
   </div>
   <div class='ocr_carea' id='block_1_102' title="bbox 2151 3997 3730 4070">
    <p class='ocr_par' dir='ltr' id='par_1_102' title="bbox 2151 3997 3730 4070">
     <span class='ocr_line' id='line_1_102' title="bbox 2151 3997 3730 4070; baseline -0.003 -15"><span class='ocrx_word' id='word_1_756' title='bbox 2151 3999 2610 4070; x_wconf 77' lang='lat' dir='ltr'><strong>inexpugnabilem</strong></span> <span class='ocrx_word' id='word_1_757' title='bbox 2639 4013 2757 4054; x_wconf 85' lang='lat' dir='ltr'><strong>esse</strong></span> <span class='ocrx_word' id='word_1_758' title='bbox 2789 4039 2805 4065; x_wconf 98' lang='lat'><strong>,</strong></span> <span class='ocrx_word' id='word_1_759' title='bbox 2848 4009 2901 4053; x_wconf 90' lang='lat' dir='ltr'><strong>et</strong></span> <span class='ocrx_word' id='word_1_760' title='bbox 2943 3997 3203 4052; x_wconf 87' lang='lat' dir='ltr'><strong>machinis</strong></span> <span class='ocrx_word' id='word_1_761' title='bbox 3243 3997 3454 4068; x_wconf 91' lang='lat' dir='ltr'><strong>quidem</strong></span> <span class='ocrx_word' id='word_1_762' title='bbox 3485 4006 3539 4052; x_wconf 89' lang='lat' dir='ltr'><strong>et</strong></span> <span class='ocrx_word' id='word_1_763' title='bbox 3565 3997 3730 4052; x_wconf 89' lang='lat' dir='ltr'><strong>armis</strong></span> 
     </span>
    </p>
   </div>
   <div class='ocr_carea' id='block_1_103' title="bbox 2150 4087 3728 4162">
    <p class='ocr_par' dir='ltr' id='par_1_103' title="bbox 2150 4087 3728 4162">
     <span class='ocr_line' id='line_1_103' title="bbox 2150 4087 3728 4162; baseline -0.004 -15"><span class='ocrx_word' id='word_1_764' title='bbox 2150 4093 2438 4162; x_wconf 81' lang='lat' dir='ltr'><strong>expugnari</strong></span> <span class='ocrx_word' id='word_1_765' title='bbox 2468 4106 2574 4146; x_wconf 84' lang='lat' dir='ltr'><strong>non</strong></span> <span class='ocrx_word' id='word_1_766' title='bbox 2601 4104 2789 4160; x_wconf 80' lang='lat' dir='ltr'><strong>posse,</strong></span> <span class='ocrx_word' id='word_1_767' title='bbox 2823 4099 3042 4159; x_wconf 88' lang='lat' dir='ltr'><strong>peccato</strong></span> <span class='ocrx_word' id='word_1_768' title='bbox 3067 4103 3199 4143; x_wconf 91' lang='lat' dir='ltr'><strong>vero</strong></span> <span class='ocrx_word' id='word_1_769' title='bbox 3225 4097 3425 4143; x_wconf 87' lang='lat' dir='ltr'><strong>tantum</strong></span> <span class='ocrx_word' id='word_1_770' title='bbox 3459 4087 3601 4156; x_wconf 88' lang='lat' dir='ltr'><strong>ipsos</strong></span> <span class='ocrx_word' id='word_1_771' title='bbox 3642 4101 3728 4141; x_wconf 88' lang='lat' dir='ltr'><strong>ca-</strong></span> 
     </span>
    </p>
   </div>
   <div class='ocr_carea' id='block_1_104' title="bbox 2150 4181 3729 4255">
    <p class='ocr_par' dir='ltr' id='par_1_104' title="bbox 2150 4181 3729 4255">
     <span class='ocr_line' id='line_1_104' title="bbox 2150 4181 3729 4255; baseline -0.003 -18"><span class='ocrx_word' id='word_1_772' title='bbox 2150 4198 2279 4255; x_wconf 83' lang='lat' dir='ltr'><strong>pere</strong></span> <span class='ocrx_word' id='word_1_773' title='bbox 2308 4183 2460 4237; x_wconf 86' lang='lat' dir='ltr'><strong>facile</strong></span> <span class='ocrx_word' id='word_1_774' title='bbox 2485 4197 2604 4237; x_wconf 87' lang='lat' dir='ltr'><strong>esse</strong></span> <span class='ocrx_word' id='word_1_775' title='bbox 2637 4223 2652 4248; x_wconf 93' lang='lat'><strong>,</strong></span> <span class='ocrx_word' id='word_1_776' title='bbox 2694 4181 2928 4250; x_wconf 86' lang='lat' dir='ltr'><strong>virgines</strong></span> <span class='ocrx_word' id='word_1_777' title='bbox 2954 4181 3222 4250; x_wconf 85' lang='lat' dir='ltr'><strong>speciosas</strong></span> <span class='ocrx_word' id='word_1_778' title='bbox 3248 4189 3502 4234; x_wconf 89' lang='lat' dir='ltr'><strong>ornantes</strong></span> <span class='ocrx_word' id='word_1_779' title='bbox 3531 4187 3585 4232; x_wconf 92' lang='lat' dir='ltr'><strong>ct</strong></span> <span class='ocrx_word' id='word_1_780' title='bbox 3606 4187 3729 4233; x_wconf 84' lang='lat' dir='ltr'><strong>ante</strong></span> 
     </span>
    </p>
   </div>
   <div class='ocr_carea' id='block_1_105' title="bbox 2151 4270 3730 4341">
    <p class='ocr_par' dir='ltr' id='par_1_105' title="bbox 2151 4270 3730 4341">
     <span class='ocr_line' id='line_1_105' title="bbox 2151 4270 3730 4341; baseline -0.006 -9"><span class='ocrx_word' id='word_1_781' title='bbox 2151 4287 2322 4332; x_wconf 66' lang='lat' dir='ltr'><strong>casum</strong></span> <span class='ocrx_word' id='word_1_782' title='bbox 2351 4285 2645 4332; x_wconf 72' lang='lat' dir='ltr'><strong>Statuentes</strong></span> <span class='ocrx_word' id='word_1_783' title='bbox 2665 4317 2678 4340; x_wconf 89' lang='lat'><strong>,</strong></span> <span class='ocrx_word' id='word_1_784' title='bbox 2710 4274 2776 4328; x_wconf 86' lang='lat' dir='ltr'><strong>ad</strong></span> <span class='ocrx_word' id='word_1_785' title='bbox 2803 4274 3076 4329; x_wconf 86' lang='lat' dir='ltr'><strong>lasciviam</strong></span> <span class='ocrx_word' id='word_1_786' title='bbox 3103 4272 3300 4326; x_wconf 88' lang='lat' dir='ltr'><strong>milites</strong></span> <span class='ocrx_word' id='word_1_787' title='bbox 3325 4270 3686 4341; x_wconf 77' lang='lat' dir='ltr'><strong>provocabunt</strong></span> <span class='ocrx_word' id='word_1_788' title='bbox 3712 4311 3730 4335; x_wconf 91' lang='lat'><strong>,</strong></span> 
     </span>
    </p>
   </div>
   <div class='ocr_carea' id='block_1_106' title="bbox 2154 4361 3732 4438">
    <p class='ocr_par' dir='ltr' id='par_1_106' title="bbox 2154 4361 3732 4438">
     <span class='ocr_line' id='line_1_106' title="bbox 2154 4361 3732 4438; baseline -0.005 -15"><span class='ocrx_word' id='word_1_789' title='bbox 2154 4383 2248 4438; x_wconf 89' lang='lat' dir='ltr'><strong>per</strong></span> <span class='ocrx_word' id='word_1_790' title='bbox 2277 4367 2675 4422; x_wconf 85' lang='lat' dir='ltr'><strong>fornicationem</strong></span> <span class='ocrx_word' id='word_1_791' title='bbox 2707 4365 2798 4420; x_wconf 89' lang='lat' dir='ltr'><strong>Dei</strong></span> <span class='ocrx_word' id='word_1_792' title='bbox 2849 4365 3107 4418; x_wconf 83' lang='lat' dir='ltr'><strong>auxilium</strong></span> <span class='ocrx_word' id='word_1_793' title='bbox 3156 4362 3367 4417; x_wconf 87' lang='lat' dir='ltr'><strong>auferre</strong></span> <span class='ocrx_word' id='word_1_794' title='bbox 3413 4361 3732 4416; x_wconf 87' lang='lat' dir='ltr'><strong>studentes:</strong></span> 
     </span>
    </p>
   </div>
   <div class='ocr_carea' id='block_1_107' title="bbox 2155 4456 3736 4531">
    <p class='ocr_par' dir='ltr' id='par_1_107' title="bbox 2155 4456 3736 4531">
     <span class='ocr_line' id='line_1_107' title="bbox 2155 4456 3736 4531; baseline -0.003 -20"><span class='ocrx_word' id='word_1_795' title='bbox 2155 4460 2296 4531; x_wconf 88' lang='lat' dir='ltr'><strong>quod</strong></span> <span class='ocrx_word' id='word_1_796' title='bbox 2328 4459 2541 4530; x_wconf 87' lang='lat' dir='ltr'><strong>quidem</strong></span> <span class='ocrx_word' id='word_1_797' title='bbox 2567 4468 2625 4514; x_wconf 88' lang='lat' dir='ltr'><strong>et</strong></span> <span class='ocrx_word' id='word_1_798' title='bbox 2668 4458 2864 4513; x_wconf 89' lang='lat' dir='ltr'><strong>evenit.</strong></span> <span class='ocrx_word' id='word_1_799' title='bbox 2895 4457 3177 4525; x_wconf 65' lang='lat' dir='ltr'><strong>Postquam</strong></span> <span class='ocrx_word' id='word_1_800' title='bbox 3207 4456 3346 4509; x_wconf 87' lang='lat' dir='ltr'><strong>enim</strong></span> <span class='ocrx_word' id='word_1_801' title='bbox 3374 4456 3424 4508; x_wconf 93' lang='lat' dir='ltr'><strong>in</strong></span> <span class='ocrx_word' id='word_1_802' title='bbox 3458 4463 3736 4524; x_wconf 80' lang='lat' dir='ltr'><strong>peccatum</strong></span> 
     </span>
    </p>
   </div>
   <div class='ocr_carea' id='block_1_108' title="bbox 2157 4548 3738 4619">
    <p class='ocr_par' dir='ltr' id='par_1_108' title="bbox 2157 4548 3738 4619">
     <span class='ocr_line' id='line_1_108' title="bbox 2157 4548 3738 4619; baseline -0.004 -12"><span class='ocrx_word' id='word_1_803' title='bbox 2157 4553 2491 4619; x_wconf 86' lang='lat' dir='ltr'><strong>inciderunt,</strong></span> <span class='ocrx_word' id='word_1_804' title='bbox 2517 4553 2766 4608; x_wconf 80' lang='lat' dir='ltr'><strong>omnibus</strong></span> <span class='ocrx_word' id='word_1_805' title='bbox 2793 4551 2912 4604; x_wconf 81' lang='lat' dir='ltr'><strong>lacti</strong></span> <span class='ocrx_word' id='word_1_806' title='bbox 2941 4559 3066 4606; x_wconf 88' lang='lat' dir='ltr'><strong>sunt</strong></span> <span class='ocrx_word' id='word_1_807' title='bbox 3086 4548 3497 4619; x_wconf 82' lang='lat' dir='ltr'><strong>cxpugnabilcs:</strong></span> <span class='ocrx_word' id='word_1_808' title='bbox 3527 4557 3580 4601; x_wconf 92' lang='lat' dir='ltr'><strong>ct</strong></span> <span class='ocrx_word' id='word_1_809' title='bbox 3601 4561 3738 4616; x_wconf 74' lang='lat' dir='ltr'><strong>quos</strong></span> 
     </span>
    </p>
   </div>
   <div class='ocr_carea' id='block_1_109' title="bbox 2158 4643 3740 4716">
    <p class='ocr_par' dir='ltr' id='par_1_109' title="bbox 2158 4643 3740 4716">
     <span class='ocr_line' id='line_1_109' title="bbox 2158 4643 3740 4716; baseline -0.004 -17"><span class='ocrx_word' id='word_1_810' title='bbox 2158 4657 2305 4700; x_wconf 83' lang='lat' dir='ltr'><strong>arma</strong></span> <span class='ocrx_word' id='word_1_811' title='bbox 2333 4655 2389 4700; x_wconf 88' lang='lat' dir='ltr'><strong>et</strong></span> <span class='ocrx_word' id='word_1_812' title='bbox 2431 4646 2554 4716; x_wconf 85' lang='lat' dir='ltr'><strong>equi</strong></span> <span class='ocrx_word' id='word_1_813' title='bbox 2579 4653 2638 4699; x_wconf 86' lang='lat' dir='ltr'><strong>et</strong></span> <span class='ocrx_word' id='word_1_814' title='bbox 2664 4643 2858 4698; x_wconf 87' lang='lat' dir='ltr'><strong>milites</strong></span> <span class='ocrx_word' id='word_1_815' title='bbox 2888 4651 2942 4696; x_wconf 93' lang='lat' dir='ltr'><strong>et</strong></span> <span class='ocrx_word' id='word_1_816' title='bbox 2981 4651 3052 4695; x_wconf 90' lang='lat' dir='ltr'><strong>tot</strong></span> <span class='ocrx_word' id='word_1_817' title='bbox 3082 4643 3505 4696; x_wconf 87' lang='lat' dir='ltr'><strong>machinamenta</strong></span> <span class='ocrx_word' id='word_1_818' title='bbox 3544 4651 3740 4707; x_wconf 78' lang='lat' dir='ltr'><strong>Capet&#39;e</strong></span> 
     </span>
    </p>
   </div>
   <div class='ocr_carea' id='block_1_110' title="bbox 2158 4731 3736 4808">
    <p class='ocr_par' dir='ltr' id='par_1_110' title="bbox 2158 4731 3736 4808">
     <span class='ocr_line' id='line_1_110' title="bbox 2158 4731 3736 4808; baseline -0.005 -16"><span class='ocrx_word' id='word_1_819' title='bbox 2158 4755 2262 4800; x_wconf 80' lang='lat' dir='ltr'><strong>non</strong></span> <span class='ocrx_word' id='word_1_820' title='bbox 2299 4747 2625 4808; x_wconf 73' lang='lat' dir='ltr'><strong>potuerunt,</strong></span> <span class='ocrx_word' id='word_1_821' title='bbox 2661 4737 2758 4793; x_wconf 75' lang='lat' dir='ltr'><strong>Iros</strong></span> <span class='ocrx_word' id='word_1_822' title='bbox 2797 4737 2998 4806; x_wconf 81' lang='lat' dir='ltr'><strong>percuti</strong></span> <span class='ocrx_word' id='word_1_823' title='bbox 3032 4745 3218 4788; x_wconf 84' lang='lat' dir='ltr'><strong>natura</strong></span> <span class='ocrx_word' id='word_1_824' title='bbox 3265 4733 3470 4791; x_wconf 86' lang='lat' dir='ltr'><strong>vinctos</strong></span> <span class='ocrx_word' id='word_1_825' title='bbox 3498 4731 3736 4785; x_wconf 77' lang='lat' dir='ltr'><strong>hostibus</strong></span> 
     </span>
    </p>
   </div>
   <div class='ocr_carea' id='block_1_111' title="bbox 2159 4825 3738 4902">
    <p class='ocr_par' dir='ltr' id='par_1_111' title="bbox 2159 4825 3738 4902">
     <span class='ocr_line' id='line_1_111' title="bbox 2159 4825 3738 4902; baseline -0.008 -15"><span class='ocrx_word' id='word_1_826' title='bbox 2159 4831 2603 4902; x_wconf 84' lang='lat' dir='ltr'><strong>tradidit:clypei</strong></span> <span class='ocrx_word' id='word_1_827' title='bbox 2657 4829 2871 4900; x_wconf 87' lang='lat' dir='ltr'><strong>quidem</strong></span> <span class='ocrx_word' id='word_1_828' title='bbox 2921 4839 2972 4883; x_wconf 86' lang='lat' dir='ltr'><strong>et</strong></span> <span class='ocrx_word' id='word_1_829' title='bbox 3020 4827 3186 4882; x_wconf 77' lang='lat' dir='ltr'><strong>hasta:</strong></span> <span class='ocrx_word' id='word_1_830' title='bbox 3217 4834 3270 4880; x_wconf 89' lang='lat' dir='ltr'><strong>et</strong></span> <span class='ocrx_word' id='word_1_831' title='bbox 3311 4825 3519 4894; x_wconf 73' lang='lat' dir='ltr'><strong>sagittze</strong></span> <span class='ocrx_word' id='word_1_832' title='bbox 3550 4838 3738 4876; x_wconf 90' lang='lat' dir='ltr'><strong>omnes</strong></span> 
     </span>
    </p>
   </div>
   <div class='ocr_carea' id='block_1_112' title="bbox 2160 4915 3736 4990">
    <p class='ocr_par' dir='ltr' id='par_1_112' title="bbox 2160 4915 3736 4990">
     <span class='ocr_line' id='line_1_112' title="bbox 2160 4915 3736 4990; baseline -0.009 -10"><span class='ocrx_word' id='word_1_833' title='bbox 2160 4925 2354 4980; x_wconf 83' lang='lat' dir='ltr'><strong>frustra</strong></span> <span class='ocrx_word' id='word_1_834' title='bbox 2399 4933 2585 4990; x_wconf 88' lang='lat' dir='ltr'><strong>erant;</strong></span> <span class='ocrx_word' id='word_1_835' title='bbox 2613 4923 2792 4980; x_wconf 84' lang='lat' dir='ltr'><strong>vultus</strong></span> <span class='ocrx_word' id='word_1_836' title='bbox 2816 4931 2993 4975; x_wconf 85' lang='lat' dir='ltr'><strong>autem</strong></span> <span class='ocrx_word' id='word_1_837' title='bbox 3028 4918 3196 4976; x_wconf 86' lang='lat' dir='ltr'><strong>forma</strong></span> <span class='ocrx_word' id='word_1_838' title='bbox 3243 4927 3294 4972; x_wconf 89' lang='lat' dir='ltr'><strong>et</strong></span> <span class='ocrx_word' id='word_1_839' title='bbox 3325 4916 3485 4974; x_wconf 88' lang='lat' dir='ltr'><strong>animi</strong></span> <span class='ocrx_word' id='word_1_840' title='bbox 3517 4915 3736 4970; x_wconf 88' lang='lat' dir='ltr'><strong>lascivia</strong></span> 
     </span>
    </p>
   </div>
   <div class='ocr_carea' id='block_1_113' title="bbox 2160 5005 3742 5085">
    <p class='ocr_par' dir='ltr' id='par_1_113' title="bbox 2160 5005 3742 5085">
     <span class='ocr_line' id='line_1_113' title="bbox 2160 5005 3742 5085; baseline -0.008 -15"><span class='ocrx_word' id='word_1_841' title='bbox 2160 5017 2259 5070; x_wconf 83' lang='lat' dir='ltr'><strong>hos</strong></span> <span class='ocrx_word' id='word_1_842' title='bbox 2277 5014 2632 5085; x_wconf 84' lang='lat' dir='ltr'><strong>expugnavit,</strong></span> <span class='ocrx_word' id='word_1_843' title='bbox 2655 5011 2850 5084; x_wconf 88' lang='lat' dir='ltr'><strong>alioqui</strong></span> <span class='ocrx_word' id='word_1_844' title='bbox 2873 5020 3139 5067; x_wconf 83' lang='lat' dir='ltr'><strong>strenuos.</strong></span> <span class='ocrx_word' id='word_1_845' title='bbox 3174 5009 3460 5076; x_wconf 80' lang='lat' dir='ltr'><strong>Propterea</strong></span> <span class='ocrx_word' id='word_1_846' title='bbox 3490 5005 3742 5060; x_wconf 85' lang='lat' dir='ltr'><strong>admonet</strong></span> 
     </span>
    </p>
   </div>
   <div class='ocr_carea' id='block_1_114' title="bbox 2160 5098 3741 5180">
    <p class='ocr_par' dir='ltr' id='par_1_114' title="bbox 2160 5098 3741 5180">
     <span class='ocr_line' id='line_1_114' title="bbox 2160 5098 3741 5180; baseline -0.011 -15"><span class='ocrx_word' id='word_1_847' title='bbox 2160 5108 2375 5180; x_wconf 88' lang='lat' dir='ltr'><strong>quidam</strong></span> <span class='ocrx_word' id='word_1_848' title='bbox 2409 5107 2652 5162; x_wconf 66' lang='lat' dir='ltr'><strong>dicens‘:</strong></span> <span class='ocrx_word' id='word_1_849' title='bbox 2687 5103 2770 5158; x_wconf 87' lang='lat' dir='ltr'><strong>Ne</strong></span> <span class='ocrx_word' id='word_1_850' title='bbox 2815 5103 2980 5158; x_wconf 78' lang='lat' dir='ltr'><strong>discas</strong></span> <span class='ocrx_word' id='word_1_851' title='bbox 3022 5101 3444 5172; x_wconf 82' lang='lat' dir='ltr'><strong>pulchritudinem</strong></span> <span class='ocrx_word' id='word_1_852' title='bbox 3477 5098 3698 5151; x_wconf 82' lang='lat' dir='ltr'><strong>alienam</strong></span> <span class='ocrx_word' id='word_1_853' title='bbox 3727 5140 3741 5159; x_wconf 82' lang='grc'>,</span> 
     </span>
    </p>
   </div>
   <div class='ocr_carea' id='block_1_115' title="bbox 2160 5187 3745 5266">
    <p class='ocr_par' dir='ltr' id='par_1_115' title="bbox 2160 5187 3745 5266">
     <span class='ocr_line' id='line_1_115' title="bbox 2160 5187 3745 5266; baseline -0.009 -10"><span class='ocrx_word' id='word_1_854' title='bbox 2160 5211 2208 5256; x_wconf 85' lang='lat' dir='ltr'><strong>et</strong></span> <span class='ocrx_word' id='word_1_855' title='bbox 2238 5217 2299 5255; x_wconf 85' lang='lat' dir='ltr'><strong>ne</strong></span> <span class='ocrx_word' id='word_1_856' title='bbox 2323 5215 2557 5257; x_wconf 78' lang='lat' dir='ltr'><strong>occurras</strong></span> <span class='ocrx_word' id='word_1_857' title='bbox 2590 5197 2786 5252; x_wconf 85' lang='lat' dir='ltr'><strong>mulieri</strong></span> <span class='ocrx_word' id='word_1_858' title='bbox 2810 5195 3078 5266; x_wconf 78' lang='lat' dir='ltr'><strong>fornicauti</strong></span> <span class='ocrx_word' id='word_1_859' title='bbox 3111 5195 3128 5264; x_wconf 95' lang='lat'>(</span> <span class='ocrx_word' id='word_1_860' title='bbox 3159 5192 3313 5249; x_wconf 75' lang='lat' dir='ltr'><strong>Ecrli.</strong></span> <span class='ocrx_word' id='word_1_861' title='bbox 3350 5192 3403 5247; x_wconf 82' lang='lat'><strong>9.</strong></span> <span class='ocrx_word' id='word_1_862' title='bbox 3429 5193 3481 5246; x_wconf 88' lang='lat'><strong>8.</strong></span> <span class='ocrx_word' id='word_1_863' title='bbox 3514 5190 3548 5245; x_wconf 80' lang='lat'><strong>5</strong></span> <span class='ocrx_word' id='word_1_864' title='bbox 3573 5193 3610 5259; x_wconf 93' lang='lat'><strong>).</strong></span> <span class='ocrx_word' id='word_1_865' title='bbox 3639 5187 3745 5242; x_wconf 73' lang='lat' dir='ltr'><strong>Mel</strong></span> 
     </span>
    </p>
   </div>
   <div class='ocr_carea' id='block_1_116' title="bbox 2163 5281 3740 5355">
    <p class='ocr_par' dir='ltr' id='par_1_116' title="bbox 2163 5281 3740 5355">
     <span class='ocr_line' id='line_1_116' title="bbox 2163 5281 3740 5355; baseline -0.012 -6"><span class='ocrx_word' id='word_1_866' title='bbox 2163 5297 2296 5349; x_wconf 85' lang='lat' dir='ltr'><strong>enim</strong></span> <span class='ocrx_word' id='word_1_867' title='bbox 2323 5293 2536 5348; x_wconf 83' lang='lat' dir='ltr'><strong>distillat</strong></span> <span class='ocrx_word' id='word_1_868' title='bbox 2561 5308 2592 5345; x_wconf 78' lang='grc' dir='ltr'><em>α</em></span> <span class='ocrx_word' id='word_1_869' title='bbox 2612 5291 2755 5344; x_wconf 84' lang='lat' dir='ltr'><strong>labiis</strong></span> <span class='ocrx_word' id='word_1_870' title='bbox 2779 5289 3004 5344; x_wconf 82' lang='lat' dir='ltr'><strong>mulieris</strong></span> <span class='ocrx_word' id='word_1_871' title='bbox 3031 5285 3345 5355; x_wconf 59' lang='lat' dir='ltr'><strong>for-tremitis,</strong></span> <span class='ocrx_word' id='word_1_872' title='bbox 3374 5282 3509 5353; x_wconf 83' lang='lat' dir='ltr'><strong>quod</strong></span> <span class='ocrx_word' id='word_1_873' title='bbox 3534 5281 3602 5333; x_wconf 88' lang='lat' dir='ltr'><strong>ad</strong></span> <span class='ocrx_word' id='word_1_874' title='bbox 3617 5291 3740 5333; x_wconf 66' lang='lat' dir='ltr'><strong>tetu.</strong></span> 
     </span>
    </p>
   </div>
   <div class='ocr_carea' id='block_1_117' title="bbox 2164 5373 3739 5460">
    <p class='ocr_par' dir='ltr' id='par_1_117' title="bbox 2164 5373 3739 5460">
     <span class='ocr_line' id='line_1_117' title="bbox 2164 5373 3739 5460; baseline -0.01 -20"><span class='ocrx_word' id='word_1_875' title='bbox 2164 5405 2258 5460; x_wconf 67' lang='grc' dir='ltr'><strong>ρης</strong></span> <span class='ocrx_word' id='word_1_876' title='bbox 2274 5387 2553 5458; x_wconf 83' lang='lat' dir='ltr'><strong>intpinguat</strong></span> <span class='ocrx_word' id='word_1_877' title='bbox 2580 5393 2752 5455; x_wconf 75' lang='lat' dir='ltr'><strong>guttur</strong></span> <span class='ocrx_word' id='word_1_878' title='bbox 2773 5393 2912 5435; x_wconf 86' lang='lat' dir='ltr'><strong>tuum</strong></span> <span class='ocrx_word' id='word_1_879' title='bbox 2940 5423 2953 5445; x_wconf 90' lang='lat'><strong>,</strong></span> <span class='ocrx_word' id='word_1_880' title='bbox 2987 5381 3300 5450; x_wconf 82' lang='lat' dir='ltr'><strong>postmodum</strong></span> <span class='ocrx_word' id='word_1_881' title='bbox 3327 5386 3494 5428; x_wconf 80' lang='lat' dir='ltr'><strong>autent</strong></span> <span class='ocrx_word' id='word_1_882' title='bbox 3521 5373 3739 5425; x_wconf 77' lang='lat' dir='ltr'><strong>amarius</strong></span> 
     </span>
    </p>
   </div>
   <div class='ocr_carea' id='block_1_118' title="bbox 2167 5463 3736 5551">
    <p class='ocr_par' dir='ltr' id='par_1_118' title="bbox 2167 5463 3736 5551">
     <span class='ocr_line' id='line_1_118' title="bbox 2167 5463 3736 5551; baseline -0.014 -15"><span class='ocrx_word' id='word_1_883' title='bbox 2167 5481 2283 5536; x_wconf 70' lang='lat' dir='ltr'><strong>felle</strong></span> <span class='ocrx_word' id='word_1_884' title='bbox 2305 5481 2470 5551; x_wconf 83' lang='lat' dir='ltr'><strong>ipsum</strong></span> <span class='ocrx_word' id='word_1_885' title='bbox 2492 5478 2708 5532; x_wconf 82' lang='lat' dir='ltr'><strong>invenies</strong></span> <span class='ocrx_word' id='word_1_886' title='bbox 2730 5515 2745 5541; x_wconf 95' lang='lat'><strong>,</strong></span> <span class='ocrx_word' id='word_1_887' title='bbox 2769 5483 2813 5527; x_wconf 88' lang='lat' dir='ltr'><strong>et</strong></span> <span class='ocrx_word' id='word_1_888' title='bbox 2835 5473 3028 5527; x_wconf 83' lang='lat' dir='ltr'><strong>acutius</strong></span> <span class='ocrx_word' id='word_1_889' title='bbox 3059 5470 3228 5540; x_wconf 78' lang='lat' dir='ltr'><strong>gladio</strong></span> <span class='ocrx_word' id='word_1_890' title='bbox 3257 5467 3462 5538; x_wconf 73' lang='lat' dir='ltr'><strong>ancipiti</strong></span> <span class='ocrx_word' id='word_1_891' title='bbox 3483 5463 3661 5534; x_wconf 81' lang='lat' dir='ltr'><strong>(Prov.</strong></span> <span class='ocrx_word' id='word_1_892' title='bbox 3687 5463 3736 5517; x_wconf 77' lang='lat'><strong>5.</strong></span> 
     </span>
    </p>
   </div>
   <div class='ocr_carea' id='block_1_119' title="bbox 2165 5573 2326 5643">
    <p class='ocr_par' dir='ltr' id='par_1_119' title="bbox 2165 5573 2326 5643">
     <span class='ocr_line' id='line_1_119' title="bbox 2165 5573 2326 5643; baseline -0.037 -17"><span class='ocrx_word' id='word_1_893' title='bbox 2165 5573 2219 5626; x_wconf 81' lang='lat'><strong>5.</strong></span> <span class='ocrx_word' id='word_1_894' title='bbox 2251 5575 2326 5643; x_wconf 71' lang='lat'><strong>4).</strong></span> 
     </span>
    </p>
   </div>
   <div class='ocr_carea' id='block_1_120' title="bbox 2227 5667 3736 5745">
    <p class='ocr_par' dir='ltr' id='par_1_120' title="bbox 2227 5667 3736 5745">
     <span class='ocr_line' id='line_1_120' title="bbox 2227 5667 3736 5745; baseline -0.014 -9"><span class='ocrx_word' id='word_1_895' title='bbox 2227 5689 2244 5720; x_wconf 73' lang='grc' dir='ltr'>ι</span> <span class='ocrx_word' id='word_1_896' title='bbox 2283 5685 2385 5742; x_wconf 82' lang='lat' dir='ltr'><strong>Alii,</strong></span> <span class='ocrx_word' id='word_1_897' title='bbox 2411 5681 2599 5745; x_wconf 70' lang='lat' dir='ltr'><strong>sapiens</strong></span> <span class='ocrx_word' id='word_1_898' title='bbox 2623 5679 2822 5743; x_wconf 79' lang='lat' dir='ltr'><strong>quidam</strong></span> <span class='ocrx_word' id='word_1_899' title='bbox 2841 5676 3024 5728; x_wconf 72' lang='lat' dir='ltr'><strong>diem.</strong></span> <span class='ocrx_word' id='word_1_900' title='bbox 3041 5672 3164 5725; x_wconf 82' lang='lat' dir='ltr'><strong>Infra</strong></span> <span class='ocrx_word' id='word_1_901' title='bbox 3187 5672 3266 5724; x_wconf 83' lang='lat' dir='ltr'><strong>alii</strong></span> <span class='ocrx_word' id='word_1_902' title='bbox 3295 5686 3304 5696; x_wconf 92' lang='grc'><strong>·</strong></span> <span class='ocrx_word' id='word_1_903' title='bbox 3333 5679 3445 5733; x_wconf 71' lang='grc' dir='ltr'><strong>ονιω</strong></span> <span class='ocrx_word' id='word_1_904' title='bbox 3462 5667 3526 5719; x_wconf 86' lang='lat' dir='ltr'><strong>ad</strong></span> <span class='ocrx_word' id='word_1_905' title='bbox 3543 5675 3736 5728; x_wconf 75' lang='lat' dir='ltr'><strong>tempus,</strong></span> 
     </span>
    </p>
   </div>
   <div class='ocr_carea' id='block_1_121' title="bbox 2165 5743 2739 5816">
    <p class='ocr_par' dir='ltr' id='par_1_121' title="bbox 2165 5743 2739 5816">
     <span class='ocr_line' id='line_1_121' title="bbox 2165 5743 2739 5816; baseline -0.016 -15"><span class='ocrx_word' id='word_1_906' title='bbox 2165 5763 2268 5816; x_wconf 78' lang='lat' dir='ltr'><strong>pro,</strong></span> <span class='ocrx_word' id='word_1_907' title='bbox 2294 5744 2421 5813; x_wconf 82' lang='lat' dir='ltr'><strong>quod</strong></span> <span class='ocrx_word' id='word_1_908' title='bbox 2444 5743 2509 5804; x_wconf 74' lang='lat' dir='ltr'><strong>ad</strong></span> <span class='ocrx_word' id='word_1_909' title='bbox 2534 5751 2739 5806; x_wconf 48' lang='lat' dir='ltr'><strong>tempus,</strong></span> 
     </span>
    </p>
   </div>
  </div>
