4070 6208
226 223 326 276 tio
438 297 449 312 ο
1113 230 1204 284 an
1243 229 1564 288 POPULUM
1603 230 2088 292 ANTIOCllE-NUM
2153 197 2558 295 uouit..x1v.

295 339 618 394 lleretricum
644 357 826 396 mores.
851 371 919 382 --
937 340 1184 398 Meretrix
1215 345 1354 400 enim
1383 360 1564 402 amare
1600 347 1766 402 nescit
1791 387 1806 414 ,

216 429 315 484 sed
345 431 626 504 insidiatur
669 443 907 500 tantum;
938 449 1199 491 venenum
1252 437 1411 493 habet
1455 439 1618 510 ipsius
1649 453 1809 494 oscu-

215 521 351 586 lum,
375 529 430 577 et
459 524 689 578 toxicum
720 526 1076 596 perniciosum
1105 544 1186 583 os.
1236 528 1289 585 Si
1317 544 1443 584 vero
1487 546 1592 586 non
1631 532 1809 588 statim

212 627 472 687 apparet,
501 617 621 672 ideo
651 620 820 690 magis
846 619 1013 690 ipsam
1069 620 1251 692 fugere
1277 632 1525 693 oportet,
1557 625 1808 696 quoniam

213 709 417 780 obtegit
465 711 753 779 perniciem
782 722 836 767 et
871 725 1098 769 mortem
1139 715 1299 771 habet
1333 716 1557 773 celatam
1583 760 1598 785 ,
1632 735 1731 774 nec
1779 735 1808 774 a

211 803 526 870 primordiis
557 806 889 861 manifestam
914 822 1172 877 apparere
1223 811 1498 880 permittit.
1557 811 1736 882 Itaque
1762 812 1808 867 si

209 894 336 962 quis
352 896 674 966 voluptatem
692 911 929 955 sectatur
941 911 993 954 ct
1011 901 1169 956 vitam
1183 901 1378 957 hctitite
1395 903 1624 973 plenam,
1645 902 1810 958 forni-

207 986 452 1042 cantium
481 990 750 1045 consortia
779 992 1062 1048 mulierum
1093 993 1256 1064 fugiat
1279 1013 1291 1049 :
1314 995 1465 1051 bellis
1479 997 1618 1052 enim
1648 997 1807 1052 innu-

206 1077 380 1131 meris
408 1089 460 1132 et
489 1081 801 1139 tumultibus
829 1092 1126 1139 amatorum
1157 1085 1366 1142 animos
1397 1087 1636 1157 implent,
1667 1103 1799 1143 eon-

208 1171 395 1225 tinuas
439 1173 567 1242 ipsis
613 1190 820 1244 pugnas
849 1177 1327 1246 contentionesque
1356 1180 1686 1234 concitantes
1713 1196 1808 1250 per

204 1264 399 1327 verba,
428 1280 521 1334 per
549 1281 709 1336 opera
737 1271 915 1323 omnia
939 1287 952 1324 :
983 1277 1038 1324 et
1078 1271 1216 1325 sicut
1242 1271 1473 1327 hostium
1502 1271 1804 1327 inimicissi-

203 1356 283 1406 mi
308 1395 323 1417 ,
356 1355 434 1409 sic
465 1355 702 1426 profccm
747 1367 803 1413 et
832 1360 914 1412 ha:
943 1361 1119 1414 omnia
1150 1360 1347 1414 faciunt
1376 1370 1432 1417 et
1470 1363 1805 1432 negotiantur

202 1444 276 1498 ad
307 1445 412 1500 hoc
437 1488 450 1508 ,
482 1458 538 1500 ut
567 1448 664 1517 ipsi
695 1449 746 1503 in
777 1449 1118 1520 ignominiam
1152 1461 1204 1506 et
1231 1461 1598 1523 paupertatem
1626 1463 1803 1508 extre-

203 1553 410 1605 maque
448 1540 586 1594 mala
637 1541 894 1598 incidant.
939 1543 1001 1598 Et
1031 1544 1478 1614 quemadmodum
1519 1555 1802 1601 venatores

204 1630 416 1684 retibus
443 1633 680 1688 extensis
706 1634 989 1705 sylvestria
1015 1637 1264 1691 animalia
1290 1637 1578 1692 immittere
1604 1653 1796 1708 aggre-

201 1722 457 1794 diuntur,
491 1733 547 1778 ut
576 1726 686 1796 ipsa
711 1725 998 1796 jngulent:
1033 1728 1101 1782 ita
1131 1738 1185 1783 et
1207 1727 1290 1782 lue
1327 1737 1604 1799 postquam
1646 1729 1800 1785 lasci-

211 1821 320 1874 vire
347 1836 550 1891 pennas
572 1821 803 1892 undique
818 1819 1156 1876 extenderint
1185 1837 1280 1892 per
1304 1821 1485 1878 oculos
1509 1831 1564 1877 et
1589 1820 1801 1879 habitus

200 1921 260 1965 et
285 1912 448 1967 verba
473 1955 489 1979 ,
519 1922 702 1982 postea
724 1927 852 1967 suos
880 1911 1126 1983 injiciunt
1147 1922 1415 1968 amatores
1435 1923 1488 1969 et
1516 1913 1792 1985 colligant,

200 2018 315 2057 non
349 2004 493 2072 prius
513 2005 834 2060 ahsistentes
853 2047 868 2072 ,
889 2021 1047 2076 quam
1070 2015 1123 2060 et
1146 2007 1383 2076 ipSorum
1409 2021 1652 2062 cruorem
1683 2007 1797 2062 ebi-

198 2096 409 2162 hcrint,
440 2095 758 2152 insultantes
783 2098 1141 2168 postmodum,
1173 2107 1226 2153 et
1251 2099 1487 2169 ipsorum
1517 2099 1796 2154 stultitiam

198 2199 511 2257 carpentes,
540 2197 595 2244 et
615 2189 837 2243 multum
865 2188 934 2244 de
963 2189 1089 2260 ipsis
1113 2193 1274 2244 risum
1297 2189 1798 2261 fundentes.Neque

197 2281 347 2334 enim
371 2291 429 2335 ut
465 2281 887 2336 misericordiam
936 2283 1170 2337 inveniat
1199 2282 1388 2352 dignus
1414 2290 1496 2339 est
1524 2282 1797 2352 hujnsmo-

198 2372 298 2436 di,
345 2369 442 2426 sed
476 2382 532 2427 ut
576 2372 884 2428 derideatur
922 2383 974 2428 ct
1013 2373 1322 2428 mordeatur
1349 2415 1364 2439 ,
1395 2390 1516 2429 cum
1549 2373 1793 2439 muliere,

199 2472 254 2516 et
307 2461 532 2518 muliere
586 2463 872 2518 meretrice
911 2463 1156 2518 stolidior
1195 2473 1470 2534 appareat.
1505 2464 1794 2534 Propterea

199 2568 392 2606 rursus
412 2567 508 2607 nos
533 2552 786 2609 admonet
816 2555 1029 2624 sapiens
1055 2555 1142 2610 ille
1163 2570 1283 2609 cum
1315 2555 1469 2609 dicit:
1499 2553 1622 2609 Bibe
1639 2572 1795 2624 aquas

200 2646 263 2697 de
291 2647 424 2698 casis
452 2646 549 2698 tuis
575 2654 620 2699 et
652 2645 714 2699 de
739 2656 937 2700 tuorum
968 2655 1230 2717 puteorum
1257 2651 1435 2716 fonte:
1462 2656 1516 2702 et
1546 2663 1790 2715 rursum,

196 2735 386 2790 Cervus
413 2737 649 2792 amicitia
669 2748 717 2791 et
739 2738 910 2809 pullus
947 2748 1148 2792 tuarum
1175 2739 1454 2809 gratiarum
1477 2727 1796 2792 conversetur

197 2839 361 2882 ternm
393 2830 412 2900 (
439 2827 596 2884 Prov.
643 2831 696 2889 5.
740 2833 825 2887 15.
863 2847 910 2888 et
950 2850 1060 2904 sqq.
1099 2829 1155 2902 ):
1184 2829 1250 2886 de
1276 2847 1441 2886 uxore
1469 2847 1564 2901 per
1585 2833 1796 2902 nuptia-

196 2939 317 2977 rum
345 2923 520 2994 legem
542 2924 879 2981 cohabitaute
898 2926 1017 2980 talia
1046 2926 1229 2980 dicens
1254 2943 1265 2978 :
1300 2926 1440 2994 Quid
1468 2926 1794 2996 derelinquis

193 3016 541 3084 attjutricem,
576 3025 631 3072 et
654 3016 720 3071 ad
751 3018 1129 3074 insidiatricem
1153 3017 1368 3074 curris?
1398 3019 1522 3090 quid
1546 3019 1669 3074 vita:
1696 3033 1790 3075 so-

193 3111 333 3160 c£am
364 3109 632 3162 aversaris
657 3149 672 3174 ,
707 3119 758 3163 et
782 3124 934 3175 eam,
979 3125 1099 3180 quzc
1144 3108 1303 3163 vitam
1349 3121 1492 3164 tuam
1531 3109 1793 3165 subvertit

193 3200 467 3255 sectaris?
499 3199 621 3255 llaec
665 3201 962 3256 membrum
1019 3213 1162 3256 timm
1203 3211 1256 3256 et
1301 3217 1494 3272 corpus
1530 3211 1658 3267 est;
1704 3202 1790 3256 illa

191 3295 409 3362 gladius
435 3308 641 3352 acutus.
677 3295 963 3367 l'rOpterca
986 3339 1001 3358 ,
1034 3297 1252 3364 dilecti,
1283 3298 1447 3370 fugite
1478 3297 1791 3355 fornicatio-

194 3403 318 3440 nem
345 3396 403 3441 et
433 3399 653 3457 prepter
682 3389 963 3458 priesentia
995 3389 1134 3443 mala
1166 3431 1180 3452 ,
1229 3399 1282 3444 et
1309 3398 1532 3460 propter
1575 3405 1787 3460 poenam

192 3478 450 3532 futuram.
498 3478 656 3534 Forte
694 3491 1007 3550 argumento
1051 3482 1314 3537 excidisse
1361 3484 1606 3537 videmur
1634 3525 1650 3550 ,
1691 3483 1787 3539 sed

194 3568 297 3622 hoc
318 3583 425 3622 non
452 3576 536 3623 est
555 3569 837 3635 excidere;
881 3588 985 3626 non
1025 3573 1164 3631 enim
1207 3572 1460 3628 historias
1483 3573 1633 3628 vobis
1654 3575 1786 3628 sim-

193 3660 410 3726 pliciter
447 3659 627 3731 legere
655 3662 900 3716 volumus
924 3704 939 3726 ,
986 3663 1077 3717 sed
1123 3665 1478 3733 nequitiarum
1515 3679 1611 3718 vos
1651 3663 1788 3718 infe-

192 3751 457 3804 stantium
498 3767 764 3822 quamque
808 3754 1106 3824 corrigere:
1143 3755 1260 3809 idco
1291 3754 1599 3826 frequentes
1637 3755 1788 3812 vobis

193 3840 540 3896 immittimus
582 3844 951 3913 correptiones
983 3886 996 3909 ,
1041 3846 1244 3900 varium
1285 3845 1436 3901 vobis
1484 3861 1785 3901 sermonem

188 3942 574 3988 construentes
595 3975 610 4000 ,
637 3936 757 4004 quia
782 3936 952 3991 varias
974 3938 1316 4008 :rgritudines
1343 3938 1394 3993 in
1416 3947 1562 3993 tanto
1589 3941 1785 4010 populo

187 4039 312 4078 esse
337 4025 630 4079 verisimile
657 4037 734 4081 est
765 4045 779 4080 :
831 4044 929 4084 nec
971 4046 1131 4084 unum
1175 4031 1346 4086 solum
1377 4047 1566 4086 curare
1595 4033 1786 4088 vulnus

187 4119 345 4172 nobis
377 4121 710 4189 propositum
738 4122 948 4186 cst,si.-d
976 4125 1136 4178 inulta
1172 4135 1228 4179 et
1259 4125 1432 4179 varia:
1464 4125 1664 4182 idcirco
1685 4141 1778 4180 va-

188 4212 329 4265 rium
369 4213 538 4267 etiam
579 4229 700 4269 esse
738 4217 996 4270 doctrina!
1045 4217 1492 4272 medicamentum
1544 4226 1777 4288 oportet.

189 4305 502 4362 Redeamus
536 4307 696 4376 igitur
722 4324 789 4362 eo
817 4350 831 4373 ,
863 4309 1002 4364 male
1049 4310 1272 4381 digressi
1303 4327 1488 4368 sumus
1521 4354 1536 4378 ,
1581 4323 1638 4368 ut
1668 4315 1782 4372 hree

183 4399 514 4454 diceremus.
566 4400 632 4454 Et
666 4403 795 4456 dixit
836 4403 1111 4457 sacerdos:
1142 4404 1450 4459 Acredamus
1492 4406 1560 4458 ad
1597 4405 1779 4462 Deum.

185 4489 254 4543 Et
280 4489 444 4545 Deum
469 4492 602 4546 Sai‘tl
625 4495 985 4565 interrogavit:
1006 4496 1081 4548 An
1100 4497 1396 4549 descendam
1415 4506 1526 4566 post
1542 4497 1782 4568 alienige-

182 4601 299 4649 nas,
326 4597 373 4638 et
391 4587 562 4639 trades
593 4587 729 4656 ipsos
759 4589 808 4640 in
834 4605 1013 4642 manus
1038 4589 1218 4642 meas?
1260 4588 1324 4642 Et
1347 4607 1446 4644 non
1463 4593 1719 4660 respondit
1736 4591 1781 4645 ei

177 4679 233 4729 in
263 4679 347 4731 die
366 4678 462 4731 illa
485 4677 824 4748 Dominus(l.
850 4678 975 4750 Reg.
996 4681 1087 4736 14.
1120 4681 1208 4735 56.
1242 4682 1352 4752 '57).
1374 4681 1606 4752 Respice
1631 4682 1782 4738 beni-

175 4768 445 4837 gnitatem
483 4778 536 4824 et
568 4769 1036 4826 mansuetudinem
1064 4772 1468 4828 clementissimi
1513 4773 1628 4828 Dei.
1662 4773 1778 4828 Non

175 4863 326 4917 enim
383 4862 586 4918 fulmen
630 4867 853 4920 immisit
882 4908 896 4931 ,
929 4882 1101 4938 neque
1133 4880 1328 4923 terram
1357 4872 1658 4932 concussit;
1684 4871 1776 4927 sed

171 4957 321 5024 quod
356 4958 411 5011 in
436 4958 640 5014 amiCos
655 4960 810 5014 amici
845 4961 1061 5025 faciunt,
1090 4961 1304 5032 quando
1325 4965 1666 5019 contumeliis
1694 4965 1777 5020 af-

172 5044 303 5101 fecti
329 5047 537 5102 fuerint
557 5091 571 5110 ,
605 5049 705 5104 hoc
735 5063 787 5106 et
817 5051 867 5105 in
895 5067 1108 5106 servum
1142 5053 1398 5108 Dominus
1428 5053 1585 5110 fecit:
1615 5059 1778 5113 tacuit

171 5145 387 5191 tantum
419 5180 434 5203 ,
484 5154 578 5208 per
617 5141 886 5195 silentium
935 5142 1159 5212 loquens
1206 5154 1259 5198 et
1303 5162 1517 5199 onmem
1547 5147 1646 5216 ipsi
1677 5147 1774 5202 dc-

168 5241 492 5283 monstraus
526 5231 963 5300 indignationem.
987 5232 1246 5304 Cognovit
1268 5235 1369 5290 hoc
1391 5236 1514 5291 8ιῦ1
1552 5279 1566 5300 ,
1603 5236 1667 5292 Et
1691 5239 1774 5292 di-

166 5321 287 5372 xit:
318 5321 580 5374 Adducite
622 5340 795 5376 omnes
841 5325 1000 5380 tribus
1049 5327 1256 5396 populi,
1301 5338 1348 5381 et
1378 5331 1702 5400 cognoscite:
1729 5341 1774 5384 it

171 5415 340 5466 ridete
369 5417 425 5467 in
462 5431 560 5484 quo
595 5420 784 5485 [artant
809 5429 880 5470 est
911 5418 1060 5471 hodie
1091 5430 1349 5489 peccatum
1379 5423 1474 5475 ItOt.‘
1493 5427 1774 5494 ,‘qnoniam

165 5508 292 5559 ririt
350 5505 602 5561 Dominus
626 5551 642 5574 ,
689 5513 777 5578 qui
816 5512 1009 5564 salvum
1049 5515 1166 5583 fecit
1207 5514 1408 5570 Israel:
1435 5519 1571 5583 quod
1604 5518 1650 5572 si
1693 5535 1774 5573 re-

165 5601 436 5669 sponderit
466 5612 644 5655 contra
670 5602 933 5658 Jonathan
957 5605 1124 5674 ﬁlium
1154 5587 1517 5673 meumpmorte
1532 5612 1772 5666 morietur

170 5690 251 5755 (Ι.
294 5690 422 5765 ηερ.
457 5693 542 5749 lt.
574 5692 686 5756 58).
713 5694 902 5754 Vidisti
933 5698 1328 5757 temeritatem?
1354 5701 1573 5762 intuitus
1602 5711 1765 5762 teme-

3404 242 3506 296 ίῖὶι)

1923 357 2094 403 ratum
2124 349 2669 420 priusjuramentum,
2698 370 2870 425 neque
2901 359 2976 412 sic
2996 360 3303 431 castigatur,
3332 363 3424 416 sed
3453 376 3506 417 et

1918 441 2206 495 secundum
2232 442 2416 512 adjicit
2447 461 2679 499 rursum.
2733 447 2797 502 Et
2832 450 3110 506 considera
3153 453 3345 508 diaboli
3395 471 3508 508 ma-

1919 532 2210 602 lignitatem
2236 535 2273 588 '.
2302 536 2563 602 Quoniam
2611 539 2753 592 enim
2793 542 3190 609 cognoscebat,
3221 545 3357 612 quod
3403 560 3506 598 ειη·-

1918 627 2034 697 pius
2080 643 2211 698 puer
2251 627 2615 699 deprehensus
2655 640 2709 686 et
2755 631 2804 685 in
2843 631 3072 686 medium
3103 635 3410 702 productus,
3439 652 3505 689 cx

1916 719 2031 788 ipso
2071 731 2288 792 aspectu
2327 721 2503 777 statim
2551 731 2756 793 patrem
2805 723 3047 794 mitigare
3094 736 3147 781 et
3185 728 3322 798 regis
3369 729 3504 782 iram

1915 810 2122 866 mollire
2172 821 2418 881 poterat,
2445 813 2800 869 secundorum
2846 830 3031 870 rursus
3073 815 3502 885 jurameutorum

1913 901 2233 958 necessitate
2277 903 2442 973 ipsius
2467 905 2786 960 sententiam
2824 906 3263 976 praeoccupavit,
3303 907 3505 976 duplici

1911 992 2141 1063 quodam
2167 994 2380 1050 vinculo
2407 995 2662 1051 cohibens
2691 997 2881 1066 ipsum,
2912 1012 3010 1052 nec
3038 999 3351 1067 permittens
3374 1015 3500 1066 pro-

1913 1085 2043 1154 priae
2070 1084 2183 1140 fieri
2213 1087 2494 1142 sententia:
2522 1086 2797 1142 dominum
2823 1129 2839 1154 ,
2867 1089 2961 1142 sed
3009 1078 3244 1159 undique
3272 1091 3322 1143 iu
3351 1091 3502 1144 illam

1910 1175 2113 1232 ctcdem
2141 1178 2374 1248 iniquam
2403 1179 2704 1250 impellens,
2736 1189 2790 1236 et
2832 1181 3064 1236 nondum
3104 1191 3379 1254 comperto
3408 1185 3499 1252 qui

1910 1277 2203 1337 peccasset,
2228 1269 2485 1338 judicium
2504 1271 2646 1335 fecit,
2676 1281 2730 1327 et
2759 1288 2906 1328 reum
2926 1274 3189 1340 nesciens,
3221 1274 3323 1328 lata
3341 1275 3495 1329 datu-

1910 1360 2052 1413 navit
2077 1361 2339 1416 sententia
2365 1377 2378 1414 :
2412 1371 2465 1416 et
2496 1371 2645 1430 pater
2671 1361 2840 1417 factus
2864 1372 2947 1419 cst
2994 1363 3088 1417 lilii
3131 1364 3366 1419 carnifex
3397 1406 3413 1431 ,
3443 1375 3498 1420 et

1907 1457 2032 1505 ante
2061 1466 2282 1506 examen
2313 1451 2672 1507 damnationis
2718 1453 2932 1522 protulit
2974 1455 3312 1509 sententiam.
3359 1454 3499 1523 Quid

1909 1541 2009 1596 hoc
2038 1542 2452 1598 irrationabilius
2483 1545 2595 1599 licri
2625 1545 2842 1614 posset?

1977 1635 2032 1690 5.
2061 1633 2186 1690 Hmc
2212 1635 2371 1707 igitur
2393 1636 2483 1691 illo
2508 1635 2718 1692 dicente
2747 1638 2914 1709 magis
2945 1637 3116 1694 timuit
3153 1640 3408 1710 populus,
3441 1652 3496 1698 et

1906 1740 2094 1781 omnes
2116 1736 2269 1783 erant
2289 1727 2340 1782 iu
2369 1737 2600 1784 tremore
2619 1738 2673 1784 et
2697 1730 2884 1784 timore
2903 1731 3101 1785 multo°
3131 1731 3373 1786 tlialmltls
3402 1749 3495 1786 au-

1908 1827 2014 1874 tem
2048 1818 2328 1875 laetabatur
2358 1862 2372 1887 ,
2396 1834 2516 1874 cum
2545 1835 2732 1875 omnes
2755 1821 2943 1876 anxios
2971 1821 3292 1878 reddidisset
3313 1825 3356 1878 ’.
3378 1823 3495 1878 Non

1904 1911 2037 1964 enim
2067 1920 2178 1965 erat
2205 1912 2293 1982 qui
2317 1912 2674 1982 responderet,
2715 1912 2919 1982 inquit,
2964 1929 3027 1966 ex
3055 1923 3156 1968 toto
3200 1917 3422 1986 populo:
3449 1926 3495 1968 et

1907 2001 2038 2055 dixit
2065 2001 2198 2057 διιῦί
2227 2044 2242 2068 ,
2285 2001 2381 2056 Vos
2425 2003 2566 2056 eritis
2603 2003 2653 2056 in
2683 2004 2966 2056 servitutem
2992 2045 3006 2068 ,
3036 2015 3081 2057 et
3126 2022 3216 2076 ego
3264 2016 3309 2058 et
3357 2009 3498 2074 filius

1903 2110 2041 2148 meus
2055 2092 2308 2148 Jonathas
2324 2094 2374 2147 in
2399 2094 2683 2148 servitutem
2705 2095 2778 2165 (ι.
2791 2095 2912 2164 Reg.
2967 2135 2980 2149 .
2996 2095 3084 2149 59.
3101 2097 3212 2164 40).
3235 2098 3382 2164 Quod
3401 2114 3496 2150 au-

1905 2196 2009 2241 tem
2036 2186 2184 2254 dicit,
2220 2186 2323 2243 tale
2344 2196 2458 2242 est:
2490 2186 2807 2251 Nihilaliud,
2839 2187 3028 2256 inquit,
3060 2189 3303 2254 studt-tis,
3334 2205 3496 2259 quam

1903 2277 2146 2333 hostibus
2185 2294 2281 2334 vos
2327 2277 2536 2333 tradere
2563 2320 2579 2343 ,
2625 2287 2677 2332 ct
2707 2293 2802 2347 pro
2832 2277 3010 2331 liberis
3034 2293 3222 2333 servos
3268 2277 3447 2334 lacere
3473 2321 3494 2344 ,

1903 2369 2069 2424 Deum
2109 2379 2293 2425 contra
2333 2385 2428 2424 vos
2475 2369 2786 2439 instigantes
2817 2410 2832 2433 ,
2873 2385 3022 2422 reum
3068 2385 3171 2422 non
3213 2370 3489 2424 tradendo.

1901 2460 2127 2531 Respice
2154 2469 2398 2516 autemet
2423 2461 2579 2514 aliam
2607 2476 2672 2515 ex
2693 2460 3000 2529 juramento
3031 2461 3312 2514 conﬂatam
3354 2477 3488 2514 con-

1901 2555 2248 2610 trarietatcm.
2279 2554 2408 2612 Cum
2438 2555 2580 2610 enim
2612 2570 2745 2626 Opus
2775 2565 2949 2616 esset,
2979 2553 3022 2606 si
3044 2569 3311 2610 aucmrem
3341 2557 3490 2610 inve-

1901 2647 2017 2703 nire
2047 2647 2285 2711 volebat,
2315 2648 2445 2703 nihil
2477 2649 2580 2704 tale
2612 2651 2798 2705 minari
2829 2692 2849 2717 ,
2878 2667 2976 2707 nec
2998 2651 3302 2722 iuramento
3332 2649 3491 2702 ultio-

1899 2757 2020 2797 nem
2044 2740 2281 2812 obligare
2312 2783 2326 2806 ,
2356 2751 2410 2798 et
2436 2743 2747 2800 audaciores
2777 2744 2898 2801 facti
2939 2760 3085 2801 reum
3115 2745 3410 2816 promptius
3440 2745 3494 2798 in

1897 2831 2131 2888 medium
2163 2842 2414 2903 agerent;
2470 2833 2559 2890 ille
2597 2850 2808 2889 rursum
2836 2852 2900 2890 ex
2927 2836 3001 2890 ira
3040 2847 3090 2891 et
3115 2837 3295 2889 fin-ore
3324 2836 3497 2889 multo

1901 2933 1956 2980 et
2006 2925 2166 2994 priori
2211 2925 2430 2980 stultitia
2456 2935 2641 2980 contra
2671 2968 2687 2991 ,
2727 2943 2886 2997 quam
2922 2927 3080 2992 vult,
3122 2928 3314 2981 iterum
3345 2927 3490 2979 facit.

1897 3015 2034 3084 Quid
2060 3031 2195 3086 opus
2214 3025 2294 3072 est
2323 3017 2487 3071 multa
2513 3016 2730 3072 dicere?
2750 3019 2886 3072 Sorti
2914 3019 3180 3089 negotium
3200 3018 3488 3082 concessit,

1895 3117 1950 3164 et
1973 3117 2118 3164 sorte
2145 3107 2514 3163 examinantur
2541 3109 2666 3164 Saitl
2688 3121 2739 3164 et
2766 3109 3039 3164 Junathas.
3075 3109 3137 3162 Et
3159 3109 3285 3162 dixit
3309 3109 3474 3163 Sail:

1894 3198 2060 3253 Jacite
2085 3209 2269 3253 sortem
2298 3200 2430 3253 inter
2456 3217 2534 3254 me
2561 3210 2607 3253 et
2627 3199 2926 3264 Jonat/mn;
2957 3211 3002 3253 et
3020 3201 3221 3270 jacinnt
3249 3209 3432 3253 sortem
3467 3241 3483 3259 ,

1896 3299 1942 3343 et
1969 3290 2170 3359 capitur
2197 3289 2469 3344 Jonatlias.
2519 3290 2584 3344 Et
2627 3291 2754 3344 dixit
2794 3291 2924 3346 Sail!
2959 3293 3027 3344 ad
3049 3290 3310 3344 lauat/tan
3333 3307 3351 3343 .'
3380 3291 3485 3342 An-

1895 3384 2072 3436 nuntia
2090 3383 2234 3449 mihi,
2275 3383 2398 3452 quid
2415 3383 2618 3448 fecisti?
2651 3383 2714 3436 Et
2738 3385 3053 3436 annuntiavit
3080 3383 3178 3452 ipsi
3205 3381 3484 3446 lauat/tas,

1894 3473 2062 3526 dicens
2085 3490 2103 3526 :
2122 3472 2343 3526 Gustans
2363 3474 2562 3544 gustari
2586 3475 2636 3527 in
2669 3476 2954 3528 summitate
2981 3475 3196 3543 sceptri,
3224 3473 3358 3542 quod
3383 3473 3484 3526 lia-

1898 3568 2072 3622 bebam
2102 3568 2153 3620 in
2198 3584 2350 3620 manu
2391 3585 2500 3620 mea
2524 3608 2539 3632 ,
2567 3585 2745 3637 parum
2778 3569 2938 3622 mellis
2967 3569 2986 3597 ³
3007 3579 3059 3630 rt
3100 3585 3158 3621 cn
3181 3586 3272 3638 rgo
3300 3569 3487 3620 morior

1893 3660 1972 3729 (I.
2010 3659 2133 3730 Ileg.
2164 3659 2251 3714 Η.
2279 3658 2366 3712 49..
2392 3660 2506 3730 45).
2536 3659 2702 3724 Quem
2730 3676 2832 3712 non
2859 3659 3163 3723 ﬂexissent,
3191 3675 3347 3727 quem
3377 3677 3487 3711 non

1894 3752 1944 3806 in
1997 3749 2414 3806 misericordiam
2469 3751 2701 3820 egissent
2769 3751 2882 3804 ha-c
2941 3749 3140 3804 verba?
3194 3751 3284 3804 Co:
3309 3749 3488 3804 sidera

1891 3854 2146 3917 quantum
2176 3843 2420 3914 procellae
2446 3842 2638 3898 deinde
2679 3843 2806 3898 Saftl
2848 3841 3096 3898 sustinuit
3123 3884 3137 3906 ,
3166 3857 3284 3896 Cum
3315 3841 3485 3910 ipsius

1892 3936 2095 3991 viscera
2122 3936 2552 4005 dirumperentur
2577 3978 2588 3997 ,
2615 3945 2672 3989 et
2699 3935 2962 4006 utrimque
3008 3935 3484 4004 prtllttntlib‘s‘imm

1890 4037 2171 4099 appareret
2193 4028 2576 4096 prcccipitium;
2627 4027 2719 4081 Sed
2751 4037 2924 4082 tamen
2957 4042 3053 4081 nec
3093 4028 3158 4080 ita
3207 4037 3482 4082 correctus

1890 4130 1973 4174 cst
1993 4137 2006 4172 :
2029 4118 2123 4174 sed
2147 4118 2270 4189 quid
2297 4118 2410 4172 ait?
2445 4117 2566 4171 Ilwc
2596 4118 2750 4189 faciat
2779 4119 2901 4171 milii
2941 4117 3108 4181 Deus,
3140 4131 3185 4170 et
3217 4119 3326 4170 Iia'c
3346 4121 3481 4188 adji-

1888 4211 1989 4264 ciat
2009 4251 2024 4276 ,
2048 4211 2287 4280 quoniam
2321 4221 2479 4264 morte
2504 4211 2730 4264 morieris
2765 4209 2914 4263 hodie
2939 4211 2956 4278 (
2989 4209 3068 4263 Ib.
3098 4232 3148 4268 ν.
3178 4212 3240 4264 Η
3266 4211 3306 4281 ).
3343 4210 3482 4266 Euro

1890 4302 2101 4356 tertium
2131 4317 2316 4356 rursus
2340 4301 2701 4372 juramcntum
2724 4343 2738 4367 ,
2771 4317 2869 4356 nec
2895 4301 3204 4371 simpliciter
3231 4303 3440 4357 Icilium
3459 4342 3482 4366 ,

1886 4393 1982 4448 Sed
2019 4395 2179 4449 etiam
2215 4409 2335 4449 cum
2376 4395 2538 4448 multa
2580 4395 2835 4463 temporis
2883 4396 3142 4464 angustia.
3189 4395 3304 4449 Non
3331 4397 3472 4450 enim

1887 4487 2200 4556 simpliciter
2241 4486 2420 4554 dixit,
2475 4485 2751 4541 Morieris:
2789 4487 2882 4541 sed
2933 4485 3116 4541 Ilodie.
3170 4487 3478 4544 chtiuahat

1885 4581 2027 4635 enim
2065 4579 2310 4635 diabolus
2350 4581 2521 4649 ipsum
2568 4581 2618 4634 in
2664 4579 2801 4634 hanc
2836 4580 3048 4650 impiam
3073 4595 3231 4650 agere
3269 4581 3472 4636 eodem

1885 4683 1937 4727 et
1983 4672 2276 4742 impellere.
2336 4671 2622 4740 Propterea
2666 4667 2770 4726 nec
2806 4672 3084 4726 sententia:
3110 4681 3302 4726 statqu
3329 4673 3474 4728 diem

1882 4763 2138 4818 adhibere
2185 4764 2472 4833 permittit,
2504 4780 2569 4816 nc
2594 4779 2696 4832 qua
2745 4779 2810 4818 ex
2839 4777 2992 4817 mora
3019 4763 3143 4816 mali
3178 4762 3265 4817 fiat
3292 4778 3474 4818 corre-

1883 4857 2010 4911 ctio.
2043 4855 2253 4911 Etdixit
2282 4855 2507 4926 populus
2531 4855 2597 4909 ad
2628 4857 2783 4911 Saul:
2814 4855 2938 4911 Παῖς
2955 4857 3111 4927 faciat
3134 4857 3275 4910 nobis
3308 4855 3469 4921 Deus,

1881 4960 1930 5004 et
1975 4951 2082 5004 Ita’c
2120 4950 2362 5018 adjiciat,
2390 4951 2434 5002 si
2468 4961 2625 5002 morte
2666 4951 2905 5005 morietur
2935 4990 2952 5015 ,
3001 4951 3086 5020 qui
3109 4950 3226 5020 fecit
3253 4950 3468 5002 salutem

1881 5057 2118 5112 magnam
2150 5039 2335 5096 Israel.
2387 5040 2517 5096 Vivit
2561 5040 2813 5096 Dominus
2845 5085 2858 5106 ,
2906 5043 2951 5096 si
2979 5041 3122 5095 cadet
3165 5041 3381 5109 capillus
3407 5041 3474 5093 de

1882 5134 2044 5202 capite
2059 5136 2168 5204 ejus
2185 5134 2235 5186 in
2265 5145 2472 5198 terram,
2495 5134 2612 5203 quia
2632 5133 3026 5188 misericordiam
3044 5131 3142 5186 Dei
3166 5131 3284 5202 fecit
3313 5132 3366 5185 in
3388 5132 3474 5186 die

1883 5225 1977 5278 hac
2006 5223 2164 5294 (Ibid.
2197 5247 2245 5279 v.
2273 5225 2387 5293 45).
2420 5225 2562 5281 Ecce
2586 5234 2641 5281 et
2679 5225 2904 5296 populus
2930 5223 3221 5280 secundum
3245 5224 3468 5295 jnravit,

1881 5326 1934 5372 et
1966 5318 2074 5388 regi
2112 5320 2437 5372 contrarium
2463 5319 2678 5388 juravit.
2730 5318 2878 5373 Nunc
2905 5317 3032 5372 mihi
3063 5319 3468 5374 reminiscimini

1881 5409 2170 5466 funiculum
2192 5427 2220 5465 a
2252 5412 2486 5481 puerulis
2515 5422 2733 5466 tractum
2765 5453 2780 5476 ,
2821 5422 2876 5466 et
2916 5411 3213 5482 disruptum
3237 5453 3254 5479 ,
3280 5423 3334 5467 et
3361 5423 3468 5468 lm-

1947 5526 1963 5556 ¹
1999 5527 2248 5574 Sententia
2292 5525 2573 5586 imperfecta
2607 5525 2796 5576 videtur
2840 5523 3202 5574 ttontefalconio
3223 5539 3299 5574 cui
3323 5527 3469 5576 mini-

1878 5599 1959 5636 me
1980 5588 2290 5649 assentimus.
2315 5595 2552 5649 Czeterum
2571 5589 2730 5636 omnia
2759 5586 3054 5649 exemplaria
3078 5589 3148 5637 sic
3170 5587 3371 5640 habent.

1941 5650 1962 5681 ³
1999 5647 2084 5700 Alii
2107 5661 2205 5697 uno
2229 5649 2397 5706 verbo,
2425 5645 2680 5701 lwtabatur
2702 5645 2921 5700 omnibus
2939 5648 3119 5699 anxiis.

1943 5711 1964 5743 ³
1996 5717 2062 5762 tta
2077 5719 2179 5763 ειν.
2207 5720 2258 5765 et
2281 5712 2485 5764 maxima
2509 5725 2621 5779 pars
2639 5721 2740 5763 Mss.
2762 5710 2905 5763 Morel
2923 5725 3041 5762 vero
3066 5706 3464 5775 :inguummel.
