4070 6208
513 225 604 280 151

509 341 702 394 luentes
727 335 948 406 supinos
976 332 1362 404 projicientem.
1389 325 1745 384 Ιιιτίιγίιεςιῡι
1775 339 1880 379 non
1905 321 2097 388 semel,

517 445 690 499 neque
709 428 826 496 bis,
855 425 951 482 sed
977 436 1031 481 et
1058 425 1281 494 smpius:
1313 421 1578 476 contraria
1599 419 1796 489 juravit
1827 414 2054 486 populus
2087 455 2104 478 ,

513 533 567 576 et
587 521 698 592 jam
721 516 1096 576 contendebat.
1125 515 1354 570 Necesse
1376 511 1486 582 jam
1507 511 1726 565 omnino
1746 508 2108 577 juramentum

507 614 688 671 ‘scindi
718 631 730 666 :
765 627 886 666 nam
933 619 1033 664 hos
1061 623 1247 663 omnes
1275 620 1400 660 vere
1421 606 1631 673 jurasse
1650 610 1733 656 est
1759 597 2106 669 impossibile.

592 704 1011 758 Juramentorum
1040 701 1227 753 damna
1252 696 1432 750 multa.
1454 725 1526 735 —
1555 693 1661 748 Nec
1685 692 1814 746 mihi
1844 690 1920 744 rei
1948 703 2111 743 even-

519 803 634 849 tum
665 794 834 857 dicas,
862 790 956 847 sed
985 791 1178 860 cogita,
1207 796 1336 858 quot
1362 786 1498 840 mala
1529 783 1904 842 nascebantur.
1926 789 1979 833 et
2005 786 2114 831 tra-

529 883 755 956 gtediam
794 892 848 937 ct
874 879 1208 954 tyrannidem
1234 877 1473 933 venturis
1503 891 1598 946 per
1625 873 1877 928 Absalom
1915 869 2117 924 similes

534 978 657 1032 hinc
695 976 936 1034 diabolus
978 973 1237 1029 struebat.
1266 971 1321 1027 Si
1354 970 1496 1024 enim
1543 967 1802 1022 voluisset
1846 979 1936 1018 rex
1981 962 2115 1016 resi-

530 1081 674 1125 stcre
711 1080 764 1124 et
799 1068 865 1122 ad
897 1068 1256 1137 juramentum
1300 1062 1614 1135 procedere,
1657 1069 1798 1114 totus
1839 1058 2122 1112 restitisset

534 1161 779 1231 populus,
831 1168 884 1214 et
915 1157 1154 1230 tyrannis
1201 1156 1568 1211 crudelissima
1607 1153 1742 1206 facta
1793 1151 1978 1204 fuisset
2016 1162 2031 1201 :
2069 1155 2124 1201 et

531 1264 746 1307 rursum
788 1252 833 1306 si
875 1251 1131 1306 voluisset
1177 1251 1316 1304 lilius
1357 1248 1584 1318 propria:
1629 1245 1918 1301 consulens
1965 1242 2122 1296 saluti

530 1345 772 1414 seipsum
796 1344 1054 1397 exercitui
1077 1341 1296 1406 dedere,
1322 1339 1586 1410 parricida
1613 1339 1786 1392 statim
1813 1336 2122 1392 exstitisset.

537 1433 700 1489 Vides
727 1443 780 1488 et
810 1432 1162 1504 tyrannidem,
1192 1441 1245 1486 et
1275 1431 1365 1484 lilii
1388 1447 1448 1502 ea
1468 1427 1611 1493 dem,
1634 1439 1687 1483 et
1709 1427 2048 1497 parricidium
2075 1435 2129 1479 et

539 1527 733 1580 bellum
765 1526 940 1588 civile,
972 1535 1025 1578 et
1050 1507 1298 1592 pugnam,
1327 1529 1381 1575 et
1403 1521 1783 1590 jugulationes,
1811 1529 1865 1572 et
1887 1532 2126 1582 cruores,

537 1628 595 1670 et
641 1617 842 1669 infinita
889 1614 1149 1668 cadavera
1194 1629 1260 1667 ex
1300 1627 1406 1665 uno
1456 1620 1660 1682 patrata
1700 1611 2022 1680 juramento.
2072 1610 2128 1663 Si

538 1722 777 1774 namque
819 1705 1018 1758 bellum
1067 1704 1177 1757 lieri
1222 1704 1537 1766 accidisset,
1569 1711 1624 1756 et
1661 1701 1786 1755 Sat'tl
1823 1700 2042 1755 forsitan
2079 1709 2133 1753 ct

547 1795 808 1848 Jonathas
843 1794 1112 1863 jugulatus
1146 1794 1359 1857 fuisset,
1389 1804 1443 1847 ct
1473 1793 1624 1847 multi
1651 1793 1875 1847 militum
1913 1792 2136 1846 fuiSSt-ut

553 1886 843 1939 trucidati:
889 1893 942 1939 et
993 1885 1122 1938 nulli
1167 1886 1243 1939 sic
1280 1886 1639 1954 jurame..tum
1683 1884 1818 1940 bene
1861 1886 2132 1938 cessisset.

547 1977 730 2047 Itaque
769 1992 836 2032 ne
860 1977 1170 2032 consideres
1207 1976 1326 2043 hoc,
1349 1978 1489 2047 quod
1540 1994 1644 2031 non
1684 1976 1754 2031 ita
1802 1977 1997 2031 factum
2028 1978 2134 2040 sit;

549 2071 644 2126 sed
673 2070 801 2125 illud
829 2069 1108 2125 considera
1131 2111 1146 2135 ,
1184 2069 1325 2139 quod
1355 2069 1428 2124 rei
1458 2078 1645 2123 natura
1677 2072 1789 2124 ha-c
1834 2069 1946 2124 ﬁeri
1973 2084 2137 2139 coge-

552 2163 644 2216 bat
687 2179 700 2216 :
751 2163 976 2232 populus
1023 2171 1200 2216 autem
1243 2161 1386 2216 vicit.
1437 2162 1549 2231 Age
1596 2161 1754 2231 igitur
1799 2174 2140 2214 numeremus

541 2253 836 2308 connuissa
881 2253 1133 2323 perjuria.
1175 2253 1514 2309 Temeratum
1571 2264 1650 2307 est
1694 2253 1922 2323 primum
1966 2251 2142 2307 Saulis
2186 2292 2192 2300 .

545 2338 910 2414 iui-amentum
951 2360 981 2399 a
1027 2345 1135 2398 filio
1179 2363 1192 2399 :
1234 2345 1526 2399 secundum
1568 2360 1788 2411 rursus,
1833 2353 1886 2399 et
1927 2346 2141 2398 tertium

557 2436 726 2506 ipsius
754 2436 927 2491 Saulis
951 2436 1018 2491 de
1062 2436 1152 2490 ﬁlii
1180 2436 1325 2491 cede
1349 2454 1362 2490 :
1395 2447 1450 2492 et
1475 2439 1620 2491 visus
1649 2446 1732 2491 est
1763 2438 1989 2507 populus
2021 2450 2145 2492 vere

551 2530 798 2598 jurasse;
827 2529 921 2583 sed
958 2529 1001 2582 si
1041 2529 1159 2598 quis
1185 2529 1467 2599 diligenter
1509 2546 1621 2584 rem
1667 2531 1962 2595 examinet,
1997 2540 2050 2585 et
2091 2529 2145 2584 bi

562 2633 748 2672 rursus
772 2632 961 2671 omnes
989 2618 1208 2687 perjurii
1246 2619 1561 2673 criminibus
1590 2619 1808 2674 obnoxii
1847 2619 1971 2674 facti
2000 2633 2145 2676 smn.

557 2704 732 2775 Ipsius
753 2707 895 2763 enim
912 2707 1156 2762 Jonatha:
1180 2719 1384 2778 patrem
1406 2711 1649 2779 pejerare
1672 2721 1982 2782 coegerunt,
2012 2713 2148 2783 patri

559 2799 732 2852 ttilium
767 2816 870 2854 non
917 2799 1194 2856 dedentes.
1243 2801 1402 2857 Vides
1440 2811 1569 2871 quot
1614 2801 1861 2858 homines
1905 2813 2014 2857 tum
2059 2821 2153 2858 vo-

555 2891 772 2956 lentes,
826 2901 934 2946 tum
979 2893 1171 2947 invitos
1219 2894 1452 2964 perjurio
1497 2895 1758 2952 obnoxios
1812 2914 1973 2951 unum
2030 2897 2152 2953 fecit

562 2983 966 3052 juramcntum?
1000 2994 1130 3055 quot
1177 2987 1314 3040 maia
1355 2987 1594 3042 ntolltum
1649 2998 1763 3056 est,
1810 2999 1937 3060 quot
1976 2989 2154 3045 czcdes

563 3074 796 3142 patravit
820 3075 834 3128 !

641 3165 693 3220 6.
725 3163 985 3235 Equidem
1031 3181 1336 3223 sermonem
1370 3169 1630 3240 incipiens
1676 3171 1892 3241 promisi
1939 3187 2025 3226 me
2061 3171 2155 3226 de-

566 3269 987 3313 monstraturum
1021 3260 1074 3314 in
1102 3263 1382 3316 contrariis
1412 3263 1732 3333 juramentis
1770 3267 1990 3320 omnino
2041 3282 2159 3335 per-

565 3352 763 3419 juriuro
783 3353 953 3415 nasci,
980 3352 1196 3409 historia
1220 3371 1346 3410 vero
1368 3371 1644 3427 progressa
1671 3359 1837 3413 multo
1861 3358 1976 3428 plus
2001 3375 2069 3428 qu
2089 3375 2157 3413 am

570 3443 808 3497 conabar
851 3444 1242 3500 demonstravit
1274 3464 1287 3499 :
1320 3463 1424 3501 non
1467 3449 1608 3502 enim
1637 3465 1796 3503 unum
1834 3459 1888 3504 et
1931 3449 2065 3504 duos
2107 3461 2161 3504 ct

568 3543 684 3588 tres
716 3536 957 3590 homines
978 3575 992 3597 .
1024 3537 1115 3591 sed
1147 3537 1420 3608 populum,
1467 3556 1571 3592 non
1601 3556 1764 3595 unum
1812 3550 1865 3595 ct
1896 3541 2024 3607 tria,
2065 3541 2162 3596 sed

574 3627 741 3680 multo
767 3627 918 3696 plura
955 3627 1257 3699 juratnenta
1286 3639 1541 3686 temerata
1577 3631 1830 3687 exhibuit.
1864 3632 2078 3687 Liccbat
2108 3641 2160 3688 et

573 3717 731 3772 aliam
762 3735 978 3775 narrare
1005 3719 1304 3789 historiam,
1331 3731 1385 3777 et
1405 3739 1470 3780 ex
1503 3723 1590 3778 illa
1633 3723 2003 3779 demonstrare
2043 3740 2164 3794 gra-

575 3810 780 3864 viorem
829 3812 928 3866 hac
969 3821 1024 3866 et
1069 3814 1324 3882 majorem
1369 3816 1724 3870 calamitatem
1771 3833 1931 3872 ttnttm
1975 3816 2165 3874 fecisse

581 3903 965 3971 juramen-tum.
997 3904 1208 3960 Etenim
1239 3907 1513 3962 civitatum
1545 3919 1598 3963 et
1643 3911 1924 3965 mulierum
1955 3920 2008 3966 et
2035 3926 2163 3981 pue-

580 3993 822 4049 rulorurn
846 3995 1186 4065 captivitate,
1223 4007 1278 4052 et
1316 3997 1593 4066 incendio,
1627 4012 1680 4056 et
1707 4001 2052 4056 barbarorum
2083 4004 2163 4057 in-

579 4086 799 4142 vasione
818 4128 833 4153 ,
859 4096 915 4142 et
938 4099 1242 4144 sanctorum
1279 4090 1570 4160 pollutione
1590 4130 1607 4159 ,
1652 4101 1704 4146 et
1735 4093 2024 4148 innumeris
2050 4093 2169 4148 aliis

577 4182 913 4250 gravioribus
940 4183 1093 4240 malis
1125 4183 1340 4239 Iudaeos
1369 4184 1546 4239 atl‘ccit
1584 4201 1745 4239 unum
1774 4199 1963 4241 omnes
1995 4185 2168 4256 jusju-

583 4273 830 4327 randum.
856 4273 962 4329 Sed
991 4275 1043 4328 in
1087 4275 1304 4346 longum
1341 4290 1646 4331 sermonem
1680 4276 1924 4346 protendi
1962 4275 2117 4330 video
2154 4293 2168 4332 :

585 4376 870 4438 propterea
897 4367 1132 4423 historize
1164 4369 1320 4437 hujus
1343 4370 1702 4423 narrationem
1735 4368 1820 4424 hic
1845 4368 2125 4424 absolvens
2149 4411 2164 4436 ,

583 4473 707 4514 cum
731 4458 954 4513 Joannis
973 4461 1148 4530 capite
1172 4459 1416 4515 Jonathze
1440 4459 1663 4526 ctedem,
1687 4471 1740 4515 et
1763 4459 2049 4530 perniciem
2079 4475 2168 4530 ge-

587 4550 822 4606 neralem
863 4552 1026 4606 totius
1049 4553 1230 4622 populi
1276 4552 1399 4608 licet
1428 4568 1532 4607 non
1573 4552 1892 4618 admissam,
1922 4553 1988 4607 de
2018 4553 2168 4623 jura-

587 4650 887 4698 mentorum
915 4651 1092 4697 tamen
1120 4645 1436 4699 necessitate
1463 4645 1884 4714 provenientem,
1916 4645 2053 4699 inter
2079 4659 2172 4699 vos

583 4748 1010 4789 commemorare
1040 4733 1313 4800 exhortor,
1337 4744 1390 4788 et
1415 4734 1581 4799 domi,
1611 4745 1665 4790 et
1701 4735 1752 4788 in
1789 4735 1924 4804 foro,
1953 4744 2004 4790 et
2031 4733 2171 4804 apud

583 4828 862 4896 conjuges.
892 4835 949 4881 et
991 4825 1129 4897 apud
1175 4826 1407 4893 amicos,
1434 4834 1488 4881 et
1515 4825 1652 4897 apud
1696 4825 1901 4882 vicinos
1922 4869 1936 4894 ,
1959 4834 2015 4881 et
2036 4826 2172 4897 apud

588 4934 780 4975 omnes
798 4919 1118 4992 generaliter
1142 4918 1297 4988 lmjus
1314 4919 1390 4973 rei
1421 4934 1604 4974 curam
1621 4935 1806 4991 gerere
1833 4937 1846 4973 :
1873 4935 1971 4974 nec
1990 4930 2174 4989 putare

591 5012 838 5068 idoneam
873 5027 994 5068 esse
1034 5012 1186 5066 nobis
1217 5010 1616 5076 defensionem,
1662 5011 1706 5066 si
1735 5012 2174 5068 consuetudinem

589 5106 1004 5172 pra-tendamus.
1032 5103 1185 5174 Quod
1221 5105 1363 5160 enim
1391 5105 1662 5160 excusatio
1695 5105 1810 5160 lucc
1848 5107 1917 5160 sit
1958 5115 2012 5162 et
2041 5121 2178 5175 prir-

590 5207 785 5263 textus,
813 5215 911 5255 nec
953 5199 1374 5263 consuetudinis,
1410 5197 1504 5254 sed
1539 5198 1770 5268 torporis
1799 5199 1867 5252 sit
1901 5199 2076 5268 culpa,
2109 5198 2177 5251 ab

599 5285 683 5342 his
711 5305 828 5357 qua!
855 5291 962 5358 jam
989 5307 1240 5359 evenere,
1271 5292 1424 5347 vobis
1450 5291 1770 5362 persuadere
1799 5293 2052 5347 conabor.

664 5377 950 5450 Imperator
979 5387 1314 5440 Antiocheam
1335 5386 1525 5440 balneis
1546 5386 1872 5440 interdixerat
1888 5386 1938 5438 in
1955 5401 2172 5454 poenam.

593 5469 838 5528 Civitatis
864 5471 1052 5529 balnea
1081 5476 1372 5546 Imperator
1401 5477 1692 5543 obstruxit,
1723 5491 1777 5530 Ct
1815 5475 1978 5530 lavari
2018 5478 2176 5544 jussit

594 5564 883 5630 neminem,
915 5573 968 5619 et
1001 5565 1169 5636 legem
1211 5569 1504 5638 transgredi
1529 5579 1616 5625 est
1653 5584 1814 5624 ausus
1859 5582 2038 5632 nemo,
2083 5578 2174 5622 aut

597 5657 792 5714 factum
835 5657 1116 5722 incusare,
1149 5669 1238 5713 aut
1285 5659 1722 5718 consuetudinem
1777 5658 2108 5728 praetendere
2155 5675 2170 5715 :

1251 213 1308 269 S.
1347 202 1623 269 JOANNlS
1659 201 2133 264 CIIRYSOSTOMI
2180 195 3049 262 ARCHIEP.CONSTANT!NOP.

3571 220 3590 242 ‘
3675 207 3766 263 152

2213 338 2396 377 verum
2419 331 2472 378 et
2493 321 2583 393 qui
2612 336 2756 391 smpe
2782 331 2906 374 sunt
2935 320 2987 374 in
3016 317 3328 390 aegritudine
3353 319 3472 387 viri,
3503 318 3767 388 mulieres,

2212 415 2362 484 pueri
2392 423 2446 469 et
2471 427 2649 480 senes,
2673 424 2728 467 et
2752 413 2931 467 multa:
2958 422 3143 484 partus
3162 411 3435 467 doloribus
3461 422 3690 466 recentcr
3715 412 3771 465 li-

2219 508 2419 562 berata:
2441 506 2716 570 mulieres,
2745 515 2801 560 et
2826 520 3013 558 omnes
3041 503 3348 558 necessario
3374 504 3477 558 tale
3503 503 3770 557 remedium

2219 609 2480 670 petentes,
2500 598 2667 653 velint
2684 591 2854 653 nolint
2878 596 3185 650 mandatum
3208 596 3310 650 hoc
3336 595 3532 658 ferunt,
3551 604 3602 649 et
3623 611 3774 666 neque

2220 693 2465 748 morbum
2494 690 2758 761 corporis,
2802 704 2975 758 neque
2999 687 3404 742 consuetudinis
3426 686 3774 758 tyrannidem,

2221 801 2394 856 neque
2427 784 2544 838 aliis
2595 781 2939 852 peccantibus
2973 795 3032 834 se
3075 779 3280 849 puniri,
3313 794 3410 833 nec
3443 777 3584 831 aliud
3616 777 3775 830 talium

2221 879 2510 950 quidquam
2556 873 2931 946 prmtcndunt:
2982 871 3076 928 sed
3124 871 3426 940 hujusmodi
3474 878 3621 939 grate
3660 869 3780 922 exci-

2224 972 2374 1041 pittnt
2399 967 2677 1032 ultionem,
2709 965 2828 1034 quia
2857 964 3055 1032 majora
3079 971 3387 1031 exspectant
3411 960 3570 1024 mala,
3601 970 3652 1014 et
3671 974 3781 1028 quo-

2227 1059 2352 1120 tidie
2402 1072 2684 1134 precantur
2736 1058 2994 1113 hactenus
3043 1057 3247 1125 regium
3311 1054 3545 1107 furorem
3597 1053 3780 1106 sistere.

2233 1157 2392 1211 Vides
2419 1153 2559 1225 quod
2585 1154 2670 1207 ubi
2699 1161 2784 1207 est
2805 1152 2981 1210 timor.
3015 1149 3169 1203 facile
3196 1147 3431 1202 solvatur
3458 1142 3783 1206 consuetudo,

2229 1248 2439 1306 etiamsi
2469 1247 2620 1301 valde
2661 1245 2910 1299 diuturna
2948 1243 3018 1297 sit
3047 1251 3102 1295 et
3140 1237 3471 1294 necessaria?
3515 1236 3669 1306 Atqui
3694 1249 3784 1289 non

2231 1344 2394 1398 lavari
2425 1356 2609 1412 grave.
2643 1339 2756 1393 Etsi
2783 1339 2924 1392 enim
2955 1336 3158 1390 centies
3187 1331 3657 1403 philosophemur,
3683 1343 3785 1381 cor-

2233 1435 2382 1504 poris
2427 1443 2613 1487 natura
2639 1429 2908 1499 arguitur,
2941 1427 3072 1480 nihil
3105 1427 3172 1480 ab
3197 1423 3359 1478 animi
3390 1418 3712 1491 philosophia
3741 1420 3786 1472 in

2235 1524 2503 1595 propriam
2521 1521 2877 1576 valetudinem
2896 1516 3134 1587 adjuvari
3159 1533 3172 1568 :
3193 1530 3301 1568 non
3317 1515 3497 1583 jurare
3514 1526 3641 1564 vero
3661 1508 3791 1562 valde

2236 1618 2410 1683 facile,
2443 1625 2498 1670 et
2526 1614 2728 1669 nullum
2751 1611 2902 1666 affert
2921 1619 3320 1672 nocumentum,
3352 1621 3458 1660 non
3482 1602 3791 1673 corporibus,

2239 1729 2344 1768 non
2372 1711 2586 1774 animis,
2611 1706 2705 1762 sed
2736 1706 2898 1761 etiam
2926 1704 3149 1758 multum
3176 1697 3547 1761 emolumenti,
3579 1707 3795 1765 magnam

2239 1804 2542 1866 utilitatem,
2572 1801 2792 1854 multam
2831 1794 3176 1866 epulentiam.
3205 1791 3484 1860 Quomodo
3521 1789 3672 1858 igitur
3705 1798 3794 1838 non

2239 1896 2530 1953 absurdum
2569 1896 2894 1964 Imperatore
2922 1888 3164 1960 iubente,
3200 1885 3289 1941 vel
3312 1882 3625 1939 difﬁcillima
3653 1878 3798 1933 sustis

2243 2005 2391 2053 nere,
2433 1987 2547 2042 Deo
2578 1999 2704 2040 vero
2743 1990 3012 2037 statuente
3051 1978 3100 2033 id
3145 1975 3285 2047 quod
3329 1989 3502 2044 neque
3531 1985 3684 2042 grave
3721 1967 3799 2032 sit,

2244 2096 2416 2150 neque
2437 2077 2674 2141 difficile,
2703 2089 2886 2130 verum
2915 2085 3170 2142 perquam
3193 2067 3347 2122 facile
3374 2075 3430 2120 et
3447 2059 3801 2150 commodum,

2243 2147 2590 2227 contemnere
2607 2180 2659 2224 et
2675 2166 2920 2223 deridere
2935 2173 2990 2220 et
3009 2159 3444 2217 consuetudinem
3462 2147 3808 2225 przetendere!

2244 2266 2341 2326 Ne.
2389 2278 2591 2334 qmcso,
2625 2278 2690 2317 ne
2730 2261 2781 2314 in
2816 2268 3014 2313 tantum
3057 2254 3280 2311 salutem
3319 2259 3551 2303 nostram
3587 2255 3811 2300 conteme

2249 2373 2457 2418 namus.
2482 2356 2574 2410 sed
2600 2355 2881 2408 timeamus
2903 2349 3086 2411 Deum,
3114 2345 3247 2399 sicut
3273 2343 3534 2396 hominem
3554 2340 3803 2390 timemus.

2249 2450 2380 2504 Novi
2426 2463 2525 2502 vos
2573 2445 2915 2500 exhorruiSse
2955 2439 3148 2494 talibus
3187 2435 3412 2496 auditis;
3461 2429 3549 2484 sed
3596 2428 3808 2479 horrore

2252 2541 2467 2609 dignum
2499 2549 2579 2592 est
2609 2553 2675 2590 ne
2705 2546 2909 2589 tantum
2943 2529 3155 2600 quidem
3206 2527 3332 2590 De»,
3359 2529 3598 2593 quantum
3643 2512 3811 2568 homi-

2254 2634 2407 2686 nibus
2451 2631 2709 2685 honorem
2745 2625 3068 2685 attribuere;
3111 2620 3204 2673 sed
3249 2613 3573 2686 imperatoria
3606 2609 3814 2664 decreta

2253 2725 2534 2794 diligenter
2552 2721 2920 2782 observantes,
2949 2715 3124 2768 divina
3146 2721 3199 2766 et
3218 2710 3286 2764 de
3305 2707 3446 2762 caelis
3467 2703 3674 2772 delapsa
3691 2714 3816 2754 con-
3837 2755 3842 2760 ,

2253 2821 2486 2884 enicarc,
2517 2825 2570 2870 et
2591 2823 3044 2884 supervacaneum
3072 2820 3189 2860 esse
3217 2812 3406 2874 putare
3432 2800 3570 2854 circa
3594 2794 3692 2848 hoc
3711 2799 3816 2846 stu-

2254 2911 2421 2966 dium.
2463 2908 2718 2977 Qua'nam
2763 2901 3032 2957 excusatio
3081 2897 3236 2951 nobis
3282 2893 3384 2948 erit
3428 2887 3664 2957 reliqua?
3710 2896 3820 2977 qua:

2259 3021 2388 3059 vero
2436 2973 2619 3065 venia,
2657 2995 2870 3070 quando
2914 3001 3038 3066 post
3081 2999 3280 3044 tantam
3320 2981 3728 3039 admonitionem
3771 2973 3821 3028 in

2260 3099 2448 3153 iisdem
2482 3088 2894 3165 permanentes?
2942 3085 3151 3141 Etenim
3185 3087 3434 3136 nascente
3462 3073 3673 3130 miseria
3699 3069 3821 3132 hac,

2259 3206 2377 3262 qua:
2404 3186 2673 3243 civitatem
2717 3183 2948 3243 detinet,
2994 3177 3132 3232 hanc
3175 3171 3347 3242 incepi
3377 3165 3820 3262 admonitionem:

2259 3255 2316 3338 et
2363 3281 2453 3337 illa
2491 3277 2706 3350 quidem
2739 3274 2849 3345 jant
2874 3271 3035 3326 debet
3078 3265 3246 3328 finiri,
3294 3277 3392 3317 nos
3438 3273 3567 3315 vero
3610 3255 3828 3310 nondum

2263 3391 2427 3430 ttnum
2467 3372 2797 3444 explevimus
2832 3363 3159 3420 mandatum.
3205 3354 3483 3426 Quomodo
3529 3352 3687 3423 igitur
3725 3361 3829 3402 ma-

2267 3471 2436 3523 lorum
2489 3481 2588 3520 nos
2635 3460 2989 3517 detinentium
3037 3463 3282 3525 petemus
3324 3447 3681 3507 solutionem,
3721 3455 3829 3494 cum

2266 3576 2365 3616 nec
2378 3574 2540 3613 unum
2561 3556 2709 3610 obire
2736 3551 3042 3607 mandatum
3060 3539 3417 3616 potuerimus?
3441 3535 3709 3608 quomodo
3722 3543 3832 3584 vero

2267 3654 2461 3708 bonam
2488 3645 2914 3716 exSpectabimus
2955 3634 3334 3695 mutationem?
3363 3629 3633 3703 quomodo
3673 3636 3832 3716 autem

2267 3715 2712 3810 orabimnsirqua
2755 3737 2934 3806 lingua
2976 3734 3142 3786 Deum
3187 3721 3592 3782 invocabimus?
3617 3719 3673 3774 Si
3705 3715 3831 3770 enim

2269 3839 2443 3908 legem
2479 3846 2865 3904 exsequamur,
2910 3827 3129 3882 multam
3176 3821 3448 3890 capiemus
3490 3814 3835 3881 voluptatem.

2273 3934 2598 4003 hnperatore
2619 3926 2820 3982 civitati
2846 3920 3157 3982 conciliato;
3181 3914 3224 3970 si
3243 3927 3370 3968 vero
3393 3912 3444 3964 in
3465 3914 3689 4004 peccato
3706 3915 3834 4004 man-

2271 3999 2522 4088 serimus,
2554 4019 2728 4093 pudor
2755 4029 2809 4073 et
2846 4013 3188 4086 opprobrium
3229 4005 3462 4075 undique
3507 3999 3669 4093 nobis
3707 3999 3838 4093 erit:

2274 4086 2526 4190 quoniam
2553 4086 2675 4170 cum
2706 4112 2848 4166 Deus
2869 4104 3162 4178 periculum
3191 4097 3430 4161 solverit,
3459 4091 3642 4190 nosAin
3669 4086 3842 4144 eodem

2275 4184 2567 4266 mansimus
2610 4216 2844 4275 torpore.
2887 4200 3103 4256 Utinam
3148 4193 3276 4250 mihi
3320 4190 3506 4246 liceret
3553 4184 3846 4254 frequenter

2271 4305 2562 4376 jurantium
2584 4300 2790 4354 animas
2816 4308 3029 4358 exuere,
3059 4300 3115 4347 et
3133 4291 3364 4360 ipsarum
3391 4280 3561 4376 oculis
3596 4276 3848 4376 subiicere

2276 4371 2499 4452 vulnera
2540 4401 2595 4447 et
2637 4388 2917 4445 cicatrices
2959 4397 3091 4455 quas
3119 4377 3355 4452 quotidie
3401 4371 3622 4440 capiunt
3659 4383 3688 4420 a
3715 4371 3848 4435 jura-

2279 4489 2511 4546 meutis:
2546 4500 2646 4540 nec
2676 4477 3055 4536 ειὼιιοηὶιίυηίε
3099 4482 3190 4526 aut
3214 4466 3422 4525 consilii
3460 4463 3847 4532 indigercmus:

2279 4583 2530 4655 quoniam
2557 4577 2836 4631 vulnerum
2868 4578 3115 4640 aspectus
3144 4562 3287 4618 omni
3313 4571 3565 4615 sermone
3591 4549 3850 4655 potentius

2281 4641 2405 4732 huic
2443 4671 2699 4744 improba:
2743 4659 3113 4722 consuetudini
3147 4658 3307 4712 etiam
3356 4651 3646 4723 plurimum
3690 4641 3854 4740 adhic:

2282 4783 2461 4827 rentes
2507 4743 2538 4822 a
2585 4762 2785 4819 malitia
2816 4759 3082 4812 abducere
3132 4757 3328 4821 posset.
3387 4743 3765 4799 Verumtamen
3812 4745 3853 4783 St

2283 4865 2458 4919 minus
2473 4858 2662 4922 oculis,
2690 4848 2995 4924 cogitationi
3016 4843 3227 4917 quidem
3247 4847 3394 4894 certe
3409 4837 3648 4906 ipsorum
3675 4827 3854 4882 anima:

2283 4956 2517 5011 dedecus
2547 4949 2831 5020 subjicere,
2863 4952 2918 4998 et
2943 4941 3110 5010 ipsam
3138 4933 3450 4990 tabefaCIam
3477 4936 3530 4982 ct
3556 4926 3854 5020 corruptam

2284 5044 2569 5102 ostendere
2593 5016 2736 5096 licet.
2769 5037 2911 5090 Sicut
2929 5031 3084 5094 enim,
3108 5025 3297 5096 inquit,
3324 5034 3493 5076 servus
3521 5016 3611 5086 qui
3633 5016 3855 5067 continue

2286 5137 2599 5209 flagellatur,
2629 5131 2690 5185 de
2716 5128 2947 5184 cicatrice
2969 5139 3070 5176 non
3101 5115 3418 5173 mumlabitur
3442 5127 3461 5165 :
3486 5109 3564 5210 sic
3579 5103 3859 5216 juransclfi

2290 5191 2298 5209 .
2361 5191 2386 5209 ,ι
2587 5191 2598 5200 .
3486 5200 3497 5210 .

2290 5231 2450 5284 Deum
2493 5241 2689 5295 semper
2727 5222 3014 5277 nominans,
3040 5232 3071 5267 α
3103 5218 3305 5284 peccato
3344 5221 3441 5258 non
3480 5212 3720 5295 innocens
3748 5191 3827 5294 ﬁet

2287 5326 2474 5398 (Eccli.
2503 5291 2734 5389 9.3.'tt).
2769 5309 3099 5384 lntpossibile
3127 5306 3289 5366 enim,
3332 5291 3663 5397 impossibile
3691 5291 3860 5398 osin-

2289 5376 2530 5474 i'amcnto
2554 5408 2931 5469 assuefactum,
2959 5417 3064 5456 non
3086 5397 3392 5467 frequenter
3411 5388 3670 5479 pejerare.
3733 5376 3863 5479 Proo

2291 5523 2470 5583 pterea
2500 5506 2741 5577 supplico
2770 5497 3038 5559 omnibus,
3059 5499 3118 5547 ut
3142 5484 3492 5559 perniciosam
3514 5478 3653 5533 hanc
3681 5481 3736 5528 et
3763 5478 3863 5522 tm-

2357 5667 2372 5697 ι
2409 5662 2545 5713 Savil.
2567 5671 2618 5714 et
2639 5659 2819 5722 aliquot
2843 5665 2967 5718 Mss,
2991 5653 3248 5718 impunita:
3268 5650 3373 5707 erit.
