4070 6208
480 190 582 245 155

470 307 671 373 ταύτην
703 304 798 357 καὶ
831 302 1074 374 πονηρὰν
1107 303 1394 374 συνήθειαν
1427 308 1798 380 ἀποθεμένους
1827 313 1926 383 τῆς
1949 314 2146 387 ψυχῆς,

472 397 655 464 ἕτερον
677 391 938 460 στέφανον
961 391 1351 464 ἀναδήσασθαι.
1375 395 1486 448 Καὶ
1506 396 1697 468 ῶσπερ
1720 400 1996 469 πανταχοῦ
2022 403 2152 472 περὶ

469 481 567 549 τῆς
605 480 811 543 πόλεως
844 479 1028 551 ᾅδουσι
1071 479 1170 549 τῆς
1196 481 1491 553 ἡμετέρας,
1533 483 1614 536 ὅτι
1661 484 1852 559 πρώτη
1880 487 1987 540 τῶν
2010 488 2150 542 κατά

468 568 564 638 τὴν
589 567 915 638 οἰκουμένην
944 567 1172 620 ἀπασῶν
1201 568 1263 620 τδ
1302 565 1455 641 [151]
1484 571 1826 640 Χριστιανῶν
1850 573 2021 644 ὄνομα
2057 577 2150 628 ἀν-

470 655 694 708 εδύσατο
717 668 770 720 ε,
793 655 935 708 οὕτω
959 654 1075 708 δότε
1103 656 1237 708 πᾶσι
1259 653 1554 724 λέγειν,ὃτι
1574 658 1713 730 μόνη
1739 659 1848 713 τῶν
1875 661 2016 715 κατὰ
2049 663 2150 734 τὴν

469 742 795 814 οἰκουμένην
819 742 1048 796 ἀπασῶν
1103 742 1401 812 Ἀντιόχεια
1428 743 1554 807 τοὺς
1574 745 1770 815 ὅρκους
1796 747 1905 800 τῶν
1934 748 2150 802 οἰκείων

469 833 612 904 ὅρων
635 829 904 902 ἀπήλασε,
951 829 1170 884 Μᾶλλον
1195 829 1273 894 δὲ,
1310 828 1377 885 ἂν
1405 829 1562 886 τοῦτο
1587 830 1833 904 γένηται,
1874 834 1976 888 οὐκ
2007 834 2149 906 αὐτὴ

473 919 951 990 στεφανωθήσεται
1006 917 1161 988 μόνη,
1216 917 1354 972 ἀλλά
1398 918 1493 972 καὶ
1523 918 1718 991 ἐτέρας
1761 920 1842 984 εἰς
1867 920 1960 974 τὸν
1987 921 2151 976 αὐτὸν

473 1008 648 1072 ἐνάξει
686 1007 844 1078 ζῆλον
867 1023 882 1037 θ
945 1008 1038 1060 καὶ
1075 1005 1326 1078 καθάπερ
1351 1007 1413 1060 τὸ
1456 1006 1628 1077 ὄνομα
1667 1008 1776 1062 τῶν
1805 1008 2152 1080 Χριστιανῶν

469 1095 660 1164 ῶσπερ
695 1094 758 1148 ἐκ
793 1111 940 1158 τινος
977 1094 1162 1165 πηγῆς
1207 1094 1452 1148 ἐντεῦθεν
1491 1095 1797 1167 ἀρξάμενον
1835 1098 2016 1150 πᾶσαν
2047 1096 2146 1169 τήν

474 1183 798 1254 οἰκουμένην
863 1182 1182 1251 ἐπέκλυσεν,
1228 1183 1372 1236 οὕτω
1425 1183 1490 1255 δὴ
1549 1185 1643 1238 καί
1694 1184 1757 1237 τὺ
1813 1184 2147 1256 κατόρθωμα

472 1270 626 1324 τοῦτο
679 1271 777 1332 τὴν
843 1270 998 1334 ῥίζαν
1053 1271 1144 1323 καὶ
1196 1270 1296 1342 τὴν
1344 1271 1598 1344 ἀφορμὴν
1658 1270 1907 1326 ἐντεῦθεν
1960 1270 2142 1336 λαϐὸν,

533 1428 560 1457 ⁸
582 1429 692 1476 Sav.
716 1434 764 1473 cl
781 1430 974 1486 quidam
998 1440 1113 1474 mss.
1138 1426 1420 1484 ἀνεδήσατο.

1259 189 1317 245 S.
1371 190 1659 248 JOANNIS
1694 195 2186 256 CIIRYSOSTOM'I
2226 200 2546 258 ARCHIEP.
2592 204 3136 263 CONSTANTiNOP.

3805 215 3880 274 151

2256 317 2466 382 πάντας
2526 318 2652 383 τοὺς
2706 321 2808 391 τὴν
2840 322 2945 390 γῆν
2995 323 3276 386 οἰκοῦντας
3326 323 3645 398 ἀνθρώπως
3691 329 3889 403 μαθητὰς

2256 404 2557 476 ὑμετέρους
2613 405 2906 490 ἐργάσεται
2931 448 2946 472 ,
2997 407 3137 462 ὥστε
3201 410 3421 465 διπλοῦν
3479 415 3606 484 ὑμῖν
3662 417 3751 471 καὶ
3796 437 3889 490 τρι-

2256 489 2425 544 πλοῦν
2449 491 2702 560 γενέσθαι
2729 492 2821 546 τὸν
2843 477 3059 564 μισθὸν,
3081 497 3176 549 καί
3200 497 3342 570 ὑπὲρ
3364 498 3472 554 τῶν
3499 477 3710 556 οἰκείων
3734 477 3889 577 κατορ-

2255 576 2546 646 θωμάτων,
2582 579 2676 631 καί
2709 579 2851 654 ὑπὲρ
2880 581 2978 652 τῆς
3013 583 3122 637 τῶν
3153 583 3328 639 ἄλλων
3361 585 3722 653 διδασκαλίας.
3754 576 3892 646 Τοῦτο

2255 664 2589 751 διαδήματος
2623 666 2752 738 ὑμῖν
2785 669 2987 734 παντὸς
3017 669 3172 725 ἔσται
3201 673 3598 746 λαμπρότερον,
3639 677 3890 751 106101911-

2251 750 2508 822 τρόπολιν
2548 752 2679 824 ὐμῖν
2715 757 2928 828 ποιήσει
2958 756 3057 829 τὴν
3091 759 3267 823 πόλιν,
3309 761 3411 815 οὐκ
3461 763 3520 816 ἐν
3564 767 3630 834 τῇ
3668 767 3758 836 γῇ,
3785 750 3894 823 ἀλλά

2252 837 2347 891 καὶ
2379 837 2472 892 ἐπὶ
2502 839 2613 895 τῶν
2651 841 2940 914 οὐρανῶνῢ
2962 859 2979 875 ·
3034 845 3193 899 τοῦτο
3220 848 3316 900 καὶ
3352 847 3471 901 κατ’
3503 850 3719 921 ἐκείνην
3768 854 3893 923 ἡμῶν

2253 926 2624 998 προστήσεται
2655 929 2755 1001 τὴν
2788 931 3022 1003 ⁴ήμέραν,
3053 933 3148 986 καὶ
3173 933 3264 986 τὸν
3291 934 3391 1004 τῆς
3412 934 3755 1010 δικαιοσύνης
3787 941 3894 1011 ήμῖν

2252 1011 2389 1066 οἴσει
2418 1013 2680 1084 στέφανον
2702 1033 2716 1047 ο
2753 1012 2815 1071 οῦ
2850 1019 3059 1087 γένοιτο
3099 1021 3308 1086 πάντας
3332 1024 3480 1094 ἡμᾶς
3501 1025 3790 1096 ἐπιτυχεῖν,
3814 1030 3897 1097 χά-

2258 1115 2366 1170 ριτι
2396 1101 2493 1183 καὶ
2521 1101 2899 1178 φιλανθρωπίᾳ
2924 1107 3016 1161 ¹τοῦ
3043 1108 3251 1177 Κυρίου
3275 1109 3432 1179 ὴμῶν
3463 1110 3636 1182 Ἰησοῦ
3663 1112 3893 1183 Χριστοῦ,

2255 1186 2376 1256 μεθ’
2399 1181 2461 1241 οὐ
2493 1188 2572 1260 τῷ
2604 1191 2782 1263 Πατρὶ
2818 1192 2854 1264 ή
2885 1193 3030 1261 δόξα,
3065 1194 3183 1266 ἅμα
3223 1194 3301 1266 τῷ
3336 1196 3474 1269 ἁγίῳ
3501 1181 3790 1270 Πνεύματι,
3816 1202 3898 1258 νῦν

2253 1273 2346 1326 καί
2373 1273 2480 1338 ἀεὶ,
2516 1277 2610 1330 καὶ
2638 1279 2719 1342 είς
2745 1280 2872 1345 τοὺς
2898 1280 3101 1346 αἰῶνας
3127 1282 3234 1336 τῶν
3269 1283 3500 1342 αἰώνων.
3552 1285 3606 1339 Ἀ
3617 1289 3743 1358 μήν.

2316 1423 2345 1463 ι’
2368 1425 2468 1476 Alii
2491 1428 2539 1476 ἐν
2560 1429 2630 1493 τῷ
2654 1429 2855 1497 οὐρανῷ.

473 1738 599 1789 Ἔτι
630 1737 715 1799 εις
741 1731 855 1801 τὴν
877 1730 1196 1799 συμφορὰν
1217 1726 1328 1798 τῆς
1351 1729 1582 1793 πόλεως
1617 1726 1999 1796 Ἀντιοχείας,
2027 1724 2126 1780 καί
2164 1724 2253 1778 ὅτι
2293 1723 2596 1795 χρήσιμον
2619 1728 2930 1796 πανταχοῦ
2956 1729 3160 1797 φόϐος,
3197 1729 3294 1784 καί
3351 1730 3441 1784 ὅτι
3493 1729 3708 1798 πένθος
3738 1734 3906 1803 γέλω-

541 1844 643 1891 τος
669 1822 1194 1890 λυσιτελέστερον,
1263 1819 1362 1876 καὶ
1397 1822 1484 1886 εἰς
1513 1819 1628 1888 τὴν
1649 1817 1841 1889 ῥῆσιν
1873 1818 1988 1888 τὴν
2023 1817 2365 1888 λέγουσαν·
2409 1818 2701 1885 Ἐπίγνωθι
2748 1820 2830 1873 ὅτι
2857 1821 2915 1872 ἐν
2957 1821 3107 1891 μέσῳ
3167 1822 3407 1891 παγίδων
3452 1823 3768 1889 διαϐαίνεις·
3813 1829 3905 1883 καί

533 1918 631 1971 ὅτι
667 1915 771 1970 τοῦ
803 1916 1084 1985 φονεύειν
1115 1913 1182 1967 τὸ
1215 1911 1466 1981 ὁρκίζειν
1487 1911 1709 1981 χεῖρον.

1143 2165 1376 2232 Ὁμιλία
1409 2172 1493 2220 ιε’.

535 2260 607 2308 α’.
621 2254 768 2306 Ἔδει
797 2255 890 2307 καὶ
907 2255 1142 2324 τήμερον
1156 2253 1251 2306 καὶ
1266 2251 1344 2322 τῷ
1363 2250 1613 2323 προτέρῳ
1625 2248 1878 2319 σαϐϐάτῳ
1900 2248 1990 2301 τὸν
2013 2246 2142 2319 περί

459 2342 717 2408 νηστείας
742 2341 960 2411 κινῆσαι
984 2340 1159 2408 λόγον,
1184 2339 1279 2392 καί
1303 2338 1489 2410 μηδεὶς
1508 2337 1735 2408 ἄκαιρον
1764 2331 1902 2390 εἶναι
1929 2333 2142 2405 νομιζέ-

458 2436 536 2476 τω
561 2426 622 2481 τδ
635 2427 846 2498 λεχθέν.
863 2429 951 2480 Ἐν
971 2427 1070 2497 μὲν
1087 2428 1197 2497 γὰρ
1211 2430 1330 2489 ταῖς
1350 2425 1584 2497 ἡμέραις
1598 2424 1700 2494 τῆς
1717 2423 1970 2494 νηστείας
1989 2422 2141 2476 οὐδὲν

459 2513 540 2566 δεῖ
591 2515 897 2586 συμϐουλῆς
939 2515 1033 2566 καὶ
1065 2513 1438 2585 παραινέσεως
1475 2513 1555 2574 εἰς
1600 2511 1787 2575 τοῦτο,
1834 2510 2004 2580 αὐτῆς
2031 2509 2140 2562 τῶν

464 2603 689 2673 ἡμερῶν
717 2602 815 2671 τῆς
844 2600 1146 2672 παρουσίας
1176 2601 1270 2653 καὶ
1295 2603 1420 2662 τοὺς
1450 2598 1650 2669 σφόδρα
1675 2598 2139 2660 ἀναπεπτωκότας

460 2687 840 2759 διεγειρούσης
859 2687 994 2758 πρὸς
1026 2686 1116 2740 τὸν
1149 2687 1249 2758 τῆς
1280 2685 1530 2757 νηστείας
1569 2684 1775 2754 ἀγῶνα.
1823 2684 2041 2756 Ἐπειδὴ
2081 2683 2137 2737 δὲ

463 2776 648 2830 πολλοὶ
684 2776 792 2829 τῶν
824 2773 1125 2846 ἀνθρώπων
1173 2773 1394 2826 εἰσιέναι
1422 2790 1479 2825 τε
1511 2775 1590 2836 εἰς
1633 2772 1886 2844 νηστείαν
1920 2772 2137 2843 μέλλον-

460 2883 575 2928 τες,
617 2864 866 2934 καθάπερ
906 2861 1192 2933 πολιορκίᾳ
1227 2861 1335 2914 1sz
1371 2862 1558 2932 μακρᾷ
1587 2859 1974 2932 παραδίδοσθαι
2009 2860 2136 2932 μελ-

461 2953 658 3020 λούσης
682 2951 782 3021 τῆς
818 2949 1073 3022 γαστρὸς,
1103 2948 1407 3019 ἀδηφαγίαν
1442 2949 1535 3000 καί
1563 2947 1733 3019 μέθην
1773 2947 2136 3019 προλαϐόντες

461 3041 830 3102 ἀποτίθενται,
864 3038 1095 3102 ἐξιόντες
1127 3054 1186 3089 τε
1219 3035 1400 3101 πάλιν,
1431 3035 1616 3108 ῶσπερ
1645 3035 1709 3089 ἐκ
1749 3053 1895 3100 τινος
1923 3036 2134 3109 μακροῦ

461 3126 619 3198 λιμοῦ
669 3127 762 3179 καί
798 3123 1033 3196 χαλεποῦ
1081 3122 1453 3194 δεσμωτηρίου
1492 3122 1592 3192 τῆς
1620 3123 1868 3193 νηστείας
1891 3122 2135 3177 ἀπαλλα-

459 3216 672 3284 γέντες,
721 3213 860 3284 μετά
901 3211 1096 3281 πολλῆς
1123 3210 1222 3280 τῆς
1261 3209 1649 3281 ἀπειροκαλίας
1683 3209 1773 3262 ἐπὶ
1804 3211 1901 3274 τὰς
1931 3211 2135 3282 τραπέ-

459 3303 559 3367 ζας
580 3303 850 3372 τρέχουσι,
871 3299 1118 3370 καθάπερ
1142 3296 1530 3362 σπουδάζοντες
1546 3299 1644 3368 τὴν
1672 3298 1736 3351 ἐκ
1759 3297 1857 3369 τῆς
1883 3299 2134 3369 νηστείας

459 3392 757 3460 γενομένην
789 3389 970 3450 αὐτοῖς
1007 3386 1273 3456 ὠφέλειαν
1319 3388 1385 3456 τῇ
1434 3386 1534 3456 τῆς
1562 3385 1872 3456 ἀδηφαγίας
1899 3386 2135 3461 ἀμετρίᾳ

459 3477 758 3532 καταλῦσαι
800 3475 981 3539 πάλιν,
1017 3475 1312 3543 ἀναγκαῖον
1346 3469 1414 3545 ῆν
1467 3474 1561 3527 καὶ
1595 3473 1718 3527 τότε
1755 3474 1850 3528 καὶ
1881 3475 1976 3528 νῦν
2006 3477 2134 3542 τοὺς

462 3582 528 3618 πε
539 3565 589 3634 ρὶ
615 3564 935 3635 ἐγκρατείας
959 3563 1176 3632 κινῆσαι
1205 3561 1419 3631 λόγους.

2246 2157 2571 2228 κατέφυγον,
2611 2163 2704 2216 καὶ
2741 2162 2832 2216 τὸν
2865 2163 3134 2234 ἡμέτερον
3166 2165 3403 2231 ἅπαντες
3433 2168 3721 2240 ἐνυμνοῦσι
3758 2172 3908 2233 Θεόν.

2326 2243 2489 2336 Ὁρᾷς
2510 2247 2674 2302 πόσον
2693 2249 2800 2302 ἀπὺ
2824 2250 2914 2303 τοῦ
2932 2250 3098 2320 φόϐου
3131 2252 3193 2305 τὸ
3221 2252 3412 2324 κέρδος
3451 2255 3703 2323 ἐγένετο;
3735 2260 3798 2313 Εἰ
3842 2264 3913 2336 μὴ

2245 2332 2408 2386 καλὸν
2451 2329 2519 2406 ἦν
2555 2337 2585 2390 6
2627 2336 2808 2404 φόϐος,
2848 2338 2949 2391 οὐκ
2996 2339 3062 2392 ἂν
3107 2340 3342 2411 πατέρες
3386 2341 3766 2414 παιδαγωγοὺς
3805 2329 3915 2415 τοῖς

2244 2421 2431 2474 παισὶν
2455 2422 2783 2494 ἐπέστησαν,
2815 2425 2916 2478 οὐκ
2944 2425 3010 2479 ἂν
3038 2428 3088 2479 οἰ
3114 2427 3395 2498 νομοθέται
3430 2433 3550 2494 ταῖς
3572 2433 3792 2488 πόλεσιν
3821 2437 3917 2508 ἀρ-

2242 2523 2454 2575 χοντας.
2487 2510 2552 2562 Τί
2583 2511 2804 2582 γεέννης
2832 2511 3238 2582 χαλεπώτερον;
3270 2515 3385 2568 ἀλλ’
3415 2516 3565 2571 οὐδὲν
3589 2518 3681 2572 τοῦ
3712 2522 3920 2594 ταύτης

2241 2594 2651 2669 χρησιμώτερον
2681 2599 2866 2666 φόϐου·
2899 2603 2928 2653 6
2953 2601 3061 2672 γὰρ
3089 2601 3188 2672 τῆς
3217 2603 3442 2674 γεέννης
3485 2606 3647 2674 φόϐος
3683 2608 3780 2662 τὸν
3820 2610 3924 2682 τῆς

2241 2678 2516 2748 βασιλείας
2533 2686 2667 2755 ήμίν
2689 2686 2902 2756 κομίζει
2927 2687 3207 2756 στέφανον.
3238 2690 3409 2745 Ἔνθα
3438 2692 3600 2761 φόϐος
3621 2696 3795 2761 ἐστὶν,
3821 2678 3927 2751 οὐκ

2239 2764 2354 2819 ἔστι
2411 2768 2622 2837 φθόνος·
2673 2771 2801 2825 ἔνθα
2853 2773 3016 2843 φόϐος
3075 2777 3212 2842 ἐστὶ,
3277 2780 3572 2849 χρημάτων
3622 2781 3765 2852 ἔρως
3825 2785 3936 2838 οὐκ

2237 2853 2461 2925 ἐνοχλεῖ·
2517 2855 2644 2910 ἔνθα
2687 2858 2849 2927 φόϐος
2890 2861 3057 2925 ἐστὶν,
3112 2861 3364 2918 ἔσϐεσται
3409 2865 3596 2936 θυμὸς,
3649 2871 3936 2942 ἐπιθυμία

2235 2942 2594 2997 κατέσταλται
2626 2947 2867 3016 πονηρὰ,
2896 2947 3046 3002 ἀπαν
3079 2949 3359 3018 ἀλόγιστον
3391 2952 3679 3025 ὲξώρισται
3717 2958 3933 3024 πάθοςο

2236 3029 2331 3083 καὶ
2357 3029 2610 3104 καθάπερ
2639 3034 2696 3086 ἐν
2728 3035 2874 3106 οἰκίᾳ
2915 3036 3243 3106 στρατιώτου
3275 3039 3537 3110 διηνεκῶς
3565 3043 3939 3115 ὡπλισμένου

2234 3115 2295 3168 οὐ
2323 3116 2546 3190 λῃστὴς,
2570 3119 2630 3172 οὐ
2655 3120 3006 3192 τοιχωρύχος,
3028 3123 3128 3176 οὐκ
3153 3123 3309 3188 ἄλλος
3336 3143 3417 3190 τις
3451 3128 3558 3180 τῶν
3588 3129 3661 3182 τὰ
3687 3133 3941 3187 τοιαῦτα

2236 3203 2686 3274 κακουργούντων
2714 3206 2973 3279 τολμήσει
2998 3211 3230 3280 φανῆναι
3254 3212 3502 3284 πλησίον,
3527 3215 3670 3270 οὕτω
3694 3221 3804 3272 καὶ
3840 3222 3949 3290 φό-

2235 3287 2330 3342 ϐου
2361 3289 2460 3354 τὰς
2489 3292 2762 3363 ἡμετέρας
2797 3296 3115 3365 κατέχοντος
3145 3297 3342 3369 ψυχὰς,
3375 3301 3525 3355 οὐδὲν
3561 3303 3669 3356 τῶν
3696 3287 3946 3360 ἀνελευι-

2237 3374 2410 3446 θέρων
2445 3379 2648 3433 ,παθῶν
2687 3382 3062 3452 ἐπεισέρχεται
3111 3387 3308 3457 ῥᾳδίως
3355 3389 3505 3458 ἡμῖν·
3551 3391 3687 3444 ἀλλά
3739 3396 3950 3449 πάντα

2233 3462 2552 3535 δραπετεύει
2581 3467 2676 3520 καὶ
2702 3469 3067 3538 φυγαδεύεται
3088 3476 3153 3543 τῇ
3175 3476 3446 3544 τυραννίδι
3467 3477 3562 3530 τοῦ
3583 3478 3761 3546 φόϐου
3795 3484 3948 3536 πάν-

2233 3550 2387 3604 τοθεν
2412 3551 2819 3625 ἐξελαυνόμενα.
2849 3556 2958 3608 Καὶ
2986 3558 3045 3610 οὐ
3074 3559 3230 3613 τοῦτο
3255 3561 3413 3631 μόνον
3443 3564 3587 3616 ἐστὶν
3609 3564 3638 3616 6
3663 3569 3954 3637 καρπού-

4044 993 4054 1044 \

4051 2030 4055 2121 ί

4037 2303 4053 2391 “i

2236 3638 2383 3722 μεθα
2417 3639 2526 3693 ἀπὸ
2571 3641 2664 3695 τοῦ
2711 3641 2906 3711 φόϐου,
2951 3644 3086 3698 ἀλλά
3132 3649 3224 3700 καὶ
3262 3649 3446 3719 ἕτερον
3493 3650 3674 3722 πολλῷ
3722 3655 3954 3708 τούτου

2235 3721 2438 3797 μεῖζόν.
2477 3729 2553 3782 Οὐ
2576 3728 2685 3801 γὰρ
2707 3729 2772 3802 δὴ
2795 3729 2864 3784 τά
2887 3732 3101 3804 πονηρὰ
3126 3736 3158 3804 ἡ
3167 3734 3283 3804 μῶν
3311 3736 3600 3790 ἀπελαύνει
3631 3721 3806 3813 πάθη
3841 3745 3959 3814 μό-

2232 3831 2342 3881 νον,
2378 3813 2515 3870 ἀλλά
2547 3815 2643 3870 καὶ
2679 3819 2859 3872 πᾶσαν
2890 3819 3100 3888 εἰσάγει
3130 3823 3266 3892 μετὰ
3301 3822 3503 3894 πολλῆς
3531 3827 3806 3894 εὐκολίας
3843 3813 3968 3902 τὴν

2230 3904 2450 3974 ἀρετήν.
2477 3903 2644 3958 Ἔνθα
2665 3906 2828 3975 φόϐος
2848 3909 3012 3974 ἐστὶν,
3038 3911 3153 3964 ἐκεῖ
3167 3911 3258 3964 καὶ
3280 3912 3649 3990 ἐλεημοσύνης
3680 3921 3969 3992 σπουδὴ,

2231 3991 2323 4044 καὶ
2352 3991 2516 4062 εὐχῆς
2548 3993 2822 4060 ἐπίτασις,
2862 3996 2957 4049 καὶ
2993 3997 3203 4068 δάκρυα
3234 3997 3413 4070 θερμά
3451 4002 3544 4054 καί
3591 3991 3978 4077 ἐπάλληλα,

2231 4079 2326 4133 καὶ
2351 4081 2643 4152 στεναγμοὶ
2673 4081 2871 4154 πολλὴν
2897 4083 3112 4155 ἔχοντες
3142 4087 3242 4157 τὴν
3265 4088 3575 4153 κατάνυξιν.
3609 4092 3814 4146 Οὐδὲν
3839 4096 3978 4168 γὰρ

2227 4165 2371 4220 οῦτω
2411 4167 2686 4221 κατεσθίει
2731 4170 2830 4240 μὲν
2866 4172 3268 4244 ἁμαρτήματα,
3307 4174 3506 4246 ἀρετὴν
3541 4177 3599 4230 δὲ
3644 4165 3988 4248 αὔξεσθαι

2228 4256 2373 4307 ποιεί
2408 4256 2503 4308 καὶ
2542 4255 2773 4323 θάλλειν,
2818 4258 2894 4322 ὡς
2931 4260 3186 4332 διηνεκὴς
3223 4263 3388 4331 φόϐου
3420 4264 3602 4332 φύσις·
3630 4267 3742 4322 διὰ
3782 4271 3986 4326 τοῦτο

2226 4341 2318 4395 τὸν
2352 4341 2426 4414 μὴ
2455 4340 2702 4408 συζῶντα
2731 4345 2878 4416 φόϐῳ
2917 4347 3174 4403 ἀδύνατον
3202 4351 3595 4422 κατορθοῦσθαι
3631 4366 3654 4393 ε
3673 4374 3688 4387 ·
3738 4357 3997 4431 ὥσπερ

2225 4424 2318 4482 οὖν
2340 4429 2430 4482 τὸν
2465 4432 2522 4484 ἐν
2551 4431 2701 4503 φόϐῳ
2731 4433 2906 4498 ζῶντα
2935 4435 3191 4490 ἀδύνατον
3231 4437 3566 4511 διαμαρτεῖν.
3601 4443 3713 4515 Μὴ
3757 4424 3993 4502 τοίνυῦ

2225 4515 2496 4588 ἀλγῶμεν,
2513 4518 2806 4590 ἀγαπητοὶ,
2827 4522 2960 4593 μηδὲ
2984 4525 3414 4596 καταπίπτωμεν
3439 4529 3532 4582 ἐπὶ
3558 4532 3624 4601 τῇ
3655 4535 4010 4609 παρούσῃ

2226 4603 2435 4674 θλίψει,
2479 4605 2616 4660 ἀλλά
2652 4607 3021 4680 θαυμάσωμεν
3053 4611 3114 4664 τὸ
3147 4612 3449 4684 εὐμήχανον
3487 4616 3588 4687 τῆς
3623 4620 3761 4674 τοῦ
3782 4603 3801 4606 _
3827 4603 4014 4678 Θεοῦ

2225 4693 2436 4761 σοφίας.
2479 4694 2558 4746 Δι’
2599 4687 2678 4749 ὧν
2717 4697 2827 4768 γὰρ
2865 4698 3260 4769 προσεδόκησεν
3290 4701 3318 4752 6
3345 4700 3588 4768 διάϐολος
3613 4706 3760 4779 τὴν
3799 4712 4011 4766 πόλιν

2221 4779 2381 4850 ήμῶν
2410 4780 2736 4836 καταϐαλεῖν
2755 4823 2770 4850 ,
2796 4783 2885 4837 διὰ
2916 4784 3119 4838 τούτων
3151 4787 3320 4858 αὐτὴν
3350 4790 3380 4840 6
3409 4789 3541 4855 Θεὸς
3569 4789 3596 4830 ἀ
3627 4793 4026 4870 ἀνέστησέ

2221 4883 2280 4920 τε
2324 4869 2418 4921 καὶ
2458 4867 2804 4939 ἀνώρθωσενο
2833 4871 2864 4923 ό
2898 4871 2998 4942 μὲν
3029 4871 3138 4944 γὰρ
3177 4873 3421 4940 διάϐολος
3456 4879 3818 4937 ἐνέπνευσέ
3879 4867 4028 4942 ’τισι

2222 4957 2562 5027 παρανόμοις
2590 4956 2918 5029 ἀνθρώποις,
2949 4960 3044 5013 καὶ
3069 4963 3149 5024 εἰς
3170 4963 3295 5026 τοὺς
3318 4963 3427 5018 τῶν
3455 4964 3785 5034 βασιλέων
3826 4975 4044 5049 ὓϐρι-

2222 5059 2322 5096 σαν
2358 5045 2680 5116 ἀνδριάντας
2711 5057 2760 5110 ε,
2789 5046 2874 5100 ἴνα
2901 5048 2996 5100 καὶ
3023 5048 3152 5102 αὐτὸ
3175 5049 3276 5121 τῆς
3296 5051 3503 5116 πόλεως
3531 5055 3920 5136 ἀφανισθῇ
3940 5045 4050 5120 ’τὸ

2219 5131 2448 5200 ἔδαφοςο
2473 5134 2502 5186 6
2532 5132 2591 5187 δέ
2619 5133 2752 5199 Θεὸς
2788 5135 2937 5206 αὐτῷ
2961 5136 3027 5208 δὴ
3059 5138 3233 5208 τούτῳ
3263 5139 3342 5211 τῷ
3370 5144 3800 5220 γεγενημένῳ

2219 5222 2597 5292 σωφρονισμὸν
2625 5222 2782 5293 ἡμῶν
2820 5223 3040 5277 πλείονα
3085 5225 3455 5298 ἀπεχρήσατο,
3491 5230 3570 5301 τῷ
3608 5235 3867 5311 φόδῳ
3919 5222 4070 5314 ἑῆς

2217 5307 2674 5381 προσδοκωμένης
2697 5311 2926 5381 ἀπειλῆς
2959 5314 3141 5366 πᾶσαν
3174 5313 3422 5370 ἐκϐαλὼν
3453 5307 3876 5390 ῥᾳθυμίαννι
3943 5307 4070 5391 χῷ

2215 5395 2404 5464 γέγονε
2434 5397 2760 5463 τούναντίον,
2788 5399 2931 5471 ἥπερ
2954 5401 2984 5453 ὁ
3009 5399 3218 5472 δαίμων
3247 5401 3500 5474 ἠθέλησε,
3531 5405 3596 5458 δι’
3653 5403 3792 5467 ὧν
3833 5422 4070 5490 αὐτὸς

2215 5485 2636 5541 κατεσκεύασεν.
2685 5487 2749 5539 Ἥ
2790 5485 2899 5557 γὰρ
2927 5487 3082 5551 πόλις
3116 5490 3251 5560 ἡμῖν
3288 5490 3414 5544 καθ’
3447 5493 3771 5572 ἑκάστην
3842 5485 4070 5572 gms:

2215 5572 2460 5645 θαίρεται
2504 5574 2604 5645 τὴν
2647 5574 2883 5646 ἡμέραν,
2928 5576 3032 5648 καὶζ
3071 5577 3334 5631 στενωποί
3389 5579 3480 5632 καὶ
3527 5579 3916 5656 ἀμφοδαδ
3962 5601 4070 5655 x11

544 3651 679 3704 Ἀλλ’
731 3652 879 3720 ὅμως
910 3650 1030 3702 οὐτε
1061 3648 1251 3721 πρώην
1297 3648 1600 3720 εἰρήκαμέν
1640 3667 1692 3702 τι
1723 3650 1982 3716 τοιοῦτον,
2009 3652 2132 3707 οὐτε

458 3737 552 3790 νῦν
583 3738 812 3808 ἐροῦμεν
835 3754 849 3768 ο
909 3739 938 3789 6
987 3737 1093 3806 γὰρ
1125 3737 1226 3816 τῆς
1254 3737 1606 3808 ἐπικειμένης
1647 3741 1935 3811 συμφορᾶς
1967 3741 2132 3810 φόϐος

459 3825 579 3876 ἀντί
608 3826 786 3892 πάσης
808 3825 1184 3893 παραινέσεως
1212 3825 1306 3876 καὶ
1331 3824 1641 3896 συμϐουλῆς
1663 3825 1824 3898 ἀρκεῖ
1843 3828 1942 3892 τὰς
1960 3829 2131 3885 ἀπάν-

454 3927 565 3963 των
595 3909 923 3980 σωφρονίσαι
947 3909 1143 3980 ψυχάς.
1172 3910 1267 3973 Τίς
1287 3911 1398 3983 γὰρ
1417 3909 1590 3976 οὕτως
1617 3913 1798 3978 ἀθλιος
1819 3917 1914 3970 καὶ
1943 3918 2131 3974 ταλαί-

459 4015 658 4066 πωρος,
690 3999 765 4060 ὡς
795 3999 850 4050 ἐν
874 3997 1112 4067 τοσούτῳ
1141 3997 1370 4068 χειμῶνι
1397 3998 1647 4068 μεθύειν;
1670 4002 1755 4066 τίς
1781 4003 1952 4069 οὕτως
1980 4007 2130 4061 ἀναί-

457 4086 672 4156 σ]ητος,
700 4085 776 4149 ώς
801 4086 898 4157 τῆς
934 4085 1138 4148 πόλεως
1168 4084 1311 4139 οὕτω
1333 4085 1718 4159 σαλευομένης,
1751 4092 1844 4144 καὶ
1867 4095 2128 4163 ναυαγίας

455 4174 709 4242 τοιαύτης
731 4175 1149 4244 ἀπειλουμένης,
1179 4175 1254 4245 μὴ
1279 4175 1469 4245 νήφειν
1495 4175 1590 4228 καὶ
1621 4178 1999 4250 ἐγρηγορέναι,
2034 4183 2128 4236 καὶ

457 4262 637 4329 πάσης
683 4261 992 4331 συμϐουλῆς
1037 4262 1132 4314 καὶ
1177 4260 1552 4333 παραινέσεως
1587 4264 1974 4338 ἀκριϐέστερον
2020 4269 2127 4322 ἀπὸ

455 4345 557 4414 τῆς
584 4348 818 4414 ἀγωνίας
837 4347 1178 4419 διορθοῦσθαι
1204 4347 1438 4419 ταύτης;
1465 4349 1539 4402 οὐ
1561 4349 1671 4430 γάρ
1687 4352 1940 4408 τοσοῦτον
1969 4356 2127 4427 ἐργά-

459 4433 654 4487 σασοαι
669 4435 952 4506 δυνήσεται
977 4435 1152 4504 λόγος,
1167 4437 1289 4490 ὅσον
1313 4435 1464 4509 [152]
1487 4437 1776 4509 ἐργάζεται
1807 4441 1968 4510 φόϐος
1986 4459 1999 4472 ·
2032 4445 2126 4498 καὶ

455 4521 614 4574 τοῦτο
628 4522 761 4576 αὐτὸ
775 4523 882 4576 ἀπὸ
900 4524 1004 4578 τῶν
1030 4524 1452 4596 συμϐεϐηκότων
1469 4527 1565 4582 νῦν
1579 4527 1804 4582 δυνατὸν
1822 4530 2119 4598 ἀποδεῖξαι.

456 4610 660 4673 Πόσους
682 4611 810 4679 γοῦν
831 4610 1184 4683 ἀνηλώσαμεν
1204 4613 1416 4682 λόγους,
1448 4614 1712 4680 πολλούςι
1739 4617 1846 4671 τῶν
1863 4617 2124 4690 ῥᾳθύμων

454 4699 860 4769 παραινοῦντες,
878 4699 972 4752 καὶ
989 4697 1443 4770 συμϐουλεύοντες
1460 4702 1530 4756 τά
1554 4701 1756 4776 θέατρα
1771 4704 2011 4774 ἀφεῖναι,
2026 4709 2123 4762 καὶ

452 4787 549 4850 τὰς
576 4789 781 4840 ἐκεῖθεν
806 4783 1128 4851 ἀκολασίας;
1161 4786 1256 4841 καὶ
1278 4789 1379 4842 οὐκ
1401 4788 1711 4860 ἠνέσχοντο,
1732 4793 1847 4846 ἀλλ’
1869 4794 1956 4849 ἀεὶ
1980 4796 2124 4851 κατά

449 4876 548 4948 τὴν
578 4878 786 4949 ἡμέραν
812 4876 1014 4946 ταύτην
1035 4877 1128 4929 ἐπὶ
1149 4877 1246 4941 τὰς
1273 4879 1622 4950 παρανόμους
1645 4881 1752 4935 τῶν
1779 4883 2122 4958 ὀρχουμένων

452 4967 769 5036 συνέτρεχον
803 4965 1056 5038 θεωρίας,
1096 4965 1192 5020 καὶ
1243 4966 1497 5038 σύλλογον
1524 4969 1828 5026 διαϐολικδν
1859 4974 2120 5031 ἀντικαθ-

451 5053 673 5108 ίστασαν
699 5053 775 5125 τῷ
792 5055 1114 5127 πληρώματι
1139 5055 1238 5126 τῆς
1265 5057 1587 5129 Ἐκκλησίας
1611 5059 1702 5114 τοῦ
1719 5060 1876 5128 Θεοῦ,
1894 5064 1989 5119 καὶ
2003 5068 2122 5132 ταῖς

449 5142 682 5218 ἐνταῦθα
717 5143 1055 5216 ψαλμῳδίαις
1084 5147 1349 5217 ἀντήχουν
1376 5149 1429 5201 αἱ
1472 5149 1681 5204 ἐκεῖθεν
1712 5157 1950 5224 κραυγαὶ
1983 5159 2120 5226 μετά

447 5229 648 5300 πολλῆς
675 5232 967 5304 φερόμεναι
993 5234 1094 5304 τῆς
1125 5235 1506 5307 σφοδρότητοςο
1535 5237 1649 5291 ἀλλ’
1677 5239 1784 5294 ἰδοὺ
1807 5241 1902 5294 νῦν
1927 5245 2120 5312 σιγώτ-

446 5331 555 5368 των
583 5318 759 5386 ἡμῶν,
798 5322 891 5374 καὶ
917 5321 1069 5375 οὐδὲν
1109 5324 1234 5394 περί
1267 5324 1457 5378 τούτου
1503 5325 1790 5396 λεγόντων,
1823 5331 2117 5402 αὐτόματοι

451 5403 544 5474 τὴν
571 5404 877 5476 ὀρχήστραν
906 5409 1147 5481 ἔφραξαν
1164 5413 1214 5478 δ,
1259 5414 1353 5467 καὶ
1377 5416 1406 5468 6
1438 5415 1772 5488 ἱππόδρομος
1803 5417 2000 5484 ἄϐατος
2023 5422 2117 5490 γέ-

448 5507 568 5560 γονε
584 5507 598 5521 ο
625 5491 716 5545 καὶ
737 5493 840 5564 πρὸ
854 5495 1041 5550 τούτου
1071 5500 1168 5570 μὲν
1191 5502 1374 5555 πολλοί
1392 5503 1800 5577 τῶνήμετέρων
1823 5508 1959 5581 πρὸς
1974 5510 2118 5564 ἐκεί-

444 5595 567 5645 νους
603 5579 843 5652 ἔτρεχον,
875 5585 992 5639 νυνί
1018 5585 1073 5640 δὲ
1100 5589 1295 5654 πάντες
1317 5591 1526 5647 ἐκεῖθεν
1555 5594 1634 5659 εἰς
1659 5595 1758 5668 τὴν
1819 5579 2116 5672 ἐκκλησιαν

2280 5726 2302 5789 ξ
2330 5723 2690 5789 Αἰξί-ἀμήχανον
2711 5727 3030 5789 κατορθῶσαι.

2278 5783 2305 5866 ’Ξ
2329 5783 2625 5866 ὲιέβῆῐιὲξ.
2640 5783 2956 5866 τεειξζρπε
2977 5787 3174 5866 Issa-.19
3200 5787 3321 5866 υοι-
3341 5789 3372 5866 é
3395 5789 3512 5866 (ιεσς
3531 5790 3823 5866 (ιε-εει.

2284 5847 2305 5870 ο
2327 5845 2441 5899 επ,
2471 5845 2625 5916 (bene)
2651 5845 2904 5910 ςιςῖιὺτοῦς
2919 5865 2964 5900 τ.
2986 5850 3033 5916 β.
3058 5849 3251 5915 ὑϐρίσαι
3277 5845 3550 5918 ﬂamini:
3621 5845 3870 5920 Εἱῒι·

499 5748 524 5821 ξ
545 5753 651 5821 ᾼίἰί-
665 5756 875 5821 πολλοῖς,
895 5757 977 5809 alii
1001 5762 1218 5821 πολλούς.

494 5812 518 5850 ⁵³
554 5817 653 5868 Alii
677 5812 890 5883 ἔφραξαν,
913 5821 997 5874 alii
1022 5812 1284 5892 ἐνέφραξαν,
1309 5830 1384 5883 γε]
1405 5832 1682 5898 ἀνέφραξαν.
