4070 6208
283 280 389 337 εδδ

284 394 507 466 probam
536 389 987 447 consuetudinem
1015 385 1345 457 deponentes
1385 402 1449 442 ex
1490 387 1688 452 anima,
1720 388 1879 442 aliam

284 498 540 540 coronam
566 481 870 552 reportetis.
899 479 967 533 Et
995 479 1132 533 sicut
1152 478 1343 548 ubique
1372 477 1441 534 de
1462 478 1673 533 civitate
1700 486 1879 533 nostra

287 586 532 642 cantant,
562 574 703 646 quod
728 573 898 644 prima
923 571 1161 627 omnium
1193 570 1243 625 in
1271 571 1402 626 orbe
1433 580 1693 625 terrarum
1724 571 1882 625 Citri-

285 673 588 727 stianorum
624 680 818 720 nomen
848 662 1014 719 induit
1042 664 1056 693 ¹
1086 681 1099 715 :
1126 647 1203 716 sic
1233 661 1389 716 facile
1417 670 1476 715 ut
1494 676 1682 716 omnes
1708 660 1883 716 dicant

287 762 460 818 solam
489 758 730 813 omnium
762 756 815 810 in
846 754 1044 809 mundo
1091 754 1425 808 Antiochiam
1463 754 1692 823 propriis
1732 753 1883 822 jura-

289 862 471 909 menta
513 850 709 905 ﬁnibus
748 848 1034 918 expulisse.
1087 847 1197 901 imo
1237 862 1366 901 vero
1394 848 1437 900 si
1485 847 1587 902 hoc
1627 846 1747 910 ﬁat,
1778 862 1885 900 non

289 957 495 1002 tmitum
516 945 629 1014 ipsa
648 942 1007 1005 coronabitur,
1033 955 1219 994 verum
1243 940 1403 995 etiam
1421 940 1549 995 alias
1567 940 1617 993 iu
1637 939 1883 995 eumdem

290 1039 465 1093 zelum
492 1036 718 1105 rediget.
769 1034 833 1087 Et
859 1032 993 1088 sicut
1018 1032 1440 1086 Christianorum
1480 1047 1673 1086 nomen
1697 1073 1710 1096 ,
1740 1032 1887 1087 velut

292 1148 360 1186 ex
384 1128 616 1201 quodam
645 1126 791 1182 fonte
812 1125 934 1180 hinc
957 1123 1237 1195 incipiens,
1261 1133 1428 1177 totum
1453 1122 1708 1178 mundum
1732 1124 1887 1178 inun-

291 1225 447 1279 davit
482 1241 496 1277 :
528 1221 607 1276 sic
633 1218 874 1290 profecto
898 1228 954 1272 et
981 1217 1229 1272 meritum
1258 1217 1358 1271 hoc
1382 1216 1614 1271 radicem
1644 1224 1697 1271 et
1726 1231 1885 1271 occa-

367 1331 381 1359 ¹
410 1345 513 1386 sav.
542 1342 594 1385 et
615 1333 805 1398 quidam
825 1340 954 1391 Mss,
979 1344 1149 1381 nomen
1170 1329 1261 1381 sibi
1283 1330 1561 1394 adscripsit.

1205 273 1296 328 AD
1335 272 1658 331 POPULUM
1697 270 2185 329 ANTIOCHENUM
2262 270 2493 328 HOMIL.
2536 271 2654 329 XV.

3475 272 3576 325 155

1989 385 2194 440 sionem
2229 385 2351 440 hinc
2375 384 2614 455 capiens,
2642 398 2830 440 omnes
2862 392 3057 438 terram
3086 382 3382 439 habitantes
3412 382 3575 439 dist-i-

1990 478 2144 555 pulos
2163 487 2371 533 vestros
2383 476 2866 546 efﬁciet,utduplcx
2886 475 3035 531 vobis
3050 485 3103 532 et
3121 477 3308 547 triplex
3329 478 3418 532 tiat
3432 492 3577 531 mer-

1989 585 2103 637 ces,
2127 580 2183 626 et
2200 571 2268 627 de
2288 572 2517 641 propriis
2540 571 2824 639 meritis,et
2844 570 2912 625 de
2939 570 3161 625 aliorum
3180 571 3442 627 doctrina.
3469 571 3580 626 lloc

1990 663 2291 718 diademate
2318 663 2558 733 quolibet
2598 661 2748 717 vobis
2773 664 2879 717 erit
2920 661 3249 733 Splendidius
3279 681 3291 716 :
3320 662 3424 719 hoc
3460 679 3578 719 mc-

1994 756 2239 825 tropolim
2269 756 2419 810 vobis
2444 756 2712 811 civitatem
2753 754 2907 811 faciet
2938 771 3041 810 non
3070 755 3122 809 in
3169 765 3308 809 terra
3335 763 3540 810 tantum
3568 796 3585 822 ,

1992 865 2175 903 verum
2204 857 2258 903 et
2304 850 2357 903 in
2388 850 2534 904 cadis
2564 867 2578 904 :
2609 849 2712 905 hoc
2753 858 2807 904 et
2847 849 2999 903 nobis
3027 849 3113 905 die
3151 849 3238 903 illa
3279 850 3581 919 patrocina-

1992 942 2153 1004 bitur,
2181 950 2236 996 et
2259 941 2477 1012 justitice
2498 958 2749 997 coronam
2781 943 2934 997 nobis
2952 942 3140 998 afferet
3166 961 3178 996 :
3207 957 3362 1012 quam
3391 951 3447 995 ut
3469 957 3587 995 om-

1994 1048 2089 1087 nes
2110 1048 2487 1102 assequamur,
2521 1034 2678 1089 detur
2713 1036 2880 1105 gratia
2923 1042 2979 1090 et
3006 1035 3329 1104 benignitate
3377 1031 3586 1088 Domini

1993 1123 2163 1177 nostri
2198 1123 2325 1179 Jesu
2355 1124 2587 1185 Christi.
2632 1139 2751 1178 cum
2796 1139 2901 1194 quo
2929 1124 3069 1180 Patri
3112 1122 3300 1195 gloria,
3343 1122 3503 1178 simul
3534 1132 3587 1177 ct

1993 1223 2179 1267 sancto
2207 1213 2448 1282 Spiritui,
2481 1231 2621 1269 nunc
2652 1225 2705 1270 et
2731 1230 2961 1286 semper,
2997 1224 3050 1272 et
3081 1216 3132 1270 in
3178 1215 3374 1270 sazcula
3404 1230 3583 1271 saecu-

1991 1305 2186 1360 lorum.
2218 1308 2410 1362 Amen.

293 1571 524 1616 ITIDEM
598 1570 660 1610 tv
730 1567 1184 1610 CALAMITATEM
1245 1567 1557 1611 CIVITATIS
1612 1570 1999 1627 ANTIOCEIE,
2047 1574 2289 1619 unum
2334 1576 2574 1629 UBIQUE
2630 1577 2927 1619 TIMOREM
2998 1575 3141 1618 esse
3206 1573 3589 1628 merumque

380 1674 521 1716 nisu
556 1670 926 1721 UTILIOREM,
962 1669 1041 1709 ET
1070 1668 1133 1710 IN
1170 1668 1357 1709 ILLUD
1384 1668 1651 1724 morum,
1684 1671 1961 1714 AGNOSCE
1992 1673 2163 1725 QUOD
2194 1676 2257 1719 ιη
2288 1676 2491 1719 nemo
2528 1676 2915 1729 LAQUEOBUM
2968 1674 3354 1719 PERTRANSIS
3402 1656 3588 1737 (Ec—

376 1758 482 1819 cli.
528 1756 587 1815 9.
633 1755 711 1813 20
744 1754 789 1833 ),
836 1772 915 1813 ΕΤ
957 1769 1127 1821 ρυου
1170 1768 1354 1811 rarus
1394 1769 1664 1827 manus,
1710 1770 1888 1822 QUAM
1931 1772 2266 1817 occwsns.

1630 1891 2263 1947 WWW

909 2028 1129 2067 HOMILIA
1171 2026 1267 2067 ιγ.

378 2111 434 2163 1.
466 2106 756 2177 Oportebat
780 2114 835 2160 et
863 2103 1024 2158 hodie
1051 2111 1107 2157 et
1148 2101 1422 2171 superiore
1460 2100 1683 2157 sabbato
1721 2102 1790 2159 de
1812 2118 1898 2174 je—

295 2200 452 2271 junio
482 2198 661 2252 facere
695 2210 997 2251 sermonem
1029 2212 1042 2248 :
1074 2193 1508 2262 intempestivum
1554 2193 1655 2249 hoc
1697 2194 1899 2249 dictum

297 2308 428 2347 esse
454 2290 651 2359 cogitet
678 2302 854 2341 nemo.
880 2284 1008 2339 Nam
1040 2284 1092 2338 in
1121 2284 1305 2338 diebus
1326 2284 1537 2354 quidem
1562 2284 1748 2354 jejunii
1770 2300 1903 2340 eou-

298 2383 425 2435 silio
451 2380 582 2434 nihil
613 2393 747 2447 Opus
776 2386 858 2431 est
884 2386 937 2430 et
963 2374 1349 2441 admonitione,
1378 2375 1490 2443 ipsa
1523 2373 1729 2429 dierum
1761 2392 1901 2445 pra:-

296 2477 478 2531 sentia
514 2475 671 2528 etiam
701 2469 1183 2541 ncgligentissimos
1213 2466 1277 2522 ad
1300 2467 1486 2539 jejunii
1510 2476 1778 2523 certamen
1805 2484 1900 2524 ex-

301 2573 551 2633 citautc;
582 2566 675 2622 sed
724 2566 974 2636 quoniam
1016 2562 1290 2617 hominum
1326 2562 1479 2615 multi
1519 2561 1777 2633 jejunium
1807 2578 1903 2633 ag-

302 2660 569 2733 gressuri,
602 2669 868 2728 tamquam
898 2655 1072 2726 longae
1097 2653 1311 2709 cuidam
1339 2653 1639 2709 obsessioni
1686 2653 1903 2709 traden-

299 2755 409 2809 dus
455 2754 525 2807 sit
571 2759 785 2816 venter,
817 2750 1050 2818 crapula:
1091 2754 1147 2802 et
1187 2745 1429 2801 ebrietati
1473 2733 1907 2816 praeoccupantes

308 2844 595 2912 indulgent
624 2859 637 2895 :
668 2853 985 2909 rursumque
1010 2836 1209 2908 egressi
1239 2846 1486 2906 tanquam
1505 2851 1570 2890 ex
1596 2836 1751 2906 longa
1773 2851 1903 2907 qua-

301 2937 433 2992 dam
452 2936 648 2998 esurie,
676 2942 726 2989 ct
748 2932 893 3004 gravi
920 2930 1108 3001 jejnnii
1140 2945 1358 2984 carcere
1385 2929 1563 2996 soluti,
1591 2944 1711 2984 cum
1740 2931 1908 2985 multo

305 3033 584 3090 dedecore
609 3031 674 3085 ad
699 3045 911 3085 mensas
927 3038 1164 3093 currunt,
1194 3043 1290 3083 ceu
1317 3026 1591 3081 studentes
1617 3024 1714 3080 sibi
1737 3031 1906 3078 ortam

306 3141 377 3180 ex
418 3124 625 3194 jejunio
672 3122 951 3177 utilitatem
1004 3120 1234 3190 crapulae
1275 3133 1497 3173 excessu
1538 3131 1746 3171 rursum
1785 3130 1909 3185 per-

306 3218 480 3282 dere;
510 3231 689 3286 operae
719 3213 948 3285 pretium
979 3212 1076 3266 fuit
1101 3221 1155 3267 et
1186 3220 1331 3276 tunc,
1359 3220 1413 3265 et
1439 3224 1580 3264 nunc
1608 3207 1674 3263 de
1702 3216 1908 3276 tempe-

308 3307 487 3363 l'antia
516 3306 796 3360 instituere
823 3318 1149 3360 sermonem.

388 3396 666 3452 Catamitus
694 3397 892 3451 virtutis
932 3394 1194 3466 magistra.
1224 3423 1293 3432 —
1323 3390 1703 3447 Verumtamen
1740 3400 1912 3457 neque

308 3491 466 3562 prius
486 3490 774 3560 quidquam
799 3486 1103 3557 hujusmodi
1125 3485 1376 3550 diximus,
1408 3499 1579 3554 neque
1606 3495 1747 3536 nunc
1768 3480 1915 3534 dice-

309 3597 437 3636 mus
472 3600 485 3635 :
521 3581 771 3635 instantis
798 3580 939 3633 enim
976 3577 1292 3631 calamitatis
1320 3576 1479 3629 timor
1514 3589 1612 3644 pro
1643 3571 1788 3625 omni
1813 3569 1913 3624 ad-

307 3674 615 3732 monitione
657 3682 711 3727 et
754 3672 979 3726 consilio
1033 3679 1342 3724 cunctorum
1390 3667 1594 3720 animas
1645 3661 1909 3718 moderari

307 3769 480 3822 valet.
512 3767 643 3833 Quis
670 3766 811 3820 enim
835 3774 941 3817 tam
965 3763 1126 3816 miser
1150 3771 1204 3815 et
1228 3773 1582 3822 mrutnnosus,
1606 3768 1663 3811 ut
1690 3757 1741 3811 in
1771 3763 1914 3809 tanta

310 3867 640 3928 tempestate
676 3854 1007 3911 inebrietur?
1032 3854 1150 3923 quis
1192 3862 1296 3905 tam
1344 3852 1677 3914 insensatus,
1707 3858 1762 3901 ut
1786 3847 1917 3903 civi-

308 3960 429 4005 tate
453 3949 533 4003 sic
552 3946 862 4012 ﬂuctuante,
880 3952 936 4001 et
954 3944 1227 4014 naufragio
1252 3942 1340 3996 tali
1361 3941 1671 3996 imminente
1698 3956 1803 3993 non
1824 3954 1914 3993 so-

303 4040 472 4095 brius
500 4039 573 4093 sit
615 4046 671 4094 et
692 4037 896 4105 vigilet,
938 4045 993 4090 et
1021 4036 1120 4089 hac
1147 4033 1417 4087 anxietate
1454 4046 1559 4085 non
1589 4029 1914 4099 diligentius,

306 4146 484 4203 quam
513 4129 661 4184 omni
696 4129 925 4184 consilio
953 4136 1009 4183 et
1046 4125 1411 4181 admonitione
1448 4120 1776 4192 corrigatur?
1799 4118 1914 4173 Non

303 4223 463 4279 enim
495 4228 699 4275 tantum
736 4218 949 4274 efﬁcere
991 4218 1185 4289 poterit
1228 4230 1426 4280 sermo,
1459 4222 1713 4284 quantum
1757 4212 1918 4265 timor

304 4324 579 4385 operatur
608 4323 697 4368 :et
727 4312 829 4366 hoc
855 4312 1027 4382 ipsum
1055 4326 1121 4364 ex
1148 4311 1231 4374 iis,
1264 4324 1382 4378 quae
1406 4322 1543 4360 nunc
1573 4304 1913 4368 acciderunt,

306 4407 698 4462 demonstrare
738 4403 892 4459 facile
932 4412 1033 4457 est.
1064 4402 1206 4467 Quot
1233 4414 1462 4469 namque
1500 4411 1776 4452 sermones
1821 4395 1917 4448 im-

307 4498 631 4570 pendimus,
661 4498 991 4568 torpidorum
1022 4496 1219 4550 multos
1243 4494 1611 4556 admonentes,
1646 4500 1699 4546 et
1723 4505 1919 4545 consu-

307 4592 501 4644 lentes
534 4598 596 4642 ut
624 4588 833 4643 theatra
875 4595 931 4642 et
968 4586 1112 4641 illinc
1142 4584 1516 4661 provenientes
1556 4581 1801 4636 lascivias
1834 4580 1918 4635 di—

302 4682 640 4740 mitterent?
667 4691 721 4736 et
746 4696 851 4735 non
878 4679 1251 4744 abstinebant,
1282 4676 1375 4731 sed
1404 4690 1617 4743 semper
1654 4688 1823 4743 usque
1851 4671 1918 4727 ad

303 4777 469 4832 hanc
500 4775 641 4829 diem
666 4774 733 4829 ad
756 4775 940 4829 illicita
967 4773 1272 4827 saltantium
1300 4768 1601 4840 spectacula
1630 4782 1919 4822 concurre-

298 4870 479 4933 bant,
525 4866 844 4921 diabolicam
891 4864 1207 4919 concionem
1253 4862 1509 4915 adversus
1550 4860 1638 4913 Dei
1678 4856 1921 4913 ecclesia:

296 4957 723 5032 plenitudinem
754 4955 1184 5019 constituebant,
1213 4963 1267 5008 et
1297 4953 1454 5023 hujus
1486 4952 1584 5005 loci
1616 4948 1921 5020 psalmodiis

293 5052 596 5107 clamores
623 5048 745 5103 inde
772 5064 892 5102 cum
934 5047 1100 5101 multa
1131 5046 1323 5099 sublati
1352 5044 1684 5099 vehementia
1710 5043 1920 5095 obstre-

288 5141 550 5215 pebaut.
585 5138 690 5193 Sed
737 5154 863 5194 ecce
902 5153 1044 5193 nunc
1091 5137 1386 5192 tacentibus
1427 5135 1578 5189 nobis
1622 5144 1674 5188 et
1700 5134 1829 5188 nihil
1857 5133 1923 5187 de

290 5236 434 5291 hoc
460 5230 785 5297 dicentibus,
814 5240 1007 5300 sponte
1046 5228 1377 5283 orchestram
1405 5228 1824 5289 obstruxerunt,
1871 5231 1924 5276 et

280 5328 507 5385 circus
553 5322 935 5379 inaccessibilis
982 5321 1150 5375 factus
1179 5331 1281 5374 cst.
1334 5317 1573 5374 Antehac
1620 5325 1922 5370 nostrorum

286 5415 485 5474 multi
512 5413 581 5467 ad
610 5413 727 5469 illos
755 5412 1075 5478 currebant;
1110 5426 1249 5465 nunc
1275 5421 1451 5465 autem
1480 5409 1627 5463 illinc
1650 5422 1839 5460 omnes
1859 5403 1924 5458 ad

284 5508 619 5567 ecclesiam
663 5505 1050 5577 confugerunt,
1100 5511 1155 5559 et
1197 5512 1434 5557 nostrum
1480 5512 1668 5556 omnes
1713 5496 1929 5551 laudant

288 5605 527 5660 Deum.

400 5690 667 5745 lichemm'
692 5692 840 5743 timor
866 5690 1007 5751 regni
1028 5703 1264 5742 coronam
1287 5683 1456 5746 ali'ert.
1480 5712 1547 5722 —-
1574 5679 1730 5737 Vides
1757 5692 1929 5750 quan-

663 5778 933 5839 Pnuoc.
985 5778 1099 5835 (in.
1150 5772 1363 5836 XLIX.

2007 2026 2118 2072 tum
2165 2035 2230 2074 ex
2264 2020 2453 2077 timore
2496 2022 2630 2077 lucri
2678 2021 2873 2076 factum
2919 2020 3189 2076 esthisi
3239 2020 3410 2073 bonus
3452 2028 3600 2073 esset

2008 2110 2188 2175 timor,
2220 2111 2343 2166 ﬁliis
2384 2122 2561 2182 patres
2592 2112 2908 2183 prcdagogos
2940 2128 3044 2166 non
3073 2118 3465 2181 prtrponereut,
3494 2124 3598 2164 non

2008 2201 2339 2272 legislatores
2384 2204 2689 2259 civitatibus
2734 2204 2873 2281 ullos
2918 2204 3275 2273 magistratus.
3326 2200 3461 2267 Quid
3506 2214 3600 2269 ge-

2008 2291 2180 2347 henna
2227 2294 2473 2364 gravius?
2500 2294 2594 2349 sed
2623 2295 2776 2363 hujus
2807 2304 2949 2349 metu
2983 2294 3056 2347 nil
3087 2292 3265 2347 utilius
3291 2309 3307 2346 :
3339 2291 3597 2361 gehennae

2010 2399 2239 2454 namque
2268 2386 2428 2440 timor
2455 2386 2602 2456 regni
2648 2386 2802 2441 nobis
2827 2385 2985 2440 affert
3007 2400 3280 2440 coronam.
3314 2383 3415 2438 Ubi
3444 2383 3602 2437 timor

2008 2486 2112 2541 est,
2148 2476 2283 2532 livor
2312 2494 2417 2532 non
2443 2487 2525 2532 est
2551 2496 2564 2532 :
2595 2478 2681 2532 ubi
2709 2479 2870 2532 timor
2910 2487 3013 2544 est,
3062 2476 3409 2546 pecuniarum
3449 2486 3600 2528 amor

2010 2584 2119 2625 non
2150 2579 2314 2625 vexat
2344 2589 2357 2624 :
2386 2570 2475 2625 ubi
2505 2571 2667 2625 timor
2692 2579 2794 2637 est,
2828 2569 3123 2625 exstinctus
3153 2567 3301 2623 furor
3326 2575 3428 2631 est,
3456 2568 3604 2635 cupi-

2009 2663 2150 2719 ditas
2200 2663 2440 2733 improba
2482 2672 2747 2726 correcta,
2778 2662 2954 2717 omnis
3001 2658 3383 2715 irrationabilis
3430 2659 3606 2728 passio

2011 2755 2385 2811 exterminata.
2418 2754 2486 2809 Et
2530 2754 2672 2809 sicut
2716 2753 2771 2807 in
2799 2752 2960 2807 domo
2989 2760 3165 2806 stante
3202 2750 3368 2805 milite
3396 2763 3609 2817 semper

2011 2856 2239 2914 armato,
2269 2862 2375 2901 non
2403 2847 2561 2908 latro,
2592 2861 2700 2901 uon
2731 2844 2836 2913 fur,
2867 2860 2971 2898 non
3002 2844 3141 2898 alius
3165 2843 3285 2913 quis
3316 2842 3437 2896 talia
3469 2842 3607 2895 mala

2013 2940 2337 3010 patrantinm
2384 2955 2648 3011 apparere
2691 2940 2909 3010 propius
2949 2937 3208 2993 audebit:
3238 2937 3317 2991 sic
3366 2945 3419 2990 et
3466 2945 3609 2989 metu

2014 3033 2221 3086 animas
2250 3042 2461 3087 nostras
2490 3042 2807 3102 occupante,
2836 3031 3171 3086 illiberalium
3203 3029 3347 3084 nulla
3393 3036 3605 3099 pertur-

2014 3123 2290 3179 bationum
2320 3124 2473 3179 facile
2500 3124 2657 3179 nobis
2682 3123 2943 3193 Subrcpit,
2971 3121 3067 3178 sed
3094 3135 3284 3177 omnes
3309 3119 3534 3187 fugiunt,
3558 3127 3612 3171 ct

2015 3214 2307 3285 pelluntur,
2342 3214 2551 3269 timoris
2580 3214 2808 3284 imperio
2850 3212 3083 3283 undique
3110 3221 3334 3268 θιααιω.
3362 3209 3471 3265 Nec
3511 3208 3612 3275 hoc

2016 3307 2189 3362 solum
2220 3314 2304 3360 est
2331 3305 2473 3376 quod
2513 3321 2581 3361 ex
2612 3306 2804 3360 timore
2846 3305 3133 3369 lucramur,
3161 3317 3345 3357 verum
3372 3308 3426 3355 et
3468 3299 3609 3352 aliud

2019 3398 2123 3455 hoc
2154 3400 2321 3453 multo
2344 3399 2536 3470 majus.
2564 3398 2680 3453 Non
2709 3397 2855 3454 enim
2879 3395 3151 3467 improbas
3180 3404 3381 3448 tantum
3402 3401 3613 3445 nostras

2017 3493 2235 3563 expellit
2264 3494 2559 3562 passiones,
2578 3492 2672 3548 sed
2700 3500 2755 3546 et
2780 3505 2995 3545 omnem
3018 3504 3142 3545 cum
3170 3488 3333 3542 multa
3363 3484 3613 3540 facilitate

2017 3583 2271 3639 virtutem
2316 3583 2537 3638 inducit.
2570 3581 2672 3638 Ubi
2720 3581 2881 3636 timor
2909 3588 3014 3643 est,
3058 3579 3130 3633 ibi
3174 3587 3229 3633 et
3255 3578 3612 3647 eleemosyna:

2018 3674 2276 3741 studium,
2304 3683 2360 3728 et
2396 3673 2653 3727 orationis
2685 3671 2932 3735 intentio,
2979 3678 3035 3724 et
3069 3669 3321 3739 lacrymm
3348 3668 3615 3722 ferventes

2018 3778 2074 3824 et
2101 3769 2389 3833 continuae,
2433 3776 2489 3823 et
2515 3765 2747 3837 gemitus
2788 3764 3008 3819 multam
3057 3762 3313 3818 habentes
3353 3774 3614 3829 compun-

2019 3861 2275 3917 ctionem.
2306 3859 2446 3915 Nihil
2477 3860 2619 3915 enim
2648 3867 2853 3911 tantum
2880 3865 3095 3925 peccata
3124 3854 3412 3920 consumit,
3445 3854 3615 3906 virtu-

2022 3962 2238 4023 temque
2262 3966 2507 4007 crescere
2549 3948 2676 4004 facit
2704 3956 2758 4003 et
2778 3936 3103 4019 germinare,
3134 3948 3398 4015 quantum
3417 3943 3614 3998 assidui

2021 4047 2231 4102 timoris
2279 4055 2489 4099 natura.
2521 4043 2813 4112 Propterea
2842 4042 2931 4112 qui
2978 4056 3084 4095 non
3134 4038 3266 4094 vivit
3306 4038 3359 4092 in
3391 4036 3612 4101 timore.

2021 4148 2168 4196 recte
2208 4138 2359 4193 illum
2403 4151 2563 4207 agere
2592 4150 2699 4190 non
2744 4142 2830 4189 est
2876 4132 3126 4203 possibile
3157 4149 3171 4186 :
3200 4132 3339 4186 sicut
3379 4129 3613 4184 vicissim

2021 4247 2143 4286 cum
2197 4231 2390 4285 timore
2438 4229 2706 4283 viventem
2737 4233 2821 4280 est
2871 4222 3202 4294 impossibile
3245 4236 3490 4292 peccare.
3541 4221 3619 4276 Ne

2022 4324 2182 4393 igitur
2217 4322 2517 4386 doleamus,
2546 4318 2764 4383 dilecti,
2795 4331 2971 4386 neque
2997 4316 3233 4368 animum
3276 4312 3617 4383 despondea-

2023 4429 2145 4470 mus
2173 4414 2243 4468 ob
2293 4420 2615 4482 prazsentem
2648 4407 3070 4470 tribulationem,
3120 4404 3214 4459 sed
3246 4404 3498 4459 solertem
3528 4403 3623 4456 Dei

2023 4506 2338 4576 sapientiam
2383 4503 2731 4558 admiremur.
2777 4498 2928 4553 Unde
2955 4512 3184 4566 namque
3217 4495 3486 4550 civitatem
3520 4510 3620 4547 no-

2022 4610 2187 4655 stram
2240 4596 2483 4652 diabolus
2529 4610 2588 4649 se
2628 4605 2940 4649 eversurum
2990 4589 3241 4659 speravit,
3290 4588 3465 4643 Deus‘
3495 4586 3620 4641 inde

2025 4691 2256 4747 restituit
2315 4690 2482 4758 ipsam
2536 4696 2591 4741 et
2639 4686 2892 4741 correxit.
2963 4682 3214 4738 Diabolus
3260 4692 3453 4747 nempe
3500 4676 3620 4744 qni-

2024 4784 2247 4841 busdam
2281 4782 2457 4851 impiis
2494 4780 2798 4836 hominibus
2823 4777 3122 4849 inspiravit,
3155 4784 3212 4829 ut
3237 4774 3619 4841 lmperatorum

2025 4885 2230 4931 statuas
2260 4873 2466 4942 injuriis
2507 4870 2806 4935 ofﬁcerent,
2847 4883 2955 4940 quo
2980 4878 3033 4922 et
3063 4868 3237 4935 ipsum
3271 4862 3418 4916 urbis
3444 4859 3619 4912 solum

2028 4969 2433 5029 destrueretur;
2466 4964 2605 5018 Deus
2621 4971 2799 5017 autem
2826 4960 2928 5014 hoc
2954 4960 3068 5028 ipso
3095 4955 3236 5009 facto
3264 4952 3331 5006 ad
3361 4949 3621 5019 majorem

2029 5068 2265 5115 nostram
2312 5056 2700 5111 correctionem
2746 5066 2872 5107 usus
2902 5058 3020 5115 est,
3048 5053 3369 5114 chpectata:
3398 5042 3622 5095 comini-

2030 5152 2262 5208 nationis
2308 5154 2501 5205 timore
2528 5162 2743 5204 omnem
2774 5141 3065 5199 extrudens
3110 5148 3377 5205 torporem
3409 5151 3423 5189 :
3451 5142 3505 5187 et
3544 5132 3621 5186 fa-

2030 5257 2172 5303 ctum
2202 5254 2285 5301 est
2330 5251 2515 5298 contra
2566 5254 2726 5310 quam
2775 5237 2985 5292 danuou
3033 5230 3266 5293 volebat,
3299 5244 3362 5282 ex
3410 5227 3474 5281 iis
3502 5239 3619 5295 qua:

2033 5342 2146 5410 ipse
2189 5342 2476 5394 struxerat.
2510 5333 2715 5388 Civitas
2743 5329 2884 5385 enim
2912 5325 3149 5397 quotidie
3176 5322 3330 5377 nobis
3355 5332 3618 5389 expurgav

2035 5408 2197 5499 tur,ct
2219 5427 2480 5500 angiporti
2505 5437 2557 5479 et
2586 5423 2723 5479 bivia
2745 5429 2799 5476 et
2818 5419 3009 5490 platea:
3047 5415 3283 5469 liberata:
3305 5408 3622 5466 meretriciis

2098 5620 2114 5649 ι
2153 5624 2217 5668 Ita
2248 5624 2354 5665 Sav.
2394 5620 2447 5663 et
2483 5611 2690 5661 maxima
2728 5617 2839 5672 pars
2870 5612 2973 5653 uss.
3011 5608 3059 5649 In
3091 5595 3254 5649 Morel.
3293 5607 3411 5645 vero
3445 5592 3617 5645 deest.

2040 5690 2180 5733 Deus.

3284 5747 3355 5804 10
