4070 6208
304 368 417 424 155

296 482 495 552 ἀγοραὶ
515 479 622 533 τῶν
650 477 924 548 πορνικῶν
950 477 1044 530 καὶ
1069 475 1546 545 διακεκλασμένων
1585 473 1979 544 ἀπηλλάγησαν

297 569 577 640 ᾀσμάτων,
595 567 687 620 καὶ
702 569 946 633 ὅπουπερ
969 567 1033 619 ἄν
1057 581 1139 628 τις
1165 564 1266 636 ἴδῃ.
1283 561 1982 635 λιτα¹ιί155]καὶεύφημίαι

298 656 392 710 καὶ
423 656 632 725 δάκρυα
665 655 784 707 ἀντὶ
811 653 1043 722 γέλωτος
1075 651 1310 706 ἀτάκτου
1333 693 1348 717 ,
1389 652 1484 704 καὶ
1517 653 1738 722 ῥήματα
1771 649 1984 718 φιλοσο-

297 741 428 810 φίαι
457 742 646 811 έχοντα
674 742 794 794 ἀντί
821 740 1081 812 ῥημάτων
1102 737 1365 812 αἰσχρῶν,
1386 739 1482 791 καὶ
1543 737 1806 808 ἐκκλησία
1823 735 1983 805 γέγο-

297 845 386 882 νεν
404 831 537 899 ἡμῖν
559 829 592 897 ἡ
616 828 767 890 πόλις
791 827 998 888 ἅπασα,
1017 825 1123 878 τῶν
1141 825 1516 896 ἐργαστηρίων
1547 822 1979 893 ἀποκεκλεισμέ-

298 933 424 981 νων,
451 917 546 979 καί
572 916 789 968 πάντων
815 918 872 967 ἐν
900 918 1018 977 ταῖς
1050 915 1353 984 πανδήμοις
1382 912 1605 976 ταύταις
1634 911 1982 983 διημερευόν-

298 1021 406 1056 των
444 1003 636 1066 λιταῖς.
679 1003 770 1056 καὶ
809 1003 900 1056 τὸν
943 1002 1076 1054 Θεὸν
1121 1003 1219 1072 μιᾷ
1261 1001 1354 1054 καὶ
1401 1004 1553 1070 κοινῇ
1587 1002 1738 1070 φωνῇ
1776 1012 1801 1038 α
1848 998 1985 1069 μετά

299 1089 500 1158 πολλῆς
548 1089 853 1142 καλούντων
895 1088 997 1158 τῆς
1036 1087 1364 1157 προθυμίας.
1415 1089 1571 1150 Ποῖος
1612 1084 1787 1138 ταῦτα
1829 1085 1985 1154 λόγος

299 1175 492 1230 ἀνύσαι
525 1176 657 1229 ποτέ
706 1175 930 1246 ίσχυσε;
980 1175 1109 1229 ποία
1148 1173 1501 1245 παραίνεσις;
1544 1173 1629 1237 τίς
1669 1173 1981 1243 συμϐουλή;

298 1264 467 1318 πόσον
496 1263 688 1335 χρόνου
718 1263 893 1334 μῆκος
913 1279 928 1328 ;

374 1369 542 1440 β’.Διά
551 1369 724 1422 ταῦτα
735 1367 1166 1439 εὐχαριστῶμεν,
1185 1369 1276 1421 καὶ
1295 1366 1366 1439 μὴ
1379 1367 1544 1420 ἀποδυ
1553 1367 1835 1438 σπετῶμεν
1851 1367 1982 1440 μηδέ

298 1457 756 1528 δυσχεραίνωμεν.
785 1457 907 1508 Ὅτι
931 1456 1040 1526 769
1068 1454 1229 1508 καλὸν
1253 1456 1281 1507 ό
1311 1455 1492 1524 φόϐος,
1524 1455 1727 1520 ἐδίδαξε
1758 1457 1853 1527 μὲν
1883 1457 1977 1510 καὶ

299 1544 370 1598 16
397 1544 681 1616 εἰρημένα·
712 1544 942 1598 ἄκουσον
969 1542 1026 1595 δὲ
1055 1543 1151 1596 καλ⁸
1180 1541 1526 1612 Σολομῶντος
1559 1545 1690 1614 περὶ
1713 1543 1875 1596 αὑτοῦ
1901 1562 1982 1613 φι-

299 1632 654 1702 λοσοφοῦντος
673 1631 868 1694 οὕτως,
901 1630 1244 1700 Σολομῶντος
1273 1630 1366 1683 τοῦ
1397 1630 1544 1702 πάσῃ
1589 1631 1984 1702 συντραφέντος

298 1722 479 1791 τρυφῇ
510 1722 606 1773 καὶ
645 1717 846 1789 πολλῆς
883 1716 1288 1780 ἀπολαύσαντος
1316 1716 1518 1780 ἀδείας.
1551 1716 1615 1770 Τί
1649 1713 1741 1771 οὖν
1779 1719 1984 1782 ἐκεῖνός

299 1826 465 1878 φησιν
487 1825 500 1871 ;
530 1805 772 1876 Ἀγαθὸν
795 1802 1162 1875 πορευθῆναι
1188 1807 1276 1870 εἰς
1308 1801 1476 1859 οἷκον
1503 1805 1782 1872 πένθους,
1805 1807 1844 1874 ἠ
1875 1823 1982 1861 πο-

291 1893 585 1965 ρευθῆναι
612 1896 700 1959 είς
723 1889 891 1946 οἶκον
907 1891 1183 1961 γέλωτος.
1203 1892 1268 1944 Τί
1287 1891 1485 1961 λέγεις,
1511 1891 1632 1944 είπέ
1663 1910 1752 1964 μοι
1773 1911 1787 1958 ;
1809 1893 1982 1948 Ὅπου

299 1969 521 2054 θρῆνος,
547 1982 642 2037 καὶ
662 1981 897 2053 δάκρυα,
929 1982 1024 2034 καὶ
1047 1981 1304 2051 οἰμωγαί,
1334 1981 1427 2034 καὶ
1447 1979 1629 2050 ὀδύνη,
1657 1981 1752 2034 καὶ
1773 1979 1984 2052 ἀθυμία

299 2071 557 2141 τοσαύτη,
601 2069 808 2140 βέλτιον
836 2067 1091 2121 ἀπελθεῖν
1126 2067 1346 2138 μᾶλλον,
1386 2068 1418 2138 ἢ
1458 2068 1590 2121 ὅπου
1632 2071 1860 2140 χορεῖαι,
1889 2071 1984 2124 καὶ

300 2157 580 2230 κύμϐαλα,
609 2159 700 2209 καὶ
719 2156 911 2224 γέλως,
931 2155 1022 2210 καὶ
1037 2155 1236 2226 τρυφὴ,
1259 2156 1350 2208 καὶ⁹
1366 2154 1662 2226 ἀδηφαγία,
1688 2155 1781 2209 καὶ
1803 2156 1940 2227 μέθη
1964 2175 1980 2224 ;

300 2246 431 2306 Ναὶ,
476 2243 610 2315 φησί
650 2244 698 2296 δ.
753 2243 909 2306 Τίνος
938 2243 1144 2306 ἕνεκεν,
1171 2241 1292 2296 εἰπέ
1335 2259 1445 2314 μοι,
1494 2242 1588 2295 καὶ
1621 2241 1708 2296 διά
1743 2243 1831 2309 τί;
1863 2244 1984 2298 Ὀτι

300 2334 512 2388 ἐκεῖθεν
551 2333 648 2403 μὲν
679 2329 966 2401 παροινία,
997 2329 1242 2382 ἐντεῦθεν
1269 2329 1326 2382 δὲ
1367 2329 1687 2401 σωφροσύνη
1717 2331 1982 2385 τίκτεταιο

298 2423 407 2477 κάν
430 2420 645 2492 ἀπέλθῃ
672 2436 757 2482 τις
781 2419 860 2480 είς
884 2415 1258 2488 εὐπορωτέρου
1287 2417 1613 2488 συμπόσιον,
1636 2418 1818 2472 οὐκέτι
1847 2419 1986 2489 μετά

299 2511 403 2581 τῆς
423 2508 593 2578 αὐτῆς
618 2506 808 2578 ἡδονῆς
825 2504 1012 2573 ὄψεται
1037 2503 1134 2574 τὴν
1155 2503 1352 2570 οίκίαν,
1379 2504 1493 2558 ἀλλ’
1515 2504 1695 2575 ἀηδῶς
1722 2505 1819 2576 μὲν
1849 2506 1984 2577 πρὸς

299 2598 401 2670 τὴν
449 2597 682 2665 γυναῖκα
735 2591 1015 2662 ἐπανήξει,
1064 2589 1246 2661 ἀηδῶς
1289 2591 1346 2644 δὲ
1391 2591 1490 2662 τῆς
1532 2591 1724 2645 ἐαυτοῦ
1771 2593 1984 2663 μεθέξει

299 2682 606 2756 τραπέζης,
655 2681 748 2734 καὶ
792 2679 1120 2750 δυσάρεστος
1159 2679 1254 2731 καί
1293 2681 1406 2742 τοῖς
1449 2679 1687 2743 οἰκέταις
1730 2681 1825 2733 καὶ
1874 2684 1986 2746 τοῖς

299 2771 542 2834 παιδίοις
575 2769 671 2822 καὶ
700 2768 868 2820 πᾶσιν
901 2765 1054 2818 ἐσται
1087 2767 1201 2828 τοῖς
1228 2765 1369 2818 κατά
1400 2765 1497 2836 τὴν
1525 2756 1722 2832 οίκίαν,
1751 2768 1858 2822 ἀπὸ
1887 2770 1987 2840 τῆς

300 2862 508 2932 ἑτέρων
537 2855 793 2927 εὐπορίας
830 2853 1216 2925 ἀκριϐέστερον
1255 2851 1484 2907 κατιδὼν
1521 2853 1621 2920 τὴν
1661 2857 1855 2909 ἐαυτοῦ
1892 2874 1988 2910 πε-

301 2949 450 3003 νίαν.
498 2947 609 2999 Καὶ
653 2944 713 2997 οὐ
759 2941 917 2995 τοῦτο
958 2940 1116 3011 μόνον
1155 2941 1272 2993 ἐστ)⁸
1299 2939 1361 2993 τὸ
1395 2941 1590 3005 δεινὸν,
1629 2941 1743 2996 ἀλλ’
1774 2944 1854 2996 ὅτι
1894 2946 1988 2999 καὶ

303 3034 597 3107 βασκαίνει
645 3031 901 3092 πολλάκις
940 3027 1019 3098 τῷ
1069 3027 1352 3082 καλέσαντι
1393 3029 1555 3082 αὐτὸν
1587 3031 1723 3102 πρὸς
1766 3030 1864 3102 τὴν
1898 3033 1990 3086 εὑ-

301 3124 501 3195 ωχίαν·
552 3120 644 3174 καὶ
681 3119 818 3181 ὅλως
857 3116 1008 3170 οὐδὲν
1049 3115 1249 3185 ἀγαθὸν
1289 3114 1467 3169 λαϐὼν
1505 3117 1682 3170 οῐκαδε
1709 3119 1985 3190 ἐπανήξει.

305 3211 440 3266 Ἐπὶ
481 3209 541 3262 δέ
581 3207 688 3261 τῶν
735 3203 1074 3259 πενθούντων
1116 3203 1268 3257 οὐδὲν
1310 3202 1548 3258 τοιοῦτον
1595 3203 1740 3258 ἐστιν
1791 3208 1984 3272 είπεῖν,

305 3298 447 3354 ἀλλά
486 3294 656 3366 πολλὴ
693 3295 790 3365 μὲν
829 3295 862 3363 ὴ
892 3290 1198 3361 φιλοσοφία,
1233 3289 1400 3362 πολλὴ
1430 3291 1546 3363 δὲή
1582 3292 1903 3364 σωφροσύνη
1936 3305 1982 3350 ε,

307 3387 465 3455 Ἀμα
494 3382 602 3453 γάρ
629 3380 692 3435 ἂν
720 3397 803 3443 τις
827 3378 987 3449 ἐπιϐῇ
1023 3377 1129 3430 τῶν
1157 3376 1446 3448 προθύρων
1464 3378 1563 3448 τῆς
1586 3379 1763 3442 οἰκίας
1778 3379 1877 3450 τῆς
1902 3397 1988 3433 νε-

306 3473 440 3545 κρὺν
469 3469 720 3542 ἐχούσης,
755 3466 850 3520 καὶ
879 3465 970 3518 τὸν
996 3463 1417 3536 τετελευτηκότα
1451 3463 1536 3538 ίδῃ
1567 3465 1779 3534 ἄφωνον
1811 3467 1989 3537 κείμε-

307 3579 419 3622 νον,
450 3559 548 3612 καὶ
569 3557 666 3628 τὴν
693 3557 930 3625 γυναῖκα
957 3553 1054 3616 16;
1078 3552 1274 3624 τρίχας
1298 3551 1600 3618 τίλλουσαν,
1631 3551 1728 3616 16;
1756 3555 1987 3624 παρειάς

306 3645 771 3714 καταξαίνουσαν,
813 3643 939 3704 τοὺς
989 3639 1278 3712 βραχίονας
1323 3638 1782 3709 κατατέμνουσαν,
1822 3657 1989 3694 κατα-

306 3734 609 3793 «mum,
632 3727 1036 3799 σκυθρωπάζει,
1060 3727 1284 3781 καὶτῶν
1311 3725 1737 3797 συγκαθημένων
1758 3727 1987 3792 ἕκαστος

305 3823 448 3894 πρὸς
470 3820 563 3874 τὸν
590 3817 814 3888 πλησίον
841 3815 993 3869 οὐδὲν
1019 3815 1206 3885 ἓτερον
1231 3814 1527 3883 φθέγγεται
1554 3814 1669 3868 ἀλλ’
1691 3815 1745 3886 ἢ,
1773 3816 1853 3868 ὄτι
1877 3817 1985 3870 Οὑ-

301 3912 392 3965 δέν
420 3913 610 3978 ἐσμεν,
639 3907 787 3976 καὶὴ
817 3903 984 3958 κακία
1010 3902 1165 3974 ἡμῶν
1199 3902 1424 3972 ἄφατός.
1462 3902 1527 3955 Τί
1547 3902 1750 3956 τούτων
1771 3904 1985 3973 φιλοσοο

301 3998 555 4067 φώτερον
581 3993 688 4048 τῶν
725 3992 985 4063 ῥημάτων
1008 3990 1200 4058 γένοιτ’
1241 3989 1328 4053 ἂν,
1357 3990 1485 4043 ὅταν
1525 3989 1619 4042 καὶ
1643 3990 1744 4060 τῆς
1771 3991 1987 4059 φύσεως

301 4085 403 4154 τὴν
441 4080 716 4134 εύτέλειαν
748 4075 1217 4144 ἐπιγινώσκωμεν,
1245 4077 1338 4128 καὶ
1356 4077 1452 4146 τὴν
1477 4074 1740 4147 πονηρίαν
1764 4076 1984 4132 διαϐάλ-

301 4172 514 4241 λωμεν,
540 4169 631 4220 καὶ
665 4165 827 4237 μηδὲν
867 4159 1003 4216 εἶναι
1031 4162 1099 4216 16
1129 4163 1368 4235 παρόντα
1399 4162 1707 4234 νομίζωμεν
1727 4201 1744 4227 ,
1778 4164 1986 4236 ἑτέροις

308 4259 410 4328 μὲν
453 4258 694 4326 ῥήμασι,
746 4250 936 4322 γνώμῃ
985 4251 1041 4303 δέ
1083 4253 1149 4320 τῇ
1203 4250 1338 4320 αὐτῇ
1388 4250 1455 4303 τά
1497 4248 1590 4302 τοῦ
1642 4250 1987 4320 Σολομῶντος

303 4344 674 4414 φθεγγόμενοι
701 4342 884 4392 ἐκεῖνα
914 4338 983 4390 τά
1008 4336 1293 4408 θαυμαστά
1319 4338 1412 4390 καὶ
1441 4336 1639 4406 πολλῆς
1669 4338 1986 4408 φιλοσοφίας

302 4433 571 4502 γέμοντα,
599 4431 681 4482 ὅτι
723 4427 1056 4491 Ματαιότης
1088 4423 1518 4494 ματαιοτήτων.
1555 4425 1653 4477 καὶ
1688 4424 1758 4478 τὰ
1789 4426 1987 4480 πάντα

297 4520 674 4590 ματαιότης;
702 4516 760 4568 '0
793 4517 873 4576 είς
913 4509 1059 4566 οἷκον
1091 4511 1429 4566 πενθούντων
1464 4512 1739 4576 εἰσελθὼν,
1783 4515 1986 4578 εὐθέως

301 4607 533 4678 δακρύει
562 4606 651 4657 τὸν
676 4602 978 4656 ἀπελθόντα
999 4641 1013 4664 ,
1049 4600 1152 4654 κάν
1182 4599 1373 4670 ἐχθρὸς
1497 4597 1649 4663 Εἶδες
1674 4601 1838 4654 πόσον
1869 4602 1986 4671 βελ-

299 4695 439 4747 τίων
464 4693 604 4762 αῦτη
630 4690 844 4760 ἐκείνης
871 4691 904 4757 ἡ
943 4689 1112 4753 οἰκίας
1150 4689 1294 4740 Ἐκεῖ
1318 4687 1416 4757 μὲν
1449 4685 1578 4757 769,
1615 4687 1716 4740 κᾶν
1747 4688 1898 4757 φίλος
1923 4686 1981 4761 ᾖ,

301 4781 512 4851 φθονεῖ·
541 4777 773 4832 ἐνταῦθα
800 4777 880 4838 δὲ,
911 4775 1014 4829 κᾶν
1041 4775 1232 4846 ἐχθρὸς
1259 4770 1314 4848 ᾗ,
1345 4774 1590 4845 δακρύειο
1617 4773 1795 4839 τοῦτο,
1821 4775 1851 4827 ὃ
1883 4778 1986 4845 μά-

300 4870 466 4921 λιστα
497 4867 715 4920 πάντων
737 4868 764 4918 6
791 4864 922 4928 Θεὸς
950 4861 1212 4932 ἐπιζητεῖ,
1241 4863 1301 4915 τὸ
1331 4862 1405 4933 μὴ
1433 4863 1725 4933 ἐφήδεσθαι
1755 4867 1866 4928 τοῖς
1893 4865 1983 4918 λε-

297 4955 632 5024 λυπηκόσιν.
653 4955 727 5007 Ού
744 4952 916 5008 ταῦτα
931 4954 986 5005 δέ
1013 4952 1170 5022 μόνον
1195 4949 1338 5003 ἐστιν
1360 4949 1566 5003 ἐκεῖθεν
1587 4951 1983 5023 καρπώσασθαι

295 5045 372 5098 τὰ
405 5043 574 5106 καλά,
607 5042 740 5095 ἀλλὰ
765 5042 858 5094 καὶ
889 5041 1051 5109 ἕτερα
1080 5036 1280 5090 τούτων
1317 5037 1418 5089 οὐκ
1462 5038 1685 5091 ἐλάττω.
1734 5040 1842 5092 Καὶ
1876 5039 1982 5111 γὰρ

295 5132 786 5203 ἀναμιμνήσκεται
817 5125 966 5200 [154]
1011 5125 1120 5178 τῶν
1161 5124 1575 5195 ἁμαρτημάτων
1607 5125 1836 5189 ἕκαστος
1873 5127 1982 5180 τῶν

293 5217 530 5278 ἑαυτοῦ,
559 5217 652 5270 καὶ
677 5215 771 5268 τοῦ
789 5212 1140 5283 δικαστηρίου
1164 5211 1257 5263 τοῦ
1291 5211 1542 5282 φοϐεροῦ,
1572 5211 1665 5265 καὶ
1693 5213 1800 5265 τῶν
1827 5214 1983 5267 εὐθυ-

293 5309 414 5362 νιῖιν
435 5305 682 5362 ἐκείνων.
713 5305 806 5356 καὶ
826 5304 924 5373 τῆς
951 5301 1204 5372 κρίσεως,
1227 5298 1328 5352 κάν
1420 5299 1588 5370 μυρία
1614 5301 1759 5354 κακά
1784 5317 1982 5355 πεπον-

295 5396 416 5458 εὼς
464 5394 592 5463 παρ’
644 5392 867 5462 ἐτέρων,
915 5391 1010 5444 καὶ
1053 5387 1226 5450 λύπας
1271 5387 1409 5440 κατά
1455 5388 1555 5458 τὴν
1596 5387 1770 5441 οἰκίαν
1820 5388 1979 5458 ἔχων,

297 5486 534 5539 πάντων
554 5480 729 5533 αὐτῶν
751 5477 932 5532 λαϐὼν
956 5478 1018 5531 τὸ
1043 5477 1328 5548 φάρμακον
1349 5475 1518 5539 οὕτως
1542 5475 1837 5533 ἐπάνεισιν.
1866 5479 1981 5533 Ἐν-

363 5683 535 5746 981οε
559 5684 671 5734 Sav.
693 5682 1178 5746 restiluimu§.Y_ulg.
1194 5682 1242 5746 ly
1261 5685 1319 5744 τῇ
1345 5684 1428 5746 μιᾷ
1453 5683 1586 5742 κοινῇ
1612 5685 1767 5743 φωνῇ.
1783 5681 1911 5732 Εωτ.

366 5745 398 5788 δ
425 5749 562 5804 Haec,
586 5747 677 5803 ναὶ,
700 5746 833 5808 φησί,
855 5746 900 5792 in
919 5743 1168 5808 soloridoi'.
1193 5743 1390 5808 desim}.

373 5812 396 5840 ⁸
424 5801 628 5857 3³γ.ἐι
662 5801 800 5855 ιηίιίιί
826 5801 942 5855 mss.
981 5803 1470 5868 φιλοφροσύνῃ-ξιον.
1495 5801 1795 5868 σωφροσύνη.
1822 5801 1978 5868 Paulo

297 5880 425 5933 post
449 5871 543 5933 ευ
589 5871 688 5930 ἅμα
709 5869 797 5930 γάρ
820 5884 944 5933 τιςζ
967 5863 1274 5933 ίδῃῄάφωνον,
1297 5863 1379 5916 alii
1397 5866 1508 5914 ἰδὼν
1530 5863 1732 5929 ἄφωνον.
1761 5866 1804 5928 (ι
1822 5863 1952 5914 Rece
1966 5895 1977 5903 -

295 5929 475 5988 Limus
494 5932 573 5991 ίδι
608 5929 694 5991 pro
721 5929 850 5992 ιυὶε.
876 5929 1007 5978 εἶδεν.
1028 5929 1236 5990 £011.»)

1296 360 1385 416 Δί)
1423 357 1753 418 POPULUM
1793 356 2306 416 ANTIOCHENUM
2345 358 2582 418 HOMIL.
2624 360 2743 416 XV.

3663 359 3768 417 I53

2093 475 2291 544 νοήσας
2311 476 2440 546 769,
2457 477 2540 528 δτι
2563 476 2756 546 μικρὸν
2781 473 3002 545 ὕστερον
3026 475 3120 529 καὶ
3137 475 3296 540 αὐτὸς
3321 476 3562 530 πείσεται
3583 476 3761 538 τοῦτο,

2095 565 2189 615 καὶ
2216 564 2413 626 πάντες
2435 563 2492 616 δέ
2513 565 2560 616 οί
2591 562 2800 634 μεγάλα
2823 563 3118 632 φυσῶντες,
3141 564 3235 616 καὶ
3259 565 3339 618 ὅτι
3369 564 3674 635 πρόσκαιρα
3698 563 3768 618 τὰ

2094 652 2336 721 παρόντα
2359 653 2575 706 ἃπαντα
2598 691 2613 715 ,
2643 651 2744 706 κᾶν
2777 649 2987 721 χρηστά
3017 647 3086 722 ᾖ,
3119 651 3221 704 κᾶν
3257 651 3496 722 λυπηρά,
3528 651 3766 722 ἀθυμίαν

2093 741 2186 792 καὶ
2210 739 2503 809 βασκανίαν
2534 740 2751 794 ἃπασαν
2780 737 3136 807 ἀποθέμενος,
3173 739 3268 792 καὶ
3293 739 3501 808 κούφην
3535 740 3766 809 ποιήσας

2091 829 2190 897 τὴν
2231 828 2426 898 ψυχὴν,
2472 829 2564 880 καὶ
2612 826 2934 898 πτερωθεὶς,
2979 824 3152 888 οὕτως
3190 825 3369 877 οἴκαδε
3413 826 3762 896 ἀναστρέῲεν

2093 917 2186 971 καὶ
2215 916 2459 969 ἐντεῦθεν
2485 915 2830 986 ἡμερώτερος
2860 915 3006 968 ἔσται
3035 916 3164 967 πᾶσι
3187 913 3370 966 λοιπὸν
3390 955 3402 974 ,
3429 915 3764 967 ἐπιεικέστε-

2095 1021 2184 1073 ρος
2224 1005 2318 1056 καί
2355 1003 2785 1074 προσηνέστερος
2833 1003 2928 1055 καὶ
2970 1000 3421 1072 φιλοσοφώτερος,
3461 1001 3556 1054 τοῦ
3600 998 3763 1070 φόϐου

2090 1091 2198 1144 τῶν
2231 1091 2529 1162 μελλόντων
2565 1090 2970 1153 ἐπεισελθόντος
3009 1089 3174 1143 αὑτοῦ
3219 1093 3284 1161 τῇ
3327 1090 3469 1160 ψυχῇ
3493 1132 3506 1153 ,
3543 1090 3637 1142 καὶ
3671 1089 3768 1152 16;

2091 1179 2332 1242 ἀκάνθας
2355 1179 2761 1249 δαπανήσαντος
2794 1177 3026 1241 ἁπάσας.
3068 1178 3179 1232 Καὶ
3211 1179 3383 1232 ταῦτα
3425 1179 3600 1232 πάντα
3629 1179 3770 1231 ἐκεῖ-

2090 1285 2178 1330 νος
2207 1266 2430 1320 συνιδὼν
2463 1267 2646 1335 ἔλεγεν
2677 1267 2779 1326 ὅτι,
2819 1265 3063 1335 Ἀγαθὸν
3091 1267 3455 1334 πορευθῆναι
3483 1269 3570 1331 είς
3601 1261 3771 1320 οἷκον

2090 1354 2368 1420 πένθους,
2407 1353 2443 1422 ἢ
2478 1351 2839 1422 πορευθῆναι
2872 1355 2958 1420 εἰς
2991 1353 3162 1407 οἷκον
3193 1354 3401 1408 πότου·
3439 1353 3646 1406 ἐκεῖθεν
3678 1355 3768 1424 ραι

2091 1443 2278 1514 θυμία.
2315 1441 2561 1496 ἐντεῦθεν
2596 1442 2805 1510 ἀγωνία
2829 1441 3056 1510 γίνεται·
3097 1441 3303 1496 ἐκεῖθεν
3340 1441 3763 1513 καταφρόνησις,

2089 1531 2335 1584 ἐντεῦθεν
2379 1529 2562 1598 φόϐος,
2607 1531 2636 1582 6
2680 1529 2816 1601 πρὸς
2859 1527 3079 1582 ἃπασαν
3126 1528 3153 1567 ἀ
3197 1530 3346 1598 ἡμᾶς
3403 1529 3768 1596 παιδαγωγῶν

2089 1619 2307 1690 ἀρετήν.
2331 1619 2392 1671 Et
2421 1618 2494 1688 μὴ
2515 1617 2680 1670 καλὸν
2705 1613 2772 1687 ἦν
2791 1619 2819 1670 6
2843 1616 3025 1685 φόϐος,
3055 1616 3153 1669 οῦκ
3174 1615 3239 1670 ἀν
3266 1617 3391 1679 τοὺς
3423 1616 3649 1678 πολλοὺς
3674 1618 3770 1670 καὶ

2093 1707 2338 1779 μακροὺς
2366 1705 2610 1776 ἀνήλωσε
2640 1705 2832 1773 λόγους
2863 1706 2891 1757 6
2924 1704 3156 1774 Χριστὸς
3185 1704 3312 1774 περὶ
3341 1704 3438 1774 τῆς
3466 1705 3580 1756 ἐκεῖ
3608 1704 3768 1758 κολά-

2091 1812 2228 1859 σεως
2264 1796 2358 1848 καὶ
2388 1794 2655 1866 τιμωρίας
2680 1791 3082 1862 διαλεγόμενος.
3118 1791 3174 1846 '0
3203 1792 3366 1860 φόϐος
3399 1791 3551 1844 οὐδὲν
3581 1792 3770 1863 ἔτερόν

2092 1885 2256 1947 ἐστιν,
2284 1883 2317 1954 ἢ
2341 1885 2515 1954 τεῖχος
2531 1883 2624 1936 καὶ
2643 1881 2933 1950 ἀσφάλεια,
2958 1880 3053 1933 καὶ
3070 1879 3278 1949 πύργος
3303 1877 3764 1949 ἀκαταγὼνιστοςο

2091 1972 2183 2025 καὶ
2211 1970 2320 2041 769
2348 1969 2549 2039 πολλῆς
2579 1971 2710 2039 ἡμῖν
2740 1967 3038 2036 ἀσφαλείας
3065 1967 3164 2033 δεῖ,
3191 1967 3278 2021 διὰ
3315 1968 3374 2022 16
3399 1967 3600 2032 πολλάς
3627 1963 3768 2022 εἶναι

2091 2055 2364 2126 πανταχοῦ
2398 2055 2496 2118 16;
2527 2055 2765 2125 ἐνέδρας
2799 2053 3052 2123 καθάπερ
3073 2054 3234 2117 αὐτὸς
3252 2051 3407 2118 οὗτος
3440 2055 3598 2109 πάλιν
3629 2073 3767 2127 1:69-

2091 2144 2253 2196 αινῶν
2295 2145 2324 2196 6
2367 2141 2614 2212 Σολομὼν
2656 2142 2859 2210 ἔλεγεν·
2885 2141 3219 2211 Ἔπίγνωθι,
3254 2142 3341 2195 ὅτι
3369 2143 3438 2196 ἐν
3463 2144 3632 2211 μέσῳ
3658 2161 3768 2198 :zao

2090 2230 2271 2300 τὶδων
2294 2229 2614 2294 διαϐαίνεις
2639 2229 2736 2282 καί
2759 2229 2856 2282 ἐπὶ
2879 2228 3192 2292 ἐπάλξεων
3220 2231 3450 2296 πόλεως
3478 2241 3501 2269 ο
3527 2245 3763 2297 περιπα-

2089 2317 2230 2383 τεῖς.
2275 2315 2446 2370 Βαϐαῖ
2480 2317 2660 2369 πόσων
2688 2316 2846 2387 γέμει
2895 2315 3052 2368 τοῦτο
3093 2315 3154 2369 τὸ
3197 2316 3348 2388 ῥῆμα
3392 2315 3634 2384 ἀγαθῶν,
3673 2319 3767 2370 καὶ

2091 2406 2190 2459 ούκ
2212 2404 2429 2457 ἔλαττον
2457 2403 2490 2474 ἦ
2526 2404 2584 2457 τὸ
2615 2403 2908 2473 πρότερονί

2161 2491 2556 2562 Ἐγγράφωμεν
2579 2491 2754 2543 τοίνυν
2779 2491 3008 2552 ἕκαστος
3034 2487 3125 2542 ἐπὶ
3149 2489 3246 2558 τῆς
3267 2489 3502 2546 διανοίας
3520 2489 3649 2543 αὐτὸ
3669 2488 3764 2558 τῆς

2092 2581 2384 2650 ἡμετέρας,
2409 2577 2502 2632 καὶ
2521 2577 2906 2648 περιφέρωμεν
2933 2576 3026 2629 ἐπὶ
3046 2575 3147 2644 τῆς
3174 2582 3392 2651 μνήμης
3420 2577 3527 2644 ἀεὶ,
3551 2577 3643 2630 καὶ
3668 2577 3764 2648 ούχ

2094 2663 2524 2736 ἁμαρτησόμεθα
2581 2661 2810 2732 ταχέως.
2867 2661 3261 2732 Ἐγγράψωμεν
3311 2662 3573 2734 πρότερον
3637 2664 3768 2716 αύτο

2097 2751 2234 2824 μετά
2260 2751 2545 2822 ἀκριϐείας
2575 2751 2792 2822 ἀπάσης
2838 2749 3120 2821 μαθόντες*
3155 2750 3216 2803 οὐ
3251 2750 3359 2820 769
3394 2746 3536 2812 εἶπε,
3572 2750 3768 2816 Βλέπε,

2092 2841 2173 2894 ὅτι
2209 2841 2266 2893 ἐν
2313 2840 2462 2910 μέσῳ
2491 2837 2730 2906 παγίδων
2773 2836 3090 2900 διαϐαίνεις,
3132 2835 3267 2901 ἀλλ’,
3289 2837 3621 2906 Ἐπίγνωθι.
3659 2839 3770 2893 Καὶ

2091 2927 2233 2991 τίνος
2264 2927 2448 2980 ἐνεκεν
2478 2920 2649 2989 εἶπεν,
2683 2924 3028 2992 Ἐπίῃενωθκ
3066 2923 3479 2987 Συνεσκίασται,
3522 2928 3706 2997 φησὶν,
3733 2931 3771 2997 τι,

2095 3013 2280 3082 παγίς·
2312 3011 2470 3066 τοῦτο
2490 3012 2598 3084 γάρ
2619 3012 2765 3064 ἐστιν
2798 3011 2830 3080 ή
2858 3010 3048 3079 παγίς,
3071 3010 3198 3063 ὅταν
3231 3008 3302 3086 μὴ
3335 3011 3567 3084 φανερὸς
3595 3015 3622 3067 6
3650 3013 3769 3068 όλεο

2095 3097 2221 3170 θρος
2267 3098 2546 3168 φαίνηται,
2593 3096 2724 3168 μηδὲ
2760 3096 2890 3168 δήλη
2933 3099 2966 3168 ή
3019 3095 3214 3167 βλάϐη,
3257 3097 3392 3152 ἀλλά
3437 3101 3770 3170 πανταχόθεν

2095 3203 2160 3238 πε
2171 3201 2246 3254 ριε
2258 3183 2525 3254 σταλμένη
2556 3183 2923 3254 παρακέηται·
2945 3183 3032 3238 διὰ
3052 3183 3207 3238 τοῦτό
3232 3202 3415 3256 φησιν,
3436 3187 3768 3258 Ἐπίγονωθιο

2096 3271 2292 3342 πολλῆς
2321 3287 2403 3324 σοι
2432 3270 2511 3323 δεῖ
2534 3269 2636 3339 τῆς
2673 3271 3052 3340 κατανοήσεως
3071 3271 3165 3324 καὶ
3193 3270 3453 3342 ἀκριϐοῦς
3489 3273 3589 3343 τῆς
3617 3275 3772 3345 ἐρεύ.

2092 3376 2210 3431 νης.
2252 3360 2464 3429 ’Ὠσπερ
2496 3357 2605 3428 γὰρ
2631 3355 2700 3411 τά
2740 3356 2926 3412 παιδία
2951 3360 3016 3429 τῇ
3045 3361 3116 3430 γῇ
3147 3357 3245 3430 τὴν
3280 3359 3514 3428 παγίδα,
3546 3361 3718 3426 οὕτως
3739 3363 3768 3414 ὁ

2092 3446 2336 3510 διάϐολος
2374 3446 2474 3504 16;
2513 3444 2788 3516 ἁμαρτίας
2813 3445 2933 3508 ταῖς
2959 3443 3238 3516 βιωτικαῖς
3263 3447 3627 3519 περιέστειλεν
3650 3449 3771 3518 ἠδο-

2093 3535 2232 3598 ναῖςο
2259 3533 2374 3587 ἀλλ’
2401 3531 2663 3601 ἐπίγνωθι
2690 3529 3110 3603 διερευνώμενος
3133 3532 3395 3603 ἀκριϐῶς.
3423 3533 3517 3587 καὶ
3546 3533 3640 3587 ἐάν
3665 3535 3770 3606 ἐμ·

2092 3621 2236 3693 πέσῃ
2267 3618 2478 3692 κέρδος,
2520 3617 2595 3689 μὴ
2637 3617 2699 3672 τὸ
2743 3616 2935 3688 κέρδος
2966 3617 3082 3691 ῑδῃς
3117 3618 3296 3688 μόνον,
3339 3618 3454 3673 ἀλλ’
3477 3620 3771 3692 ἐρεύνησον

2095 3706 2361 3780 ἀκριϐῶς,
2400 3706 2476 3778 μή
2505 3722 2608 3759 που
2636 3704 2865 3769 θάνατος
2889 3704 2983 3758 καὶ
3012 3705 3254 3775 ἁμαρτία
3272 3708 3354 3770 είς
3377 3706 3438 3761 τὸ
3462 3707 3651 3779 κέρδος
3683 3709 3770 3763 ἐν.

2091 3797 2178 3850 δον
2202 3795 2595 3866 ἐγκέκρυπται·
2623 3793 2728 3848 κᾶν
2756 3792 2892 3866 ἴδῃς,
2914 3793 3184 3861 ἀπόφυγε.
3213 3793 3404 3858 Πάλιν,
3425 3795 3553 3848 ὅταν
3580 3796 3772 3867 τέρψις

2091 3885 2187 3938 καὶ
2219 3881 2378 3954 ἡδονὴ
2421 3881 2772 3954 παρεμπέσῃ,
2812 3881 2887 3954 μὴ
2922 3879 3019 3952 τὴν
3054 3879 3244 3952 ἡδονὴν
3274 3880 3389 3952 ἴδῃς
3421 3880 3600 3952 μόνον,
3632 3884 3770 3942 ἀλλά

2095 3976 2168 4042 μή
2217 3987 2321 4023 που
2374 3969 2688 4041 παρανομία
2740 3985 2824 4030 τις
2869 3971 2928 4022 ἐν
2967 3966 3044 4036 τῷ
3070 3967 3222 4038 βάθει
3261 3969 3360 4038 τῆς
3405 3970 3598 4042 ἡδονῆς
3645 3988 3770 4030 συν-

2092 4057 2397 4122 εσκίασται,
2445 4056 2583 4127 μετά
2623 4055 2907 4128 ἀκριϐείας
2943 4054 3215 4122 ἐξέτασον,
3250 4059 3354 4110 κᾶν
3399 4057 3587 4131 εὕρῃς,
3630 4061 3767 4116 ἀπο-

2091 4145 2350 4216 πήδησον·
2388 4144 2492 4198 κᾶν
2522 4142 2864 4214 συμϐουλεύῃ
2891 4159 2995 4209 τις,
3025 4142 3129 4196 κάν
3160 4143 3449 4217 κολακεύῃ,
3473 4145 3576 4200 κᾶν
3600 4145 3766 4217 θεραο

2093 4233 2252 4302 πεύη.
2275 4231 2379 4285 κᾶν
2410 4230 2576 4300 τιμὰς
2595 4229 3017 4301 ἐπαγγέλληται,
3040 4227 3141 4282 κᾶν
3161 4229 3338 4283 ὁτιοῦν
3361 4229 3567 4303 ἕτερον,
3589 4235 3767 4287 πάντα

2091 4318 2432 4386 ἐξετάζωμεν
2469 4319 2607 4389 μετά
2642 4317 2954 4388 ἀκριϐείας,
2987 4317 3080 4370 καὶ
3116 4318 3540 4389 πρισκοπῶμεν
3573 4319 3770 4376 πάντα·

2093 4404 2182 4459 θεν
2214 4407 2290 4476 μή
2312 4404 2415 4458 πού
2439 4423 2521 4468 τις
2545 4404 2738 4475 βλάϐη,
2766 4406 2838 4475 μή
2862 4404 2964 4457 πού
2993 4422 3078 4469 τις
3103 4404 3344 4468 κίνδυνος
3371 4406 3480 4460 ἀπὸ
3505 4407 3604 4478 τῆς
3633 4424 3767 4478 συμ.

2093 4493 2320 4562 ϐουλῆς,
2353 4492 2385 4563 ἢ
2416 4493 2514 4564 τῆς
2547 4492 2733 4562 τιμῆς,
2771 4491 2804 4562 ἢ
2842 4491 2942 4561 τῆς
2973 4491 3267 4564 θεραπείας
3299 4493 3431 4563 ἡμῖν
3460 4494 3763 4562 ἐγγίνηται,

2092 4581 2184 4633 καὶ
2211 4581 2284 4651 μὴ
2309 4581 2516 4650 ταχέως
2552 4579 2645 4633 καλ⁵
2681 4579 3102 4650 ἀπερισκέπτως
3135 4580 3532 4651 ἐπιτρέχωμεν.
3576 4582 3638 4635 Εἰ
3667 4583 3768 4652 μὲν

2091 4668 2198 4737 γάρ
2231 4669 2329 4738 μία
2357 4668 2450 4720 καὶ
2484 4667 2577 4720 δύο
2621 4667 2780 4736 μόνον
2814 4663 2955 4738 ἦσαν
2993 4669 3050 4722 αί
3093 4669 3342 4737 παγίδες,
3376 4667 3596 4732 εὔκολος
3629 4665 3696 4738 ἦν
3728 4673 3759 4739 η

2091 4755 2323 4825 φυλακή·
2358 4753 2452 4807 νῦν
2475 4753 2530 4806 δὲ
2558 4753 2618 4806 τὸ
2645 4753 2844 4824 πλῆθος
2867 4754 3046 4808 αὐτῶν
3074 4755 3412 4822 ἐνδείξασθαι
3442 4754 3763 4826 βουλόμενος

2089 4843 2118 4894 6
2137 4841 2404 4913 Σολομὼν,
2436 4843 2664 4896 ἄκουσον
2698 4841 2812 4906 πῶς
3037 4860 3200 4914 φησιν
3240 4841 3285 4881 τ’
3311 4844 3643 4910 Ἐπίγνωθι,
3673 4844 3762 4900 ὅτι

2089 4929 2340 4998 ἐνμέσῳ
2373 4928 2638 4998 πατίδων
2668 4929 3008 4997 διαϐαίνειςο
3033 4931 3134 4983 ούκ
3168 4925 3340 4994 εἶπεν,
3365 4931 3447 4983 ὃτι
3470 4931 3628 5000 Παρά
3657 4950 3762 4984 πα-

2089 5016 2242 5084 γίδας
2267 5015 2579 5079 διαϐαίνεις,
2612 5016 2726 5068 ἀλλ’
2759 5018 2863 5071 Ἐν
2877 5016 3046 5087 μέσῳ
3067 5016 3353 5086 παγίδων.
3391 5016 3762 5088 Ἐκατέροιθεν

2089 5105 2220 5175 ἡμῖν
2251 5103 2318 5156 16
2347 5102 2592 5174 βάραθρα
2612 5143 2626 5163 ,
2657 5103 2990 5174 ἑκατέρωθεν
3009 5105 3058 5156 οί
3091 5103 3250 5157 δόλοι.
3281 5102 3535 5156 Ἐνέϐαλέ
3565 5121 3646 5167 τις
3680 5107 3761 5169 είς

2089 5191 2312 5261 ἀγορὰν,
2337 5187 2472 5244 εἶδεν
2492 5191 2704 5262 ἐχθρὸν,
2736 5192 3074 5262 ἐφλέγμανεν
3099 5191 3207 5244 ἀπὸ
3237 5191 3337 5262 τῆς
3362 5192 3536 5261 ὅψεως
3567 5194 3756 5266 μόνηςο

2087 5275 2191 5332 εἶδε
2221 5279 2372 5348 φίλον
2401 5279 2786 5349 εὐδοκιμοῦντα
2809 5319 2824 5342 ,
2857 5280 3175 5348 ἐϐάσκηνεν·
3204 5273 3310 5332 εἶδε
3350 5281 3558 5352 πένητα
3578 5319 3592 5344 ,
3623 5299 3759 5334 κατε

2087 5366 2349 5438 εφρόνησε
2389 5369 2481 5421 καὶ
2515 5368 2815 5438 ὑπερεῖδεν·
2851 5364 2957 5420 εἶδε
3005 5367 3276 5430 πλούσιον,
3306 5370 3399 5423 καὶ
3439 5369 3754 5440 ἐφθόνησεν·

2085 5449 2192 5507 εἶδέ
2254 5470 2375 5507 τινα
2425 5453 2863 5524 ἐπηρεαζόμενοι)
2891 5493 2905 5517 ,
2957 5455 3422 5527 ἀπεδυσπέτησενσ
3477 5452 3585 5510 εἶδέ
3636 5473 3759 5510 τινα

2085 5541 2478 5613 ἐπηρεάζοντα,
2509 5541 2882 5612 ἐδυσχέρανεν’
2903 5537 3008 5595 εἶδε
3030 5546 3262 5611 γυναῖκα
3278 5542 3572 5616 εὔμορφον,
3590 5541 3752 5598 ἑάλω.

2086 5627 2239 5694 Εἶδες
2283 5631 2442 5683 πόσαι
2482 5630 2537 5685 αί
2580 5628 2840 5698 παγίδες,
2890 5630 3167 5703 ἀγαπητέ;
3215 5631 3313 5686 Διά
3363 5630 3521 5686 τοῦτό
3566 5645 3752 5700 φησιν·

2143 5799 2172 5868 εξ
2194 5803 2294 5868 Alii
2313 5806 2548 5868 repetunt
2566 5802 2729 5865 φόϐος,
2751 5803 2896 5866 φόϐος
2917 5803 3033 5868 πρὸς
3050 5804 3136 5855 ἀπ.

2151 5864 2172 5887 ⁶
2194 5864 2288 5914 Alii
2311 5864 2513 5914 πόλεων.

2151 5923 2171 5964 ί
2199 5925 2298 5976 Alii
2317 5929 2523 5977 ἄκουσον
2547 5927 2591 5975 τί
2604 5943 2762 5990 φησιν.
