4070 6208
398 342 493 398 l5?

402 455 520 519 sed,
552 452 621 508 Ia
650 451 814 507 medio
839 449 1148 520 laqueorum.
1180 444 1457 513 Utrimque
1492 439 1647 497 nobis
1676 439 1953 511 voragines
1975 479 1990 504 ,

406 548 675 615 utrimque
723 541 851 597 doli.
906 538 1171 595 Processit
1214 535 1478 606 quispiam
1525 534 1577 587 in
1624 532 1833 593 forum,
1866 529 1998 584 vidit

408 637 704 698 inimicum,
743 631 944 688 exarsit
985 640 1053 685 ex
1097 635 1316 698 aSpeettt
1357 626 1474 680 solo
1525 640 1539 677 :
1594 621 1725 677 vidit
1766 622 1996 675 amicum

410 728 618 782 laudent
654 730 1067 793 cottsequentem
1086 759 1104 784 ,
1132 716 1351 772 invidit:
1373 714 1505 770 vidit
1534 726 1848 785 pauperem,
1872 726 2001 766 eon-

408 802 707 888 tempsu,et
721 813 964 883 despexit
979 830 992 864 :
1006 811 1242 876 divitem,
1257 807 1508 865 etinvidit
1523 825 1538 862 :
1551 805 1851 876 quempiam
1870 804 2001 859 vidit

406 909 656 964 atl'ectum
675 905 946 977 injuria.et
963 917 1104 974 aegre
1121 901 1271 955 tulit:
1288 897 1591 969 quempiam
1604 895 1734 951 vidit
1746 894 2000 950 infestan-

412 1014 540 1067 tem,
563 1011 616 1055 et
645 999 944 1069 indignatus
973 1004 1057 1051 est
1083 1013 1098 1048 :
1127 994 1256 1049 vidit
1282 993 1577 1063 speciosam
1596 991 2002 1052 mulierem,ca-

412 1102 533 1164 ptus
550 1100 651 1147 est.
677 1088 860 1144 \‘iden‘
876 1098 1005 1158 quot
1023 1086 1195 1156 laquei
1215 1085 1239 1137 Ἰ
1264 1084 1389 1140 Ideo
1409 1082 1785 1154 dicit,Agnosce
1799 1081 2001 1153 quodin

414 1182 578 1236 medio
604 1181 895 1251 laqueorum
926 1178 1131 1231 transis.
1160 1176 1223 1230 Et
1262 1174 1407 1230 domi
1434 1174 1629 1243 laquei,
1661 1183 1715 1227 ct
1740 1173 1791 1226 in
1819 1185 2005 1225 mensa

415 1274 611 1343 laquei,
657 1281 715 1327 et
760 1272 813 1325 in
855 1268 1201 1324 concionibus
1243 1265 1439 1335 laquei.
1465 1263 1672 1335 Stepius
1700 1262 2005 1317 inconside-

415 1376 531 1419 rate
555 1364 671 1433 quis
698 1362 836 1416 inter
864 1360 1064 1414 amicos
1095 1356 1389 1423 confidens,
1413 1356 1662 1426 loquutus
1682 1366 1766 1410 est
1791 1353 2005 1424 aliquod

414 1455 698 1511 verborum
743 1468 861 1525 qua:
891 1450 1112 1524 proferri
1143 1465 1248 1504 non
1270 1448 1497 1514 debent,
1531 1456 1587 1503 et
1643 1446 1747 1502 tale
1792 1446 2010 1517 pertulit

415 1546 710 1618 perieulum
733 1585 748 1611 ,
777 1553 836 1599 ut
877 1552 1037 1598 totam
1066 1541 1283 1597 domum
1307 1539 1662 1595 subverteret.

493 1639 547 1693 5.
575 1636 825 1706 Undique
854 1635 1012 1705 igitur
1037 1648 1123 1689 res
1141 1648 1263 1688 cum
1292 1631 1562 1702 diligentia
1591 1635 2008 1715 perscrutemur.

422 1730 491 1784 Et
519 1744 654 1783 uxor
680 1742 823 1797 saepe
858 1742 963 1781 non
1004 1723 1402 1780 advertentibus
1440 1721 1661 1792 laqueus
1703 1729 1787 1776 est
1826 1718 1963 1774 facta
1993 1760 2009 1787 ,

421 1835 568 1891 saepe
595 1818 711 1885 ﬁlii,
743 1833 887 1887 saepe
915 1816 1096 1887 amici,
1127 1814 1287 1870 vicini
1332 1826 1495 1883 saepe.
1526 1812 1588 1866 Et
1614 1826 1717 1881 qua
1758 1809 1825 1865 de
1848 1825 1907 1864 re
1936 1817 2016 1863 tot

423 1913 644 1984 laquei?
687 1911 763 1967 Ne
788 1911 1038 1967 deorsum
1067 1907 1330 1972 volemus,
1375 1904 1473 1961 sed
1499 1903 1775 1975 superiora
1802 1914 2015 1973 quaera-

428 2020 570 2059 mus.
600 2002 812 2060 Etenim
840 2001 1071 2059 volatilia
1097 1999 1270 2056 donec
1293 1998 1457 2054 altum
1481 2010 1661 2051 aerem
1681 2002 1885 2059 secant,
1910 2008 2019 2048 non

429 2096 585 2150 facile
614 2096 897 2164 capiuntur
927 2109 943 2147 :
971 2093 1043 2147 ita
1072 2101 1127 2147 tu
1152 2091 1326 2146 donec
1348 2088 1417 2144 ad
1458 2087 1734 2160 superiora
1760 2100 2017 2156 respexe-

430 2188 525 2249 ris.
559 2200 661 2241 nec
689 2185 878 2255 laqueo
909 2197 1010 2239 nec
1035 2182 1154 2237 ullis
1195 2180 1348 2237 facile
1390 2179 1618 2250 capieris
1643 2175 1868 2233 insidiis.
1909 2176 2020 2233 Au-

429 2292 559 2348 ceps
587 2286 669 2332 est
689 2275 932 2331 diabolus
961 2291 975 2327 :
1006 2273 1083 2328 sis
1106 2272 1266 2343 igitur
1291 2271 1457 2341 ipsius
1480 2269 1698 2324 calamis
1716 2266 2017 2323 sublimior.

429 2371 535 2435 Qui
577 2367 819 2424 ascendit
868 2367 921 2422 in
969 2365 1157 2429 altum,
1206 2378 1313 2418 non
1358 2360 1590 2431 amplius
1633 2359 1793 2414 ullam
1840 2372 2020 2412 rerum

430 2460 780 2515 admirabitnr
831 2459 1222 2520 humanarum,
1276 2455 1373 2511 sed
1428 2455 1566 2509 sicut
1632 2462 1910 2523 postquam
1964 2450 2021 2504 in

392 2541 397 2544 ’
433 2550 694 2607 montium
722 2551 979 2606 verticem
1004 2547 1424 2610 ascenderimus,
1453 2561 1610 2616 parva
1636 2545 1788 2600 nobis
1813 2551 1869 2598 et
1897 2541 2025 2597 urbs

434 2656 490 2699 et
521 2644 715 2700 tntenia
753 2651 1037 2713 apparent,
1078 2649 1135 2696 et
1179 2639 1518 2695 lormicarnm
1549 2651 1697 2720 more
1727 2635 1881 2690 nobis
1926 2633 2027 2689 viri

435 2753 603 2808 super
639 2745 835 2792 terram
881 2736 962 2791 ire
987 2734 1234 2790 videntur
1262 2750 1279 2788 :
1308 2734 1387 2788 sic
1412 2740 1688 2802 postquam
1717 2728 1785 2784 ad
1828 2729 2026 2784 celsam

396 2816 405 2821 ’
438 2828 797 2900 philosophiae
837 2827 1211 2898 cogitationem
1255 2823 1583 2889 ascenderis,
1625 2821 1756 2877 nihil
1783 2830 2028 2876 terreno~

440 2937 558 2975 rum
591 2930 644 2976 te
689 2919 979 2990 percellere
1009 2917 1224 2990 poterit,
1254 2915 1351 2972 sed
1381 2929 1541 2986 parva
1567 2913 1886 2969 videbuntur
1911 2925 2030 2966 om-

442 3014 553 3080 nia,
581 3021 635 3067 et
679 3012 899 3079 divitite,
930 3020 982 3066 et
1007 3009 1196 3082 gloria,
1223 3016 1275 3063 et
1307 3007 1563 3079 potentia,
1588 3015 1646 3060 et
1681 3003 1877 3072 honor,
1906 3009 1963 3057 et
1985 3002 2032 3056 si

442 3104 569 3176 quid
598 3104 742 3158 aliud
789 3102 1111 3173 huiusmodi,
1145 3117 1267 3157 cum
1306 3100 1537 3154 cmlestia
1566 3096 1822 3167 respicias
1850 3111 1866 3151 :
1897 3096 2036 3150 sicut

445 3198 649 3253 scilicet
673 3206 727 3251 et
754 3196 918 3251 Paulo
964 3209 1124 3265 parva
1153 3193 1332 3248 omnia
1364 3191 1699 3257 videbantur,
1733 3198 1789 3244 et
1814 3189 2037 3244 mortuis

446 3287 714 3342 inutiliora
755 3302 838 3352 ea,
880 3302 998 3356 qua:
1027 3285 1081 3339 in
1122 3284 1373 3354 praesenti
1417 3284 1521 3336 vita
1570 3290 1695 3336 sunt
1723 3279 2024 3350 splendida.

444 3380 740 3448 Propterea
766 3377 1051 3444 clamabat,
1079 3376 1264 3431 dicens
1293 3393 1306 3428 :
1341 3374 1472 3429 Mihi
1512 3375 1729 3429 mundus
1763 3373 2038 3441 cruciﬁxus

440 3479 516 3524 est
544 3467 690 3540 (Gal.
719 3468 773 3523 6.
827 3468 913 3540 14)
951 3485 965 3522 :
999 3467 1120 3522 ideo
1150 3475 1204 3521 et
1233 3482 1331 3523 nos
1357 3464 1677 3520 admonebat
1702 3463 1787 3518 his
1812 3464 1989 3517 verbis
2022 3480 2038 3518 :

445 3560 579 3624 Quae
621 3575 821 3612 sursum
867 3566 982 3612 sunt
1027 3556 1190 3627 sapite
1233 3555 1446 3627 (Coloss.
1480 3555 1533 3609 5.
1564 3552 1644 3624 2).
1678 3552 1803 3618 Qua:
1841 3568 2041 3605 sursum

438 3663 565 3705 sunt
588 3653 615 3706 ἵ
641 3652 816 3721 qualia
843 3650 998 3713 dicis,
1031 3650 1118 3704 dic
1144 3649 1319 3704 mihi?
1348 3649 1434 3703 ubi
1459 3648 1561 3711 sol,
1593 3647 1680 3701 ubi
1705 3648 1872 3702 luna?
1901 3646 2038 3712 Non,

439 3745 641 3815 inquit.
672 3742 778 3799 Sed
808 3742 942 3797 ubi?
968 3742 1054 3797 ubi
1081 3742 1278 3812 angeli,
1308 3742 1398 3796 ubi
1423 3741 1748 3810 archangeli,
1781 3740 1870 3794 ubi
1904 3740 2042 3795 Che-

442 3838 626 3889 rubim
673 3843 729 3889 et
771 3834 1093 3909 Serapbim?
1140 3833 1280 3898 Non,
1336 3833 1506 3902 inquit
1595 3831 1699 3888 Sed
1749 3831 1881 3886 ubi?
1932 3829 2034 3885 Ubi

366 3921 373 3925 ’
438 3928 685 3983 Christus
705 3936 776 3981 est
797 3928 849 3979 in
869 3927 1073 3981 dextera
1095 3925 1188 3980 Dei
1202 3926 1379 3980 sedens
1403 3924 1454 3996 (Ι
1458 3925 1560 3978 bid.
1580 3941 1631 3979 v.
1658 3925 1732 3996 1).
1758 3924 2046 3978 Pareamus

442 4021 633 4089 igitur,
665 4027 722 4072 et
764 4016 892 4072 illttd
918 4016 1132 4072 assidue
1162 4016 1561 4079 ratiocinemur,
1604 4014 1746 4084 quod
1776 4014 1914 4069 sicut
1936 4015 2047 4068 avi-

436 4110 589 4163 culae
619 4108 812 4178 laqueo
854 4115 1024 4177 capta:
1072 4107 1273 4162 alarum
1318 4107 1516 4161 utilitas
1544 4107 1707 4169 nulla,
1734 4106 1827 4160 sed
1853 4105 2044 4160 frustra

437 4211 509 4254 et
536 4200 808 4253 incassum
843 4198 958 4254 alas
985 4197 1221 4253 concutit
1250 4215 1262 4250 :
1293 4197 1365 4251 ita
1397 4196 1487 4251 tibi
1515 4196 1659 4251 nulla
1685 4197 2048 4250 ratiocinatio-

439 4310 584 4348 unm
614 4292 836 4357 utilitas,
864 4291 909 4345 si
936 4291 1003 4347 ab
1042 4290 1281 4361 improba
1307 4290 1518 4360 penitus
1546 4288 1834 4359 cupiditate
1861 4300 2049 4358 captus

434 4387 554 4451 sis,
600 4384 698 4440 sed
727 4393 1213 4454 quantumcumque
1258 4383 1530 4447 resilieris,
1582 4393 1768 4454 captus
1814 4396 1894 4437 es.
1926 4381 2050 4437 Ideo

432 4477 558 4531 alae
588 4482 718 4529 sunt
757 4474 1000 4541 aviculis,
1031 4482 1092 4529 ut
1117 4474 1369 4543 effugiant
1399 4474 1617 4544 laqheos
1648 4492 1661 4527 :
1691 4474 1811 4529 ideo
1834 4475 2050 4528 ratioci-

433 4566 707 4623 nationes
738 4564 1065 4632 hominibns,
1096 4574 1154 4619 ut
1181 4574 1397 4635 peccata
1441 4564 1661 4634 fugiant.
1692 4564 1861 4633 Quam
1894 4564 2053 4634 igitur

432 4656 672 4712 veniam
725 4656 1060 4722 habebimus,
1107 4671 1266 4727 quam
1317 4671 1448 4712 vero
1493 4655 1881 4723 defensionem,
1930 4672 2052 4712 cum

430 4748 635 4805 brutis
660 4747 829 4802 simus
854 4747 1254 4803 dementiores?

534 4836 870 4907 Experiendo
907 4838 1118 4891 cautela:
1160 4838 1420 4908 magistra.
1446 4866 1518 4878 ——
1557 4838 1776 4893 Avicula
1824 4852 2055 4908 namque

425 4930 630 4985 semel
680 4936 833 4999 capta
879 4930 1092 4999 laqueo,
1130 4946 1252 4985 mox
1291 4931 1491 5000 elapsa,
1519 4939 1575 4985 et
1608 4944 1799 4985 cervus
1841 4930 1892 4984 in
1941 4937 2057 4984 rete

423 5020 722 5080 decidens
745 5030 800 5076 et
824 5021 1102 5092 effugiens,
1134 5023 1321 5078 iisdem
1367 5024 1559 5078 iterum
1592 5023 1807 5078 difficile
1835 5023 2044 5091 capiun-

425 5130 555 5171 tur
586 5129 599 5165 :
632 5128 757 5167 nam
806 5114 999 5183 cuique
1042 5114 1101 5167 ﬁt
1143 5113 1470 5183 experientia
1518 5114 1740 5169 cautelae
1782 5116 2053 5183 magistra.

421 5206 582 5262 Nos
619 5204 815 5273 sapius
858 5203 1046 5259 iisdem
1076 5205 1237 5274 capti,
1266 5205 1316 5258 in
1358 5204 1545 5259 eadem
1586 5205 1859 5260 cadimus:
1888 5219 2059 5273 neque

424 5304 751 5355 brutornm
781 5296 1168 5366 providentiam
1193 5305 1250 5352 et
1272 5296 1683 5352 sollicitudinem
1714 5311 1813 5350 nos
1853 5295 2060 5350 ratione

418 5386 711 5443 decorati
739 5385 1030 5441 imitamur.
1069 5385 1289 5453 Quoties
1317 5386 1516 5457 quippe
1541 5386 1818 5440 mulierem
1844 5388 2058 5453 conspi-

418 5498 447 5537 ε
466 5475 580 5535 τιιί
600 5517 613 5537 .
655 5491 931 5531 mnumera
960 5479 1100 5546 passi
1130 5492 1315 5532 sumus
1342 5478 1540 5547 gravia,
1566 5477 1781 5531 domum
1806 5486 2061 5546 concepta

420 5566 681 5628 reversi
706 5568 1016 5636 cupiditate,
1052 5577 1105 5625 et
1145 5570 1327 5624 multis
1354 5569 1540 5625 diebus
1579 5569 1762 5624 dolore
1799 5568 2063 5625 confecti?

423 5664 863 5713 Verumtamen
908 5674 1014 5714 non
1055 5660 1392 5732 eorrigimur,
1429 5659 1522 5717 sed
1548 5659 1634 5715 vix
1675 5660 1854 5729 priore
1880 5672 2065 5716 curato

417 5751 723 5819 vulnere,
755 5765 938 5805 rursus
964 5751 1015 5807 in
1044 5752 1228 5810 eadem
1270 5752 1519 5823 labimur,
1545 5763 1601 5810 et
1639 5752 1708 5810 ab
1744 5752 1931 5810 iisdem
1964 5768 2060 5810 ex-

1342 332 1433 388 AD
1471 322 1794 387 POI‘ULUM
1830 319 2319 382 ΑΝτιοοιιιςΝωί
2384 322 2610 378 ttoutL.
2660 322 2772 378 xv.
2862 308 2865 313 ’

3585 316 3680 373 15ο

2100 453 2416 508 pugnamur,
2443 447 2499 494 et
2533 448 2752 511 propter
2782 438 2995 495 brevem
3025 441 3169 497 visus
3199 441 3522 514 voluptatem
3563 442 3683 497 diu-

2101 542 2312 587 turnum
2350 531 2635 600 quemdam
2662 540 2715 588 et
2738 532 3046 586 continuum
3074 526 3311 589 dolorem
3333 534 3679 590 sustinemus.

2101 623 2208 680 Sed
2231 624 2275 679 si
2305 622 2611 694 frequenter
2646 622 2922 680 nobishoc
2950 632 3194 694 repetere
3220 619 3418 680 dictum
3440 625 3687 684 didiceri-

2103 730 2243 782 mus,
2262 714 2511 770 omnibns
2538 714 2690 769 malis
2720 714 3125 770 abstinebinms.
3153 708 3398 787 Latpteus
3425 719 3690 774 maximus

2103 806 2341 862 mulieris
2378 806 2546 861 forma
2575 822 2588 858 :
2637 808 2745 862 imo
2780 820 2914 861 vero
2944 822 3052 862 non
3094 806 3335 865 mulieris
3377 805 3567 876 forma,
3590 808 3691 866 sed

2104 899 2331 954 lascivus
2377 908 2640 969 aspectus.
2670 896 2785 953 Non
2828 898 2972 954 enim
3030 914 3117 954 res
3158 899 3565 968 calumniemnr,
3591 899 3689 956 sed

2106 1006 2204 1045 nos
2242 1000 2295 1046 et
2323 1002 2561 1046 nostrum
2593 1000 2897 1060 torporem;
2943 1005 3117 1062 neque
3139 984 3378 1047 dicamus
3410 1007 3424 1044 :
3470 990 3549 1047 Ne
3587 989 3696 1047 sint

2108 1083 2384 1149 mulieres,
2417 1080 2531 1148 sed,
2562 1080 2641 1136 Ne
2663 1081 2768 1135 sint
2792 1081 3052 1136 adulteria
3077 1099 3089 1136 :
3137 1097 3310 1153 neque
3337 1081 3596 1149 dicamus,
3618 1080 3697 1137 Ne

2096 1177 2171 1251 (sit
2200 1174 2556 1245 pulchritudo,
2586 1173 2701 1241 sed,
2736 1174 2812 1229 Ne
2849 1173 2919 1229 sit
2967 1173 3248 1229 fornicatio
3289 1193 3302 1227 :
3348 1190 3522 1245 neque
3548 1173 3700 1231 dica-

2108 1280 2246 1327 mus,
2279 1265 2356 1320 Ne
2386 1265 2453 1319 sit
2483 1275 2687 1329 venter,
2733 1264 2850 1330 sed,
2879 1264 2995 1320 Non
3036 1266 3105 1321 sit
3130 1264 3343 1337 crapula
3370 1285 3386 1323 :
3421 1281 3525 1321 non
3552 1265 3698 1322 enim

2108 1365 2295 1411 venter
2338 1357 2607 1426 crapulam
2660 1355 2802 1423 facit,
2841 1356 2936 1411 scd
2983 1357 3299 1428 negligentia
3345 1368 3550 1413 nostra.
3580 1357 3699 1414 Non

2111 1448 2384 1515 dicamus,
2432 1448 2567 1515 Quia
2619 1450 2916 1504 comeditur
2973 1458 3027 1504 et
3083 1449 3299 1517 bibitur,
3346 1451 3523 1505 omnia
3576 1449 3702 1507 hinc

2112 1539 2251 1593 mala
2280 1557 2293 1592 :
2329 1554 2434 1594 non
2465 1541 2608 1595 enim
2651 1551 2869 1611 propter
2898 1541 3019 1606 hoc,
3048 1541 3140 1597 sed
3171 1551 3389 1614 propter
3430 1550 3703 1614 torporem

2113 1637 2169 1684 et
2197 1630 2480 1700 ingluviem
2528 1643 2786 1686 nostram.
2814 1631 2928 1687 Non
2960 1633 3192 1688 comedit
3224 1634 3419 1705 quippe
3445 1650 3545 1691 nec
3572 1634 3706 1692 bibit

2115 1719 2377 1789 diabolus,
2406 1730 2460 1777 et
2499 1722 2729 1778 cecidit:
2764 1724 2997 1779 comedit
3023 1734 3077 1779 et
3124 1724 3255 1780 bibit
3302 1725 3517 1794 Paulus,
3557 1736 3613 1783 et
3652 1728 3704 1785 in

2114 1812 2303 1868 caelum
2348 1814 2608 1870 ascendit.
2643 1816 2784 1884 Quot
2818 1816 3058 1873 dicentes
3094 1818 3272 1886 audio,
3311 1818 3427 1875 Non
3457 1820 3528 1875 sit
3574 1836 3708 1890 pau-

2118 1906 2335 1975 pertas?
2380 1905 2763 1963 Obmutescere
2804 1908 3060 1964 faciamus
3103 1909 3260 1981 igitur
3300 1926 3416 1978 eos,
3454 1913 3543 1984 qui
3586 1913 3709 1968 talia

2117 2011 2259 2068 azgre
2305 1998 2523 2053 ferunt:
2551 1999 2881 2070 blaSphemia
2917 2001 3059 2056 enim
3102 2010 3184 2058 est
3216 2003 3341 2061 talia
3370 2003 3570 2061 dicere.
3616 2006 3708 2063 Di-

2118 2104 2303 2146 camus
2329 2090 2491 2163 igitur
2519 2091 2671 2163 ipsis,
2706 2092 2823 2149 Non
2847 2094 2920 2151 sit
2947 2096 3356 2168 pusillanimitas
3382 2117 3397 2155 :
3429 2110 3713 2171 paupertas

2121 2182 2264 2238 enim
2291 2183 2570 2239 innumera
2592 2185 2716 2240 vitte
2738 2185 2878 2241 bona
2901 2187 3079 2257 intulit
3103 2199 3325 2256 nostrai,
3352 2198 3411 2247 et
3441 2193 3558 2249 sine
3580 2208 3712 2263 pau-

2124 2282 2331 2344 pertate
2364 2273 2580 2331 inutiles
2607 2284 2732 2330 sunt
2759 2274 2978 2331 divitia).
3016 2276 3094 2333 Ne
3122 2278 3510 2336 calumniemur
3536 2281 3715 2353 itaque

2122 2379 2223 2418 nec
2250 2363 2367 2431 bas,
2397 2379 2499 2419 nec
2539 2364 2683 2419 illam
2714 2382 2729 2419 :
2762 2376 3046 2436 paupertas
3075 2368 3217 2423 enim
3261 2380 3316 2425 et
3342 2369 3542 2427 divitiae
3590 2384 3717 2431 sunt

2125 2470 2291 2521 arma,
2318 2454 2387 2509 ad
2410 2455 2659 2511 virtutem
2686 2465 2912 2528 utraque
2944 2456 3190 2526 ferentia,
3215 2459 3260 2515 si
3287 2461 3533 2518 velimus.
3565 2464 3718 2521 Sicut

2128 2546 2286 2616 igitur
2332 2560 2624 2616 generosus
2669 2546 2845 2613 miles,
2876 2548 3247 2621 quodcumque
3274 2550 3473 2607 ferrum
3519 2555 3717 2624 capiat,

2130 2636 2398 2706 propriam
2427 2638 2677 2692 virtutem
2712 2639 2947 2694 ostendit
2983 2658 3014 2709 ε,
3042 2641 3119 2696 sic
3148 2643 3377 2700 imbellis
3403 2653 3456 2701 et
3499 2644 3720 2717 ignavus

2129 2729 2198 2782 ab
2221 2728 2470 2783 omnibus
2510 2728 2819 2800 impeditur.
2848 2729 2917 2785 Et
2943 2738 3001 2785 ut
3023 2730 3199 2789 discas
3225 2730 3327 2789 boc
3364 2749 3549 2790 verum
3577 2750 3721 2807 esse,

2132 2822 2274 2878 illius
2302 2822 2432 2876 mihi
2460 2820 2563 2878 Job
2592 2822 2896 2889 recordare,
2924 2824 3015 2894 qui
3061 2824 3219 2880 simul
3248 2837 3305 2882 et
3333 2826 3483 2884 dives
3509 2838 3561 2884 et
3588 2844 3723 2898 pau-

2133 2929 2230 2985 per
2249 2914 2418 2970 factus
2436 2923 2541 2983 est,
2562 2923 2615 2970 et
2640 2925 2862 2985 utraque
2881 2932 3030 2972 arma
3053 2923 3316 2985 tractavit,
3338 2930 3390 2975 et
3417 2921 3467 2975 itt
3486 2923 3726 2993 utrisque

2135 3006 2278 3059 vicit.
2311 3004 2379 3061 Et
2405 3005 2618 3077 quando
2648 3007 2801 3061 dives
2831 3007 3044 3077 quidem
3090 3020 3225 3077 erat,
3258 3010 3466 3068 dicebat
3496 3030 3509 3067 :
3549 3012 3725 3068 Ianua

2136 3114 2248 3152 mea
2285 3098 2425 3151 omni
2470 3098 2685 3152 venienti
2726 3099 2825 3170 fuit
2860 3109 3037 3169 aperta
3084 3100 3204 3171 (Job
3235 3103 3474 3175 51.32);
3514 3106 3728 3174 quando

2137 3203 2268 3243 vero
2296 3203 2500 3258 pauper
2539 3188 2706 3244 lactus
2732 3199 2837 3257 est,
2869 3190 3116 3246 dicebat:
3150 3191 3398 3248 Dominus
3422 3194 3580 3259 dedit.
3614 3195 3726 3251 Do-

2139 3284 2307 3336 minus
2345 3281 2584 3348 abstulit;
2613 3284 2740 3337 sicut
2781 3282 3001 3339 Domino
3048 3286 3259 3355 placuit,
3304 3286 3376 3340 ita
3418 3290 3607 3358 factum
3649 3299 3724 3344 est

2142 3373 2201 3434 (J
2204 3375 2265 3427 ob
2280 3376 2302 3428 i
2318 3413 2331 3427 .
2346 3372 2461 3446 21).
2478 3374 2610 3430 Dum
2627 3375 2723 3429 fuit
2743 3375 2910 3440 dives,
2925 3378 3143 3430 multam
3163 3366 3594 3447 hoSpitalitatent,
3607 3397 3729 3436 cum

2142 3462 2313 3517 factus
2336 3472 2418 3518 est
2448 3478 2666 3532 pauper,
2698 3465 2918 3519 multam
2948 3466 3254 3534 patientiam
3292 3468 3552 3525 exhibuit.
3584 3471 3651 3525 Et
3674 3481 3731 3526 tu

2142 3555 2300 3625 igitur
2339 3556 2382 3608 si
2419 3554 2569 3610 dives
2598 3570 2677 3621 es,
2711 3557 2931 3610 multant
2957 3556 3264 3612 demonstra
3301 3560 3730 3633 elecmosyuam:

2144 3646 2187 3699 si
2219 3660 2420 3715 pauper
2463 3645 2636 3701 factus
2673 3661 2752 3711 es,
2780 3646 3044 3717 patientiae
3072 3649 3299 3704 multum
3330 3660 3386 3706 et
3414 3652 3731 3708 tolerantiae.

2145 3736 2326 3806 Neque
2365 3738 2506 3792 enim
2544 3738 2743 3792 divitia:
2768 3739 2967 3793 malum
2989 3780 3003 3804 ,
3040 3756 3140 3797 nec
3167 3752 3449 3813 paupertas
3472 3745 3736 3815 simplici-

2149 3838 2248 3894 ter,
2274 3828 2364 3883 sed
2383 3831 2532 3898 juxta
2559 3829 2883 3885 voluntatem
2914 3832 3173 3887 utentium
3201 3833 3317 3889 haec
3342 3844 3564 3903 utraque
3581 3837 3736 3895 fiunt.

2220 3922 2273 3974 4.
2301 3919 2410 3974 Nos
2435 3920 2595 3991 igitur
2622 3921 2765 3990 ipsos
2793 3922 3151 3985 instituamus.
3182 3933 3240 3979 ut
3262 3942 3368 3981 non
3410 3927 3531 3982 talia
3557 3928 3625 3984 de
3647 3944 3737 3986 rc-

2150 4010 2249 4066 bns
2271 4009 2742 4081 feratnusjudicia,
2773 4028 2949 4083 neque
2980 4015 3072 4069 Dei
3101 4032 3285 4085 Opera,
3318 4018 3411 4073 sed
3437 4019 3736 4088 improbam

2153 4102 2423 4185 hominum
2446 4105 2768 4160 voluntatem
2787 4122 3119 4162 accusemus.
3145 4108 3326 4180 Neque
3348 4112 3738 4181 pusillanimem

2151 4194 2348 4248 divitia:
2390 4205 2610 4266 possunt
2649 4197 2920 4267 adjuvare,
2953 4214 3054 4254 nec
3093 4204 3431 4273 magnanimo
3461 4209 3741 4277 pauperies

2152 4301 2383 4356 Unquam
2418 4298 2592 4343 nocet.

2229 4377 2527 4432 Occasiones
2566 4380 2800 4434 vitandw.
2832 4410 2899 4420 —
2924 4382 3290 4452 Agnoscamus
3316 4384 3474 4457 igitur
3498 4387 3738 4461 laqueos,

2155 4477 2210 4522 et
2234 4468 2299 4522 ab
2330 4469 2457 4538 ipsis
2486 4470 2668 4538 procul
2695 4485 2908 4524 eamus:
2931 4487 3284 4542 agnoscamus
3309 4478 3618 4546 prmcipitia,
3641 4494 3743 4533 nec

2156 4561 2661 4630 appropittqttentus.
2695 4562 2808 4616 lloc
2850 4566 3080 4619 maxime
3123 4568 3423 4622 securitatis
3452 4570 3603 4623 nobis
3641 4571 3746 4627 erit

2157 4650 2388 4714 occasio,
2421 4665 2525 4705 non
2573 4660 2775 4705 tantum
2821 4663 3033 4722 peccata
3083 4655 3284 4727 fugere,
3315 4674 3497 4712 verum
3545 4670 3598 4715 et
3625 4678 3745 4731 qua:

2157 4742 2402 4797 videntur
2450 4743 2798 4799 indifferentia
2829 4746 3044 4816 quidem
3092 4764 3231 4815 esse,
3281 4750 3373 4806 sed
3420 4750 3487 4805 ad
3532 4764 3744 4821 peccata

2163 4848 2262 4888 uos
2289 4834 2650 4904 supplantant.
2684 4837 2925 4908 Exempli
2951 4854 3112 4894 causa
3140 4841 3334 4909 ridere,
3374 4842 3632 4912 etjoeosa
3666 4845 3749 4900 di-

2159 4939 2284 4979 cere
2308 4925 2493 4993 verba,
2524 4941 2628 4983 non
2673 4929 3011 4984 manifestum
3045 4931 3259 5001 quidem
3311 4942 3582 5001 peccaturo
3628 4950 3751 4993 esse

2163 5015 2390 5082 videtur,
2428 5017 2523 5072 sed
2562 5019 2615 5072 in
2657 5018 2997 5076 manifestum
3037 5021 3238 5075 crimen
3286 5020 3529 5077 inducit:
3559 5039 3751 5095 nempe

2163 5109 2358 5178 Gzepius
2395 5124 2463 5165 ex
2505 5111 2618 5165 risu
2667 5112 2838 5181 turpia
2883 5123 3173 5167 nascuntur
3216 5114 3400 5177 verba.
3431 5129 3462 5170 a
3510 5118 3753 5189 turpibus

2164 5201 2341 5256 verbis
2368 5203 2610 5258 actiones
2652 5204 2936 5273 turpiores.
2963 5204 3171 5276 Sit-plus
3210 5220 3276 5261 ex
3321 5208 3498 5266 verbis
3542 5219 3597 5266 et
3641 5212 3754 5267 risu

2165 5292 2408 5347 convicia
2451 5304 2506 5347 et
2533 5296 2902 5362 contumeliae;
2948 5296 3016 5351 de
3055 5298 3299 5353 convicio
3340 5307 3395 5356 et
3433 5305 3766 5358 conttmtelia

2170 5385 2335 5455 plagae
2349 5394 2404 5440 et
2432 5386 2673 5451 vulnera,
2695 5387 2763 5443 de
2779 5388 3088 5445 vulneribus
3110 5400 3163 5447 et
3179 5392 3347 5465 plagis
3373 5394 3549 5453 caedes
3574 5408 3628 5453 et
3650 5397 3754 5453 hoc

2170 5476 2404 5531 micidia.
2426 5476 2482 5532 Si
2512 5476 2608 5531 tibi
2638 5478 2799 5549 igitur
2826 5479 2962 5536 bene
2979 5484 3318 5539 consulturus
3342 5500 3421 5553 es,
3446 5503 3551 5543 non
3583 5487 3766 5558 turpia.

2171 5575 2374 5624 tantum
2405 5568 2587 5635 verba,
2617 5585 2795 5641 neque
2818 5573 2988 5642 turpia
3024 5581 3227 5631 tantum
3266 5574 3426 5643 facta,
3456 5594 3625 5649 neque
3648 5580 3759 5647 pla-

2170 5674 2263 5730 gas
2303 5669 2357 5716 et
2383 5660 2600 5717 vulnera
2630 5671 2685 5719 et
2722 5661 3029 5732 homicidia,
3071 5683 3258 5724 verum
3277 5679 3334 5724 et
3360 5668 3538 5738 ipsum
3567 5672 3759 5723 intem-

2173 5753 2435 5824 pestivutn
2463 5752 2629 5811 risum
2671 5762 2729 5813 et
2764 5756 2924 5815 verba
2975 5756 3146 5831 fugies
3192 5757 3467 5827 scurrilia,
3512 5759 3767 5829 quoniam
