4070 6208
399 339 497 392 139

394 445 831 518 subsequentium
865 446 1129 502 malorum
1159 448 1310 504 radix
1336 449 1459 504 talia
1486 463 1606 504 esse
1632 447 1826 504 solent.
1851 447 1980 502 Pro-

395 551 572 609 pterea
615 541 810 597 Paulus
863 539 1074 610 inquit:
1117 539 1504 613 Stultiloquium
1531 551 1578 595 ct
1602 541 1885 595 scurrilitas
1923 552 1985 594 ns

390 631 601 702 prodeat
627 648 688 686 ea:
714 648 800 685 ore
821 642 983 686 vestro
1023 628 1238 702 (Eph‘es.
1270 631 1326 687 5.
1355 632 1433 702 5).
1462 631 1574 686 Etsi
1620 645 1848 700 namque
1890 644 1985 700 per

391 737 450 776 se
479 737 697 792 parvum
728 722 900 792 ipsum
924 736 1045 777 esse
1069 721 1295 788 videtur,
1326 737 1636 792 magnorum
1665 731 1844 776 tamen
1870 736 1984 776 ma-

391 815 562 866 lorum
604 828 763 867 causa
803 813 955 866 nobis
998 812 1250 868 efficitur.
1297 813 1525 867 Rursum
1556 813 1760 869 deliciis
1795 829 1982 868 vacare

391 919 495 957 non
541 903 752 958 videtur
781 904 996 974 quidem
1039 918 1159 958 esse
1205 904 1407 958 crimen
1437 903 1776 959 manifestum
1803 915 1856 958 et
1885 920 1982 960 ex-

390 1010 675 1063 pressum;
721 1006 955 1050 attamen
1007 995 1174 1052 multa
1217 996 1370 1051 nobis
1400 997 1535 1066 parit
1563 997 1722 1061 mala,
1749 997 1981 1052 ebrieta-

390 1101 517 1152 tem,
549 1089 805 1151 furorem,
837 1089 1134 1152 avaritiam,
1179 1089 1414 1159 rapinas.
1447 1089 1801 1161 Sumptuosus
1839 1092 1980 1145 enim

386 1193 441 1235 et
469 1182 662 1248 lautus,
703 1193 756 1238 et
786 1183 1080 1237 ministeria
1110 1184 1285 1238 ventri
1318 1183 1629 1239 ministraus
1673 1184 1982 1239 intolerabi-

391 1272 480 1340 lia,
509 1272 674 1327 furari
701 1289 845 1343 sa'pe
871 1274 1076 1343 cogitur
1101 1282 1156 1328 et
1180 1274 1352 1328 aliena
1381 1289 1572 1343 rapere
1601 1283 1655 1330 et
1680 1275 1981 1344 opprimere

389 1374 442 1420 et
473 1363 692 1418 violare.
743 1365 798 1420 Si
851 1364 1070 1419 delicias
1113 1365 1293 1436 itaque
1340 1365 1530 1436 fugias,
1563 1375 1618 1422 et
1663 1367 1897 1421 avaritia:
1926 1376 1982 1421 et

391 1457 588 1527 rapinze
615 1466 669 1511 et
693 1457 963 1512 ebrietatis
993 1466 1043 1511 et
1074 1458 1536 1512 innnmerahilimn
1567 1459 1824 1513 malorum
1854 1474 1978 1514 sus-

390 1551 553 1605 tulisti
613 1550 914 1616 materiam,
954 1551 1246 1620 iniquitatis
1285 1551 1516 1606 radiecm
1544 1566 1574 1604 a
1606 1551 1863 1621 principio
1893 1567 1982 1606 re-

389 1658 597 1697 secans.
632 1643 922 1712 Propterea
951 1652 1005 1696 et
1033 1642 1228 1697 Paulus
1255 1641 1465 1696 dicebat
1496 1658 1509 1696 :
1548 1642 1674 1708 Qua:
1701 1643 1752 1696 in
1783 1642 1980 1696 deliciis

388 1743 463 1787 est
487 1733 657 1798 vidua,
686 1734 852 1787 vivens
880 1743 1077 1786 mortua
1106 1747 1178 1786 cst
1207 1732 1270 1801 (1.
1304 1731 1438 1786 Tim.
1465 1733 1516 1787 5.
1550 1733 1629 1802 6).
1674 1733 1728 1786 In
1773 1733 1980 1787 theatra

351 1835 354 1837 λ
389 1839 600 1878 rursum
647 1824 957 1890 ascendere,
988 1836 1039 1879 et
1071 1840 1328 1894 equorum
1376 1823 1667 1878 certamina
1711 1832 1978 1894 spectare,

389 1923 446 1970 et
486 1915 630 1968 aleas
669 1923 896 1968 tractare
941 1933 1045 1968 nun
1094 1916 1302 1969 videtur
1339 1915 1518 1969 multis
1555 1926 1832 1986 peccatum
1861 1930 1981 1971 esse

390 2005 754 2066 manifestum,
793 2006 883 2060 sed
915 2006 1120 2060 infinita
1154 2005 1276 2061 vita:
1311 2007 1446 2060 mala
1477 2006 1615 2062 solet
1640 2006 1856 2062 inferre.
1886 2007 1980 2061 Et—

389 2098 533 2152 enim
578 2099 627 2150 in
676 2098 897 2152 theatris
927 2097 1228 2151 immoratiu
1269 2096 1694 2160 fornicationem,
1734 2099 1980 2168 petulan-

391 2189 538 2254 tiam,
553 2199 606 2243 et
623 2205 836 2242 onmem
858 2176 1294 2243 incontinentiam
1323 2189 1530 2258 peperit
1549 2206 1563 2242 :
1589 2199 1643 2244 et
1661 2188 1981 2243 circensium

391 2281 752 2350 spectaculum
797 2295 1019 2351 pugnas,
1051 2280 1312 2347 convicia,
1342 2280 1580 2345 vulnera,
1608 2279 1978 2344 contumelias,

388 2372 542 2442 jnges
592 2371 898 2426 inimicitias
943 2371 1164 2427 adduxit
1197 2390 1211 2427 :
1243 2381 1296 2427 et
1342 2373 1484 2426 circa
1533 2371 1678 2426 aleas
1722 2372 1979 2437 studium,

390 2465 768 2535 blasphemias,
798 2465 1056 2535 iacturas,
1090 2465 1215 2528 iras,
1237 2466 1498 2530 convicia,
1531 2465 1843 2535 infinitaque
1877 2464 1982 2518 alia

393 2559 478 2612 his
507 2559 748 2629 graviora
795 2573 939 2627 saepe
971 2558 1240 2627 produxit.
1287 2558 1366 2612 Ne
1395 2567 1600 2613 tantum
1650 2559 1828 2626 itaque
1853 2571 1981 2627 pec-

392 2661 509 2702 cata
537 2649 818 2717 fugiamus,
848 2663 1032 2702 verum
1060 2657 1113 2702 et
1135 2663 1196 2702 ea
1225 2648 1438 2718 quidem
1469 2665 1588 2716 qute
1626 2647 1982 2703 iudill‘erentia

389 2738 658 2804 videntur,
677 2739 769 2793 sed
798 2739 1051 2810 paulatim
1075 2739 1125 2793 in
1152 2739 1264 2794 haec
1282 2750 1498 2809 peccata
1526 2755 1624 2794 nos
1651 2740 1979 2810 pertraheut.

393 2828 524 2882 Nam
553 2830 642 2899 qui
690 2829 838 2897 insta
892 2830 1243 2899 praecipitium
1298 2832 1556 2899 ambulat,
1596 2833 1846 2903 quamvis
1875 2849 1980 2888 non

391 2923 624 2984 decidat,
657 2923 855 2988 tretttit,
902 2930 956 2977 et
997 2938 1367 2992 saepenumero
1409 2925 1478 2979 ab
1531 2925 1646 2994 ipso
1695 2925 1982 2981 subversus

395 3025 633 3073 trcntore
661 3015 855 3068 decidit
885 3033 898 3069 :
933 3015 1001 3067 ita
1031 3024 1086 3069 ct
1109 3015 1197 3084 qui
1229 3030 1333 3069 non
1366 3017 1548 3085 procul
1587 3027 1802 3087 peccata
1816 3017 1978 3087 fugit,

394 3108 488 3161 sed
518 3121 673 3162 secus
715 3108 827 3176 ipsa
872 3108 1037 3173 vadit,
1079 3123 1200 3162 cum
1250 3108 1442 3163 timore
1483 3109 1646 3176 vivet,
1679 3119 1730 3164 et
1785 3110 1838 3163 in
1869 3109 1982 3179 ipsa

395 3199 603 3253 labetur
640 3200 854 3268 saepius.
895 3197 1028 3252 Nam
1057 3199 1145 3268 qui
1171 3199 1372 3253 alienas
1397 3198 1607 3254 curiose
1630 3207 1836 3270 spectat
1869 3200 1982 3254 for-

396 3305 532 3355 mas,
565 3291 806 3360 quamvis
848 3307 953 3344 non
1002 3290 1319 3353 mtechetur,
1354 3301 1530 3344 tamen
1577 3293 1902 3361 concupivit,
1929 3301 1985 3347 et

393 3385 685 3439 secundum
703 3384 894 3439 Chrisd
917 3385 1234 3439 sententiam
1255 3384 1424 3438 factus
1441 3394 1522 3438 est
1538 3384 1745 3440 adulter
1766 3383 1979 3457 (Matth.

394 3477 447 3528 5.
478 3476 608 3546 28);
655 3478 853 3545 smpius
894 3485 1071 3530 autem
1102 3477 1170 3531 ab
1213 3476 1324 3545 ipsa
1371 3475 1800 3545 concupiscentia
1829 3486 1884 3531 et
1930 3477 1983 3531 in

392 3577 671 3638 peccatum
701 3584 758 3622 re
790 3567 902 3637 ipsa
925 3567 1183 3623 defertur.
1211 3567 1320 3623 Nos
1366 3568 1524 3640 igitur
1569 3569 1714 3638 ipsos
1742 3569 1926 3639 procul
1951 3585 1984 3623 a

394 3648 628 3730 peccatis
657 3661 1001 3716 retineamus.
1033 3661 1122 3716 Vis
1149 3670 1452 3732 temperans
1481 3663 1640 3717 esse?
1681 3678 1749 3718 ne
1780 3671 1982 3716 tantum

395 3752 564 3822 fugias
609 3753 1066 3816 adulterium,sed
1108 3757 1266 3808 etiam
1314 3755 1639 3824 petulantem
1684 3766 1980 3826 aspectum.

394 3843 488 3898 Vis
517 3859 546 3896 a
579 3845 759 3898 verbis
786 3845 1028 3914 turpibus
1055 3845 1287 3900 abesse?
1331 3861 1397 3900 ne
1439 3849 1599 3902 verba
1643 3856 1847 3903 tantum
1875 3857 1984 3902 tur-

395 3937 481 4004 pia
514 3937 702 4006 fugias,
734 3953 918 3990 verum
959 3946 1013 3990 et
1040 3939 1206 3991 risum
1235 3938 1490 4006 solutum,
1522 3948 1576 3994 et
1605 3954 1820 3995 omnem
1849 3954 1982 3994 eon-

397 4011 801 4098 cupisceutiam.
825 4027 918 4082 Vis
939 4029 1173 4084 czedibus
1199 4045 1318 4084 esse
1349 4031 1572 4098 procul?
1595 4031 1718 4103 fuge
1742 4033 1982 4088 convicia

395 4135 625 4191 quoque.
660 4119 752 4175 Vis
781 4119 849 4174 ab
888 4121 1145 4175 ebrietate
1194 4121 1466 4190 separari?
1510 4121 1632 4193 fuge
1679 4123 1900 4179 delicias
1928 4133 1984 4180 et

395 4215 570 4268 lautas
615 4227 846 4274 mensas,
880 4221 933 4267 et
963 4211 1219 4268 radicitus
1249 4213 1433 4270 vitium
1464 4215 1718 4285 exstirpa.
1763 4216 1982 4287 Magnus

396 4305 616 4372 laqueus
656 4313 740 4358 est
781 4303 974 4373 linguae
1022 4305 1348 4374 petulantia,
1389 4315 1444 4360 et
1489 4303 1645 4363 freno
1689 4307 1979 4364 admodum

397 4397 658 4466 indigens.
685 4396 975 4464 Propterea
1005 4408 1058 4451 et
1079 4397 1292 4466 quidam
1324 4399 1492 4468 inquit
1519 4418 1533 4449 :
1561 4399 1796 4469 Laqueus
1835 4401 1981 4470 fortis

396 4490 500 4542 viro
533 4491 741 4559 propria
769 4488 924 4555 labia,
950 4499 996 4543 et
1025 4491 1225 4560 capitur
1250 4492 1410 4546 verbis
1439 4494 1540 4547 oris
1570 4495 1764 4564 proprii
1798 4493 1980 4566 (Prov.

398 4584 448 4638 6.
497 4581 585 4649 Ξ).

470 4675 523 4729 5.
566 4672 593 4726 1
601 4682 760 4727 terum
781 4683 957 4728 contra
977 4675 1292 4746 juramcuta.
1315 4706 1383 4717 ——
1410 4676 1582 4747 Supra
1607 4688 1799 4733 caetera
1823 4679 1982 4749 igitur

397 4778 588 4826 cuncta
616 4765 858 4822 membra
889 4765 1027 4823 hanc
1059 4766 1422 4829 moderemur,
1456 4771 1593 4823 hanc
1621 4768 1975 4834 refrenemus,

400 4869 456 4929 et
484 4857 723 4920 convicia
750 4857 1211 4928 contumeliasque
1237 4874 1299 4913 ac
1330 4859 1650 4929 turpiloquia
1679 4869 1733 4914 et
1761 4861 1982 4915 maledi-

396 4961 483 5007 cta
504 4967 567 5006 ex
595 4966 688 5012 ore
711 4951 991 5020 pellamus,
1016 4958 1071 5005 et
1092 4949 1282 5004 malam
1306 4950 1733 5020 iuramentorum
1759 4967 1986 5007 consue—

402 5043 640 5098 tudinem
667 5059 679 5095 :
705 5057 915 5096 rursum
947 5042 1092 5096 enim
1138 5056 1235 5096 nos
1273 5042 1338 5096 ad
1383 5041 1628 5098 eamdem
1658 5042 1982 5099 admonitio-

404 5150 526 5188 nem
555 5149 731 5188 scrtno
753 5133 987 5190 deduxit.
1017 5134 1083 5188 Et
1109 5133 1324 5204 quidem
1353 5133 1466 5189 lteri
1493 5151 1613 5188 cum
1628 5145 1804 5191 vestra
1820 5135 1997 5192 chari-

400 5233 512 5279 tate
560 5227 846 5289 constitui,
892 5240 978 5280 me
1027 5239 1133 5286 non
1182 5226 1410 5295 amplius
1456 5225 1524 5280 de
1579 5226 1681 5284 hoc
1732 5228 1985 5284 mandato

405 5316 668 5368 dicturum
703 5332 717 5369 :
749 5317 1000 5385 quoniam
1030 5317 1278 5372 munibus
1307 5317 1671 5386 superioribus
1698 5317 1886 5374 diebus
1913 5321 1982 5376 de

404 5407 500 5460 illo
530 5403 859 5460 sufficienter
888 5406 1174 5464 dissertum
1201 5418 1283 5463 est
1307 5426 1321 5462 :
1345 5407 1440 5464 sed
1472 5407 1599 5478 quid
1629 5408 1854 5464 faciam?
1883 5411 1986 5464 Do-

408 5515 509 5556 nec
555 5515 651 5556 vos
691 5510 962 5558 correctos
1003 5503 1231 5570 videam,
1275 5519 1381 5557 non
1430 5517 1650 5572 possum
1692 5518 1722 5556 a
1764 5505 1987 5559 consilio

403 5589 580 5646 dando
623 5589 892 5647 abstinere
921 5591 984 5644 ‘z
1023 5592 1273 5661 quoniam
1313 5600 1369 5645 et
1413 5591 1608 5647 Paulus
1651 5593 1740 5663 qui
1785 5593 1986 5649 Galatia

470 5730 485 5758 ί
523 5725 664 5792 savii.
692 5733 745 5776 et
764 5724 954 5792 plurimi
972 5732 1100 5788 3155.,
1125 5738 1217 5777 non
1231 5724 1496 5777 sustineo...
1523 5726 1773 5790 abstinere.
1801 5729 1986 5792 δίοποι,

405 5802 496 5842 non
517 5788 730 5852 piaret...
753 5788 1005 5839 abstinere.

1141 335 1199 392 S.
1239 335 1519 394 JOANNIS
1556 333 2038 392 CHRYSOSTOMI
2075 335 2390 396 ARClllEP.
2434 343 2968 404 CONSTANTINOP.

3557 357 3657 414 160

2096 446 2253 517 'licit,
2283 451 2534 527 Deinceps
2569 456 2765 514 la'bores
2788 461 2914 514 mihi
2954 476 3098 514 nemo
3137 463 3352 531 prebeat
3380 463 3574 538 (Galat.
3607 472 3658 528 6.

2090 543 2216 610 li),
2249 561 2456 604 rursum
2501 549 2632 619 ipsis
2673 562 2895 622 apparet
2933 567 3254 624 congressus
3296 566 3350 613 et
3392 558 3664 630 loquutus.

2091 633 2400 704 llujusmodi
2444 650 2570 695 sunt
2613 653 2831 712 paterna
2862 645 3066 701 viscera
3087 689 3102 713 ,
3128 649 3229 702 etsi
3265 664 3573 707 recessuros
3600 669 3662 709 se

2087 736 2265 796 patres
2291 743 2411 784 esse
2439 730 2650 799 dicant,
2680 750 2786 788 non
2831 734 3129 801 absistunt,
3171 738 3343 795 donec
3387 752 3660 802 correctos

2088 815 2317 871 viderint
2343 817 2482 874 filios
2503 835 2648 877 suos.
2680 825 2919 880 Audistis
2939 829 3248 897 prophetam
3275 831 3340 885 de
3361 831 3670 901 iuramento

2088 910 2245 965 hodie
2273 912 2426 968 nobis
2454 913 2802 984 loquentem?
2831 917 3050 988 Respexi
3091 923 3251 976 oculis
3281 927 3431 987 meis,
3462 934 3508 978 et
3535 927 3669 994 uidi,

2086 1001 2294 1072 inquit,
2338 1014 2386 1059 et
2449 1023 2560 1061 ecce
2607 1007 2719 1078 [alat
2773 1010 2948 1066 volans
3001 1013 3328 1088 longitudinis
3385 1019 3667 1072 cubitorum

2085 1093 2282 1164 viginti,
2329 1106 2374 1150 et
2419 1098 2702 1154 latitudinis
2751 1103 3027 1158 cubitorum
3081 1107 3268 1161 decent.
3302 1105 3372 1161 Et
3424 1109 3552 1164 dixit
3602 1111 3671 1165 ad

2084 1203 2189 1251 me,
2241 1187 2378 1253 Quid
2425 1199 2479 1243 tu
2525 1192 2699 1247 uides?
2722 1203 2770 1247 et
2806 1195 2946 1260 dixi,
2983 1195 3140 1250 Video
3193 1199 3376 1268 falcem
3422 1204 3670 1257 uolantem

2085 1279 2417 1350 longitudinis
2455 1283 2736 1338 cubitorum
2788 1286 3002 1356 viginti,
3049 1298 3096 1342 et
3143 1289 3427 1345 latitudinis
3477 1293 3673 1348 cubito-

2083 1387 2196 1424 rum
2243 1372 2431 1426 decem.
2482 1373 2547 1428 Et
2598 1377 2906 1447 ingredietur
2947 1380 3186 1446 domum,
3232 1383 3438 1454 inquit,
3481 1387 3670 1456 juran-

2084 1461 2146 1514 tis
2172 1464 2372 1517 nomine
2399 1481 2530 1529 mea,
2561 1475 2608 1519 et
2635 1467 2856 1522 destruet
2884 1471 2936 1523 in
2965 1472 3151 1537 medio,
3183 1483 3229 1527 et
3252 1473 3496 1541 suﬂ'odiet
3525 1477 3665 1547 lapi-

2084 1551 2169 1606 des
2187 1561 2235 1606 et
2258 1553 2396 1624 ligna
2418 1554 2599 1623 (Zach.
2622 1559 2674 1613 5.
2699 1559 2834 1629 l-A).
2853 1559 2991 1627 Quid
3017 1563 3228 1618 tandem
3252 1577 3335 1620 est
3359 1567 3556 1622 dictum
3571 1568 3600 1622 ?
3616 1576 3670 1624 et

2083 1658 2184 1711 qua
2214 1643 2282 1699 de
2305 1660 2465 1702 causa
2495 1647 2549 1702 in
2575 1650 2752 1718 specie
2774 1652 2948 1720 falcis,
2968 1663 3022 1708 et
3051 1653 3202 1710 falcis
3225 1658 3451 1713 volantis
3475 1660 3668 1729 iuran-

2086 1742 2166 1788 tes
2191 1750 2418 1806 sequens
2447 1753 2604 1807 pmna
2631 1740 2876 1796 videtur?
2918 1743 2986 1799 Ut
3014 1744 3269 1802 ultionem
3301 1748 3663 1804 inevitabilem

2084 1842 2223 1892 esse,
2245 1837 2299 1882 et
2317 1831 2634 1900 supplicium
2654 1833 2910 1891 declinari
2934 1853 3037 1894 non
3067 1853 3222 1904 posse
3244 1841 3443 1896 videas.
3471 1843 3668 1900 Ensem

2083 1917 2226 1972 enim
2253 1919 2523 1976 volantem
2557 1923 2775 1978 forsitan
2801 1926 2991 1996 aliquis
3020 1928 3255 2000 effugere
3297 1934 3493 2001 poterit
3518 1951 3532 1986 ε
3562 1933 3670 1988 fal-

2083 2023 2202 2062 cem
2239 2018 2418 2065 autem
2462 2013 2514 2066 in
2553 2014 2749 2070 collum
2792 2017 3066 2088 delapsam
3105 2031 3159 2076 et
3203 2037 3298 2093 pro
3319 2023 3558 2080 funiculo
3587 2025 3672 2081 fa-

2083 2109 2243 2167 ctam,
2272 2119 2432 2159 nemo
2457 2104 2874 2178 fugere'potest:
2905 2127 3024 2166 cum
3049 2122 3227 2170 autem
3258 2123 3313 2171 et
3342 2117 3442 2171 alte
3465 2118 3666 2186 adsint,

2083 2207 2204 2262 quae
2228 2194 2414 2250 salutis
2435 2197 2658 2253 ulterius
2682 2201 2842 2269 Spes?
2876 2201 2986 2268 Qua
3019 2219 3146 2258 vero
3176 2206 3243 2260 de
3267 2221 3428 2262 causa
3459 2208 3671 2278 lapides

2083 2294 2139 2340 et
2179 2285 2318 2355 ligna
2353 2287 2583 2357 iurantis
2619 2289 2895 2348 dissolvit?
2922 2293 2993 2349 Ut
3035 2297 3186 2350 ruina
3230 2298 3350 2354 aliis
3392 2300 3658 2356 correctio

2085 2377 2199 2431 liat.
2217 2377 2350 2445 Quia
2368 2382 2513 2435 enim
2533 2381 2799 2451 iurantem
2817 2396 3084 2442 mortuum
3104 2398 3240 2444 terra
3263 2392 3420 2446 condi
3447 2409 3672 2450 necesse

2085 2481 2203 2538 est,
2235 2472 2426 2527 domus
2449 2474 2709 2532 dissoluta
2736 2487 2792 2532 et
2825 2479 2877 2533 in
2917 2482 3127 2536 ruinam
3159 2498 3312 2538 versa
3339 2497 3670 2554 prtetereun-

2090 2565 2230 2618 tibus
2253 2566 2500 2622 omnibus
2527 2577 2580 2623 et
2609 2572 2951 2627 cernentibus
2979 2573 3273 2630 admonitio
3295 2577 3396 2631 erit
3414 2618 3430 2644 ,
3463 2588 3519 2632 ut
3561 2593 3670 2633 non

2085 2654 2272 2710 eadem
2303 2657 2552 2723 audeant,
2587 2675 2656 2714 ne
2680 2661 2865 2717 eadem
2899 2667 3186 2733 patiantur,
3211 2666 3403 2737 illaque
3432 2667 3672 2725 defuncti

2085 2749 2288 2803 crimen
2315 2763 2529 2819 semper
2554 2760 2756 2822 arguet.
2787 2752 2906 2808 Non
2931 2755 2999 2808 ita
3029 2756 3212 2825 pnngit
3237 2761 3400 2821 ensis,
3425 2759 3562 2813 sicut
3586 2759 3674 2828 iu-

2085 2841 2310 2895 ramenti
2330 2853 2513 2897 natura
2531 2860 2544 2896 :
2564 2858 2670 2898 non
2687 2844 2764 2899 sic
2779 2845 2973 2900 occidit
2986 2847 3214 2916 gladius,
3233 2848 3675 2920 sicutiuramenti

2089 2932 2264 3002 plaga.
2295 2933 2514 2990 Juratus
2542 2937 2642 2991 etsi
2671 2938 2851 2992 vivere
2874 2938 3142 3006 videatur,
3162 2943 3271 3010 jam
3301 2952 3544 2998 mortuus
3564 2953 3669 3010 est,

2086 3032 2140 3078 et
2168 3024 2359 3080 vulnus
2383 3027 2628 3096 excepit:
2653 3037 2706 3082 et
2745 3029 2882 3084 sicut
2918 3031 3008 3100 qui
3056 3040 3254 3086 restem
3281 3033 3457 3103 capit,
3494 3035 3674 3103 prius-

2085 3133 2244 3186 quam
2289 3119 2505 3175 civitate
2545 3121 2866 3190 egrediatur,
2913 3131 2967 3177 et
2992 3123 3058 3178 ad
3095 3125 3441 3194 przecipitium
3468 3127 3672 3191 veniat,

2085 3219 2141 3262 et
2167 3218 2420 3264 tortorem
2449 3210 2625 3264 videat
2650 3211 3016 3267 imminentem
3039 3254 3054 3277 ,
3087 3223 3327 3268 mortuus
3351 3226 3433 3269 est
3453 3256 3467 3278 ,
3509 3215 3672 3270 simul

2087 3317 2150 3356 ac
2181 3303 2412 3372 praetorii
2449 3303 2640 3374 januas
2665 3320 2914 3373 egressus
2939 3314 3023 3360 est
3048 3324 3063 3359 :
3093 3308 3171 3362 sic
3195 3316 3246 3363 et
3267 3307 3499 3377 iuratus.
3541 3309 3675 3364 llazc

2088 3403 2415 3462 reputemus,
2445 3406 2500 3450 et
2529 3411 2597 3450 ne
2620 3394 2813 3451 fratres
2839 3397 3166 3466 adjuremus.
3200 3399 3335 3467 Quid
3368 3399 3498 3454 facis
3517 3441 3532 3465 ,
3567 3400 3674 3455 ho-

2089 3485 2214 3538 mo?
2241 3499 2402 3554 super
2430 3501 2672 3540 mensam
2705 3486 2921 3556 adjuras
2950 3503 3160 3543 sacram
3182 3531 3198 3555 ,
3225 3500 3280 3544 et
3310 3491 3396 3544 ubi
3425 3490 3678 3547 Christus

2091 3575 2292 3644 positus
2317 3585 2399 3630 est
2426 3576 2764 3642 immolatus,
2807 3578 2916 3634 illic
2959 3578 3174 3635 fratrem
3205 3591 3351 3634 tuum
3385 3582 3678 3638 immolas?

2087 3667 2347 3722 Latrones
2366 3667 2581 3737 quidem
2609 3668 2660 3722 in
2691 3669 2789 3724 viis
2815 3679 3047 3724 mactant
3072 3688 3084 3723 :
3111 3679 3168 3725 tu
3193 3687 3322 3726 vero
3349 3687 3529 3727 coram
3557 3688 3679 3728 ma-

2090 3768 2169 3812 tre
2199 3756 2367 3812 filium
2407 3758 2652 3812 immolas
2691 3759 3036 3826 sceleratius,
3068 3776 3225 3830 quam
3253 3761 3380 3815 Cain
3405 3803 3418 3825 ,
3453 3772 3677 3830 patrans

2089 3850 2473 3905 homicidium?
2515 3850 2610 3905 llle
2637 3868 2829 3922 nempe
2857 3851 3076 3906 fratrem
3107 3868 3262 3906 suum
3295 3853 3348 3907 in
3375 3853 3590 3908 deserto
3615 3863 3679 3910 et

2088 3943 2338 4012 pr.eseuti
2367 3951 2538 3998 morte
2568 3944 2854 4008 mactavit;
2901 3954 2955 3998 tu
2985 3959 3110 3998 vero
3140 3944 3354 3999 fratrem
3384 3954 3530 3999 tuum
3563 3947 3677 4000 im-

2088 4035 2260 4088 molas
2285 4034 2337 4088 in
2367 4033 2542 4089 medio
2566 4034 2830 4100 ecclesiae,
2863 4034 3020 4104 idque
3048 4043 3220 4090 morte
3248 4035 3418 4089 futura
3449 4036 3681 4090 immor—

2088 4127 2202 4181 tali.
2231 4125 2366 4180 Num
2393 4121 2534 4182 enim
2565 4136 2845 4196 propterea
2875 4126 3012 4180 facta
3041 4135 3125 4180 est
3152 4127 3377 4181 ecclesia
3395 4168 3409 4191 ,
3435 4136 3494 4181 ut
3516 4128 3681 4195 jure-

2089 4220 2245 4274 mus?
2270 4219 2556 4288 Propterea
2584 4217 2722 4273 facta
2743 4227 2848 4284 est,
2876 4228 2931 4271 ut
2959 4232 3192 4272 oremus.
3223 4217 3357 4272 Num
3381 4211 3527 4273 enini
3550 4217 3683 4274 ideo

2089 4325 2272 4366 mensa
2303 4310 2468 4379 posita
2497 4318 2612 4373 est,
2643 4319 2699 4362 ut
2727 4308 3071 4377 adjuremus?
3103 4307 3226 4362 ldeo
3265 4317 3432 4378 posrta
3465 4320 3548 4363 est
3568 4350 3583 4375 ,
3615 4319 3686 4364 ut

2088 4411 2304 4473 peccata
2331 4403 2621 4465 solvamus,
2653 4417 2757 4455 non
2787 4411 2845 4455 ut
2871 4401 3166 4469 alligamus.

2157 4495 2457 4549 Juramenta
2489 4493 2879 4565 Euangeliorum
2906 4505 3155 4548 contactu.
3178 4525 3248 4535 ——
3268 4495 3346 4550 Tu
3369 4509 3495 4550 vero
3515 4496 3561 4549 si
3591 4497 3690 4550 ni—
3760 4569 3768 4572 _

2089 4586 2162 4640 hil
2191 4587 2355 4653 aliud,
2386 4586 2575 4641 saltent
2607 4586 2801 4640 librum
2833 4589 3006 4655 ipsum
3037 4601 3303 4652 reverere,
3334 4603 3489 4656 quem
3519 4588 3570 4642 in
3593 4587 3688 4656 iu-

2091 4687 2388 4732 rameutum
2421 4678 2653 4747 porrigis
2673 4677 3130 4747 :etEvangelium,
3154 4679 3296 4746 quod
3327 4679 3460 4732 intra
3483 4695 3689 4735 manus

2089 4769 2307 4838 capiens
2347 4768 2528 4838 iurare
2566 4769 2756 4838 iubes,
2787 4770 3025 4838 explica,
3058 4779 3112 4823 et
3152 4770 3372 4824 audiens
3427 4770 3552 4836 quid
3602 4771 3688 4826 ibi

2091 4859 2334 4915 Christus
2361 4860 2430 4914 de
2451 4861 2770 4929 iuramentis
2796 4861 3053 4925 disserat,
3085 4861 3334 4916 horresce
3366 4871 3421 4915 ct
3451 4863 3686 4919 desiste.

2091 4951 2229 5019 Quid
2260 4952 2417 5022 igitur
2442 4952 2549 5007 illic
2577 4951 2644 5006 de
2669 4952 2986 5020 iuramentis
3011 4953 3218 5021 inquit?
3243 4952 3351 5022 Ego
3373 4963 3539 5012 autem
3561 4953 3693 5007 dico

2091 5045 2228 5099 vobis
2262 5045 2466 5099 omnino
2507 5061 2608 5097 non
2639 5046 2821 5114 jurare
2849 5043 3066 5114 (Matth.
3093 5043 3145 5098 5.
3175 5043 3288 5112 54).
3327 5043 3403 5097 Tu
3436 5059 3566 5097 vero
3595 5044 3695 5095 lc-

2091 5154 2212 5209 gem
2255 5137 2440 5206 iurare
2486 5135 2891 5206 prohibentem,
2925 5135 2976 5189 in
3005 5135 3590 5223 iuramentumlpmtis'.’
3639 5134 3696 5189 Ο

2093 5231 2493 5294 contumeliam,
2520 5245 2552 5282 ο
2575 5229 2864 5282 insaniam!
2892 5227 3030 5281 idem
3055 5230 3196 5282 enim
3228 5228 3378 5291 facis,
3408 5243 3470 5282 ac
3492 5228 3536 5280 si
3559 5228 3699 5296 quis

2093 5323 2449 5394 legislaturem
2499 5321 2802 5376 interficere
2845 5319 3248 5389 prohibentem,
3291 5319 3462 5387 ipsum
3511 5317 3696 5373 credis

2095 5415 2197 5471 sibi
2239 5414 2440 5469 socium
2485 5427 2604 5466 esse
2642 5411 2845 5482 iubeat.
2894 5409 3007 5464 Non
3059 5411 3128 5464 ita
3175 5425 3329 5478 gemo
3359 5419 3412 5462 et
3452 5407 3702 5476 depioro

2096 5507 2372 5577 quospiam
2405 5506 2456 5559 in
2489 5505 2591 5560 viis
2612 5504 2880 5574 jugulatos
2909 5501 3150 5565 audiens,
3178 5502 3315 5556 sicut
3340 5516 3494 5570 gemo
3521 5509 3572 5553 et
3605 5498 3707 5553 la.

2097 5598 2294 5670 crymis
2323 5611 2618 5666 prosequor
2640 5603 2693 5648 et
2721 5593 2998 5659 horresco,
3036 5607 3156 5645 cum
3191 5591 3345 5645 video
3371 5589 3703 5667 quempiam

2099 5705 2261 5762 pr0pe
2291 5703 2532 5742 mensam
2563 5687 2698 5740 hanc
2724 5685 3029 5740 venientem
3053 5725 3066 5750 ,
3094 5694 3142 5738 et
3181 5697 3368 5738 manus
3397 5682 3702 5754 imponen-

2109 5793 2235 5848 tctu,
2263 5775 2631 5851 etEvangeliis
2657 5778 2916 5834 contactis
2940 5776 3227 5847 iurantem.
3283 5777 3356 5830 De
3403 5771 3653 5844 pecuniis
3679 5811 3699 5835 ,
