4070 6208
241 338 341 394 139

241 454 334 508 καί
360 451 499 506 αὐτὰ
520 448 588 503 τά
616 449 809 503 ἀστεῖα
841 426 1124 518 ἀποφεύξῃ
1161 446 1402 517 ῥήματα,
1422 444 1610 515 ἐπειδὴ
1648 444 1756 497 τῶν
1779 442 1916 513 μετά

239 538 414 594 ταῦτα
446 536 634 591 κακῶν
670 535 796 604 ῥίζα
853 531 1026 585 ταῦτα
1079 533 1314 601 ἐγένετο.
1351 533 1448 585 Διά
1467 531 1626 584 τοῦτο
1652 532 1681 582 ὁ
1707 527 1917 589 Παῦλός

240 644 397 697 φησι·
421 622 772 693 Μωρολοτία
795 619 893 674 καὶ
922 621 1285 688 εὐτραπελία
1303 619 1389 689 μὴ
1417 617 1830 688 ἐκπορευέσθω
1847 616 1917 669 ἐκ

240 714 351 769 τοῦ
383 714 680 782 στόματος
708 707 895 779 ὑμῶν.
938 707 1003 760 Εἰ
1046 708 1158 778 γὰρ
1195 708 1289 760 καὶ
1316 708 1448 761 αὐτὸ
1478 708 1598 761 καθ’
1633 705 1797 760 ἑαυτὸ
1825 721 1917 775 μι-

241 804 376 875 κρὸν
403 797 543 855 εἶναι
578 800 745 861 δοκεῖ,
778 796 915 850 άλλά
947 794 1198 865 μεγάλων
1241 797 1372 867 ἡμῖν
1410 795 1596 850 κακῶν
1633 795 1803 848 αἴτιον
1829 791 1917 861 γί-

242 907 415 944 νεται.
474 887 644 941 Πάλιν
694 884 1003 954 τὸιτρυφᾷν
1060 883 1122 935 ού
1155 882 1301 936 δοκεῖ
1340 883 1438 953 μὲν
1480 882 1730 954 ἔγκλημα
1777 877 1917 934 εἶναι

243 976 482 1049 φανερὸν
503 974 598 1028 καὶ
615 971 1061 1043 ὡμολογημένον,
1096 969 1305 1040 μεγάλα
1323 970 1382 1023 δέ
1398 972 1531 1042 ἡμῖν
1556 970 1731 1023 τίκτει
1749 967 1915 1033 κακὰ,

247 1067 443 1138 μέθην,
482 1062 766 1135 παροινίαν
790 1070 831 1123 ⁸,
864 1057 1201 1125 πλεονεξίαν,
1225 1060 1501 1130 ἁρπαγάς.
1540 1059 1599 1113 ὐ
1620 1059 1728 1130 γὰρ
1742 1059 1918 1112 δαπα-

240 1155 411 1226 νηρὸς
437 1152 531 1205 καὶ
576 1146 890 1219 πολυτελὴς,
924 1148 1019 1199 καὶ
1074 1146 1414 1218 λειτουργίας
1469 1149 1537 1218 τῇ
1578 1146 1778 1216 γαστρὶ
1809 1144 1921 1197 λει-

239 1261 339 1296 του
346 1240 494 1313 ργῶν
510 1238 838 1308 ἀφορήτους,
858 1236 952 1288 καὶ
973 1234 1225 1289 κλέπτειν
1249 1235 1614 1305 ἀναγκάζεται
1639 1234 1916 1298 πολλάκις,

240 1333 343 1387 καὶ
366 1331 436 1384 τά
466 1329 666 1400 ἑτέρων
694 1324 981 1397 ἁρπάζειν,
1011 1325 1105 1378 καὶ
1122 1323 1481 1387 πλεονεκτεῖν,
1496 1324 1591 1376 καὶ
1616 1321 1915 1394 βιάζεσθαι.

244 1422 349 1474 Ἂν
368 1419 548 1472 τοίνυν
577 1414 755 1486 φύγῃς
792 1412 853 1466 τὸ
880 1413 1113 1484 τρυφᾷν,
1147 1412 1241 1466 καὶ
1274 1410 1588 1477 πλεονεξίας
1617 1410 1713 1464 καὶ
1742 1411 1921 1481 ἁρπα-

238 1507 353 1578 γῆς
384 1507 477 1558 καὶ
513 1502 683 1575 μέθης
707 1501 805 1554 καὶ
833 1499 1043 1571 μυρίων
1069 1498 1256 1553 κακῶν
1278 1497 1376 1569 τὴν
1400 1496 1655 1551 ὑπόθεσιν
1689 1498 1918 1563 ἀνεῖλες,

242 1592 532 1666 πόρρωθεν
566 1591 666 1659 τὴν
694 1587 848 1659 ῥίζαν
882 1584 1132 1656 ἐκτεμὼν
1171 1586 1271 1657 τῆς
1309 1584 1596 1655 πονηρίας.
1628 1584 1727 1637 Διὰ
1763 1584 1922 1637 τοῦτο

244 1679 346 1733 καὶ
375 1679 405 1729 6
446 1673 659 1736 Παῦλος
704 1670 910 1739 ἔλεγεν,
954 1670 1038 1723 ὅτι
1075 1670 1139 1725 Ἠ
1180 1667 1554 1724 σπαταλῶσα
1584 1668 1742 1738 χήρα
1766 1667 1922 1728 ζῶσα

242 1765 520 1830 τέθνηκε.
552 1761 626 1813 Τὸ
652 1760 734 1823 είς
761 1758 828 1812 τά
857 1757 1059 1829 θέατρα
1108 1757 1420 1811 ἀναϐαίνειν
1451 1757 1635 1819 πάλιν,
1685 1755 1779 1809 καὶ
1824 1757 1917 1808 ἴπ-

246 1870 368 1906 πων
404 1849 636 1920 ἁμίλλας
670 1847 918 1919 θεωρεῖν,
949 1845 1045 1899 καὶ
1093 1844 1370 1909 κυϐεύειν,
1405 1846 1466 1900 οὐ
1496 1846 1645 1900 δοκεῖ
1666 1842 1923 1915 πλημμέ-

242 1940 398 2010 λημα
418 1940 531 2001 τοῖς
562 1934 778 1997 πολλοῖς
801 1932 1222 2004 ὡμολογημένον
1253 1927 1414 1991 εἶναι,
1448 1933 1619 2005 μυρία
1640 1933 1695 1986 δέ
1723 1933 1804 1995 είς
1831 1931 1923 1984 τὸν

245 2024 364 2096 βίον
394 2024 607 2092 εἰσάγει
635 2020 804 2076 κακά.
840 2022 952 2075 Kal
981 2020 1091 2090 γὰρ
1119 2022 1154 2090 ἡ
1179 2020 1237 2073 ἐν
1257 2023 1370 2083 τοῖς
1398 2019 1645 2091 θεάτροις
1669 2017 1921 2090 διατριϐὴ

239 2112 530 2185 πορνείαν,
560 2108 877 2174 ἀκολασίαν,
901 2108 996 2161 καὶ
1021 2109 1201 2161 πᾶσαν
1234 2106 1522 2176 ἀσέλγειαν
1554 2104 1580 2143 δ
1618 2106 1796 2170 ἔτεκε,
1829 2107 1924 2160 καὶ

239 2203 278 2273 ἠ
312 2201 419 2270 τῆς
452 2198 687 2270 ἁμίλλης
714 2195 824 2250 τῶν
872 2196 1057 2250 ἵππων
1108 2194 1314 2267 θεωρία
1371 2196 1571 2266 μάχας,
1628 2194 1921 2267 λοιδορίας,

239 2289 486 2361 πληγάς,
522 2285 730 2358 ῦϐρεις,
782 2283 1079 2355 ἀπεχθείας
1132 2283 1404 2356 διηνεκεῖς
1461 2286 1728 2356 ἐπήγαγε·
1766 2284 1861 2339 καὶ
1888 2286 1922 2356 η

240 2377 376 2449 περὶ
400 2374 466 2429 τὺ
492 2373 745 2429 κυϐεύειν
776 2372 981 2444 σπουδὴ
1032 2371 1415 2444 βλασφημίας,
1451 2372 1679 2445 ζημίας,
1729 2373 1922 2446 ὀργάς,

240 2465 539 2538 λοιδορίας,
561 2463 658 2516 καὶ
703 2460 877 2534 μυρία
914 2461 1079 2533 ἕτερα
1110 2460 1316 2515 τούτων
1346 2460 1626 2533 δεινότερα
1663 2460 1925 2526 πολλάκις

240 2554 565 2625 εἰργάσατο.
590 2549 682 2619 Μὴ
706 2548 887 2602 τοίνυν
910 2547 979 2602 τά
1014 2548 1389 2620 ἁμαρτήματα
1420 2548 1712 2619 φεύγωμεν
1740 2548 1920 2618 μόνον,

242 2640 383 2694 ἀλλὰ
416 2637 514 2692 καὶ
535 2636 605 2691 τά
627 2634 887 2691 δοκοῦντα
917 2634 1018 2706 μιν
1071 2634 1340 2707 ἀδιάφορα
1368 2630 1526 2700 εἶναι,
1556 2634 1699 2712 κατά
1732 2637 1927 2708 μικρὸν

242 2728 305 2783 δέ
324 2728 484 2799 ἡμᾶς
533 2727 614 2789 είς
636 2724 737 2790 τὰς
765 2723 1147 2796 πλημμελείας
1180 2723 1382 2793 ἄγοντα
1409 2723 1631 2789 ταύτας.
1668 2725 1779 2779 Kal
1817 2725 1926 2799 γὰρ

244 2816 275 2868 6
298 2812 458 2887 παρά
505 2812 752 2886 κρημνὸν
780 2805 1033 2882 βαδίζων,
1070 2811 1179 2866 κᾶν
1226 2811 1301 2884 μὴ
1340 2812 1652 2885 καταπέσῃ,
1707 2813 1924 2885 τρέμει,

245 2907 342 2958 καὶ
382 2901 649 2965 πολλάκις
687 2901 781 2955 ὑπ’
811 2900 976 2955 αὑτοῦ
1012 2899 1107 2955 τοῦ
1152 2902 1356 2973 τρόμου
1407 2905 1768 2975 περιτραπεὶς
1797 2924 1930 2960 κατ-

245 2994 469 3047 έπεσεν·
501 2990 647 3046 οὓτω
675 2990 770 3045 καὶ
795 2991 825 3044 6
850 2989 924 3062 μὴ
954 2989 1238 3061 πόρρωθεν
1261 2990 1478 3060 φεύγων
1501 2991 1603 3055 τάς
1631 2993 1925 3065 ἁμαρτίας,

243 3081 363 3136 ἀλλ’
390 3079 565 3148 ἐγγὺς
596 3076 774 3133 αὐτῶν
820 3076 1049 3148 βαδίζων
1073 3115 1088 3140 ,
1128 3076 1268 3147 μετά
1314 3078 1481 3147 φόϐου
1527 3079 1804 3150 βιώσεται,
1836 3084 1930 3137 καὶ

240 3169 519 3231 πολλάκις
547 3168 628 3231 εἰς
668 3165 838 3229 αὑτάς
870 3167 1213 3236 ἐμπεσεῖται.
1249 3167 1363 3220 Kal
1390 3165 1500 3239 γάρ
1519 3170 1548 3221 6
1571 3168 1641 3223 τά
1672 3169 1930 3242 ἀλλότρια

239 3255 753 3327 τπριεργαζόμενος
789 3252 983 3323 κάλλη,
1019 3254 1125 3307 κάν
1155 3253 1230 3325 μὴ
1261 3254 1543 3327 μοιχεύσῃ,
1571 3256 1709 3322 τέως
1734 3260 1930 3313 ἐπεθύ-

245 3360 422 3417 μησε,
455 3342 551 3394 καὶ
572 3341 762 3409 γέγονε
793 3340 935 3395 κατά
964 3339 1062 3411 τὴν
1091 3341 1368 3410 ἀπόφασιν
1416 3343 1511 3397 τοῦ
1546 3344 1784 3416 Χριστοῦ
1813 3364 1933 3417 μοι·

242 3432 364 3507 χός·
400 3429 664 3494 πολλάκις
693 3428 748 3483 δέ
786 3428 876 3482 ὑπ’
909 3429 1080 3500 αὐτῆς
1108 3429 1210 3500 τῆς
1262 3429 1557 3501 ἐπιθυμίας
1585 3434 1679 3485 καὶ
1704 3436 1785 3499 είς
1833 3434 1931 3507 τὴν

241 3519 340 3572 διὰ
371 3519 478 3588 τῆς
509 3517 704 3587 πείρας
747 3516 1021 3587 ἁμαρτίαν
1071 3517 1461 3590 καταφέρεται,
1511 3519 1802 3591 Πόρρωθεν
1824 3523 1933 3576 τοί-

241 3623 350 3660 νυν
377 3607 610 3669 ἑαυτοὺς
666 3605 1072 3677 ἀναστείλωμεν
1113 3605 1220 3659 τῶν
1251 3607 1690 3679 ἁμαρτημάτων.
1744 3610 1932 3666 Βούλει

246 3694 584 3765 σωρρονεῖν;
624 3692 699 3763 μὴ
732 3691 910 3762 φύγῃς
942 3691 1186 3762 μοιχείαν
1228 3692 1408 3763 μόνον,
1444 3692 1581 3747 ἀλλά
1611 3694 1704 3748 καὶ
1731 3696 1933 3752 ἀκόλα-

248 3798 379 3834 στον
409 3780 556 3849 ϐψιν.
590 3778 779 3832 Βούλει
816 3779 1074 3851 ῥημάτων
1107 3780 1349 3852 αἰσχρῶν
1375 3777 1515 3836 εἶναι
1548 3784 1800 3855 μακράν;
1859 3785 1935 3857 μὴ

246 3869 322 3924 τὰ
348 3868 556 3939 αἰσχρά
585 3868 805 3939 ῥήματα
838 3867 1015 3941 φύγῃς
1044 3868 1221 3939 μόνον,
1263 3869 1399 3923 ἀλλά
1433 3870 1529 3925 καὶ
1560 3872 1770 3941 γέλωτα
1805 3874 1936 3935 ἄτας

250 3972 405 4020 κτον,
428 3956 525 4008 καὶ
544 3954 839 4026 ἐπιθυμίαν
862 3954 1100 4010 ἃπασαν.
1121 3956 1310 4009 Βούλει
1341 3957 1517 4026 φόνων
1549 3954 1686 4012 εἶναι
1716 3959 1933 4035 πόρρω;

250 4043 427 4112 φεῦγε
456 4040 741 4113 λοιδορίας.
770 4042 958 4095 Βούλει
987 4042 1158 4113 μέθης
1193 4042 1344 4115 1158]
1371 4044 1741 4113 ἀφίστατθαις
1767 4047 1935 4117 φεῦγε

249 4130 473 4203 τρυφάς
498 4129 593 4182 καὶ
609 4127 709 4192 τάς
734 4128 1045 4192 πολυτελεῖς
1071 4128 1376 4201 τραπέζας,
1409 4133 1503 4185 καὶ
1525 4132 1822 4206 πρόρριζον
1839 4134 1936 4206 τὴν

254 4218 461 4270 κακίαν
487 4215 819 4269 ἀνάσπασον.
879 4215 1111 4287 Μεγάλη
1161 4219 1328 4286 παγὶς
1386 4218 1639 4293 γλώσσης
1673 4221 1937 4283 ἀκολασία

256 4305 353 4356 καὶ
399 4302 601 4355 πολλοῦ
644 4302 872 4374 δεομένη
925 4301 1019 4357 τοῦ
1077 4304 1319 4375 χαλινοῦ.
1364 4305 1473 4367 Διά,
1522 4308 1679 4362 τοῦτο
1720 4310 1813 4362 καί
1854 4309 1937 4374 τίς

258 4407 416 4461 φησι·
453 4391 641 4461 Παγὶς
669 4392 890 4461 ἰσχυρὰ
909 4392 1081 4462 ἀνδρὶ
1102 4394 1173 4448 τὰ
1200 4394 1323 4448 ἴδια
1348 4396 1549 4467 χείλη,
1572 4397 1668 4461 καὶ
1690 4399 1939 4453 ἁλίσκε-

257 4496 353 4533 ται
375 4478 659 4547 ῥήμασιν
690 4478 844 4534 ἰδίου
874 4481 1197 4549 στόματος.

327 4576 393 4621 ε’.
426 4568 544 4639 Πρὸ
569 4567 679 4621 τῶν
726 4569 901 4625 ἄλλων
923 4571 1103 4625 τοίνυν
1125 4572 1381 4629 ἁπάντων
1403 4572 1582 4644 μελῶν
1599 4572 1803 4643 ταύτην
1829 4592 1938 4630 σω-

256 4656 630 4728 φρονίτωμεν,
662 4655 864 4729 ταύτην
918 4658 1341 4731 χαλινώσωμεν,
1382 4662 1478 4721 καὶ
1516 4661 1784 4734 λοιδορίας
1844 4664 1941 4718 καὶ

252 4743 457 4814 ὕϐρεις
488 4743 585 4796 καὶ
609 4744 993 4821 αἰσχρολογίας
1018 4747 1113 4809 καὶ
1164 4749 1506 4821 κακηγορίας
1535 4749 1644 4805 ἀπὸ
1692 4751 1787 4806 τοῦ
1819 4753 1942 4807 στό-

250 4847 439 4902 ματος
472 4831 835 4903 ἐξελάσωμεν,
870 4835 966 4893 καὶ
998 4834 1098 4907 τὴν
1145 4836 1392 4909 πονηράν
1449 4836 1560 4891 τῶν
1593 4839 1773 4911 ὅρκων
1824 4857 1945 4894 συν-

242 4918 480 4989 ήθειαν·
516 4918 677 4975 πάλιν
706 4920 814 4991 γάρ
844 4922 991 4992 ἡμᾶς
1020 4923 1112 4976 ἐπὶ
1140 4924 1237 4995 τὴν
1257 4925 1428 4996 αὐτὴν
1459 4926 1782 4999 παραίνεσιν
1801 4929 1831 4982 6
1855 4928 1946 4982 λό-

236 5022 357 5073 γος
392 5007 592 5078 ἤγαγε.
637 5006 828 5061 Καίτοι
859 5026 923 5077 γε
974 5009 1212 5081 ἑσπέρας
1264 5013 1644 5086 συνεταξάμην
1692 5016 1846 5086 ὑμῶν
1875 5019 1943 5088 τῇ

234 5094 481 5167 ἀγάπῃ,
504 5093 580 5157 ὡς
609 5094 792 5150 οὐκέτι
832 5098 961 5168 περὶ
985 5098 1084 5169 τῆς
1113 5100 1333 5172 ἐντολῆς
1353 5102 1555 5175 ταύτης
1590 5103 1720 5175 ἐρῶ,
1748 5104 1838 5159 διὰ
1884 5105 1947 5158 τὺ

234 5181 450 5245 πάσας
481 5181 579 5244 τάς
611 5181 919 5255 ἔμπροσθεν
959 5186 1172 5259 ἡμέρας
1228 5189 1543 5261 ἀρκούντως
1590 5193 1719 5263 περὶ
1777 5192 1947 5265 αὐτῆς

230 5268 584 5340 διειλέχθαν
609 5270 743 5325 ἀλλὰ
770 5272 824 5325 τί
856 5273 1046 5340 πάθω;
1078 5276 1222 5339 Ἕως
1249 5276 1315 5330 ἂν
1354 5278 1447 5332 ίδω
1470 5278 1947 5351 κατορθώσαντας,

230 5359 322 5411 οὗ
349 5357 535 5424 στέγω
562 5368 585 5396 ο
614 5359 711 5430 τῆς
743 5361 1053 5434 συμϐουλῆς
1082 5364 1434 5436 ἀποσχέσθαι·
1470 5367 1592 5422 ἐπεὶ
1624 5369 1721 5422 καὶ
1736 5368 1952 5433 Παῦλος

230 5444 539 5507 Γαλάταις
572 5444 765 5513 λέγων,
794 5448 903 5503 Τοῦ
934 5449 1153 5505 λοιποῦ
1183 5454 1411 5520 κόπους
1440 5473 1544 5524 μοι
1565 5455 1778 5525 μηδεὶς
1806 5473 1955 5526 παρ-

237 5533 485 5604 εχέτω,
547 5536 705 5589 πάλιν
752 5540 937 5604 αὐτοῖς
983 5542 1234 5608 φαίνεται
1285 5545 1680 5617 συγγενόμενος
1712 5547 1807 5601 καὶ
1836 5546 1956 5602 δια-

230 5622 507 5694 λεχθείς.
540 5620 775 5679 Τοιαῦτα
832 5627 900 5682 τά
938 5630 1230 5700 σπλάγχνα
1255 5630 1324 5684 τά
1350 5632 1616 5703 πατρικά,
1657 5632 1761 5690 »ἂν
1785 5635 1957 5690 εἴπω-

232 5727 357 5768 σιν
382 5708 738 5778 ἀφίστασθαι,
786 5715 886 5767 οὐκ
913 5715 1260 5786 ἀφίστανται,
1309 5721 1410 5783 ἕως
1445 5718 1512 5779 ἂν
1545 5719 1697 5774 ἴδωσι
1732 5737 1956 5793 σωφροε

314 5829 363 5896 ξ
384 5831 494 5896 ᾼιίι
512 5834 786 5896 παράνοιαν.

326 5892 370 5967 ξ
392 5893 508 5967 ξεν.
534 5892 804 5967 αι’ψιὶύειιι
830 5897 909 5946 alii
933 5901 1165 5967 πορνείας,
1190 5901 1470 5967 ἀκολασίας,
1495 5903 1759 5967 ἀσελγείας.

322 5957 364 5991 ε
390 5954 571 6006 εειεῑ
594 5954 783 6018 plurimi
802 5972 913 6008 mss.
936 5954 1182 6030 ο)“στέγῶ,
1210 5963 1331 6014 Mor.
1361 5965 1415 6014 ού
1439 5954 1638 6031 ἇτέργωῖ

1300 331 1391 386 AD
1428 327 1758 387 POPULUM
1799 321 2300 381 ANTIOCHENUM
2338 302 2573 379 nomn
2608 317 2725 376 xv.
2825 338 2829 343 τ

3590 319 3692 375 160

2021 438 2303 502 νισθέντας
2328 437 2509 491 αὐτῶν
2533 437 2659 500 τοὺς
2685 433 2895 498 παῖδας.
2951 431 3246 487 Ἠκούσατε
3280 432 3373 487 τοῦ
3414 434 3695 506 προφήτου

2024 527 2085 599 of;
2095 544 2159 596 με
2167 543 2259 596 ρον
2280 543 2346 579 πε
2356 527 2408 597 pl
2433 525 2541 578 τῶν
2556 525 2734 597 ὅρκων
2750 524 2882 593 ἡμῖν
2901 519 3282 590 διαλεγομένου
3307 537 3322 587 ;
3353 520 3697 590 Ἐπέϐλεψα

2020 613 2143 680 τοῖς
2169 612 2498 684 ὀφθαλμοῖς
2519 629 2659 681 μου,
2690 610 2785 663 καὶ
2807 604 2994 672 εἶδον,
3011 607 3166 678 φησὶ,
3196 607 3294 661 καὶ
3320 606 3449 662 ιδοὺ
3479 608 3699 676 δρέπα-

2018 718 2130 756 νον
2151 703 2482 772 πετόμενον
2503 699 2740 770 μήκους
2766 694 2979 766 πηχῶν
3029 695 3241 759 εἴκοσι,
3282 695 3379 748 καὶ
3426 695 3700 764 πλάτους

2020 789 2232 859 πηχῶν
2259 787 2406 842 δέκα
2424 830 2439 854 ,
2469 787 2568 841 καὶ
2592 784 2723 857 εἷπε
2742 784 2892 853 πρός
2915 800 3011 854 με’
3054 783 3117 836 Τί
3139 792 3223 835 σὺ
3249 782 3503 849 βλέπεις
3532 799 3551 847 ;
3584 785 3693 837 Καὶ

2020 875 2210 933 εἶπον
2273 878 2419 946 Ὀρῶ
2454 877 2754 944 δρέπανον
2776 876 3110 944 πετόμενον
3149 871 3384 943 μήκους
3410 872 3622 943 πηχῶν
3664 873 3694 915 ἀ

2020 966 2237 1031 εἴκοσι,
2270 966 2369 1020 καὶ
2405 964 2678 1031 πλάτους
2718 964 2862 1017 δέκα
2891 961 3122 1032 πηχῶν⁸
3150 962 3250 1016 καὶ
3287 964 3699 1017 εἰσελεύσεται

2020 1058 2106 1122 εὶς
2142 1056 2250 1111 τὸν
2277 1053 2464 1119 οἶκον,
2498 1057 2649 1126 φησὶ,
2674 1053 2781 1108 τοῦ
2805 1055 3135 1122 ὀμνύοντος
3170 1050 3250 1118 τῷ
3285 1054 3533 1124 ὀνόματί
3552 1073 3696 1125 μου,

2020 1142 2120 1196 καὶ
2140 1144 2465 1197 καταλύσει
2490 1143 2560 1196 ἐν
2587 1134 2666 1202 τῷ
2675 1136 2862 1207 μέσῳ,
2888 1141 2987 1195 καὶ
3015 1142 3397 1209 κατασκάψει
3426 1143 3567 1211 τοὺς
3603 1144 3701 1199 λί-

2022 1234 2167 1297 θους
2188 1230 2379 1285 καὶτὰ
2406 1231 2583 1295 ξύλα.
2617 1229 2683 1283 Τί
2714 1230 2841 1283 ποτέ
2862 1232 2978 1282 ἐστι
3011 1230 3072 1283 τὸ
3104 1230 3414 1301 εἰρημένον,
3444 1233 3538 1285 καὶ
3556 1231 3703 1298 τίνος

2021 1318 2205 1372 ἕνεκεν
2237 1320 2295 1372 ἐν
2327 1319 2478 1383 τάξει
2528 1319 2799 1390 δρεπάνης
2839 1319 2871 1389 ὴ
2915 1321 3026 1381 τοῖς
3076 1318 3365 1389 ὀμνύουσιν
3404 1320 3644 1391 ἑπομένη
3675 1332 3700 1360 θ

2022 1407 2261 1479 τιμωρία
2313 1406 2585 1476 φαίνεται,
2648 1406 2743 1460 καὶ
2783 1406 3058 1477 δρεπάνης
3100 1407 3436 1479 πετομένης;
3500 1408 3617 1461 Ἵνα
3640 1408 3702 1462 τὺ

2022 1493 2263 1562 ἄφυκτον
2313 1496 2413 1566 τῆς
2440 1494 2595 1567 δίκης
2643 1495 2735 1548 καὶ
2764 1494 2826 1547 τὸ
2874 1493 3242 1558 άδιεξόδευτον
3288 1495 3388 1565 τῆς
3428 1495 3702 1560 κολάσεως

2028 1580 2166 1653 ἴδῃς.
2203 1581 2368 1649 Ξίφος
2414 1582 2510 1653 μέν
2554 1582 2663 1652 γὰρ
2698 1581 2995 1651 πετόμενον
3030 1580 3161 1646 ἴσως
3197 1600 3281 1647 τις
3313 1582 3592 1654 διαδρᾶναι
3614 1583 3705 1637 δυ-

2023 1668 2267 1737 νήσεται,
2301 1669 2574 1739 δρεπάνην
2600 1669 2657 1722 δὲ
2691 1670 2770 1730 εἰς
2801 1668 2892 1721 τὸν
2926 1668 3197 1739 τράχηλον
3234 1669 3579 1740 ἐμπεσοῦσαν
3606 1673 3704 1725 καὶ

2024 1755 2145 1807 ἀντὶ
2180 1755 2411 1827 σχοινίου
2442 1742 2759 1826 γενομένην,
2783 1756 2955 1820 οὐδεὶς
2995 1755 3062 1809 ἂν
3089 1755 3360 1826 διαφύγοι·
3379 1756 3507 1811 ὅταν
3536 1758 3591 1810 δέ
3610 1758 3705 1811 καὶ

2026 1843 2204 1914 πτερά
2233 1848 2432 1916 προσῇ,
2454 1845 2582 1898 ποία
2608 1829 2793 1898 λοιπὸν
2824 1845 3095 1916 σωτηρίας
3127 1844 3312 1911 ἐλπίς;
3343 1844 3499 1910 Τίνος
3519 1845 3574 1899 δὲ
3596 1847 3706 1900 ἓνε-

2026 1946 2121 1984 κεν
2151 1933 2276 1994 τοὺς
2312 1931 2495 1996 λίθους
2531 1932 2718 1986 καὶτὰ
2755 1931 2885 1996 ξύλα
2933 1932 3195 1987 καταλύει
3252 1933 3345 1987 τοῦ
3379 1934 3704 2006 ὀμνύοντοςς

2027 2017 2147 2072 Ἵνα
2181 2021 2296 2082 τοῖς
2324 2016 2505 2082 ἄλλοις
2526 2019 2905 2090 σωφρονισμὸς
2932 2017 2993 2072 τὸ
3022 2019 3195 2084 πάθος
3222 2021 3465 2093 γένηται.
3485 2021 3706 2093 Ἐπειδὴ

2025 2106 2132 2177 γάρ
2157 2106 2247 2160 τὸν
2272 2107 2538 2178 ὀμνύοντα
2559 2108 2897 2163 ἀποθανόντα
2922 2107 3138 2178 ἀνάγκη
3152 2111 3219 2180 τῇ
3246 2112 3316 2180 γῇ
3345 2110 3703 2183 κρύπτεσθαι,

2025 2195 2058 2264 ἡ
2083 2194 2230 2248 οίκά
2259 2195 2626 2250 καταλυθεῖσα
2655 2197 2750 2250 καὶ
2776 2196 2937 2268 χῶμα
2965 2196 3235 2268 γενομένη
3266 2198 3379 2260 τοῖς
3410 2197 3705 2269 παριοῦσιν

2027 2282 2196 2337 ἅπασι
2233 2284 2328 2336 καὶ
2358 2283 2614 2353 βλέπουσι
2644 2283 3037 2355 παραινέσεται
3072 2283 3162 2338 διά
3180 2283 3279 2357 τῆς
3309 2283 3507 2356 ὅψεως.
3541 2286 3618 2359 μὴ
3639 2287 3709 2341 τά

2027 2369 2167 2424 αὑτά
2188 2370 2414 2443 τολμᾷν,
2439 2372 2527 2425 ἴνα
2560 2371 2634 2443 μὴ
2664 2370 2735 2425 τά
2776 2373 2917 2426 αύτά
2961 2371 3199 2437 πάθωσι,
3250 2373 3345 2426 καὶ
3399 2375 3710 2447 κατήγορος

2027 2455 2181 2511 ἔσται
2209 2455 2313 2527 τῆς
2342 2456 2436 2511 τοῦ
2476 2457 2926 2529 τετελευτηκότος
2977 2460 3254 2533 ἁμαρτίας
3291 2461 3565 2534 διηνεκὴς.
3595 2461 3711 2533 Ούχ

2026 2543 2168 2599 οὕτω
2192 2549 2375 2600 κεντεῖ
2404 2545 2576 2615 ξίφος,
2613 2545 2688 2610 ὡς
2719 2548 2882 2619 ὅρκου
2911 2545 3093 2618 φύσις·
3127 2548 3226 2619 οὐχ
3271 2548 3445 2612 οὔτως
3495 2549 3713 2620 ἀναιρεῖ

2032 2635 2301 2707 μάχαιρα.
2352 2637 2429 2701 ὡς
2476 2640 2640 2709 ὅρκου
2677 2638 2882 2712 πληγή.
2925 2640 2983 2694 '0
3007 2639 3236 2712 ὀμόσας,
3290 2639 3393 2695 κᾶν
3426 2640 3558 2713 δοκῇ
3587 2638 3710 2715 ζῇν,

2029 2724 2131 2794 ἤδη
2159 2723 2532 2796 τετελεύτηκε,
2569 2725 2665 2780 καὶ
2686 2726 2785 2798 τὴν
2824 2725 3038 2799 πληγὴν
3066 2727 3301 2792 ἐδέξατο·
3329 2729 3423 2782 καὶ
3460 2729 3713 2803 καθάπερ

2028 2813 2058 2866 6
2079 2811 2141 2865 τὸ
2174 2812 2434 2884 σπαρτίον
2455 2812 2654 2879 λαϐὼν,
2678 2814 2773 2868 καὶ
2797 2814 2926 2886 πρὶν
2951 2814 2986 2886 ἢ
3017 2814 3118 2885 τὴν
3144 2815 3297 2869 πόλιν
3328 2815 3587 2883 ἐξελθεῖν,
3616 2817 3712 2873 καὶ

2030 2900 2124 2953 ἐπὶ
2174 2899 2234 2952 τὸ
2262 2899 2534 2972 βάραθρον
2555 2900 2751 2965 ἐλθεῖν,
2802 2902 2898 2955 καὶ
2924 2901 3118 2973 δήμιον
3156 2903 3286 2958 ἰδεῖν
3325 2905 3712 2976 ἐφιστάμενον,

2029 2985 2291 3056 τέθνηκεν
2318 2988 2437 3059 ἅμα
2462 2987 2543 3058 τῷ
2569 2987 2669 3051 τάς
2717 2988 2888 3060 θύρας
2912 2988 3152 3055 ἐξελθεῖν
3204 2990 3300 3045 τοῦ
3336 2991 3712 3065 δικαστηρίου,

2031 3071 2175 3127 οὕτω
2209 3074 2305 3128 καὶ
2331 3077 2360 3128 ό
2408 3074 2637 3145 ὀμόσας.
2685 3076 2872 3129 Ταῦτα
2926 3075 3294 3149 λογιζώμεθα,
3331 3080 3427 3134 καὶ
3458 3081 3533 3152 μὴ
3563 3081 3715 3154 ὀρκί·

2034 3160 2215 3233 ζωμεν
2238 3162 2365 3225 τοὺς
2395 3162 2677 3232 ἀδελφούς.
2736 3162 2803 3216 Τί
2840 3167 3035 3231 ποιεῖς,
3066 3166 3356 3238 άνθρωπε;
3386 3168 3479 3221 ἐπὶ
3501 3170 3715 3241 τραπέ-

2034 3247 2133 3319 ζης
2162 3248 2402 3320 όρκίζεις
2431 3250 2602 3321 ἱερᾶς,
2646 3251 2741 3303 καὶ
2768 3250 2899 3305 ἔνθα
2947 3253 2976 3306 6
3002 3254 3239 3323 Χριστὸς
3269 3258 3444 3309 κεῖται
3481 3257 3716 3329 τεθυμέ-

2034 3352 2144 3400 νος,
2176 3337 2295 3390 ἐκεῖ
2318 3335 2411 3401 τὸν
2449 3332 2678 3406 ἀδελφὸν
2720 3339 3015 3405 καταθύεις
3047 3340 3140 3393 τὸν
3179 3342 3306 3409 σονς
3368 3343 3479 3398 Kal
3524 3348 3572 3400 ol
3614 3347 3715 3419 μὲν

2033 3423 2230 3497 λῃσταὶ
2261 3425 2353 3478 ἐπὶ
2377 3424 2487 3478 τῶν
2502 3425 2636 3479 ὁδῶν
2659 3425 2679 3463 ί
2700 3425 2908 3489 θύουσι,
2938 3428 3002 3481 σὺ
3036 3428 3093 3482 δέ
3118 3428 3430 3502 ἔμπροσθεν
3445 3434 3544 3505 τῆς
3562 3432 3715 3509 [159]

2040 3511 2274 3581 μητέρος
2296 3511 2387 3573 τὸν
2415 3512 2530 3564 υἱὸν
2562 3512 2859 3578 καταθύεις
2876 3516 3235 3588 ἐναγέστερον
3249 3518 3343 3573 τοῦ
3378 3520 3520 3573 Κάῖν
3560 3523 3718 3594 ἐργα⁴

2037 3597 2263 3667 ζόμενος
2293 3598 2743 3667 φόνον;Ἐκεῖνος
2776 3601 2873 3671 μὲν
2905 3600 3014 3672 γάρ
3043 3601 3202 3657 ἔθυσε
3235 3605 3328 3659 τὸν
3364 3607 3595 3676 ἀδελφὸν
3621 3610 3719 3662 αὐ-

2036 3685 2130 3738 τοῦ
2159 3685 2253 3738 ἐπὶ
2284 3685 2387 3755 τῆς
2430 3687 2689 3758 ἐρημίας,
2753 3688 2847 3741 καὶ
2875 3688 2968 3742 τὸν
3009 3691 3255 3761 παρόντα
3278 3693 3527 3748 θάνατον·
3562 3698 3626 3750 σὺ
3660 3697 3718 3753 δὲ

2039 3771 2187 3837 θύεις
2213 3772 2307 3826 τὸν
2337 3774 2565 3843 ἀδελφὸν
2597 3776 2655 3827 ἐν
2691 3775 2842 3846 μέσῳ
2873 3777 2970 3846 τῆς
3004 3778 3323 3850 ἐκκλησίας,
3354 3784 3448 3836 καὶ
3474 3785 3567 3839 τὸν
3600 3787 3722 3857 μέλ-

2037 3859 2195 3914 λοντα
2223 3860 2451 3915 θάνατον
2475 3862 2565 3917 τὸν
2588 3862 2875 3921 ἀθάνατον.
2906 3864 2997 3937 Μὴ
3025 3867 3133 3938 γάρ
3162 3869 3423 3942 ἐκκλησία
3451 3872 3541 3927 διὰ
3563 3875 3719 3930 τοῦτο

2036 3948 2284 4017 γέγονεν,
2342 3950 2430 4002 ῖνα
2462 3949 2790 4021 όμνύωμενς
2839 3952 2939 4005 Διά
2959 3954 3117 4009 τοῦτο
3146 3956 3391 4026 γέγονεν,
3424 3960 3510 4014 ἵνα
3547 3962 3718 4032 εὐχώ-

2042 4037 2203 4108 μεθα.
2235 4037 2326 4110 Μὴ
2354 4037 2463 4106 γάρ
2488 4036 2739 4108 τράπεζα
2773 4039 3046 4096 διάςτοῦτο
3086 4042 3337 4114 ἔστηκεν,
3370 4047 3455 4100 ἴνα
3480 4048 3717 4117 ὁρκίζω-

2044 4142 2176 4197 μεν;
2213 4125 2312 4179 Διά
2338 4124 2497 4180 τοῦτο
2533 4126 2790 4199 ἔστηκεν,
2823 4128 2911 4183 ἵνα
2960 4129 3030 4186 τὰ
3065 4132 3440 4205 ἁμαρτήματα
3478 4135 3719 4208 λύωμεν,

2039 4213 2139 4283 οὐχ
2170 4213 2257 4267 ἶνα
2286 4214 2343 4268 δε
2352 4214 2600 4286 σμῶμεν.

2113 4303 2186 4355 Σὺ
2218 4302 2275 4356 δέ
2305 4304 2354 4357 εἰ
2385 4303 2551 4374 μηδὲν
2576 4303 2782 4376 ἕτερον,
2823 4306 2957 4362 αὐτὸ
2982 4306 3112 4376 γοῦν
3131 4309 3192 4362 τὸ
3216 4309 3421 4381 βιϐλίον
3443 4311 3722 4386 αίδέσθητι

2039 4390 2068 4444 δ
2090 4390 2390 4463 προτείνεις
2414 4395 2494 4457 εἰς
2514 4393 2694 4463 ὅρκον,
2720 4396 2815 4448 καί¹
2840 4393 2901 4447 τὸ
2928 4395 3277 4466 Εὐαγγέλιον,
3300 4397 3330 4454 δ
3359 4400 3496 4470 μετά
3534 4405 3722 4474 χεῖρας

2040 4477 2334 4549 λαμϐάνων
2363 4479 2607 4544 κελεύεις
2633 4480 2886 4551 ὀμνύναι,
2929 4483 3254 4553 ἀνάπτυεον,
3281 4486 3374 4545 καὶ
3406 4487 3646 4553 ἀκούσας
3672 4487 3724 4544 τί

2045 4566 2175 4637 περὶ⁸
2205 4567 2384 4637 ὅρκων
2412 4568 2440 4621 6
2476 4568 2709 4638 Χριστὸς
2739 4570 2856 4623 ἐκεῖ
2875 4570 3204 4640 διαλέγεται,
3232 4574 3442 4645 φρίξον,
3478 4576 3570 4628 καὶ
3591 4575 3725 4629 άπά-

2046 4652 2223 4724 στηθι.
2256 4653 2322 4706 Τί
2348 4650 2444 4708 οὖν
2472 4655 2593 4708 ἐκεῖ
2616 4656 2746 4726 ’περί⁵
2776 4658 2956 4729 ὅρκων
2999 4660 3201 4732 φησίνξ
3268 4661 3417 4731 Ἐγὼ
3453 4661 3523 4716 δὲ
3568 4663 3727 4733 λέγω

2045 4740 2207 4811 ὑμῖν,
2234 4740 2323 4811 μὴ
2353 4742 2569 4811 ὀμόσαι
2591 4742 2766 4811 δλωςυ
2794 4746 2859 4799 σὺ
2894 4746 2952 4801 δὲ
2978 4746 3077 4801 τὸν.
3102 4748 3266 4817 νόμον
3294 4748 3387 4803 τὸν
3443 4749 3724 4811 κωλύοντα

2045 4827 2296 4900 ὀμνύναι,
2339 4829 2528 4882 τοῦτον
2579 4831 2743 4903 ὅρκον
2792 4835 3001 4899 ποιεῖςς
3047 4836 3111 4888 Ὢ
3138 4836 3239 4906 τῆς
3271 4835 3511 4907 ὖϐρεωςῑ
3552 4835 3598 4891 ὣ
3623 4837 3725 4909 τῆς

2046 4915 2331 4987 παροινίας
2346 4926 2371 4965 ι
2388 4919 2402 4971 ι
2420 4918 2612 4979 ταυτὸν
2638 4920 2748 4991 γάρ
2769 4924 2965 4986 ποιεῖς,
2987 4921 3176 4994 ὥσπερ
3196 4922 3262 4977 ἂν
3279 4924 3332 4977 εί
3352 4940 3435 4987 τις
3454 4924 3544 4979 τὸν
3568 4941 3727 4998 νομο-

2047 5001 2207 5074 θέτην
2230 5003 2321 5059 τὸν
2348 5005 2625 5061 κωλύοντα
2669 5008 2939 5078 φονεύειν,
2998 5010 3159 5063 αὐτὸν
3189 5009 3481 5083 σύμμαχον
3510 5012 3727 5070 κελεύοι

2047 5089 2302 5158 γενέσθαι
2333 5092 2469 5164 πρὸς
2493 5094 2595 5165 τὴν
2622 5097 2857 5167 σφαγήν.
2889 5098 3003 5167 Οὐχ
3031 5096 3173 5151 οὕτω
3197 5099 3370 5154 στένω
3390 5100 3486 5154 καὶ
3506 5100 3730 5173 δακρύω

2051 5179 2422 5250 σφαζομένους
2452 5181 2666 5241 ἀκούων
2694 5184 2847 5247 τινάς
2874 5185 2932 5239 ἐν
2964 5186 3084 5248 ταῖς
3140 5184 3301 5252 ὁδοῖς,
3331 5187 3408 5251 ὡς
3430 5190 3601 5244 στένω
3632 5192 3732 5246 καὶ

2048 5264 2269 5351 δακρύω
2298 5266 2392 5320 καὶ
2419 5269 2643 5339 φρίττω,
2673 5270 2893 5325 ἐπειδάν
2915 5272 3011 5325 ῖδω
3031 5271 3159 5327 τινά
3188 5274 3417 5346 πλησίον
3446 5277 3547 5348 τῆς
3592 5295 3731 5351 τραο

2052 5349 2223 5425 πέζης
2246 5353 2447 5425 ταύτης
2489 5355 2731 5421 ἐλθόντα,
2773 5360 2869 5412 καὶ
2903 5360 3002 5423 τὰς
3043 5364 3235 5434 χεῖρας
3259 5363 3443 5431 θέντα,
3490 5369 3585 5423 καὶ
3623 5349 3734 5421 τῶν

2056 5440 2404 5515 Εὐαγγελίων
2453 5443 2734 5515 ἁψάμενον
2774 5447 2870 5511 καὶ
2919 5447 3210 5519 ὀμνύοντα,
3257 5450 3395 5525 Περὶ
3433 5456 3733 5526 χρημάτων

2054 5536 2434 5607 ἀμφιϐάλλεις,
2462 5537 2582 5591 εἰπέ
2611 5555 2723 5610 μοι,
2752 5546 2845 5595 καὶ
2872 5540 3053 5615 ψυχὴν
3083 5544 3367 5618 ἀναιρεῖς;
3401 5546 3456 5600 τί
3480 5547 3735 5601 τοσοῦτον

2056 5622 2374 5692 κερδαίνεις,
2402 5626 2523 5679 ὅσον
2540 5624 2758 5697 ζημιοῖς
2788 5629 2881 5684 καὶ
2906 5630 3007 5703 τὴν
3028 5632 3209 5706 ψυχήν
3238 5650 3355 5700 σου,
3372 5634 3471 5690 καὶ
3487 5633 3578 5689 τὸν
3606 5634 3732 5706 πλη,

2124 5779 2157 5858 ξ,
2177 5782 2289 5858 ξαν.
2313 5791 2367 5858 ει
2388 5786 2582 5858 quidam
2603 5784 2687 5837 alii
2708 5793 2927 5858 πήχεων,
2945 5788 3046 5845 δίε.

2128 5845 2152 5909 ῗ
2176 5844 2291 5909 $1,“!-
2312 5844 2593 5909 ἐπαγομένη.

2133 5906 2149 5943 τ
2176 5906 2271 5955 Alii
2299 5909 2375 5958 ἐπὶ
2395 5906 2481 5967 τὴν
2496 5910 2623 5959 ὁδὸν.

2128 5970 2153 6010 ⁸
2176 5968 2275 6020 Alii
2301 5972 2340 6019 ὢ
2362 5978 2443 6031 τῆς
2458 5971 2739 6041 παρανοίας.
