4070 6208
290 273 377 329 illi
1206 264 1297 320 AD
1334 260 1657 321 POPULIJM
1695 256 2182 316 ANTIOCHENUM
2245 257 2473 315 HOMIL.
2515 259 2655 317 XVI.

293 396 488 453 quzeso,
517 379 764 447 dubitas,
794 385 850 434 et
872 375 1107 431 animam
1132 373 1368 430 occidis?
1391 372 1517 443 quid
1547 380 1750 426 tantum
1780 369 1862 424 lu-

288 473 474 539 craris,
498 480 755 543 quantttnt
780 468 1015 523 animam
1038 475 1179 521 tuam
1201 473 1257 521 et
1282 464 1581 536 proximum
1604 461 1754 518 laedis
1771 461 1795 516 ἲ
1814 460 1869 517 Si

290 568 430 620 enim
456 564 633 620 credis
659 561 800 634 quod
828 575 989 615 verax
1028 559 1095 614 sit
1142 558 1304 613 homo
1323 598 1341 620 ,
1369 568 1435 611 ne
1461 554 1748 624 juramenti
1780 568 1874 608 ne-

289 660 594 715 cessitatem
623 655 891 719 adducas;
939 653 983 707 si
1028 664 1158 706 vero
1203 649 1341 703 nosti
1381 647 1522 719 quod
1563 648 1871 709 mentietur,

3463 268 3564 324 162

1972 370 2194 437 dixeris,
2219 386 2338 426 cum
2364 371 2526 425 multa
2549 371 2766 426 domum
2788 375 3089 429 securitatis
3114 375 3441 446 plenitudine
3466 396 3554 435 re-

1978 464 2137 519 dibis.
2169 463 2310 519 Audi
2338 479 2469 534 ergo
2497 464 2662 521 Deum
2693 464 2747 520 in
2777 464 3062 529 mandatis,
3087 476 3145 522 ttt
3167 469 3280 538 ipse
3306 471 3562 528 exaudiat

1981 567 2034 610 te
2062 556 2113 610 in
2140 556 2489 611 orationibus.
2513 556 2625 610 lloc
2650 557 2871 612 verbum
2891 556 2942 610 in
2964 559 3098 613 caelo
3121 561 3401 628 scribetur,
3425 572 3479 617 et
3503 564 3558 619 in

1976 648 2158 718 judicii
2181 648 2267 702 die
2298 648 2389 702 tibi
2417 649 2671 713 sistetur,
2724 659 2776 701 et
2820 648 2983 703 multa
3026 649 3280 705 dissolvet
3319 663 3560 722 peccata.

290 766 357 805 ne
398 748 644 821 peierare
686 761 865 817 cogas.
895 742 1000 800 Sed
1045 751 1102 798 ut
1126 741 1252 796 mihi
1310 740 1468 811 plena
1520 738 1652 794 ﬁdes
1701 737 1873 803 ﬁeret,

290 838 595 894 instandum
637 844 787 901 erat,
832 834 1004 904 iniptit
1043 849 1057 886 :
1099 830 1208 887 imo
1256 840 1384 886 tunc
1433 829 1526 885 tibi
1576 837 1689 884 rata
1746 827 1878 882 ﬁdes

292 930 406 999 ﬁet,
437 945 558 986 cum
584 928 768 999 jurare
810 942 939 981 eum.
986 940 1091 979 non
1135 922 1395 993 coegeris.
1428 920 1580 976 Nunc
1608 920 1749 975 enim
1781 918 1879 972 do-

291 1038 440 1076 mum
487 1033 796 1090 regressus,
822 1032 851 1069 a
881 1014 1205 1071 conscientia
1234 1011 1449 1067 assidue
1488 1009 1727 1075 roderis,
1763 1007 1881 1063 hmc

292 1107 879 1184 reputans:Numquid
922 1122 1027 1161 non
1073 1104 1268 1159 frustra
1300 1099 1578 1172 adjuravi?
1621 1097 1880 1169 numquid

291 1223 404 1262 non
434 1202 726 1275 pcjeravit?
754 1198 1008 1270 numquid
1049 1213 1153 1251 non
1191 1212 1291 1266 ego
1333 1195 1405 1249 fui
1446 1208 1605 1248 causa
1638 1190 1882 1261 peccati?

292 1298 353 1354 Si
395 1312 525 1352 vero
563 1310 669 1349 non
709 1290 1038 1362 adjuraveris
1061 1330 1077 1354 ,
1108 1287 1326 1341 domum
1355 1298 1633 1355 regressus
1661 1281 1881 1335 multam

292 1388 481 1459 capies
503 1384 948 1448 consolationem,
980 1395 1144 1452 agens
1176 1379 1282 1433 Deo
1309 1376 1541 1448 gratias,
1574 1383 1628 1430 et
1655 1374 1879 1429 dicens:

292 1478 619 1536 Benedictus
642 1476 804 1540 Deus,
827 1474 1074 1549 quoniam
1100 1485 1184 1524 me
1215 1471 1387 1537 ipsum
1416 1464 1675 1529 continui,
1709 1477 1882 1532 neque

295 1568 539 1641 adjuravi
572 1567 791 1628 frustra,
820 1578 920 1618 nec
948 1571 1171 1617 temere.
1201 1558 1525 1628 Deploretur
1544 1570 1752 1617 aurum,
1772 1568 1887 1622 per-

293 1672 428 1717 eant
456 1659 719 1731 pecuniae,
742 1666 802 1711 ut
830 1657 930 1709 hoc
958 1653 1110 1709 nobis
1133 1651 1365 1706 maxime
1392 1649 1605 1720 plenam
1635 1646 1793 1701 ﬁdem
1818 1645 1887 1699 fa-

294 1757 429 1817 ciat,
452 1753 625 1822 legem
658 1765 761 1803 non
790 1747 1135 1816 praeteriisse,
1158 1758 1259 1798 nec
1282 1742 1510 1798 alterum
1535 1740 1798 1812 coegisse,
1828 1747 1885 1793 ttt

297 1845 408 1899 huc
430 1843 648 1896 faceret.
670 1839 851 1910 Cogita
882 1847 1100 1908 propter
1120 1850 1240 1906 quae
1268 1849 1375 1888 non
1402 1832 1489 1903 adj
1499 1832 1688 1899 urasti,
1711 1840 1766 1887 et
1786 1830 1889 1886 hoc

298 1937 398 1991 tibi
424 1933 654 1988 sufﬁciet
682 1932 734 1986 in
764 1929 1096 1999 refrigerium
1128 1937 1183 1982 et
1210 1925 1656 1984 consolationem.
1677 1923 1889 1993 Saepius

298 2040 537 2096 namque
564 2036 735 2093 pugna
768 2020 998 2076 conflata
1024 2016 1406 2074 contumeliam
1434 2015 1696 2086 patientes
1722 2028 1890 2085 gene-

296 2133 428 2174 rose
451 2116 694 2179 ferimus,
724 2122 779 2168 et
804 2109 1187 2168 contumeliam
1211 2107 1458 2164 inferenti
1480 2105 1730 2168 dicimus,
1752 2103 1889 2172 Quid

298 2211 400 2266 tibi
423 2207 649 2264 faciam?
676 2207 768 2262 ille
798 2214 884 2260 me
913 2202 1145 2259 retinet‘
1175 2210 1432 2271 patronus
1453 2206 1609 2266 tuus;
1633 2198 1722 2252 ille
1744 2211 1891 2251 meas

298 2300 523 2355 cohibet
555 2312 763 2351 manus.
793 2294 863 2350 Et
891 2294 996 2350 hoc
1023 2293 1176 2347 nobis
1200 2290 1267 2345 ad
1289 2288 1714 2345 consolationem
1739 2286 1889 2341 sulti-

298 2394 400 2448 cit.
433 2390 509 2445 ita
540 2399 595 2445 tu
633 2403 845 2458 quoque
888 2400 1009 2440 cum
1057 2381 1363 2453 quempiam
1406 2378 1749 2449 adjuraturtts
1793 2390 1888 2440 es,

301 2484 537 2553 teipsum
564 2466 801 2545 contine,
831 2475 1075 2547 prohibe,
1108 2481 1163 2527 ct
1190 2470 1278 2526 dic
1301 2470 1548 2541 juraturo
1582 2484 1596 2522 :
1630 2465 1768 2533 Quid
1799 2465 1892 2519 tibi

303 2572 537 2627 faciam?
566 2570 706 2624 heus
733 2566 893 2635 jussit
920 2579 1025 2619 non
1053 2561 1322 2632 adjurare,
1357 2559 1446 2613 ille
1475 2571 1561 2612 me
1592 2570 1735 2610 nunc
1763 2570 1895 2609 con-

303 2667 466 2719 tinet.
502 2659 710 2717 Sufﬁcit
741 2660 841 2711 hoc
867 2666 920 2711 et
949 2656 1016 2709 ad
1048 2654 1306 2707 honorem
1338 2647 1661 2719 legislatoris
1686 2687 1701 2713 ,
1730 2654 1787 2701 et
1825 2644 1892 2699 ad

301 2754 652 2810 securitatem
684 2760 847 2811 tuam,
879 2758 932 2801 et
957 2745 1023 2799 ad
1049 2742 1282 2815 juraturi
1309 2741 1576 2796 timorem.
1597 2736 1730 2793 Cum
1752 2738 1894 2792 enim

304 2849 402 2902 ille
429 2845 623 2900 viderit
647 2841 786 2912 quod
831 2841 910 2895 sic
948 2838 1084 2892 alios
1113 2834 1362 2905 adjuvare
1390 2846 1693 2895 vereamur,
1726 2829 1896 2884 multo

305 2941 484 3009 magis
515 2938 628 3008 ipse
660 2934 814 2990 facile
838 2932 1019 3002 jurare
1049 2926 1379 2984 formidabit.
1433 2924 1489 2979 Si
1533 2923 1635 2978 hoc
1676 2921 1895 2977 verbum

304 3095 401 3219 pf;
427 3090 675 3204 siglml‘tet
706 3095 814 3139 Sav.
839 3086 970 3150 Apud
1004 3080 1198 3133 Montef.
1241 3092 1361 3131 vero
1383 3079 1592 3143 legitur,
1628 3074 1896 3141 vituperat,

402 3191 419 3215 ,
445 3168 471 3202 r
620 3184 634 3200 .

402 3191 419 3215 ,
445 3168 634 3204 retinet.

1980 738 2091 795 Nec
2117 739 2222 795 hoc
2247 748 2447 794 tantum
2477 739 2529 793 in
2564 739 2869 808 iuramento
2897 781 2911 802 ,
2942 755 3126 794 verum
3153 749 3208 796 et
3233 742 3285 797 in
3314 745 3565 800 onmibus

1984 832 2208 902 negotiis
2251 831 2545 900 cogitemus
2574 848 2588 884 :
2620 839 2676 886 et
2702 845 2822 885 cum
2859 830 3118 885 debemus
3147 831 3343 902 aliquid
3388 834 3567 889 facere

1983 920 2107 976 boni
2134 928 2354 991 propter
2381 921 2544 977 Deum
2565 962 2580 985 ,
2608 921 2748 991 quod
2771 936 2892 975 mox
2922 921 3120 991 aliquid
3146 922 3337 977 inferat
3360 923 3568 990 damni,

1985 1027 2091 1066 non
2123 1011 2295 1065 solum
2318 1026 2382 1065 ex
2412 1010 2624 1080 negotio
2649 1010 2903 1064 damnum
2932 1019 3256 1081 spectemus,
3286 1011 3379 1067 sed
3400 1012 3564 1067 etiam

1988 1102 2210 1165 lucrum,
2238 1101 2377 1171 quod
2399 1101 2670 1170 capiemus
2691 1109 2908 1170 propter
2928 1100 3093 1155 Deum
3112 1101 3378 1157 faciendo.
3408 1102 3566 1166 Puta,

1984 1191 2161 1246 affecit
2191 1201 2242 1247 te
2276 1191 2537 1261 quispiam
2566 1190 2927 1245 contumelia?
2978 1190 3058 1246 fer
3089 1207 3351 1261 generose
3379 1209 3394 1246 :
3422 1193 3568 1248 feres

1978 1291 2162 1336 autem
2192 1296 2469 1350 generose,
2498 1282 2542 1335 si
2570 1296 2676 1336 non
2702 1281 3080 1337 contumeliam
3102 1282 3421 1351 cogitaveris
3451 1292 3571 1339 tan-

1988 1381 2121 1438 tum,
2151 1372 2243 1428 sed
2262 1373 2420 1426 etiam
2450 1374 2588 1427 ferre
2602 1373 2839 1442 iubentis
2860 1371 3193 1443 dignitatem,
3215 1383 3270 1429 et
3289 1384 3571 1430 mansuete

1989 1462 2147 1518 feres.
2196 1463 2600 1534 Eleemosynam
2638 1462 2870 1518 dedisti?
2912 1480 2980 1518 ne
3029 1464 3323 1533 impensam
3369 1465 3572 1535 cogites

1992 1562 2192 1609 tantum
2216 1595 2232 1620 ,
2258 1569 2442 1610 verum
2472 1563 2524 1607 et
2549 1567 2863 1623 proventum
2890 1569 2959 1609 ex
2999 1554 3258 1624 impensa.
3290 1554 3573 1610 Mulctatus

1990 1660 2048 1701 es
2074 1637 2356 1716 pecuniis?
2383 1646 2578 1715 gratias
2601 1660 2717 1715 age,
2742 1660 2842 1701 nec
2862 1654 3063 1700 tantum
3087 1645 3310 1717 jactura:
3331 1646 3571 1701 dolorem

1992 1746 2235 1807 spectes,
2278 1752 2462 1791 verum
2489 1745 2542 1792 et
2571 1736 2773 1790 lucrum
2813 1752 2881 1793 ex
2921 1737 3206 1806 gratiarum
3237 1736 3468 1792 actione.
3516 1736 3574 1791 Si

1991 1827 2071 1882 sic
2100 1842 2197 1882 nos
2225 1841 2635 1896 componamus,
2684 1825 2887 1881 nullum
2933 1825 3284 1881 accidentium
3326 1840 3425 1879 nos
3446 1840 3570 1895 gra-

1994 1922 2136 1974 vium
2165 1919 2535 1985 contristabit,
2576 1916 2672 1972 sed
2697 1934 2763 1972 ex
2792 1917 2856 1972 iis
2897 1933 3018 1987 quat
3058 1917 3308 1973 videntur
3334 1932 3454 1973 esse
3485 1918 3583 1972 tri-

1994 2015 2093 2069 stia
2113 2055 2129 2077 ,
2157 2013 2482 2067 lucrabimur
2509 2030 2524 2066 :
2562 2021 2618 2067 et
2641 2011 2894 2066 damnum
2921 2011 3136 2077 divitiis,
3188 2011 3399 2066 tristitia
3426 2011 3581 2065 volu-

1995 2114 2139 2176 ptate
2164 2114 2217 2163 et
2243 2103 2635 2170 delectatione,
2686 2100 3007 2156 contumelia
3059 2100 3262 2158 honore
3289 2100 3578 2169 jucundior

1996 2198 2098 2253 erit
2124 2204 2177 2251 et
2206 2193 2607 2250 desiderabilior
2628 2233 2644 2260 ,
2687 2201 2742 2248 et
2767 2191 2947 2248 omnia
2975 2192 3245 2245 contraria
3283 2190 3336 2244 in
3368 2191 3575 2244 lucrum

1997 2288 2150 2344 nobis
2176 2286 2525 2356 provenient,
2557 2292 2612 2339 et
2654 2282 2741 2338 hic
2782 2282 2947 2336 multa
2996 2278 3235 2339 fruemur
3283 2278 3580 2350 tranquilli—

1998 2388 2107 2435 tate
2129 2419 2144 2443 ,
2175 2386 2228 2432 et
2258 2376 2365 2431 illic
2387 2389 2610 2439 regnum
2636 2373 2894 2429 caelorum
2930 2384 3281 2439 assequemur
3308 2386 3322 2421 :
3352 2382 3456 2436 quo
3485 2381 3586 2421 nos

1998 2484 2186 2524 omnes
2207 2467 2397 2536 dignos
2418 2464 2531 2520 ﬁeri
2562 2464 2578 2495 ⁸
2606 2463 2782 2527 detur,
2813 2460 2980 2531 gratia
2990 2464 3044 2511 ct
3060 2454 3350 2511 clementia
3369 2454 3587 2511 Domini

2001 2558 2168 2614 nostri
2195 2556 2322 2613 Jesu
2349 2554 2545 2611 Christi
2569 2594 2586 2621 ,
2617 2568 2712 2623 per
2744 2565 2903 2622 quem
2933 2559 3133 2606 etcum
3163 2562 3271 2617 quo
3300 2546 3444 2602 Patri
3472 2561 3576 2600 una

2000 2649 2119 2706 dum
2145 2657 2329 2703 sancto
2356 2646 2561 2716 Spiritu
2587 2642 2753 2714 gloria
2778 2684 2793 2708 ,
2824 2641 3106 2710 imperium
3130 2646 3188 2693 et
3211 2637 3385 2693 honor
3402 2676 3420 2704 ,
3442 2649 3586 2692 nunc

2002 2751 2056 2798 ct
2074 2755 2307 2813 semper,
2330 2747 2386 2795 et
2412 2738 2465 2793 in
2495 2736 2690 2792 szecula
2717 2733 3060 2790 saeculorum.
3089 2732 3279 2786 Amen.

2070 3012 2088 3043 ί
2124 3007 2267 3059 Savil.
2293 3013 2346 3067 et
2367 3005 2561 3067 quidam
2585 2999 2683 3067 alii,
2720 2998 2847 3061 quod
2883 3009 2973 3067 nos
2994 2991 3594 3067 obtinereiatlmterarqtne

2004 3049 2273 3123 oratione-ui
2294 3049 2539 3121 claudunt,
2566 3049 2771 3111 multum
2797 3060 2983 3107 variant
3006 3057 3055 3104 in
3068 3053 3317 3123 Codicibtts
3336 3065 3424 3123 pro
3446 3049 3594 3099 libra-

2005 3119 2190 3185 riorum
2214 3131 2368 3189 libito,
2393 3130 2478 3191 qui
2501 3119 2607 3176 haec
2628 3137 2719 3174 suo
2740 3123 2952 3184 quisque
2973 3128 3112 3167 more
3134 3119 3440 3165 concinnant.

302 3237 3594 3299 ____________________________________—————

306 3386 641 3432 .‘UNTIATA
682 3384 767 3427 ΔΙ)
808 3375 1200 3424 PBBFECTUM
1243 3376 1261 3409 ί
1305 3371 1768 3427 POPULATIONE,
1837 3371 1919 3413 ET
1978 3367 2257 3413 OMNIBUS
2303 3367 2386 3408 DE
2427 3363 2597 3408 FUGA
2666 3352 3237 3408 CONSULTANTIBUS,
3309 3350 3442 3394 CUM
3487 3348 3594 3391 IN-

396 3484 677 3531 TBASSET
718 3478 1096 3526 PREFECTUS
1140 3477 1207 3520 IN
1250 3472 1597 3518 ECCLESIAM
1640 3472 1722 3514 ET
1764 3468 2158 3513 CONSOLATUS
2202 3465 2484 3518 FUISSET,
2534 3461 2771 3506 ΗΔΒῘΤΔ
2805 3458 2919 3501 EST
2946 3453 3232 3498 PRESENS
3262 3449 3529 3494 HOMILIA
3566 3449 3582 3487 3

397 3588 482 3631 ET
521 3585 607 3628 DE
651 3579 929 3629 VITANDO
969 3573 1373 3631 JURLMENTO,
1406 3573 1489 3615 ET
1533 3571 1597 3614 ιη
1643 3570 1831 3612 ILLUD
1857 3567 2157 3611 APOSTOLI
2199 3564 2441 3609 DICTUM
2490 3565 2505 3603 Ζ
2543 3559 2780 3603 PAULUS
2812 3556 3078 3604 VINCTUS
3148 3552 3295 3595 JESU
3341 3545 3629 3593 αωιιετι·

401 3673 420 3747 (
467 3668 727 3734 Philem.
773 3681 797 3725 ι
824 3664 872 3733 l.

1754 3774 2173 3841 4mm

939 3965 1155 4008 BOIILIA
1196 3961 1307 4002 1V1.

398 4059 448 4114 ι.
488 4049 734 4110 Praefecti
760 4042 973 4118 quidem
1008 4036 1390 4113 providentiam
1412 4030 1639 4092 laudavi,
1664 4027 1909 4098 quoniam

319 4145 737 4206 tumultuantem
758 4134 1093 4206 conspicatus
1112 4129 1401 4191 civitatem,
1428 4134 1476 4177 et
1500 4135 1686 4177 omnes
1706 4120 1773 4172 de
1794 4118 1912 4187 fuga

319 4239 709 4299 deliberantes,
757 4228 1046 4299 ingressus,
1076 4237 1174 4277 vos
1215 4217 1519 4274 consolatus
1546 4221 1628 4267 est
1655 4219 1709 4266 et
1736 4211 1787 4263 in
1814 4209 1913 4263 ho-

321 4348 448 4387 nam
469 4341 625 4398 spem
645 4321 881 4384 adduxit;
911 4332 1008 4389 pro
1028 4314 1179 4368 vobis
1200 4319 1375 4367 autem
1397 4308 1588 4361 rubore
1608 4300 1916 4372 pudorcqttc

323 4391 553 4478 allectus
582 4431 724 4479 sum,
751 4408 891 4481 quod
912 4404 1194 4465 exterioris
1216 4408 1334 4471 post
1358 4396 1553 4452 multos
1578 4391 1917 4463 prolixosque

323 4524 610 4570 sermones
625 4507 741 4562 illos
756 4496 1135 4558 consolationis
1152 4489 1501 4563 indigueritis.
1520 4481 1707 4555 Optavi
1723 4492 1918 4536 terram

324 4606 460 4663 mihi
499 4600 780 4657 debiSCere
819 4605 875 4649 et
908 4585 1172 4658 immergi,
1214 4580 1425 4654 quando
1464 4579 1632 4648 ipsum
1660 4573 1807 4628 vobis
1836 4571 1919 4624 lu-

325 4706 587 4771 quentem
612 4689 911 4750 audiebam,
942 4693 995 4739 et
1018 4675 1444 4748 intempestivam
1474 4670 1614 4725 hanc
1639 4675 1694 4721 et
1722 4663 1923 4720 irratioo

328 4753 568 4843 nabilcm
618 4779 954 4837 timiditatem
1002 4770 1161 4826 modo
1201 4765 1586 4827 consolantem,
1621 4755 1778 4811 modo
1805 4753 1923 4809 cul-

331 4889 575 4950 pantem.
618 4872 735 4928 Non
776 4868 919 4927 enim
960 4880 1056 4920 vos
1094 4861 1162 4916 ab
1185 4860 1275 4915 illo
1301 4853 1482 4912 doceri
1507 4849 1802 4923 optinebat,
1831 4843 1925 4901 sed

332 4936 642 5023 inﬁdelibus
661 4974 756 5017 vos
785 4963 1138 5029 praeceptores
1184 4947 1432 5005 omnibus
1475 4942 1607 4999 ﬁeri.
1640 4940 1748 4995 Nec
1785 4936 1925 4992 enim

332 5060 479 5127 apud
509 5055 749 5112 inﬁdeles
772 5026 998 5123 iudicari
1026 5043 1223 5101 Paulus
1252 5037 1490 5127 permisit
1517 5035 1592 5107 (l.
1619 5034 1735 5088 Cor.
1766 5029 1822 5084 6.
1850 5026 1928 5127 ης

338 5118 403 5203 tu
441 5161 575 5204 vero
616 5152 737 5216 post
765 5118 966 5196 tantam
1002 5143 1209 5205 patrum
1239 5126 1653 5184 admonitionem
1694 5118 1930 5176 externis

339 5210 635 5309 indiguisti'
665 5228 1098 5305 praeceptoribus,
1145 5230 1202 5278 et
1246 5216 1446 5289 fugitivi
1504 5223 1559 5270 et
1603 5210 1931 5309 verberones

336 5298 561 5399 quidam
607 5298 792 5381 rursus
835 5298 1100 5377 civitatem
1146 5322 1342 5369 tantam
1382 5307 1765 5367 excitaverunt,
1796 5309 1849 5355 et
1876 5298 1932 5353 in

339 5390 523 5490 fugam
565 5415 926 5486 coniecerunt.
970 5407 1172 5478 Quibus
1213 5401 1381 5459 oculis
1422 5397 1649 5467 amplius
1692 5390 1935 5490 inﬁdeles

342 5481 721 5583 respiciemus,
763 5516 870 5560 tam
917 5498 1090 5573 pavidi
1134 5511 1259 5553 cum
1305 5494 1471 5549 simus
1514 5497 1569 5544 et
1589 5481 1932 5582 timidi?Qua

348 5571 533 5673 lingua
556 5571 715 5672 ipsos
747 5571 1098 5666 alloqu‘emur,
1137 5597 1191 5645 et
1234 5598 1333 5657 pro
1375 5577 1735 5654 ingruentibus
1781 5571 1934 5630 malis

425 5714 443 5745 ί
465 5711 610 5766 Savil.
637 5717 690 5763 et
709 5706 902 5776 quidam
926 5704 1024 5766 alii,
1050 5697 1284 5755 comitem.

2019 3931 2286 3989 conﬁdere
2315 3923 2768 3998 persuadebimus,
2798 3920 2941 3975 omni
2978 3920 3161 3987 lepore
3191 3917 3484 3972 timidiores
3510 3922 3610 3978 per

2020 4024 2157 4078 hanc
2201 4021 2319 4075 facti
2368 4017 2726 4072 anxietatem?
2769 4014 2837 4068 Et.
2877 4011 3001 4082 quid
3044 4010 3360 4071 faceremus,
3405 4008 3617 4079 inquit?

2026 4116 2278 4171 Homines
2304 4112 2444 4168 enim
2490 4124 2694 4166 sumus.
2737 4109 2805 4161 At
2837 4113 3051 4175 propter
3078 4103 3177 4156 hoc
3206 4101 3375 4171 ipsum
3404 4110 3615 4169 pertur-

2022 4208 2134 4263 hari
2166 4222 2269 4262 tt0u
2297 4211 2524 4273 oportet,
2548 4200 2671 4271 quia
2703 4198 2948 4253 homines
2972 4208 3174 4256 sumus,
3201 4202 3253 4247 ct
3290 4207 3394 4245 non
3431 4190 3607 4245 bruta.

2028 4301 2117 4354 Illa
2168 4295 2464 4367 fragoribus
2506 4302 2560 4347 et
2599 4290 2911 4346 stridoribus
2940 4285 3116 4339 omnia
3158 4291 3467 4338 terrentur:
3501 4296 3613 4334 non

2027 4389 2168 4445 enim
2194 4386 2389 4440 habent
2414 4384 2693 4442 rationem,
2721 4395 2839 4449 qua:
2871 4378 3113 4432 timorem
3135 4364 3394 4442 repellere
3422 4369 3611 4441 possit;

2029 4488 2085 4533 tu
2133 4492 2260 4531 vero
2305 4475 2512 4529 ratione
2558 4481 2614 4527 et
2654 4468 2879 4525 consilio
2923 4466 3224 4527 decoratus,
3263 4461 3531 4534 quomodo
3560 4461 3616 4514 in

2029 4569 2238 4624 illorum
2260 4565 2535 4635 segnitiem
2551 4561 2721 4617 cadis?
2742 4560 3015 4631 Ingressus
3035 4566 3116 4611 est
3132 4555 3364 4626 quidam,
3385 4551 3623 4606 militum

2034 4660 2388 4716 incursionem
2417 4653 2706 4710 nuntiavit?
2733 4667 2801 4707 ne
2831 4650 3079 4713 turberis,
3106 4647 3200 4703 sed
3232 4646 3404 4715 ipsum
3428 4641 3615 4695 dimit-

2037 4764 2173 4817 tens,
2200 4765 2368 4820 genua
2388 4747 2562 4812 ﬂecte,
2584 4744 2866 4799 Dominum
2892 4749 3037 4795 tuum
3061 4752 3210 4807 roga,
3232 4748 3385 4806 geme
3413 4743 3617 4795 amare,

2034 4853 2089 4898 et
2113 4819 2485 4895 adversitatem
2531 4834 2771 4905 repellet.
2823 4830 2902 4886 Tu
2945 4827 3158 4900 quidem
3188 4822 3364 4878 audita
3395 4819 3629 4875 militum

2040 4931 2342 4988 incursione
2384 4944 2490 4983 non
2534 4940 2682 4991 vera,
2708 4921 2957 4994 prmsenti
2986 4918 3091 4971 vita
3113 4911 3376 4982 abrumpti
3405 4907 3620 4980 pericli-

2038 5034 2179 5082 tatus
2221 5039 2314 5091 es;
2362 5023 2549 5077 beatus
2589 5033 2715 5072 vero
2740 5015 2842 5072 Job
2885 5013 2972 5068 ille
2995 5008 3263 5066 continuis
3289 5003 3627 5060 venientibus

2037 5119 2257 5183 nuntiis,
2303 5127 2351 5171 et
2374 5114 2554 5186 gravia
2583 5106 2964 5167 nuntiantibus,
2994 5111 3049 5158 et
3072 5097 3441 5170 adjicientibus
3483 5096 3631 5151 into-

2043 5208 2317 5266 lerabilem
2366 5205 2597 5260 ﬁliorum
2642 5198 2988 5270 perditionem
3013 5234 3029 5258 ,
3079 5205 3185 5245 non
3230 5188 3467 5260 ejulavit,
3522 5200 3635 5241 non

2041 5300 2263 5375 gemuit,
2310 5296 2405 5353 sed
2446 5295 2514 5350 ad
2557 5292 2852 5348 orationem
2878 5298 3171 5341 conversus
3195 5288 3297 5347 est,
3323 5287 3378 5335 et
3402 5276 3636 5334 Domino

2039 5368 2236 5465 gratias
2263 5386 2473 5459 agebat.
2505 5384 2655 5439 llunc
2679 5389 2734 5436 et
2761 5389 2816 5434 tu
2839 5377 3084 5442 imitare;
3107 5388 3230 5429 cum
3250 5372 3468 5428 veniens
3485 5368 3636 5440 quis-

2043 5461 2183 5556 piam
2230 5475 2551 5535 nuntiaverit
2593 5473 2789 5528 milites
2835 5469 3024 5525 urbem
3071 5461 3489 5522 circumdedisse
3520 5500 3534 5523 ,
3573 5466 3633 5513 et

2043 5553 2182 5631 bona
2206 5572 2508 5641 direpturos
2535 5582 2674 5633 esse,
2719 5563 2786 5619 ad
2811 5561 3095 5618 Dominum
3125 5568 3271 5614 tuum
3295 5553 3542 5627 confuge,
3577 5558 3641 5603 et

2043 5667 2129 5723 dic
2158 5681 2175 5719 :
2208 5638 2455 5721 Dentium
2498 5657 2655 5727 dedit,
2704 5654 2951 5712 Dominus
3002 5649 3226 5716 abstulit,
3253 5648 3383 5703 sicut
3409 5638 3635 5698 limine
