4070 6208
485 267 588 325 165

475 380 791 452 placuit,ita
817 381 1004 450 factum
1031 385 1144 429 est:
1173 374 1238 428 sit
1279 389 1457 427 nomen
1505 370 1715 426 Domini
1753 359 2066 424 benedictum

475 472 532 522 in
554 473 742 528 saecula
773 471 893 539 (Job
926 470 973 524 l.
1001 467 1118 535 ﬁl).
1147 465 1300 520 lllum
1328 481 1436 520 non
1463 464 1652 517 terruit
1679 461 1940 516 malorum
1967 475 2063 514 ex-

478 568 757 638 perientia,
779 575 828 618 te
847 577 976 616 vero
1003 560 1148 614 solus
1175 567 1337 612 terret
1379 555 1627 610 auditus?
1657 555 1896 622 Quanam
1923 552 2069 623 digni

477 666 643 714 simus
672 656 1044 717 mstunatiunc,
1075 652 1185 720 qui,
1217 653 1376 704 etiam
1399 659 1583 702 contra
1613 656 1838 700 mortem
1862 645 2070 698 auden-

479 763 560 804 ter
603 750 678 802 ire
722 749 877 815 jussi,
907 761 936 796 a
966 743 1097 797 falso
1144 757 1358 794 rumore
1384 739 1519 794 adeo
1551 736 1927 806 percellimur?
1967 734 2068 802 Qui

477 842 738 903 turbatur,
759 848 810 892 et
829 838 1072 891 timorem
1091 835 1177 904 qui
1197 849 1302 887 non
1320 843 1401 887 est
1425 831 1624 900 colligit
1639 839 1692 883 et
1715 827 2069 898 perturbatio-

479 950 599 986 nem
649 949 752 985 non
790 939 1130 999 apparentem
1161 945 1174 980 :
1207 927 1296 995 qui
1337 941 1463 980 vero
1491 934 1574 978 est
1599 925 1778 976 animo
1801 922 1984 976 sedato
2013 929 2070 975 et

479 1027 788 1094 tranquillo,
815 1025 974 1078 etiam
994 1037 1114 1076 eum
1137 1020 1228 1090 qui
1255 1029 1334 1073 est
1349 1017 1610 1072 dissolvit.
1631 1015 1744 1069 Non
1760 1016 1908 1068 vides
1935 1029 2069 1066 nau-

475 1120 669 1176 clerus,
694 1127 754 1170 ιιι
784 1114 1077 1168 insani-nte
1121 1111 1273 1174 mari,
1305 1109 1532 1163 nubibus
1561 1105 2066 1169 transcurrentihus,

479 1209 786 1263 fulminibus
815 1208 979 1268 elisis,
1009 1203 1257 1257 omnibus
1288 1203 1337 1254 in
1370 1201 1574 1269 navigio
1609 1197 2067 1260 tumultuantibw,

479 1302 544 1354 ad
571 1298 928 1370 gubernacula
957 1297 1145 1350 sedent
1178 1295 1276 1363 ipst
1306 1294 1422 1346 sine
1451 1291 1798 1359 trepidatione
1825 1299 1878 1342 ct
1906 1297 2067 1352 metu,

481 1405 536 1448 et
562 1394 659 1444 arti
703 1407 812 1444 sua:
841 1399 1046 1451 vacant,
1097 1397 1152 1440 ut
1181 1386 1547 1440 inminentem
1581 1382 1868 1450 procellunt
1898 1381 2070 1449 repel-

483 1484 628 1539 lant?
683 1485 786 1537 llos
813 1492 864 1535 et
899 1491 948 1534 tu
978 1481 1204 1543 imitare,
1239 1491 1292 1532 et
1318 1492 1524 1531 sacram
1553 1475 1768 1544 capiens
1797 1487 2068 1538 ancoram,

481 1579 535 1631 in
563 1577 726 1630 Deum
753 1590 922 1643 spem,
961 1572 1307 1625 inconcussus
1331 1583 1584 1638 permane
1613 1577 1666 1620 ct
1705 1563 2068 1620 immutabilis.

487 1670 799 1737 Quicumque
847 1664 988 1716 audit
1037 1676 1288 1715 sermones
1345 1674 1480 1714 meos
1530 1657 1641 1724 hos,
1685 1656 1874 1726 inquit,
1908 1665 2076 1709 etnon

491 1761 612 1830 facit
657 1761 814 1829 ipsos,
863 1754 1222 1812 assimilnbitur
1266 1753 1457 1807 homini
1499 1752 1673 1814 stulto,
1696 1751 1780 1816 qui
1805 1746 2076 1816 uadi/ienuit

483 1853 692 1908 domum
717 1867 858 1904 suam
901 1865 1052 1916 super
1077 1862 1301 1905 arenam,
1333 1853 1380 1897 et
1404 1841 1654 1896 descendit
1681 1841 1869 1910 pluvia,
1902 1847 1950 1891 et
1991 1853 2076 1890 re-

487 1955 666 1999 nernnt
695 1943 929 2014 ﬂumina,
978 1947 1022 1994 et
1064 1941 1312 2008 [laverunt
1335 1935 1486 1999 venti,
1519 1943 1564 1987 et
1605 1934 1857 1986 irruerunt
1898 1931 1951 1983 in
1978 1930 2076 1982 do-

485 2053 624 2090 mum
669 2035 832 2098 illam,
889 2043 935 2086 et
983 2031 1182 2093 cecidit,
1231 2037 1276 2082 et
1323 2037 1430 2082 erat
1473 2027 1620 2079 ruina
1665 2025 1837 2094 ipsius
1892 2038 2077 2092 magna

487 2125 703 2196 (Matth.
733 2125 785 2176 7.
813 2122 902 2177 26.
935 2119 1049 2192 27).
1088 2118 1244 2173 Vides
1273 2116 1414 2188 quod
1445 2114 1680 2170 stultitia:
1707 2121 1790 2168 est
1809 2112 2001 2167 cadere
2023 2119 2080 2165 et

489 2213 762 2270 subverti?
811 2213 920 2266 lmo
943 2226 1068 2265 veru
1115 2223 1212 2262 nos
1241 2221 1412 2278 neque
1439 2206 1600 2260 stulto
1627 2204 1702 2258 illi
1731 2203 1930 2257 similes
1955 2200 2080 2256 facti

487 2323 695 2374 sumus,
715 2321 899 2361 verum
924 2313 977 2359 et
1001 2304 1092 2358 illo
1113 2301 1358 2356 miserius
1380 2299 1699 2355 cecidimus:
1719 2297 1862 2351 illius
1887 2308 2080 2364 nempe

487 2403 682 2457 domus
713 2407 830 2469 post
859 2397 1098 2462 ﬂumina,
1130 2402 1248 2465 post
1267 2393 1499 2448 delatum
1541 2391 1788 2455 imbrem,
1819 2395 1942 2459 pest
1965 2387 2083 2441 illa-

494 2507 617 2562 psos
643 2500 830 2544 ventos
868 2488 1086 2551 cecidit;
1131 2501 1226 2539 nos
1269 2499 1396 2538 vero
1423 2497 1526 2537 non
1555 2481 1750 2551 pluviis
1783 2478 2078 2550 ingruenti-

493 2584 613 2649 bus,
641 2597 748 2635 non
766 2579 1068 2634 ﬂuminibus
1095 2573 1529 2644 irrumpentibus,
1554 2587 1659 2626 non
1683 2571 1854 2627 ventis
1873 2571 2082 2624 irruen-

493 2675 655 2738 tibus,
705 2681 827 2725 ante
874 2670 1132 2722 malorum
1177 2666 1578 2735 experientiam,
1628 2679 1692 2718 ex
1738 2663 1920 2718 auditu
1964 2663 2081 2719 solo

492 2765 733 2822 subversi
793 2777 1012 2824 sumus,
1077 2768 1133 2814 et
1174 2758 1349 2812 omnia
1402 2771 1520 2827 quae
1577 2753 2082 2825 philosOphabamur

493 2857 794 2914 cmidimus.
835 2854 1054 2922 Qualem
1099 2851 1227 2906 mihi
1269 2861 1500 2906 mentem
1545 2849 1738 2919 putatis
1763 2862 1903 2902 nunc
1927 2847 2082 2902 esse?

495 2949 764 3021 quomodo
795 2947 996 3016 pudore
1026 2945 1300 3022 sulfundi‘l
1327 2943 1592 3015 quomodo
1639 2941 1903 3014 deprimi?
1945 2955 2080 3011 quo-

499 3041 658 3096 modo
683 3039 1039 3095 erubescere?
1064 3038 1171 3092 Nisi
1197 3037 1357 3090 multa
1387 3052 1415 3090 a
1445 3036 1682 3106 patribus
1702 3037 1752 3088 vi
1778 3033 2084 3103 compulsus

498 3131 737 3197 fuissem,
787 3145 960 3198 neque
1001 3129 1371 3190 surrexissent,
1401 3140 1572 3198 neque
1594 3127 1842 3196 loquutus
1868 3125 2084 3181 fuissem

499 3225 683 3279 dolore
725 3223 1102 3277 obtenebratus
1141 3237 1208 3275 ex
1261 3221 1692 3291 pusillanimitate
1732 3231 1942 3284 vestra,
1987 3217 2084 3274 sed

499 3329 671 3383 neque
715 3329 854 3368 nunc
899 3313 951 3366 in
979 3312 1238 3380 meipsum
1265 3311 1438 3365 redire
1465 3326 1677 3380 possum
1706 3329 1718 3364 :
1748 3310 1824 3364 sic
1850 3310 2085 3364 animum

499 3410 630 3466 milu
658 3407 943 3474 indignatio
971 3409 1026 3455 et
1072 3400 1280 3454 tristitia
1324 3397 1552 3454 obsidet.
1599 3397 1728 3464 Quis
1776 3396 1918 3451 enim
1962 3410 2074 3451 non

499 3516 640 3572 aegre
666 3499 844 3558 ferret,
868 3493 986 3562 quis
1009 3507 1114 3545 non
1130 3497 1494 3554 suecenserct,
1515 3487 1725 3556 quando
1741 3495 1861 3557 post
1881 3494 2080 3540 tantam

501 3593 791 3650 doctrinam
839 3585 1122 3659 gentilibus
1172 3597 1305 3652 opus
1340 3579 1597 3634 habuistis
1626 3579 1957 3642 doctoribus,
1989 3577 2079 3648 qui

502 3690 841 3742 hortarentur
882 3689 935 3734 et
996 3683 1305 3740 monerent,
1352 3683 1410 3727 ut
1455 3681 1770 3739 praesentem
1819 3684 2080 3740 generose

499 3783 744 3838 timorem
793 3778 1034 3834 ferretis?
1063 3777 1222 3833 Orate
1261 3778 1418 3848 igitur
1445 3777 1558 3833 dari
1604 3778 1754 3832 nobis
1782 3777 2002 3832 verbum
2027 3777 2098 3842 in.

496 3872 772 3944 apertione
797 3870 906 3924 oris
935 3869 1122 3933 nostri,
1150 3877 1205 3921 ut
1226 3869 1360 3922 hanc
1387 3869 1651 3921 tristitiam
1677 3877 1924 3923 excutere
1961 3884 2083 3938 pos-

499 3965 687 4029 simus,
731 3970 784 4016 et
811 3961 1022 4030 paulum
1049 3969 1278 4014 mentem
1302 3960 1555 4014 excitare.
1578 3959 1784 4013 Etenim
1815 3959 1988 4030 pudor
2016 3960 2084 4016 de

498 4051 930 4126 pusillanimitate
949 4059 1117 4105 vestra
1149 4051 1384 4104 animum
1409 4049 1562 4104 valde
1593 4059 1831 4104 nostrum
1867 4051 2078 4122 dejecit.

567 4147 623 4200 2.
665 4145 827 4201 Multa
885 4160 1055 4214 nuper
1107 4143 1174 4198 ad
1200 4142 1516 4198 charitatem
1551 4153 1786 4198 vestram
1833 4143 2084 4213 loquutus

498 4251 638 4302 sum,
667 4237 800 4292 etde
825 4237 1029 4306 laqueis
1055 4234 1208 4290 nobis
1233 4233 1466 4303 undique
1498 4233 1701 4302 positis,
1730 4241 1782 4287 et
1805 4233 1871 4286 de
1893 4234 2085 4287 timore

498 4338 552 4384 ct
579 4330 807 4392 tristitia,
845 4329 986 4384 etde
1011 4329 1153 4382 luctu
1181 4337 1232 4382 et
1259 4327 1544 4395 voluptate,
1577 4335 1632 4381 et
1659 4326 1728 4380 de
1759 4325 1892 4381 falce
1919 4327 1970 4380 in
1995 4327 2084 4396 juo

500 4422 730 4478 rantium
771 4421 960 4474 domos
1000 4421 1248 4484 volante;
1295 4435 1360 4473 ex
1393 4419 1456 4472 iis
1502 4419 1660 4489 igitur
1685 4419 1931 4473 omnibus
1956 4433 2086 4474 sane

499 4512 701 4573 nmltis,
721 4511 810 4564 illa
827 4509 953 4564 mihi
973 4513 1200 4564 maxime
1232 4511 1630 4565 reminiscimiui
1650 4525 1770 4581 quae
1785 4509 1851 4564 de
1872 4510 2085 4566 volante

500 4603 636 4658 falce
664 4603 802 4656 dicta
847 4613 970 4657 sunt
1007 4601 1189 4671 (Zaclt.
1221 4603 1273 4658 5.
1309 4603 1379 4674 l),
1423 4604 1473 4657 in
1495 4603 1724 4672 jurantis
1755 4602 1972 4656 domum
2000 4602 2085 4657 di-

498 4703 759 4760 vertente,
793 4695 994 4764 lapides
1035 4705 1090 4750 et
1131 4696 1269 4766 ligna
1314 4697 1622 4763 subruente,
1670 4705 1723 4750 et
1749 4696 1924 4750 omnia
1952 4711 2084 4750 con-

499 4797 764 4844 sumente.
797 4787 866 4843 Et
905 4803 1024 4842 cum
1053 4787 1154 4842 hoc
1186 4787 1311 4842 illud
1349 4803 1559 4858 quoque
1594 4787 1895 4853 observate,
1944 4787 2087 4856 quod

498 4892 753 4938 extrema:
772 4881 1057 4937 dementia:
1077 4881 1507 4954 sitEvangelium
1521 4888 1792 4936 sumentes
1811 4884 2013 4950 jurare,
2033 4887 2088 4934 et

499 4977 668 5048 legem
683 4975 863 5046 jurare
893 4973 1260 5043 prohibentem
1291 4973 1647 5042 juramentum
1681 4973 1829 5027 ﬁeri:
1861 4983 1916 5028 et
1947 4970 2088 5044 quod

497 5071 690 5123 melius
731 5069 800 5123 sit
851 5067 1088 5136 pecuniis
1128 5067 1407 5134 mulctari,
1449 5083 1605 5138 quam
1643 5069 1900 5138 proximis
1937 5068 2087 5138 jura-

499 5169 738 5214 mentum
788 5157 1022 5215 oﬂ‘erre:
1058 5161 1305 5230 quoniam
1346 5161 1448 5215 hoc
1479 5170 1561 5215 est
1604 5176 1708 5216 non
1743 5161 1983 5217 modicus
2033 5163 2088 5217 in

505 5251 667 5302 Deum
686 5251 875 5304 honor.
929 5251 1061 5306 Cum
1116 5253 1256 5306 enim
1311 5252 1420 5308 Deo
1467 5253 1702 5320 dixeris,
1757 5255 1984 5325 Propter
2037 5265 2089 5311 te

501 5357 606 5394 non
638 5342 876 5410 adjuravi
905 5342 1086 5411 illum,
1135 5346 1222 5415 qui
1269 5355 1384 5400 erat
1434 5343 1634 5399 furatus
1679 5356 1733 5400 et
1775 5347 1910 5402 male
1951 5348 2090 5403 fece-

504 5443 622 5489 rat:
655 5449 750 5503 pro
792 5433 894 5488 hoc
933 5437 1134 5493 honore
1165 5455 1408 5508 magnam
1441 5440 1535 5493 tibi
1563 5439 1744 5495 reddet
1769 5442 1989 5510 gratiam
2034 5449 2090 5498 et

503 5527 554 5579 in
585 5525 834 5595 prmsenti
867 5535 1103 5595 tempore
1132 5538 1184 5583 et
1213 5531 1264 5583 in
1294 5529 1487 5585 futuro.
1518 5531 1641 5585 Haec
1671 5539 1723 5584 et
1751 5531 1873 5585 aliis
1907 5531 2086 5598 dicite,

503 5627 550 5670 et
586 5616 682 5688 ipsi
708 5615 1007 5672 observate.
1037 5617 1161 5672 Scio
1188 5619 1326 5688 quod
1357 5619 1441 5674 hic
1465 5622 1856 5676 revereatiores
1879 5635 2084 5688 smnus,

501 5715 558 5762 ct
584 5722 797 5764 onmem
822 5707 1115 5780 improbam
1136 5707 1453 5779 deponimus
1491 5713 1960 5780 consuetudinem;
1991 5714 2085 5770 sed

1194 259 1254 316 s.
1292 256 1572 316 JOANNIS
1605 244 2077 314 cnnvs‘osrout
2117 257 2436 315 meumr.
2487 259 3017 329 cousrturtuop.

3655 277 3756 334 164

2179 381 2323 449 quod
2352 382 2633 450 qumritur,
2681 384 2786 439 hoc
2811 395 2914 450 est,
2953 399 3060 438 non
3087 395 3147 440 ut
3172 385 3260 440 hic
3285 391 3493 441 tantum
3519 389 3756 456 philoso-

2179 473 2431 540 phentur,
2456 476 2550 529 sed
2582 485 2640 530 ut
2665 479 2922 546 pietatem
2951 478 3078 532 hinc
3108 479 3382 548 capientes
3402 491 3549 535 extra
3577 457 3760 538 serve:

2177 580 2318 629 mus,
2345 565 2436 618 ubi
2465 567 2696 621 maxime
2717 568 2886 637 ipsius
2915 569 3235 640 indigemus.
3265 570 3474 626 Etenim
3491 585 3755 643 aquantes

2177 669 2286 707 non
2311 663 2521 710 tantum
2541 659 2678 727 apud
2698 659 2900 714 fontem
2926 661 3266 715 habentvasa
3292 665 3511 732 repleta,
3530 667 3752 723 domum

2177 754 2358 799 autem
2380 747 2644 804 abeuntes
2665 760 2959 812 evacuant;
2986 755 3079 806 sed
3101 753 3208 807 illic
3236 755 3350 824 ipsa
3375 759 3602 812 maxime
3629 775 3758 814 cum

2179 836 2385 890 cautela
2407 851 2698 908 reponunt,
2721 859 2790 896 ne
2809 841 3194 897 subvertantur
3210 856 3259 898 et
3281 847 3432 899 labor
3448 849 3537 902 fiat
3555 849 3754 906 inanis:

2179 925 2278 980 hos
2290 929 2452 983 etiam
2467 947 2565 984 nos
2577 932 3252 1005 imitemur,accurateque,
3268 939 3484 993 domum
3501 943 3756 1010 profecti,

2179 1017 2319 1073 dicta
2346 1037 2641 1076 servemus.
2661 1023 2815 1089 Quod
2837 1025 2881 1079 si
2911 1026 3001 1080 hic
3029 1029 3290 1082 maneatis
3311 1032 3508 1095 satiati,
3531 1033 3756 1087 domum

2178 1125 2308 1164 vero
2327 1113 2556 1167 redeatis
2581 1115 2789 1179 inanes,
2813 1132 2936 1170 vasa
2961 1119 3157 1172 mentis
3175 1129 3368 1174 vestrae
3384 1122 3756 1176 admonitione

2177 1213 2339 1250 vacua
2387 1200 2695 1262 referentes,
2739 1199 2879 1254 nulla
2926 1202 3074 1255 vobis
3101 1217 3164 1256 ex
3197 1202 3296 1256 hac
3333 1203 3629 1272 repletioue
3658 1205 3762 1256 erit

2177 1289 2392 1342 utilitas.
2435 1289 2512 1343 Ne
2553 1290 2682 1343 mihi
2725 1291 2778 1344 in
2825 1293 3068 1361 palmstra
3113 1293 3447 1350 demonstres
3476 1295 3756 1358 athletam,

2177 1379 2272 1433 sed
2322 1379 2374 1432 in
2417 1381 2840 1437 certamineme
2885 1385 3012 1438 mihi
3044 1386 3352 1454 religionem
3398 1387 3764 1440 instructioiiis

2179 1479 2434 1542 tempore,
2496 1472 2590 1527 sed
2649 1474 2871 1528 actionis
2890 1474 3169 1530 exhibeas.
3199 1477 3403 1531 Laudas
3453 1493 3592 1531 nunc
3639 1492 3766 1546 qua:

2179 1563 2455 1617 dicuntur:
2479 1563 2843 1632 eumjuratum
2864 1565 3092 1627 veneris,
3115 1567 3349 1619 omnium
3376 1565 3604 1635 ipsorum
3635 1577 3766 1620 tunc

2179 1654 2482 1709 recordare.
2513 1653 2568 1709 Si
2597 1654 2735 1708 hanc
2763 1653 2930 1724 legem
2961 1657 3321 1724 echdierilis,
3345 1658 3408 1712 ad
3431 1659 3531 1712 alia
3551 1673 3767 1728 quoque

2181 1747 2381 1816 majora
2421 1747 2752 1816 disciplinam
2799 1749 3143 1816 promnvebo.
3194 1749 3329 1803 Ecce
3376 1749 3636 1804 secundus
3677 1749 3770 1804 hic

2181 1854 2351 1894 annus
2376 1847 2477 1906 est,
2511 1855 2576 1892 ex
2593 1855 2696 1909 quo
2723 1847 2915 1894 vestrae
2939 1839 3398 1894 disserocharitati
3415 1844 3564 1908 ἴσχει
3592 1854 3772 1909 neque

2179 1941 2393 1986 centum
2443 1931 2835 2002 Scripturarum
2885 1947 3070 1987 versus
3107 1933 3255 1988 vobis
3303 1949 3552 1988 enarrare
3591 1934 3766 2003 potui.

2181 2023 2353 2076 Causa
2399 2038 2547 2088 vero,
2578 2025 2826 2093 quoniam
2871 2039 2903 2079 a
2947 2025 3098 2080 nobis
3127 2025 3335 2080 discere
3373 2041 3504 2094 opus
3535 2025 3769 2088 habetis,

2181 2132 2300 2186 qua:
2342 2115 2486 2170 domi
2531 2125 2586 2172 et
2631 2131 2726 2186 per
2771 2132 2862 2171 vos
2909 2117 3123 2186 explere
3161 2117 3402 2187 potestis,
3433 2127 3486 2172 et
3508 2117 3774 2171 orationis

2181 2207 2354 2276 major
2399 2221 2521 2277 pars
2563 2209 2716 2263 nobis
2762 2208 2814 2263 in
2847 2208 3076 2263 murales
3121 2208 3447 2279 impenditur
3469 2223 3770 2262 sermones.

2185 2299 2311 2354 Haec
2333 2315 2463 2355 vero
2489 2301 2567 2357 sic
2595 2301 2706 2356 ﬁeri
2737 2317 2842 2356 non
2863 2301 3162 2371 oportebat,
3192 2302 3286 2356 sed
3313 2315 3520 2355 morum
3548 2299 3768 2370 quidem

2183 2405 2310 2446 cura
2331 2407 2363 2446 a
2387 2393 2539 2448 vobis
2573 2393 2701 2463 ipsis
2740 2393 3008 2464 gerenda;
3039 2393 3400 2462 Sripturarum
3428 2407 3554 2448 vero
3577 2405 3774 2448 sensus

2182 2495 2237 2540 et
2276 2485 2664 2555 spcculationes
2702 2486 2852 2541 nobis
2893 2485 3263 2556 permittendae
3303 2493 3476 2540 erant.
3507 2485 3561 2540 Si
3585 2495 3772 2539 autem

2183 2587 2238 2632 et
2262 2592 2291 2630 τι
2318 2577 2470 2633 nobis
2497 2577 2680 2633 audire
2706 2587 2821 2632 erat
2845 2593 2997 2647 opus,
3021 2593 3126 2632 uno
3157 2579 3273 2648 plus
3293 2578 3380 2633 die
3401 2592 3504 2632 non
3522 2576 3775 2632 decebat.

2185 2667 2295 2725 Nec
2333 2669 2476 2726 enim
2515 2671 2720 2724 varium
2745 2670 3015 2741 quiddam,
3043 2679 3096 2724 et
3121 2671 3335 2725 inventu
3360 2668 3592 2733 difficile,
3624 2667 3776 2736 quod

2183 2760 2378 2815 dicitur
2420 2772 2520 2828 est,
2563 2776 2662 2817 nec
2701 2763 2858 2816 ullius
2899 2761 3140 2832 indigens
3183 2759 3602 2830 prmparationis.
3633 2757 3776 2812 Cum

2185 2852 2328 2906 enim
2356 2852 2497 2908 Deus
2515 2852 2923 2917 denuntiaverit,
2947 2853 3363 2923 argutationibus
3383 2867 3487 2906 non
3511 2860 3593 2906 est
3611 2863 3772 2919 opus.

2187 2943 2327 2998 Deus
2370 2945 2520 3011 dixit,
2565 2943 2648 2998 Ne
2678 2945 3103 3015 juravert's:noli
3145 2959 3332 2998 causas
3361 2942 3587 3012 amplius
3623 2955 3652 2994 a
3683 2955 3778 2996 me

2187 3039 2480 3108 requirere.
2526 3037 2638 3094 Lex
2677 3049 2760 3094 est
2789 3039 2932 3110 regia
2965 3055 2979 3092 :
3009 3038 3098 3108 qui
3145 3038 3264 3092 tulit
3303 3037 3492 3105 ipsam,
3524 3043 3578 3088 et
3605 3033 3778 3103 ipsius

2187 3131 2447 3186 rationem
2493 3131 2638 3184 novit
2667 3148 2680 3183 :
2709 3129 2809 3184 nisi
2858 3129 3043 3184 fuisset
3071 3129 3219 3194 utile,
3250 3142 3354 3181 non
3390 3124 3776 3195 prohibuisset,

2188 3237 2294 3276 non
2323 3231 2573 3277 vetasset.
2610 3221 2782 3292 Reges
2824 3221 3000 3276 ferunt
3045 3221 3208 3290 leges,
3251 3233 3349 3273 nec
3393 3231 3584 3272 omnes
3629 3231 3780 3284 saepe

2187 3315 2386 3368 utiliter
2410 3333 2421 3368 :
2447 3315 2688 3370 homines
2717 3314 2858 3370 enim
2879 3322 3022 3380 sunt,
3047 3327 3145 3367 nec
3165 3313 3302 3366 sicut
3329 3311 3468 3366 Deus
3493 3308 3622 3362 utile
3651 3321 3782 3376 pos-

2187 3415 2313 3460 sunt
2349 3407 2617 3472 invenire;
2670 3415 3034 3462 verumtamen
3085 3417 3332 3474 paremus
3367 3420 3380 3456 :
3417 3401 3530 3455 sive
3575 3411 3782 3453 uxores

2189 3495 2462 3566 ducamus,
2489 3502 2602 3555 sive
2627 3507 2940 3554 testamenta
2963 3498 3234 3563 faciamus,
3257 3496 3368 3550 sive
3388 3507 3572 3548 servos
3591 3504 3782 3546 emere

2188 3589 2498 3658 debeamus,
2542 3594 2653 3647 sive
2695 3591 2904 3658 domos,
2937 3591 3047 3645 sive
3089 3603 3274 3660 agros,
3329 3588 3440 3641 sive
3494 3583 3782 3656 quodlibet

2189 3700 2332 3756 aliud
2371 3699 2540 3752 facere
2561 3737 2576 3762 ,
2605 3711 2709 3748 non
2742 3708 2810 3749 ex
2839 3691 3052 3760 propria
3083 3688 3304 3741 faciams
3327 3685 3442 3740 haec
3468 3684 3726 3738 sententia
3745 3723 3768 3749 ,

2187 3794 2284 3847 sed
2313 3787 2808 3860 quomoducumque
2831 3781 3086 3852 jusserint
3111 3779 3217 3842 illi;
3254 3794 3352 3832 nec
3377 3787 3432 3830 ut
3458 3792 3544 3830 res
3571 3781 3776 3830 nostra

2192 3897 2288 3953 pro
2329 3879 2590 3935 sententia
2637 3884 2816 3930 nostra
2872 3873 3253 3941 disponantur,
3307 3869 3519 3938 penitus
3565 3865 3772 3920 domini

2189 3987 2405 4038 sumus,
2425 3971 2519 4026 sed
2541 3971 2749 4024 illorum
2786 3965 2979 4034 ubique
3003 3962 3280 4018 sententiis
3307 3961 3566 4015 servimus
3585 4000 3600 4025 ,
3628 3967 3684 4013 et
3721 3957 3776 4013 si

2186 4057 2312 4144 quid
2344 4077 2699 4141 praeterquam
2727 4064 2868 4134 quod
2897 4064 3000 4118 illis
3039 4061 3246 4117 videtur
3285 4059 3524 4126 facimus,
3577 4055 3776 4110 invali-

2187 4163 2313 4218 dum
2363 4169 2418 4214 et
2461 4159 2646 4214 inutile
2687 4156 2944 4211 redditur.
2987 4153 3170 4224 Itaque
3225 4151 3500 4205 hominum
3555 4147 3776 4219 quidem

2189 4253 2390 4324 legibus
2431 4261 2634 4304 tantum
2665 4247 3000 4302 attribuimus
3031 4245 3320 4309 honorem;
3357 4243 3448 4297 Dei
3475 4257 3601 4297 vero
3627 4240 3778 4310 leges

2189 4345 2283 4411 ita,
2315 4357 2516 4414 qureso,
2545 4337 3010 4396 conculcabimus?
3047 4345 3101 4391 et
3135 4335 3276 4406 quali
3319 4335 3431 4388 lucc
3474 4334 3630 4402 digna
3673 4331 3778 4386 de-

2189 4437 2460 4492 fensione?
2503 4433 2642 4504 quali
2688 4431 2879 4486 venia?
2925 4429 3083 4496 Dixit,
3118 4427 3201 4482 Ne
3219 4427 3472 4499 juraveris
3498 4441 3515 4478 :
3545 4440 3610 4478 ne
3637 4439 3778 4478 con-

2193 4529 2407 4582 trariam
2437 4527 2602 4595 ipsius
2645 4524 2748 4596 legi
2787 4524 2957 4594 legem
3005 4537 3098 4592 per
3140 4535 3302 4590 opera
3343 4518 3503 4584 feras,
3551 4526 3608 4572 ut
3651 4531 3778 4572 cum

2191 4619 2478 4676 securitate
2503 4627 2692 4672 cuncta
2718 4615 2881 4670 facias
2905 4623 2958 4669 et
2978 4614 3143 4670 dicas.

2263 4714 2317 4768 5.
2358 4710 2462 4767 Sed
2487 4709 2554 4766 de
2596 4710 2678 4764 his
2700 4709 2914 4780 quidem
2936 4708 3099 4772 satis;
3141 4721 3236 4776 age
3263 4705 3329 4760 de
3356 4705 3441 4770 iis,
3469 4719 3588 4773 qua:
3617 4702 3780 4758 hodie

2189 4804 2327 4859 lecta
2369 4810 2528 4868 sunt,
2569 4817 2672 4856 una
2712 4801 2863 4856 vobis
2891 4799 3131 4870 apposita
3159 4799 3444 4864 sententia,
3473 4811 3778 4852 sermonem

2194 4897 2564 4952 terminemus.
2615 4893 2813 4948 Paulus
2859 4895 3050 4947 uinctus
3082 4889 3206 4946 Iesu
3249 4891 3457 4957 Christi,
3501 4890 3690 4959 inquit,
3731 4899 3780 4942 et

2190 4988 2482 5044 Timotheus
2497 4991 2654 5058 frater
2673 4984 2947 5058 (Philem.l
2959 4984 2999 5053 ).
3021 4982 3291 5052 Magniﬁca
3309 4981 3456 5037 Pauli
3469 4981 3776 5050 appellatio,

2193 5095 2300 5136 non
2329 5078 2656 5149 principatus
2678 5087 2732 5131 et
2757 5075 2976 5130 honoris
3001 5089 3216 5138 nomen,
3247 5073 3341 5127 sed
3373 5073 3578 5126 vincula
3607 5081 3660 5124 et
3684 5086 3778 5124 ra-

2195 5181 2332 5229 tente
2375 5191 2389 5227 :
2436 5187 2559 5226 vere
2603 5171 2913 5239 magniﬁca;
2971 5166 3180 5222 tametsi
3229 5164 3560 5236 splendidum
3608 5164 3778 5232 ipsum

2193 5265 2354 5320 multa
2396 5263 2497 5318 alia
2537 5261 2754 5327 faciunt,
2787 5261 2840 5314 in
2867 5259 3055 5315 caelum
3083 5259 3195 5328 rapi
3227 5259 3462 5322 tertium,
3489 5257 3540 5309 in
3565 5253 3778 5325 paradi—

2193 5373 2310 5414 sum
2340 5357 2555 5423 deferri,
2603 5357 2765 5412 verba
2811 5353 2995 5409 audire
3023 5351 3337 5417 ineffabilia;
3388 5361 3560 5404 tamen
3589 5349 3782 5403 horum

2193 5451 2322 5506 nihil
2363 5450 2557 5520 posuit,
2607 5449 2701 5505 sed
2745 5464 2841 5518 pro
2885 5447 3132 5502 omnibus
3175 5457 3415 5500 catenam
3443 5461 3456 5498 :
3481 5444 3598 5498 lucc
3637 5442 3782 5496 enim

2192 5543 2362 5613 magis
2387 5558 2544 5613 quam
2585 5543 2676 5597 illa
2702 5543 2964 5597 illustrem
2989 5541 3160 5611 ipsum
3185 5537 3439 5594 reddebat
3464 5547 3519 5593 et
3541 5534 3780 5608 splendi-

2257 5723 2333 5782 (α)
2369 5731 2529 5775 Annus
2551 5725 2629 5776 hic
2655 5731 2759 5776 erat
2776 5723 3020 5776 secundus
3035 5723 3389 5786 t‘vrtcdicationis
3411 5719 3748 5783 Chrysostomi.
