4070 6208
115 304 216 361 163

123 419 362 475 Ἐκεῖνον
392 417 493 472 οὐκ
522 418 789 490 ἐφόϐησεν
826 420 860 488 ἠ
888 418 1055 491 πεῖρα
1086 420 1194 473 τῶν
1223 421 1586 492 πραγμάτων,
1614 422 1675 475 at
1690 421 1786 474 καὶ

109 508 139 575 ή
152 501 445 581 ἁκοῂμὸνη
461 501 621 554 πτοεῖ
637 516 652 565 ;
668 506 776 559 Καὶ
788 506 929 570 τίνος
940 506 1008 559 ἂν
1017 504 1101 577 εἴη
1111 523 1210 577 μεν
1244 506 1385 571 ἄξιοι
1415 508 1574 575 λόγου
1585 547 1597 571 ,
1612 508 1661 559 οἱ
1692 507 1785 560 καί⁹

112 594 340 648 θανάτου
379 595 724 665 κατατολμᾷν
760 593 1158 657 κελευσθέντες,
1186 596 1280 648 καὶ
1305 594 1410 647 ὑπὸ
1442 596 1628 665 φήμης
1651 595 1786 665 ψευ-

112 682 224 745 δοῦς
250 678 403 734 οὕτω
421 678 775 750 πτοούμινοι;
802 683 861 735 '0
884 681 1278 752 θορυϐούμενος
1299 683 1393 736 καὶ
1419 684 1508 736 τὸν
1527 684 1628 736 οὐκ
1660 682 1788 735 ὄντα

110 769 276 839 φόϐον
307 771 594 840 συνίστησι
622 771 713 823 καὶ
738 769 982 841 ταραχὴν
1004 770 1103 838 τὴν
1128 771 1202 842 μὴ
1237 772 1569 842 φαινομένην
1597 783 1647 811 ιο
1674 774 1702 825 6
1730 771 1789 825 δὲ

108 861 160 910 ἐν
181 856 526 910 καταστάσει
560 858 655 910 καὶ
682 856 889 928 γαλήνη
937 857 1116 928 ψυχῆς
1160 857 1235 909 ὢν
1269 859 1362 911 καὶ
1389 859 1480 911 τὸν
1512 859 1640 911 ὄντα
1680 858 1787 911 δια-

107 946 241 1003 λύει.
277 947 391 1016 Οὐχ
414 949 547 1018 ὁρᾷς
569 948 693 1011 τοὺς
727 948 1082 1018 κυϐερνήτας.
1107 949 1187 1001 ὃτι
1214 934 1313 1019 τῆς
1344 948 1619 1018 θαλάσσης
1661 964 1787 1019 μαι-

107 1034 364 1106 νομένης.
403 1035 581 1104 νεφῶν
632 1035 1031 1105 συντρεχόντων
1061 1035 1112 1095 ι’,
1144 1035 1381 1106 βροντῶν
1410 1038 1789 1108 καταρρηγνυ-

115 1122 315 1191 μένων,
366 1123 583 1175 πάντων
611 1121 719 1174 τῶν
751 1123 846 1174 ἐπὶ
873 1122 966 1175 τοῦ
998 1121 1185 1175 πλοίου
1236 1121 1668 1193 θορυϐουμένων,
1697 1122 1789 1174 ἐπὶ

112 1208 208 1260 τῶν
234 1209 448 1262 οἰάκων
473 1209 630 1261 αὐτοί
661 1209 949 1278 κάθηνται,
975 1210 1146 1280 χωρίς
1177 1208 1407 1279 θορύϐου
1433 1210 1524 1261 καὶ
1550 1209 1789 1279 ταραχῆς

112 1295 368 1367 τῇτέχνῃ
401 1298 466 1367 τῇ
502 1296 708 1349 ἑαυτῶν
740 1296 1114 1367 προσέχοντες,
1150 1298 1244 1349 καὶ
1265 1295 1614 1358 σκοποῦντες,
1640 1297 1787 1358 ὅπως

120 1383 196 1459 τὸν
225 1382 458 1435 ἐπιόντα
505 1382 932 1453 διακρούσωνται
993 1383 1271 1454 χειμῶνα;
1326 1382 1561 1446 Τούτους
1596 1382 1786 1436 καὶσὺ

124 1469 381 1539 μίμησαι,
432 1470 526 1523 καὶ
553 1473 652 1540 τῆς
685 1471 835 1541 ίερᾶς
867 1471 1113 1541 ἀγκύρας
1140 1470 1550 1541 ἐπιλαϐόμενος,
1580 1472 1680 1539 τῆς
1709 1471 1789 1532 είς

118 1557 194 1609 τὸν
218 1556 359 1608 Θεὸν
386 1556 616 1620 ἐλπίδος,
644 1558 893 1621 ἄσειστος
923 1558 1050 1628 μένε
1085 1560 1178 1612 καὶ
1213 1558 1635 1629 ἀπερίτρεπτος.
1662 1554 1790 1621 Πᾶς

118 1646 283 1710 ὅστις
304 1646 516 1700 ἀκούει
530 1663 651 1715 μου
680 1648 822 1713 τοὺς
839 1649 1062 1719 λόγους
1093 1650 1362 1715 τούτούς,
1398 1647 1551 1718 φησί,
1597 1647 1694 1700 καὶ
1717 1649 1788 1701 οὐ

120 1732 269 1786 ποιεῖ
289 1733 537 1799 αὐτοὺς,
573 1735 999 1803 ὁμοιωθήσεται
1030 1735 1202 1803 ἀνδρὶ
1224 1734 1420 1805 μωρῷ,
1453 1735 1621 1801 ὅστις
1645 1736 1790 1802 ᾠκο-

122 1819 382 1888 δόμησεν
443 1821 642 1875 αὐτοῦ
697 1821 812 1891 τὴν
857 1823 1056 1877 οὶκίαν
1106 1822 1205 1877 ἐπὶ
1261 1824 1375 1891 τὴν
1414 1822 1640 1891 ἅμμον,
1691 1822 1790 1876 καί

119 1907 328 1975 κατέϐη
363 1908 746 1977 ἠβροχὴ,καί
764 1906 955 1980 ἦλθον
979 1913 1035 1964 οἱ
1062 1909 1331 1979 ποταμοὶ,
1350 1911 1448 1963 καὶ
1483 1910 1791 1963 ἔπνευσαν

124 1998 170 2047 οί
196 1995 429 2065 ἄνεμοι,
480 1995 578 2049 καί
608 1997 1034 2066 πωσέρῤηεαν
1084 1995 1161 2066 τῇ
1203 1999 1363 2065 οἰκίᾳ
1414 1998 1641 2065 ἐκείνῃ,
1692 1996 1791 2050 καί

115 2082 431 2147 κατέπεσε,
456 2084 553 2138 καὶ
577 2079 659 2155 ἦν
683 2086 722 2154 ἠ
747 2084 973 2152 πτῶσις
1007 2084 1198 2154 αὐτῆς
1226 2083 1477 2154 μεγάλη.
1519 2084 1677 2155 Ὁρᾷς
1710 2085 1791 2137 ὅτι

118 2168 295 2232 ἀνοίας
330 2170 452 2223 ἐστὶ
472 2170 535 2224 τὸ
549 2171 1017 2241 προκαταπίπτειν
1038 2172 1134 2225 καὶ
1169 2170 1591 2244 περιτρέπεσθαι
1609 2187 1625 2237 ;
1648 2169 1794 2224 Μᾶλ-

119 2254 204 2310 λον
228 2256 289 2310 δὲ
313 2258 489 2327 ἡμεῖς
539 2258 661 2312 οὐδὲ
698 2259 839 2312 κατὰ
865 2259 957 2312 τὸν
1009 2258 1190 2330 μωρὸν
1220 2260 1427 2313 ἐκεῖνον
1472 2256 1788 2328 ἐγενόμεθα,

121 2342 248 2399 ἀλλὰ
272 2344 375 2397 καὶ
402 2344 611 2399 ἐκείνου
636 2344 965 2417 ἀθλιώτερον
997 2346 1393 2418 κατεπέσομεν.
1421 2344 1663 2399 Ἐκείνου
1694 2345 1791 2416 μὲν

127 2430 222 2501 γὰρ
242 2433 276 2502 ή
305 2431 464 2486 οἰκία
497 2433 635 2502 μετά
665 2434 964 2504 ποταμοὺς,
1031 2434 1167 2505 μετά
1195 2434 1255 2487 τὸ
1285 2431 1673 2503 κατενεχθῆναι
1701 2432 1792 2485 τὸν

130 2516 290 2583 ύετὸν,
358 2519 508 2590 μετά
556 2519 619 2572 τὸ
664 2523 997 2592 προσπεσεῖν
1027 2523 1154 2586 τοὺς
1189 2521 1423 2592 ἀνέμους
1470 2520 1789 2573 κατέπεσεν⁴

133 2604 276 2672 ἡμεῖς
308 2606 373 2659 δὲ
399 2606 503 2658 οὐκ
524 2607 742 2678 ἀνέμων
770 2606 1115 2678 ἐνεχθέντων,
1152 2607 1214 2661 οὐ
1253 2607 1514 2679 ποταμῶν
1552 2622 1794 2678 προσρη-

137 2688 350 2765 ξάντων,
372 2694 440 2747 οὐ
473 2695 801 2765 πνευμάτων
846 2694 1283 2766 προσϐαλόντων,
1337 2695 1444 2766 πρὸ
1468 2693 1570 2764 τῆς
1598 2693 1793 2765 πείρας

135 2784 227 2838 τιῖιν
263 2786 462 2841 δεινῶν
506 2786 616 2841 ἀπὸ
644 2787 743 2858 τῆς
771 2787 945 2858 ἀκοῆς
972 2787 1140 2858 μόνης
1178 2784 1647 2857 περιετράπημεν,
1700 2784 1795 2839 καὶ

136 2875 315 2940 πάντα,
349 2877 501 2948 ἅπερ
536 2875 983 2948 ἐφιλοσοφοῦμεν,
1046 2876 1359 2948 ἐξεχέαμεν.
1407 2877 1573 2931 Ποίαν
1619 2875 1795 2929 οἴεσθέ

140 2978 214 3029 μοι
234 2961 395 3035 [162]
424 2963 522 3034 τὴν
548 2963 784 3017 διάνοιαν
814 2959 955 3019 εἶναι
995 2963 1124 3033 νῦν;
1182 2964 1299 3029 πῶς
1331 2962 1792 3034 ἐγκαλύπτεσθαις

137 3049 236 3112 πῶς
264 3049 670 3117 καταδύεσθαι;
727 3052 845 3116 πῶς
892 3051 1185 3124 ἐρυθριᾷνς
1218 3053 1281 3104 Εἰ
1321 3052 1393 3124 μὴ
1418 3051 1616 3124 πολλὴν
1646 3052 1798 3123 παρά

134 3135 227 3187 τῶν
257 3138 524 3209 πατέρων
550 3139 791 3210 ὑπέστην
838 3140 1084 3210 ἀνάγκην
1105 3179 1119 3202 ,
1150 3139 1259 3192 οὐδ’
1311 3139 1376 3192 ἂν
1400 3140 1648 3211 ἀνέστην,
1687 3139 1796 3193 οὐδ’

134 3222 501 3297 ἃνδιελέχθην
537 3227 642 3279 ὑπὸ
671 3227 771 3295 τῆς
817 3226 1055 3297 ἀθυμίας
1109 3226 1400 3291 σκοτωθεὶς
1450 3228 1545 3298 τῆς
1600 3228 1691 3281 ἐπὶ
1731 3230 1797 3300 τῇ

128 3312 470 3383 μικροψυχία
502 3316 567 3384 τῇ
614 3313 875 3387 ὑμετέρᾳ.⁵
908 3314 1024 3368 ἀλλ’
1058 3314 1180 3367 οὐδὲ
1239 3313 1334 3368 νῦν
1376 3314 1669 3386 δεδύνημαι
1721 3318 1798 3380 εἰς

125 3398 364 3467 ἐμαυτὸν
398 3400 733 3456 ἐπανελθεῖν
763 3402 906 3455 οὕτω
931 3419 1018 3474 μοι
1035 3403 1202 3474 θυμὸς
1233 3403 1328 3456 καὶ
1352 3401 1558 3473 ἀθυμία
1586 3404 1799 3475 πολιορο

126 3488 211 3537 κεῖ
246 3486 351 3557 τὴν
385 3487 586 3558 ψυχήν.
616 3489 712 3551 Τίς
745 3490 852 3562 γὰρ
877 3490 976 3543 οὐκ
1020 3491 1086 3544 ἂν
1120 3492 1542 3558 ἀγανακτήσειε,
1596 3491 1678 3553 τίς
1702 3492 1802 3543 οὐκ

127 3571 190 3623 ἀν
220 3572 635 3644 δυσχεράνειεν,
664 3576 790 3629 ὅταν
819 3576 959 3648 μετὰ
983 3577 1249 3648 τοσαύτην
1285 3575 1647 3642 διδασκαλίαν,
1692 3576 1803 3630 Ἑλ⁴

126 3656 301 3728 λήνων
324 3660 527 3731 δέησθε
548 3661 882 3717 διδασκάλων
916 3666 997 3728 εἰς
1027 3664 1087 3717 τὸ
1125 3663 1538 3736 παρακληθῆναι
1565 3664 1658 3716 καὶ
1686 3680 1804 3717 πει-

130 3746 322 3816 σθῆναι
350 3749 621 3815 γενναίως
657 3751 901 3819 ἐνεγκεῖν
944 3752 1036 3807 τὸν
1066 3752 1308 3823 παρόντα
1336 3751 1531 3819 φόϐον;
1562 3749 1804 3816 Εὕξασθε

131 3837 304 3891 τοίνυν
325 3837 552 3908 δοθῆναι
576 3840 733 3908 λόγον
758 3842 888 3911 ἡμῖν
910 3843 967 3893 ἐν
990 3840 1189 3908 ἀνοίξει
1210 3840 1304 3893 τοῦ
1332 3840 1599 3911 στόματος
1628 3842 1660 3911 ή
1669 3840 1803 3912 μῶν,

131 3921 429 3996 δυνηθῆναί
451 3943 512 3979 τε
537 3928 634 3998 τὴν
680 3927 916 3999 ἀθυμίαν
953 3930 1099 4000 ἡμᾶς
1133 3926 1563 3994 ἀποτινάξασθαι
1598 3927 1803 4000 ταύτην

133 4015 224 4067 καὶ
254 4016 459 4088 μικρὸν
481 4017 796 4091 ἀναστῆναι.
831 4023 938 4074 Καὶ
966 4020 1074 4091 γὰρ
1100 4019 1305 4091 σφόδρα
1332 4019 1627 4073 κατέϐαλεν
1653 4018 1809 4090 ἡμῶν

130 4102 227 4172 τὴν
243 4104 435 4176 ψυχὴν
463 4107 497 4176 ἠ
520 4106 660 4179 ὑπὲρ
692 4108 790 4179 τῆς
825 4108 1094 4180 ὑμετέρας
1129 4106 1491 4178 μικροψυχίας
1518 4108 1769 4177 αἰσχύνη.

202 4191 272 4260 β’.
306 4191 494 4247 Πολλά
524 4193 714 4266 πρώην
728 4195 1005 4267 διελέχθην
1022 4195 1156 4266 πρὸς
1172 4195 1268 4266 τὴν
1284 4194 1557 4265 ὑμετέραν
1584 4193 1806 4265 ἀγάπην

134 4278 230 4330 καὶ
258 4280 395 4349 περὶ
428 4281 674 4348 παγίδων
703 4281 811 4335 τῶν
838 4283 1173 4353 πανταχόθεν
1211 4283 1344 4352 ημῖν
1387 4280 1677 4352 κειμένων,
1718 4280 1812 4333 καὶ

137 4366 268 4438 περὶ
299 4367 474 4436 φόϐου
506 4368 604 4422 καὶ⁵
628 4367 884 4440 ἀθυμίας,
916 4371 1010 4424 καὶ
1038 4371 1166 4441 περὶ
1193 4367 1423 4433 πένθους
1456 4370 1551 4422 καὶ
1593 4368 1807 4441 ἡδονῆς,

135 4455 232 4508 καὶ
262 4458 399 4528 περὶ
428 4456 528 4527 τῆς
560 4457 836 4529 δρεπάνης
866 4458 965 4530 τῆς
993 4457 1084 4510 ἐπὶ
1116 4457 1215 4520 τὰς
1237 4456 1413 4520 οἰκίας
1450 4456 1558 4510 τῶν
1587 4455 1814 4527 ὀμνυόν-

131 4557 244 4598 των
300 4544 631 4617 ταττομένης
664 4545 772 4597 ἀπὸ
813 4545 923 4596 τῶν
968 4544 1175 4599 πολλῶν
1221 4544 1287 4614 δὴ
1341 4542 1576 4616 μάλιστα
1612 4543 1815 4597 τούτων

131 4631 400 4685 ἀπάντων
428 4632 614 4685 ἐκεῖνα
646 4631 1149 4704 διαμνημονεύσατέ
1186 4649 1277 4702 μοι
1313 4631 1384 4684 τά
1414 4630 1543 4701 περὶ
1578 4631 1676 4701 τῆς
1697 4629 1817 4702 δρε-

134 4720 321 4789 πάνης
351 4720 625 4791 εἰρημένα
653 4721 752 4791 τῆς
783 4720 1107 4792 πετομένης,
1150 4720 1244 4773 καὶ
1282 4721 1361 4784 είς
1396 4719 1495 4791 τὴν
1526 4718 1699 4772 οἰκίαν
1722 4716 1816 4770 τοῦ

129 4806 440 4876 ὀμνύοντος
483 4807 881 4879 καταλυούσης,
917 4809 1011 4861 καί
1057 4808 1183 4872 τοὺς
1233 4805 1413 4871 λίθους
1447 4806 1542 4859 καὶ
1580 4804 1648 4858 τὰ
1685 4804 1818 4869 ξύλα

132 4895 642 4966 κατασκαπτούσης
672 4898 765 4950 καὶ
797 4895 1122 4966 δαπανώσης
1152 4895 1386 4949 ἅπαντα.
1406 4895 1515 4947 Καὶ
1549 4893 1685 4964 μετά
1703 4891 1823 4947 τού-

131 4996 227 5035 του
253 4984 491 5037 κάκεῖνο
518 4983 813 5053 φυλάττετε
832 5024 849 5049 ,
881 4986 963 5038 ὅτι
994 4984 1094 5052 τῆς
1128 4983 1363 5053 ἐσχάτης
1406 4980 1590 5045 ἀνοίας
1637 4982 1783 5034 ἐστὶν
1803 5020 1818 5045 ,

135 5066 485 5139 εὐαγγέλιον
501 5070 880 5142 λαμϐάνοντας
903 5071 1152 5142 ὀμνύναι,
1172 5071 1266 5124 καὶ
1292 5070 1382 5123 τὸν
1414 5069 1576 5141 νόμον
1604 5069 1696 5121 τὸν
1714 5087 1823 5122 κωο

136 5156 340 5210 λύοντα
369 5158 624 5228 ὀμνύναι,
656 5159 846 5213 τοῦτον
874 5161 1035 5231 ὅρκον
1063 5158 1352 5212 ποιεῖσθαι’
1378 5158 1474 5212 καὶ
1506 5157 1587 5210 ὅτι
1616 5156 1823 5227 βέλτιον

134 5242 483 5315 ζημιοῦσθαι
517 5247 797 5319 χρήματα,
830 5247 863 5319 ἢ
897 5251 1011 5312 τοῖς
1040 5245 1267 5317 πλησίον
1300 5247 1463 5318 ὅρκον
1487 5246 1785 5314 ἐπαγαγεῖν
1807 5260 1822 5276 ⁸

1101 305 1194 360 AD
1230 305 1561 364 POPULUM
1598 304 2097 363 ANTIOCHENUM
2136 296 2370 399 ηρΜιι..
2413 306 2556 363 XVI.

3453 303 3560 361 1θὸ

1896 422 2149 493 ἀμοιϐήν.
2174 420 2358 475 Ταῦτα
2381 421 2476 474 καὶ
2499 418 2634 492 πρὸς
2666 416 2884 489 ἐτέρους
2915 416 3121 485 λέγετε,
3152 416 3244 471 καὶ
3268 416 3421 471 αὐτοὶ
3441 417 3552 471 διαο

1897 508 2212 578 φυλάττετε.
2251 504 2382 561 Οἶδα
2402 509 2483 561 ὃτι
2504 504 2738 560 ἐνταῦθα
2755 502 3045 556 εὐλαϐέστε
3054 520 3132 573 ροι
3160 503 3441 574 γινόμεθα,
3461 504 3551 558 καὶ

1896 598 2074 649 πᾶσαν
2104 594 2343 666 πονηράν
2370 593 2659 664 συνήθειαν
2692 588 3076 659 ἀποτιθέμεθα·
3113 590 3247 644 ἀλλὰ
3269 591 3330 642 τὸ
3356 590 3554 660 ζητού-

1899 700 2055 753 μενον
2082 682 2239 735 τοῦτό
2266 684 2431 747 ἐστιν,
2462 682 2552 734 ἵνα
2577 681 2650 749 μὴ
2692 677 2926 732 ἐνταῦθα
2961 676 3336 745 φιλοσοφῶμεν
3376 679 3554 748 μόνον,

1896 771 2010 824 ἀλλ’
2041 770 2128 822 ἴνα
2156 769 2250 821 καὶ
2275 768 2379 833 ἔξω
2408 767 2505 837 τὴν
2539 765 2823 819 εὐλάϐειαν
2853 764 3055 834 ταύτην
3087 764 3342 827 λαϐόντες
3389 765 3557 819 ἀπέλ-

1896 857 2246 928 θωμεν,ὂπου
2280 855 2509 925 μάλιστα
2536 854 2706 922 αὐτῆς
2725 851 2975 921 δεόμεθα.
2995 851 3104 904 Καὶ
3135 851 3242 924 γὰρ
3272 854 3320 905 οἰ
3345 851 3557 924 ὑδρευόι

1902 962 2051 1015 μενοι
2079 945 2139 997 οὐ
2169 944 2315 1014 παρὰ
2369 943 2467 1013 τήν
2495 944 2700 1014 κρήνην
2739 943 2897 1012 μόνον
2939 943 3121 1014 έχουσι
3157 939 3558 1012 πεπληρωμένα

1900 1032 1967 1085 τά
1996 1034 2215 1100 ἀγγεῖα,
2244 1030 2380 1084 οἴκοι
2407 1030 2462 1083 δὲ
2494 1029 2818 1092 ἀπελθόντες
2848 1029 3115 1085 κενοῦσιν.
3154 1029 3267 1082 ἀλλ’
3299 1030 3414 1081 ἐκεῖ
3455 1029 3560 1098 μά-

1893 1120 2049 1173 λιστα
2078 1118 2216 1173 αύτά
2242 1118 2378 1189 μετά
2414 1118 2712 1186 ἀσφαλείας
2737 1117 3100 1178 ἀποτίθενται,
3129 1115 3268 1168 ὥστε
3300 1115 3372 1185 μὴ
3403 1132 3561 1185 περι-

1896 1206 2169 1279 τραπῆναι
2226 1206 2318 1259 καὶ
2364 1206 2589 1275 μάταιον
2639 1204 2889 1273 γενέσθαι
2948 1204 3039 1256 τὸν
3093 1204 3277 1257 πόνον.
3326 1203 3562 1266 Τούτους

1900 1297 1994 1349 καὶ
2026 1298 2185 1366 ἡμεῖς
2225 1293 2614 1365 μιμησώμεθα,
2662 1294 2757 1347 καὶ
2800 1295 2939 1346 οἴκοι
2982 1293 3261 1363 γενόμενοι
3305 1293 3561 1363 τηρῶμεν

1899 1382 2036 1454 μετὰ
2064 1382 2347 1453 ἀκριϐείας
2379 1380 2447 1434 τὰ
2472 1381 2757 1453 εἰρημένα·
2790 1382 2864 1445 ὡς
2899 1382 2993 1435 ἐὰν
3039 1381 3268 1436 ἐνταῦθα
3318 1383 3416 1451 μὲν
3460 1376 3559 1451 ἦτε

1897 1470 2336 1541 πεπληρωμένοι.
2372 1468 2507 1521 οἴκοι
2529 1469 2584 1520 δὲ
2616 1470 2932 1540 ἀναχωρῆτε
2957 1470 3121 1527 κενοὶ,
3152 1468 3220 1521 τὰ
3241 1469 3437 1536 ἀγγεῖα
3458 1467 3560 1537 τῆς

1894 1558 2128 1620 διανοίας
2146 1557 2301 1627 ὑμῶν
2329 1556 2424 1626 έρη
2435 1574 2508 1625 μα
2523 1556 2621 1625 τῆς
2650 1558 2967 1628 ἀκροάσεως
2992 1556 3221 1631 ἔχοντες,
3239 1555 3389 1609 οὐδὲν
3407 1555 3561 1608 ἔσται

1897 1648 1959 1699 ἐκ
1986 1646 2080 1715 τῆς
2105 1644 2335 1696 ἐνταῦθα
2364 1642 2696 1714 πληρώσεως
2730 1644 2857 1711 ὑμῖν
2890 1642 3099 1711 ὄφελος.
3136 1642 3224 1712 Μή
3260 1659 3348 1711 μοι
3380 1640 3561 1712 δείξῃς

1896 1733 1952 1785 ἐν
1977 1735 2041 1802 τῇ
2076 1731 2383 1802 παλαίστρᾳ
2403 1729 2493 1782 τόν
2518 1727 2774 1799 ἀθλητὴν,
2807 1728 2919 1781 ἀλλ’
2946 1731 3002 1781 ὲν
3032 1727 3110 1799 τῷ
3146 1728 3447 1797 σκάμματι’
3484 1727 3561 1799 μή

1899 1837 1987 1890 μοι
2017 1818 2115 1890 τὴν
2143 1818 2427 1871 εὐλάϐειαν
2458 1816 2597 1871 κατά
2627 1816 2718 1869 τὸν
2739 1815 2928 1886 καιρὸν
2947 1816 3041 1886 τῆς
3069 1815 3407 1888 ἀκροάσεως,
3425 1811 3564 1869 ἀλλὰ

1896 1906 2037 1960 κατά
2083 1907 2172 1959 τὸν
2222 1906 2410 1978 καιρὸν
2441 1904 2538 1973 τῆς
2590 1904 2862 1976 πράξεως.
2891 1902 3164 1968 Ἐπαινεῖς
3188 1904 3255 1957 τὰ
3292 1903 3561 1973 λεγόμενα

1896 1992 2009 2046 νῦνο
2046 1995 2173 2047 ὅταν
2212 2009 2272 2045 σε
2317 1993 2409 2063 δέῃ
2450 1990 2644 2061 ὀμόσαι
2671 2030 2683 2054 ,
2722 1989 2940 2050 πάντων
2981 1989 3157 2043 αὐτῶν
3190 1988 3566 2059 ἀναμνήσθητι

1896 2082 2040 2134 τότε.
2055 2082 2154 2134 Ἀν
2178 2081 2387 2151 ταχέως
2415 2080 2605 2134 τοῦτον
2629 2076 3016 2149 κατορθώσητε
3038 2077 3127 2130 τὸν
3155 2077 3339 2147 νόμον,
3356 2078 3450 2130 καὶ
3475 2074 3561 2146 ἐφ’

1897 2167 2060 2240 ἕτερα
2094 2165 2314 2238 μείζονα
2337 2166 2433 2237 τὴν
2454 2165 2801 2221 διδασκαλίαν
2838 2163 3169 2236 προάξομαι.
3193 2163 3328 2216 Ἰδοὺ
3373 2161 3562 2215 δεύτε-

1901 2271 1991 2326 ρον
2016 2254 2133 2318 ἔτος
2154 2253 2260 2325 έχω
2281 2253 2434 2306 τοῦτο
2456 2253 2590 2324 πρὸς
2614 2254 2712 2323 τὴν
2732 2252 3007 2323 ὑμετέραν
3031 2250 3411 2320 διαλεγόμενος
3425 2248 3566 2318 ἀγά-

1899 2359 2028 2414 πην,
2060 2343 2153 2394 καὶ
2180 2341 2302 2394 οὐδὲ
2332 2340 2522 2393 ἐκατὸν
2552 2338 2764 2409 στίχους
2790 2338 2900 2390 τῶν
2932 2336 3165 2408 Γραφῶν
3198 2335 3327 2406 ὑμῖν
3370 2334 3568 2406 ῐσχυσα

1899 2427 2292 2501 ἐξηγήσασθαιο
2316 2428 2378 2481 τὸ
2406 2428 2461 2481 δὲ
2496 2426 2688 2487 αἴτιον,
2723 2426 2805 2479 ὅτι
2849 2425 2981 2495 παρ’
3009 2423 3166 2495 ήμῶν
3196 2423 3381 2477 δέεσθε
3426 2439 3565 2493 μαν-

1899 2514 2026 2568 θάνε
2036 2532 2103 2579 ιν,
2117 2514 2258 2587 άπερ
2280 2513 2487 2567 οἴκοθεν
2515 2514 2608 2567 καὶ
2623 2512 2754 2585 παρ’
2772 2510 2983 2565 ἑαυτῶν
2998 2509 3225 2563 δύνασθε
3246 2508 3563 2581 κατορθοῦψ

1899 2602 1998 2657 καλ⁷
2030 2603 2089 2655 τὸ
2138 2602 2297 2654 πλέον
2324 2603 2453 2672 ήμῐν
2476 2601 2575 2671 τῆς
2602 2598 2978 2671 παραινέσεως
3003 2600 3081 2662 εἰς
3107 2597 3200 2651 τὸν
3231 2596 3566 2667 ἠθικώτερον

1900 2691 2251 2745 ἀναλίσκεται
2282 2688 2460 2757 λόγον.
2488 2687 2672 2742 Ταῦτα
2705 2686 2761 2740 δὲ
2788 2687 2887 2739 οὐκ
2925 2685 3094 2755 ἐχρῆν
3126 2682 3270 2737 οὕτω
3297 2683 3565 2752 γίνεσθαι·

1904 2778 2055 2853 [165]
2111 2777 2246 2831 ἀλλά
2291 2775 2389 2847 τὴν
2437 2776 2535 2845 μὲν
2567 2774 2676 2827 τῶν
2732 2773 2950 2845 τρόπων
2992 2771 3309 2842 ἐπιμέλειαν
3357 2769 3569 2823 οἴκοθεν

1902 2867 2046 2938 ὑμᾶς
2085 2864 2182 2918 καὶ
2215 2863 2344 2935 παρ’
2382 2862 2589 2916 ἑαυτῶν
2619 2859 2990 2923 παιδεύεσθαι,
3020 2858 3130 2912 τῶν
3161 2857 3388 2929 ι’ραφῶν
3417 2857 3473 2911 δὲ
3498 2856 3570 2911 τὰ

1902 2957 2148 3026 νοήματα
2189 2950 2285 3005 καὶ⁵
2326 2950 2423 3013 τάς
2469 2948 2700 3020 θεωρίας
2728 2948 2866 3019 ἡμῖν
2895 2945 3233 3018 ἐπιτρέπειν.
3272 2946 3334 2998 Εἰ
3375 2944 3432 2997 δὲ
3480 2943 3573 3000 καὶ

1906 3044 2071 3116 ἐχρῆν
2107 3043 2200 3097 καὶ
2228 3041 2358 3112 παρ’
2399 3037 2558 3111 ἡμῶν
2594 3040 2740 3109 ὑμᾶς
2780 3035 3032 3100 ἀκοῦσαι,
3073 3035 3235 3090 πλέον
3276 3036 3405 3105 μιᾶς
3432 3035 3573 3106 ήμέ-

1907 3150 2004 3204 ρας
2034 3132 2135 3184 οὐκ
2169 3129 2295 3182 ἔδει·
2327 3128 2448 3181 οὐδέ
2478 3127 2587 3199 γὰρ
2616 3125 2855 3180 ποικίλον
2878 3143 2933 3179 τι
2963 3125 3058 3179 καὶ
3097 3123 3418 3195 δυσεύρετόν
3456 3124 3574 3176 ἐστι

1904 3221 1965 3273 τὸ
1999 3220 2308 3289 λεγόμενον,
2353 3214 2475 3268 οὐδὲ
2521 3213 2870 3283 κατασκευῆς
2911 3211 3163 3283 δεόμενόν
3200 3227 3365 3274 τινος.
3403 3210 3575 3263 Ὅταν

1905 3308 2016 3377 γὰρ
2040 3309 2067 3360 6
2092 3305 2225 3369 Θεὸς
2248 3304 2635 3374 ἀποφαίνηται,
2680 3299 2961 3370 σοφισμῶν
2990 3299 3089 3352 οὐκ
3113 3298 3226 3351 ἔστι
3259 3295 3470 3367 καιρός.
3517 3296 3576 3350 '0

1905 3393 2037 3458 Θεὸς
2062 3390 2201 3446 εἷπε·
2233 3395 2289 3444 Μ
2298 3391 2332 3460 ἡ
2370 3392 2619 3459 ὀμόσῃς·
2660 3389 2734 3460 μὴ
2760 3387 2982 3442 ἀπαίτει
3015 3402 3082 3457 με
3111 3384 3296 3438 λοιπὸν
3321 3381 3573 3445 εὐθύνας.

1907 3481 2093 3551 Νόμος
2141 3479 2260 3533 ἐστὶ
2286 3477 2581 3548 βασιλικός·
2612 3479 2641 3530 6
2673 3475 2789 3538 θεὶς
2821 3473 2982 3527 αὐτὸν
3015 3469 3123 3525 οἶδε
3156 3471 3248 3524 τὸν
3287 3469 3445 3538 λόγον
3478 3465 3577 3522 τοῦ

1910 3568 2097 3638 νόμου*
2125 3568 2174 3619 εἰ
2202 3566 2276 3637 μὴ
2307 3564 2584 3635 συμφέρον
2608 3559 2697 3634 ἦν,
2722 3564 2823 3616 οὐκ
2853 3561 2919 3614 ἂν
2957 3559 3218 3623 ἐκώλυσε,
3248 3557 3349 3610 οὐκ
3376 3555 3443 3610 ἂν
3472 3557 3579 3609 ἀπ-

1913 3655 2200 3727 ηγόρευσε.
2233 3652 2482 3714 Βασιλεῖς
2503 3650 2812 3720 εἰσφέρουσι
2842 3647 3058 3718 νόμους,
3081 3645 3174 3698 καὶ
3205 3645 3304 3715 οὐχ
3332 3644 3580 3706 ἅπαντας

1913 3739 2300 3812 συμφερόντως
2348 3737 2625 3799 πολλάκις·
2670 3734 2947 3804 ἄνθρωποι
2976 3734 3084 3803 γάρ
3122 3733 3228 3785 εἱσι
3259 3731 3351 3785 καὶ
3386 3732 3486 3784 οὐκ
3511 3730 3579 3783 ἂν

1912 3828 2156 3884 δύναιντο
2185 3827 2245 3879 τὸ
2282 3827 2553 3897 χρήσιμον
2589 3821 2761 3886 οῦτως
2787 3822 2988 3892 εὑρεῖν,
3017 3819 3206 3891 ὥσπερ
3236 3819 3265 3871 ὀ
3285 3818 3437 3883 Θεὸς,
3465 3816 3580 3870 ἀλλ’

1913 3917 2059 3986 ὅμως
2105 3913 2246 3967 οὕτω
2301 3909 2619 3981 πειθόμεθα·
2672 3908 2775 3962 κᾶν
2827 3910 3090 3976 γυναῖκας
3138 3905 3422 3975 ἀγώμεθα,
3479 3903 3584 3960 κᾶν

1913 4003 2176 4074 διαθήκας
2227 3999 2488 4070 ποιῶμεν,
2524 3996 2630 4051 κᾶν
2689 3996 2904 4059 οἰκέτας
2960 3995 3213 4048 ὠνεῖσθαι
3281 3992 3583 4065 μέλλωμεν,

1917 4090 2021 4145 κάν
2050 4089 2247 4154 οἰκίας,
2272 4088 2376 4141 κᾶν
2418 4086 2641 4156 ἀγροὺς,
2669 4083 2770 4137 κᾶν
2813 4081 2990 4136 ὁτιοῦν
3029 4082 3216 4153 ἕτερον
3254 4083 3449 4143 ποιεῖν,
3484 4080 3587 4135 οὐκ

1917 4178 2096 4249 οἰκεία
2128 4175 2321 4247 γνώμῃ
2351 4173 2524 4228 ταῦτα
2562 4171 2895 4244 πράττομεν,
2930 4168 3044 4223 ἀλλ’
3091 4170 3240 4231 ὅπως
3293 4167 3358 4221 ἂν
3389 4169 3587 4221 ἐκεῖνοι

1923 4264 2233 4329 διατάξωσι,
2267 4262 2362 4316 καὶ
2389 4260 2457 4314 τὰ
2485 4259 2645 4331 ὴμῶν
2678 4257 2858 4311 αὐτῶν
2880 4255 3161 4311 διαθέσθαι
3188 4253 3330 4308 κατά
3362 4254 3589 4325 γνώμην

1919 4354 2018 4425 τὴν
2053 4350 2324 4424 ἡμετέραν
2347 4349 2446 4401 οὐκ
2486 4348 2653 4417 ἐσμὲν
2676 4345 2856 4416 κύριοι
2878 4342 3127 4397 καθόλου’
3153 4340 3287 4395 ἀλλά
3319 4338 3588 4410 πολλαχοῦ

1919 4443 2038 4504 ταῖς
2095 4437 2319 4492 ἐκείνων
2371 4434 2691 4505 δουλεύομεν
2737 4431 3004 4503 γνώμαις,
3053 4430 3158 4484 κᾶν
3192 4428 3505 4500 ποιήσωμέν
3533 4444 3589 4481 τι

1922 4528 2077 4598 παρὰ
2098 4526 2159 4578 τὸ
2184 4523 2373 4577 δοκοῦν
2403 4521 2651 4586 ἐκείνοις,
2686 4520 2889 4591 ἄκυρον
2933 4521 3026 4572 καὶ
3055 4520 3327 4590 ἄχρηστον
3358 4516 3590 4585 γίνεται.

1922 4611 2062 4668 Εἶτα
2090 4615 2201 4674 τοῖς
2238 4612 2334 4682 μὲν
2367 4608 2474 4662 τῶν
2522 4608 2824 4678 ἀνθρώπων
2860 4608 3045 4678 νόμοις
3091 4605 3360 4675 τοσαύτην
3396 4601 3595 4656 ἀπονέ-

1928 4718 2099 4773 μομεν
2145 4699 2330 4768 τιμὴν,
2355 4698 2482 4758 τοὺς
2504 4695 2559 4748 δὲ
2587 4693 2679 4749 τοῦ
2709 4693 2843 4747 Θεοῦ
2871 4694 3069 4765 νόμους
3111 4693 3253 4747 οὕτω
3277 4690 3597 4759 καταπατή-

1930 4804 2114 4859 σομεν,
2141 4784 2264 4838 εἰπέ
2290 4800 2412 4855 μοι;
2442 4783 2536 4837 καὶ
2549 4782 2706 4846 ποίας
2724 4781 2898 4836 ταῦτα
2918 4780 3213 4849 ἀπολογίας
3234 4778 3393 4844 data;
3436 4774 3594 4837 ποίας

1930 4874 2290 4946 συγγνώμηςς
2355 4867 2513 4924 Εἴπε·
2577 4868 2675 4938 Μὴ
2729 4869 2990 4939 ὀμόσῃςο
3054 4867 3128 4939 μὴ
3180 4861 3595 4933 ἀντινομοθετή-

1929 4980 2027 5038 an;
2053 4961 2202 5033 αὐτῷ
2221 4961 2308 5015 διὰ
2330 4958 2436 5013 τῶν
2456 4956 2817 5031 πραγμάτων,
2842 4957 2930 5012 ἵνα
2958 4955 3094 5028 μετά
3109 4949 3404 5022 ἀσφαλείας
3426 4949 3600 5003 ἀπαν-

1931 5070 2001 5106 τα
2029 5052 2122 5104 καὶ
2144 5051 2302 5121 ποιῇς
2337 5049 2430 5102 καὶ
2454 5046 2641 5119 λέγῃς.

1999 5181 2069 5244 γ’.
2100 5171 2262 5227 Ἀλλά
2291 5172 2419 5244 περὶ
2448 5171 2546 5242 μὲν
2569 5167 2775 5223 τούτων
2803 5166 2943 5230 ἃλις·
2976 5164 3108 5236 φέρε
3124 5162 3180 5215 δὲ
3199 5160 3324 5233 μίαν
3348 5158 3504 5228 ῥῆσιν
3536 5155 3602 5209 ἐκ

1935 5263 2041 5315 τῶν
2083 5262 2319 5332 σήμερον
2365 5256 2826 5327 ἀναγνωσθέντων
2884 5250 3221 5326 παραθέντες
3256 5248 3405 5317 ύμῖν,
3434 5260 3605 5332 κατα-

132 5332 218 5385 δτι
253 5331 432 5404 ίκανὴ
459 5333 619 5388 τοῦτο
660 5336 741 5399 εἷς
770 5335 861 5388 τδν
896 5336 1028 5389 Θεὸν
1061 5335 1272 5405 γίνεται
1308 5338 1462 5406 τιμήν
1510 5332 1682 5387 Ὅταν
1718 5331 1827 5405 γὰρ
1936 5330 2337 5419 παύσωμενὴτὸν
2367 5345 2545 5415 λόγον·
2572 5344 2815 5410 Παῦλος
2842 5343 3086 5411 δέσμιος
3101 5334 3306 5406 Ἰησοῦ
3322 5336 3469 5401 Χρισ
3474 5330 3603 5397 τοῦ.

132 5419 312 5492 εἴπῃς
338 5419 423 5491 τῷ
443 5420 589 5492 Θεῷ,
618 5423 817 5477 sum
844 5423 905 5476 σέ
933 5424 1033 5494 οὐχ
1060 5424 1296 5496 ὥρκωσα
1322 5422 1412 5476 τὸν
1445 5422 1592 5476 δεῖνα
1615 5419 1708 5474 τὸν
1730 5438 1825 5474 κε·-

134 5509 390 5577 ιλοφότα
430 5509 526 5563 καὶ
554 5512 1029 5583 κακουργήσαντα,
1063 5512 1185 5566 ἀντὶ
1205 5510 1409 5581 ταύτης
1439 5526 1522 5563 σοι
1542 5509 1640 5579 τῆς
1658 5510 1826 5581 τιμῆς

1936 5442 2090 5511 φησὶ,
2118 5437 2215 5493 καί
2246 5438 2517 5505 Τιμόθεος
2567 5439 2599 5488 ό
2623 5433 2905 5503 ἀδελφός.
2952 5430 3141 5498 Μέγας
3174 5429 3204 5481 6
3249 5422 3345 5511 τοῦ
3373 5420 3607 5511 Παύλου

1940 5504 2343 5600 χρηματισμὸς,
2374 5524 2475 5576 οὐκ
2508 5521 2682 5595 ἀρχῆς
2705 5521 2797 5574 καὶ
2840 5518 3003 5590 τιμῆς
3044 5515 3236 5586 δνομα,
3429 5504 3607 5600 δεσμά

138 5595 355 5667 πολλὴν
371 5597 467 5650 καὶ
493 5598 638 5652 κατά
668 5599 840 5670 παρὸν
865 5609 890 5639 ο
930 5600 1027 5654 καὶ
1058 5599 1196 5671 μετά
1227 5598 1400 5653 ταῦτα
1432 5596 1703 5652 ἀποδώσει
1729 5598 1831 5668 τὴν
1940 5595 2302 5677 καὶνίάλύσειςο
2342 5610 2556 5683 ἀληθῶς
2589 5609 2781 5680 μέγας·
2826 5607 3003 5661 καίτοι
3032 5601 3202 5659 πολλὰ
3244 5598 3406 5653 “me”
3444 5596 3623 5683 3‘9?"

195 5768 218 5836 ξ
245 5773 372 5821 Sav.
392 5771 530 5836 Aaddil
554 5772 733 5836 ἐπάγει.

198 5829 237 5906 ξ
263 5836 363 5906 §ic
525 5842 579 5906 ej.
595 5829 807 5906 méximq
828 5850 1073 5906 parsmss.
1103 5837 1224 5890 Mor.
1250 5837 1605 5906 διατρεχόντων.

202 5897 233 5931 ⁸
260 5897 429 5948 SaYil.
452 5899 572 5946 κατὰ
592 5897 671 5947 τὸν
691 5897 897 5960 παρόντα
917 5902 1083 5954 αἰῶνα.

1939 5701 2191 5775 λαμπρὸν
2222 5701 2384 5761 ποιεῖ,
2406 5679 2465 5751 τὸ
2491 5700 2570 5762 είς
2594 5679 2836 5769 οὐρανὸν
2871 5693 3184 5768 ἁρπαγῆναι
3214 5687 3430 5775 τρίτον..
3445 5681 3505 5735 τὸ
3531 5679 3613 5740 εἰς

1948 5771 2273 5859 παράδεισον
2298 5785 2689 5858 ἀπενεχθῆναι,
2728 5785 2789 5839 τὸ
2841 5781 3070 5837 ἀκοῦσαι
3110 5776 3327 5848 ἄρρητα
3380 5771 3612 5859 ῥήματα·

1945 5848 2060 5937 ἀλλ’
2087 5876 2240 5931 οὐδὲν
2275 5848 2735 5944 τούτων-έθηκεν,
2782 5870 2893 5926 ἀλλ’
2930 5869 3049 5925 ἀντὶ
3106 5865 3323 5919 πάντων
3360 5854 3454 5914 τὴν
3496 5848 3621 5905 ἀλυ-
