  <div class='ocr_page' id='page_1' title='image "/cluster/home/n/w/nwhite01/storage/ocr_20150623/49/hvd.32044054086806/165.png"; bbox 0 0 4070 6208; ppageno 0'>
   <div class='ocr_carea' id='block_1_1' title="bbox 489 225 592 280">
    <p class='ocr_par' dir='ltr' id='par_1_1' title="bbox 489 225 592 280">
     <span class='ocr_line' id='line_1_1' title="bbox 489 225 592 280; baseline 0 0"><span class='ocrx_word' id='word_1_1' title='bbox 489 225 592 280; x_wconf 65' lang='grc' dir='ltr'>ἰδὲ</span> 
     </span>
    </p>
   </div>
   <div class='ocr_carea' id='block_1_2' title="bbox 489 337 2151 412">
    <p class='ocr_par' dir='ltr' id='par_1_2' title="bbox 489 337 2151 412">
     <span class='ocr_line' id='line_1_2' title="bbox 489 337 2151 412; baseline 0.004 -20"><span class='ocrx_word' id='word_1_2' title='bbox 489 357 592 392; x_wconf 89' lang='grc' dir='ltr'>σιν·</span> <span class='ocrx_word' id='word_1_3' title='bbox 627 337 765 410; x_wconf 76' lang='grc' dir='ltr'>αὕτη</span> <span class='ocrx_word' id='word_1_4' title='bbox 795 337 902 412; x_wconf 77' lang='grc' dir='ltr'>γὰρ</span> <span class='ocrx_word' id='word_1_5' title='bbox 927 339 1090 392; x_wconf 68' lang='grc' dir='ltr'>αὐτὸν</span> <span class='ocrx_word' id='word_1_6' title='bbox 1120 341 1344 394; x_wconf 79' lang='grc' dir='ltr'>ἐκείνων</span> <span class='ocrx_word' id='word_1_7' title='bbox 1391 342 1816 412; x_wconf 72' lang='grc' dir='ltr'>ἐπιφανέστερον</span> <span class='ocrx_word' id='word_1_8' title='bbox 1853 344 2026 397; x_wconf 78' lang='grc' dir='ltr'><strong>ἐποίει</strong></span> <span class='ocrx_word' id='word_1_9' title='bbox 2056 347 2151 399; x_wconf 73' lang='grc' dir='ltr'>καὶ</span> 
     </span>
    </p>
   </div>
   <div class='ocr_carea' id='block_1_3' title="bbox 487 427 2152 500">
    <p class='ocr_par' dir='ltr' id='par_1_3' title="bbox 487 427 2152 500">
     <span class='ocr_line' id='line_1_3' title="bbox 487 427 2152 500; baseline 0.002 -19"><span class='ocrx_word' id='word_1_10' title='bbox 487 427 883 498; x_wconf 80' lang='grc' dir='ltr'>λαμπρότερον.</span> <span class='ocrx_word' id='word_1_11' title='bbox 915 429 980 480; x_wconf 86' lang='grc' dir='ltr'>Τί</span> <span class='ocrx_word' id='word_1_12' title='bbox 1012 427 1246 498; x_wconf 85' lang='grc' dir='ltr'>δήποτε;</span> <span class='ocrx_word' id='word_1_13' title='bbox 1302 429 1424 480; x_wconf 87' lang='grc' dir='ltr'>Ὅτι</span> <span class='ocrx_word' id='word_1_14' title='bbox 1451 431 1633 482; x_wconf 87' lang='grc' dir='ltr'>ἐκεῖνα</span> <span class='ocrx_word' id='word_1_15' title='bbox 1673 429 1771 497; x_wconf 81' lang='grc' dir='ltr'>μὲν</span> <span class='ocrx_word' id='word_1_16' title='bbox 1802 430 1901 500; x_wconf 89' lang='grc' dir='ltr'>τῆς</span> <span class='ocrx_word' id='word_1_17' title='bbox 1932 431 2023 484; x_wconf 89' lang='grc' dir='ltr'>τοῦ</span> <span class='ocrx_word' id='word_1_18' title='bbox 2058 433 2152 486; x_wconf 80' lang='grc' dir='ltr'>Δε-</span> 
     </span>
    </p>
   </div>
   <div class='ocr_carea' id='block_1_4' title="bbox 487 514 2155 587">
    <p class='ocr_par' dir='ltr' id='par_1_4' title="bbox 487 514 2155 587">
     <span class='ocr_line' id='line_1_4' title="bbox 487 514 2155 587; baseline 0.001 -19"><span class='ocrx_word' id='word_1_19' title='bbox 487 515 681 568; x_wconf 88' lang='grc' dir='ltr'>σπότου</span> <span class='ocrx_word' id='word_1_20' title='bbox 719 514 1124 586; x_wconf 86' lang='grc' dir='ltr'>φιλανθρωπίας</span> <span class='ocrx_word' id='word_1_21' title='bbox 1152 517 1268 568; x_wconf 77' lang='grc' dir='ltr'>ἐστὶ</span> <span class='ocrx_word' id='word_1_22' title='bbox 1294 515 1810 587; x_wconf 81' lang='grc' dir='ltr'>χαρίσματα,ταῦτα</span> <span class='ocrx_word' id='word_1_23' title='bbox 1829 517 1886 570; x_wconf 89' lang='grc' dir='ltr'>δέ</span> <span class='ocrx_word' id='word_1_24' title='bbox 1905 517 2003 587; x_wconf 89' lang='grc' dir='ltr'>τῆς</span> <span class='ocrx_word' id='word_1_25' title='bbox 2021 537 2155 587; x_wconf 88' lang='grc' dir='ltr'>καρ-</span> 
     </span>
    </p>
   </div>
   <div class='ocr_carea' id='block_1_5' title="bbox 484 602 2152 673">
    <p class='ocr_par' dir='ltr' id='par_1_5' title="bbox 484 602 2152 673">
     <span class='ocr_line' id='line_1_5' title="bbox 484 602 2152 673; baseline 0.011 -20"><span class='ocrx_word' id='word_1_26' title='bbox 484 603 672 672; x_wconf 87' lang='grc' dir='ltr'>τερίας</span> <span class='ocrx_word' id='word_1_27' title='bbox 701 603 794 655; x_wconf 84' lang='grc' dir='ltr'>τοῦ</span> <span class='ocrx_word' id='word_1_28' title='bbox 827 602 1036 667; x_wconf 90' lang='grc' dir='ltr'>δούλου,</span> <span class='ocrx_word' id='word_1_29' title='bbox 1065 603 1279 672; x_wconf 75' lang='grc' dir='ltr'>καὶτῆς</span> <span class='ocrx_word' id='word_1_30' title='bbox 1315 603 1592 672; x_wconf 77' lang='grc' dir='ltr'>ὑπομονῆς</span> <span class='ocrx_word' id='word_1_31' title='bbox 1625 604 1912 673; x_wconf 83' lang='grc' dir='ltr'>δείγματα·</span> <span class='ocrx_word' id='word_1_32' title='bbox 1949 605 2068 668; x_wconf 77' lang='grc' dir='ltr'>ἔθος</span> <span class='ocrx_word' id='word_1_33' title='bbox 2097 606 2152 658; x_wconf 76' lang='grc' dir='ltr'>δὲ</span> 
     </span>
    </p>
   </div>
   <div class='ocr_carea' id='block_1_6' title="bbox 485 686 2154 762">
    <p class='ocr_par' dir='ltr' id='par_1_6' title="bbox 485 686 2154 762">
     <span class='ocr_line' id='line_1_6' title="bbox 485 686 2154 762; baseline 0.002 -21"><span class='ocrx_word' id='word_1_34' title='bbox 485 691 596 752; x_wconf 88' lang='grc' dir='ltr'>τοῖς</span> <span class='ocrx_word' id='word_1_35' title='bbox 648 688 894 756; x_wconf 81' lang='grc' dir='ltr'>φιλοῦσιν</span> <span class='ocrx_word' id='word_1_36' title='bbox 956 691 1044 744; x_wconf 81' lang='grc' dir='ltr'>ἐπ’</span> <span class='ocrx_word' id='word_1_37' title='bbox 1088 690 1318 752; x_wconf 88' lang='grc' dir='ltr'>ἐκείνοις</span> <span class='ocrx_word' id='word_1_38' title='bbox 1386 690 1585 760; x_wconf 79' lang='grc' dir='ltr'>μᾶλλον</span> <span class='ocrx_word' id='word_1_39' title='bbox 1640 694 1876 762; x_wconf 79' lang='grc' dir='ltr'>φρονεῖν,</span> <span class='ocrx_word' id='word_1_40' title='bbox 1941 692 2026 760; x_wconf 84' lang='grc' dir='ltr'>ἐφ’</span> <span class='ocrx_word' id='word_1_41' title='bbox 2071 686 2154 755; x_wconf 71' lang='grc' dir='ltr'>οἷς</span> 
     </span>
    </p>
   </div>
   <div class='ocr_carea' id='block_1_7' title="bbox 485 774 2152 849">
    <p class='ocr_par' dir='ltr' id='par_1_7' title="bbox 485 774 2152 849">
     <span class='ocr_line' id='line_1_7' title="bbox 485 774 2152 849; baseline 0.001 -19"><span class='ocrx_word' id='word_1_42' title='bbox 485 777 554 830; x_wconf 80' lang='grc' dir='ltr'>ἂν</span> <span class='ocrx_word' id='word_1_43' title='bbox 607 777 888 847; x_wconf 73' lang='grc' dir='ltr'>πάσχωσιν</span> <span class='ocrx_word' id='word_1_44' title='bbox 934 778 1074 849; x_wconf 82' lang='grc' dir='ltr'>ὑπὲρ</span> <span class='ocrx_word' id='word_1_45' title='bbox 1123 777 1230 831; x_wconf 90' lang='grc' dir='ltr'>τῶν</span> <span class='ocrx_word' id='word_1_46' title='bbox 1286 777 1656 848; x_wconf 85' lang='grc' dir='ltr'>φιλουμένων,</span> <span class='ocrx_word' id='word_1_47' title='bbox 1723 779 1754 848; x_wconf 85' lang='grc' dir='ltr'>ἣ</span> <span class='ocrx_word' id='word_1_48' title='bbox 1811 778 1895 848; x_wconf 87' lang='grc' dir='ltr'>ἐφ’</span> <span class='ocrx_word' id='word_1_49' title='bbox 1951 774 2031 842; x_wconf 72' lang='grc' dir='ltr'>οἷς</span> <span class='ocrx_word' id='word_1_50' title='bbox 2086 779 2152 832; x_wconf 86' lang='grc' dir='ltr'>ἂν</span> 
     </span>
    </p>
   </div>
   <div class='ocr_carea' id='block_1_8' title="bbox 479 864 2152 936">
    <p class='ocr_par' dir='ltr' id='par_1_8' title="bbox 479 864 2152 936">
     <span class='ocr_line' id='line_1_8' title="bbox 479 864 2152 936; baseline 0.002 -21"><span class='ocrx_word' id='word_1_51' title='bbox 479 865 883 935; x_wconf 80' lang='grc' dir='ltr'>εὐεργετῶνται</span> <span class='ocrx_word' id='word_1_52' title='bbox 927 866 1056 936; x_wconf 80' lang='grc' dir='ltr'>παρ’</span> <span class='ocrx_word' id='word_1_53' title='bbox 1109 865 1305 918; x_wconf 79' lang='grc' dir='ltr'>αὐτῶν.</span> <span class='ocrx_word' id='word_1_54' title='bbox 1350 865 1460 934; x_wconf 80' lang='grc' dir='ltr'>Οὐχ</span> <span class='ocrx_word' id='word_1_55' title='bbox 1492 864 1634 918; x_wconf 74' lang='grc' dir='ltr'>οὕτω</span> <span class='ocrx_word' id='word_1_56' title='bbox 1663 865 1912 934; x_wconf 76' lang='grc' dir='ltr'>βασιλεὺς</span> <span class='ocrx_word' id='word_1_57' title='bbox 1946 867 2038 918; x_wconf 78' lang='grc' dir='ltr'>ἐπὶ</span> <span class='ocrx_word' id='word_1_58' title='bbox 2075 865 2152 936; x_wconf 85' lang='grc' dir='ltr'>τῷ</span> 
     </span>
    </p>
   </div>
   <div class='ocr_carea' id='block_1_9' title="bbox 489 951 2150 1024">
    <p class='ocr_par' dir='ltr' id='par_1_9' title="bbox 489 951 2150 1024">
     <span class='ocr_line' id='line_1_9' title="bbox 489 951 2150 1024; baseline 0.002 -22"><span class='ocrx_word' id='word_1_59' title='bbox 489 951 778 1021; x_wconf 74' lang='grc' dir='ltr'>διαδήματι</span> <span class='ocrx_word' id='word_1_60' title='bbox 823 953 1198 1024; x_wconf 88' lang='grc' dir='ltr'>ἐναϐρύνεται,</span> <span class='ocrx_word' id='word_1_61' title='bbox 1245 951 1320 1016; x_wconf 79' lang='grc' dir='ltr'>ὡς</span> <span class='ocrx_word' id='word_1_62' title='bbox 1372 954 1579 1015; x_wconf 85' lang='grc' dir='ltr'>ἐκεῖνος</span> <span class='ocrx_word' id='word_1_63' title='bbox 1621 953 1714 1004; x_wconf 76' lang='grc' dir='ltr'>ἐπὶ</span> <span class='ocrx_word' id='word_1_64' title='bbox 1767 955 1880 1015; x_wconf 89' lang='grc' dir='ltr'>τοῖς</span> <span class='ocrx_word' id='word_1_65' title='bbox 1931 953 2150 1020; x_wconf 81' lang='grc' dir='ltr'>δεσμοῖς</span> 
     </span>
    </p>
   </div>
   <div class='ocr_carea' id='block_1_10' title="bbox 481 1038 2148 1110">
    <p class='ocr_par' dir='ltr' id='par_1_10' title="bbox 481 1038 2148 1110">
     <span class='ocr_line' id='line_1_10' title="bbox 481 1038 2148 1110; baseline 0.001 -20"><span class='ocrx_word' id='word_1_66' title='bbox 481 1039 902 1102; x_wconf 74' lang='grc' dir='ltr'>ἐκαλλωπίζετο·</span> <span class='ocrx_word' id='word_1_67' title='bbox 952 1039 1046 1093; x_wconf 72' lang='grc' dir='ltr'>καὶ</span> <span class='ocrx_word' id='word_1_68' title='bbox 1101 1039 1244 1110; x_wconf 90' lang='grc' dir='ltr'>μάλα</span> <span class='ocrx_word' id='word_1_69' title='bbox 1295 1041 1538 1102; x_wconf 79' lang='grc' dir='ltr'>εἰκότως.</span> <span class='ocrx_word' id='word_1_70' title='bbox 1587 1040 1830 1108; x_wconf 81' lang='grc' dir='ltr'>Διάδημα</span> <span class='ocrx_word' id='word_1_71' title='bbox 1889 1039 1986 1108; x_wconf 90' lang='grc' dir='ltr'>μέν</span> <span class='ocrx_word' id='word_1_72' title='bbox 2043 1038 2148 1110; x_wconf 81' lang='grc' dir='ltr'>γὰρ</span> 
     </span>
    </p>
   </div>
   <div class='ocr_carea' id='block_1_11' title="bbox 485 1125 2152 1198">
    <p class='ocr_par' dir='ltr' id='par_1_11' title="bbox 485 1125 2152 1198">
     <span class='ocr_line' id='line_1_11' title="bbox 485 1125 2152 1198; baseline 0.001 -21"><span class='ocrx_word' id='word_1_73' title='bbox 485 1127 688 1195; x_wconf 86' lang='grc' dir='ltr'>κόσμον</span> <span class='ocrx_word' id='word_1_74' title='bbox 715 1128 872 1196; x_wconf 90' lang='grc' dir='ltr'>μόνον</span> <span class='ocrx_word' id='word_1_75' title='bbox 897 1129 1049 1198; x_wconf 82' lang='grc' dir='ltr'>φέρει</span> <span class='ocrx_word' id='word_1_76' title='bbox 1075 1131 1141 1198; x_wconf 84' lang='grc' dir='ltr'>τῇ</span> <span class='ocrx_word' id='word_1_77' title='bbox 1175 1126 1580 1196; x_wconf 70' lang='grc' dir='ltr'>στεφανουμένη</span> <span class='ocrx_word' id='word_1_78' title='bbox 1620 1126 1848 1196; x_wconf 79' lang='grc' dir='ltr'>κεφαλῇ,</span> <span class='ocrx_word' id='word_1_79' title='bbox 1873 1128 1904 1196; x_wconf 81' lang='grc' dir='ltr'>ἡ</span> <span class='ocrx_word' id='word_1_80' title='bbox 1936 1125 1991 1178; x_wconf 85' lang='grc' dir='ltr'>δέ</span> <span class='ocrx_word' id='word_1_81' title='bbox 2025 1125 2152 1179; x_wconf 80' lang='grc' dir='ltr'>ἀλυ-</span> 
     </span>
    </p>
   </div>
   <div class='ocr_carea' id='block_1_12' title="bbox 487 1213 2152 1286">
    <p class='ocr_par' dir='ltr' id='par_1_12' title="bbox 487 1213 2152 1286">
     <span class='ocr_line' id='line_1_12' title="bbox 487 1213 2152 1286; baseline 0.001 -22"><span class='ocrx_word' id='word_1_82' title='bbox 487 1231 572 1276; x_wconf 90' lang='grc' dir='ltr'>σις</span> <span class='ocrx_word' id='word_1_83' title='bbox 599 1216 692 1267; x_wconf 73' lang='grc' dir='ltr'>καὶ</span> <span class='ocrx_word' id='word_1_84' title='bbox 729 1216 929 1286; x_wconf 78' lang='grc' dir='ltr'>κόσμον</span> <span class='ocrx_word' id='word_1_85' title='bbox 959 1215 1138 1286; x_wconf 83' lang='grc' dir='ltr'>πολλῷ</span> <span class='ocrx_word' id='word_1_86' title='bbox 1169 1215 1388 1286; x_wconf 79' lang='grc' dir='ltr'>μείζονα</span> <span class='ocrx_word' id='word_1_87' title='bbox 1435 1216 1528 1267; x_wconf 78' lang='grc' dir='ltr'>καὶ</span> <span class='ocrx_word' id='word_1_88' title='bbox 1562 1214 1882 1281; x_wconf 84' lang='grc' dir='ltr'>ἀσφάλειαν.</span> <span class='ocrx_word' id='word_1_89' title='bbox 1928 1214 1984 1266; x_wconf 84' lang='grc' dir='ltr'><strong>Ὀ</strong></span> <span class='ocrx_word' id='word_1_90' title='bbox 2028 1213 2152 1266; x_wconf 79' lang='grc' dir='ltr'>στέ-</span> 
     </span>
    </p>
   </div>
   <div class='ocr_carea' id='block_1_13' title="bbox 482 1300 2149 1374">
    <p class='ocr_par' dir='ltr' id='par_1_13' title="bbox 482 1300 2149 1374">
     <span class='ocr_line' id='line_1_13' title="bbox 482 1300 2149 1374; baseline -0.001 -19"><span class='ocrx_word' id='word_1_91' title='bbox 482 1320 652 1371; x_wconf 84' lang='grc' dir='ltr'>φανος</span> <span class='ocrx_word' id='word_1_92' title='bbox 685 1306 714 1356; x_wconf 81' lang='grc' dir='ltr'><strong>ὀ</strong></span> <span class='ocrx_word' id='word_1_93' title='bbox 743 1304 1017 1374; x_wconf 79' lang='grc' dir='ltr'>βασιλικὸς</span> <span class='ocrx_word' id='word_1_94' title='bbox 1050 1305 1308 1367; x_wconf 78' lang='grc' dir='ltr'>πολλάκις</span> <span class='ocrx_word' id='word_1_95' title='bbox 1336 1302 1617 1374; x_wconf 78' lang='grc' dir='ltr'>προύδωκε</span> <span class='ocrx_word' id='word_1_96' title='bbox 1646 1303 1741 1372; x_wconf 75' lang='grc' dir='ltr'>τὴν</span> <span class='ocrx_word' id='word_1_97' title='bbox 1765 1300 2149 1372; x_wconf 81' lang='grc' dir='ltr'>περικειμένην</span> 
     </span>
    </p>
   </div>
   <div class='ocr_carea' id='block_1_14' title="bbox 483 1389 2146 1464">
    <p class='ocr_par' dir='ltr' id='par_1_14' title="bbox 483 1389 2146 1464">
     <span class='ocr_line' id='line_1_14' title="bbox 483 1389 2146 1464; baseline -0.002 -22"><span class='ocrx_word' id='word_1_98' title='bbox 483 1391 644 1444; x_wconf 70' lang='grc' dir='ltr'>αὐτὸν</span> <span class='ocrx_word' id='word_1_99' title='bbox 694 1392 956 1463; x_wconf 80' lang='grc' dir='ltr'>κεφαλὴν,</span> <span class='ocrx_word' id='word_1_100' title='bbox 1015 1393 1109 1446; x_wconf 78' lang='grc' dir='ltr'>καὶ</span> <span class='ocrx_word' id='word_1_101' title='bbox 1159 1393 1385 1464; x_wconf 77' lang='grc' dir='ltr'>μυρίους</span> <span class='ocrx_word' id='word_1_102' title='bbox 1422 1390 1738 1451; x_wconf 83' lang='grc' dir='ltr'>ἐπιϐούλους</span> <span class='ocrx_word' id='word_1_103' title='bbox 1778 1389 2146 1453; x_wconf 70' lang='grc' dir='ltr'>ἐπεσπάσατο,</span> 
     </span>
    </p>
   </div>
   <div class='ocr_carea' id='block_1_15' title="bbox 482 1477 2148 1549">
    <p class='ocr_par' dir='ltr' id='par_1_15' title="bbox 482 1477 2148 1549">
     <span class='ocr_line' id='line_1_15' title="bbox 482 1477 2148 1549; baseline -0.002 -19"><span class='ocrx_word' id='word_1_104' title='bbox 482 1480 576 1531; x_wconf 75' lang='grc' dir='ltr'>καὶ</span> <span class='ocrx_word' id='word_1_105' title='bbox 611 1481 690 1542; x_wconf 84' lang='grc' dir='ltr'>εἰς</span> <span class='ocrx_word' id='word_1_106' title='bbox 717 1481 1028 1549; x_wconf 86' lang='grc' dir='ltr'>τυραννίδος</span> <span class='ocrx_word' id='word_1_107' title='bbox 1069 1479 1366 1548; x_wconf 80' lang='grc' dir='ltr'>ἐπιθυμίαν</span> <span class='ocrx_word' id='word_1_108' title='bbox 1399 1478 1645 1530; x_wconf 84' lang='grc' dir='ltr'>ἐκάλεσε·</span> <span class='ocrx_word' id='word_1_109' title='bbox 1683 1479 1776 1530; x_wconf 79' lang='grc' dir='ltr'>καὶ</span> <span class='ocrx_word' id='word_1_110' title='bbox 1806 1479 1861 1528; x_wconf 89' lang='grc' dir='ltr'>ἐν</span> <span class='ocrx_word' id='word_1_111' title='bbox 1891 1477 2148 1544; x_wconf 78' lang='grc' dir='ltr'>πολέμοις</span> 
     </span>
    </p>
   </div>
   <div class='ocr_carea' id='block_1_16' title="bbox 479 1557 2150 1635">
    <p class='ocr_par' dir='ltr' id='par_1_16' title="bbox 479 1557 2150 1635">
     <span class='ocr_line' id='line_1_16' title="bbox 479 1557 2150 1635; baseline -0.001 -17"><span class='ocrx_word' id='word_1_112' title='bbox 479 1567 537 1618; x_wconf 79' lang='grc' dir='ltr'>δὲ</span> <span class='ocrx_word' id='word_1_113' title='bbox 566 1567 738 1630; x_wconf 72' lang='grc' dir='ltr'>οὕτως</span> <span class='ocrx_word' id='word_1_114' title='bbox 764 1569 909 1620; x_wconf 67' lang='grc' dir='ltr'>ἐστὶν</span> <span class='ocrx_word' id='word_1_115' title='bbox 953 1567 1258 1635; x_wconf 79' lang='grc' dir='ltr'>ἐπισφαλὴς</span> <span class='ocrx_word' id='word_1_116' title='bbox 1299 1569 1326 1618; x_wconf 98' lang='lat'>6</span> <span class='ocrx_word' id='word_1_117' title='bbox 1365 1565 1568 1635; x_wconf 90' lang='grc' dir='ltr'>κόσμος</span> <span class='ocrx_word' id='word_1_118' title='bbox 1600 1557 1776 1626; x_wconf 69' lang='grc' dir='ltr'>οὗτος,</span> <span class='ocrx_word' id='word_1_119' title='bbox 1812 1564 1887 1626; x_wconf 85' lang='grc' dir='ltr'>ώς</span> <span class='ocrx_word' id='word_1_120' title='bbox 1915 1563 2150 1632; x_wconf 85' lang='grc' dir='ltr'>κρύπτε-</span> 
     </span>
    </p>
   </div>
   <div class='ocr_carea' id='block_1_17' title="bbox 481 1649 2149 1719">
    <p class='ocr_par' dir='ltr' id='par_1_17' title="bbox 481 1649 2149 1719">
     <span class='ocr_line' id='line_1_17' title="bbox 481 1649 2149 1719; baseline -0.002 -14"><span class='ocrx_word' id='word_1_121' title='bbox 481 1653 606 1706; x_wconf 86' lang='grc' dir='ltr'>σθαι</span> <span class='ocrx_word' id='word_1_122' title='bbox 637 1653 797 1707; x_wconf 83' lang='grc' dir='ltr'>αὑτὸν</span> <span class='ocrx_word' id='word_1_123' title='bbox 827 1655 918 1707; x_wconf 72' lang='grc' dir='ltr'>καὶ</span> <span class='ocrx_word' id='word_1_124' title='bbox 947 1652 1323 1706; x_wconf 86' lang='grc' dir='ltr'>ἀποτίθεσθαι.</span> <span class='ocrx_word' id='word_1_125' title='bbox 1355 1653 1418 1703; x_wconf 89' lang='grc' dir='ltr'>Οἱ</span> <span class='ocrx_word' id='word_1_126' title='bbox 1461 1651 1592 1719; x_wconf 85' lang='grc' dir='ltr'>γοῦν</span> <span class='ocrx_word' id='word_1_127' title='bbox 1644 1649 1882 1719; x_wconf 80' lang='grc' dir='ltr'>βασιλεῖς</span> <span class='ocrx_word' id='word_1_128' title='bbox 1905 1650 1962 1700; x_wconf 84' lang='grc' dir='ltr'>ἐν</span> <span class='ocrx_word' id='word_1_129' title='bbox 1989 1649 2149 1702; x_wconf 88' lang='grc' dir='ltr'>πολέ-</span> 
     </span>
    </p>
   </div>
   <div class='ocr_carea' id='block_1_18' title="bbox 483 1735 2150 1812">
    <p class='ocr_par' dir='ltr' id='par_1_18' title="bbox 483 1735 2150 1812">
     <span class='ocr_line' id='line_1_18' title="bbox 483 1735 2150 1812; baseline -0.002 -20"><span class='ocrx_word' id='word_1_130' title='bbox 483 1759 606 1812; x_wconf 86' lang='grc' dir='ltr'>μοις</span> <span class='ocrx_word' id='word_1_131' title='bbox 629 1741 688 1793; x_wconf 77' lang='grc' dir='ltr'>τδ</span> <span class='ocrx_word' id='word_1_132' title='bbox 718 1742 906 1812; x_wconf 81' lang='grc' dir='ltr'>σχῆμα</span> <span class='ocrx_word' id='word_1_133' title='bbox 940 1740 1276 1809; x_wconf 88' lang='grc' dir='ltr'>ἀμείϐοντες,</span> <span class='ocrx_word' id='word_1_134' title='bbox 1308 1737 1480 1800; x_wconf 73' lang='grc' dir='ltr'>οὔτως</span> <span class='ocrx_word' id='word_1_135' title='bbox 1514 1737 1864 1798; x_wconf 76' lang='grc' dir='ltr'>ἐαυτοὺςτοῖς</span> <span class='ocrx_word' id='word_1_136' title='bbox 1891 1735 2150 1805; x_wconf 83' lang='grc' dir='ltr'>πολεμοῦ-</span> 
     </span>
    </p>
   </div>
   <div class='ocr_carea' id='block_1_19' title="bbox 481 1823 2146 1899">
    <p class='ocr_par' dir='ltr' id='par_1_19' title="bbox 481 1823 2146 1899">
     <span class='ocr_line' id='line_1_19' title="bbox 481 1823 2146 1899; baseline -0.002 -20"><span class='ocrx_word' id='word_1_137' title='bbox 481 1845 566 1881; x_wconf 88' lang='grc' dir='ltr'>σιν</span> <span class='ocrx_word' id='word_1_138' title='bbox 588 1829 1001 1899; x_wconf 87' lang='grc' dir='ltr'>ἀναμιγνύουσι·</span> <span class='ocrx_word' id='word_1_139' title='bbox 1023 1827 1253 1898; x_wconf 78' lang='grc' dir='ltr'>τοσαύτη</span> <span class='ocrx_word' id='word_1_140' title='bbox 1285 1829 1317 1898; x_wconf 88' lang='grc' dir='ltr'><strong>ή</strong></span> <span class='ocrx_word' id='word_1_141' title='bbox 1346 1824 1603 1898; x_wconf 85' lang='grc' dir='ltr'>προδοσία</span> <span class='ocrx_word' id='word_1_142' title='bbox 1633 1823 1739 1876; x_wconf 76' lang='grc' dir='ltr'>ἀπὸ</span> <span class='ocrx_word' id='word_1_143' title='bbox 1765 1823 1859 1876; x_wconf 84' lang='grc' dir='ltr'>τοῦ</span> <span class='ocrx_word' id='word_1_144' title='bbox 1883 1823 2146 1893; x_wconf 84' lang='grc' dir='ltr'>στεφάνου</span> 
     </span>
    </p>
   </div>
   <div class='ocr_carea' id='block_1_20' title="bbox 479 1899 2150 1982">
    <p class='ocr_par' dir='ltr' id='par_1_20' title="bbox 479 1899 2150 1982">
     <span class='ocr_line' id='line_1_20' title="bbox 479 1899 2150 1982; baseline -0.003 -14"><span class='ocrx_word' id='word_1_145' title='bbox 479 1915 706 1982; x_wconf 89' lang='grc' dir='ltr'>γίνεται.</span> <span class='ocrx_word' id='word_1_146' title='bbox 763 1913 826 1969; x_wconf 78' lang='grc' dir='ltr'>’Π</span> <span class='ocrx_word' id='word_1_147' title='bbox 857 1916 914 1968; x_wconf 81' lang='grc' dir='ltr'>δὲ</span> <span class='ocrx_word' id='word_1_148' title='bbox 951 1917 1138 1978; x_wconf 78' lang='grc' dir='ltr'>ἅλυσις</span> <span class='ocrx_word' id='word_1_149' title='bbox 1171 1915 1321 1968; x_wconf 78' lang='grc' dir='ltr'>οὐδὲν</span> <span class='ocrx_word' id='word_1_150' title='bbox 1350 1912 1586 1966; x_wconf 88' lang='grc' dir='ltr'>τοιοῦτον</span> <span class='ocrx_word' id='word_1_151' title='bbox 1609 1899 1983 1982; x_wconf 69' lang='grc' dir='ltr'>προξενεῖτοῖς</span> <span class='ocrx_word' id='word_1_152' title='bbox 2005 1911 2150 1980; x_wconf 82' lang='grc' dir='ltr'>ἐχου-</span> 
     </span>
    </p>
   </div>
   <div class='ocr_carea' id='block_1_21' title="bbox 483 1997 2144 2072">
    <p class='ocr_par' dir='ltr' id='par_1_21' title="bbox 483 1997 2144 2072">
     <span class='ocr_line' id='line_1_21' title="bbox 483 1997 2144 2072; baseline -0.002 -17"><span class='ocrx_word' id='word_1_153' title='bbox 483 2020 586 2066; x_wconf 90' lang='grc' dir='ltr'>σιν,</span> <span class='ocrx_word' id='word_1_154' title='bbox 615 2003 750 2055; x_wconf 87' lang='grc' dir='ltr'>ἀλλά</span> <span class='ocrx_word' id='word_1_155' title='bbox 773 2003 1084 2056; x_wconf 81' lang='grc' dir='ltr'>τούναντίον</span> <span class='ocrx_word' id='word_1_156' title='bbox 1135 2001 1300 2055; x_wconf 73' lang='grc' dir='ltr'>ἅπαν·</span> <span class='ocrx_word' id='word_1_157' title='bbox 1355 2001 1482 2054; x_wconf 78' lang='grc' dir='ltr'>ὅταν</span> <span class='ocrx_word' id='word_1_158' title='bbox 1517 2000 1752 2070; x_wconf 79' lang='grc' dir='ltr'>πόλεμος</span> <span class='ocrx_word' id='word_1_159' title='bbox 1868 1999 1962 2052; x_wconf 76' lang='grc' dir='ltr'>καὶ</span> <span class='ocrx_word' id='word_1_160' title='bbox 1993 1997 2144 2070; x_wconf 75' lang='grc'>[164]</span> 
     </span>
    </p>
   </div>
   <div class='ocr_carea' id='block_1_22' title="bbox 481 2086 2148 2161">
    <p class='ocr_par' dir='ltr' id='par_1_22' title="bbox 481 2086 2148 2161">
     <span class='ocr_line' id='line_1_22' title="bbox 481 2086 2148 2161; baseline -0.001 -20"><span class='ocrx_word' id='word_1_161' title='bbox 481 2089 785 2161; x_wconf 76' lang='grc' dir='ltr'>παράταξις</span> <span class='ocrx_word' id='word_1_162' title='bbox 816 2091 951 2160; x_wconf 83' lang='grc' dir='ltr'>πρὸς</span> <span class='ocrx_word' id='word_1_163' title='bbox 973 2089 1100 2152; x_wconf 80' lang='grc' dir='ltr'>τοὺς</span> <span class='ocrx_word' id='word_1_164' title='bbox 1131 2089 1389 2158; x_wconf 90' lang='grc' dir='ltr'>δαίμονας</span> <span class='ocrx_word' id='word_1_165' title='bbox 1417 2087 1512 2141; x_wconf 76' lang='grc' dir='ltr'>καὶ</span> <span class='ocrx_word' id='word_1_166' title='bbox 1535 2087 1632 2152; x_wconf 76' lang='grc' dir='ltr'>τὰς</span> <span class='ocrx_word' id='word_1_167' title='bbox 1655 2086 2034 2157; x_wconf 79' lang='grc' dir='ltr'>ἀντικειμένας</span> <span class='ocrx_word' id='word_1_168' title='bbox 2055 2087 2148 2139; x_wconf 86' lang='grc' dir='ltr'>δυ·-</span> 
     </span>
    </p>
   </div>
   <div class='ocr_carea' id='block_1_23' title="bbox 477 2173 2146 2248">
    <p class='ocr_par' dir='ltr' id='par_1_23' title="bbox 477 2173 2146 2248">
     <span class='ocr_line' id='line_1_23' title="bbox 477 2173 2146 2248; baseline -0.002 -18"><span class='ocrx_word' id='word_1_169' title='bbox 477 2178 690 2247; x_wconf 87' lang='grc' dir='ltr'>νάμεις,</span> <span class='ocrx_word' id='word_1_170' title='bbox 719 2176 1154 2248; x_wconf 85' lang='grc' dir='ltr'>προϐαλλόμενος</span> <span class='ocrx_word' id='word_1_171' title='bbox 1177 2175 1345 2246; x_wconf 77' lang='grc' dir='ltr'>αὐτὴν</span> <span class='ocrx_word' id='word_1_172' title='bbox 1376 2177 1404 2227; x_wconf 89' lang='lat'>6</span> <span class='ocrx_word' id='word_1_173' title='bbox 1435 2176 1818 2246; x_wconf 89' lang='grc' dir='ltr'>περικείμενος</span> <span class='ocrx_word' id='word_1_174' title='bbox 1843 2173 2146 2245; x_wconf 87' lang='grc' dir='ltr'>ἀποκρούε-</span> 
     </span>
    </p>
   </div>
   <div class='ocr_carea' id='block_1_24' title="bbox 477 2259 2146 2334">
    <p class='ocr_par' dir='ltr' id='par_1_24' title="bbox 477 2259 2146 2334">
     <span class='ocr_line' id='line_1_24' title="bbox 477 2259 2146 2334; baseline -0.001 -17"><span class='ocrx_word' id='word_1_175' title='bbox 477 2282 567 2317; x_wconf 90' lang='grc' dir='ltr'>ται</span> <span class='ocrx_word' id='word_1_176' title='bbox 608 2267 706 2328; x_wconf 75' lang='grc' dir='ltr'>τάς</span> <span class='ocrx_word' id='word_1_177' title='bbox 743 2266 966 2318; x_wconf 81' lang='grc' dir='ltr'>ἐκείνων</span> <span class='ocrx_word' id='word_1_178' title='bbox 1015 2264 1255 2332; x_wconf 85' lang='grc' dir='ltr'>ἐφόδους.</span> <span class='ocrx_word' id='word_1_179' title='bbox 1307 2263 1418 2315; x_wconf 75' lang='grc' dir='ltr'>Καὶ</span> <span class='ocrx_word' id='word_1_180' title='bbox 1455 2261 1560 2316; x_wconf 87' lang='grc' dir='ltr'>τῶν</span> <span class='ocrx_word' id='word_1_181' title='bbox 1593 2263 1692 2332; x_wconf 82' lang='grc' dir='ltr'>μὲν</span> <span class='ocrx_word' id='word_1_182' title='bbox 1733 2263 2008 2334; x_wconf 82' lang='grc' dir='ltr'>ἀρχόντων</span> <span class='ocrx_word' id='word_1_183' title='bbox 2039 2259 2146 2316; x_wconf 85' lang='grc' dir='ltr'>τῶν</span> 
     </span>
    </p>
   </div>
   <div class='ocr_carea' id='block_1_25' title="bbox 475 2349 2146 2423">
    <p class='ocr_par' dir='ltr' id='par_1_25' title="bbox 475 2349 2146 2423">
     <span class='ocr_line' id='line_1_25' title="bbox 475 2349 2146 2423; baseline -0.002 -17"><span class='ocrx_word' id='word_1_184' title='bbox 475 2351 675 2418; x_wconf 73' lang='grc' dir='ltr'>ἔξωθεν</span> <span class='ocrx_word' id='word_1_185' title='bbox 707 2353 890 2406; x_wconf 71' lang='grc' dir='ltr'>πολλοὶ</span> <span class='ocrx_word' id='word_1_186' title='bbox 909 2353 1008 2423; x_wconf 84' lang='grc' dir='ltr'>οὐχ</span> <span class='ocrx_word' id='word_1_187' title='bbox 1039 2352 1202 2423; x_wconf 81' lang='grc' dir='ltr'>ἡνίκα</span> <span class='ocrx_word' id='word_1_188' title='bbox 1229 2350 1295 2404; x_wconf 83' lang='grc' dir='ltr'>ἂν</span> <span class='ocrx_word' id='word_1_189' title='bbox 1325 2351 1584 2421; x_wconf 83' lang='grc' dir='ltr'>ἄρχωσιν,</span> <span class='ocrx_word' id='word_1_190' title='bbox 1617 2350 1752 2404; x_wconf 82' lang='grc' dir='ltr'>ἀλλὰ</span> <span class='ocrx_word' id='word_1_191' title='bbox 1777 2350 1870 2402; x_wconf 79' lang='grc' dir='ltr'>καὶ</span> <span class='ocrx_word' id='word_1_192' title='bbox 1898 2349 2059 2420; x_wconf 78' lang='grc' dir='ltr'>ἡνίκα</span> <span class='ocrx_word' id='word_1_193' title='bbox 2081 2349 2146 2404; x_wconf 84' lang='grc' dir='ltr'>ἂν</span> 
     </span>
    </p>
   </div>
   <div class='ocr_carea' id='block_1_26' title="bbox 479 2436 2143 2512">
    <p class='ocr_par' dir='ltr' id='par_1_26' title="bbox 479 2436 2143 2512">
     <span class='ocr_line' id='line_1_26' title="bbox 479 2436 2143 2512; baseline -0.002 -18"><span class='ocrx_word' id='word_1_194' title='bbox 479 2441 831 2512; x_wconf 84' lang='grc' dir='ltr'>παραλυθῶσι</span> <span class='ocrx_word' id='word_1_195' title='bbox 869 2441 967 2510; x_wconf 84' lang='grc' dir='ltr'>τῆς</span> <span class='ocrx_word' id='word_1_196' title='bbox 996 2440 1192 2511; x_wconf 86' lang='grc' dir='ltr'>ἀρχῆς,</span> <span class='ocrx_word' id='word_1_197' title='bbox 1223 2438 1609 2509; x_wconf 75' lang='grc' dir='ltr'>περιφέρουσιν</span> <span class='ocrx_word' id='word_1_198' title='bbox 1659 2437 1829 2508; x_wconf 86' lang='grc' dir='ltr'>αὐτῆς</span> <span class='ocrx_word' id='word_1_199' title='bbox 1859 2436 1919 2490; x_wconf 83' lang='grc' dir='ltr'>τὸ</span> <span class='ocrx_word' id='word_1_200' title='bbox 1951 2437 2143 2506; x_wconf 74' lang='grc' dir='ltr'>ὄνομα.</span> 
     </span>
    </p>
   </div>
   <div class='ocr_carea' id='block_1_27' title="bbox 560 2523 2141 2596">
    <p class='ocr_par' dir='ltr' id='par_1_27' title="bbox 560 2523 2141 2596">
     <span class='ocr_line' id='line_1_27' title="bbox 560 2523 2141 2596; baseline -0.003 -15"><span class='ocrx_word' id='word_1_201' title='bbox 560 2530 617 2580; x_wconf 87' lang='grc' dir='ltr'>ὐ</span> <span class='ocrx_word' id='word_1_202' title='bbox 651 2529 799 2581; x_wconf 87' lang='grc' dir='ltr'>δεῖνα.</span> <span class='ocrx_word' id='word_1_203' title='bbox 844 2527 903 2594; x_wconf 75' lang='grc' dir='ltr'>ἐξ</span> <span class='ocrx_word' id='word_1_204' title='bbox 932 2527 1152 2580; x_wconf 88' lang='grc' dir='ltr'>ὑπάτων</span> <span class='ocrx_word' id='word_1_205' title='bbox 1203 2527 1474 2593; x_wconf 85' lang='grc' dir='ltr'>λέγοντες,</span> <span class='ocrx_word' id='word_1_206' title='bbox 1505 2527 1533 2578; x_wconf 93' lang='lat'>6</span> <span class='ocrx_word' id='word_1_207' title='bbox 1569 2525 1716 2578; x_wconf 89' lang='grc' dir='ltr'>δεῖνα</span> <span class='ocrx_word' id='word_1_208' title='bbox 1755 2523 1818 2589; x_wconf 78' lang='grc' dir='ltr'>ἐξ</span> <span class='ocrx_word' id='word_1_209' title='bbox 1860 2525 2141 2596; x_wconf 80' lang='grc' dir='ltr'>ὑπάρχων·</span> 
     </span>
    </p>
   </div>
   <div class='ocr_carea' id='block_1_28' title="bbox 477 2607 2140 2683">
    <p class='ocr_par' dir='ltr' id='par_1_28' title="bbox 477 2607 2140 2683">
     <span class='ocr_line' id='line_1_28' title="bbox 477 2607 2140 2683; baseline -0.002 -16"><span class='ocrx_word' id='word_1_210' title='bbox 477 2607 631 2677; x_wconf 66' lang='grc' dir='ltr'>οὗτος</span> <span class='ocrx_word' id='word_1_211' title='bbox 663 2614 720 2666; x_wconf 83' lang='grc' dir='ltr'>δὲ</span> <span class='ocrx_word' id='word_1_212' title='bbox 745 2615 867 2666; x_wconf 77' lang='grc' dir='ltr'>ἀντὶ</span> <span class='ocrx_word' id='word_1_213' title='bbox 905 2613 1122 2668; x_wconf 86' lang='grc' dir='ltr'>πάντων</span> <span class='ocrx_word' id='word_1_214' title='bbox 1159 2613 1387 2677; x_wconf 88' lang='grc' dir='ltr'>τούτων,</span> <span class='ocrx_word' id='word_1_215' title='bbox 1425 2611 1668 2676; x_wconf 77' lang='grc' dir='ltr'>Παῦλος</span> <span class='ocrx_word' id='word_1_216' title='bbox 1694 2610 1961 2680; x_wconf 82' lang='grc' dir='ltr'>δέσμιος,</span> <span class='ocrx_word' id='word_1_217' title='bbox 1989 2611 2140 2683; x_wconf 88' lang='grc' dir='ltr'>φησί·</span> 
     </span>
    </p>
   </div>
   <div class='ocr_carea' id='block_1_29' title="bbox 479 2697 2146 2772">
    <p class='ocr_par' dir='ltr' id='par_1_29' title="bbox 479 2697 2146 2772">
     <span class='ocr_line' id='line_1_29' title="bbox 479 2697 2146 2772; baseline -0.002 -17"><span class='ocrx_word' id='word_1_218' title='bbox 479 2706 573 2757; x_wconf 72' lang='grc' dir='ltr'>καὶ</span> <span class='ocrx_word' id='word_1_219' title='bbox 608 2702 752 2772; x_wconf 86' lang='grc' dir='ltr'>μάλα</span> <span class='ocrx_word' id='word_1_220' title='bbox 785 2701 1030 2764; x_wconf 70' lang='grc' dir='ltr'>εἰκότως.</span> <span class='ocrx_word' id='word_1_221' title='bbox 1077 2702 1314 2754; x_wconf 85' lang='grc' dir='ltr'>Ἐκεῖναι</span> <span class='ocrx_word' id='word_1_222' title='bbox 1352 2699 1449 2768; x_wconf 82' lang='grc' dir='ltr'>μὲν</span> <span class='ocrx_word' id='word_1_223' title='bbox 1477 2697 1586 2768; x_wconf 89' lang='grc' dir='ltr'>γάρ</span> <span class='ocrx_word' id='word_1_224' title='bbox 1622 2698 1678 2750; x_wconf 81' lang='grc' dir='ltr'>αἱ</span> <span class='ocrx_word' id='word_1_225' title='bbox 1711 2697 1877 2768; x_wconf 79' lang='grc' dir='ltr'>ἀρχαί⁸</span> <span class='ocrx_word' id='word_1_226' title='bbox 1909 2697 1970 2750; x_wconf 80' lang='grc' dir='ltr'>οὐ</span> <span class='ocrx_word' id='word_1_227' title='bbox 2011 2698 2146 2752; x_wconf 82' lang='grc' dir='ltr'>πάν-</span> 
     </span>
    </p>
   </div>
   <div class='ocr_carea' id='block_1_30' title="bbox 477 2783 2145 2858">
    <p class='ocr_par' dir='ltr' id='par_1_30' title="bbox 477 2783 2145 2858">
     <span class='ocr_line' id='line_1_30' title="bbox 477 2783 2145 2858; baseline -0.003 -15"><span class='ocrx_word' id='word_1_228' title='bbox 477 2807 584 2852; x_wconf 84' lang='grc' dir='ltr'>τως</span> <span class='ocrx_word' id='word_1_229' title='bbox 617 2789 723 2840; x_wconf 76' lang='grc' dir='ltr'>εἰσὶ</span> <span class='ocrx_word' id='word_1_230' title='bbox 753 2790 850 2858; x_wconf 84' lang='grc' dir='ltr'>τῆς</span> <span class='ocrx_word' id='word_1_231' title='bbox 882 2787 1022 2840; x_wconf 87' lang='grc' dir='ltr'>κατά</span> <span class='ocrx_word' id='word_1_232' title='bbox 1053 2786 1228 2856; x_wconf 70' lang='grc' dir='ltr'>ψυχὴν</span> <span class='ocrx_word' id='word_1_233' title='bbox 1269 2785 1468 2857; x_wconf 89' lang='grc' dir='ltr'>ἀρετῆς</span> <span class='ocrx_word' id='word_1_234' title='bbox 1499 2783 1818 2848; x_wconf 79' lang='grc' dir='ltr'>ἀποδείξεις·</span> <span class='ocrx_word' id='word_1_235' title='bbox 1847 2784 2145 2856; x_wconf 87' lang='grc' dir='ltr'>χρημάτων</span> 
     </span>
    </p>
   </div>
   <div class='ocr_carea' id='block_1_31' title="bbox 475 2871 2145 2948">
    <p class='ocr_par' dir='ltr' id='par_1_31' title="bbox 475 2871 2145 2948">
     <span class='ocr_line' id='line_1_31' title="bbox 475 2871 2145 2948; baseline -0.001 -20"><span class='ocrx_word' id='word_1_236' title='bbox 475 2876 582 2948; x_wconf 89' lang='grc' dir='ltr'>γάρ</span> <span class='ocrx_word' id='word_1_237' title='bbox 610 2879 745 2928; x_wconf 88' lang='grc' dir='ltr'>εἰσιν</span> <span class='ocrx_word' id='word_1_238' title='bbox 771 2875 994 2946; x_wconf 74' lang='grc' dir='ltr'>ὠνηταὶ.</span> <span class='ocrx_word' id='word_1_239' title='bbox 1029 2875 1124 2927; x_wconf 71' lang='grc' dir='ltr'>καὶ</span> <span class='ocrx_word' id='word_1_240' title='bbox 1152 2873 1322 2942; x_wconf 87' lang='grc' dir='ltr'>φίλων</span> <span class='ocrx_word' id='word_1_241' title='bbox 1343 2873 1630 2933; x_wconf 80' lang='grc' dir='ltr'>κολακείας</span> <span class='ocrx_word' id='word_1_242' title='bbox 1651 2871 1882 2926; x_wconf 85' lang='grc' dir='ltr'>δέονται·</span> <span class='ocrx_word' id='word_1_243' title='bbox 1917 2871 2054 2942; x_wconf 83' lang='grc' dir='ltr'>αῦτη</span> <span class='ocrx_word' id='word_1_244' title='bbox 2087 2872 2145 2926; x_wconf 83' lang='grc' dir='ltr'>δὲ</span> 
     </span>
    </p>
   </div>
   <div class='ocr_carea' id='block_1_32' title="bbox 475 2959 2144 3036">
    <p class='ocr_par' dir='ltr' id='par_1_32' title="bbox 475 2959 2144 3036">
     <span class='ocr_line' id='line_1_32' title="bbox 475 2959 2144 3036; baseline -0.002 -19"><span class='ocrx_word' id='word_1_245' title='bbox 475 2967 508 3034; x_wconf 85' lang='grc' dir='ltr'>ἡ</span> <span class='ocrx_word' id='word_1_246' title='bbox 549 2963 744 3036; x_wconf 82' lang='grc' dir='ltr'>ἀρχὴὴ</span> <span class='ocrx_word' id='word_1_247' title='bbox 772 2964 881 3016; x_wconf 85' lang='grc' dir='ltr'>ἀπὸ</span> <span class='ocrx_word' id='word_1_248' title='bbox 909 2963 1018 3016; x_wconf 88' lang='grc' dir='ltr'>τῶν</span> <span class='ocrx_word' id='word_1_249' title='bbox 1057 2961 1270 3032; x_wconf 85' lang='grc' dir='ltr'>δεσμῶν</span> <span class='ocrx_word' id='word_1_250' title='bbox 1313 2961 1414 3030; x_wconf 89' lang='grc' dir='ltr'>τῆς</span> <span class='ocrx_word' id='word_1_251' title='bbox 1443 2959 1586 3013; x_wconf 87' lang='grc' dir='ltr'>κατά</span> <span class='ocrx_word' id='word_1_252' title='bbox 1612 2959 1789 3030; x_wconf 71' lang='grc' dir='ltr'>ψυχὴν</span> <span class='ocrx_word' id='word_1_253' title='bbox 1829 2959 2144 3029; x_wconf 79' lang='grc' dir='ltr'>φιλοσοφίας</span> 
     </span>
    </p>
   </div>
   <div class='ocr_carea' id='block_1_33' title="bbox 449 3046 2140 3120">
    <p class='ocr_par' dir='ltr' id='par_1_33' title="bbox 449 3046 2140 3120">
     <span class='ocr_line' id='line_1_33' title="bbox 449 3046 2140 3120; baseline -0.004 -16"><span class='ocrx_word' id='word_1_254' title='bbox 449 3049 456 3056; x_wconf 70' lang='grc'><strong>’</strong></span> <span class='ocrx_word' id='word_1_255' title='bbox 475 3052 620 3104; x_wconf 76' lang='grc' dir='ltr'>ἐστὶν</span> <span class='ocrx_word' id='word_1_256' title='bbox 641 3050 897 3120; x_wconf 75' lang='grc' dir='ltr'>ἔνδειγμα</span> <span class='ocrx_word' id='word_1_257' title='bbox 912 3063 960 3113; x_wconf 78' lang='grc' dir='ltr'>ι,</span> <span class='ocrx_word' id='word_1_258' title='bbox 981 3049 1182 3103; x_wconf 73' lang='grc' dir='ltr'>καὶτοῦ</span> <span class='ocrx_word' id='word_1_259' title='bbox 1219 3066 1285 3101; x_wconf 90' lang='grc' dir='ltr'>πε</span> <span class='ocrx_word' id='word_1_260' title='bbox 1295 3049 1346 3120; x_wconf 70' lang='grc' dir='ltr'>ρὶ</span> <span class='ocrx_word' id='word_1_261' title='bbox 1366 3047 1458 3101; x_wconf 83' lang='grc' dir='ltr'>τὸν</span> <span class='ocrx_word' id='word_1_262' title='bbox 1479 3048 1712 3118; x_wconf 83' lang='grc' dir='ltr'>Χριστὸν</span> <span class='ocrx_word' id='word_1_263' title='bbox 1738 3046 1903 3099; x_wconf 86' lang='grc' dir='ltr'>πόθου</span> <span class='ocrx_word' id='word_1_264' title='bbox 1931 3065 2026 3099; x_wconf 88' lang='grc' dir='ltr'>τεκ</span> <span class='ocrx_word' id='word_1_265' title='bbox 2035 3047 2140 3117; x_wconf 85' lang='grc' dir='ltr'>μή-</span> 
     </span>
    </p>
   </div>
   <div class='ocr_carea' id='block_1_34' title="bbox 477 3133 2143 3207">
    <p class='ocr_par' dir='ltr' id='par_1_34' title="bbox 477 3133 2143 3207">
     <span class='ocr_line' id='line_1_34' title="bbox 477 3133 2143 3207; baseline -0.003 -17"><span class='ocrx_word' id='word_1_266' title='bbox 477 3155 590 3207; x_wconf 85' lang='grc' dir='ltr'>ριον</span> <span class='ocrx_word' id='word_1_267' title='bbox 634 3136 912 3207; x_wconf 89' lang='grc' dir='ltr'>μέγιστον·</span> <span class='ocrx_word' id='word_1_268' title='bbox 957 3137 1210 3190; x_wconf 87' lang='grc' dir='ltr'>κάκεῖναι</span> <span class='ocrx_word' id='word_1_269' title='bbox 1265 3136 1360 3205; x_wconf 82' lang='grc' dir='ltr'>μὲν</span> <span class='ocrx_word' id='word_1_270' title='bbox 1395 3135 1718 3205; x_wconf 87' lang='grc' dir='ltr'>ἀποπηδῶσι</span> <span class='ocrx_word' id='word_1_271' title='bbox 1741 3135 1968 3204; x_wconf 85' lang='grc' dir='ltr'>ταχέως,</span> <span class='ocrx_word' id='word_1_272' title='bbox 2005 3133 2143 3204; x_wconf 74' lang='grc' dir='ltr'>αὕτη</span> 
     </span>
    </p>
   </div>
   <div class='ocr_carea' id='block_1_35' title="bbox 473 3221 2144 3296">
    <p class='ocr_par' dir='ltr' id='par_1_35' title="bbox 473 3221 2144 3296">
     <span class='ocr_line' id='line_1_35' title="bbox 473 3221 2144 3296; baseline -0.002 -19"><span class='ocrx_word' id='word_1_273' title='bbox 473 3225 529 3276; x_wconf 79' lang='grc' dir='ltr'>δέ</span> <span class='ocrx_word' id='word_1_274' title='bbox 563 3226 660 3278; x_wconf 79' lang='grc' dir='ltr'>οὐκ</span> <span class='ocrx_word' id='word_1_275' title='bbox 683 3225 792 3296; x_wconf 76' lang='grc' dir='ltr'>ἔχει</span> <span class='ocrx_word' id='word_1_276' title='bbox 818 3225 906 3279; x_wconf 74' lang='grc' dir='ltr'>τὸν</span> <span class='ocrx_word' id='word_1_277' title='bbox 936 3224 1306 3296; x_wconf 80' lang='grc' dir='ltr'>διαδεξόμενον</span> <span class='ocrx_word' id='word_1_278' title='bbox 1334 3223 1550 3294; x_wconf 77' lang='grc' dir='ltr'>ἡάρχὴ.</span> <span class='ocrx_word' id='word_1_279' title='bbox 1593 3222 1723 3275; x_wconf 74' lang='grc' dir='ltr'>Ἰδοὺ</span> <span class='ocrx_word' id='word_1_280' title='bbox 1748 3221 1877 3290; x_wconf 89' lang='grc' dir='ltr'>γοῦν</span> <span class='ocrx_word' id='word_1_281' title='bbox 1907 3221 1965 3288; x_wconf 86' lang='grc' dir='ltr'>ἐξ</span> <span class='ocrx_word' id='word_1_282' title='bbox 2000 3222 2144 3274; x_wconf 87' lang='grc' dir='ltr'>ἐκεί-</span> 
     </span>
    </p>
   </div>
   <div class='ocr_carea' id='block_1_36' title="bbox 475 3309 2141 3384">
    <p class='ocr_par' dir='ltr' id='par_1_36' title="bbox 475 3309 2141 3384">
     <span class='ocr_line' id='line_1_36' title="bbox 475 3309 2141 3384; baseline -0.002 -20"><span class='ocrx_word' id='word_1_283' title='bbox 475 3330 565 3364; x_wconf 81' lang='grc' dir='ltr'>νου</span> <span class='ocrx_word' id='word_1_284' title='bbox 603 3313 764 3384; x_wconf 85' lang='grc' dir='ltr'>μέχρι</span> <span class='ocrx_word' id='word_1_285' title='bbox 787 3313 880 3366; x_wconf 85' lang='grc' dir='ltr'>νῦν</span> <span class='ocrx_word' id='word_1_286' title='bbox 917 3313 1080 3376; x_wconf 87' lang='grc' dir='ltr'>πόσος</span> <span class='ocrx_word' id='word_1_287' title='bbox 1125 3312 1406 3380; x_wconf 86' lang='grc' dir='ltr'>διαγέγονε</span> <span class='ocrx_word' id='word_1_288' title='bbox 1449 3310 1660 3381; x_wconf 86' lang='grc' dir='ltr'>χρόνος,</span> <span class='ocrx_word' id='word_1_289' title='bbox 1700 3311 1793 3362; x_wconf 75' lang='grc' dir='ltr'>καὶ</span> <span class='ocrx_word' id='word_1_290' title='bbox 1829 3309 2141 3381; x_wconf 79' lang='grc' dir='ltr'>λαμπρότε-</span> 
     </span>
    </p>
   </div>
   <div class='ocr_carea' id='block_1_37' title="bbox 479 3395 2142 3470">
    <p class='ocr_par' dir='ltr' id='par_1_37' title="bbox 479 3395 2142 3470">
     <span class='ocr_line' id='line_1_37' title="bbox 479 3395 2142 3470; baseline 0 -20"><span class='ocrx_word' id='word_1_291' title='bbox 479 3416 569 3468; x_wconf 88' lang='grc' dir='ltr'>ρον</span> <span class='ocrx_word' id='word_1_292' title='bbox 596 3399 655 3450; x_wconf 87' lang='grc' dir='ltr'>τὸ</span> <span class='ocrx_word' id='word_1_293' title='bbox 682 3401 850 3468; x_wconf 81' lang='grc' dir='ltr'>ὄνομα</span> <span class='ocrx_word' id='word_1_294' title='bbox 872 3398 966 3452; x_wconf 86' lang='grc' dir='ltr'>τοῦ</span> <span class='ocrx_word' id='word_1_295' title='bbox 993 3399 1212 3470; x_wconf 87' lang='grc' dir='ltr'>δεσμίου</span> <span class='ocrx_word' id='word_1_296' title='bbox 1249 3399 1438 3467; x_wconf 85' lang='grc' dir='ltr'>γέγονε</span> <span class='ocrx_word' id='word_1_297' title='bbox 1456 3395 1667 3450; x_wconf 87' lang='grc' dir='ltr'>τούτου·</span> <span class='ocrx_word' id='word_1_298' title='bbox 1694 3395 1787 3450; x_wconf 82' lang='grc' dir='ltr'>καί</span> <span class='ocrx_word' id='word_1_299' title='bbox 1816 3395 2010 3450; x_wconf 77' lang='grc' dir='ltr'>ὕπατοι</span> <span class='ocrx_word' id='word_1_300' title='bbox 2043 3397 2142 3467; x_wconf 87' lang='grc' dir='ltr'>μέν</span> 
     </span>
    </p>
   </div>
   <div class='ocr_carea' id='block_1_38' title="bbox 471 3483 2139 3556">
    <p class='ocr_par' dir='ltr' id='par_1_38' title="bbox 471 3483 2139 3556">
     <span class='ocr_line' id='line_1_38' title="bbox 471 3483 2139 3556; baseline -0.001 -17"><span class='ocrx_word' id='word_1_301' title='bbox 471 3483 731 3554; x_wconf 71' lang='grc' dir='ltr'>ἅπαντες,</span> <span class='ocrx_word' id='word_1_302' title='bbox 763 3487 875 3540; x_wconf 82' lang='grc' dir='ltr'>ὅσοι</span> <span class='ocrx_word' id='word_1_303' title='bbox 905 3487 1187 3556; x_wconf 88' lang='grc' dir='ltr'>γεγόνασιν</span> <span class='ocrx_word' id='word_1_304' title='bbox 1219 3487 1276 3540; x_wconf 87' lang='grc' dir='ltr'>ἐν</span> <span class='ocrx_word' id='word_1_305' title='bbox 1309 3487 1420 3548; x_wconf 89' lang='grc' dir='ltr'>τοῖς</span> <span class='ocrx_word' id='word_1_306' title='bbox 1450 3483 1759 3556; x_wconf 76' lang='grc' dir='ltr'>ἔμπροσθεν</span> <span class='ocrx_word' id='word_1_307' title='bbox 1783 3483 2013 3556; x_wconf 83' lang='grc' dir='ltr'>χρόνοις,</span> <span class='ocrx_word' id='word_1_308' title='bbox 2051 3502 2139 3538; x_wconf 90' lang='grc' dir='ltr'>σε-</span> 
     </span>
    </p>
   </div>
   <div class='ocr_carea' id='block_1_39' title="bbox 473 3572 2143 3644">
    <p class='ocr_par' dir='ltr' id='par_1_39' title="bbox 473 3572 2143 3644">
     <span class='ocr_line' id='line_1_39' title="bbox 473 3572 2143 3644; baseline -0.001 -18"><span class='ocrx_word' id='word_1_309' title='bbox 473 3573 841 3644; x_wconf 74' lang='grc' dir='ltr'>σίγηνταικαὶ</span> <span class='ocrx_word' id='word_1_310' title='bbox 887 3575 1008 3628; x_wconf 83' lang='grc' dir='ltr'>οὐδέ</span> <span class='ocrx_word' id='word_1_311' title='bbox 1059 3575 1123 3628; x_wconf 85' lang='grc' dir='ltr'>ἐκ</span> <span class='ocrx_word' id='word_1_312' title='bbox 1173 3572 1545 3644; x_wconf 85' lang='grc' dir='ltr'>προσηγορίας</span> <span class='ocrx_word' id='word_1_313' title='bbox 1581 3573 1688 3625; x_wconf 75' lang='grc' dir='ltr'>εἰσί</span> <span class='ocrx_word' id='word_1_314' title='bbox 1718 3572 1982 3644; x_wconf 87' lang='grc' dir='ltr'>γνώριμοι</span> <span class='ocrx_word' id='word_1_315' title='bbox 2031 3577 2143 3636; x_wconf 91' lang='grc' dir='ltr'>τοῖς</span> 
     </span>
    </p>
   </div>
   <div class='ocr_carea' id='block_1_40' title="bbox 474 3659 2142 3734">
    <p class='ocr_par' dir='ltr' id='par_1_40' title="bbox 474 3659 2142 3734">
     <span class='ocr_line' id='line_1_40' title="bbox 474 3659 2142 3734; baseline -0.001 -19"><span class='ocrx_word' id='word_1_316' title='bbox 474 3661 710 3726; x_wconf 81' lang='grc' dir='ltr'>πολλοῖς·</span> <span class='ocrx_word' id='word_1_317' title='bbox 735 3663 794 3715; x_wconf 81' lang='grc' dir='ltr'>τὸ</span> <span class='ocrx_word' id='word_1_318' title='bbox 823 3663 880 3715; x_wconf 84' lang='grc' dir='ltr'>δὲ</span> <span class='ocrx_word' id='word_1_319' title='bbox 907 3661 1000 3715; x_wconf 91' lang='grc' dir='ltr'>τοῦ</span> <span class='ocrx_word' id='word_1_320' title='bbox 1027 3662 1249 3734; x_wconf 89' lang='grc' dir='ltr'>δεσμίου</span> <span class='ocrx_word' id='word_1_321' title='bbox 1279 3661 1471 3716; x_wconf 90' lang='grc' dir='ltr'>τούτου</span> <span class='ocrx_word' id='word_1_322' title='bbox 1513 3660 1686 3732; x_wconf 77' lang='grc' dir='ltr'>ϐνομα</span> <span class='ocrx_word' id='word_1_323' title='bbox 1726 3659 1820 3713; x_wconf 88' lang='grc' dir='ltr'>τοῦ</span> <span class='ocrx_word' id='word_1_324' title='bbox 1871 3659 2142 3732; x_wconf 88' lang='grc' dir='ltr'>μακαρίου</span> 
     </span>
    </p>
   </div>
   <div class='ocr_carea' id='block_1_41' title="bbox 472 3747 2143 3821">
    <p class='ocr_par' dir='ltr' id='par_1_41' title="bbox 472 3747 2143 3821">
     <span class='ocr_line' id='line_1_41' title="bbox 472 3747 2143 3821; baseline -0.003 -16"><span class='ocrx_word' id='word_1_325' title='bbox 472 3752 686 3805; x_wconf 78' lang='grc' dir='ltr'>Παύλου</span> <span class='ocrx_word' id='word_1_326' title='bbox 709 3751 843 3803; x_wconf 81' lang='grc' dir='ltr'>πολὺ</span> <span class='ocrx_word' id='word_1_327' title='bbox 879 3751 978 3821; x_wconf 81' lang='grc' dir='ltr'>μὲν</span> <span class='ocrx_word' id='word_1_328' title='bbox 1011 3749 1266 3813; x_wconf 89' lang='grc' dir='ltr'>ἐνταῦθα,</span> <span class='ocrx_word' id='word_1_329' title='bbox 1301 3749 1434 3803; x_wconf 80' lang='grc' dir='ltr'>πολὺ</span> <span class='ocrx_word' id='word_1_330' title='bbox 1456 3749 1513 3802; x_wconf 83' lang='grc' dir='ltr'>δὲ</span> <span class='ocrx_word' id='word_1_331' title='bbox 1541 3751 1597 3801; x_wconf 93' lang='grc' dir='ltr'>ἐν</span> <span class='ocrx_word' id='word_1_332' title='bbox 1625 3751 1692 3820; x_wconf 81' lang='grc' dir='ltr'>τῇ</span> <span class='ocrx_word' id='word_1_333' title='bbox 1724 3747 2014 3819; x_wconf 79' lang='grc' dir='ltr'>βαρϐάρων</span> <span class='ocrx_word' id='word_1_334' title='bbox 2036 3747 2143 3818; x_wconf 82' lang='grc' dir='ltr'>χώ-</span> 
     </span>
    </p>
   </div>
   <div class='ocr_carea' id='block_1_42' title="bbox 475 3835 2143 3912">
    <p class='ocr_par' dir='ltr' id='par_1_42' title="bbox 475 3835 2143 3912">
     <span class='ocr_line' id='line_1_42' title="bbox 475 3835 2143 3912; baseline -0.001 -22"><span class='ocrx_word' id='word_1_335' title='bbox 475 3857 562 3912; x_wconf 78' lang='grc' dir='ltr'>ρᾳ,</span> <span class='ocrx_word' id='word_1_336' title='bbox 599 3839 730 3890; x_wconf 74' lang='grc' dir='ltr'>πολὺ</span> <span class='ocrx_word' id='word_1_337' title='bbox 770 3837 826 3890; x_wconf 84' lang='grc' dir='ltr'>δέ</span> <span class='ocrx_word' id='word_1_338' title='bbox 877 3837 1029 3906; x_wconf 79' lang='grc' dir='ltr'>παρὰ</span> <span class='ocrx_word' id='word_1_339' title='bbox 1062 3837 1296 3900; x_wconf 76' lang='grc' dir='ltr'>Σκύθαις</span> <span class='ocrx_word' id='word_1_340' title='bbox 1337 3839 1430 3889; x_wconf 70' lang='grc' dir='ltr'>καὶ</span> <span class='ocrx_word' id='word_1_341' title='bbox 1469 3835 1670 3900; x_wconf 86' lang='grc' dir='ltr'>Ἰνδοῖς,</span> <span class='ocrx_word' id='word_1_342' title='bbox 1705 3835 1808 3889; x_wconf 80' lang='grc' dir='ltr'>κᾶν</span> <span class='ocrx_word' id='word_1_343' title='bbox 1843 3837 1978 3906; x_wconf 85' lang='grc' dir='ltr'>πρὸς</span> <span class='ocrx_word' id='word_1_344' title='bbox 2005 3835 2143 3890; x_wconf 85' lang='grc' dir='ltr'>αὐτά</span> 
     </span>
    </p>
   </div>
   <div class='ocr_carea' id='block_1_43' title="bbox 472 3923 2144 3996">
    <p class='ocr_par' dir='ltr' id='par_1_43' title="bbox 472 3923 2144 3996">
     <span class='ocr_line' id='line_1_43' title="bbox 472 3923 2144 3996; baseline -0.001 -19"><span class='ocrx_word' id='word_1_345' title='bbox 472 3929 570 3996; x_wconf 83' lang='grc' dir='ltr'>τῆς</span> <span class='ocrx_word' id='word_1_346' title='bbox 617 3924 936 3995; x_wconf 75' lang='grc' dir='ltr'>οἰκουμένης</span> <span class='ocrx_word' id='word_1_347' title='bbox 987 3923 1146 3994; x_wconf 78' lang='grc' dir='ltr'>ἔλθῃς</span> <span class='ocrx_word' id='word_1_348' title='bbox 1184 3923 1252 3976; x_wconf 83' lang='grc' dir='ltr'>τὰ</span> <span class='ocrx_word' id='word_1_349' title='bbox 1282 3923 1515 3996; x_wconf 86' lang='grc' dir='ltr'>πέρατα,</span> <span class='ocrx_word' id='word_1_350' title='bbox 1547 3923 1752 3994; x_wconf 80' lang='grc' dir='ltr'>ταύτης</span> <span class='ocrx_word' id='word_1_351' title='bbox 1796 3924 2004 3996; x_wconf 81' lang='grc' dir='ltr'>ἀκούσῃ</span> <span class='ocrx_word' id='word_1_352' title='bbox 2045 3925 2144 3995; x_wconf 88' lang='grc' dir='ltr'>τῆς</span> 
     </span>
    </p>
   </div>
   <div class='ocr_carea' id='block_1_44' title="bbox 473 4010 2143 4082">
    <p class='ocr_par' dir='ltr' id='par_1_44' title="bbox 473 4010 2143 4082">
     <span class='ocr_line' id='line_1_44' title="bbox 473 4010 2143 4082; baseline 0 -18"><span class='ocrx_word' id='word_1_353' title='bbox 473 4010 860 4082; x_wconf 75' lang='grc' dir='ltr'>προσηγορίας,</span> <span class='ocrx_word' id='word_1_354' title='bbox 888 4011 980 4064; x_wconf 76' lang='grc' dir='ltr'>καὶ</span> <span class='ocrx_word' id='word_1_355' title='bbox 999 4013 1241 4080; x_wconf 84' lang='grc' dir='ltr'>ὅπουπερ</span> <span class='ocrx_word' id='word_1_356' title='bbox 1257 4011 1321 4064; x_wconf 84' lang='grc' dir='ltr'>ἄν</span> <span class='ocrx_word' id='word_1_357' title='bbox 1343 4028 1424 4074; x_wconf 90' lang='grc' dir='ltr'>τις</span> <span class='ocrx_word' id='word_1_358' title='bbox 1452 4011 1738 4080; x_wconf 88' lang='grc' dir='ltr'>ἀφίκηται,</span> <span class='ocrx_word' id='word_1_359' title='bbox 1767 4010 1984 4064; x_wconf 80' lang='grc' dir='ltr'>Παῦλον</span> <span class='ocrx_word' id='word_1_360' title='bbox 2007 4027 2143 4064; x_wconf 89' lang='grc' dir='ltr'>παν-</span> 
     </span>
    </p>
   </div>
   <div class='ocr_carea' id='block_1_45' title="bbox 471 4097 2138 4169">
    <p class='ocr_par' dir='ltr' id='par_1_45' title="bbox 471 4097 2138 4169">
     <span class='ocr_line' id='line_1_45' title="bbox 471 4097 2138 4169; baseline 0.002 -20"><span class='ocrx_word' id='word_1_361' title='bbox 471 4097 636 4168; x_wconf 75' lang='grc' dir='ltr'>ταχοῦ</span> <span class='ocrx_word' id='word_1_362' title='bbox 670 4100 727 4150; x_wconf 89' lang='grc' dir='ltr'>ἐν</span> <span class='ocrx_word' id='word_1_363' title='bbox 771 4101 882 4161; x_wconf 88' lang='grc' dir='ltr'>τοῖς</span> <span class='ocrx_word' id='word_1_364' title='bbox 915 4099 1166 4152; x_wconf 86' lang='grc' dir='ltr'>ἁπάντων</span> <span class='ocrx_word' id='word_1_365' title='bbox 1194 4097 1424 4168; x_wconf 87' lang='grc' dir='ltr'>στόμασι</span> <span class='ocrx_word' id='word_1_366' title='bbox 1455 4097 1883 4169; x_wconf 87' lang='grc' dir='ltr'>περιφερόμενον</span> <span class='ocrx_word' id='word_1_367' title='bbox 1912 4098 2138 4152; x_wconf 77' lang='grc' dir='ltr'>εἵσεται.</span> 
     </span>
    </p>
   </div>
   <div class='ocr_carea' id='block_1_46' title="bbox 475 4185 2140 4256">
    <p class='ocr_par' dir='ltr' id='par_1_46' title="bbox 475 4185 2140 4256">
     <span class='ocr_line' id='line_1_46' title="bbox 475 4185 2140 4256; baseline 0.001 -18"><span class='ocrx_word' id='word_1_368' title='bbox 475 4187 583 4239; x_wconf 69' lang='grc' dir='ltr'>Καὶ</span> <span class='ocrx_word' id='word_1_369' title='bbox 621 4188 671 4238; x_wconf 86' lang='grc' dir='ltr'>τί</span> <span class='ocrx_word' id='word_1_370' title='bbox 702 4186 1034 4256; x_wconf 81' lang='grc' dir='ltr'>θαυμαστὸν,</span> <span class='ocrx_word' id='word_1_371' title='bbox 1069 4188 1118 4238; x_wconf 84' lang='grc' dir='ltr'>εί</span> <span class='ocrx_word' id='word_1_372' title='bbox 1139 4187 1196 4238; x_wconf 86' lang='grc' dir='ltr'>ἐν</span> <span class='ocrx_word' id='word_1_373' title='bbox 1213 4189 1282 4256; x_wconf 85' lang='grc' dir='ltr'>γῇ</span> <span class='ocrx_word' id='word_1_374' title='bbox 1297 4185 1390 4238; x_wconf 75' lang='grc' dir='ltr'>καὶ</span> <span class='ocrx_word' id='word_1_375' title='bbox 1427 4185 1685 4256; x_wconf 80' lang='grc' dir='ltr'>θαλάττῃ,</span> <span class='ocrx_word' id='word_1_376' title='bbox 1704 4187 1836 4239; x_wconf 82' lang='grc' dir='ltr'>ὅπου</span> <span class='ocrx_word' id='word_1_377' title='bbox 1861 4203 1923 4250; x_wconf 91' lang='grc' dir='ltr'>γε</span> <span class='ocrx_word' id='word_1_378' title='bbox 1951 4187 2045 4239; x_wconf 72' lang='grc' dir='ltr'>καὶ</span> <span class='ocrx_word' id='word_1_379' title='bbox 2083 4189 2140 4240; x_wconf 86' lang='grc' dir='ltr'>ἐν</span> 
     </span>
    </p>
   </div>
   <div class='ocr_carea' id='block_1_47' title="bbox 471 4272 2138 4344">
    <p class='ocr_par' dir='ltr' id='par_1_47' title="bbox 471 4272 2138 4344">
     <span class='ocr_line' id='line_1_47' title="bbox 471 4272 2138 4344; baseline 0.001 -21"><span class='ocrx_word' id='word_1_380' title='bbox 471 4275 583 4334; x_wconf 85' lang='grc' dir='ltr'>τοῖς</span> <span class='ocrx_word' id='word_1_381' title='bbox 616 4275 859 4343; x_wconf 76' lang='grc' dir='ltr'>οὐρανοῖς</span> <span class='ocrx_word' id='word_1_382' title='bbox 888 4272 1018 4326; x_wconf 84' lang='grc' dir='ltr'>πολὺ</span> <span class='ocrx_word' id='word_1_383' title='bbox 1045 4273 1105 4325; x_wconf 82' lang='grc' dir='ltr'>τὸ</span> <span class='ocrx_word' id='word_1_384' title='bbox 1125 4272 1294 4344; x_wconf 75' lang='grc' dir='ltr'>ὄνομα</span> <span class='ocrx_word' id='word_1_385' title='bbox 1326 4273 1538 4326; x_wconf 89' lang='grc' dir='ltr'>Παύλου</span> <span class='ocrx_word' id='word_1_386' title='bbox 1559 4273 1709 4343; x_wconf 81' lang='grc' dir='ltr'>παρὰ</span> <span class='ocrx_word' id='word_1_387' title='bbox 1737 4275 1848 4336; x_wconf 89' lang='grc' dir='ltr'>τοῖς</span> <span class='ocrx_word' id='word_1_388' title='bbox 1869 4273 2138 4341; x_wconf 80' lang='grc' dir='ltr'>ἀγγέλοις,</span> 
     </span>
    </p>
   </div>
   <div class='ocr_carea' id='block_1_48' title="bbox 475 4361 2139 4432">
    <p class='ocr_par' dir='ltr' id='par_1_48' title="bbox 475 4361 2139 4432">
     <span class='ocr_line' id='line_1_48' title="bbox 475 4361 2139 4432; baseline 0.001 -20"><span class='ocrx_word' id='word_1_389' title='bbox 475 4379 550 4412; x_wconf 87' lang='grc' dir='ltr'>πα</span> <span class='ocrx_word' id='word_1_390' title='bbox 557 4361 626 4431; x_wconf 77' lang='grc' dir='ltr'>ρά</span> <span class='ocrx_word' id='word_1_391' title='bbox 645 4365 756 4422; x_wconf 82' lang='grc' dir='ltr'>τοῖς</span> <span class='ocrx_word' id='word_1_392' title='bbox 774 4362 1134 4432; x_wconf 83' lang='grc' dir='ltr'>ἀρχαγγέλοις</span> <span class='ocrx_word' id='word_1_393' title='bbox 1167 4362 1259 4414; x_wconf 76' lang='grc' dir='ltr'>καὶ</span> <span class='ocrx_word' id='word_1_394' title='bbox 1274 4365 1394 4424; x_wconf 88' lang='grc' dir='ltr'>ταῖς</span> <span class='ocrx_word' id='word_1_395' title='bbox 1411 4361 1521 4414; x_wconf 84' lang='grc' dir='ltr'>ἀνω</span> <span class='ocrx_word' id='word_1_396' title='bbox 1537 4361 1795 4430; x_wconf 84' lang='grc' dir='ltr'>δυνάμεσι</span> <span class='ocrx_word' id='word_1_397' title='bbox 1814 4363 1908 4414; x_wconf 73' lang='grc' dir='ltr'>καὶ</span> <span class='ocrx_word' id='word_1_398' title='bbox 1922 4361 1999 4432; x_wconf 81' lang='grc' dir='ltr'>τῷ</span> <span class='ocrx_word' id='word_1_399' title='bbox 2014 4361 2139 4414; x_wconf 88' lang='grc' dir='ltr'>τού-</span> 
     </span>
    </p>
   </div>
   <div class='ocr_carea' id='block_1_49' title="bbox 473 4445 2136 4520">
    <p class='ocr_par' dir='ltr' id='par_1_49' title="bbox 473 4445 2136 4520">
     <span class='ocr_line' id='line_1_49' title="bbox 473 4445 2136 4520; baseline 0.003 -20"><span class='ocrx_word' id='word_1_400' title='bbox 473 4466 578 4500; x_wconf 86' lang='grc' dir='ltr'>των</span> <span class='ocrx_word' id='word_1_401' title='bbox 599 4449 807 4519; x_wconf 77' lang='grc' dir='ltr'>βασιλεῖ</span> <span class='ocrx_word' id='word_1_402' title='bbox 833 4448 952 4518; x_wconf 85' lang='grc' dir='ltr'>Θεῷ</span> <span class='ocrx_word' id='word_1_403' title='bbox 968 4468 982 4514; x_wconf 89' lang='grc'>;</span> <span class='ocrx_word' id='word_1_404' title='bbox 1001 4449 1112 4502; x_wconf 77' lang='grc' dir='ltr'>Καὶ</span> <span class='ocrx_word' id='word_1_405' title='bbox 1130 4448 1348 4501; x_wconf 86' lang='grc' dir='ltr'>ποταπά</span> <span class='ocrx_word' id='word_1_406' title='bbox 1361 4445 1427 4519; x_wconf 83' lang='grc' dir='ltr'>ἦν</span> <span class='ocrx_word' id='word_1_407' title='bbox 1461 4450 1662 4512; x_wconf 88' lang='grc' dir='ltr'>ἐκεῖνα,</span> <span class='ocrx_word' id='word_1_408' title='bbox 1681 4466 1754 4518; x_wconf 85' lang='grc' dir='ltr'>φη</span> <span class='ocrx_word' id='word_1_409' title='bbox 1764 4449 1834 4513; x_wconf 77' lang='grc' dir='ltr'>σί,</span> <span class='ocrx_word' id='word_1_410' title='bbox 1851 4449 1922 4500; x_wconf 79' lang='grc' dir='ltr'>τὰ</span> <span class='ocrx_word' id='word_1_411' title='bbox 1940 4449 2136 4520; x_wconf 86' lang='grc' dir='ltr'>δεσμὰ,</span> 
     </span>
    </p>
   </div>
   <div class='ocr_carea' id='block_1_50' title="bbox 473 4534 2134 4609">
    <p class='ocr_par' dir='ltr' id='par_1_50' title="bbox 473 4534 2134 4609">
     <span class='ocr_line' id='line_1_50' title="bbox 473 4534 2134 4609; baseline 0.001 -21"><span class='ocrx_word' id='word_1_412' title='bbox 473 4538 553 4588; x_wconf 79' lang='grc' dir='ltr'>ὅτι</span> <span class='ocrx_word' id='word_1_413' title='bbox 572 4535 839 4607; x_wconf 82' lang='grc' dir='ltr'>τοσαύτην</span> <span class='ocrx_word' id='word_1_414' title='bbox 857 4537 1051 4605; x_wconf 69' lang='grc' dir='ltr'>ἤνεγκε</span> <span class='ocrx_word' id='word_1_415' title='bbox 1069 4534 1274 4606; x_wconf 48' lang='grc' dir='ltr'>τῷιδεδε</span> <span class='ocrx_word' id='word_1_416' title='bbox 1283 4535 1426 4606; x_wconf 82' lang='grc' dir='ltr'>μένῳ</span> <span class='ocrx_word' id='word_1_417' title='bbox 1440 4536 1536 4606; x_wconf 82' lang='grc' dir='ltr'>τὴν</span> <span class='ocrx_word' id='word_1_418' title='bbox 1553 4535 1710 4602; x_wconf 79' lang='grc' dir='ltr'>δόξαν</span> <span class='ocrx_word' id='word_1_419' title='bbox 1727 4552 1740 4600; x_wconf 91' lang='grc'><strong>;</strong></span> <span class='ocrx_word' id='word_1_420' title='bbox 1756 4537 1855 4589; x_wconf 78' lang='grc' dir='ltr'>οὐκ</span> <span class='ocrx_word' id='word_1_421' title='bbox 1869 4536 1974 4590; x_wconf 86' lang='grc' dir='ltr'>ἀπὸ</span> <span class='ocrx_word' id='word_1_422' title='bbox 1994 4537 2134 4609; x_wconf 77' lang='grc' dir='ltr'>σιδήο</span> 
     </span>
    </p>
   </div>
   <div class='ocr_carea' id='block_1_51' title="bbox 471 4621 2135 4695">
    <p class='ocr_par' dir='ltr' id='par_1_51' title="bbox 471 4621 2135 4695">
     <span class='ocr_line' id='line_1_51' title="bbox 471 4621 2135 4695; baseline 0.004 -21"><span class='ocrx_word' id='word_1_423' title='bbox 471 4641 569 4695; x_wconf 84' lang='grc' dir='ltr'>ρου</span> <span class='ocrx_word' id='word_1_424' title='bbox 627 4622 1061 4687; x_wconf 87' lang='grc' dir='ltr'>κατεσκεύαστο;</span> <span class='ocrx_word' id='word_1_425' title='bbox 1129 4621 1262 4675; x_wconf 81' lang='grc' dir='ltr'>Ἀπὸ</span> <span class='ocrx_word' id='word_1_426' title='bbox 1297 4623 1514 4694; x_wconf 87' lang='grc' dir='ltr'>σιδήρου</span> <span class='ocrx_word' id='word_1_427' title='bbox 1570 4624 1668 4693; x_wconf 90' lang='grc' dir='ltr'>μέν</span> <span class='ocrx_word' id='word_1_428' title='bbox 1710 4625 2135 4691; x_wconf 84' lang='grc' dir='ltr'>κατεσκεύαστο,</span> 
     </span>
    </p>
   </div>
   <div class='ocr_carea' id='block_1_52' title="bbox 469 4710 2138 4784">
    <p class='ocr_par' dir='ltr' id='par_1_52' title="bbox 469 4710 2138 4784">
     <span class='ocr_line' id='line_1_52' title="bbox 469 4710 2138 4784; baseline -0.001 -16"><span class='ocrx_word' id='word_1_429' title='bbox 469 4711 610 4768; x_wconf 78' lang='grc' dir='ltr'>ἀλλὰ</span> <span class='ocrx_word' id='word_1_430' title='bbox 645 4711 844 4782; x_wconf 81' lang='grc' dir='ltr'>πολλὴν</span> <span class='ocrx_word' id='word_1_431' title='bbox 875 4710 1019 4782; x_wconf 86' lang='grc' dir='ltr'>εἶχεν</span> <span class='ocrx_word' id='word_1_432' title='bbox 1049 4710 1389 4766; x_wconf 78' lang='grc' dir='ltr'>ἐπανθοῦσαν</span> <span class='ocrx_word' id='word_1_433' title='bbox 1428 4712 1522 4764; x_wconf 83' lang='grc' dir='ltr'>τοῦ</span> <span class='ocrx_word' id='word_1_434' title='bbox 1567 4712 1883 4782; x_wconf 88' lang='grc' dir='ltr'>Πνεύματος</span> <span class='ocrx_word' id='word_1_435' title='bbox 1908 4713 2006 4784; x_wconf 84' lang='grc' dir='ltr'>τὴν</span> <span class='ocrx_word' id='word_1_436' title='bbox 2037 4714 2138 4784; x_wconf 88' lang='grc' dir='ltr'>χά-</span> 
     </span>
    </p>
   </div>
   <div class='ocr_carea' id='block_1_53' title="bbox 473 4799 2140 4874">
    <p class='ocr_par' dir='ltr' id='par_1_53' title="bbox 473 4799 2140 4874">
     <span class='ocr_line' id='line_1_53' title="bbox 473 4799 2140 4874; baseline -0.001 -21"><span class='ocrx_word' id='word_1_437' title='bbox 473 4818 580 4874; x_wconf 87' lang='grc' dir='ltr'>ριν,</span> <span class='ocrx_word' id='word_1_438' title='bbox 613 4799 800 4872; x_wconf 84' lang='grc' dir='ltr'>ὲπειδὴ</span> <span class='ocrx_word' id='word_1_439' title='bbox 825 4800 912 4853; x_wconf 82' lang='grc' dir='ltr'>διὰ</span> <span class='ocrx_word' id='word_1_440' title='bbox 931 4801 1021 4854; x_wconf 83' lang='grc' dir='ltr'>τὸν</span> <span class='ocrx_word' id='word_1_441' title='bbox 1046 4799 1279 4870; x_wconf 84' lang='grc' dir='ltr'>Χριστὸν</span> <span class='ocrx_word' id='word_1_442' title='bbox 1305 4799 1440 4853; x_wconf 83' lang='grc' dir='ltr'>αὐτὰ</span> <span class='ocrx_word' id='word_1_443' title='bbox 1461 4799 1788 4870; x_wconf 87' lang='grc' dir='ltr'>περιέκειτο.</span> <span class='ocrx_word' id='word_1_444' title='bbox 1809 4801 1872 4852; x_wconf 89' lang='grc' dir='ltr'><strong>Ὢ</strong></span> <span class='ocrx_word' id='word_1_445' title='bbox 1898 4799 1992 4854; x_wconf 89' lang='grc' dir='ltr'>τοῦ</span> <span class='ocrx_word' id='word_1_446' title='bbox 2009 4800 2140 4854; x_wconf 87' lang='grc' dir='ltr'>θαύ-</span> 
     </span>
    </p>
   </div>
   <div class='ocr_carea' id='block_1_54' title="bbox 475 4885 2138 4960">
    <p class='ocr_par' dir='ltr' id='par_1_54' title="bbox 475 4885 2138 4960">
     <span class='ocr_line' id='line_1_54' title="bbox 475 4885 2138 4960; baseline -0.001 -19"><span class='ocrx_word' id='word_1_447' title='bbox 475 4890 676 4960; x_wconf 87' lang='grc' dir='ltr'>ματοςί</span> <span class='ocrx_word' id='word_1_448' title='bbox 708 4891 756 4942; x_wconf 89' lang='grc' dir='ltr'>οἱ</span> <span class='ocrx_word' id='word_1_449' title='bbox 790 4888 963 4942; x_wconf 79' lang='grc' dir='ltr'>δοῦλοι</span> <span class='ocrx_word' id='word_1_450' title='bbox 994 4887 1278 4959; x_wconf 78' lang='grc' dir='ltr'>ἐδέθησαν,</span> <span class='ocrx_word' id='word_1_451' title='bbox 1308 4889 1335 4940; x_wconf 91' lang='lat'>6</span> <span class='ocrx_word' id='word_1_452' title='bbox 1361 4889 1636 4958; x_wconf 84' lang='grc' dir='ltr'>Δεσπότης</span> <span class='ocrx_word' id='word_1_453' title='bbox 1664 4885 2006 4958; x_wconf 83' lang='grc' dir='ltr'>ἐσταυρώθη,</span> <span class='ocrx_word' id='word_1_454' title='bbox 2042 4889 2138 4942; x_wconf 80' lang='grc' dir='ltr'>καὶ</span> 
     </span>
    </p>
   </div>
   <div class='ocr_carea' id='block_1_55' title="bbox 471 4976 2138 5049">
    <p class='ocr_par' dir='ltr' id='par_1_55' title="bbox 471 4976 2138 5049">
     <span class='ocr_line' id='line_1_55' title="bbox 471 4976 2138 5049; baseline 0 -15"><span class='ocrx_word' id='word_1_455' title='bbox 471 4977 533 5034; x_wconf 83' lang='grc' dir='ltr'>τὸ</span> <span class='ocrx_word' id='word_1_456' title='bbox 555 4980 815 5049; x_wconf 77' lang='grc' dir='ltr'>κήρυγμα</span> <span class='ocrx_word' id='word_1_457' title='bbox 849 4977 969 5030; x_wconf 86' lang='grc' dir='ltr'>καθ’</span> <span class='ocrx_word' id='word_1_458' title='bbox 1006 4978 1244 5049; x_wconf 77' lang='grc' dir='ltr'>ἑκάστην</span> <span class='ocrx_word' id='word_1_459' title='bbox 1283 4976 1504 5042; x_wconf 75' lang='grc' dir='ltr'>αύξεται</span> <span class='ocrx_word' id='word_1_460' title='bbox 1529 4978 1627 5048; x_wconf 78' lang='grc' dir='ltr'>τὴν</span> <span class='ocrx_word' id='word_1_461' title='bbox 1653 4978 1886 5049; x_wconf 82' lang='grc' dir='ltr'>ἡμέραν,</span> <span class='ocrx_word' id='word_1_462' title='bbox 1919 4980 2012 5032; x_wconf 81' lang='grc' dir='ltr'>καὶ</span> <span class='ocrx_word' id='word_1_463' title='bbox 2049 4979 2138 5034; x_wconf 79' lang='grc' dir='ltr'>διὰ</span> 
     </span>
    </p>
   </div>
   <div class='ocr_carea' id='block_1_56' title="bbox 474 5059 2135 5136">
    <p class='ocr_par' dir='ltr' id='par_1_56' title="bbox 474 5059 2135 5136">
     <span class='ocr_line' id='line_1_56' title="bbox 474 5059 2135 5136; baseline 0 -18"><span class='ocrx_word' id='word_1_464' title='bbox 474 5067 840 5135; x_wconf 84' lang='grc' dir='ltr'>πραγμάτων,</span> <span class='ocrx_word' id='word_1_465' title='bbox 881 5065 948 5118; x_wconf 87' lang='grc' dir='ltr'>δι’</span> <span class='ocrx_word' id='word_1_466' title='bbox 991 5059 1065 5119; x_wconf 83' lang='grc' dir='ltr'>ὧν</span> <span class='ocrx_word' id='word_1_467' title='bbox 1112 5065 1390 5136; x_wconf 76' lang='grc' dir='ltr'>ἐνομίζετο</span> <span class='ocrx_word' id='word_1_468' title='bbox 1437 5064 1760 5130; x_wconf 87' lang='grc' dir='ltr'>κωλύεσθαι,</span> <span class='ocrx_word' id='word_1_469' title='bbox 1796 5065 1884 5118; x_wconf 80' lang='grc' dir='ltr'>διὰ</span> <span class='ocrx_word' id='word_1_470' title='bbox 1929 5067 2135 5118; x_wconf 90' lang='grc' dir='ltr'>τούτων</span> 
     </span>
    </p>
   </div>
   <div class='ocr_carea' id='block_1_57' title="bbox 472 5151 2136 5226">
    <p class='ocr_par' dir='ltr' id='par_1_57' title="bbox 472 5151 2136 5226">
     <span class='ocr_line' id='line_1_57' title="bbox 472 5151 2136 5226; baseline 0.002 -24"><span class='ocrx_word' id='word_1_471' title='bbox 472 5151 710 5222; x_wconf 78' lang='grc' dir='ltr'>ἀνήφθη·</span> <span class='ocrx_word' id='word_1_472' title='bbox 736 5154 828 5206; x_wconf 75' lang='grc' dir='ltr'>καὶ</span> <span class='ocrx_word' id='word_1_473' title='bbox 846 5154 1098 5226; x_wconf 79' lang='grc' dir='ltr'>σταυρὸς,</span> <span class='ocrx_word' id='word_1_474' title='bbox 1130 5155 1224 5207; x_wconf 70' lang='grc' dir='ltr'>καὶ</span> <span class='ocrx_word' id='word_1_475' title='bbox 1251 5152 1443 5224; x_wconf 80' lang='grc' dir='ltr'>δεσμὰ,</span> <span class='ocrx_word' id='word_1_476' title='bbox 1465 5151 1609 5223; x_wconf 81' lang='grc' dir='ltr'>ἂπερ</span> <span class='ocrx_word' id='word_1_477' title='bbox 1623 5152 1797 5205; x_wconf 87' lang='grc' dir='ltr'>ἐδόκει</span> <span class='ocrx_word' id='word_1_478' title='bbox 1815 5152 2089 5223; x_wconf 75' lang='grc' dir='ltr'>βδέλυγμα</span> <span class='ocrx_word' id='word_1_479' title='bbox 2107 5152 2136 5192; x_wconf 69' lang='grc' dir='ltr'>ι’</span> 
     </span>
    </p>
   </div>
   <div class='ocr_carea' id='block_1_58' title="bbox 474 5233 2137 5313">
    <p class='ocr_par' dir='ltr' id='par_1_58' title="bbox 474 5233 2137 5313">
     <span class='ocr_line' id='line_1_58' title="bbox 474 5233 2137 5313; baseline 0.003 -24"><span class='ocrx_word' id='word_1_480' title='bbox 474 5233 634 5302; x_wconf 78' lang='grc' dir='ltr'>εἶναι,</span> <span class='ocrx_word' id='word_1_481' title='bbox 660 5239 832 5292; x_wconf 86' lang='grc' dir='ltr'>ταῦτα</span> <span class='ocrx_word' id='word_1_482' title='bbox 857 5241 954 5294; x_wconf 85' lang='grc' dir='ltr'>νῦν</span> <span class='ocrx_word' id='word_1_483' title='bbox 981 5239 1254 5313; x_wconf 89' lang='grc' dir='ltr'>σωτηρίας</span> <span class='ocrx_word' id='word_1_484' title='bbox 1287 5240 1530 5312; x_wconf 90' lang='grc' dir='ltr'>σύμϐολα</span> <span class='ocrx_word' id='word_1_485' title='bbox 1561 5239 1774 5309; x_wconf 83' lang='grc' dir='ltr'>γέγονε,</span> <span class='ocrx_word' id='word_1_486' title='bbox 1808 5241 1903 5294; x_wconf 81' lang='grc' dir='ltr'>καὶ</span> <span class='ocrx_word' id='word_1_487' title='bbox 1935 5241 2137 5305; x_wconf 84' lang='grc' dir='ltr'>παντὸς</span> 
     </span>
    </p>
   </div>
   <div class='ocr_carea' id='block_1_59' title="bbox 471 5321 2138 5400">
    <p class='ocr_par' dir='ltr' id='par_1_59' title="bbox 471 5321 2138 5400">
     <span class='ocr_line' id='line_1_59' title="bbox 471 5321 2138 5400; baseline 0.004 -26"><span class='ocrx_word' id='word_1_488' title='bbox 471 5321 694 5393; x_wconf 84' lang='grc' dir='ltr'>χρυσίου</span> <span class='ocrx_word' id='word_1_489' title='bbox 721 5325 784 5377; x_wconf 76' lang='grc' dir='ltr'>τὸ</span> <span class='ocrx_word' id='word_1_490' title='bbox 813 5327 1049 5398; x_wconf 78' lang='grc' dir='ltr'>σιδήριον</span> <span class='ocrx_word' id='word_1_491' title='bbox 1087 5331 1261 5382; x_wconf 88' lang='grc' dir='ltr'>ἐκεῖνο</span> <span class='ocrx_word' id='word_1_492' title='bbox 1281 5329 1410 5398; x_wconf 83' lang='grc' dir='ltr'>ἡμῖν</span> <span class='ocrx_word' id='word_1_493' title='bbox 1437 5327 1759 5399; x_wconf 87' lang='grc' dir='ltr'>τιμιώτερον</span> <span class='ocrx_word' id='word_1_494' title='bbox 1781 5323 1870 5400; x_wconf 81' lang='grc' dir='ltr'>ἦν,</span> <span class='ocrx_word' id='word_1_495' title='bbox 1899 5328 1959 5381; x_wconf 84' lang='grc' dir='ltr'>οὑ</span> <span class='ocrx_word' id='word_1_496' title='bbox 1985 5327 2138 5398; x_wconf 89' lang='grc' dir='ltr'>παρά</span> 
     </span>
    </p>
   </div>
   <div class='ocr_carea' id='block_1_60' title="bbox 479 5409 2136 5487">
    <p class='ocr_par' dir='ltr' id='par_1_60' title="bbox 479 5409 2136 5487">
     <span class='ocr_line' id='line_1_60' title="bbox 479 5409 2136 5487; baseline 0.006 -27"><span class='ocrx_word' id='word_1_497' title='bbox 479 5409 580 5477; x_wconf 75' lang='grc' dir='ltr'>τὴν</span> <span class='ocrx_word' id='word_1_498' title='bbox 605 5410 811 5462; x_wconf 86' lang='grc' dir='ltr'>οἰκείαν</span> <span class='ocrx_word' id='word_1_499' title='bbox 837 5412 1016 5479; x_wconf 88' lang='grc' dir='ltr'>φύσιν,</span> <span class='ocrx_word' id='word_1_500' title='bbox 1051 5415 1185 5469; x_wconf 83' lang='grc' dir='ltr'>ἀλλά</span> <span class='ocrx_word' id='word_1_501' title='bbox 1239 5415 1390 5487; x_wconf 84' lang='grc' dir='ltr'>παρά</span> <span class='ocrx_word' id='word_1_502' title='bbox 1419 5415 1519 5487; x_wconf 82' lang='grc' dir='ltr'>τὴν</span> <span class='ocrx_word' id='word_1_503' title='bbox 1567 5416 1748 5469; x_wconf 87' lang='grc' dir='ltr'>αἰτίαν</span> <span class='ocrx_word' id='word_1_504' title='bbox 1793 5417 1995 5485; x_wconf 89' lang='grc' dir='ltr'>ταύτην</span> <span class='ocrx_word' id='word_1_505' title='bbox 2041 5417 2136 5470; x_wconf 83' lang='grc' dir='ltr'>καὶ</span> 
     </span>
    </p>
   </div>
   <div class='ocr_carea' id='block_1_61' title="bbox 473 5495 2133 5578">
    <p class='ocr_par' dir='ltr' id='par_1_61' title="bbox 473 5495 2133 5578">
     <span class='ocr_line' id='line_1_61' title="bbox 473 5495 2133 5578; baseline 0.008 -30"><span class='ocrx_word' id='word_1_506' title='bbox 473 5495 572 5565; x_wconf 81' lang='grc' dir='ltr'>τὴν</span> <span class='ocrx_word' id='word_1_507' title='bbox 619 5495 870 5551; x_wconf 83' lang='grc' dir='ltr'>ὑπόθεσιν</span> <span class='ocrx_word' id='word_1_508' title='bbox 903 5510 950 5553; x_wconf 73' lang='grc' dir='ltr'>ε.</span> <span class='ocrx_word' id='word_1_509' title='bbox 1009 5503 1147 5556; x_wconf 84' lang='grc' dir='ltr'>Ἀλλ’</span> <span class='ocrx_word' id='word_1_510' title='bbox 1179 5505 1292 5576; x_wconf 81' lang='grc' dir='ltr'>ὁρῶ</span> <span class='ocrx_word' id='word_1_511' title='bbox 1335 5522 1390 5557; x_wconf 89' lang='grc' dir='ltr'>τι</span> <span class='ocrx_word' id='word_1_512' title='bbox 1431 5507 1524 5559; x_wconf 80' lang='grc' dir='ltr'>καὶ</span> <span class='ocrx_word' id='word_1_513' title='bbox 1560 5507 1778 5578; x_wconf 79' lang='grc' dir='ltr'>ζήτημα</span> <span class='ocrx_word' id='word_1_514' title='bbox 1817 5505 2133 5578; x_wconf 84' lang='grc' dir='ltr'>τικτόμενον</span> 
     </span>
    </p>
   </div>
   <div class='ocr_carea' id='block_1_62' title="bbox 537 5707 1524 5782">
    <p class='ocr_par' dir='ltr' id='par_1_62' title="bbox 537 5707 1524 5782">
     <span class='ocr_line' id='line_1_62' title="bbox 537 5707 1524 5782; baseline 0.011 -25"><span class='ocrx_word' id='word_1_515' title='bbox 537 5709 560 5782; x_wconf 62' lang='grc' dir='ltr'><strong><em>ς</em></strong></span> <span class='ocrx_word' id='word_1_516' title='bbox 587 5707 689 5782; x_wconf 32' lang='grc' dir='ltr'>ιιι-ί),</span> <span class='ocrx_word' id='word_1_517' title='bbox 707 5711 810 5782; x_wconf 54' lang='grc' dir='ltr'>ἐστὶ</span> <span class='ocrx_word' id='word_1_518' title='bbox 834 5713 1018 5782; x_wconf 77' lang='grc' dir='ltr'>δεῖγμα,</span> <span class='ocrx_word' id='word_1_519' title='bbox 1045 5717 1128 5767; x_wconf 84' lang='lat' dir='ltr'>alii</span> <span class='ocrx_word' id='word_1_520' title='bbox 1148 5717 1274 5767; x_wconf 76' lang='grc' dir='ltr'>ἐστὶν</span> <span class='ocrx_word' id='word_1_521' title='bbox 1296 5718 1524 5782; x_wconf 65' lang='grc' dir='ltr'>ἔνδειγμα.</span> 
     </span>
    </p>
   </div>
   <div class='ocr_carea' id='block_1_63' title="bbox 535 5768 960 5838">
    <p class='ocr_par' dir='ltr' id='par_1_63' title="bbox 535 5768 960 5838">
     <span class='ocr_line' id='line_1_63' title="bbox 535 5768 960 5838; baseline 0 -14"><span class='ocrx_word' id='word_1_522' title='bbox 535 5768 566 5812; x_wconf 71' lang='grc' dir='ltr'>δ</span> <span class='ocrx_word' id='word_1_523' title='bbox 592 5769 690 5824; x_wconf 80' lang='lat' dir='ltr'>Alii</span> <span class='ocrx_word' id='word_1_524' title='bbox 713 5768 960 5838; x_wconf 71' lang='grc' dir='ltr'>βδελυκτᾶ.</span> 
     </span>
    </p>
   </div>
   <div class='ocr_carea' id='block_1_64' title="bbox 1259 222 3090 294">
    <p class='ocr_par' dir='ltr' id='par_1_64' title="bbox 1259 222 3090 294">
     <span class='ocr_line' id='line_1_64' title="bbox 1259 222 3090 294; baseline 0.008 -16"><span class='ocrx_word' id='word_1_525' title='bbox 1259 222 1318 280; x_wconf 93' lang='lat' dir='ltr'>S.</span> <span class='ocrx_word' id='word_1_526' title='bbox 1345 225 1630 281; x_wconf 64' lang='grc' dir='ltr'>ιοιΝΝιε</span> <span class='ocrx_word' id='word_1_527' title='bbox 1663 224 2158 288; x_wconf 76' lang='lat' dir='ltr'>CHRYSOSTOMI</span> <span class='ocrx_word' id='word_1_528' title='bbox 2195 232 2510 291; x_wconf 80' lang='lat' dir='ltr'>ARCHIEP.</span> <span class='ocrx_word' id='word_1_529' title='bbox 2541 233 3090 294; x_wconf 78' lang='lat' dir='ltr'>CONSTANTINOP.</span> 
     </span>
    </p>
   </div>
   <div class='ocr_carea' id='block_1_65' title="bbox 2257 347 3910 423">
    <p class='ocr_par' dir='ltr' id='par_1_65' title="bbox 2257 347 3910 423">
     <span class='ocr_line' id='line_1_65' title="bbox 2257 347 3910 423; baseline 0.001 -21"><span class='ocrx_word' id='word_1_530' title='bbox 2257 350 2386 418; x_wconf 80' lang='grc' dir='ltr'>ἡμῖν</span> <span class='ocrx_word' id='word_1_531' title='bbox 2414 350 2682 404; x_wconf 87' lang='grc' dir='ltr'>ἐντεῦθεν·</span> <span class='ocrx_word' id='word_1_532' title='bbox 2718 352 2821 405; x_wconf 84' lang='grc' dir='ltr'>κᾶν</span> <span class='ocrx_word' id='word_1_533' title='bbox 2865 351 3174 423; x_wconf 83' lang='grc' dir='ltr'>προσέχητε</span> <span class='ocrx_word' id='word_1_534' title='bbox 3218 347 3357 422; x_wconf 76' lang='grc' dir='ltr'>μετὰ</span> <span class='ocrx_word' id='word_1_535' title='bbox 3383 351 3687 422; x_wconf 85' lang='grc' dir='ltr'>ἀκριϐείας,</span> <span class='ocrx_word' id='word_1_536' title='bbox 3739 349 3910 410; x_wconf 78' lang='grc' dir='ltr'>καὶτὸ</span> 
     </span>
    </p>
   </div>
   <div class='ocr_carea' id='block_1_66' title="bbox 2255 435 3914 510">
    <p class='ocr_par' dir='ltr' id='par_1_66' title="bbox 2255 435 3914 510">
     <span class='ocr_line' id='line_1_66' title="bbox 2255 435 3914 510; baseline 0.007 -24"><span class='ocrx_word' id='word_1_537' title='bbox 2255 435 2588 506; x_wconf 69' lang='grc' dir='ltr'>ζητούμενον</span> <span class='ocrx_word' id='word_1_538' title='bbox 2615 437 2748 506; x_wconf 87' lang='grc' dir='ltr'>ἐρῶ,</span> <span class='ocrx_word' id='word_1_539' title='bbox 2775 439 2870 492; x_wconf 75' lang='grc' dir='ltr'>καὶ</span> <span class='ocrx_word' id='word_1_540' title='bbox 2903 438 3004 509; x_wconf 80' lang='grc' dir='ltr'>τὴν</span> <span class='ocrx_word' id='word_1_541' title='bbox 3043 437 3198 491; x_wconf 84' lang='grc' dir='ltr'>λύσιν</span> <span class='ocrx_word' id='word_1_542' title='bbox 3239 438 3546 510; x_wconf 85' lang='grc' dir='ltr'>προσθήσω.</span> <span class='ocrx_word' id='word_1_543' title='bbox 3585 441 3648 493; x_wconf 87' lang='grc' dir='ltr'>Τί</span> <span class='ocrx_word' id='word_1_544' title='bbox 3675 445 3796 494; x_wconf 78' lang='grc' dir='ltr'>ποτ’</span> <span class='ocrx_word' id='word_1_545' title='bbox 3825 438 3914 498; x_wconf 74' lang='grc' dir='ltr'>οὖν</span> 
     </span>
    </p>
   </div>
   <div class='ocr_carea' id='block_1_67' title="bbox 2255 519 3913 600">
    <p class='ocr_par' dir='ltr' id='par_1_67' title="bbox 2255 519 3913 600">
     <span class='ocr_line' id='line_1_67' title="bbox 2255 519 3913 600; baseline 0.005 -27"><span class='ocrx_word' id='word_1_546' title='bbox 2255 522 2368 574; x_wconf 86' lang='grc' dir='ltr'>ἐστι</span> <span class='ocrx_word' id='word_1_547' title='bbox 2397 523 2458 575; x_wconf 85' lang='grc' dir='ltr'>τὸ</span> <span class='ocrx_word' id='word_1_548' title='bbox 2481 521 2642 594; x_wconf 81' lang='grc' dir='ltr'>ζητού</span> <span class='ocrx_word' id='word_1_549' title='bbox 2651 541 2844 594; x_wconf 88' lang='grc' dir='ltr'>μενον;</span> <span class='ocrx_word' id='word_1_550' title='bbox 2880 524 3150 578; x_wconf 77' lang='grc' dir='ltr'>Εἰσελθὼν</span> <span class='ocrx_word' id='word_1_551' title='bbox 3179 519 3332 588; x_wconf 73' lang='grc' dir='ltr'>οὗτος</span> <span class='ocrx_word' id='word_1_552' title='bbox 3352 526 3380 576; x_wconf 93' lang='lat'>6</span> <span class='ocrx_word' id='word_1_553' title='bbox 3405 526 3616 589; x_wconf 84' lang='grc' dir='ltr'>Παῦλός</span> <span class='ocrx_word' id='word_1_554' title='bbox 3633 545 3763 581; x_wconf 86' lang='grc' dir='ltr'>ποτε</span> <span class='ocrx_word' id='word_1_555' title='bbox 3785 529 3913 600; x_wconf 77' lang='grc' dir='ltr'>πρὸς</span> 
     </span>
    </p>
   </div>
   <div class='ocr_carea' id='block_1_68' title="bbox 2254 610 3912 684">
    <p class='ocr_par' dir='ltr' id='par_1_68' title="bbox 2254 610 3912 684">
     <span class='ocr_line' id='line_1_68' title="bbox 2254 610 3912 684; baseline 0.004 -24"><span class='ocrx_word' id='word_1_556' title='bbox 2254 610 2342 662; x_wconf 76' lang='grc' dir='ltr'>τὸν</span> <span class='ocrx_word' id='word_1_557' title='bbox 2360 611 2588 679; x_wconf 81' lang='grc' dir='ltr'>Φῆστον,</span> <span class='ocrx_word' id='word_1_558' title='bbox 2630 612 2724 664; x_wconf 59' lang='grc' dir='ltr'>καὶ⁵</span> <span class='ocrx_word' id='word_1_559' title='bbox 2751 611 3136 682; x_wconf 84' lang='grc' dir='ltr'>διαλεγόμενος</span> <span class='ocrx_word' id='word_1_560' title='bbox 3157 611 3328 682; x_wconf 79' lang='grc' dir='ltr'>αὐτῷ,</span> <span class='ocrx_word' id='word_1_561' title='bbox 3365 613 3461 666; x_wconf 74' lang='grc' dir='ltr'>καὶ</span> <span class='ocrx_word' id='word_1_562' title='bbox 3489 613 3912 684; x_wconf 73' lang='grc' dir='ltr'>ἀπολογούμενος</span> 
     </span>
    </p>
   </div>
   <div class='ocr_carea' id='block_1_69' title="bbox 2253 695 3910 768">
    <p class='ocr_par' dir='ltr' id='par_1_69' title="bbox 2253 695 3910 768">
     <span class='ocr_line' id='line_1_69' title="bbox 2253 695 3910 768; baseline 0.004 -21"><span class='ocrx_word' id='word_1_563' title='bbox 2253 697 2511 766; x_wconf 76' lang='grc' dir='ltr'>περὶτῶν</span> <span class='ocrx_word' id='word_1_564' title='bbox 2538 697 2902 768; x_wconf 86' lang='grc' dir='ltr'>ἐγκλημάτων</span> <span class='ocrx_word' id='word_1_565' title='bbox 2949 695 3026 752; x_wconf 81' lang='grc' dir='ltr'>ὧν</span> <span class='ocrx_word' id='word_1_566' title='bbox 3081 700 3362 768; x_wconf 87' lang='grc' dir='ltr'>ἐπήγαγον</span> <span class='ocrx_word' id='word_1_567' title='bbox 3406 699 3457 751; x_wconf 82' lang='grc' dir='ltr'>οἱ</span> <span class='ocrx_word' id='word_1_568' title='bbox 3513 700 3783 762; x_wconf 82' lang='grc' dir='ltr'>Ἰουδαῖοι,</span> <span class='ocrx_word' id='word_1_569' title='bbox 3823 703 3910 756; x_wconf 77' lang='grc' dir='ltr'>καὶ</span> 
     </span>
    </p>
   </div>
   <div class='ocr_carea' id='block_1_70' title="bbox 2253 783 3906 859">
    <p class='ocr_par' dir='ltr' id='par_1_70' title="bbox 2253 783 3906 859">
     <span class='ocr_line' id='line_1_70' title="bbox 2253 783 3906 859; baseline 0.004 -24"><span class='ocrx_word' id='word_1_570' title='bbox 2253 784 2426 851; x_wconf 84' lang='grc' dir='ltr'>λέγων</span> <span class='ocrx_word' id='word_1_571' title='bbox 2461 785 2575 850; x_wconf 87' lang='grc' dir='ltr'>πῶς</span> <span class='ocrx_word' id='word_1_572' title='bbox 2614 783 2720 838; x_wconf 85' lang='grc' dir='ltr'>εἶδε</span> <span class='ocrx_word' id='word_1_573' title='bbox 2753 786 2844 839; x_wconf 80' lang='grc' dir='ltr'>τὸν</span> <span class='ocrx_word' id='word_1_574' title='bbox 2877 787 3105 858; x_wconf 86' lang='grc' dir='ltr'>Ἰησοῦν,</span> <span class='ocrx_word' id='word_1_575' title='bbox 3135 787 3255 850; x_wconf 87' lang='grc' dir='ltr'>πῶς</span> <span class='ocrx_word' id='word_1_576' title='bbox 3281 789 3482 858; x_wconf 75' lang='grc' dir='ltr'>ἢκουσε</span> <span class='ocrx_word' id='word_1_577' title='bbox 3509 787 3612 856; x_wconf 86' lang='grc' dir='ltr'>τῆς</span> <span class='ocrx_word' id='word_1_578' title='bbox 3647 789 3906 859; x_wconf 82' lang='grc' dir='ltr'>μακαρίας</span> 
     </span>
    </p>
   </div>
   <div class='ocr_carea' id='block_1_71' title="bbox 2255 871 3906 946">
    <p class='ocr_par' dir='ltr' id='par_1_71' title="bbox 2255 871 3906 946">
     <span class='ocr_line' id='line_1_71' title="bbox 2255 871 3906 946; baseline 0.004 -25"><span class='ocrx_word' id='word_1_579' title='bbox 2255 871 2466 940; x_wconf 89' lang='grc' dir='ltr'>ἐκείνης</span> <span class='ocrx_word' id='word_1_580' title='bbox 2487 875 2688 944; x_wconf 82' lang='grc' dir='ltr'>φωνῆς,</span> <span class='ocrx_word' id='word_1_581' title='bbox 2722 874 2836 937; x_wconf 87' lang='grc' dir='ltr'>πῶς</span> <span class='ocrx_word' id='word_1_582' title='bbox 2865 875 2951 928; x_wconf 87' lang='grc' dir='ltr'>διά</span> <span class='ocrx_word' id='word_1_583' title='bbox 2979 873 3282 946; x_wconf 87' lang='grc' dir='ltr'>πηρώσεως</span> <span class='ocrx_word' id='word_1_584' title='bbox 3307 874 3588 945; x_wconf 70' lang='grc' dir='ltr'>ἀνέϐλεψε,</span> <span class='ocrx_word' id='word_1_585' title='bbox 3616 875 3735 938; x_wconf 81' lang='grc' dir='ltr'>πῶς</span> <span class='ocrx_word' id='word_1_586' title='bbox 3759 876 3906 930; x_wconf 76' lang='grc' dir='ltr'>ἔπεσε</span> 
     </span>
    </p>
   </div>
   <div class='ocr_carea' id='block_1_72' title="bbox 2253 958 3910 1033">
    <p class='ocr_par' dir='ltr' id='par_1_72' title="bbox 2253 958 3910 1033">
     <span class='ocr_line' id='line_1_72' title="bbox 2253 958 3910 1033; baseline 0.003 -23"><span class='ocrx_word' id='word_1_587' title='bbox 2253 958 2345 1010; x_wconf 79' lang='grc' dir='ltr'>καὶ</span> <span class='ocrx_word' id='word_1_588' title='bbox 2371 961 2592 1030; x_wconf 87' lang='grc' dir='ltr'>ἀνέστη,</span> <span class='ocrx_word' id='word_1_589' title='bbox 2619 961 2736 1024; x_wconf 89' lang='grc' dir='ltr'>πῶς</span> <span class='ocrx_word' id='word_1_590' title='bbox 2751 962 2998 1033; x_wconf 84' lang='grc' dir='ltr'>εἰσῆλθεν</span> <span class='ocrx_word' id='word_1_591' title='bbox 3021 963 3368 1032; x_wconf 83' lang='grc' dir='ltr'>αἰχμάλωτος</span> <span class='ocrx_word' id='word_1_592' title='bbox 3391 963 3470 1025; x_wconf 89' lang='grc' dir='ltr'>εἰς</span> <span class='ocrx_word' id='word_1_593' title='bbox 3497 962 3792 1033; x_wconf 77' lang='grc' dir='ltr'>Δαμασκὸν</span> <span class='ocrx_word' id='word_1_594' title='bbox 3813 979 3910 1032; x_wconf 69' lang='grc' dir='ltr'>χω-</span> 
     </span>
    </p>
   </div>
   <div class='ocr_carea' id='block_1_73' title="bbox 2257 1046 3909 1121">
    <p class='ocr_par' dir='ltr' id='par_1_73' title="bbox 2257 1046 3909 1121">
     <span class='ocr_line' id='line_1_73' title="bbox 2257 1046 3909 1121; baseline 0.002 -24"><span class='ocrx_word' id='word_1_595' title='bbox 2257 1046 2338 1116; x_wconf 74' lang='grc' dir='ltr'>ρὶς</span> <span class='ocrx_word' id='word_1_596' title='bbox 2372 1046 2584 1116; x_wconf 82' lang='grc' dir='ltr'>δεσμῶν</span> <span class='ocrx_word' id='word_1_597' title='bbox 2621 1049 2924 1119; x_wconf 85' lang='grc' dir='ltr'>δεδεμένος,</span> <span class='ocrx_word' id='word_1_598' title='bbox 2980 1051 3072 1104; x_wconf 69' lang='grc' dir='ltr'>κα)⁵</span> <span class='ocrx_word' id='word_1_599' title='bbox 3115 1050 3246 1121; x_wconf 80' lang='grc' dir='ltr'>περὶ</span> <span class='ocrx_word' id='word_1_600' title='bbox 3289 1048 3583 1120; x_wconf 80' lang='grc' dir='ltr'>προφητῶν</span> <span class='ocrx_word' id='word_1_601' title='bbox 3617 1049 3716 1103; x_wconf 76' lang='grc' dir='ltr'>καὶ</span> <span class='ocrx_word' id='word_1_602' title='bbox 3757 1049 3909 1118; x_wconf 79' lang='grc' dir='ltr'>νόμου</span> 
     </span>
    </p>
   </div>
   <div class='ocr_carea' id='block_1_74' title="bbox 2251 1131 3914 1207">
    <p class='ocr_par' dir='ltr' id='par_1_74' title="bbox 2251 1131 3914 1207">
     <span class='ocr_line' id='line_1_74' title="bbox 2251 1131 3914 1207; baseline 0.002 -23"><span class='ocrx_word' id='word_1_603' title='bbox 2251 1131 2572 1203; x_wconf 76' lang='grc' dir='ltr'>διαλεχθεὶς,</span> <span class='ocrx_word' id='word_1_604' title='bbox 2591 1137 2684 1189; x_wconf 73' lang='grc' dir='ltr'>καὶ</span> <span class='ocrx_word' id='word_1_605' title='bbox 2711 1137 2888 1200; x_wconf 78' lang='grc' dir='ltr'>δείξας</span> <span class='ocrx_word' id='word_1_606' title='bbox 2909 1138 2991 1189; x_wconf 87' lang='grc' dir='ltr'>ὄτι</span> <span class='ocrx_word' id='word_1_607' title='bbox 3017 1140 3258 1191; x_wconf 86' lang='grc' dir='ltr'>κάκεῖνοι</span> <span class='ocrx_word' id='word_1_608' title='bbox 3279 1141 3536 1207; x_wconf 85' lang='grc' dir='ltr'>προεῖπον</span> <span class='ocrx_word' id='word_1_609' title='bbox 3563 1137 3740 1189; x_wconf 84' lang='grc' dir='ltr'>ταῦτα</span> <span class='ocrx_word' id='word_1_610' title='bbox 3761 1138 3914 1190; x_wconf 72' lang='grc' dir='ltr'>ἀπαν-</span> 
     </span>
    </p>
   </div>
   <div class='ocr_carea' id='block_1_75' title="bbox 2251 1215 3914 1295">
    <p class='ocr_par' dir='ltr' id='par_1_75' title="bbox 2251 1215 3914 1295">
     <span class='ocr_line' id='line_1_75' title="bbox 2251 1215 3914 1295; baseline 0.004 -25"><span class='ocrx_word' id='word_1_611' title='bbox 2251 1237 2336 1282; x_wconf 86' lang='grc' dir='ltr'>τα,</span> <span class='ocrx_word' id='word_1_612' title='bbox 2365 1215 2474 1272; x_wconf 73' lang='grc' dir='ltr'>εἷλε</span> <span class='ocrx_word' id='word_1_613' title='bbox 2503 1223 2594 1276; x_wconf 78' lang='grc' dir='ltr'>τὸν</span> <span class='ocrx_word' id='word_1_614' title='bbox 2627 1223 2936 1288; x_wconf 77' lang='grc' dir='ltr'>δικάζοντα,</span> <span class='ocrx_word' id='word_1_615' title='bbox 2969 1225 3063 1278; x_wconf 77' lang='grc' dir='ltr'>καί.</span> <span class='ocrx_word' id='word_1_616' title='bbox 3115 1225 3297 1294; x_wconf 77' lang='grc' dir='ltr'>σχεδὸν</span> <span class='ocrx_word' id='word_1_617' title='bbox 3327 1225 3510 1276; x_wconf 81' lang='grc' dir='ltr'>ἔπεισε</span> <span class='ocrx_word' id='word_1_618' title='bbox 3548 1224 3688 1295; x_wconf 82' lang='grc' dir='ltr'>πρὸς</span> <span class='ocrx_word' id='word_1_619' title='bbox 3733 1223 3914 1276; x_wconf 73' lang='grc' dir='ltr'>ἑαυτὸν</span> 
     </span>
    </p>
   </div>
   <div class='ocr_carea' id='block_1_76' title="bbox 2255 1311 3854 1386">
    <p class='ocr_par' dir='ltr' id='par_1_76' title="bbox 2255 1311 3854 1386">
     <span class='ocr_line' id='line_1_76' title="bbox 2255 1311 3854 1386; baseline 0.003 -26"><span class='ocrx_word' id='word_1_620' title='bbox 2255 1311 2608 1380; x_wconf 83' lang='grc' dir='ltr'>μεταστῆναι.</span> <span class='ocrx_word' id='word_1_621' title='bbox 3847 1375 3854 1386; x_wconf 38' lang='grc'>⁸</span> 
     </span>
    </p>
   </div>
   <div class='ocr_carea' id='block_1_77' title="bbox 2319 1394 3915 1474">
    <p class='ocr_par' dir='ltr' id='par_1_77' title="bbox 2319 1394 3915 1474">
     <span class='ocr_line' id='line_1_77' title="bbox 2319 1394 3915 1474; baseline 0.004 -26"><span class='ocrx_word' id='word_1_622' title='bbox 2319 1394 2380 1448; x_wconf 83' lang='grc' dir='ltr'>δ’.</span> <span class='ocrx_word' id='word_1_623' title='bbox 2408 1398 2663 1474; x_wconf 84' lang='grc' dir='ltr'>Τοιαῦται</span> <span class='ocrx_word' id='word_1_624' title='bbox 2687 1399 2797 1471; x_wconf 83' lang='grc' dir='ltr'>γὰρ</span> <span class='ocrx_word' id='word_1_625' title='bbox 2815 1400 2923 1452; x_wconf 86' lang='grc' dir='ltr'>τῶν</span> <span class='ocrx_word' id='word_1_626' title='bbox 2941 1400 3109 1470; x_wconf 86' lang='grc' dir='ltr'>ἁγίων</span> <span class='ocrx_word' id='word_1_627' title='bbox 3125 1401 3182 1454; x_wconf 78' lang='grc' dir='ltr'>αἱ</span> <span class='ocrx_word' id='word_1_628' title='bbox 3207 1400 3398 1471; x_wconf 76' lang='grc' dir='ltr'>ψυχαί·</span> <span class='ocrx_word' id='word_1_629' title='bbox 3427 1399 3644 1452; x_wconf 76' lang='grc' dir='ltr'>ἐπειδὰν</span> <span class='ocrx_word' id='word_1_630' title='bbox 3669 1401 3754 1463; x_wconf 82' lang='grc' dir='ltr'>εἰς</span> <span class='ocrx_word' id='word_1_631' title='bbox 3767 1397 3915 1472; x_wconf 77' lang='grc'>[165]</span> 
     </span>
    </p>
   </div>
   <div class='ocr_carea' id='block_1_78' title="bbox 2250 1482 3916 1560">
    <p class='ocr_par' dir='ltr' id='par_1_78' title="bbox 2250 1482 3916 1560">
     <span class='ocr_line' id='line_1_78' title="bbox 2250 1482 3916 1560; baseline 0.001 -25"><span class='ocrx_word' id='word_1_632' title='bbox 2250 1482 2526 1548; x_wconf 87' lang='grc' dir='ltr'>κινδύνους</span> <span class='ocrx_word' id='word_1_633' title='bbox 2551 1485 2578 1524; x_wconf 73' lang='grc' dir='ltr'><em>ά</em></span> <span class='ocrx_word' id='word_1_634' title='bbox 2611 1487 2948 1556; x_wconf 87' lang='grc' dir='ltr'>ἐμπέσωσιν,</span> <span class='ocrx_word' id='word_1_635' title='bbox 2980 1488 3079 1560; x_wconf 82' lang='grc' dir='ltr'>οὐχ</span> <span class='ocrx_word' id='word_1_636' title='bbox 3107 1489 3256 1550; x_wconf 80' lang='grc' dir='ltr'>ὅπως</span> <span class='ocrx_word' id='word_1_637' title='bbox 3279 1487 3632 1554; x_wconf 85' lang='grc' dir='ltr'>ἀπαλλαγῶσι</span> <span class='ocrx_word' id='word_1_638' title='bbox 3665 1487 3778 1538; x_wconf 85' lang='grc' dir='ltr'>τῶν</span> <span class='ocrx_word' id='word_1_639' title='bbox 3809 1505 3916 1539; x_wconf 86' lang='grc' dir='ltr'>κιν-</span> 
     </span>
    </p>
   </div>
   <div class='ocr_carea' id='block_1_79' title="bbox 2248 1569 3913 1645">
    <p class='ocr_par' dir='ltr' id='par_1_79' title="bbox 2248 1569 3913 1645">
     <span class='ocr_line' id='line_1_79' title="bbox 2248 1569 3913 1645; baseline 0.001 -22"><span class='ocrx_word' id='word_1_640' title='bbox 2248 1569 2420 1624; x_wconf 88' lang='grc' dir='ltr'>δύνων</span> <span class='ocrx_word' id='word_1_641' title='bbox 2459 1571 2773 1638; x_wconf 87' lang='grc' dir='ltr'>σκοποῦσιν,</span> <span class='ocrx_word' id='word_1_642' title='bbox 2819 1574 2932 1628; x_wconf 85' lang='grc' dir='ltr'>ἀλλ’</span> <span class='ocrx_word' id='word_1_643' title='bbox 2971 1575 3121 1637; x_wconf 84' lang='grc' dir='ltr'>ὅπως</span> <span class='ocrx_word' id='word_1_644' title='bbox 3156 1575 3282 1637; x_wconf 82' lang='grc' dir='ltr'>τοὺς</span> <span class='ocrx_word' id='word_1_645' title='bbox 3333 1573 3672 1644; x_wconf 83' lang='grc' dir='ltr'>ἐμϐαλόντας</span> <span class='ocrx_word' id='word_1_646' title='bbox 3726 1573 3913 1645; x_wconf 77' lang='grc' dir='ltr'>θηρεύ-</span> 
     </span>
    </p>
   </div>
   <div class='ocr_carea' id='block_1_80' title="bbox 2252 1657 3910 1734">
    <p class='ocr_par' dir='ltr' id='par_1_80' title="bbox 2252 1657 3910 1734">
     <span class='ocr_line' id='line_1_80' title="bbox 2252 1657 3910 1734; baseline 0.002 -25"><span class='ocrx_word' id='word_1_647' title='bbox 2252 1674 2422 1718; x_wconf 88' lang='grc' dir='ltr'>σαιεν,</span> <span class='ocrx_word' id='word_1_648' title='bbox 2447 1659 2661 1714; x_wconf 75' lang='grc' dir='ltr'>ἅπαντα</span> <span class='ocrx_word' id='word_1_649' title='bbox 2685 1661 3004 1732; x_wconf 83' lang='grc' dir='ltr'>πράττουσι·</span> <span class='ocrx_word' id='word_1_650' title='bbox 3027 1661 3278 1734; x_wconf 87' lang='grc' dir='ltr'>καθάπερ</span> <span class='ocrx_word' id='word_1_651' title='bbox 3311 1657 3404 1715; x_wconf 78' lang='grc' dir='ltr'>οὖν</span> <span class='ocrx_word' id='word_1_652' title='bbox 3435 1661 3528 1714; x_wconf 71' lang='grc' dir='ltr'>καὶ</span> <span class='ocrx_word' id='word_1_653' title='bbox 3539 1663 3660 1714; x_wconf 87' lang='grc' dir='ltr'>τότε</span> <span class='ocrx_word' id='word_1_654' title='bbox 3681 1660 3910 1727; x_wconf 83' lang='grc' dir='ltr'>ἐγένετο·</span> 
     </span>
    </p>
   </div>
   <div class='ocr_carea' id='block_1_81' title="bbox 2249 1745 3910 1820">
    <p class='ocr_par' dir='ltr' id='par_1_81' title="bbox 2249 1745 3910 1820">
     <span class='ocr_line' id='line_1_81' title="bbox 2249 1745 3910 1820; baseline 0.004 -23"><span class='ocrx_word' id='word_1_655' title='bbox 2249 1745 2496 1814; x_wconf 86' lang='grc' dir='ltr'>εἰσῆλθεν</span> <span class='ocrx_word' id='word_1_656' title='bbox 2525 1747 3014 1818; x_wconf 87' lang='grc' dir='ltr'>ἀπολογησόμενος,</span> <span class='ocrx_word' id='word_1_657' title='bbox 3027 1749 3119 1802; x_wconf 74' lang='grc' dir='ltr'>καὶ</span> <span class='ocrx_word' id='word_1_658' title='bbox 3145 1749 3236 1802; x_wconf 84' lang='grc' dir='ltr'>τὸν</span> <span class='ocrx_word' id='word_1_659' title='bbox 3250 1748 3508 1820; x_wconf 78' lang='grc' dir='ltr'>δικαστὴν</span> <span class='ocrx_word' id='word_1_660' title='bbox 3531 1747 3716 1802; x_wconf 85' lang='grc' dir='ltr'>λαϐὼν</span> <span class='ocrx_word' id='word_1_661' title='bbox 3731 1749 3910 1818; x_wconf 77' lang='grc' dir='ltr'>ἀπῄει.</span> 
     </span>
    </p>
   </div>
   <div class='ocr_carea' id='block_1_82' title="bbox 2250 1833 3914 1907">
    <p class='ocr_par' dir='ltr' id='par_1_82' title="bbox 2250 1833 3914 1907">
     <span class='ocr_line' id='line_1_82' title="bbox 2250 1833 3914 1907; baseline 0.002 -21"><span class='ocrx_word' id='word_1_662' title='bbox 2250 1833 2360 1886; x_wconf 80' lang='grc' dir='ltr'>Καὶ</span> <span class='ocrx_word' id='word_1_663' title='bbox 2385 1833 2556 1886; x_wconf 83' lang='grc' dir='ltr'>ταῦτα</span> <span class='ocrx_word' id='word_1_664' title='bbox 2605 1835 2767 1898; x_wconf 77' lang='grc' dir='ltr'>αὐτὸς</span> <span class='ocrx_word' id='word_1_665' title='bbox 2823 1837 2851 1888; x_wconf 91' lang='lat'>6</span> <span class='ocrx_word' id='word_1_666' title='bbox 2907 1836 3166 1907; x_wconf 85' lang='grc' dir='ltr'>δικαστὴς</span> <span class='ocrx_word' id='word_1_667' title='bbox 3202 1835 3552 1907; x_wconf 84' lang='grc' dir='ltr'>ἐμαρτύρησε</span> <span class='ocrx_word' id='word_1_668' title='bbox 3581 1835 3782 1904; x_wconf 84' lang='grc' dir='ltr'>λέγων·</span> <span class='ocrx_word' id='word_1_669' title='bbox 3818 1838 3914 1895; x_wconf 78' lang='grc' dir='ltr'>Ἑν</span> 
     </span>
    </p>
   </div>
   <div class='ocr_carea' id='block_1_83' title="bbox 2249 1920 3910 1992">
    <p class='ocr_par' dir='ltr' id='par_1_83' title="bbox 2249 1920 3910 1992">
     <span class='ocr_line' id='line_1_83' title="bbox 2249 1920 3910 1992; baseline 0.002 -21"><span class='ocrx_word' id='word_1_670' title='bbox 2249 1920 2430 1988; x_wconf 82' lang='grc' dir='ltr'>ὀλίγῳ</span> <span class='ocrx_word' id='word_1_671' title='bbox 2451 1937 2529 1988; x_wconf 82' lang='grc' dir='ltr'>με</span> <span class='ocrx_word' id='word_1_672' title='bbox 2555 1923 2777 1987; x_wconf 79' lang='grc' dir='ltr'>πείθεις</span> <span class='ocrx_word' id='word_1_673' title='bbox 2801 1923 3158 1990; x_wconf 76' lang='grc' dir='ltr'>Χριστιανὸν</span> <span class='ocrx_word' id='word_1_674' title='bbox 3185 1923 3484 1992; x_wconf 75' lang='grc' dir='ltr'>γενέσθαι.</span> <span class='ocrx_word' id='word_1_675' title='bbox 3505 1921 3682 1975; x_wconf 85' lang='grc' dir='ltr'>Τοῦτο</span> <span class='ocrx_word' id='word_1_676' title='bbox 3709 1924 3806 1975; x_wconf 78' lang='grc' dir='ltr'>καὶ</span> <span class='ocrx_word' id='word_1_677' title='bbox 3825 1924 3910 1992; x_wconf 76' lang='grc' dir='ltr'>σή-</span> 
     </span>
    </p>
   </div>
   <div class='ocr_carea' id='block_1_84' title="bbox 2251 2007 3903 2080">
    <p class='ocr_par' dir='ltr' id='par_1_84' title="bbox 2251 2007 3903 2080">
     <span class='ocr_line' id='line_1_84' title="bbox 2251 2007 3903 2080; baseline 0.001 -22"><span class='ocrx_word' id='word_1_678' title='bbox 2251 2023 2416 2078; x_wconf 84' lang='grc' dir='ltr'>μερον</span> <span class='ocrx_word' id='word_1_679' title='bbox 2435 2007 2688 2075; x_wconf 86' lang='grc' dir='ltr'>γενέσθαι</span> <span class='ocrx_word' id='word_1_680' title='bbox 2713 2009 2902 2080; x_wconf 85' lang='grc' dir='ltr'>ἐχρῆν,</span> <span class='ocrx_word' id='word_1_681' title='bbox 2923 2010 3018 2062; x_wconf 80' lang='grc' dir='ltr'>καὶ</span> <span class='ocrx_word' id='word_1_682' title='bbox 3038 2008 3130 2062; x_wconf 79' lang='grc' dir='ltr'>τὸν</span> <span class='ocrx_word' id='word_1_683' title='bbox 3155 2009 3393 2080; x_wconf 77' lang='grc' dir='ltr'>ἄρχοντα</span> <span class='ocrx_word' id='word_1_684' title='bbox 3419 2007 3609 2062; x_wconf 84' lang='grc' dir='ltr'>τοῦτον</span> <span class='ocrx_word' id='word_1_685' title='bbox 3639 2008 3903 2078; x_wconf 70' lang='grc' dir='ltr'>θαυμάσαι</span> 
     </span>
    </p>
   </div>
   <div class='ocr_carea' id='block_1_85' title="bbox 2249 2094 3908 2167">
    <p class='ocr_par' dir='ltr' id='par_1_85' title="bbox 2249 2094 3908 2167">
     <span class='ocr_line' id='line_1_85' title="bbox 2249 2094 3908 2167; baseline 0.002 -21"><span class='ocrx_word' id='word_1_686' title='bbox 2249 2095 2402 2164; x_wconf 84' lang='grc' dir='ltr'>ὑμῶν</span> <span class='ocrx_word' id='word_1_687' title='bbox 2429 2095 2526 2165; x_wconf 84' lang='grc' dir='ltr'>τὴν</span> <span class='ocrx_word' id='word_1_688' title='bbox 2557 2096 2960 2166; x_wconf 82' lang='grc' dir='ltr'>μεγαλοψυχίαν</span> <span class='ocrx_word' id='word_1_689' title='bbox 2992 2108 3038 2162; x_wconf 73' lang='grc' dir='ltr'>θ,</span> <span class='ocrx_word' id='word_1_690' title='bbox 3062 2097 3162 2167; x_wconf 80' lang='grc' dir='ltr'>τὴν</span> <span class='ocrx_word' id='word_1_691' title='bbox 3181 2094 3522 2165; x_wconf 82' lang='grc' dir='ltr'>φιλοσοφίαν,</span> <span class='ocrx_word' id='word_1_692' title='bbox 3551 2095 3652 2166; x_wconf 82' lang='grc' dir='ltr'>τὴν</span> <span class='ocrx_word' id='word_1_693' title='bbox 3693 2097 3908 2166; x_wconf 68' lang='grc' dir='ltr'>ἡσυχίαν</span> 
     </span>
    </p>
   </div>
   <div class='ocr_carea' id='block_1_86' title="bbox 2248 2181 3910 2253">
    <p class='ocr_par' dir='ltr' id='par_1_86' title="bbox 2248 2181 3910 2253">
     <span class='ocr_line' id='line_1_86' title="bbox 2248 2181 3910 2253; baseline 0.001 -20"><span class='ocrx_word' id='word_1_694' title='bbox 2248 2181 2486 2244; x_wconf 78' lang='grc' dir='ltr'>ἃπασαν,</span> <span class='ocrx_word' id='word_1_695' title='bbox 2543 2184 2637 2235; x_wconf 81' lang='grc' dir='ltr'>καὶ</span> <span class='ocrx_word' id='word_1_696' title='bbox 2677 2185 2739 2236; x_wconf 87' lang='grc' dir='ltr'>ἐκ</span> <span class='ocrx_word' id='word_1_697' title='bbox 2785 2184 2888 2253; x_wconf 88' lang='grc' dir='ltr'>τῆς</span> <span class='ocrx_word' id='word_1_698' title='bbox 2936 2183 3330 2248; x_wconf 84' lang='grc' dir='ltr'>καταστάσεως</span> <span class='ocrx_word' id='word_1_699' title='bbox 3382 2183 3533 2253; x_wconf 85' lang='grc' dir='ltr'>ὑμῶν</span> <span class='ocrx_word' id='word_1_700' title='bbox 3569 2183 3910 2236; x_wconf 73' lang='grc' dir='ltr'>διδασκαλίαν</span> 
     </span>
    </p>
   </div>
   <div class='ocr_carea' id='block_1_87' title="bbox 2247 2268 3914 2342">
    <p class='ocr_par' dir='ltr' id='par_1_87' title="bbox 2247 2268 3914 2342">
     <span class='ocr_line' id='line_1_87' title="bbox 2247 2268 3914 2342; baseline 0 -20"><span class='ocrx_word' id='word_1_701' title='bbox 2247 2268 2480 2322; x_wconf 84' lang='grc' dir='ltr'>λαϐόντα</span> <span class='ocrx_word' id='word_1_702' title='bbox 2513 2269 2786 2335; x_wconf 84' lang='grc' dir='ltr'>ἀπελθεῖν,</span> <span class='ocrx_word' id='word_1_703' title='bbox 2837 2270 3114 2342; x_wconf 84' lang='grc' dir='ltr'>θαυμάσαι</span> <span class='ocrx_word' id='word_1_704' title='bbox 3167 2269 3258 2324; x_wconf 82' lang='grc' dir='ltr'>τὸν</span> <span class='ocrx_word' id='word_1_705' title='bbox 3309 2270 3586 2339; x_wconf 85' lang='grc' dir='ltr'>σύλλογον,</span> <span class='ocrx_word' id='word_1_706' title='bbox 3633 2272 3914 2324; x_wconf 82' lang='grc' dir='ltr'>ἐπαινέσαι</span> 
     </span>
    </p>
   </div>
   <div class='ocr_carea' id='block_1_88' title="bbox 2245 2356 3916 2428">
    <p class='ocr_par' dir='ltr' id='par_1_88' title="bbox 2245 2356 3916 2428">
     <span class='ocr_line' id='line_1_88' title="bbox 2245 2356 3916 2428; baseline 0.001 -19"><span class='ocrx_word' id='word_1_707' title='bbox 2245 2356 2306 2409; x_wconf 86' lang='grc' dir='ltr'>τὺ</span> <span class='ocrx_word' id='word_1_708' title='bbox 2337 2357 2626 2428; x_wconf 88' lang='grc' dir='ltr'>συνέδριον,</span> <span class='ocrx_word' id='word_1_709' title='bbox 2671 2357 2860 2428; x_wconf 89' lang='grc' dir='ltr'>μαθεῖν</span> <span class='ocrx_word' id='word_1_710' title='bbox 2923 2359 3018 2410; x_wconf 82' lang='grc' dir='ltr'>καὶ</span> <span class='ocrx_word' id='word_1_711' title='bbox 3053 2358 3146 2411; x_wconf 85' lang='grc' dir='ltr'>ἀπ’</span> <span class='ocrx_word' id='word_1_712' title='bbox 3181 2357 3362 2410; x_wconf 84' lang='grc' dir='ltr'>αὐτῶν</span> <span class='ocrx_word' id='word_1_713' title='bbox 3393 2357 3504 2410; x_wconf 86' lang='grc' dir='ltr'>τῶν</span> <span class='ocrx_word' id='word_1_714' title='bbox 3548 2358 3916 2427; x_wconf 78' lang='grc' dir='ltr'>πραγμάτων,</span> 
     </span>
    </p>
   </div>
   <div class='ocr_carea' id='block_1_89' title="bbox 2246 2441 3922 2518">
    <p class='ocr_par' dir='ltr' id='par_1_89' title="bbox 2246 2441 3922 2518">
     <span class='ocr_line' id='line_1_89' title="bbox 2246 2441 3922 2518; baseline 0 -22"><span class='ocrx_word' id='word_1_715' title='bbox 2246 2441 2368 2496; x_wconf 81' lang='grc' dir='ltr'>ὅσον</span> <span class='ocrx_word' id='word_1_716' title='bbox 2401 2443 2461 2496; x_wconf 86' lang='grc' dir='ltr'>τὺ</span> <span class='ocrx_word' id='word_1_717' title='bbox 2497 2443 2660 2512; x_wconf 90' lang='grc' dir='ltr'>μέσον</span> <span class='ocrx_word' id='word_1_718' title='bbox 2701 2444 2967 2515; x_wconf 87' lang='grc' dir='ltr'>Ἐλλήνων</span> <span class='ocrx_word' id='word_1_719' title='bbox 2987 2462 3050 2498; x_wconf 86' lang='grc' dir='ltr'>τε</span> <span class='ocrx_word' id='word_1_720' title='bbox 3071 2444 3166 2500; x_wconf 76' lang='grc' dir='ltr'>καὶ</span> <span class='ocrx_word' id='word_1_721' title='bbox 3187 2442 3550 2518; x_wconf 84' lang='grc' dir='ltr'>Χριστιανῶν.</span> <span class='ocrx_word' id='word_1_722' title='bbox 3587 2443 3756 2509; x_wconf 69' lang='grc' dir='ltr'>Ἀλλ’,</span> <span class='ocrx_word' id='word_1_723' title='bbox 3783 2445 3922 2515; x_wconf 80' lang='grc' dir='ltr'>ὅπερ</span> 
     </span>
    </p>
   </div>
   <div class='ocr_carea' id='block_1_90' title="bbox 2247 2526 3922 2602">
    <p class='ocr_par' dir='ltr' id='par_1_90' title="bbox 2247 2526 3922 2602">
     <span class='ocr_line' id='line_1_90' title="bbox 2247 2526 3922 2602; baseline 0.001 -20"><span class='ocrx_word' id='word_1_724' title='bbox 2247 2529 2453 2599; x_wconf 71' lang='grc' dir='ltr'>ελεγον,</span> <span class='ocrx_word' id='word_1_725' title='bbox 2475 2531 2664 2602; x_wconf 83' lang='grc' dir='ltr'>ἐπειδὴ</span> <span class='ocrx_word' id='word_1_726' title='bbox 2685 2532 2844 2584; x_wconf 82' lang='grc' dir='ltr'>αὑτὸν</span> <span class='ocrx_word' id='word_1_727' title='bbox 2867 2526 3010 2585; x_wconf 76' lang='grc' dir='ltr'>εἷλεν</span> <span class='ocrx_word' id='word_1_728' title='bbox 3041 2534 3070 2584; x_wconf 94' lang='lat'>6</span> <span class='ocrx_word' id='word_1_729' title='bbox 3091 2529 3320 2596; x_wconf 84' lang='grc' dir='ltr'>Παῦλος,</span> <span class='ocrx_word' id='word_1_730' title='bbox 3341 2532 3592 2595; x_wconf 85' lang='grc' dir='ltr'>κάκεῖνος</span> <span class='ocrx_word' id='word_1_731' title='bbox 3615 2526 3798 2596; x_wconf 79' lang='grc' dir='ltr'>εἶπεν,</span> <span class='ocrx_word' id='word_1_732' title='bbox 3825 2533 3922 2584; x_wconf 75' lang='grc' dir='ltr'>Ἐν</span> 
     </span>
    </p>
   </div>
   <div class='ocr_carea' id='block_1_91' title="bbox 2247 2617 3924 2689">
    <p class='ocr_par' dir='ltr' id='par_1_91' title="bbox 2247 2617 3924 2689">
     <span class='ocr_line' id='line_1_91' title="bbox 2247 2617 3924 2689; baseline 0.001 -19"><span class='ocrx_word' id='word_1_733' title='bbox 2247 2617 2429 2684; x_wconf 63' lang='grc' dir='ltr'>ὀλίγῳ</span> <span class='ocrx_word' id='word_1_734' title='bbox 2453 2635 2530 2686; x_wconf 84' lang='grc' dir='ltr'>με</span> <span class='ocrx_word' id='word_1_735' title='bbox 2559 2619 2783 2683; x_wconf 84' lang='grc' dir='ltr'>πείθεις</span> <span class='ocrx_word' id='word_1_736' title='bbox 2809 2619 3170 2686; x_wconf 76' lang='grc' dir='ltr'>Χριστιανὸν</span> <span class='ocrx_word' id='word_1_737' title='bbox 3195 2617 3494 2687; x_wconf 76' lang='grc' dir='ltr'>γενέσθαι,</span> <span class='ocrx_word' id='word_1_738' title='bbox 3523 2617 3870 2689; x_wconf 86' lang='grc' dir='ltr'>ἀπεκρίνατο</span> <span class='ocrx_word' id='word_1_739' title='bbox 3893 2619 3924 2672; x_wconf 84' lang='lat'>6</span> 
     </span>
    </p>
   </div>
   <div class='ocr_carea' id='block_1_92' title="bbox 2247 2703 3923 2774">
    <p class='ocr_par' dir='ltr' id='par_1_92' title="bbox 2247 2703 3923 2774">
     <span class='ocr_line' id='line_1_92' title="bbox 2247 2703 3923 2774; baseline 0.002 -18"><span class='ocrx_word' id='word_1_740' title='bbox 2247 2703 2458 2768; x_wconf 87' lang='grc' dir='ltr'>Παῦλος</span> <span class='ocrx_word' id='word_1_741' title='bbox 2482 2705 2672 2769; x_wconf 80' lang='grc' dir='ltr'>οὕτως·</span> <span class='ocrx_word' id='word_1_742' title='bbox 2703 2705 3014 2774; x_wconf 79' lang='grc' dir='ltr'>Εὐξαίμην</span> <span class='ocrx_word' id='word_1_743' title='bbox 3041 2704 3120 2759; x_wconf 81' lang='grc' dir='ltr'>ἂν</span> <span class='ocrx_word' id='word_1_744' title='bbox 3139 2704 3342 2774; x_wconf 62' lang='grc' dir='ltr'>ἔγωγε,</span> <span class='ocrx_word' id='word_1_745' title='bbox 3381 2704 3482 2758; x_wconf 73' lang='grc' dir='ltr'>καὶ</span> <span class='ocrx_word' id='word_1_746' title='bbox 3509 2703 3577 2758; x_wconf 82' lang='grc' dir='ltr'>ἐν</span> <span class='ocrx_word' id='word_1_747' title='bbox 3606 2705 3798 2772; x_wconf 75' lang='grc' dir='ltr'>ὀλίγῳ</span> <span class='ocrx_word' id='word_1_748' title='bbox 3823 2703 3923 2759; x_wconf 73' lang='grc' dir='ltr'>καὶ</span> 
     </span>
    </p>
   </div>
   <div class='ocr_carea' id='block_1_93' title="bbox 2246 2789 3922 2860">
    <p class='ocr_par' dir='ltr' id='par_1_93' title="bbox 2246 2789 3922 2860">
     <span class='ocr_line' id='line_1_93' title="bbox 2246 2789 3922 2860; baseline 0 -16"><span class='ocrx_word' id='word_1_749' title='bbox 2246 2791 2314 2844; x_wconf 86' lang='grc' dir='ltr'>ἐν</span> <span class='ocrx_word' id='word_1_750' title='bbox 2323 2791 2551 2857; x_wconf 82' lang='grc' dir='ltr'>πολλῷ,</span> <span class='ocrx_word' id='word_1_751' title='bbox 2565 2809 2596 2846; x_wconf 91' lang='grc' dir='ltr'>ο</span> <span class='ocrx_word' id='word_1_752' title='bbox 2605 2795 2636 2845; x_wconf 85' lang='grc' dir='ltr'><em>ὺ</em></span> <span class='ocrx_word' id='word_1_753' title='bbox 2641 2793 2834 2860; x_wconf 82' lang='grc' dir='ltr'>μόνον</span> <span class='ocrx_word' id='word_1_754' title='bbox 2860 2791 2954 2856; x_wconf 91' lang='grc' dir='ltr'>σὲ,</span> <span class='ocrx_word' id='word_1_755' title='bbox 2973 2791 3136 2845; x_wconf 78' lang='grc' dir='ltr'>ἀλλὰ</span> <span class='ocrx_word' id='word_1_756' title='bbox 3149 2789 3246 2844; x_wconf 77' lang='grc' dir='ltr'>καί</span> <span class='ocrx_word' id='word_1_757' title='bbox 3259 2790 3489 2855; x_wconf 78' lang='grc' dir='ltr'>πάντας</span> <span class='ocrx_word' id='word_1_758' title='bbox 3503 2790 3644 2856; x_wconf 87' lang='grc' dir='ltr'>τοὺς</span> <span class='ocrx_word' id='word_1_759' title='bbox 3657 2791 3922 2844; x_wconf 79' lang='grc' dir='ltr'>ἀκούον-</span> 
     </span>
    </p>
   </div>
   <div class='ocr_carea' id='block_1_94' title="bbox 2245 2876 4027 2948">
    <p class='ocr_par' dir='ltr' id='par_1_94' title="bbox 2245 2876 4027 2948">
     <span class='ocr_line' id='line_1_94' title="bbox 2245 2876 4027 2948; baseline 0.001 -18"><span class='ocrx_word' id='word_1_760' title='bbox 2245 2877 2352 2943; x_wconf 83' lang='grc' dir='ltr'>τάς</span> <span class='ocrx_word' id='word_1_761' title='bbox 2391 2896 2511 2948; x_wconf 85' lang='grc' dir='ltr'>μου</span> <span class='ocrx_word' id='word_1_762' title='bbox 2571 2879 2850 2948; x_wconf 75' lang='grc' dir='ltr'>γενέσθαι</span> <span class='ocrx_word' id='word_1_763' title='bbox 2885 2878 3279 2946; x_wconf 86' lang='grc' dir='ltr'>Χριστιανοὺς</span> <span class='ocrx_word' id='word_1_764' title='bbox 3315 2877 3460 2932; x_wconf 79' lang='grc' dir='ltr'>ἄνευ</span> <span class='ocrx_word' id='word_1_765' title='bbox 3493 2877 3618 2931; x_wconf 85' lang='grc' dir='ltr'>τῶν</span> <span class='ocrx_word' id='word_1_766' title='bbox 3673 2876 3924 2948; x_wconf 74' lang='grc' dir='ltr'>δεσμῶν</span> 
     </span>
    </p>
   </div>
   <div class='ocr_carea' id='block_1_95' title="bbox 2245 2959 4027 3036">
    <p class='ocr_par' dir='ltr' id='par_1_95' title="bbox 2245 2959 4027 3036">
     <span class='ocr_line' id='line_1_95' title="bbox 2245 2959 4027 3036; baseline 0.002 -20"><span class='ocrx_word' id='word_1_767' title='bbox 2245 2966 2490 3018; x_wconf 84' lang='grc' dir='ltr'>τούτων.</span> <span class='ocrx_word' id='word_1_768' title='bbox 2518 2965 2582 3018; x_wconf 91' lang='grc' dir='ltr'>Τί</span> <span class='ocrx_word' id='word_1_769' title='bbox 2609 2965 2808 3033; x_wconf 87' lang='grc' dir='ltr'>λέγεις,</span> <span class='ocrx_word' id='word_1_770' title='bbox 2839 2959 2882 3018; x_wconf 80' lang='grc' dir='ltr'><strong>ὦ</strong></span> <span class='ocrx_word' id='word_1_771' title='bbox 2907 2964 3116 3029; x_wconf 89' lang='grc' dir='ltr'>Παῦλε;</span> <span class='ocrx_word' id='word_1_772' title='bbox 3153 2964 3322 3018; x_wconf 87' lang='grc' dir='ltr'>Ὅταν</span> <span class='ocrx_word' id='word_1_773' title='bbox 3349 2964 3446 3034; x_wconf 89' lang='grc' dir='ltr'>μέν</span> <span class='ocrx_word' id='word_1_774' title='bbox 3481 2964 3755 3034; x_wconf 81' lang='grc' dir='ltr'>Ἐφεσίοις</span> <span class='ocrx_word' id='word_1_775' title='bbox 3781 2964 3924 3036; x_wconf 81' lang='grc' dir='ltr'>γρά-</span> <span class='ocrx_word' id='word_1_776' title='bbox 4025 2959 4027 3020; x_wconf 69' lang='grc' dir='ltr'>Ϊ</span> 
     </span>
    </p>
   </div>
   <div class='ocr_carea' id='block_1_96' title="bbox 2247 3046 3924 3122">
    <p class='ocr_par' dir='ltr' id='par_1_96' title="bbox 2247 3046 3924 3122">
     <span class='ocr_line' id='line_1_96' title="bbox 2247 3046 3924 3122; baseline 0.001 -19"><span class='ocrx_word' id='word_1_777' title='bbox 2247 3069 2374 3122; x_wconf 78' lang='grc' dir='ltr'>φης,</span> <span class='ocrx_word' id='word_1_778' title='bbox 2405 3051 2601 3121; x_wconf 87' lang='grc' dir='ltr'>λέγεις·</span> <span class='ocrx_word' id='word_1_779' title='bbox 2652 3051 2986 3121; x_wconf 84' lang='grc' dir='ltr'>Παρακαλῶ</span> <span class='ocrx_word' id='word_1_780' title='bbox 3013 3046 3128 3106; x_wconf 83' lang='grc' dir='ltr'>οὖν</span> <span class='ocrx_word' id='word_1_781' title='bbox 3165 3049 3321 3120; x_wconf 85' lang='grc' dir='ltr'>ὑμᾶς</span> <span class='ocrx_word' id='word_1_782' title='bbox 3347 3051 3460 3120; x_wconf 75' lang='grc' dir='ltr'>ἐγὼ</span> <span class='ocrx_word' id='word_1_783' title='bbox 3483 3054 3516 3105; x_wconf 84' lang='grc' dir='ltr'>ό</span> <span class='ocrx_word' id='word_1_784' title='bbox 3549 3051 3804 3120; x_wconf 82' lang='grc' dir='ltr'>δέσμιος</span> <span class='ocrx_word' id='word_1_785' title='bbox 3853 3052 3924 3104; x_wconf 81' lang='grc' dir='ltr'>ἐν</span> 
     </span>
    </p>
   </div>
   <div class='ocr_carea' id='block_1_97' title="bbox 2245 3133 3920 3207">
    <p class='ocr_par' dir='ltr' id='par_1_97' title="bbox 2245 3133 3920 3207">
     <span class='ocr_line' id='line_1_97' title="bbox 2245 3133 3920 3207; baseline -0.001 -17"><span class='ocrx_word' id='word_1_786' title='bbox 2245 3139 2458 3205; x_wconf 80' lang='grc' dir='ltr'>Κυρίῳ,</span> <span class='ocrx_word' id='word_1_787' title='bbox 2495 3139 2678 3203; x_wconf 81' lang='grc' dir='ltr'>ἀξίως</span> <span class='ocrx_word' id='word_1_788' title='bbox 2705 3137 3104 3206; x_wconf 81' lang='grc' dir='ltr'>περιπατῆσαι</span> <span class='ocrx_word' id='word_1_789' title='bbox 3158 3137 3268 3206; x_wconf 82' lang='grc' dir='ltr'>τῆς</span> <span class='ocrx_word' id='word_1_790' title='bbox 3312 3136 3586 3204; x_wconf 76' lang='grc' dir='ltr'>κλήσεως</span> <span class='ocrx_word' id='word_1_791' title='bbox 3633 3133 3712 3207; x_wconf 76' lang='grc' dir='ltr'>ἧς</span> <span class='ocrx_word' id='word_1_792' title='bbox 3737 3136 3920 3202; x_wconf 71' lang='grc' dir='ltr'>ἐκλή-</span> 
     </span>
    </p>
   </div>
   <div class='ocr_carea' id='block_1_98' title="bbox 2245 3213 4027 3298">
    <p class='ocr_par' dir='ltr' id='par_1_98' title="bbox 2245 3213 4027 3298">
     <span class='ocr_line' id='line_1_98' title="bbox 2245 3213 4027 3298; baseline -0.016 -12"><span class='ocrx_word' id='word_1_793' title='bbox 2245 3230 2406 3292; x_wconf 82' lang='grc' dir='ltr'>θητε·</span> <span class='ocrx_word' id='word_1_794' title='bbox 2453 3226 2549 3279; x_wconf 71' lang='grc' dir='ltr'>καὶ</span> <span class='ocrx_word' id='word_1_795' title='bbox 2575 3227 2702 3280; x_wconf 85' lang='grc' dir='ltr'>ὅταν</span> <span class='ocrx_word' id='word_1_796' title='bbox 2747 3227 2882 3298; x_wconf 86' lang='grc' dir='ltr'>πρὸς</span> <span class='ocrx_word' id='word_1_797' title='bbox 2931 3226 3194 3298; x_wconf 89' lang='grc' dir='ltr'>Τιμόθεον</span> <span class='ocrx_word' id='word_1_798' title='bbox 3249 3225 3492 3297; x_wconf 82' lang='grc' dir='ltr'>διαλέγῃ·</span> <span class='ocrx_word' id='word_1_799' title='bbox 3542 3218 3718 3291; x_wconf 78' lang='grc' dir='ltr'>Ἐνῷ</span> <span class='ocrx_word' id='word_1_800' title='bbox 3743 3242 3918 3280; x_wconf 53' lang='lat' dir='ltr'>gmw.</span> 
     </span>
    </p>
   </div>
   <div class='ocr_carea' id='block_1_99' title="bbox 2246 3311 3916 3384">
    <p class='ocr_par' dir='ltr' id='par_1_99' title="bbox 2246 3311 3916 3384">
     <span class='ocr_line' id='line_1_99' title="bbox 2246 3311 3916 3384; baseline -0.001 -18"><span class='ocrx_word' id='word_1_801' title='bbox 2246 3311 2614 3382; x_wconf 80' lang='grc' dir='ltr'>παθῶμέχρι</span> <span class='ocrx_word' id='word_1_802' title='bbox 2645 3313 2906 3384; x_wconf 83' lang='grc' dir='ltr'>δεσμῶν,</span> <span class='ocrx_word' id='word_1_803' title='bbox 2958 3314 3040 3380; x_wconf 86' lang='grc' dir='ltr'>ὡς</span> <span class='ocrx_word' id='word_1_804' title='bbox 3075 3313 3424 3384; x_wconf 73' lang='grc' dir='ltr'>κακοῦργος·</span> <span class='ocrx_word' id='word_1_805' title='bbox 3459 3313 3554 3366; x_wconf 78' lang='grc' dir='ltr'>καὶ</span> <span class='ocrx_word' id='word_1_806' title='bbox 3598 3314 3734 3366; x_wconf 81' lang='grc' dir='ltr'>ὅταν</span> <span class='ocrx_word' id='word_1_807' title='bbox 3783 3312 3916 3384; x_wconf 67' lang='grc' dir='ltr'>πρὸς</span> 
     </span>
    </p>
   </div>
   <div class='ocr_carea' id='block_1_100' title="bbox 2244 3397 3914 3471">
    <p class='ocr_par' dir='ltr' id='par_1_100' title="bbox 2244 3397 3914 3471">
     <span class='ocr_line' id='line_1_100' title="bbox 2244 3397 3914 3471; baseline -0.001 -20"><span class='ocrx_word' id='word_1_808' title='bbox 2244 3399 2517 3471; x_wconf 85' lang='grc' dir='ltr'>Φιλήμονα</span> <span class='ocrx_word' id='word_1_809' title='bbox 2547 3401 2728 3456; x_wconf 87' lang='grc' dir='ltr'>πάλιν·</span> <span class='ocrx_word' id='word_1_810' title='bbox 2751 3399 2993 3468; x_wconf 78' lang='grc' dir='ltr'>Παῦλος</span> <span class='ocrx_word' id='word_1_811' title='bbox 3023 3400 3265 3470; x_wconf 83' lang='grc' dir='ltr'>δέσμιος</span> <span class='ocrx_word' id='word_1_812' title='bbox 3305 3399 3497 3468; x_wconf 84' lang='grc' dir='ltr'>Ἰησοῦ</span> <span class='ocrx_word' id='word_1_813' title='bbox 3515 3397 3803 3467; x_wconf 81' lang='grc' dir='ltr'>Χριστοῦ·</span> <span class='ocrx_word' id='word_1_814' title='bbox 3827 3399 3914 3452; x_wconf 78' lang='grc' dir='ltr'>καὶ</span> 
     </span>
    </p>
   </div>
   <div class='ocr_carea' id='block_1_101' title="bbox 2245 3485 3914 3559">
    <p class='ocr_par' dir='ltr' id='par_1_101' title="bbox 2245 3485 3914 3559">
     <span class='ocr_line' id='line_1_101' title="bbox 2245 3485 3914 3559; baseline -0.001 -20"><span class='ocrx_word' id='word_1_815' title='bbox 2245 3487 2374 3540; x_wconf 82' lang='grc' dir='ltr'>ὅταν</span> <span class='ocrx_word' id='word_1_816' title='bbox 2425 3487 2697 3552; x_wconf 88' lang='grc' dir='ltr'>Ἰουδαίοις</span> <span class='ocrx_word' id='word_1_817' title='bbox 2734 3486 3046 3559; x_wconf 79' lang='grc' dir='ltr'>συνδικάζῃ,</span> <span class='ocrx_word' id='word_1_818' title='bbox 3078 3487 3496 3556; x_wconf 84' lang='grc' dir='ltr'>λέγεις·Ἕνεκα</span> <span class='ocrx_word' id='word_1_819' title='bbox 3524 3485 3636 3554; x_wconf 83' lang='grc' dir='ltr'>τῆς</span> <span class='ocrx_word' id='word_1_820' title='bbox 3662 3485 3914 3552; x_wconf 70' lang='grc' dir='ltr'>ἐλπίδος</span> 
     </span>
    </p>
   </div>
   <div class='ocr_carea' id='block_1_102' title="bbox 2245 3573 3916 3643">
    <p class='ocr_par' dir='ltr' id='par_1_102' title="bbox 2245 3573 3916 3643">
     <span class='ocr_line' id='line_1_102' title="bbox 2245 3573 3916 3643; baseline -0.001 -17"><span class='ocrx_word' id='word_1_821' title='bbox 2245 3573 2352 3628; x_wconf 86' lang='grc' dir='ltr'>τοῦ</span> <span class='ocrx_word' id='word_1_822' title='bbox 2386 3574 2634 3643; x_wconf 79' lang='grc' dir='ltr'>Ἰσραὴλ</span> <span class='ocrx_word' id='word_1_823' title='bbox 2671 3576 2786 3642; x_wconf 73' lang='grc' dir='ltr'>τὴν</span> <span class='ocrx_word' id='word_1_824' title='bbox 2819 3575 3045 3630; x_wconf 82' lang='grc' dir='ltr'>ἅλυσιν</span> <span class='ocrx_word' id='word_1_825' title='bbox 3071 3577 3297 3642; x_wconf 80' lang='grc' dir='ltr'>ταύτην</span> <span class='ocrx_word' id='word_1_826' title='bbox 3321 3575 3668 3642; x_wconf 77' lang='grc' dir='ltr'>περίκειμαι·</span> <span class='ocrx_word' id='word_1_827' title='bbox 3705 3573 3804 3626; x_wconf 78' lang='grc' dir='ltr'>καὶ</span> <span class='ocrx_word' id='word_1_828' title='bbox 3821 3575 3916 3625; x_wconf 75' lang='grc' dir='ltr'>Φι-</span> 
     </span>
    </p>
   </div>
   <div class='ocr_carea' id='block_1_103' title="bbox 2244 3660 3920 3734">
    <p class='ocr_par' dir='ltr' id='par_1_103' title="bbox 2244 3660 3920 3734">
     <span class='ocr_line' id='line_1_103' title="bbox 2244 3660 3920 3734; baseline 0.001 -22"><span class='ocrx_word' id='word_1_829' title='bbox 2244 3661 2560 3731; x_wconf 86' lang='grc' dir='ltr'>λιππησίοις</span> <span class='ocrx_word' id='word_1_830' title='bbox 2591 3663 2818 3734; x_wconf 84' lang='grc' dir='ltr'>γράφων</span> <span class='ocrx_word' id='word_1_831' title='bbox 2845 3662 3048 3732; x_wconf 77' lang='grc' dir='ltr'>ἔλεγες·</span> <span class='ocrx_word' id='word_1_832' title='bbox 3081 3664 3262 3718; x_wconf 79' lang='grc' dir='ltr'>’Ὥστε</span> <span class='ocrx_word' id='word_1_833' title='bbox 3287 3663 3426 3729; x_wconf 87' lang='grc' dir='ltr'>τοὺς</span> <span class='ocrx_word' id='word_1_834' title='bbox 3457 3661 3748 3726; x_wconf 72' lang='grc' dir='ltr'>πλείονας</span> <span class='ocrx_word' id='word_1_835' title='bbox 3801 3660 3920 3714; x_wconf 80' lang='grc' dir='ltr'>τῶν</span> 
     </span>
    </p>
   </div>
   <div class='ocr_carea' id='block_1_104' title="bbox 2247 3745 3918 3818">
    <p class='ocr_par' dir='ltr' id='par_1_104' title="bbox 2247 3745 3918 3818">
     <span class='ocr_line' id='line_1_104' title="bbox 2247 3745 3918 3818; baseline -0.001 -18"><span class='ocrx_word' id='word_1_836' title='bbox 2247 3747 2545 3816; x_wconf 69' lang='grc' dir='ltr'>ἀδελφῶν,</span> <span class='ocrx_word' id='word_1_837' title='bbox 2575 3752 2933 3816; x_wconf 79' lang='grc' dir='ltr'>πεποιθότας</span> <span class='ocrx_word' id='word_1_838' title='bbox 2964 3749 3087 3815; x_wconf 86' lang='grc' dir='ltr'>τοῖς</span> <span class='ocrx_word' id='word_1_839' title='bbox 3115 3747 3357 3818; x_wconf 82' lang='grc' dir='ltr'>δεσμοῖς</span> <span class='ocrx_word' id='word_1_840' title='bbox 3389 3765 3532 3816; x_wconf 87' lang='grc' dir='ltr'>μου,</span> <span class='ocrx_word' id='word_1_841' title='bbox 3563 3745 3918 3814; x_wconf 76' lang='grc' dir='ltr'>περισσοτέ-</span> 
     </span>
    </p>
   </div>
   <div class='ocr_carea' id='block_1_105' title="bbox 2237 3833 3917 3905">
    <p class='ocr_par' dir='ltr' id='par_1_105' title="bbox 2237 3833 3917 3905">
     <span class='ocr_line' id='line_1_105' title="bbox 2237 3833 3917 3905; baseline -0.001 -18"><span class='ocrx_word' id='word_1_842' title='bbox 2237 3851 2359 3902; x_wconf 84' lang='grc' dir='ltr'>ρως</span> <span class='ocrx_word' id='word_1_843' title='bbox 2387 3834 2860 3905; x_wconf 69' lang='grc' dir='ltr'>τολμᾷνάφόϐως</span> <span class='ocrx_word' id='word_1_844' title='bbox 2885 3835 2991 3889; x_wconf 81' lang='grc' dir='ltr'>τὸν</span> <span class='ocrx_word' id='word_1_845' title='bbox 3005 3837 3192 3904; x_wconf 77' lang='grc' dir='ltr'>λόγον</span> <span class='ocrx_word' id='word_1_846' title='bbox 3229 3833 3458 3888; x_wconf 79' lang='grc' dir='ltr'>λαλεῖν·</span> <span class='ocrx_word' id='word_1_847' title='bbox 3495 3833 3772 3903; x_wconf 86' lang='grc' dir='ltr'>πανταχοῦ</span> <span class='ocrx_word' id='word_1_848' title='bbox 3817 3833 3917 3904; x_wconf 74' lang='grc' dir='ltr'>τὴν</span> 
     </span>
    </p>
   </div>
   <div class='ocr_carea' id='block_1_106' title="bbox 2247 3919 3916 3996">
    <p class='ocr_par' dir='ltr' id='par_1_106' title="bbox 2247 3919 3916 3996">
     <span class='ocr_line' id='line_1_106' title="bbox 2247 3919 3916 3996; baseline -0.004 -20"><span class='ocrx_word' id='word_1_849' title='bbox 2247 3921 2436 3976; x_wconf 78' lang='grc' dir='ltr'>ἅλυσιν</span> <span class='ocrx_word' id='word_1_850' title='bbox 2489 3923 2831 3996; x_wconf 87' lang='grc' dir='ltr'>περιφέρεις,</span> <span class='ocrx_word' id='word_1_851' title='bbox 2867 3921 3142 3992; x_wconf 88' lang='grc' dir='ltr'>πανταχοῦ</span> <span class='ocrx_word' id='word_1_852' title='bbox 3180 3921 3250 3974; x_wconf 80' lang='grc' dir='ltr'>τὰ</span> <span class='ocrx_word' id='word_1_853' title='bbox 3281 3921 3452 3991; x_wconf 88' lang='grc' dir='ltr'>δεσμά</span> <span class='ocrx_word' id='word_1_854' title='bbox 3485 3920 3792 3994; x_wconf 74' lang='grc' dir='ltr'>προϐάλλῃ,</span> <span class='ocrx_word' id='word_1_855' title='bbox 3821 3919 3916 3974; x_wconf 68' lang='grc' dir='ltr'>καὶ</span> 
     </span>
    </p>
   </div>
   <div class='ocr_carea' id='block_1_107' title="bbox 2245 4004 3914 4080">
    <p class='ocr_par' dir='ltr' id='par_1_107' title="bbox 2245 4004 3914 4080">
     <span class='ocr_line' id='line_1_107' title="bbox 2245 4004 3914 4080; baseline -0.003 -18"><span class='ocrx_word' id='word_1_856' title='bbox 2245 4011 2518 4079; x_wconf 75' lang='grc' dir='ltr'>καυχᾶσαι</span> <span class='ocrx_word' id='word_1_857' title='bbox 2568 4011 2660 4062; x_wconf 79' lang='grc' dir='ltr'>ἐπὶ</span> <span class='ocrx_word' id='word_1_858' title='bbox 2692 4009 2770 4080; x_wconf 79' lang='grc' dir='ltr'>τῷ</span> <span class='ocrx_word' id='word_1_859' title='bbox 2809 4010 3114 4079; x_wconf 86' lang='grc' dir='ltr'>πράγματι·</span> <span class='ocrx_word' id='word_1_860' title='bbox 3165 4009 3244 4070; x_wconf 87' lang='grc' dir='ltr'>εἰς</span> <span class='ocrx_word' id='word_1_861' title='bbox 3275 4007 3619 4076; x_wconf 79' lang='grc' dir='ltr'>δικαστήριον</span> <span class='ocrx_word' id='word_1_862' title='bbox 3649 4005 3710 4058; x_wconf 77' lang='grc' dir='ltr'>δὲ</span> <span class='ocrx_word' id='word_1_863' title='bbox 3745 4004 3914 4058; x_wconf 78' lang='grc' dir='ltr'>ἐλθὼν</span> 
     </span>
    </p>
   </div>
   <div class='ocr_carea' id='block_1_108' title="bbox 2247 4093 3912 4168">
    <p class='ocr_par' dir='ltr' id='par_1_108' title="bbox 2247 4093 3912 4168">
     <span class='ocr_line' id='line_1_108' title="bbox 2247 4093 3912 4168; baseline -0.002 -19"><span class='ocrx_word' id='word_1_864' title='bbox 2247 4096 2566 4168; x_wconf 85' lang='grc' dir='ltr'>προέδωκας</span> <span class='ocrx_word' id='word_1_865' title='bbox 2603 4097 2698 4166; x_wconf 81' lang='grc' dir='ltr'>τὴν</span> <span class='ocrx_word' id='word_1_866' title='bbox 2735 4094 3071 4165; x_wconf 85' lang='grc' dir='ltr'>φιλοσοφίαν,</span> <span class='ocrx_word' id='word_1_867' title='bbox 3111 4095 3199 4146; x_wconf 80' lang='grc' dir='ltr'>ὅτε</span> <span class='ocrx_word' id='word_1_868' title='bbox 3247 4093 3480 4164; x_wconf 86' lang='grc' dir='ltr'>μάλιστα</span> <span class='ocrx_word' id='word_1_869' title='bbox 3525 4093 3912 4165; x_wconf 67' lang='grc' dir='ltr'>παρρησιάσα-</span> 
     </span>
    </p>
   </div>
   <div class='ocr_carea' id='block_1_109' title="bbox 2246 4179 3914 4254">
    <p class='ocr_par' dir='ltr' id='par_1_109' title="bbox 2246 4179 3914 4254">
     <span class='ocr_line' id='line_1_109' title="bbox 2246 4179 3914 4254; baseline -0.002 -18"><span class='ocrx_word' id='word_1_870' title='bbox 2246 4184 2368 4236; x_wconf 82' lang='grc' dir='ltr'>σθαι</span> <span class='ocrx_word' id='word_1_871' title='bbox 2398 4184 2527 4249; x_wconf 83' lang='grc' dir='ltr'>ἐδει,</span> <span class='ocrx_word' id='word_1_872' title='bbox 2547 4183 2639 4238; x_wconf 70' lang='grc' dir='ltr'>καὶ</span> <span class='ocrx_word' id='word_1_873' title='bbox 2662 4184 2738 4254; x_wconf 85' lang='grc' dir='ltr'>τῷ</span> <span class='ocrx_word' id='word_1_874' title='bbox 2769 4183 2996 4254; x_wconf 83' lang='grc' dir='ltr'>δικαστῇ</span> <span class='ocrx_word' id='word_1_875' title='bbox 3026 4182 3224 4250; x_wconf 83' lang='grc' dir='ltr'>λέγεις·</span> <span class='ocrx_word' id='word_1_876' title='bbox 3263 4179 3576 4248; x_wconf 78' lang='grc' dir='ltr'>Εὐξαίμην</span> <span class='ocrx_word' id='word_1_877' title='bbox 3619 4181 3698 4232; x_wconf 79' lang='grc' dir='ltr'>ἄν</span> <span class='ocrx_word' id='word_1_878' title='bbox 3727 4197 3802 4234; x_wconf 87' lang='grc' dir='ltr'>σε</span> <span class='ocrx_word' id='word_1_879' title='bbox 3823 4197 3914 4248; x_wconf 81' lang='grc' dir='ltr'>τε·</span> 
     </span>
    </p>
   </div>
   <div class='ocr_carea' id='block_1_110' title="bbox 2241 4267 3914 4337">
    <p class='ocr_par' dir='ltr' id='par_1_110' title="bbox 2241 4267 3914 4337">
     <span class='ocr_line' id='line_1_110' title="bbox 2241 4267 3914 4337; baseline -0.003 -13"><span class='ocrx_word' id='word_1_880' title='bbox 2241 4269 2455 4325; x_wconf 83' lang='grc' dir='ltr'>νέσθαι</span> <span class='ocrx_word' id='word_1_881' title='bbox 2505 4270 2866 4337; x_wconf 80' lang='grc' dir='ltr'>Χριστιανὸν</span> <span class='ocrx_word' id='word_1_882' title='bbox 2913 4271 3060 4324; x_wconf 79' lang='grc' dir='ltr'>ἄνευ</span> <span class='ocrx_word' id='word_1_883' title='bbox 3087 4269 3207 4322; x_wconf 82' lang='grc' dir='ltr'>τῶν</span> <span class='ocrx_word' id='word_1_884' title='bbox 3243 4267 3480 4337; x_wconf 82' lang='grc' dir='ltr'>δεσμῶν</span> <span class='ocrx_word' id='word_1_885' title='bbox 3507 4269 3772 4328; x_wconf 60' lang='lat' dir='ltr'>tot-nor;</span> <span class='ocrx_word' id='word_1_886' title='bbox 3805 4267 3914 4321; x_wconf 71' lang='grc' dir='ltr'>Καὶ</span> 
     </span>
    </p>
   </div>
   <div class='ocr_carea' id='block_1_111' title="bbox 2247 4355 3916 4428">
    <p class='ocr_par' dir='ltr' id='par_1_111' title="bbox 2247 4355 3916 4428">
     <span class='ocr_line' id='line_1_111' title="bbox 2247 4355 3916 4428; baseline -0.002 -17"><span class='ocrx_word' id='word_1_887' title='bbox 2247 4358 2353 4428; x_wconf 83' lang='grc' dir='ltr'>μὴν</span> <span class='ocrx_word' id='word_1_888' title='bbox 2393 4360 2439 4411; x_wconf 81' lang='grc' dir='ltr'>εί</span> <span class='ocrx_word' id='word_1_889' title='bbox 2484 4359 2627 4412; x_wconf 89' lang='grc' dir='ltr'>καλά</span> <span class='ocrx_word' id='word_1_890' title='bbox 2665 4357 2733 4410; x_wconf 82' lang='grc' dir='ltr'>τά</span> <span class='ocrx_word' id='word_1_891' title='bbox 2756 4356 2950 4428; x_wconf 82' lang='grc' dir='ltr'>δεσμὰ,</span> <span class='ocrx_word' id='word_1_892' title='bbox 2985 4359 3080 4410; x_wconf 76' lang='grc' dir='ltr'>καὶ</span> <span class='ocrx_word' id='word_1_893' title='bbox 3106 4355 3248 4410; x_wconf 77' lang='grc' dir='ltr'>οὕτω</span> <span class='ocrx_word' id='word_1_894' title='bbox 3285 4355 3446 4420; x_wconf 82' lang='grc' dir='ltr'>καλὰ,</span> <span class='ocrx_word' id='word_1_895' title='bbox 3477 4355 3618 4408; x_wconf 82' lang='grc' dir='ltr'>ὥστε</span> <span class='ocrx_word' id='word_1_896' title='bbox 3647 4355 3916 4427; x_wconf 80' lang='grc' dir='ltr'>παρέχειν</span> 
     </span>
    </p>
   </div>
   <div class='ocr_carea' id='block_1_112' title="bbox 2244 4442 3916 4517">
    <p class='ocr_par' dir='ltr' id='par_1_112' title="bbox 2244 4442 3916 4517">
     <span class='ocr_line' id='line_1_112' title="bbox 2244 4442 3916 4517; baseline -0.001 -20"><span class='ocrx_word' id='word_1_897' title='bbox 2244 4447 2337 4498; x_wconf 75' lang='grc' dir='ltr'>καὶ</span> <span class='ocrx_word' id='word_1_898' title='bbox 2383 4446 2588 4516; x_wconf 89' lang='grc' dir='ltr'>ἐτέροις</span> <span class='ocrx_word' id='word_1_899' title='bbox 2631 4445 2854 4517; x_wconf 76' lang='grc' dir='ltr'>θαρρεῖν</span> <span class='ocrx_word' id='word_1_900' title='bbox 2895 4447 2974 4508; x_wconf 88' lang='grc' dir='ltr'>εἰς</span> <span class='ocrx_word' id='word_1_901' title='bbox 3009 4446 3100 4498; x_wconf 85' lang='grc' dir='ltr'>τὸν</span> <span class='ocrx_word' id='word_1_902' title='bbox 3129 4445 3270 4514; x_wconf 82' lang='grc' dir='ltr'>ὑπὲρ</span> <span class='ocrx_word' id='word_1_903' title='bbox 3301 4444 3401 4513; x_wconf 85' lang='grc' dir='ltr'>τῆς</span> <span class='ocrx_word' id='word_1_904' title='bbox 3429 4442 3714 4506; x_wconf 79' lang='grc' dir='ltr'>εὐσεϐείας</span> <span class='ocrx_word' id='word_1_905' title='bbox 3757 4443 3916 4511; x_wconf 74' lang='grc' dir='ltr'>λόγον</span> 
     </span>
    </p>
   </div>
   <div class='ocr_carea' id='block_1_113' title="bbox 2244 4529 3916 4604">
    <p class='ocr_par' dir='ltr' id='par_1_113' title="bbox 2244 4529 3916 4604">
     <span class='ocr_line' id='line_1_113' title="bbox 2244 4529 3916 4604; baseline -0.002 -20"><span class='ocrx_word' id='word_1_906' title='bbox 2244 4531 2332 4601; x_wconf 79' lang='grc' dir='ltr'>(σὺ</span> <span class='ocrx_word' id='word_1_907' title='bbox 2366 4532 2473 4604; x_wconf 87' lang='grc' dir='ltr'>γὰρ</span> <span class='ocrx_word' id='word_1_908' title='bbox 2502 4531 2636 4585; x_wconf 82' lang='grc' dir='ltr'>αὐτὸ</span> <span class='ocrx_word' id='word_1_909' title='bbox 2670 4533 2829 4585; x_wconf 87' lang='grc' dir='ltr'>τοῦτο</span> <span class='ocrx_word' id='word_1_910' title='bbox 2875 4532 3044 4603; x_wconf 74' lang='grc' dir='ltr'>ἔφθης</span> <span class='ocrx_word' id='word_1_911' title='bbox 3092 4531 3281 4596; x_wconf 85' lang='grc' dir='ltr'>εἰπὼν,</span> <span class='ocrx_word' id='word_1_912' title='bbox 3328 4532 3410 4583; x_wconf 83' lang='grc' dir='ltr'>ὅτι</span> <span class='ocrx_word' id='word_1_913' title='bbox 3447 4532 3494 4582; x_wconf 89' lang='grc' dir='ltr'>οί</span> <span class='ocrx_word' id='word_1_914' title='bbox 3527 4530 3772 4594; x_wconf 84' lang='grc' dir='ltr'>πλείονες</span> <span class='ocrx_word' id='word_1_915' title='bbox 3801 4529 3916 4582; x_wconf 66' lang='grc' dir='ltr'>τῶν</span> 
     </span>
    </p>
   </div>
   <div class='ocr_carea' id='block_1_114' title="bbox 2241 4617 3915 4690">
    <p class='ocr_par' dir='ltr' id='par_1_114' title="bbox 2241 4617 3915 4690">
     <span class='ocr_line' id='line_1_114' title="bbox 2241 4617 3915 4690; baseline -0.001 -18"><span class='ocrx_word' id='word_1_916' title='bbox 2241 4619 2485 4689; x_wconf 88' lang='grc' dir='ltr'>ἀδελφῶν</span> <span class='ocrx_word' id='word_1_917' title='bbox 2520 4619 2842 4680; x_wconf 87' lang='grc' dir='ltr'>πεποιθότες</span> <span class='ocrx_word' id='word_1_918' title='bbox 2873 4622 2987 4682; x_wconf 88' lang='grc' dir='ltr'>τοῖς</span> <span class='ocrx_word' id='word_1_919' title='bbox 3008 4619 3227 4690; x_wconf 86' lang='grc' dir='ltr'>δεσμοῖς</span> <span class='ocrx_word' id='word_1_920' title='bbox 3257 4635 3358 4689; x_wconf 87' lang='grc' dir='ltr'>μου</span> <span class='ocrx_word' id='word_1_921' title='bbox 3387 4617 3476 4670; x_wconf 84' lang='grc' dir='ltr'>τὸν</span> <span class='ocrx_word' id='word_1_922' title='bbox 3502 4617 3658 4685; x_wconf 88' lang='grc' dir='ltr'>λόγον</span> <span class='ocrx_word' id='word_1_923' title='bbox 3687 4618 3915 4671; x_wconf 77' lang='grc' dir='ltr'>ἐλάλουν</span> 
     </span>
    </p>
   </div>
   <div class='ocr_carea' id='block_1_115' title="bbox 2240 4703 3916 4776">
    <p class='ocr_par' dir='ltr' id='par_1_115' title="bbox 2240 4703 3916 4776">
     <span class='ocr_line' id='line_1_115' title="bbox 2240 4703 3916 4776; baseline -0.001 -18"><span class='ocrx_word' id='word_1_924' title='bbox 2240 4705 2501 4776; x_wconf 86' lang='grc' dir='ltr'>ἀφόϐως),</span> <span class='ocrx_word' id='word_1_925' title='bbox 2532 4707 2676 4770; x_wconf 89' lang='grc' dir='ltr'>τίνος</span> <span class='ocrx_word' id='word_1_926' title='bbox 2691 4707 2875 4759; x_wconf 75' lang='grc' dir='ltr'>ἕνεκεν</span> <span class='ocrx_word' id='word_1_927' title='bbox 2899 4705 2990 4759; x_wconf 75' lang='grc' dir='ltr'>ἐπὶ</span> <span class='ocrx_word' id='word_1_928' title='bbox 3007 4705 3102 4760; x_wconf 89' lang='grc' dir='ltr'>τοῦ</span> <span class='ocrx_word' id='word_1_929' title='bbox 3129 4703 3378 4760; x_wconf 86' lang='grc' dir='ltr'>δικαστοῦ</span> <span class='ocrx_word' id='word_1_930' title='bbox 3407 4706 3507 4758; x_wconf 86' lang='grc' dir='ltr'>οὐκ</span> <span class='ocrx_word' id='word_1_931' title='bbox 3525 4703 3916 4776; x_wconf 72' lang='grc' dir='ltr'>ἐγκαλλωπίζῃ</span> 
     </span>
    </p>
   </div>
   <div class='ocr_carea' id='block_1_116' title="bbox 2240 4789 3908 4866">
    <p class='ocr_par' dir='ltr' id='par_1_116' title="bbox 2240 4789 3908 4866">
     <span class='ocr_line' id='line_1_116' title="bbox 2240 4789 3908 4866; baseline 0 -21"><span class='ocrx_word' id='word_1_932' title='bbox 2240 4793 2317 4864; x_wconf 84' lang='grc' dir='ltr'>τῷ</span> <span class='ocrx_word' id='word_1_933' title='bbox 2353 4795 2659 4866; x_wconf 87' lang='grc' dir='ltr'>πράγματι,</span> <span class='ocrx_word' id='word_1_934' title='bbox 2691 4795 2826 4848; x_wconf 84' lang='grc' dir='ltr'>ἀλλά</span> <span class='ocrx_word' id='word_1_935' title='bbox 2855 4795 2949 4848; x_wconf 75' lang='grc' dir='ltr'>καὶ</span> <span class='ocrx_word' id='word_1_936' title='bbox 2969 4795 3284 4848; x_wconf 78' lang='grc' dir='ltr'>τούναντίον</span> <span class='ocrx_word' id='word_1_937' title='bbox 3317 4795 3520 4859; x_wconf 88' lang='grc' dir='ltr'>ποιεῖς;</span> <span class='ocrx_word' id='word_1_938' title='bbox 3559 4789 3710 4864; x_wconf 60' lang='grc' dir='ltr'>*Δρα</span> <span class='ocrx_word' id='word_1_939' title='bbox 3733 4793 3794 4846; x_wconf 72' lang='grc' dir='ltr'>οὗ</span> <span class='ocrx_word' id='word_1_940' title='bbox 3823 4793 3908 4845; x_wconf 84' lang='grc' dir='ltr'>δο-</span> 
     </span>
    </p>
   </div>
   <div class='ocr_carea' id='block_1_117' title="bbox 2241 4879 3912 4954">
    <p class='ocr_par' dir='ltr' id='par_1_117' title="bbox 2241 4879 3912 4954">
     <span class='ocr_line' id='line_1_117' title="bbox 2241 4879 3912 4954; baseline -0.001 -20"><span class='ocrx_word' id='word_1_941' title='bbox 2241 4885 2328 4934; x_wconf 90' lang='grc' dir='ltr'>κεῖ</span> <span class='ocrx_word' id='word_1_942' title='bbox 2353 4880 2570 4954; x_wconf 75' lang='grc' dir='ltr'>ζήτημα</span> <span class='ocrx_word' id='word_1_943' title='bbox 2604 4881 2824 4936; x_wconf 78' lang='grc' dir='ltr'>εἶναιτὸ</span> <span class='ocrx_word' id='word_1_944' title='bbox 2859 4882 3178 4953; x_wconf 88' lang='grc' dir='ltr'>λεγόμενον;</span> <span class='ocrx_word' id='word_1_945' title='bbox 3230 4881 3386 4934; x_wconf 77' lang='grc' dir='ltr'>Ἀλλά</span> <span class='ocrx_word' id='word_1_946' title='bbox 3418 4879 3679 4950; x_wconf 81' lang='grc' dir='ltr'>ταχίστην</span> <span class='ocrx_word' id='word_1_947' title='bbox 3719 4881 3912 4948; x_wconf 75' lang='grc' dir='ltr'>ἐπάγω</span> 
     </span>
    </p>
   </div>
   <div class='ocr_carea' id='block_1_118' title="bbox 2239 4967 3912 5039">
    <p class='ocr_par' dir='ltr' id='par_1_118' title="bbox 2239 4967 3912 5039">
     <span class='ocr_line' id='line_1_118' title="bbox 2239 4967 3912 5039; baseline 0 -19"><span class='ocrx_word' id='word_1_948' title='bbox 2239 4968 2336 5038; x_wconf 83' lang='grc' dir='ltr'>τὴν</span> <span class='ocrx_word' id='word_1_949' title='bbox 2370 4967 2544 5022; x_wconf 90' lang='grc' dir='ltr'>λύσιν.</span> <span class='ocrx_word' id='word_1_950' title='bbox 2587 4969 2662 5022; x_wconf 81' lang='grc' dir='ltr'>Οὐ</span> <span class='ocrx_word' id='word_1_951' title='bbox 2699 4969 2808 5039; x_wconf 89' lang='grc' dir='ltr'>γὰρ</span> <span class='ocrx_word' id='word_1_952' title='bbox 2847 4969 2908 5033; x_wconf 79' lang='grc' dir='ltr'>ἐξ</span> <span class='ocrx_word' id='word_1_953' title='bbox 2957 4969 3196 5038; x_wconf 88' lang='grc' dir='ltr'>ἀγωνίας</span> <span class='ocrx_word' id='word_1_954' title='bbox 3241 4969 3360 5022; x_wconf 88' lang='grc' dir='ltr'>ούδέ</span> <span class='ocrx_word' id='word_1_955' title='bbox 3397 4967 3600 5029; x_wconf 87' lang='grc' dir='ltr'>δειλίας</span> <span class='ocrx_word' id='word_1_956' title='bbox 3629 4968 3658 5019; x_wconf 90' lang='lat'>6</span> <span class='ocrx_word' id='word_1_957' title='bbox 3695 4967 3912 5030; x_wconf 81' lang='grc' dir='ltr'>Παῦλος</span> 
     </span>
    </p>
   </div>
   <div class='ocr_carea' id='block_1_119' title="bbox 2239 5053 3914 5126">
    <p class='ocr_par' dir='ltr' id='par_1_119' title="bbox 2239 5053 3914 5126">
     <span class='ocr_line' id='line_1_119' title="bbox 2239 5053 3914 5126; baseline -0.001 -19"><span class='ocrx_word' id='word_1_958' title='bbox 2239 5055 2394 5107; x_wconf 86' lang='grc' dir='ltr'>τοῦτο</span> <span class='ocrx_word' id='word_1_959' title='bbox 2421 5053 2694 5126; x_wconf 82' lang='grc' dir='ltr'>ἐποίησεν,</span> <span class='ocrx_word' id='word_1_960' title='bbox 2721 5056 2834 5108; x_wconf 80' lang='grc' dir='ltr'>ἀλλ’</span> <span class='ocrx_word' id='word_1_961' title='bbox 2863 5056 2970 5109; x_wconf 75' lang='grc' dir='ltr'>ἀπὸ</span> <span class='ocrx_word' id='word_1_962' title='bbox 2995 5057 3184 5124; x_wconf 86' lang='grc' dir='ltr'>σοφίας</span> <span class='ocrx_word' id='word_1_963' title='bbox 3221 5055 3418 5126; x_wconf 86' lang='grc' dir='ltr'>πολλῆς</span> <span class='ocrx_word' id='word_1_964' title='bbox 3449 5053 3468 5092; x_wconf 69' lang='grc' dir='ltr'><em>τ</em></span> <span class='ocrx_word' id='word_1_965' title='bbox 3505 5055 3603 5106; x_wconf 69' lang='grc' dir='ltr'>καὶ</span> <span class='ocrx_word' id='word_1_966' title='bbox 3635 5055 3914 5117; x_wconf 78' lang='grc' dir='ltr'>συνέσεως</span> 
     </span>
    </p>
   </div>
   <div class='ocr_carea' id='block_1_120' title="bbox 2239 5139 3914 5213">
    <p class='ocr_par' dir='ltr' id='par_1_120' title="bbox 2239 5139 3914 5213">
     <span class='ocr_line' id='line_1_120' title="bbox 2239 5139 3914 5213; baseline -0.001 -20"><span class='ocrx_word' id='word_1_967' title='bbox 2239 5143 2630 5213; x_wconf 87' lang='grc' dir='ltr'>πνευματικῆς·</span> <span class='ocrx_word' id='word_1_968' title='bbox 2660 5144 2755 5195; x_wconf 78' lang='grc' dir='ltr'>καὶ</span> <span class='ocrx_word' id='word_1_969' title='bbox 2787 5143 2926 5206; x_wconf 86' lang='grc' dir='ltr'>πῶς,</span> <span class='ocrx_word' id='word_1_970' title='bbox 2959 5141 3068 5211; x_wconf 87' lang='grc' dir='ltr'>ἐγὼ</span> <span class='ocrx_word' id='word_1_971' title='bbox 3101 5143 3268 5210; x_wconf 84' lang='grc' dir='ltr'>λέγω.</span> <span class='ocrx_word' id='word_1_972' title='bbox 3291 5141 3434 5210; x_wconf 79' lang='grc' dir='ltr'>Πρὸς</span> <span class='ocrx_word' id='word_1_973' title='bbox 3466 5140 3704 5210; x_wconf 86' lang='grc' dir='ltr'>Ἕλληνα</span> <span class='ocrx_word' id='word_1_974' title='bbox 3732 5139 3914 5194; x_wconf 73' lang='grc' dir='ltr'>διελέ-</span> 
     </span>
    </p>
   </div>
   <div class='ocr_carea' id='block_1_121' title="bbox 2237 5226 3914 5298">
    <p class='ocr_par' dir='ltr' id='par_1_121' title="bbox 2237 5226 3914 5298">
     <span class='ocr_line' id='line_1_121' title="bbox 2237 5226 3914 5298; baseline -0.001 -18"><span class='ocrx_word' id='word_1_975' title='bbox 2237 5246 2364 5296; x_wconf 90' lang='grc' dir='ltr'>γετο</span> <span class='ocrx_word' id='word_1_976' title='bbox 2379 5231 2472 5283; x_wconf 77' lang='grc' dir='ltr'>καὶ</span> <span class='ocrx_word' id='word_1_977' title='bbox 2500 5231 2750 5296; x_wconf 83' lang='grc' dir='ltr'>ἄπιστον,</span> <span class='ocrx_word' id='word_1_978' title='bbox 2775 5231 2871 5282; x_wconf 76' lang='grc' dir='ltr'>καὶ</span> <span class='ocrx_word' id='word_1_979' title='bbox 2898 5231 2997 5282; x_wconf 80' lang='grc' dir='ltr'>οὐκ</span> <span class='ocrx_word' id='word_1_980' title='bbox 3023 5229 3201 5282; x_wconf 84' lang='grc' dir='ltr'>εἰδότα</span> <span class='ocrx_word' id='word_1_981' title='bbox 3228 5227 3296 5280; x_wconf 75' lang='grc' dir='ltr'>τὰ</span> <span class='ocrx_word' id='word_1_982' title='bbox 3315 5226 3580 5298; x_wconf 77' lang='grc' dir='ltr'>ἡμέτερα.</span> <span class='ocrx_word' id='word_1_983' title='bbox 3617 5229 3730 5281; x_wconf 83' lang='grc' dir='ltr'>Οὐκ</span> <span class='ocrx_word' id='word_1_984' title='bbox 3753 5227 3914 5280; x_wconf 79' lang='grc' dir='ltr'>ἐϐού-</span> 
     </span>
    </p>
   </div>
   <div class='ocr_carea' id='block_1_122' title="bbox 2237 5309 3916 5382">
    <p class='ocr_par' dir='ltr' id='par_1_122' title="bbox 2237 5309 3916 5382">
     <span class='ocr_line' id='line_1_122' title="bbox 2237 5309 3916 5382; baseline 0.001 -20"><span class='ocrx_word' id='word_1_985' title='bbox 2237 5315 2357 5364; x_wconf 85' lang='grc' dir='ltr'>λετο</span> <span class='ocrx_word' id='word_1_986' title='bbox 2397 5309 2574 5366; x_wconf 86' lang='grc' dir='ltr'>τοίνυν</span> <span class='ocrx_word' id='word_1_987' title='bbox 2617 5313 2782 5366; x_wconf 80' lang='grc' dir='ltr'>αὑτὸν</span> <span class='ocrx_word' id='word_1_988' title='bbox 2828 5312 2937 5366; x_wconf 76' lang='grc' dir='ltr'>ἀπὸ</span> <span class='ocrx_word' id='word_1_989' title='bbox 2987 5312 3092 5366; x_wconf 87' lang='grc' dir='ltr'>τῶν</span> <span class='ocrx_word' id='word_1_990' title='bbox 3141 5309 3412 5382; x_wconf 84' lang='grc' dir='ltr'>φορτικῶν</span> <span class='ocrx_word' id='word_1_991' title='bbox 3448 5311 3756 5378; x_wconf 85' lang='grc' dir='ltr'>ἐναγαγεῖν,</span> <span class='ocrx_word' id='word_1_992' title='bbox 3787 5309 3916 5364; x_wconf 75' lang='grc' dir='ltr'>ἀλλ’</span> 
     </span>
    </p>
   </div>
   <div class='ocr_carea' id='block_1_123' title="bbox 2301 5469 3918 5550">
    <p class='ocr_par' dir='ltr' id='par_1_123' title="bbox 2301 5469 3918 5550">
     <span class='ocr_line' id='line_1_123' title="bbox 2301 5469 3918 5550; baseline 0.002 -29"><span class='ocrx_word' id='word_1_993' title='bbox 2301 5473 2575 5550; x_wconf 50' lang='grc' dir='ltr'>ξριιαὸίιιιι</span> <span class='ocrx_word' id='word_1_994' title='bbox 2617 5473 3168 5550; x_wconf 47' lang='lat' dir='ltr'>s‘ugplgyimusnomlssa</span> <span class='ocrx_word' id='word_1_995' title='bbox 3230 5471 3360 5534; x_wconf 84' lang='lat' dir='ltr'>apud</span> <span class='ocrx_word' id='word_1_996' title='bbox 3405 5469 3595 5532; x_wconf 66' lang='lat' dir='ltr'>Meum,</span> <span class='ocrx_word' id='word_1_997' title='bbox 3639 5473 3726 5534; x_wconf 86' lang='lat' dir='ltr'>qui</span> <span class='ocrx_word' id='word_1_998' title='bbox 3749 5471 3918 5524; x_wconf 70' lang='lat' dir='ltr'><strong>habet</strong></span> 
     </span>
    </p>
   </div>
   <div class='ocr_carea' id='block_1_124' title="bbox 2239 5534 3096 5652">
    <p class='ocr_par' dir='ltr' id='par_1_124' title="bbox 2239 5534 3096 5652">
     <span class='ocr_line' id='line_1_124' title="bbox 2239 5534 3096 5598; baseline 0.001 -15"><span class='ocrx_word' id='word_1_999' title='bbox 2239 5541 2422 5587; x_wconf 72' lang='lat' dir='ltr'>tantum</span> <span class='ocrx_word' id='word_1_1000' title='bbox 2441 5535 2570 5598; x_wconf 84' lang='grc' dir='ltr'>παρά</span> <span class='ocrx_word' id='word_1_1001' title='bbox 2589 5536 2674 5592; x_wconf 78' lang='grc' dir='ltr'>τὴν</span> <span class='ocrx_word' id='word_1_1002' title='bbox 2695 5536 2933 5584; x_wconf 80' lang='grc' dir='ltr'>ὑπόθεσιν.</span> <span class='ocrx_word' id='word_1_1003' title='bbox 2959 5534 3096 5585; x_wconf 70' lang='lat' dir='ltr'>Enn.</span> 
     </span>
     <span class='ocr_line' id='line_1_125' title="bbox 2296 5595 2991 5652; baseline 0.001 -7"><span class='ocrx_word' id='word_1_1004' title='bbox 2296 5595 2324 5634; x_wconf 72' lang='grc' dir='ltr'><strong><em>ἀ</em></strong></span> <span class='ocrx_word' id='word_1_1005' title='bbox 2345 5596 2441 5646; x_wconf 80' lang='lat' dir='ltr'>Alii</span> <span class='ocrx_word' id='word_1_1006' title='bbox 2465 5601 2518 5644; x_wconf 76' lang='lat' dir='ltr'>et.</span> <span class='ocrx_word' id='word_1_1007' title='bbox 2540 5595 2652 5643; x_wconf 86' lang='lat' dir='ltr'><strong>Sav.</strong></span> <span class='ocrx_word' id='word_1_1008' title='bbox 2679 5598 2743 5652; x_wconf 81' lang='grc' dir='ltr'>εἰς</span> <span class='ocrx_word' id='word_1_1009' title='bbox 2763 5597 2991 5646; x_wconf 84' lang='grc' dir='ltr'>κίνδυνον.</span> 
     </span>
    </p>
   </div>
   <div class='ocr_carea' id='block_1_125' title="bbox 2300 5633 3918 5756">
    <p class='ocr_par' dir='ltr' id='par_1_125' title="bbox 2300 5633 3918 5756">
     <span class='ocr_line' id='line_1_126' title="bbox 2300 5633 3918 5719; baseline -0.001 -13"><span class='ocrx_word' id='word_1_1010' title='bbox 2300 5661 2324 5688; x_wconf 82' lang='grc'><strong>⁸</strong></span> <span class='ocrx_word' id='word_1_1011' title='bbox 2349 5657 2465 5716; x_wconf 74' lang='lat' dir='ltr'>Alii,</span> <span class='ocrx_word' id='word_1_1012' title='bbox 2495 5658 2624 5705; x_wconf 82' lang='lat' dir='ltr'><strong>inter</strong></span> <span class='ocrx_word' id='word_1_1013' title='bbox 2647 5633 2770 5718; x_wconf 56' lang='lat' dir='ltr'><strong>quas</strong></span> <span class='ocrx_word' id='word_1_1014' title='bbox 2793 5657 2964 5716; x_wconf 82' lang='lat' dir='ltr'>Savil.,</span> <span class='ocrx_word' id='word_1_1015' title='bbox 2987 5657 3066 5705; x_wconf 85' lang='grc' dir='ltr'>καὶ</span> <span class='ocrx_word' id='word_1_1016' title='bbox 3090 5656 3170 5703; x_wconf 81' lang='grc' dir='ltr'>τὸν</span> <span class='ocrx_word' id='word_1_1017' title='bbox 3192 5655 3399 5719; x_wconf 84' lang='grc' dir='ltr'>ἄρχοντα</span> <span class='ocrx_word' id='word_1_1018' title='bbox 3421 5655 3602 5705; x_wconf 78' lang='grc' dir='ltr'>τούτων</span> <span class='ocrx_word' id='word_1_1019' title='bbox 3633 5656 3918 5707; x_wconf 72' lang='grc' dir='ltr'>εἰσελθϐντσι</span> 
     </span>
     <span class='ocr_line' id='line_1_127' title="bbox 2300 5718 3281 5756; baseline 0 0"><span class='ocrx_word' id='word_1_1020' title='bbox 2300 5719 2354 5756; x_wconf 65' lang='grc' dir='ltr'>,ὁρ</span> <span class='ocrx_word' id='word_1_1021' title='bbox 2375 5720 2494 5756; x_wconf 62' lang='lat' dir='ltr'>ﬁnii-</span> <span class='ocrx_word' id='word_1_1022' title='bbox 2515 5719 2783 5756; x_wconf 64' lang='grc' dir='ltr'>αἰδητῆἧιιηι</span> <span class='ocrx_word' id='word_1_1023' title='bbox 2805 5720 2889 5756; x_wconf 56' lang='grc' dir='ltr'>τεὴν</span> <span class='ocrx_word' id='word_1_1024' title='bbox 2921 5718 3281 5756; x_wconf 58' lang='grc' dir='ltr'>ηενηληιίιυνίιιιλ</span> 
     </span>
    </p>
   </div>
   <div class='ocr_carea' id='block_1_126' title="bbox 2241 5719 3918 5844">
    <p class='ocr_par' dir='ltr' id='par_1_126' title="bbox 2241 5719 3918 5844">
     <span class='ocr_line' id='line_1_128' title="bbox 2241 5719 3282 5828; baseline -0.006 -58"><span class='ocrx_word' id='word_1_1025' title='bbox 2241 5719 2356 5783; x_wconf 72' lang='grc' dir='ltr'>πρὸς</span> <span class='ocrx_word' id='word_1_1026' title='bbox 2375 5720 2495 5786; x_wconf 77' lang='grc' dir='ltr'>ὑμᾶς</span> <span class='ocrx_word' id='word_1_1027' title='bbox 2515 5719 2784 5775; x_wconf 81' lang='grc' dir='ltr'>αἰδεσθῆναι</span> <span class='ocrx_word' id='word_1_1028' title='bbox 2805 5720 2889 5774; x_wconf 77' lang='grc' dir='ltr'>τήν</span> <span class='ocrx_word' id='word_1_1029' title='bbox 2921 5719 3282 5828; x_wconf 44' lang='grc' dir='ltr'>μεγαλοὲνχίαν.</span> 
     </span>
     <span class='ocr_line' id='line_1_129' title="bbox 2309 5777 3918 5844; baseline 0.002 -18"><span class='ocrx_word' id='word_1_1030' title='bbox 2309 5780 2538 5840; x_wconf 62' lang='lat' dir='ltr'>[Quidam</span> <span class='ocrx_word' id='word_1_1031' title='bbox 2555 5779 2827 5844; x_wconf 70' lang='grc' dir='ltr'>φιλοσοφίας</span> <span class='ocrx_word' id='word_1_1032' title='bbox 2844 5781 3034 5839; x_wconf 73' lang='grc' dir='ltr'>πολλῆς.</span> <span class='ocrx_word' id='word_1_1033' title='bbox 3045 5779 3098 5830; x_wconf 84' lang='lat' dir='ltr'>In</span> <span class='ocrx_word' id='word_1_1034' title='bbox 3141 5781 3376 5842; x_wconf 80' lang='lat' dir='ltr'>aquidam</span> <span class='ocrx_word' id='word_1_1035' title='bbox 3384 5780 3466 5830; x_wconf 74' lang='lat' dir='ltr'>alii</span> <span class='ocrx_word' id='word_1_1036' title='bbox 3477 5778 3579 5827; x_wconf 80' lang='grc' dir='ltr'>ἀλλ’</span> <span class='ocrx_word' id='word_1_1037' title='bbox 3599 5777 3714 5842; x_wconf 77' lang='grc' dir='ltr'>ὅπερ</span> <span class='ocrx_word' id='word_1_1038' title='bbox 3731 5783 3918 5844; x_wconf 71' lang='grc' dir='ltr'>ἔλεγε-ι.</span> 
     </span>
    </p>
   </div>
  </div>
