4070 6208
210 302 310 356 1⁷55

204 419 346 464 dum.
393 409 500 464 Cur
541 407 792 463 tandem?
835 409 1095 475 Quoniam
1157 409 1247 463 illa
1294 409 1506 479 quidem
1567 409 1773 463 Domini

202 501 540 571 benignitatis
577 509 699 554 sunt
736 500 958 569 gratuita
983 499 1144 564 dona,
1178 502 1289 554 haec
1312 515 1440 555 vero
1475 503 1612 554 servi
1645 501 1778 555 tole-

201 592 388 644 rantia:
435 599 592 658 atque
649 590 914 658 patientiae
956 589 1182 653 indicia;
1227 590 1558 644 c0ttSuetudc
1604 599 1815 644 autem‘

198 682 500 735 amantibus
529 689 630 745 est,
677 680 778 733 illis
820 680 986 750 magis
1007 682 1140 734 allici
1171 697 1290 749 qua:
1330 696 1425 750 pro
1463 683 1653 734 amatis
1685 697 1778 749 pa-

199 774 418 834 tiantur,
469 788 627 842 quam
672 773 755 838 iis,
804 787 922 841 qum
951 771 1017 825 ab
1060 771 1188 840 ipsis
1230 773 1482 826 beneﬁcia
1523 771 1774 825 referunt.

197 864 314 919 Non
359 866 429 918 ita
465 880 557 918 rex
595 865 888 918 diademate
929 865 1204 933 gloriatur,
1232 873 1290 918 ut
1328 865 1414 918 ille
1438 864 1659 918 vinculis
1681 864 1778 918 de-

198 955 494 1010 lectabatur
517 972 529 1006 :
549 963 603 1008 et
625 955 831 1008 merito.
855 955 1102 1008 Diadema
1127 970 1316 1024 nempe
1332 955 1502 1008 solum
1525 963 1778 1010 coronato

194 1043 359 1113 capiti
397 1053 639 1098 ornatum
682 1043 854 1109 aliert,
896 1055 1076 1098 eatena
1110 1060 1236 1098 vero
1260 1054 1312 1099 et
1336 1054 1578 1098 ornatum
1615 1046 1779 1099 multo

196 1135 477 1204 majorem,
511 1145 564 1188 et.
608 1135 843 1189 tutelam.
881 1135 1087 1188 Corona
1135 1150 1276 1204 szepe
1326 1135 1466 1204 regia
1514 1143 1673 1203 caput
1720 1151 1778 1190 se

191 1225 582 1280 circumdatum
611 1226 860 1294 prodidit,
894 1227 1200 1279 innumeros
1221 1227 1399 1279 allexit
1421 1225 1774 1292 insidiatores,

195 1325 354 1385 atque
386 1317 438 1369 in
478 1317 772 1387 tyrannidis
813 1316 1293 1384 coocupiscentiam
1339 1317 1603 1381 invitavit;
1644 1318 1776 1371 etin

197 1407 348 1462 hellis
377 1407 463 1460 hic
491 1418 712 1461 ornatus
739 1400 821 1461 esi
849 1407 981 1461 adeo
1005 1409 1351 1476 periculosus,
1383 1418 1439 1462 ttt
1462 1410 1630 1478 ipsum
1679 1409 1774 1462 de-

196 1509 469 1568 ponantet
509 1499 854 1553 abscondant.
897 1499 951 1553 In
976 1501 1169 1568 prmliis
1199 1516 1590 1569 nonnumquam
1625 1516 1776 1569 reges

196 1592 436 1644 habitum
481 1602 898 1654 commutautes,
945 1593 1014 1646 ita
1059 1608 1244 1646 manus
1287 1608 1405 1645 cum
1452 1593 1776 1646 certantibus

193 1691 524 1735 conserunt:
553 1692 695 1735 tanta
740 1698 803 1735 ex
849 1698 1042 1735 corona
1089 1684 1258 1736 mitur
1298 1683 1542 1750 proditio.
1580 1683 1774 1737 Catena

195 1787 322 1825 vero
363 1773 495 1824 nihil
539 1773 837 1841 hujusmodi
899 1771 1204 1843 gerentibus
1253 1773 1424 1837 aﬂ’ert,
1478 1773 1569 1826 sed
1619 1790 1776 1827 mune

191 1864 520 1917 contrarium
549 1881 561 1916 :
590 1880 708 1918 cum
738 1880 908 1933 pugna
935 1864 1002 1918 sit
1027 1873 1079 1918 et
1103 1865 1244 1917 acies
1272 1873 1452 1917 contra
1483 1864 1770 1929 daemones,

190 1964 244 2007 et
268 1955 604 2009 adversarias
646 1965 956 2023 potestates,
1003 1955 1338 2025 prmtendens
1379 1955 1545 2024 ipsam
1585 1955 1674 2025 qui
1713 1970 1775 2010 ea

188 2047 555 2100 circumdatus
597 2058 696 2109 est,
741 2049 953 2102 illorum
997 2049 1201 2117 repellit
1226 2048 1484 2102 incursus.
1514 2048 1579 2101 Et
1605 2048 1775 2117 magi-

187 2147 452 2192 stratuum
478 2140 690 2210 quidem
727 2151 1066 2195 externorum
1111 2141 1260 2194 multi
1284 2156 1387 2194 non
1421 2150 1618 2195 tantum
1644 2140 1774 2198 dum

187 2229 477 2297 imperant,
504 2247 681 2285 verum
703 2241 894 2286 etcum
917 2231 1237 2287 excesserint
1258 2231 1584 2301 magistratu,
1609 2232 1776 2302 ipsius

188 2337 383 2374 nomen
413 2322 813 2377 circumferunt.

268 2410 489 2464 Vincula
521 2411 670 2466 Pauli
695 2413 872 2482 ubique
895 2414 1252 2484 pra’dicantur.
1275 2443 1346 2452 —
1377 2413 1468 2466 Ille
1495 2413 1770 2478 exconsul,

186 2499 404 2565 dicitur,
457 2502 545 2556 ille
587 2502 960 2571 exprmfectus;
1010 2503 1096 2557 hic
1126 2519 1251 2557 vero
1281 2517 1376 2572 pro
1405 2503 1467 2557 iis
1505 2502 1772 2566 omnibus,

188 2589 390 2645 Paulus
448 2595 677 2658 vinctus,
723 2593 911 2663 inquit,
959 2602 1012 2648 et
1053 2593 1335 2648 admodum
1399 2603 1770 2663 congruenter.

188 2683 262 2736 Illi
305 2701 546 2755 namque
585 2687 920 2756 magistratus
947 2701 1052 2741 non
1087 2687 1293 2754 penitus
1323 2695 1446 2741 sunt
1469 2688 1629 2741 animi
1659 2688 1768 2741 vir-

188 2783 311 2837 tutis
335 2779 826 2835 demonstrationes
852 2795 864 2830 :
895 2777 1132 2847 pecuniis
1159 2777 1298 2831 enim
1323 2787 1445 2832 sunt
1470 2777 1703 2841 venales,
1721 2787 1774 2832 et

187 2875 487 2928 amicorum
507 2871 742 2940 indigent
758 2869 1229 2934 asscntationibus;
1253 2868 1340 2923 hic
1368 2879 1541 2924 autem
1562 2886 1628 2924 ex
1652 2871 1772 2924 vin-

186 2965 320 3018 culis
364 2963 710 3031 magistratus
753 2970 833 3014 est
871 2959 1032 3013 animi
1070 2960 1364 3028 disciplina:
1410 2960 1680 3024 indicium,
1719 2970 1774 3014 et

186 3054 426 3109 ardentis
450 3052 793 3106 iuChristum
831 3051 1077 3106 desiderii
1118 3053 1325 3120 signum
1371 3052 1678 3106 maximum.
1705 3052 1772 3107 Et

185 3146 260 3200 illi
305 3143 526 3215 quidem
578 3143 724 3198 brevi
771 3141 1074 3211 refugiunt,
1130 3142 1217 3197 hic
1263 3158 1391 3197 vero
1437 3144 1774 3212 magistratus

184 3236 397 3289 nullum
430 3234 588 3288 habet
614 3248 1000 3288 successorem.
1043 3233 1234 3302 Aspice
1264 3248 1490 3303 namque
1517 3245 1771 3303 quantum

184 3326 255 3380 ab
278 3325 374 3378 illo
401 3339 541 3377 nunc
566 3339 733 3391 usque
759 3323 1010 3391 temporis
1033 3331 1132 3386 est,
1174 3333 1226 3376 et
1255 3323 1581 3391 splendidius
1619 3323 1775 3393 hujus

186 3418 356 3472 vincti
407 3431 599 3470 nomen
656 3415 922 3470 redditum
977 3422 1058 3468 est
1104 3430 1116 3466 :
1166 3426 1229 3468 ac
1274 3415 1518 3468 consules
1557 3414 1771 3483 quidem

185 3525 379 3562 omnes
406 3549 419 3572 ,
452 3508 770 3576 quicumque
812 3505 1173 3575 superioribus
1218 3505 1365 3559 fuere
1411 3505 1769 3574 temporibus,

185 3598 411 3652 silentio
437 3597 614 3650 traditi
646 3605 788 3659 sunt,
820 3606 871 3649 et
902 3611 1002 3650 nec
1022 3596 1136 3664 ipso
1155 3596 1364 3665 quidem
1388 3596 1601 3650 nomine
1621 3596 1775 3665 vulgo

185 3700 315 3744 sunt
344 3688 543 3758 cogniti
573 3705 586 3751 ;
626 3687 780 3757 hujus
813 3697 988 3742 autem
1029 3687 1188 3741 vincti
1222 3687 1360 3742 beati
1396 3687 1541 3742 Pauli
1581 3703 1773 3744 nomen

187 3781 424 3834 multum
454 3780 668 3849 quidem
699 3780 783 3832 hic
803 3821 817 3840 ,
850 3779 1072 3832 multum
1101 3789 1278 3832 autem
1325 3777 1377 3832 in
1428 3778 1772 3833 barbarorum

189 3871 416 3940 regione
488 3870 710 3923 multum
782 3869 922 3938 apud
987 3869 1213 3939 Scythas
1284 3877 1339 3923 et
1402 3867 1593 3935 ludos,
1633 3879 1686 3926 et
1727 3869 1773 3924 si

187 3966 256 4014 ad
299 3963 448 4031 ipsos
488 3971 752 4016 terrarum
795 3961 939 4016 orbis
975 3962 1228 4016 terminos
1265 3963 1466 4027 venias,
1514 3961 1652 4017 hanc
1687 3979 1773 4018 au-

186 4054 310 4107 dies
347 4053 780 4121 appellationem,
847 4063 901 4106 et
959 4068 1291 4122 quocumque
1346 4053 1602 4122 quispiam
1649 4069 1772 4122 per-

187 4145 442 4208 venerit,
491 4144 708 4198 Paulum
744 4145 939 4214 ubique
964 4145 1015 4198 iit
1045 4145 1280 4198 omnium
1312 4161 1406 4198 ore
1447 4144 1772 4200 circumferri

189 4251 263 4288 no
290 4246 404 4290 cet.
450 4233 518 4288 Et
558 4235 682 4304 quid
723 4237 931 4298 tnirum,
957 4236 1000 4290 si
1024 4237 1076 4290 in
1107 4247 1242 4290 terra
1283 4236 1538 4306 marique,
1579 4237 1774 4305 quippe

189 4339 314 4377 cum
362 4333 414 4378 et
461 4325 512 4377 in
559 4324 703 4378 caelis
731 4325 952 4378 multum
985 4325 1128 4379 Pauli
1155 4340 1349 4380 nomen
1374 4326 1510 4394 apud
1536 4327 1770 4395 angelos,

191 4415 335 4483 apud
364 4414 730 4482 archangelos,
764 4424 815 4469 et
841 4429 1097 4484 supernas
1122 4415 1362 4482 virtutes,
1390 4425 1446 4470 et
1474 4419 1657 4469 harum
1685 4433 1773 4470 re-

189 4520 312 4573 gem
345 4505 551 4558 Deum?
595 4506 660 4558 Et
683 4506 871 4575 qualia,
899 4499 1082 4576 inquit,
1103 4514 1255 4561 erant
1281 4507 1366 4560 illa
1393 4507 1618 4572 vincula,
1637 4523 1773 4577 quo-

187 4598 337 4650 niam
389 4607 591 4650 tantum
635 4597 809 4650 vincto
852 4599 1033 4667 gloria.-
1059 4599 1325 4652 tulerunt?
1368 4613 1543 4653 nonne
1569 4613 1600 4653 e
1633 4599 1774 4654 ferro

190 4688 452 4741 fabricata
474 4688 656 4742 erant?
683 4688 724 4742 E
743 4687 884 4742 ferro
905 4689 1116 4757 quidem
1149 4688 1421 4753 fabricata,
1441 4688 1534 4743 sed
1556 4689 1771 4742 multam
1812 4710 1819 4717 ·

190 4780 466 4833 habebant
512 4781 736 4848 Spiritus
769 4784 989 4850 gratiam
1035 4781 1455 4836 emorescentem
1482 4799 1495 4834 :
1524 4781 1772 4850 quoniam

187 4886 417 4941 preptcr
452 4872 718 4926 Christum
763 4872 891 4942 ipsis
923 4873 1276 4927 circuunlatus
1317 4873 1504 4927 fuerat.
1537 4872 1581 4927 Ο
1615 4875 1775 4927 mira-

185 4963 375 5015 cnluin
397 4963 411 5016 !
435 4963 575 5015 servi
597 4963 756 5016 vincti
784 4971 926 5028 sunt,
954 4964 1204 5016 Dominus
1228 4962 1527 5027 crucifixus,
1561 4973 1614 5018 et
1634 4979 1773 5032 pra:-

187 5051 394 5102 dicatio
433 5051 669 5120 quotidie
694 5054 884 5107 crescit
908 5070 920 5104 :
947 5063 1000 5105 et
1029 5068 1123 5122 per
1145 5069 1262 5123 quze
1303 5056 1584 5123 putabatur
1613 5067 1772 5120 Opera

188 5143 489 5211 prohiberi,
527 5159 623 5212 per
656 5145 767 5198 lucc
799 5159 1021 5198 accensa
1045 5154 1126 5198 est
1151 5164 1165 5200 :
1192 5155 1244 5200 et
1280 5161 1430 5211 crux,
1463 5154 1516 5199 et
1544 5145 1770 5210 vincula,

187 5250 311 5303 qua:
352 5249 476 5288 esse
519 5235 830 5290 videbantur
873 5237 1210 5303 abominatio,
1241 5253 1380 5292 nunc
1416 5239 1602 5292 salutis
1627 5239 1772 5307 signa

189 5335 314 5378 sunt
339 5324 499 5388 facta,
531 5334 583 5380 et
610 5327 843 5395 quolibet
868 5343 1000 5380 auro
1028 5328 1224 5381 ferrum
1252 5328 1378 5382 illud
1405 5328 1556 5382 nobis
1581 5327 1774 5397 pretio.

189 5417 302 5470 sius
328 5425 464 5479 erat,
490 5433 594 5469 non
626 5427 840 5488 propter
868 5430 1106 5472 naturam
1131 5420 1416 5490 propriam,
1448 5420 1539 5473 sed
1563 5429 1775 5488 prOpter

192 5522 410 5563 causam
435 5508 572 5562 hanc
592 5519 647 5565 et
668 5521 1032 5580 argumentum
1058 5512 1097 5565 ⁸.
1126 5510 1232 5566 Sed
1253 5511 1406 5567 video
1430 5513 1774 5581 qumsuonem

252 5645 269 5676 ⁸
306 5643 502 5712 "outer.
529 5645 598 5693 sic
632 5643 779 5707 legit,
804 5647 992 5697 omissis
1024 5646 1308 5712 quibusdam
1339 5659 1352 5695 :
1391 5643 1649 5696 Prctiosius
1673 5652 1774 5695 erat

175 5714 387 5771 propter
413 5707 502 5756 hoc
527 5715 874 5770 argumentum.

1087 299 1177 352 an
1214 297 1530 354 POPULUM
1570 294 2053 387 .inriocttENUit
2116 302 2343 360 nomL.
2386 307 2521 361 xw.
3369 322 3463 376 ηαδ

1891 406 2011 462 hinc
2038 411 2189 467 nobis
2217 417 2498 484 quamdam
2529 419 2784 474 orientem
2812 439 2823 473 :
2847 428 2961 478 etsi
2988 427 3269 499 diligenter
3290 444 3462 488 altea-

1883 499 2022 553 datis
2053 544 2067 567 ,
2119 514 2170 557 et
2210 508 2550 575 quaestionem
2601 510 2794 579 dicam,
2843 525 2898 570 et
2937 520 3251 578 solutionem
3303 541 3462 595 appo-

1885 604 2026 642 nam.
2079 591 2213 658 Quid
2265 596 2421 663 igitur
2472 600 2679 656 tandem
2724 614 2806 658 est
2852 608 2991 676 quod
3038 591 3455 680 quaerituriln-

1885 693 2094 776 gressus
2116 683 2398 752 aliquando
2426 688 2510 743 hic
2547 691 2737 746 Paulus
2783 695 2847 748 ad
2902 697 3136 767 Festum,
3181 713 3234 758 ct
3292 708 3458 776 ipsum

1883 769 2175 838 alloquens,
2195 788 2257 828 ac
2275 791 2501 844 purgans
2517 796 2574 834 se
2591 781 2656 836 de
2676 784 3003 855 criminibus,
3023 793 3213 858 quibus
3234 769 3457 866 urgeba-

1885 869 1969 956 tur
1983 878 2009 912 a
2023 862 2240 928 Judazis,
2259 875 2311 920 et
2331 869 2530 934 dicens,
2559 877 2824 941 quomodo
2842 877 3019 935 Jesum
3036 884 3183 951 vidit,
3199 862 3462 956 quoinodo

1883 951 2088 1006 beatam
2118 972 2297 1011 vocem
2321 960 2461 1013 illam
2485 963 2705 1027 audivit.
2731 971 2997 1036 quomodo
3028 989 3122 1041 per
3145 951 3460 1035 exczrcatio-

1883 1059 2003 1097 nem
2034 1047 2098 1098 ad
2128 1047 2298 1102 lucem
2327 1055 2583 1120 pervenit,
2617 1060 2880 1123 quomodo
2910 1065 3099 1120 cecidit
3137 1078 3189 1122 et
3209 1075 3458 1141 surrexit,

1881 1137 2146 1201 quomodo
2194 1139 2464 1209 ingressus
2507 1155 2590 1199 est
2629 1147 2940 1206 Damascum
2987 1157 3224 1225 captivus
3259 1137 3458 1232 absque

1882 1225 2105 1280 vinculis
2129 1232 2480 1300 compeditus,
2513 1251 2574 1290 ac
2597 1237 2666 1292 de
2699 1241 2970 1310 prophetis
3032 1249 3201 1318 deque
3243 1253 3355 1323 lege
3375 1225 3456 1308 lo-

1880 1329 2046 1382 quens
2068 1359 2082 1383 ,
2109 1328 2160 1372 et
2183 1323 2467 1379 ostendens
2488 1326 2604 1381 illos
2632 1329 2744 1384 haec
2762 1337 2935 1388 omnia
2967 1341 3289 1408 prmdixisse,
3319 1345 3455 1412 iudi-

1879 1417 2086 1499 cantem
2115 1413 2272 1480 cepit,
2297 1425 2349 1468 et
2375 1416 2484 1470 fere
2512 1419 2576 1472 ad
2603 1422 2832 1490 seipsum
2867 1429 3086 1484 transire
3118 1436 3394 1499 persuasit.

1955 1498 2008 1550 4.
2051 1500 2205 1554 Tales
2231 1505 2371 1557 enim
2403 1519 2702 1565 sanctorum
2731 1524 2852 1568 sunt
2876 1517 3064 1571 animae
3095 1498 3252 1575 tcum
3283 1524 3332 1578 in
3359 1543 3451 1594 pe-

1882 1587 2048 1642 ricula
2078 1593 2385 1656 ceciderint,
2430 1614 2532 1652 non
2555 1605 2821 1669 quomodo
2850 1609 3096 1674 periculis
3145 1587 3452 1683 liberentur,

1881 1682 2237 1750 considerant,
2283 1689 2374 1742 scd
2414 1707 2520 1759 quo
2552 1708 2930 1764 persequentes
2979 1701 3247 1759 lurrt'ntur
3279 1682 3452 1763 omnia

1883 1770 2080 1826 faciunt
2109 1792 2122 1828 :
2159 1776 2362 1832 sicutet
2396 1790 2518 1835 tunc
2561 1783 2756 1838 factum
2783 1798 2862 1841 est
2891 1806 2903 1841 :
2931 1806 2988 1844 se
3013 1792 3323 1850 defensurus
3372 1800 3452 1852 iu-

1881 1863 2058 1927 travit,
2091 1874 2144 1918 et
2183 1877 2338 1936 capto
2369 1870 2550 1939 judice
2585 1874 2848 1934 discessit.
2889 1881 2956 1936 Et
2995 1880 3108 1938 haec
3147 1887 3258 1953 ipse
3290 1890 3450 1955 judex

1881 1965 2102 2011 testatus
2129 1967 2230 2024 est,
2254 1961 2435 2017 dicens
2467 1982 2479 2017 :
2511 1963 2577 2017 In
2599 1968 2880 2023 modicome
2898 1974 3179 2040 persuades
3199 1977 3450 2036 Clu-istiu-

1881 2061 1999 2098 num
2027 2048 2138 2114 ﬁeri
2163 2048 2182 2120 (
2207 2051 2315 2104 Act.
2343 2052 2432 2107 26.
2454 2054 2525 2109 28
2607 2056 2719 2112 Hoc
2737 2068 2791 2114 et
2816 2059 2974 2117 hodie
2998 2066 3108 2120 llCl‘l
3131 2069 3366 2135 decebat,
3400 2088 3449 2129 et

1880 2136 2184 2203 pra‘fectum
2232 2139 2372 2195 hunc
2396 2154 2623 2198 vestram
2651 2147 3452 2222 admirarimagnanimitatem',

1881 2227 2288 2298 philosophiam,
2320 2234 2711 2306 perfectamque
2753 2242 3003 2309 quietem.
3063 2256 3115 2299 et
3158 2264 3223 2301 ex
3267 2251 3452 2305 ordini:

1877 2328 2056 2371 vestro
2095 2319 2427 2390 disciplinam
2478 2342 2690 2398 capere,
2721 2337 2775 2384 et
2817 2331 2893 2387 sic
2937 2336 3102 2398 abire,
3144 2341 3450 2397 concionem

1878 2408 2151 2475 admirari,
2204 2413 2420 2472 laudare
2458 2433 2787 2486 consessum,
2818 2432 2870 2476 et
2913 2439 2978 2478 ex
3020 2427 3148 2496 ipsis
3188 2431 3343 2484 rebus
3369 2433 3450 2485 do

1879 2513 2050 2564 scere,
2070 2513 2321 2570 quantum
2338 2507 2474 2561 inter
2490 2511 2714 2577 gentiles
2725 2520 2777 2565 et
2790 2511 3451 2577 Christianosdiscriminis

1877 2588 1967 2680 sit.
2013 2589 2116 2645 Sed
2149 2603 2202 2646 ut
2227 2595 2292 2648 ad
2337 2596 2386 2650 id
2417 2597 2628 2652 redeam
2679 2602 2818 2669 quod
2868 2603 3128 2671 dicebam,
3170 2621 3448 2680 postquam

1879 2679 2050 2749 ipsum
2079 2684 2220 2751 cepit
2252 2685 2466 2753 Paulus,
2503 2698 2557 2741 et
2581 2689 2670 2742 ille
2700 2691 2832 2744 dixit
2865 2711 2877 2746 :
2913 2693 2976 2748 In
3005 2700 3200 2751 modico
3237 2679 3317 2754 me
3337 2721 3453 2772 pcr-

1875 2772 2058 2825 suades
2084 2772 2423 2830 Christianum
2452 2779 2584 2846 ﬁeri,
2619 2780 2814 2836 Paulus
2843 2784 2910 2837 ita
2943 2790 3213 2857 respondit
3242 2810 3255 2842 :
3288 2794 3450 2862 Opta-

1877 2878 1981 2915 rem
2010 2865 2180 2932 utique
2204 2883 2294 2935 ego
2313 2878 2361 2920 et
2385 2869 2439 2922 in
2473 2870 2668 2924 modico
2695 2883 2740 2925 et
2763 2875 2816 2926 in
2851 2876 3026 2942 multo,
3068 2896 3167 2932 non
3201 2883 3361 2935 solum
3386 2895 3451 2951 te,

1875 2951 1964 3004 sed
1991 2954 2138 3006 etiam
2170 2972 2338 3010 omnes
2370 2959 2626 3014 audientes
2663 2979 2742 3016 me
2785 2964 2896 3031 ﬁeri
2932 2965 3242 3025 Christianos
3271 2975 3453 3044 absque

1879 3043 2087 3135 uinculis
2109 3045 2185 3099 his
2207 3045 2348 3116 (Act.
2370 3048 2460 3103 26.
2491 3049 2560 3104 29
2580 3052 2617 3121 ).
2642 3053 2774 3118 Quid
2802 3055 2954 3122 dicis,
2978 3073 3009 3113 ο
3039 3060 3244 3117 Paule?
3273 3043 3454 3135 Ephe-

1877 3133 1970 3186 siis
1998 3151 2187 3206 nempe
2208 3139 2466 3205 scribens,
2494 3140 2626 3197 dicis
2654 3161 2667 3196 :
2698 3144 2840 3215 Rogo
2868 3149 3020 3218 igitur
3044 3166 3128 3205 vos
3153 3170 3241 3223 ego
3261 3133 3453 3212 vinctus

1877 3224 1928 3280 in
1980 3223 2214 3291 Domino,
2250 3229 2400 3299 digne
2434 3230 2692 3288 ambulare
2724 3238 2978 3292 vocatione
3013 3257 3111 3310 qua
3147 3247 3306 3298 vocati
3337 3251 3452 3303 estis

1879 3315 1896 3383 (
1925 3313 2108 3385 Εμιιεε.
2131 3319 2185 3372 4.
2216 3319 2239 3373 1
2272 3317 2313 3391 ).
2359 3321 2423 3375 Et
2462 3322 2528 3376 ad
2567 3323 2916 3382 Timothieum
2950 3330 3186 3400 loquens,
3238 3335 3303 3389 In
3347 3355 3446 3403 quo

1878 3406 2011 3498 vitale
2038 3408 2204 3498 patior
2228 3424 2382 3477 usque
2400 3411 2466 3464 ad
2505 3413 2724 3480 uincula,
2757 3425 3011 3483 tamquam
3035 3424 3326 3494 malefactor
3351 3429 3368 3498 (
3395 3429 3448 3480 ἓ.

1877 3493 2013 3548 Tim.
2042 3499 2095 3550 2.
2130 3498 2163 3552 9
2189 3497 2230 3567 ),
2257 3513 2310 3552 et
2339 3501 2403 3554 ad
2448 3503 2810 3559 Philemonem
2838 3524 3068 3575 rursum,
3121 3493 3316 3568 Paulus
3345 3493 3450 3571 uin-

1877 3595 1985 3638 ctus
2007 3584 2136 3639 Jesu
2152 3581 2578 3654 Christi(Pliilent.
2603 3591 2654 3660 l)
2673 3612 2684 3646 :
2703 3607 2888 3649 etcum
2899 3597 3101 3655 ludatis
3129 3601 3448 3674 disceptans,

1879 3675 2054 3730 dicis:
2089 3677 2302 3749 PrOpter
2344 3697 2483 3748 spem
2525 3681 2693 3738 Israel
2746 3687 2842 3740 hac
2893 3700 3067 3742 catena
3106 3695 3446 3752 circumdatus

1877 3782 1989 3818 sunt
2019 3769 2164 3838 (Act.
2206 3771 2296 3824 28.
2326 3771 2458 3843 20).
2507 3775 2571 3828 lit
2624 3775 3044 3847 Philippensibus
3093 3785 3329 3840 scribens
3371 3790 3452 3844 di-

1878 3858 2036 3911 cebas
2077 3877 2090 3913 :
2131 3859 2218 3913 Ita
2268 3871 2322 3914 ut
2368 3862 2534 3930 plures
2571 3868 2822 3935 fratrum,
2863 3871 2980 3940 [reti
3030 3873 3240 3929 vinculis
3283 3879 3404 3932 meis
3429 3921 3444 3943 ,

1881 3950 2220 4007 abundantius
2268 3956 2510 4008 auderent
2557 3957 2806 4027 intrepide
2857 3962 3059 4016 verbum
3101 3966 3240 4032 loqui
3279 3968 3299 4038 (
3322 3967 3451 4024 Pliio

1877 4040 2004 4110 lipp.
2036 4043 2087 4094 1.
2122 4043 2188 4096 14
2213 4043 2253 4114 ).
2282 4043 2486 4114 Ubique
2500 4056 2739 4102 catenam
2761 4051 3089 4121 circumfers,
3109 4057 3305 4127 ubique
3331 4063 3450 4115 vin-

1877 4132 1992 4186 cula
2017 4134 2288 4202 proponis,
2314 4144 2368 4190 et
2394 4136 2690 4206 hujusmodi
2716 4141 2962 4209 gloriaris
3003 4150 3251 4215 negOtio;
3287 4150 3338 4203 in
3360 4152 3450 4220 ju-

1877 4225 2072 4278 dicium
2099 4235 2273 4280 autem
2306 4229 2522 4283 veniens
2570 4231 2958 4300 philosophiam
2999 4237 3293 4305 prodidisti,
3325 4255 3444 4296 cum

1878 4316 2107 4370 maxime
2160 4317 2327 4372 libere
2369 4328 2419 4372 te
2466 4335 2654 4389 gerere
2698 4321 2938 4388 decebat,
2971 4335 3025 4378 et
3065 4325 3228 4396 judici
3275 4329 3444 4385 dicis:

1883 4404 2123 4475 Optarem
2149 4410 2318 4478 utique
2341 4420 2388 4464 te
2418 4412 2530 4479 ﬁeri
2554 4411 2896 4468 Christianum
2922 4415 3108 4489 absque
3134 4420 3344 4476 uinculis
3371 4425 3450 4478 In's

1882 4500 2036 4569 (Act.
2069 4501 2159 4555 26.
2189 4501 2261 4557 29
2293 4503 2310 4572 )
2339 4503 2363 4556 i
2390 4503 2590 4572 Nempe
2628 4504 2673 4558 si
2704 4505 2839 4560 bona
2866 4508 3093 4576 vincula,
3124 4520 3179 4567 et
3211 4513 3280 4568 ita
3313 4517 3448 4572 bona

1879 4601 1936 4646 ut
1960 4593 2078 4648 aliis
2123 4609 2331 4663 quoque
2371 4595 2609 4649 fiduciam
2635 4596 2702 4650 ad
2731 4612 3029 4654 sermonem
3058 4617 3153 4671 pro
3196 4606 3450 4676 religione

1881 4685 2144 4751 praebeant
2159 4683 2376 4752 (ctenim
2391 4685 2489 4739 hoc
2506 4685 2674 4754 ipsum
2689 4688 2832 4754 prius
2847 4688 3046 4755 dixisti,
3063 4691 3206 4748 Multi
3229 4696 3444 4750 fratrum

1877 4772 1998 4826 freti
2051 4772 2274 4825 vinculis
2327 4773 2460 4826 meis
2511 4775 2730 4828 verbum
2787 4775 3135 4847 loquebantur
3162 4782 3446 4852 intrepide)

1883 4863 2162 4934 (Philipp.
2203 4865 2383 4935 1.1ι1)
2434 4881 2643 4935 ;quare
2689 4882 2868 4922 coram
2892 4870 3070 4938 judice
3097 4889 3200 4926 non
3247 4875 3344 4929 hac
3391 4893 3448 4929 re

1877 4956 2140 5024 gloriaris,
2174 4955 2266 5010 sed
2315 4959 2636 5011 contrarium
2669 4956 2795 5012 lacis
2820 4960 2844 5012 Υ
2867 4966 3056 5015 Annon
3084 4963 3291 5019 videtur
3327 4982 3446 5024 esse

1879 5049 2099 5117 qmestio
2151 5048 2289 5118 quod
2337 5049 2576 5104 dicitur?
2612 5049 2715 5106 Sed
2739 5052 3072 5108 celerrimam
3125 5057 3442 5114 solutionem

1879 5137 2066 5191 aliero.
2093 5137 2205 5191 Non
2242 5139 2382 5192 enim
2428 5141 2692 5195 anxietate
2717 5142 2798 5195 vel
2827 5142 3102 5198 timiditate
3130 5144 3320 5201 Paulus
3347 5148 3445 5205 hoc

1881 5226 2126 5294 faciebat,
2176 5229 2270 5284 sed
2296 5246 2360 5284 ex
2403 5233 2658 5302 sapientia
2687 5234 2850 5287 multa
2879 5243 2934 5288 et
2975 5236 3228 5304 Spirituali
3269 5243 3446 5308 provi-

1881 5320 2056 5374 dentia
2085 5338 2098 5374 :
2131 5337 2237 5391 quo
2266 5338 2390 5376 vero
2436 5333 2609 5391 pacto,
2642 5340 2739 5394 ego
2780 5325 2972 5380 dicam.
3005 5326 3266 5385 Gentilem
3318 5335 3451 5389 allu-

1881 5411 2139 5479 qttehalur
2165 5423 2217 5465 et
2261 5413 2546 5479 intidelem,
2579 5428 2678 5468 nec
2712 5423 2889 5468 nostra
2925 5417 3204 5475 scientem.
3235 5421 3455 5480 Nolrbat

1883 5499 2043 5568 igitur
2073 5499 2241 5569 ipsum
2272 5515 2367 5570 per
2401 5502 2578 5571 gravia
2608 5502 2877 5572 inducere,
2912 5506 3006 5561 sed
3031 5509 3170 5580 quod
3197 5511 3406 5568 dicebat
3437 5532 3451 5569 :

1947 5638 1962 5668 ι
1999 5636 2135 5707 Savil.
2167 5644 2216 5685 et
2239 5635 2553 5707 aliinillorum
2589 5639 2868 5702 pra‘fectum
2902 5639 3160 5693 venientem
3183 5642 3246 5693 ad
3269 5657 3350 5696 ros
3380 5659 3452 5696 rc-

1886 5706 2048 5752 ntrars
2069 5706 2518 5762 magnamtmtatem.
