4020 6216
606 239 694 294 l6?
1330 229 1387 284 S.
1427 226 1698 283 JOANNIS
1726 221 2192 280 CHRYSOSTOMI
2232 220 2546 276 ARClllEP.
2583 217 3108 274 CONSTANTINOP.
3752 222 3842 275 {se

600 353 784 404 Factus
811 364 923 403 sum
953 343 1232 399 carentibus
1259 341 1384 411 lege,
1413 352 1665 410 tamquam
1686 339 1792 391 sine
1815 338 1920 405 lege
1943 334 2016 407 (ι.
2040 333 2158 388 Cor.
2277 349 2336 388 se
2366 333 2610 387 homines
2653 348 2758 386 non
2801 332 3064 400 decipere,
3095 338 3252 400 atque
3291 330 3462 400 ipsum
3490 346 3845 387 mrumnarum

587 452 647 502 9.
676 442 738 494 2|
763 442 780 510 )
805 438 939 491 :hoc
963 445 1015 490 et
1039 436 1125 488 hic
1146 431 1387 487 faciebat.
1405 430 1461 484 Si
1484 428 1690 482 vincula
1710 426 1953 488 audierit,
1980 425 2167 493 inquit,
2272 425 2475 492 pondus
2502 423 2688 476 ordine
2713 422 2938 491 quodam
2964 421 3205 475 minuere
3231 430 3492 491 satagens.
3513 423 3614 488 Qui
3654 423 3848 494 decipit

588 543 648 588 et
673 529 1059 589 tribulationes,
1088 523 1264 577 statim
1289 519 1672 588 refugiet,cum
1701 514 2029 570 vinculorum
2061 514 2168 566 vir-
2270 515 2432 576 enim,
2471 515 2654 568 suavia
2688 513 2834 583 prius
2880 512 3148 582 proponit,
3189 523 3245 566 et
3289 528 3409 566 mox
3465 513 3624 566 infert
3657 517 3844 570 tristia.

597 631 760 677 tutem
787 634 893 672 non
922 615 1081 669 norit.
1121 613 1239 667 Fiat
1267 611 1412 680 prius
1447 607 1616 662 ﬁdelis
1658 613 1712 660 et
1742 602 2168 674 prmdicationem
2270 604 2801 674 Qualeestzplagiarii
2827 603 3074 672 puerulos
3095 617 3238 672 smpe
3263 618 3450 671 parvos
3477 605 3779 672 prtedantes
3799 616 3848 660 et

595 719 791 780 gustet,
817 717 871 762 et
909 715 1033 759 tunc
1067 705 1179 772 ipse
1225 715 1433 770 quoque
1480 699 1546 752 ad
1589 697 1702 750 haec
1730 693 1938 749 vincula
1967 700 2166 746 curret.
2271 694 2526 758 furantes,
2557 709 2662 746 non
2704 694 2884 762 plagas
2927 702 2981 746 et
3009 693 3249 756 verbera,
3282 708 3452 761 neque
3494 694 3640 748 aliud
3671 696 3849 763 hujus-

599 798 798 854 Audivi
842 795 1121 849 Dominum
1171 806 1344 846 meum
1396 788 1658 842 dicentem
1697 802 1710 836 :
1744 783 1908 837 Nemo
1950 781 2168 835 immittit

2271 789 2412 844 modi
2435 789 2768 858 pollicentur,
2792 787 2882 841 scd
2905 788 3180 856 placentas
3199 797 3253 841 et
3281 787 3516 852 bellaria,
3537 798 3594 842 et
3613 789 3717 840 alia
3739 789 3850 842 talia

603 889 980 942 commissuram
1007 883 1160 953 panni
1181 881 1320 934 rudis
1337 895 1483 948 super
1506 877 1844 930 vestimentum
1865 881 2020 938 uetus,
2046 887 2169 940 quo-
2275 882 2468 952 quibus
2492 880 2711 950 puerilis
2755 880 2986 949 gaudere
3010 881 3284 933 cansuevit
3311 890 3460 946 mtas,
3491 881 3843 950 prmtcndunt,

596 981 732 1034 niam
777 978 907 1030 tollit
939 972 1299 1043 plenitudinem
1350 969 1507 1039 ipsius
1536 976 1582 1020 et
1631 966 1774 1035 pejor
1803 963 1861 1031 fit
1901 962 2119 1015 scissura
2144 975 2163 1012 :

2274 979 2330 1025 ut
2353 970 2436 1024 his
2465 970 2540 1024 illi
2582 970 2779 1034 allecti,
2811 981 2865 1023 et
2915 969 3213 1023 libertatem
3242 985 3391 1024 suam
3448 975 3764 1040 prodentes,
3804 975 3845 1027 ia

595 1085 750 1140 neque
799 1067 999 1120 mittunt
1025 1064 1195 1116 vinum
1225 1076 1407 1114 novum
1433 1061 1485 1112 in
1523 1069 1658 1111 utres
1696 1065 1902 1119 veteres,
1932 1053 2169 1121 quoniam

2271 1071 2565 1116 extremum
2616 1061 2906 1129 periculum
2956 1061 3286 1114 delabantur.
3342 1063 3532 1115 Avium
3586 1078 3722 1116 vero
3783 1065 3852 1131 pi-

595 1164 974 1232 disrumpuntur
1016 1165 1152 1209 utres
1183 1155 1200 1224 (
1226 1153 1409 1206 ΜαιιΙιο
1436 1151 1490 1206 9-
1523 1151 1607 1204 16·
1639 1151 1742 1213 Πὶ
1779 1146 1946 1200 Μαΐου
1989 1145 2044 1198 9-
2076 1145 2164 1197 21-
2272 1153 2545 1221 sciumque
2572 1163 2872 1216 venatores,
2904 1151 2975 1204 ita
3003 1167 3120 1219 qum
3152 1163 3406 1206 venantur
3430 1153 3699 1219 alliciunt,
3728 1170 3854 1208 con-

594 1252 700 1317 22;
733 1251 856 1303 Luc.
888 1249 941 1304 5.
981 1247 1071 1302 36.
1099 1247 1166 1300 57
1206 1245 1248 1314 ).
1278 1244 1464 1297 Anima
1492 1241 1646 1311 hujus
1670 1251 1752 1295 est
1792 1238 2166 1292 vestimenlum
2269 1251 2474 1296 suetam
2497 1242 2769 1310 capiendis
2783 1250 2837 1294 et
2853 1241 3138 1310 jucundam
3165 1243 3308 1310 prius
3326 1257 3503 1296 escam
3530 1244 3852 1311 praebentes,

593 1354 765 1405 vetas,
794 1350 846 1395 et
888 1349 1006 1393 uter
1036 1337 1324 1405 antiquus;
1372 1349 1476 1387 non
1497 1343 1578 1387 est
1607 1339 1890 1385 renovatus
1917 1329 2038 1388 fide,
2063 1343 2167 1380 non
2272 1341 2326 1387 et
2351 1333 2427 1386 sic
2453 1333 2694 1401 laqueum
2730 1342 3094 1400 contegentes.
3118 1331 3300 1400 Itaque
3321 1331 3704 1402 decipientium
3747 1351 3857 1386 nu-

593 1430 818 1501 Spiritus
844 1428 1011 1498 gratia
1051 1441 1237 1481 recens
1263 1424 1498 1478 redditus
1529 1431 1632 1486 est,
1659 1420 1849 1474 debilis
1891 1417 2061 1472 adhuc
2089 1426 2170 1471 est
2274 1423 2415 1476 xime
2439 1437 2572 1491 opus
2609 1421 2713 1476 hoc
2735 1431 2837 1486 est,
2869 1422 3014 1490 prius
3041 1422 3222 1474 suavia
3252 1436 3572 1490 proponere,
3601 1438 3711 1490 quo
3736 1440 3857 1479 mox

593 1531 648 1578 et
679 1531 939 1584 terrenus,
969 1517 1231 1572 mundana
1261 1517 1416 1584 Sapit,
1454 1522 1510 1568 et
1559 1515 1625 1567 ad
1654 1512 1972 1566 mundanam
2019 1511 2168 1562 vani-
2275 1511 2508 1566 inferant
2537 1512 2738 1576 tristia;
2788 1511 3178 1580 providentiam
3219 1521 3392 1566 autem
3442 1523 3497 1567 et
3523 1514 3854 1584 diligentiam

594 1620 754 1665 tatem
801 1617 996 1678 stupet,
1029 1608 1248 1676 gloriam
1274 1615 1416 1658 amat
1441 1613 1774 1673 prmsentem.
1806 1603 1862 1657 Si
1889 1617 1918 1655 a
1946 1604 2170 1672 primor-
2273 1601 2490 1654 omnino
2513 1601 2862 1655 contrarium.
2905 1601 3090 1654 Patres
3120 1602 3297 1670 itaque
3342 1603 3610 1671 plagiariis
3639 1615 3852 1659 contra-

592 1701 697 1756 diis
721 1704 898 1756 statim
942 1699 1190 1764 audierit,
1221 1698 1360 1768 quod
1389 1697 1556 1751 factus
1583 1695 1934 1760 Christianus,
1962 1695 2171 1747 vinctus
2275 1694 2410 1744 rium
2439 1691 2637 1745 faciunt
2663 1707 2677 1755 ;
2701 1706 2821 1744 cum
2867 1691 2932 1744 ad
2963 1690 3144 1745 ludum
3174 1707 3363 1760 pueros
3389 1693 3683 1747 literarium
3736 1697 3854 1749 mit-

597 1811 719 1850 mox
752 1795 860 1859 liet,
905 1803 958 1847 et
984 1801 1168 1845 catena
1196 1789 1612 1844 circumdabitur
1634 1828 1649 1851 ,
1688 1789 1935 1841 confusus
1963 1795 2018 1839 et
2051 1801 2173 1839 eru-
2277 1793 2410 1845 tunt,
2443 1782 2758 1852 pwdagogos
2797 1793 3121 1852 pr0ponttnt,
3150 1782 3354 1853 ﬂagella
3374 1787 3663 1850 minantur,
3699 1789 3851 1840 timo-

596 1890 817 1944 hesccns
841 1902 869 1939 a
902 1883 1277 1954 praedicatione
1309 1881 1526 1936 resiliat.
1552 1881 1838 1948 Propterea
1866 1877 2168 1932 dicitzAbs-
2275 1888 2386 1926 rein
2405 1873 2666 1926 incutiunt
2684 1891 2696 1925 :
2715 1881 2900 1926 etcum
2914 1875 3144 1944 priorem
3160 1874 3237 1927 sic
3250 1884 3458 1928 mtatem
3477 1880 3848 1946 transcgerint,

597 1997 691 2050 que
732 1977 945 2032 vinculis
989 1977 1083 2041 his,
1136 1990 1237 2029 non
1270 1975 1383 2043 ipse
1434 1973 1640 2026 vincula
1671 1985 1942 2032 recusans,
1987 1970 2124 2024 absit
2154 1969 2167 2021 !
2277 1972 2401 2016 tunc
2447 1961 2574 2030 ipsis
2602 1962 2657 2015 in
2685 1962 2869 2016 habitu
2892 1963 3032 2016 virili
3061 1965 3362 2017 constitutis
3385 1965 3640 2032 honores,
3668 1977 3851 2035 poten-

599 2068 692 2124 sed
715 2070 851 2122 illius
865 2065 1294 2122 condescendens
1312 2062 1876 2131 intirmitati,quoniam
1893 2061 2002 2129 ipse
2017 2061 2093 2112 sic
2111 2059 2174 2112 il-
2278 2056 2478 2124 tiasque
2499 2053 2809 2118 etdelicias,
2840 2064 2896 2108 et
2923 2069 3110 2108 omnes
3134 2054 3342 2108 divitias
3367 2069 3492 2108 suas
3514 2058 3750 2110 tradunt.

597 2159 642 2212 la
660 2153 1598 2226 diligitetamplectitur,utambitiosa
1615 2152 1807 2206 mulier
1822 2151 2034 2205 monilia
2055 2165 2168 2203 sua.
2347 2145 2400 2199 5.
2442 2145 2530 2198 Sic
2569 2145 2710 2198 Deus
2747 2159 2959 2213 quoque
2988 2143 3132 2210 fecit,
3177 2161 3282 2199 non
3319 2146 3722 2214 plagiariorum,
3765 2148 3855 2202 sed

676 2249 798 2303 Non
825 2249 887 2301 de
925 2248 1135 2318 patratis
1157 2245 1432 2308 miraculis,
1460 2247 1548 2298 sed
1573 2246 1634 2298 de
1661 2245 1899 2298 wrunmis
1927 2245 2173 2313 gloriatur
2276 2245 2483 2305 patrum
2513 2251 2663 2290 more
2690 2238 2780 2305 qui
2805 2251 2986 2290 curam
3014 2246 3205 2306 gerunt
3230 2255 3243 2290 :
3278 2239 3421 2307 prius
3465 2254 3555 2293 res
3597 2239 3856 2294 adversas

605 2337 1048 2392 Paulum—Unde
1069 2336 1168 2389 hoc
1185 2334 1544 2388 manifestum?
1559 2333 1767 2386 Gaudeo
1785 2333 1836 2385 in
1861 2331 2172 2403 passiouibus
2276 2338 2329 2382 et
2359 2329 2534 2382 tristes
2562 2329 2779 2382 immisit
2807 2338 3072 2398 tamquam
3123 2331 3419 2400 pmdagtigis
3465 2341 3520 2385 et
3565 2345 3859 2402 pm-cepto—

606 2430 749 2492 uicis,
775 2428 961 2497 inquit,
994 2436 1038 2480 et
1074 2426 1284 2495 suppleo
1314 2425 1537 2495 defectus
1582 2424 1962 2476 tribulationum
1985 2419 2172 2476 Christi
2276 2417 2424 2470 ribus
2455 2417 2702 2486 praesenti
2727 2419 2942 2474 tradens
2970 2418 3315 2484 tribulationi,
3346 2436 3452 2488 quo
3475 2437 3570 2490 per
3599 2422 3713 2475 haec
3737 2437 3860 2475 eor-

595 2518 648 2568 in
674 2532 824 2569 carne
845 2533 956 2570 mea
985 2513 1137 2586 (Col.
1165 2515 1217 2568 1.
1237 2515 1308 2567 24
1329 2513 1370 2584 ).
1399 2515 1464 2567 Ει
1494 2515 1684 2567 iterum
1715 2530 1728 2565 :
1761 2513 2009 2579 Quoniam
2037 2512 2171 2565 vobis
2276 2508 2407 2560 recti
2461 2515 2515 2562 et
2558 2507 2854 2573 moderati,
2905 2518 3184 2578 postquam
3233 2509 3564 2564 tolerantiam
3603 2526 3820 2565 onmem
3842 2554 3858 2576 ,

595 2607 835 2659 donatum
877 2616 947 2658 est
979 2622 1011 2657 a
1053 2604 1253 2658 Christo
1283 2621 1384 2656 non
1435 2614 1630 2656 tantum
1661 2605 1713 2656 in
1751 2605 1916 2672 ipsum
1947 2607 2168 2670 credere,
2275 2611 2589 2666 omnemque
2617 2595 2948 2667 disciplinam
3014 2597 3374 2665 didicerimus,
3416 2615 3544 2653 mox
3575 2600 3643 2655 ad
3687 2604 3862 2670 perfe-

597 2714 766 2750 rerum
789 2707 835 2749 et
865 2712 954 2759 pro
978 2697 1086 2764 ipso
1117 2695 1222 2763 pati
1260 2695 1516 2764 (Philipp.
1568 2696 1618 2748 1.
1649 2695 1719 2750 29
1755 2694 1796 2764 ).
1827 2694 1892 2748 Et
1933 2696 2121 2748 iterum
2153 2711 2166 2746 ;
2277 2696 2415 2739 ctam
2443 2697 2653 2740 mtalem
2679 2688 2846 2753 ducti,
2875 2687 3122 2742 calorum
3156 2704 3373 2758 regnum
3403 2689 3701 2746 hereditate
3725 2707 3862 2746 eon-

600 2786 721 2840 Non
747 2795 941 2839 tantum
979 2797 1162 2851 autem,
1193 2785 1279 2838 sed
1303 2795 1349 2838 et
1377 2785 1652 2855 gloriantur
1691 2787 1742 2837 in
1768 2783 2170 2838 tribulationibus
2283 2791 2567 2845 sequamur
2597 2797 2609 2830 =
2641 2778 2732 2831 sed
2761 2779 2904 2846 prius
2927 2778 3147 2832 idoneos
3175 2779 3347 2833 reddit
3385 2781 3452 2834 ad
3479 2781 3710 2837 dandam
3743 2785 3862 2838 dis-

594 2877 784 2950 (Rom.
808 2877 861 2932 5.
886 2879 920 2932 5
949 2877 992 2948 ).
1024 2875 1080 2930 Si
1103 2876 1297 2946 gaudet
1321 2877 1478 2946 igitur
1493 2887 1544 2930 et
1567 2876 1840 2945 gloriatur,
1865 2886 1919 2930 et
1939 2876 1988 2929 id
2013 2887 2170 2930 vocat
2273 2868 2635 2934 pensationem
2654 2867 2974 2934 divitiarum,
2997 2878 3050 2923 et
3075 2873 3410 2938 postmodum
3434 2874 3578 2941 ipsas
3597 2875 3864 2943 praebebit

593 2971 787 3026 donum
817 2969 1123 3039 gratuitum,
1153 2977 1356 3022 certum
1397 2966 1535 3036 quod
1565 2977 1780 3036 propter
1804 2965 1938 3022 hanc
1956 2981 2166 3021 causam
2275 2955 2508 3011 divitias.
2540 2957 2651 3013 Nisi
2679 2958 2820 3013 enim
2850 2959 2951 3013 hoc
2979 2959 3213 3024 fecisset,
3267 2961 3572 3016 divitiarum
3614 2969 3862 3035 erogatio

592 3063 661 3118 ad
699 3062 931 3132 judicem
973 3061 1196 3130 loquens
1236 3058 1350 3113 haec
1381 3058 1590 3112 dicebat
1619 3075 1631 3111 :
1658 3059 1906 3128 quoniam
1945 3066 2000 3113 et
2036 3057 2167 3112 alias
2269 3060 2377 3102 non
2425 3048 2664 3115 donum,
2707 3050 2801 3104 sed
2849 3050 2978 3104 ultio
3022 3049 3208 3106 fuisset
3246 3062 3298 3106 et
3321 3068 3496 3122 paena.
3531 3055 3687 3110 Sicut
3713 3059 3858 3112 enim

598 3167 806 3207 rursum
831 3151 884 3204 in
906 3148 1274 3204 necessitatem
1299 3147 1546 3217 delapsus
1569 3146 1848 3216 gloriandi,
1877 3147 1978 3202 hoc
1995 3147 2164 3218 ipsum
2271 3153 2405 3208 puer
2427 3139 2681 3210 insipiens
2707 3150 2762 3196 et
2789 3143 3037 3212 prodigus
3075 3153 3343 3212 paternam
3373 3147 3681 3214 suscipiens
3703 3149 3859 3203 hero-

591 3241 937 3302 demonstrat,
963 3238 1182 3292 dicens:
1210 3235 1442 3289 Libenter
1463 3235 1616 3306 igitur
1641 3235 1896 3306 gloriabor
1922 3237 1974 3290 in
2003 3237 2155 3304 inﬁr-
2269 3228 2509 3297 ditatem,
2560 3231 2627 3284 ab
2670 3230 2770 3285 hac
2801 3235 2911 3300 ipsa
2952 3234 3327 3301 praecipitatur,
3349 3236 3692 3304 prudentiam
3746 3255 3852 3292 non

591 3331 842 3386 milatibus
862 3329 1004 3394 meis,
1033 3329 1088 3382 in
1116 3327 1512 3390 necessitatibus,
1538 3327 1591 3379 in
1611 3327 1941 3392 contumeliis,
1967 3328 2020 3381 in
2049 3345 2166 3394 per-
2270 3316 2470 3374 habens
2495 3321 2836 3389 Pecuniam!"
2859 3322 3238 3392 dispellsaliOIIi
3263 3340 3473 3394 ρίιτθηις
3497 3327 3544 3380 εί
3573 3344 3704 3382 Vero
3731 3345 3854 3398 pru-

590 3419 978 3491 sequutionibus,
1020 3420 1074 3473 in
1115 3418 1382 3488 angustiis,
1434 3426 1489 3470 ut
1533 3418 1776 3471 inhabitet
1812 3419 1864 3472 in
1894 3435 1970 3472 me
2010 3419 2166 3474 virtus
2268 3409 2400 3465 deus
2418 3413 2746 3482 εῑινμτοὺυε.
2769 3423 3092 3483 temperanti,
3115 3425 3169 3470 et
3189 3417 3456 3472 modestus
3479 3419 3529 3472 in
3548 3423 3854 3476 necessnria

590 3509 778 3565 Christi
823 3509 923 3581 (2.
953 3509 1070 3563 Cor.
1105 3507 1192 3562 l2.
1234 3507 1289 3562 9.
1319 3506 1387 3562 10
1487 3507 1552 3562 Et
1604 3508 1835 3562 iterum:
1865 3507 1925 3564 Si
1957 3508 2166 3577 gloriari
2268 3501 2581 3572 dispensans
2610 3515 2829 3574 paterna
2862 3505 3020 3572 bona,
3053 3506 3382 3575 splendidior
3423 3509 3493 3562 ita
3544 3511 3602 3563 lit
3633 3520 3692 3565 et
3731 3512 3855 3566 illu-

588 3611 802 3672 aportet,
829 3601 882 3654 in
910 3599 1205 3670 inﬁrmitate
1224 3615 1332 3652 mea
1357 3598 1612 3668 gloriabor
1629 3594 1709 3666 (2.
1727 3593 1920 3651 Cor.“
1937 3637 1948 3648 .
1967 3593 2080 3662 50).
2099 3601 2165 3656 Et
2267 3595 2432 3650 strior
2463 3613 2476 3649 :
2502 3597 2578 3650 sic
2601 3606 2653 3650 et
2680 3595 2732 3650 in
2765 3597 2916 3653 nobis
2957 3607 3040 3652 est
3065 3613 3283 3654 necesse
3303 3601 3537 3656 evenire.
3561 3601 3698 3656 Cum
3735 3605 3851 3673 spi-

588 3691 713 3746 alibi
737 3691 968 3761 seipsum
1009 3689 1128 3743 aliis
1159 3703 1490 3758 comparans,
1521 3697 1575 3743 et
1598 3704 1692 3758 per
1715 3689 2162 3758 comparationem
2268 3685 2509 3741 ritualem
2554 3688 2888 3756 prudentiam
2951 3691 3353 3759 acceperimus,
3405 3707 3529 3746 cum
3573 3694 3624 3747 in
3676 3696 3850 3750 virum

589 3783 742 3837 nobis
765 3781 1132 3836 excellentiam
1169 3780 1560 3848 demonstrans,
1602 3783 1679 3836 sic
1705 3781 1874 3851 inquit
1901 3799 1915 3836 :
1941 3781 2164 3835 Miuistri
2267 3784 2554 3850 perlectum
2580 3799 2787 3848 omnes,
2817 3785 2868 3838 in
2896 3786 3066 3839 tntatis
3096 3801 3397 3841 mensuram
3421 3790 3849 3856 pervenerimus,

590 3872 776 3926 Christi
792 3879 927 3936 sunt,
955 3881 1010 3923 ut
1043 3871 1209 3923 minus
1245 3872 1444 3941 sapiens
1475 3872 1673 3942 loquar,
1707 3873 1820 3941 plus
1847 3888 1939 3942 ego
1983 3872 2158 3942 (Ibid.
2269 3883 2393 3928 tunc
2439 3875 2591 3928 nobis
2629 3875 2788 3929 tradit
2841 3877 3019 3929 omnia
3075 3891 3194 3944 qua:
3247 3877 3511 3945 pollicitus
3541 3888 3624 3931 est
3655 3894 3670 3942 ;
3706 3893 3849 3932 nunc

588 3983 636 4022 ν.
667 3967 737 4022 25
763 3965 806 4037 ).
836 3967 903 4021 Et
927 3981 1202 4021 excessum
1227 3964 1595 4022 demonstrare
1620 3967 1835 4032 volens,
1875 3984 1981 4022 non
2019 3969 2160 4038 quod
2266 3980 2392 4019 vero
2411 3977 2676 4036 tamquam
2709 3982 2902 4036 pueros
2929 3983 3122 4036 parvos
3147 3968 3303 4022 docet
3322 3984 3442 4022 cum
3470 3969 3849 4026 exhortatione

588 4069 826 4114 mortuos
849 4057 1262 4122 resuscitaverit,
1293 4057 1636 4113 dmmonesve
1662 4059 1960 4127 expulerit,
1989 4075 2160 4129 neque
2265 4065 2319 4111 et
2338 4057 2718 4112 consolatione.
2746 4057 2854 4113 Nec
2885 4059 2986 4114 hoc
3003 4061 3174 4114 solum
3201 4069 3284 4114 est
3307 4060 3726 4117 emolumentum
3774 4076 3852 4118 ex

586 4151 919 4206 mandaverit
943 4151 1202 4219 leprosos,
1235 4148 1446 4204 aliudve
1471 4148 1596 4218 quid
1627 4149 1926 4220 hujusmodi
1954 4149 2156 4217 fecerit,
2263 4149 2552 4217 praunissis
2582 4150 3032 4216 tribulationibus,
3062 4167 3247 4206 verum
3275 4161 3329 4206 et
3349 4153 3489 4206 aliud
3512 4153 3608 4207 illo
3636 4169 3742 4209 non
3769 4156 3849 4210 in-

586 4243 721 4297 dixit
748 4259 761 4296 :
794 4242 888 4296 sed
913 4242 1064 4310 quid?
1081 4241 1550 4307 Quodinnumeras
1567 4255 1750 4310 passus
1774 4243 1842 4296 sit
1858 4243 2154 4297 molestias:
2263 4238 2446 4293 ferius.
2463 4240 2562 4306 Qui
2581 4241 2724 4295 enim
2748 4243 2891 4310 prius
2903 4253 3020 4297 erat
3037 4243 3087 4298 in
3110 4243 3333 4308 deliciis,
3349 4260 3468 4298 mox
3489 4247 3845 4314 posmelicias

584 4346 702 4386 cum
732 4331 872 4386 enim
895 4332 1133 4396 dixisset,
1157 4331 1285 4386 Plus
1308 4348 1420 4401 ego,
1449 4332 1622 4386 intulit
1647 4335 1993 4388 tentationum
2015 4334 2157 4388 mul-
2263 4330 2862 4402 nllionemexspectans,
2877 4351 3047 4404 neque
3065 4337 3412 4404 pra-sentibus
3425 4336 3622 4391 fruitur
3636 4339 3844 4393 deliciis

585 4421 861 4476 titudinem
891 4439 905 4476 :
964 4420 1034 4475 In
1079 4422 1241 4492 plagis
1274 4438 1430 4490 supra
1457 4422 1680 4485 modum,
1714 4424 1766 4475 in
1789 4424 2026 4476 mortibus
2056 4427 2156 4493 fre-
2262 4433 2478 4493 propter
2506 4423 2796 4478 futurarum
2827 4425 3188 4480 molestiarum
3219 4429 3716 4495 exspectationem;
3750 4433 3844 4500 qui

495 4567 505 4575 _
583 4521 807 4581 quenter,
833 4512 886 4564 in
913 4513 1194 4565 carceribus
1223 4511 1577 4575 abundantius,
1617 4529 1648 4563 a
1672 4510 1868 4565 Judwis
1899 4514 2157 4582 quinquies
2261 4530 2387 4568 vero
2418 4517 2564 4584 prius
2583 4525 2698 4570 erat
2724 4517 2776 4569 in
2805 4517 3063 4577 tristibus.
3093 4517 3283 4570 deinde
3310 4526 3428 4585 post
3449 4517 3566 4572 haec
3587 4521 3844 4574 suavibus

581 4602 930 4672 quadragenas
964 4618 1067 4654 una
1109 4603 1272 4655 minus
1310 4602 1500 4670 accepi,
1530 4613 1604 4655 ter
1629 4603 1779 4672 uirgis
1827 4620 1982 4656 casus
2023 4619 2151 4667 sum,
2204 4648 2208 4652 »
2260 4609 2714 4676 potiturus,etiani
2738 4618 3024 4677 prmsentes
3040 4608 3374 4662 difficultates
3393 4620 3614 4678 propter
3631 4611 3843 4664 futuro-

580 4694 733 4748 semel
758 4693 1030 4764 lapidatus,
1079 4703 1151 4747 ter
1198 4696 1520 4764 naufragium
1556 4695 1672 4762 feci,
1710 4704 1852 4746 nocte
1881 4710 1939 4745 ac
1975 4695 2056 4746 die
2104 4681 2220 4746 ἱηίν
2259 4714 2374 4750 rutn
2398 4713 2544 4766 spem
2573 4699 2830 4752 bonorum
2852 4699 3162 4753 contemnit.
3184 4698 3296 4752 Non
3321 4699 3478 4767 igitur
3506 4703 3690 4755 tutela:
3716 4713 3839 4754 tan-

580 4786 835 4856 profundo
863 4785 1015 4838 maris
1045 4784 1120 4853 [ui
1149 4783 1323 4852 (Ibid.
1362 4801 1410 4837 v.
1449 4784 1613 4837 25-25
1634 4784 1652 4853 )
1677 4800 1690 4835 :
1719 4793 1772 4838 et
1798 4785 1993 4851 reliqua
2032 4798 2150 4837 om-
2261 4798 2366 4842 tum
2391 4805 2549 4844 causa
2569 4799 2784 4857 nostrae,
2804 4805 2986 4844 verum
3002 4800 3053 4843 et
3071 4790 3354 4857 voluptatis
3369 4799 3422 4844 et
3443 4791 3840 4844 c0usolationis

580 4880 684 4931 nia.
715 4876 804 4934 Sic
831 4877 1020 4945 ubique
1043 4876 1295 4946 gloriatur
1315 4877 1366 4928 in
1400 4876 1822 4930 tribulationibus
1851 4877 2067 4943 Paulus,
2098 4886 2152 4930 et
2260 4882 2433 4950 priora
2455 4881 2636 4935 statuit
2661 4897 2780 4936 esse
2799 4883 3016 4936 molesta
3035 4923 3050 4947 ,
3081 4891 3137 4934 ut
3163 4879 3458 4934 futurorum
3484 4896 3581 4948 spe
3609 4883 3839 4934 relevati

580 4987 641 5024 ea
673 4985 730 5024 re
761 4971 950 5023 mirum
990 4969 1040 5021 in
1075 4967 1288 5022 modum
1332 4983 1450 5022 sese
1475 4977 1667 5034 ornat,
1697 4983 1758 5021 ac
1792 4968 1913 5037 jure
1938 4971 2148 5024 merito.
2257 4972 2460 5026 nullum
2492 4975 2835 5042 pra-sentiam
2863 4972 3133 5041 capiamus
3157 4987 3391 5026 sensum.
3427 4972 3494 5025 Et
3520 4971 3624 5025 hoc
3659 4973 3836 5040 ipsum

581 5061 708 5114 Nam
741 5060 842 5114 hoc
869 5069 950 5116 cst
977 5059 1117 5129 quod
1149 5059 1378 5114 maxime
1414 5059 1609 5112 Christi
1635 5059 1882 5114 virtutem
1927 5060 2151 5114 deinon-
2258 5063 2454 5118 Paulus
2481 5065 2781 5134 signiﬁcans
2803 5064 3014 5118 dicebat
3045 5081 3058 5116 :
3085 5062 3437 5116 Momentanea
3475 5063 3649 5115 levitas
3672 5063 3842 5114 tribu-

573 5154 988 5222 slrat,quoniam
1011 5168 1105 5222 per
1127 5151 1248 5205 talia
1271 5151 1507 5204 vicerunt
1530 5151 1890 5220 apostoli,per
1915 5152 2144 5218 vincula,
2255 5155 2458 5208 talionis
2499 5166 2684 5210 nostra:
2725 5173 2881 5224 supra
2910 5155 3113 5208 modum
3159 5155 3213 5207 in
3255 5153 3560 5207 sublimitate
3587 5163 3842 5206 retentum

587 5241 967 5308 tribulationcs,
995 5242 1198 5312 ﬂagella
1229 5253 1281 5296 et
1301 5251 1536 5296 extrema
1567 5241 1724 5295 mala.
1750 5241 1878 5296 Nam
1907 5243 2019 5298 haec
2043 5244 2150 5299 duo
2254 5247 2453 5315 pondus
2481 5247 2660 5317 gloria:
2695 5245 2836 5300 nobis
2865 5257 3123 5315 operatur,
3151 5261 3252 5298 non
3279 5245 3708 5298 considerantibus
3724 5261 3838 5297 no-

575 5327 814 5385 Christns
855 5335 1202 5400 denuntiavit,
1249 5334 1644 5389 tribulationem
1670 5343 1724 5390 et
1753 5337 2143 5404 remissionem,
2251 5337 2326 5390 bis
2346 5353 2458 5408 quas
2482 5340 2732 5402 uidentur,
2757 5339 2844 5392 sed
2864 5354 2977 5408 qua:
3004 5353 3105 5390 non
3132 5337 3364 5389 videntur
3392 5336 3484 5406 (2.
3509 5335 3629 5389 Cor.
3649 5336 3704 5389 ι.
3737 5337 3844 5392 i7.

577 5418 784 5472 labores
813 5431 867 5474 et
908 5438 1154 5490 coronas,
1187 5424 1410 5479 sudores
1435 5433 1488 5480 et
1533 5424 1926 5490 retributiones,
1965 5429 2146 5483 suavia
2256 5430 2320 5486 18
2352 5431 2391 5498 ).
2417 5430 2610 5484 Levem
2663 5430 2946 5499 appellavit
2994 5428 3422 5492 tribulationem,
3472 5443 3579 5481 non
3611 5438 3848 5495 propter

575 5517 631 5563 et
670 5507 871 5598 tristia;
911 5511 1004 5564 sed
1045 5514 1213 5566 tristia
1251 5514 1464 5582 quidem
1504 5515 1626 5569 vitae
1663 5514 1809 5571 dedit
1856 5519 2102 5585 przesenti
2127 5562 2142 5588 ,
2254 5522 2519 5592 propriam
2562 5522 2804 5592 gravium
2854 5531 3118 5584 naturam,
3151 5519 3247 5574 sed
3275 5529 3496 5598 propter
3522 5520 3846 5583 futurorum

573 5596 751 5656 suavia
787 5614 912 5654 vero
959 5599 1008 5653 in
1042 5600 1272 5657 futurutn
1298 5603 1522 5673 distulit,
1557 5606 1748 5677 pariter
1774 5608 2142 5667 demonstrans
2254 5615 2702 5685 exspectationem
2749 5613 3030 5670 bonorum.
3063 5612 3212 5670 Sicut
3243 5596 3384 5667 enim
3423 5630 3685 5674 mercator
3710 5637 3845 5680 non
