4020 6216
272 301 375 362 169

265 423 427 476 sentit
454 418 802 489 navigationis
844 421 1098 488 laborem,
1132 423 1402 480 lucrorum
1433 440 1526 494 spe
1546 426 1809 481 relevatus

237 581 240 584 ,
267 524 320 568 et
349 513 488 582 pugil
513 527 776 582 generose
800 514 900 569 fert
924 515 1112 585 capitis
1133 517 1371 582 vulnera,
1401 532 1650 573 coronam
1670 520 1836 587 respi-

267 606 451 662 ciens:
481 606 550 659 ita
573 603 810 674 profecto
841 620 940 661 nos
965 621 1175 676 quoque
1216 607 1267 662 in
1296 608 1486 663 uelum
1507 618 1562 664 et
1598 609 1831 664 ezelestia

267 698 606 754 intendentes
632 700 790 763 bona,
823 715 1170 770 quaecumque
1196 701 1492 758 inferantur
1517 705 1717 774 gravia,
1745 719 1838 774 ge-

267 805 456 845 nerose
480 799 667 844 cuncta
685 790 934 856 feremus,
965 791 1103 846 bona
1127 792 1422 847 futurorum
1449 807 1544 864 Spe
1577 793 1834 849 roborati.

267 879 380 936 [Iac
405 881 579 950 itaque
603 891 818 950 accepta
843 884 1108 938 sententia
1133 883 1386 940 abeamus
1411 886 1682 956 :quamvis
1697 901 1840 940 nam-

264 985 370 1039 que
399 972 629 1040 simplex
659 982 712 1026 et
735 971 911 1028 brevis
940 973 1046 1038 sit,
1078 974 1294 1028 multam
1322 985 1498 1030 tamen
1523 976 1682 1031 habet
1723 976 1838 1047 phi-

264 1059 524 1128 l050phia:
563 1061 882 1116 doctrinam.
937 1062 1036 1128 Qui
1081 1063 1134 1118 in
1167 1064 1352 1119 dolore
1395 1075 1450 1120 et
1500 1066 1838 1122 tribulatione

262 1160 369 1210 est,
391 1149 637 1204 idoneam
665 1150 825 1206 habet
851 1152 1269 1207 consolationem
1293 1195 1308 1219 ,
1343 1155 1432 1224 qui
1476 1154 1529 1209 in
1555 1155 1758 1210 deliciis
1783 1164 1838 1212 et

263 1237 496 1303 luxuria,
528 1255 770 1308 magnam
810 1241 1193 1296 moderationis
1229 1244 1676 1300 exhortationem.
1703 1245 1834 1300 Cum

259 1329 407 1382 enim
433 1329 498 1382 ad
530 1344 766 1384 mensam
791 1331 1130 1386 discumbens
1147 1372 1164 1399 ,
1193 1333 1633 1402 sentcntiaehujus
1652 1335 1838 1390 memi-

260 1421 409 1473 neris
437 1461 452 1486 ,
498 1421 674 1475 statim
721 1423 788 1477 ab
815 1423 1072 1478 ebrietate
1110 1425 1430 1495 crapulaque
1474 1427 1681 1482 resilies
1710 1468 1724 1491 ,
1755 1427 1838 1482 di-

260 1526 423 1564 secus
452 1525 515 1564 ex
545 1511 644 1565 hac
676 1513 963 1577 sententia,
986 1513 1127 1583 quod
1164 1515 1350 1569 anxios
1383 1530 1480 1570 nos
1503 1531 1621 1571 esse
1639 1531 1834 1572 conve-

265 1601 404 1659 niat.
433 1611 486 1654 et
515 1601 650 1653 intra
680 1602 903 1671 teipsum
934 1602 1081 1658 dices
1129 1621 1144 1658 :
1194 1604 1387 1658 Paulus
1435 1605 1488 1660 in
1534 1607 1758 1662 vinculis
1784 1616 1838 1662 et

260 1693 571 1748 carceribus
593 1733 609 1757 ,
641 1708 740 1763 ego
765 1708 892 1749 vero
914 1694 966 1748 in
994 1694 1251 1752 ebrietate
1276 1705 1330 1752 et
1374 1697 1514 1750 lauta
1540 1712 1721 1753 mensa
1746 1715 1760 1752 :
1784 1707 1838 1754 et

259 1798 422 1852 quam
452 1797 706 1853 assequar
733 1785 977 1839 veniam?
1003 1785 1116 1841 Hoc
1138 1796 1192 1842 et
1217 1788 1270 1842 in
1313 1788 1624 1844 mulieribus
1644 1805 1838 1859 oppor-

262 1881 456 1928 tunum
506 1873 726 1928 dictum.
772 1875 1082 1931 Ambitiosa:
1124 1877 1265 1932 enim
1307 1887 1362 1933 et
1402 1888 1747 1948 sumptuosae,-
1783 1888 1837 1934 et

258 1981 399 2020 auro
427 1966 656 2036 undique
683 1981 741 2021 se
767 1967 1196 2038 circumligantes
1223 1978 1425 2025 catena:
1473 1970 1630 2040 hujus
1670 1971 1830 2026 remi-

257 2057 532 2111 niscentes
548 2056 668 2110 odio
693 2056 979 2122 habebunt,
1003 2068 1060 2113 ut
1079 2060 1347 2128 existimo,
1370 2070 1423 2116 et
1448 2061 1835 2117 abominabun-

260 2160 356 2202 tur
403 2159 648 2204 ornatum
696 2150 865 2215 illum,
918 2161 972 2206 et
1001 2153 1068 2206 ad
1097 2153 1210 2208 htec
1238 2153 1446 2209 vincula
1475 2165 1712 2210 current.
1745 2155 1834 2210 llla

257 2251 493 2306 namque
531 2247 842 2293 ornamenta
889 2240 1185 2295 multorum
1216 2257 1391 2298 causa:
1419 2244 1680 2300 malorum
1723 2245 1837 2300 fue-

259 2339 414 2394 runt,
443 2338 496 2384 et
521 2330 795 2385 innumera
826 2332 963 2386 bella
989 2332 1127 2387 intra
1147 2333 1360 2389 domum
1389 2345 1769 2393 contraxerunt
1795 2340 1834 2404 ¹,

253 2430 314 2476 et
349 2421 546 2475 livores
576 2431 896 2491 pepererunt
923 2432 976 2478 et
1003 2425 1225 2480 invidias
1245 2436 1298 2480 et
1323 2427 1501 2480 odium
1526 2443 1544 2495 ;
1573 2428 1689 2485 haec
1709 2444 1838 2484 vero

253 2522 487 2582 peccata
515 2513 696 2568 mundi
721 2513 1018 2582 solverunt,
1048 2524 1102 2570 et
1131 2525 1433 2572 terruerunt
1460 2517 1754 2583 dremonas,
1783 2530 1839 2575 et

252 2602 535 2657 diabolum
592 2603 924 2673 fugaverunt.
966 2605 1097 2659 Dum
1145 2607 1226 2661 his
1270 2607 1321 2661 in
1376 2621 1595 2665 carcere
1639 2609 1839 2680 degens

250 2691 470 2746 custodi
501 2696 779 2761 persuasit,
823 2709 944 2749 cum
985 2694 1069 2750 his
1097 2697 1386 2766 Agrippam
1429 2702 1669 2767 attraxit,
1717 2715 1839 2755 cum

255 2785 347 2837 his
393 2783 590 2837 multos
637 2784 834 2840 Paulus
876 2784 1165 2855 discipulos
1209 2787 1512 2857 acquisivit,
1559 2799 1840 2861 propterea

265 2870 523 2925 dicebat:
542 2868 606 2923 In
621 2887 722 2940 quo
733 2873 868 2926 male
883 2875 1060 2942 patior
1078 2892 1238 2944 usque
1254 2882 1323 2929 ad
1337 2878 1566 2944 vincula,
1587 2890 1839 2946 tanquam

265 2963 610 3031 malefactor,
636 2964 726 3018 sed
743 2963 837 3019 Dei
862 2965 1071 3020 verbum
1104 2983 1205 3020 non
1233 2977 1310 3022 est
1334 2969 1562 3022 vinctum
1590 2969 1665 3039 t2.
1699 2969 1835 3024 Tim.

266 3053 333 3120 2,
358 3055 434 3123 9).
483 3052 632 3109 Sicut
661 3055 804 3110 enim
841 3057 1050 3111 radium
1079 3058 1282 3113 vincire
1314 3060 1569 3128 possibile
1601 3075 1709 3115 non
1735 3069 1838 3128 est,

267 3162 382 3203 nec
409 3147 552 3201 domi
584 3149 907 3205 concludere
937 3168 950 3204 :
981 3152 1061 3206 sic
1095 3165 1270 3220 neque
1294 3151 1691 3221 praedicationis
1718 3168 1840 3208 ver-

267 3240 431 3294 bum.
459 3238 523 3293 Et
539 3241 681 3310 quod
703 3241 873 3296 multo
895 3242 1126 3312 amplius
1138 3253 1243 3307 est,
1265 3245 1455 3300 doctor
1472 3245 1688 3302 vinctus
1703 3255 1840 3306 erat,

267 3341 332 3385 et
360 3331 582 3386 verbum
613 3333 831 3387 volabat
863 3351 876 3386 :
909 3334 998 3388 ille
1025 3350 1299 3391 carcerem
1330 3337 1640 3400 habitabat;
1667 3347 1722 3393 et
1748 3339 1845 3392 do-

273 3422 455 3477 ctrina
483 3423 623 3478 alata
654 3425 854 3494 passim
889 3425 941 3480 in
978 3427 1109 3482 urbe
1140 3436 1404 3482 terrarum
1431 3431 1698 3483 currebat.

349 3510 404 3565 6.
433 3511 654 3567 Horatia
669 3515 965 3569 exhortatio
982 3516 1050 3569 ad
1067 3519 1502 3573 emendationem.
1519 3550 1590 3559 —
1609 3517 1732 3574 llaec
1752 3520 1846 3591 igi-

273 3614 372 3660 tur
396 3607 653 3671 scicntes,
674 3623 742 3662 ne
762 3610 1182 3664 succumbamus
1202 3612 1255 3665 in
1285 3613 1446 3667 rebus
1466 3613 1725 3677 adversis,
1750 3613 1844 3668 sed

273 3695 463 3764 potius
498 3705 628 3750 tunc
669 3698 1000 3766 potentiores
1028 3699 1348 3766 efﬁciamur,
1377 3708 1507 3756 tunc
1545 3701 1797 3757 fortiores
1829 3719 1844 3756 :

278 3787 584 3841 Tribulatio
604 3790 740 3842 enim
770 3791 1080 3859 patientiam
1104 3801 1353 3860 operatur
1376 3792 1550 3863 (Rom.
1577 3793 1630 3848 5.
1663 3791 1739 3862 5).
1770 3789 1848 3846 Ne

270 3877 564 3932 doleamus
599 3879 653 3932 in
692 3881 1092 3936 calamitatibus
1133 3898 1254 3952 qua:
1287 3882 1624 3947 inferuntur,
1665 3883 1756 3938 sed
1789 3883 1845 3938 in

270 3967 535 4022 omnibus
553 3966 662 4023 Deo
680 3971 878 4038 gratias
899 3985 1142 4042 agamus.
1162 3971 1665 4043 Secundamjejunii
1682 3974 1847 4044 septi-

272 4073 496 4113 manam
509 4060 903 4129 expedivimus,
921 4061 1014 4116 sed
1034 4077 1139 4116 non
1160 4062 1261 4116 hoc
1277 4063 1685 4118 consideremus
1703 4079 1716 4114 :
1738 4078 1844 4118 non

263 4148 422 4205 enim
439 4147 544 4204 hoc
564 4158 646 4202 est
662 4149 1000 4219 expedivisse
1013 4150 1306 4220 jejunium,
1326 4152 1373 4207 si
1392 4159 1605 4222 tempus
1624 4163 1844 4222 praeter-

266 4241 526 4307 ierimus,
557 4241 650 4296 sed
674 4241 720 4296 si
746 4243 1170 4312 transegerimus
1197 4259 1319 4298 cum
1350 4253 1494 4300 recte
1519 4244 1694 4300 factis.
1727 4243 1843 4300 Hoc

263 4337 563 4390 nobiscum
595 4342 925 4402 reputemus,
953 4335 998 4389 si
1025 4335 1380 4390 studiosiores
1405 4335 1531 4391 facti
1558 4352 1770 4398 sumus,
1790 4336 1838 4391 si

263 4425 539 4478 defectum
581 4423 807 4493 aliquem
855 4432 1093 4478 nostrum
1133 4423 1482 4488 correximus,
1514 4424 1558 4479 si
1584 4423 1846 4480 abluimus

263 4513 516 4569 crimina.
547 4513 991 4568 Consuetudinem
1012 4528 1199 4568 omnes
1225 4511 1420 4568 habent
1447 4529 1540 4582 per
1565 4513 1861 4584 quadrage-

263 4606 464 4660 simam
488 4604 866 4674 interrogandi,
889 4613 1015 4674 quot
1035 4605 1257 4675 quisque
1277 4605 1597 4675 septimanas
1618 4604 1845 4675 quadra.

261 4693 491 4764 gesima:
515 4693 773 4762 jejunavit
806 4711 819 4747 :
849 4702 902 4748 et
937 4692 1172 4748 dicentes
1211 4694 1393 4749 audire
1433 4694 1574 4760 licet,
1604 4693 1701 4748 hos
1729 4694 1845 4764 qui-

264 4784 398 4837 dein
421 4783 562 4852 quod
589 4783 740 4848 duas,
775 4783 870 4838 hos
895 4797 1023 4837 vero
1045 4783 1182 4852 quod
1209 4793 1338 4850 tres,
1366 4783 1482 4838 illos
1506 4795 1681 4839 autem
1703 4785 1844 4853 quod

264 4887 464 4927 omnes
497 4872 850 4942 jejunaverint
885 4872 1226 4942 septimanas.
1277 4873 1344 4928 Et
1372 4874 1512 4944 quod
1543 4875 1768 4942 lucrum,
1800 4877 1844 4931 si

264 4971 423 5016 recte
447 4960 598 5016 factis
615 4972 878 5029 carentes,
895 4962 1154 5032 jejunium
1177 4966 1615 5035 transegerimus?
1641 4965 1695 5021 Si
1711 4967 1845 5020 alius

265 5052 438 5115 dicat,
471 5052 658 5107 Totam
684 5054 917 5124 jejunavi
939 5053 1423 5125 Quadragesimam,
1456 5065 1508 5110 tu
1534 5057 1638 5124 die,
1673 5057 1850 5112 Inimi-

261 5161 396 5200 cum
442 5143 723 5209 habebam,
755 5154 809 5200 et
847 5145 1156 5200 conciliatus
1192 5162 1308 5202 sum
1338 5165 1351 5202 :
1384 5147 1642 5205 habebam
1673 5150 1850 5205 detra-

260 5234 436 5290 hendi
462 5235 917 5299 consuetudinem,
939 5245 992 5291 et
1017 5235 1189 5291 destiti
1216 5255 1228 5290 :
1249 5237 1458 5307 jurandi
1483 5239 1702 5296 tenebar
1726 5255 1842 5305 usu,

261 5336 321 5379 et
351 5339 471 5378 mos
496 5325 765 5395 improbus
793 5326 921 5380 mihi
951 5337 1225 5383 correctus
1253 5337 1354 5384 est.
1401 5329 1554 5385 Nulla
1582 5342 1846 5387 mercato-

263 5417 422 5470 ribus
449 5415 668 5479 utilitas,
691 5416 735 5470 si
765 5431 1008 5488 magnam
1035 5419 1195 5474 maris
1219 5418 1602 5490 longitudinem
1629 5437 1847 5491 percur-

264 5507 460 5571 rerint,
493 5505 588 5561 sed
613 5506 657 5561 si
684 5521 804 5562 cum
832 5524 1008 5563 rerum
1035 5510 1184 5580 copia
1220 5520 1276 5566 et
1312 5513 1478 5567 multo
1501 5515 1848 5570 mercimonio

267 5597 642 5665 navigaverint
673 5614 685 5648 :
716 5598 858 5651 nulla
901 5599 1088 5669 jejunii
1137 5601 1292 5657 nobis
1337 5603 1554 5669 utilitas,
1590 5604 1636 5659 si
1677 5603 1848 5660 infru-

337 5691 352 5719 ι
395 5687 497 5743 alii.
517 5685 566 5737 in
591 5689 782 5736 domum
804 5688 1117 5741 induxerunt.

582 5771 849 5834 Panos.
898 5776 1011 5838 Gn.
1055 5775 1281 5840 XLIX.

1189 307 1280 368 AD
1305 311 1623 370 POPULUM
1661 307 2145 371 ANTIOCIIENUM
2189 311 2418 373 HOMIL.
2465 315 2602 373 XVI.

3419 322 3521 378 ιτα

1943 434 2126 482 ctuosc
2148 426 2318 496 ipsum
2346 442 2553 497 tempus
2573 438 2625 482 et
2649 436 2848 484 temere
2875 437 3269 500 praetereamus.
3294 435 3348 490 Si
3370 438 3506 490 eiim-

1942 531 2059 568 rum
2083 515 2343 579 jejunium
2366 517 2686 585 jejunemus,
2721 519 2999 586 praeteritis
3030 521 3370 592 quadraginta
3397 527 3511 580 die-

1940 605 2039 659 bus
2068 619 2302 674 przetertt
2333 618 2385 662 et
2405 607 2696 676 jejunium;
2737 608 2780 662 si
2816 623 2944 663 vero
2983 612 3216 679 peccatis
3253 613 3516 671 abstinea-

1942 713 2062 752 mus
2083 740 2097 763 ,
2127 708 2183 752 et
2215 707 2480 753 transacto
2506 699 2711 768 jejunio
2738 699 2866 754 illud
2900 710 3156 767 remanet,
3188 711 3242 757 et
3267 706 3516 760 continua

1941 787 2043 842 erit
2081 787 2204 842 hinc
2245 788 2399 842 nobis
2441 789 2661 854 utilitas,
2688 797 2844 858 atque
2869 798 2992 844 ante
3017 805 3235 860 regnum
3260 794 3513 848 caelorum

1941 893 2048 933 non
2073 893 2261 948 parvas
2285 878 2438 933 nobis
2463 879 2548 934 hic
2569 879 2753 934 reddet
2775 879 3172 935 retributiones.
3204 881 3354 937 Sicut
3371 884 3514 938 enim

1942 971 2032 1040 qui
2060 971 2110 1024 in
2142 971 2372 1040 nequitia
2398 971 2544 1036 vivit,
2572 979 2626 1025 et
2653 979 2776 1024 ante
2797 971 3093 1040 gehennam
3123 973 3355 1040 punitur,
3385 989 3516 1028 con-

1941 1063 2163 1118 scientia
2191 1062 2491 1116 stimulatus
2520 1079 2534 1115 :
2572 1062 2648 1116 sic
2677 1063 2764 1131 qui
2795 1063 2998 1116 meritis
3034 1063 3269 1118 abundat
3309 1073 3363 1119 et
3395 1076 3519 1120 ante

1941 1169 2163 1224 regnum
2205 1169 2391 1225 magna
2422 1153 2626 1210 fruetur
2651 1154 2861 1218 laetitia,
2892 1170 2950 1208 se
2979 1154 3116 1209 bona
3150 1170 3245 1225 spe
3271 1171 3514 1226 pascens.

1943 1243 2142 1298 Idcirco
2166 1243 2408 1299 Christus
2437 1244 2606 1313 inquit
2635 1263 2648 1297 :
2680 1243 2875 1297 lterum
2903 1244 3074 1298 videbo
3104 1260 3208 1310 vos,
3245 1255 3290 1299 et
3326 1248 3519 1315 gaude-

1941 1335 2074 1400 bitis,
2106 1345 2154 1389 et
2177 1336 2415 1406 gaudium
2441 1344 2654 1389 vestrum
2683 1351 2824 1388 nemo
2846 1335 2982 1388 tollet
3010 1352 3041 1388 a
3065 1335 3199 1390 vobis
3228 1334 3404 1408 (Joan.
3425 1337 3513 1392 10.

1939 1427 2052 1500 22).
2086 1427 2253 1482 Breve
2279 1427 2519 1493 verbum,
2537 1425 2630 1480 sed
2652 1426 2872 1480 multam
2894 1425 3052 1482 habet
3075 1427 3514 1482 consolationem.

1940 1518 2201 1586 Quidnam
2246 1517 2458 1572 tandem
2498 1525 2614 1583 est,
2648 1515 2813 1570 Nemo
2838 1516 3074 1586 gaudium
3101 1526 3316 1572 vestrum
3343 1515 3517 1572 tollet!

1941 1608 2202 1662 Pecunias
2228 1607 2272 1660 si
2301 1606 2514 1672 habeas,
2552 1605 2703 1660 multi
2741 1613 2886 1659 tuum
2923 1621 2987 1659 ex
3032 1605 3230 1660 divitiis
3264 1607 3513 1676 gaudium

1939 1696 2150 1752 auferre
2174 1705 2415 1766 possunt,
2445 1706 2497 1751 et
2523 1695 2605 1749 fur
2626 1695 2876 1765 parietem
2905 1695 3220 1764 perfodiens,
3246 1704 3299 1750 et
3317 1696 3516 1751 credita

1939 1786 2240 1855 subripiens
2265 1800 2472 1852 servus,
2501 1794 2554 1840 et
2576 1784 2869 1854 Imperator
2889 1785 2939 1838 in
2963 1784 3146 1839 fiscum
3173 1785 3436 1855 redigens,
3463 1795 3517 1840 et

1940 1877 2148 1932 invidus
2172 1877 2332 1932 homo
2356 1877 2705 1932 calumnians.
2731 1877 2786 1932 Si
2816 1877 3102 1946 potentiam
3125 1876 3342 1943 habeas,
3364 1878 3515 1932 multi

1940 1977 2164 2038 possunt
2183 1977 2331 2022 tuum
2352 1983 2416 2022 ex
2442 1968 2542 2022 hoc
2560 1967 2809 2037 gaudium
2832 1969 3034 2023 tollere.
3060 1968 3188 2023 Cum
3211 1970 3350 2024 enim
3373 1969 3518 2038 priu-

1939 2060 2144 2128 cipatus
2189 2059 2412 2123 finierit,
2446 2058 2687 2126 voluptas
2730 2072 2938 2126 quoque
2980 2057 3124 2112 finiet
3154 2075 3167 2111 :
3195 2060 3320 2127 quin
3363 2068 3419 2114 et
3463 2060 3515 2112 in

1941 2149 2055 2218 ipso
2096 2149 2392 2219 principatu
2440 2148 2620 2202 multa:
2666 2163 2754 2202 res
2799 2148 3134 2216 accidentes,
3177 2148 3518 2204 difficultates

1940 2237 2199 2295 habentes
2223 2248 2275 2292 et
2298 2253 2485 2304 curas,
2512 2237 2746 2293 Itetitiam
2779 2246 2918 2291 tuam
2949 2238 3264 2292 diminuunt.
3313 2239 3368 2295 Si
3396 2254 3516 2295 εον-ι

1941 2331 2088 2400 poris
2132 2331 2294 2385 robur
2340 2329 2556 2395 habeas,
2597 2328 2813 2383 morbus
2858 2329 3238 2398 superveniens
3278 2329 3518 2385 dissolvit

1941 2422 2064 2476 inde
2089 2430 2255 2476 ortam
2283 2421 2520 2476 lartitiam
2543 2421 2621 2475 :si
2646 2419 3084 2490 pulchritudinem
3107 2421 3298 2476 habeas
3319 2432 3370 2476 et
3390 2438 3513 2492 spe-

1941 2515 2110 2582 ciem,
2152 2523 2397 2570 senectus
2437 2515 2818 2584 superveniens
2861 2514 3124 2580 tabefecit,
3174 2525 3227 2570 et
3267 2515 3514 2586 gaudium

1941 2606 2196 2661 abstulit:
2225 2607 2268 2660 si
2307 2621 2490 2662 mensa
2531 2605 2723 2662 fruaris
2759 2607 2898 2662 lauta
2921 2649 2936 2675 ,
2964 2622 3185 2677 vesPcrc
3225 2618 3518 2679 occupante

1943 2699 2116 2754 soluta
2135 2707 2216 2754 est
2231 2699 2456 2753 convivii
2478 2699 2676 2753 ltetitia.
2703 2697 2900 2755 Rerum
2923 2699 3062 2755 enim
3090 2700 3341 2771 qutelibet
3365 2717 3518 2755 mun-

1943 2788 2199 2843 danarum
2239 2787 2472 2842 infestari
2515 2787 2668 2843 facile
2710 2796 2906 2858 potest,
2940 2805 3036 2844 nec
3077 2791 3316 2846 stabilem
3363 2792 3519 2846 nobis

1943 2879 2267 2948 voluptatem
2287 2877 2458 2945 affert,
2481 2879 2646 2948 pietas
2668 2887 2843 2934 autem
2867 2890 2919 2934 et
2938 2880 3099 2934 animi
3123 2881 3288 2935 virtus
3313 2892 3518 2937 contra.

1945 2968 2348 3041 Eleemosynam
2378 2970 2421 3024 si
2450 2969 2669 3036 feceris,
2702 2970 2948 3025 meritum
2975 2969 3186 3027 auferre
3213 2982 3388 3043 potest
3421 2989 3521 3027 ne-

1946 3073 2036 3114 mo
2067 3077 2081 3112 :
2113 3059 2224 3115 sive
2246 3059 2530 3126 exercitus,
2550 3059 2662 3116 sive
2691 3075 2864 3131 reges,
2886 3061 2998 3116 sive
3019 3061 3205 3116 infiniti
3233 3062 3523 3117 calumnia-

1948 3157 2092 3205 tores
2112 3160 2166 3206 et
2193 3149 2524 3206 insidiatores
2553 3151 2749 3206 instent
2769 3151 3020 3220 undique,
3047 3152 3098 3206 in
3135 3152 3280 3208 carlis
3312 3153 3522 3224 reposis

1948 3249 2066 3295 tam
2088 3241 2478 3311 possessionem
2503 3240 2713 3298 auferre
2749 3256 2856 3297 non
2892 3253 3134 3311 possunt,
3166 3243 3258 3298 sed
3290 3259 3522 3313 perenne

1947 3339 2222 3400 permanet
2245 3330 2515 3401 gaudium.
2556 3329 2804 3400 Dispersit
2829 3332 2992 3393 enim.
3019 3332 3206 3401 inquit,
3229 3332 3364 3386 dedit
3391 3350 3523 3404 pau-

1949 3420 2170 3489 peribus,
2193 3421 2389 3488 justitia
2412 3421 2522 3492 ejus
2547 3429 2712 3476 manet
2739 3421 2793 3474 in
2819 3422 3059 3475 saeculum
3089 3420 3260 3494 (Psal.
3290 3423 3412 3477 III.
3442 3423 3517 3493 9).

1948 3508 2060 3565 Nec
2098 3510 2407 3565 immerito:
2441 3511 2493 3564 in
2531 3509 2783 3565 calorum
2829 3511 2969 3566 enim
3021 3512 3250 3567 cellariis
3293 3514 3523 3583 reposita

1949 3607 2104 3663 sunt,
2128 3599 2216 3653 ubi
2246 3599 2330 3654 fur
2357 3615 2462 3653 non
2491 3599 2737 3669 perfodit,
2771 3600 2907 3655 latro
2933 3615 3036 3655 non
3065 3602 3218 3665 tollit,
3251 3604 3387 3659 tinea
3415 3620 3520 3659 non

1949 3689 2215 3744 consumit
2238 3688 2450 3757 (Matth.
2479 3690 2531 3744 6.
2559 3689 2676 3759 20).
2721 3689 2774 3744 Si
2807 3705 2993 3758 preces
3018 3691 3217 3748 fuderis
3242 3695 3524 3750 continuas

1949 3790 2003 3836 et
2030 3782 2276 3843 intentas,
2299 3795 2484 3834 earum
2515 3779 2741 3834 fructum
2763 3779 2974 3835 auferre
3002 3781 3193 3850 poterit
3218 3798 3375 3838 nemo
3398 3800 3414 3837 :
3438 3784 3524 3838 hie

1951 3873 2144 3928 etenim
2165 3871 2365 3925 fructus
2387 3871 2439 3925 in
2461 3871 2593 3926 cmlo
2613 3870 2878 3926 radicatus
2898 3880 3000 3938 est,
3015 3873 3081 3927 ab
3098 3873 3241 3927 omni
3261 3873 3524 3929 calumnia

1951 3965 2106 4029 liber,
2133 3974 2188 4019 et
2219 3977 2532 4033 permanens
2574 3963 3014 4035 inexpugnabilis.
3059 3964 3114 4019 Si
3156 3966 3292 4021 male
3340 3982 3527 4036 passus

1950 4057 2304 4120 benefeceris,
2337 4056 2380 4110 si
2408 4055 2702 4110 maledictis
2729 4056 3005 4112 lacessitus
3033 4058 3292 4127 patienter
3318 4060 3523 4124 tuleris,

1949 4148 1996 4202 si
2021 4147 2273 4202 conviciis
2309 4147 2528 4202 affectus
2569 4146 2902 4202 benedixeris
2931 4163 2944 4199 :
2978 4146 3092 4202 hare
3116 4149 3304 4204 merita
3329 4164 3522 4220 perpe-

1952 4249 2042 4295 tuo
2071 4248 2319 4307 manent,
2350 4246 2405 4294 et
2431 4250 2602 4294 ortam
2634 4254 2698 4294 ex
2725 4238 2806 4295 bis
2834 4239 3072 4294 laetitiam
3097 4240 3302 4296 auferet
3327 4258 3488 4298 nemo
3512 4287 3524 4307 .

1951 4329 2045 4384 sed
2067 4331 2501 4400 quotiescumque
2530 4328 2762 4397 ipsorum
2789 4329 3097 4384 recordatus
3122 4329 3305 4394 fueris,
3327 4333 3528 4404 gaudes

1952 4431 2007 4476 et
2033 4419 2231 4475 laetaris
2257 4428 2311 4474 et
2334 4420 2498 4474 multa
2528 4419 2720 4475 frueris
2747 4421 3030 4490 voluptate.
3081 4421 3172 4478 Sic
3215 4425 3450 4494 profecto
3479 4437 3527 4480 et

1954 4511 2134 4581 fugere
2173 4511 2535 4580 juramentum
2575 4511 2619 4565 si
2664 4511 3074 4580 przevaleamus,
3105 4513 3255 4570 etab
3281 4513 3379 4570 hac
3402 4531 3533 4571 con.

1953 4601 2231 4656 suetudine
2258 4601 2553 4670 perniciosa
2580 4601 2847 4656 abstinere
2876 4602 3069 4673 lingua!
3094 4613 3291 4659 nostra:
3314 4606 3528 4660 studea-

1955 4704 2072 4744 tnus
2096 4731 2112 4757 ,
2152 4690 2325 4743 meriti
2355 4689 2566 4759 quidem
2616 4690 2765 4744 labor
2804 4691 2949 4746 brevi
2992 4692 3313 4760 absolvetur,
3349 4696 3529 4748 hstiis

1957 4796 2085 4836 vero
2110 4780 2284 4834 meriti
2311 4780 2509 4850 jugiter
2534 4781 2636 4834 erit
2660 4790 2714 4836 et
2739 4780 3114 4837 indesinenter.
3147 4783 3406 4837 Cteterum
3435 4799 3532 4835 vos

1956 4880 2009 4926 et
2035 4871 2258 4925 aliorum
2289 4879 2643 4940 praeoptares
2664 4885 2784 4925 esse
2809 4881 3018 4942 oportet
3036 4881 3090 4926 et
3110 4872 3292 4938 duces,
3320 4880 3374 4926 et
3398 4873 3532 4925 ami-

1955 4975 2048 5015 cos
2069 4961 2312 5031 proximi,
2333 4975 2516 5016 servos
2535 4970 2712 5017 autem
2733 4963 2993 5026 conservi,
3017 4962 3303 5030 etjuvenes
3320 4977 3529 5016 cozevos

1954 5051 2242 5120 suscipere,
2263 5050 2538 5106 instituere
2561 5061 2615 5107 et
2641 5051 2889 5107 inducere
2909 5051 3121 5106 debent.
3149 5051 3334 5106 Nonne
3349 5052 3393 5106 si
3413 5054 3534 5124 quis

1957 5143 2050 5195 tibi
2082 5158 2301 5197 aureum
2346 5159 2507 5198 unum
2551 5159 2647 5214 pro
2689 5145 2909 5214 singulis
2948 5144 3247 5198 hominibus
3275 5149 3533 5204 correctis

1957 5232 2309 5302 promisisset,
2351 5249 2510 5289 omne
2550 5234 2778 5289 studium
2820 5233 3174 5298 adhibuisses,
3205 5245 3259 5290 et
3286 5238 3534 5292 assiduus

1961 5323 2258 5378 adstitisses
2287 5324 2614 5394 persuadens
2653 5333 2708 5379 et
2738 5323 3064 5378 exhortans?
3104 5324 3252 5382 Nunc
3277 5343 3402 5382 vero
3426 5344 3532 5384 non

1956 5429 2176 5469 aureum
2205 5419 2388 5481 tinum,
2418 5431 2591 5485 neque
2623 5415 2835 5478 decem,
2865 5432 3034 5487 neque
3062 5419 3269 5487 viginti,
3301 5421 3380 5476 vel
3409 5436 3530 5476 cen-

1959 5514 2092 5570 tum,
2119 5505 2204 5560 vel
2227 5505 2392 5571 mille,
2416 5520 2592 5575 neque
2618 5515 2780 5560 totam
2810 5506 2949 5562 Deus
2975 5518 3170 5562 terram
3194 5511 3285 5565 tibi
3314 5511 3532 5580 pollice~

1958 5605 2046 5651 tur
2075 5596 2126 5649 in
2154 5595 2348 5651 horum
2377 5595 2616 5650 laborum
2646 5597 3051 5653 retributionem
3077 5639 3092 5666 ,
3123 5600 3216 5654 sed
3241 5602 3380 5670 quod
3405 5601 3535 5652 orbe

1959 5697 2070 5744 toto
2112 5689 2284 5758 majus
2323 5697 2423 5749 est.
2466 5689 2567 5746 hoc
2607 5690 2700 5745 tibi
2740 5692 2962 5762 praebet,
2993 5694 3244 5748 caelorum
3272 5710 3492 5763 regnum
3525 5706 3538 5740 ε

3095 5787 3156 5844 11
