4020 6216
513 317 602 374 ΓΗ

515 448 612 488 nrt:
641 432 741 485 hoc
761 428 958 494 solum,
976 441 1159 483 verum
1187 435 1240 480 et
1259 424 1398 479 aliud
1423 435 1611 494 praeter
1636 424 1754 477 hoc.
1783 422 1952 490 Quale
1973 436 2101 478 vero

513 521 650 576 huc?
695 520 795 586 Qui
839 518 1004 573 educit
1048 517 1322 590 pretiosum
1363 530 1394 568 a
1428 514 1534 578 vili,
1567 515 1692 567 sicut
1727 529 1782 566 os
1814 528 1978 565 meum
2003 515 2097 566 erit

512 612 757 682 (Jan-.15.
783 610 894 678 19),
920 610 1108 680 inquit.
1135 607 1273 675 Quid
1298 607 1420 662 huic
1445 613 1624 677 posset
1643 619 1762 660 esse
1791 615 1885 674 p‘ar
1908 603 1972 656 ad
2005 603 2100 656 ho-

523 705 670 758 noris
701 713 752 757 ct
784 701 1085 757 securitatis
1113 698 1413 754 rationem?
1451 697 1580 765 Quae
1605 711 1734 750 vero
1762 694 1914 749 nobis
1935 707 2100 748 excu-

515 797 653 852 satio
677 804 733 851 et
757 795 910 850 venia
939 803 1059 864 post
1081 801 1279 846 tantam
1305 789 1714 862 promissionem
1740 786 2100 857 proximorum

516 889 741 942 salutem
767 885 1156 957 negligentibus
1183 897 1301 938 esse
1331 881 1538 935 valeat?
1565 881 1642 934 Tu
1673 895 1802 934 vero
1827 879 1872 934 si
1902 891 2102 934 caecum
2131 923 2136 927 _

519 981 732 1051 quidem
783 979 834 1033 in
881 978 1185 1047 voraginem
1233 973 1566 1029 decidentem
1607 971 1833 1036 videris,
1885 983 2101 1024 manum

524 1072 768 1143 porrigis,
799 1081 853 1126 et
892 1071 1161 1140 indignum
1205 1081 1323 1122 esse
1369 1077 1544 1135 putas,
1575 1073 1884 1134 pereuntem
1929 1061 2108 1130 despi-

522 1179 677 1227 cere;
709 1162 891 1217 videns
913 1169 1088 1215 autem
1112 1159 1346 1230 quotidie
1371 1171 1556 1211 omnes
1581 1155 1896 1225 praecipitari
1920 1153 2106 1207 fratres

525 1255 579 1310 iu
611 1253 904 1324 improbam
923 1251 1346 1322 juramentorum
1377 1247 1838 1309 consuetudinem,
1863 1259 1962 1299 nec
1987 1259 2108 1298 ver-

526 1347 652 1402 bum
685 1345 848 1400 audes
880 1343 1152 1413 proferre?
1179 1342 1286 1398 Sed
1315 1341 1495 1396 dixisti
1515 1339 1705 1406 semel,
1736 1348 1790 1392 et
1819 1351 1923 1391 non
1953 1335 2108 1390 audi-

527 1441 602 1493 vit
625 1457 640 1494 :
665 1439 748 1492 dic
773 1437 930 1508 igitur
959 1436 1040 1490 bis
1065 1443 1118 1488 et
1150 1444 1252 1500 ter,
1278 1443 1331 1488 et
1359 1431 1536 1497 toties,
1557 1429 1730 1486 donec
1759 1425 2106 1498 persuaseris.

528 1530 688 1586 Nobis
734 1528 972 1599 quotidie
1016 1525 1252 1596 loquitur
1291 1524 1452 1587 Deus,
1481 1531 1536 1578 et
1563 1537 1668 1576 non
1699 1517 1943 1574 audimus
1965 1558 1979 1582 ,
2011 1529 2110 1569 nec

529 1623 725 1691 alloqui
753 1620 959 1674 desistit
992 1637 1004 1671 :
1041 1617 1176 1671 hanc
1207 1626 1262 1670 tu
1293 1629 1502 1684 quoque
1531 1627 1713 1668 curam
1740 1611 1948 1664 imitare
1969 1607 2112 1663 circa

531 1714 854 1782 proximum.
887 1710 1171 1778 Propterea
1210 1707 1477 1775 conjuncti
1518 1705 1656 1760 inter
1693 1717 1790 1758 nos
1822 1713 2027 1764 sumus,
2061 1706 2115 1753 et

553 1799 2748 1836 __________________________.._.__.

1251 313 1306 368 S.
1349 307 1625 367 JOANNIS
1662 306 2136 364 CllRYSOSTOMI
2174 309 2491 366 ARCHIEP.
2532 309 3069 374 CONSTANTINOP.
3614 331 3690 384 l7!

2209 425 2370 482 urbes
2399 428 2695 485 habitamus
2721 444 2774 488 et
2801 432 2852 486 in
2879 433 3121 488 ecclesiis
3142 448 3509 507 coagregamur,
3530 453 3576 496 ut
3595 447 3694 500 alter

2206 521 2424 576 alterius
2448 533 2606 578 onera
2639 535 2928 594 portemus,
2951 535 3006 579 ut
3035 525 3168 580 alter
3189 527 3391 582 alterius
3414 544 3590 599 peccata
3607 550 3698 590 cor-

2207 614 2460 684 rigamus.
2495 615 2562 668 Et
2589 616 2722 670 sicut
2749 617 2894 672 multi
2923 616 3166 672 eamdem
3189 617 3436 675 ofﬁcinam
3465 624 3700 681 habitantes

2209 704 2454 760 homines
2483 706 2789 764 diti‘erenler
2817 709 3031 778 quidem
3063 712 3410 778 negotiantur,
3437 717 3584 770 omnia
3607 735 3704 774 vero

2210 797 2263 852 in
2287 813 2571 854 commune
2595 810 2862 870 reponunt
2889 817 2901 854 :
2928 801 3006 857 sic
3045 801 3282 872 proiecto
3317 814 3365 859 et
3399 821 3486 862 nos
3517 824 3704 878 agamus.

2210 888 2568 959 Quaecumque
2611 890 2750 945 bona
2786 892 3010 961 quisque
3037 893 3280 949 conferre
3315 884 3474 964 potest
3495 901 3706 967 proximo,

2211 997 2278 1035 ne
2299 981 2472 1052 pigeat
2492 997 2632 1046 eum,
2657 997 2829 1050 neque
2850 983 3088 1049 dili‘erat;
3119 985 3212 1038 sed
3236 984 3322 1039 flat
3341 990 3588 1056 negotiatio
3604 1007 3710 1060 qua.-

2212 1071 2374 1140 dam,
2422 1081 2476 1127 et
2523 1075 2642 1127 talis
2689 1074 2902 1128 collatio
2947 1075 3257 1144 spiritualis,
3305 1087 3362 1130 ut
3403 1079 3448 1131 in
3487 1093 3713 1136 commune

2215 1166 2390 1219 omnia
2417 1165 2767 1236 deponentes,
2795 1175 2850 1222 et
2889 1167 3083 1221 multas
3121 1169 3295 1238 adepti
3331 1169 3534 1236 divitias,
3561 1181 3605 1226 et
3627 1189 3716 1227 ma-

2214 1273 2376 1326 gnum
2403 1259 2714 1327 consequuti
2755 1257 3084 1325 thesaurum,
3112 1261 3450 1317 communiter
3471 1277 3628 1319 omnes
3648 1279 3716 1320 re-

2215 1365 2375 1420 gnum
2399 1366 2746 1420 assequamur
2774 1350 3047 1416 caelorum,
3081 1353 3247 1422 gratia
3267 1363 3316 1407 et
3337 1353 3624 1424 benignitate
3645 1355 3723 1409 Do-

2217 1442 2348 1496 mini
2375 1443 2541 1496 nostri
2581 1441 2707 1496 Jesu
2745 1441 2964 1506 Christi,
2995 1457 3094 1512 per
3117 1457 3274 1512 quem
3301 1452 3479 1498 etcum
3504 1460 3593 1514 quo
3615 1445 3724 1500 Patri

2217 1532 2386 1602 gloria
2408 1574 2423 1600 ,
2456 1532 2612 1587 simul
2640 1541 2694 1587 et
2719 1541 2904 1586 sancto
2935 1532 3178 1602 Spiritui,
3210 1549 3348 1590 nunc
3382 1544 3432 1590 et
3468 1551 3666 1605 semper,
3688 1549 3728 1593 et

2219 1623 2272 1677 in
2301 1623 2494 1679 saecula
2523 1623 2858 1678 satculorum.
2885 1624 3075 1679 Amen.

2751 1801 2964 1816 ﬂ

541 1914 606 1958 lN
639 1913 1066 1960 MAGISTRATUS
1097 1913 1176 1955 ΑΒ
1219 1905 1625 1953 rursna'ronu
1665 1899 2023 1946 THEODOSIO
2064 1898 2300 1952 MISSOS,
2327 1892 2734 1939 ELLEBICHUM
2765 1891 3135 1937 maeremus!
3169 1893 3462 1948 murum,
3489 1895 3560 1937 ET
3587 1893 3742 1938 cast.-

629 2011 790 2054 ntust
835 2008 1206 2053 suetsrnuu
1250 1989 1359 2072 (a),
1450 2005 1534 2049 an
1575 2000 2172 2048 PREVARICATORUM
2214 1991 2694 2050 INQUISITIONEM
2761 1992 3042 2036 nomen
3089 1993 3466 2040 STATUARUM
3505 1994 3738 2038 suavss-

633 2107 884 2158 SIONERI.

2047 2213 2314 2271 (ῖὲἔέὸῆἒὸἓῶ

1119 2355 1336 2402 Βοιιιιιλ
1373 2357 1498 2398 xvn.

607 2447 656 2501 Ι.
689 2443 997 2516 Opportune
1027 2455 1214 2494 omnes
1247 2437 1402 2492 hodie
1423 2433 1580 2488 simul
1603 2429 1990 2493 conciuulmus,
2023 2425 2118 2480 Be-

531 2537 757 2593 nedictus
783 2535 1030 2590 Dominus
1061 2531 1194 2586 Deus
1223 2529 1407 2592 Israel,
1436 2527 1520 2598 qui
1549 2526 1670 2597 facit
1697 2522 1948 2576 mirabilia
1976 2520 2113 2576 solus

533 2628 704 2701 (Psat.
727 2625 954 2699 7|.18).
1001 2623 1212 2678 Etenim
1249 2617 1488 2674 miranda
1529 2626 1581 2671 et
1617 2615 1918 2686 opinionem
1956 2625 2116 2666 exce-

533 2718 712 2774 (lentia
741 2717 876 2772 facta
900 2724 1022 2770 sunt
1049 2711 1258 2781 negotia
1290 2727 1302 2763 :
1335 2709 1520 2764 urbem
1566 2715 1728 2761 totam
1769 2713 1822 2759 et
1867 2703 2116 2772 pupulum

533 2819 738 2867 tantum
755 2809 863 2880 jam
890 2803 1361 2875 submergendum,
1385 2811 1439 2856 et
1459 2798 1558 2854 sub
1583 2798 1754 2852 undas
1783 2795 2043 2867 agendum
2065 2805 2118 2849 ct

532 2901 857 2972 perdendum
891 2897 1128 2952 funditus
1158 2894 1335 2950 statim
1363 2933 1378 2958 ,
1419 2905 1527 2946 uno
1558 2888 1812 2958 temporis
1841 2893 2116 2942 momento

531 2993 600 3046 ab
624 2990 770 3046 omni
806 2987 1081 3056 naufragio
1111 2983 1374 3040 liberavit.
1423 2981 1634 3036 Gratias
1671 2980 1831 3049 igitur
1867 2991 2114 3048 agamus,
2155 3009 2158 3013 -

535 3096 643 3136 non
671 3089 874 3134 tantum
905 3077 1154 3148 quoniam
1185 3081 1553 3143 tempestatem
1581 3069 1808 3136 sedavit,
1832 3068 1926 3124 sed
1956 3067 2116 3122 etiam

531 3172 783 3242 quoniam
821 3171 988 3240 ipsam
1013 3167 1124 3221 ﬁeri
1154 3164 1394 3236 permisit
1423 3181 1438 3218 :
1467 3178 1571 3216 non
1623 3169 1822 3215 tantum
1867 3159 2116 3229 quoniam

531 3263 808 3332 naufragio
831 3277 928 3316 nos
955 3258 1214 3322 liberavit,
1247 3255 1338 3311 sed
1365 3255 1522 3310 etiam
1551 3251 1692 3323 quod
1715 3253 1769 3306 in
1793 3258 1990 3305 tantam
2019 3265 2118 3305 nos

530 3355 829 3426 angustiam
861 3351 1054 3406 cadere
1078 3347 1321 3419 permisit
1342 3386 1356 3412 ,
1399 3355 1453 3400 et
1499 3351 1794 3398 extremum
1823 3340 2116 3410 periculum

531 3445 686 3500 nobis
715 3443 1014 3499 imminere.
1047 3439 1134 3496 Sic
1160 3446 1214 3494 et
1239 3436 1432 3492 Paulus
1459 3435 1510 3488 in
1540 3433 1786 3488 omnibus
1813 3431 1970 3501 jussit
1997 3445 2117 3500 gra-

532 3539 630 3592 tias
672 3552 852 3608 agerc.
891 3533 1025 3589 Cum
1057 3545 1185 3585 vero
1224 3529 1386 3583 dicit:
1424 3525 1486 3580 In
1515 3525 1746 3584 omnibus
1770 3523 1961 3594 gratias
1989 3522 2117 3592 agite

529 3631 606 3701 (i.
634 3629 812 3684 Thess.
841 3629 893 3683 5.
927 3627 1014 3698 13)
1047 3643 1058 3678 :
1095 3625 1198 3686 hoc
1227 3622 1508 3692 signiﬁcat,
1543 3635 1648 3672 non
1680 3629 1884 3671 tantum
1913 3617 1962 3670 in
1990 3631 2116 3685 gra-

532 3722 676 3776 vium
707 3719 990 3782 solutione,
1015 3731 1196 3770 verum
1227 3722 1280 3766 et
1308 3711 1358 3765 in
1390 3713 1624 3782 gravium
1645 3709 1660 3739 ί
1687 3717 1922 3776 tempore
1953 3723 1965 3758 :
1993 3719 2114 3758 nam

529 3815 861 3885 Diligentibus
891 3811 1053 3866 Deum
1079 3811 1247 3864 omnia
1270 3815 1602 3876 cooperantur
1633 3809 1684 3856 tn
1716 3803 1900 3856 bonum
1939 3801 2113 3873 (Rom.

527 3907 582 3961 8.
610 3906 723 3976 28).
756 3904 964 3958 Gratias
992 3902 1088 3970 ipsi
1114 3914 1331 3971 agamus
1355 3907 1571 3967 prepter
1595 3895 1938 3948 tcutationum
1961 3893 2119 3947 abso-

526 3997 806 4060 iulionem,
844 4003 900 4050 et
941 3993 1127 4046 harum
1155 4003 1440 4058 numquam
1463 3986 1839 4040 obliviscamur
1870 4003 1883 4039 :
1913 3985 2116 4038 oratio-

531 4085 686 4143 nibus
736 4096 1020 4149 vacemus,
1067 4075 1540 4152 supplicationibus
1580 4075 1880 4140 continuis,
1935 4074 2114 4143 pietati

531 4181 730 4234 multa).
771 4175 902 4232 Cum
931 4192 958 4230 a
991 4173 1250 4244 principio
1275 4169 1452 4242 gravis
1479 4167 1667 4222 horum
1693 4167 1953 4222 malorum
1984 4181 2114 4237 pyra

530 4272 687 4326 fuerit
707 4285 950 4332 accensa,
968 4266 1209 4322 dicebam
1233 4278 1335 4317 non
1359 4275 1476 4315 esse
1495 4259 1752 4313 doctrina:
1775 4267 1999 4327 tempus,
2021 4257 2112 4312 sed

531 4359 826 4416 orationum
859 4378 872 4412 :
901 4358 1004 4412 hoc
1031 4355 1269 4425 profecto
1298 4361 1351 4407 et
1375 4368 1516 4406 nunc
1540 4357 1821 4419 postquam
1851 4349 2111 4402 exstincta

530 4465 610 4509 est
654 4451 795 4514 (lico,
829 4465 969 4506 nunc
993 4449 1163 4518 magis
1199 4456 1406 4514 tempus
1437 4443 1736 4496 orationum
1765 4455 1882 4494 esse
1904 4481 1918 4505 ,
1953 4455 2112 4509 quam

533 4544 682 4615 prius
707 4561 718 4595 :
745 4557 884 4596 nunc
908 4540 1135 4594 maxime
1163 4537 1512 4608 lacrymarum
1538 4542 1746 4600 tempus
1775 4540 1828 4586 et
1858 4545 2113 4599 compun-

527 4637 719 4692 ctionis
760 4644 812 4688 et
849 4633 1039 4688 anima:
1070 4631 1242 4686 anxia:
1272 4627 1531 4697 multique
1576 4624 1736 4680 studii
1775 4633 1830 4678 et
1871 4623 2110 4678 cautelae.

525 4727 676 4783 Tunc
706 4739 898 4794 nempe
921 4724 1032 4792 ipsa
1063 4720 1458 4775 tribulationum
1483 4725 1670 4770 natura
1692 4715 1776 4768 vel
1800 4715 1993 4768 invitos
2017 4727 2114 4767 nos

525 4820 848 4892 corripiebat
876 4827 930 4872 et
951 4814 1221 4870 modestos
1251 4811 1496 4873 faciebat,
1531 4817 1586 4864 et
1610 4808 1674 4862 ad
1701 4807 1955 4877 majorem
1983 4821 2110 4878 age-

523 4915 614 4968 bat
659 4911 1045 4972 reverentiam;
1098 4919 1239 4960 nunc
1275 4911 1473 4964 autem,
1505 4901 1681 4954 ablato
1709 4901 1858 4954 freno
1886 4909 1942 4954 et
1971 4899 2112 4955 nube

526 5005 825 5074 prteterita,
869 5000 1161 5056 timendum
1191 5013 1259 5052 ne
1283 4996 1346 5050 ad
1378 5005 1644 5066 torporem
1669 4994 2015 5058 declinemus,
2046 5009 2112 5048 ne

527 5099 801 5168 segniores
827 5094 1118 5150 reddanmr
1139 5104 1348 5144 rursum
1376 5103 1439 5140 ex
1475 5086 1807 5150 remissione,
1841 5101 1907 5140 ne
1932 5085 2000 5140 de
2026 5101 2112 5140 no-

525 5189 606 5244 bis
632 5203 845 5260 quoque
881 5183 1142 5257 quispiam
1184 5181 1327 5236 dicat
1357 5197 1368 5232 :
1397 5177 1526 5234 Cum
1566 5177 1808 5231 occideret
1847 5193 1929 5230 eos
1949 5218 1962 5241 ,
1995 5187 2112 5231 tunc

589 5319 608 5388 ξ
643 5317 773 5388 sane
789 5323 895 5366 επιν-
916 5313 1118 5388 ἓςεὲιιπς
1143 5317 1608 5388 tenuissimum.
1623 5307 1860 5388 ﬂlatiunt-
1887 5367 1944 5388 _..
1963 5368 1990 5388 π.

588 5378 662 5440 (a)
681 5367 818 5426 'Brix.
841 5367 1227 5440 quiittitﬂno'men
1263 5373 1452 5440 (_;:es_arii
1477 5367 1681 5440 magistri
1721 5369 1868 5440 quod
1886 5367 2108 5440 addimus

527 5454 556 5490 e
593 5431 766 5489 bracis
786 5437 928 5487 Codd.
953 5439 1128 5498 quibus
1164 5431 1805 5498 adstipulatur?'t‘heodoret.
1832 5432 2109 5498 Magistrum

527 5511 691 5552 autem
713 5491 1124 5549 otiiciorum'hunc
1155 5491 1306 5546 fuisse
1341 5495 1566 5556 intellige
1589 5495 1672 5556 qui
1699 5499 1749 5542 et
1766 5491 1988 5556 absolute
2012 5499 2107 5556 ata-

525 5567 680 5627 gister
704 5557 991 5627 appellatur,
1015 5557 1130 5608 licet
1149 5557 1231 5627 alii
1250 5565 1416 5606 essent
1437 5554 1972 5627 Magistriscriniorgm,
2000 5555 2107 5616 epi-

524 5593 834 5675 assistit“.
856 5593 1130 5669 ιίῦριῐόιῖιῖὖῖ
1144 5593 2105 5678 (ἲτὼέἴνέτὲῖλῖῗΞΞέίΞῐιῖίι’ὧ”ὸᾶίξέἰοῖὖίὶι

523 5686 772 5798 discinliqa
805 5681 966 5747 palatii
1005 5679 1299 5744 pertinebat,
1323 5685 1374 5730 et
1393 5678 1576 5737 otiiciis,
1605 5677 1654 5726 id
1689 5683 1785 5737 est,
1821 5677 2107 5728 ministeriis

533 5759 718 5798 nrteera
747 5781 758 5792 .

532 5759 758 5814 praeerat.

2223 2328 2508 2396 qutcrebaut
2547 2343 2657 2380 eunt
2679 2365 2694 2390 ,
2726 2337 2772 2382 ct
2815 2327 3200 2392 rerertcbautur,
3231 2337 3278 2381 et
3305 2327 3516 2381 diluculo
3539 2323 3750 2380 ueniebant

2225 2417 2291 2470 ad
2329 2417 2493 2471 Deum
2539 2415 2719 2484 (Pent.
2746 2417 2834 2470 77.
2857 2416 2974 2486 54).
2998 2415 3122 2474 ideo
3159 2417 3339 2474 Moses
3373 2417 3570 2473 Judaeos
3603 2418 3743 2470 admo-

2223 2511 2384 2566 nebat
2411 2509 2595 2564 dicens
2627 2527 2640 2562 :
2676 2507 2954 2579 Postquam
2981 2511 3258 2566 comederis
3285 2521 3329 2566 et
3357 2511 3544 2576 biberis,
3569 2519 3608 2564 et
3628 2507 3758 2578 fuerit

2223 2603 2464 2672 repletus,
2501 2601 2768 2655 recordare
2811 2601 3018 2654 Domini
3059 2601 3152 2655 Dei
3193 2604 3274 2656 tui
3297 2602 3470 2675 (Deut.
3497 2600 3751 2666 6.12.13).

2223 2693 2374 2748 Nunc
2415 2692 2678 2748 sincerum
2723 2692 3048 2762 propositum
3091 2703 3334 2749 vestrum
3378 2692 3635 2756 videbitur,
3657 2689 3756 2743 siin

2221 2787 2408 2844 eadem
2456 2786 2759 2841 manseritis
2805 2786 2998 2855 pietate
3027 2803 3040 2839 :
3075 2793 3200 2840 tunc
3231 2785 3427 2857 quippe
3454 2783 3590 2838 multi
3615 2777 3757 2834 timori

2221 2886 2277 2934 et
2317 2878 2580 2933 malorum
2629 2877 2851 2931 illationi
2889 2877 3123 2933 studium
3153 2889 3397 2934 vestrum
3423 2873 3735 2932 attribuebant

2222 2983 2363 3025 nunc
2389 2985 2514 3024 vero
2539 2985 2728 3039 purum
2757 2969 2858 3023 erit
2881 2969 3134 3024 meritum
3159 2977 3424 3034 vestrum,
3454 2967 3497 3022 si
3527 2966 3576 3020 in
3607 2961 3760 3019 eodem

2223 3059 2402 3115 studio
2441 3061 2814 3129 permaneatis.
2863 3059 3125 3128 Quoniam
3151 3069 3208 3116 et
3237 3061 3491 3132 puerulus
3518 3056 3560 3112 si
3583 3056 3690 3111 dum
3710 3051 3762 3106 ab

2221 3154 2400 3224 aliquo
2431 3153 2603 3223 agitur
2629 3153 2920 3223 predagogo
2949 3153 3173 3209 terribili
3203 3194 3220 3218 ,
3251 3168 3374 3208 cum
3403 3150 3642 3206 modestia
3663 3145 3764 3200 vivit

2221 3255 2275 3301 et
2304 3246 2728 3311 mansuetudine,
2763 3246 2892 3301 nihil
2931 3256 3013 3301 est
3051 3247 3382 3314 mirandum,
3411 3243 3504 3300 sed
3540 3235 3768 3312 padagogi

2224 3339 2400 3392 timori
2428 3339 2576 3407 pueri
2610 3337 2926 3392 modestiam
2954 3339 3260 3393 attribuunt
3285 3349 3503 3402 omnes;
3533 3347 3642 3388 cum
3667 3342 3768 3384 vero

2222 3428 2461 3499 deposita
2483 3429 2802 3484 necessitate
2827 3429 2918 3483 ille
2943 3429 2997 3483 in
3019 3429 3210 3485 eadem
3235 3429 3493 3484 manserit
3511 3426 3768 3482 honestate.

2223 3529 2350 3576 tunc
2382 3529 2435 3575 et
2458 3535 2618 3590 quam
2647 3519 2829 3574 habuit
2857 3520 2910 3573 in
2940 3521 3116 3590 priore
3143 3530 3312 3576 mtate
3343 3517 3668 3578 modestiam,
3693 3509 3772 3580 ipsi

2220 3625 2406 3666 omnes
2433 3609 2760 3665 adscribunt.
2790 3611 2903 3666 Hoc
2921 3619 2976 3664 et
2996 3625 3094 3666 nos
3121 3612 3313 3682 utique
3340 3611 3606 3670 faciamus,
3631 3606 3676 3659 in
3696 3615 3770 3657 ea-

2220 3701 2344 3757 dem
2375 3711 2650 3756 mauentes
2679 3703 2999 3766 reverentia,
3031 3710 3087 3756 ut
3117 3711 3170 3757 et
3193 3703 3396 3773 prioris
3417 3699 3572 3756 studii
3599 3693 3771 3751 laudem

2221 3793 2438 3847 multam
2483 3808 2514 3848 a
2563 3794 2672 3849 Deo
2723 3794 3014 3863 capiamus.
3063 3793 3356 3850 lnnumera
3395 3787 3773 3862 exspectavimus

2221 3885 2360 3938 mala
2381 3927 2396 3951 ,
2429 3887 2665 3939 omnium
2697 3885 3019 3940 substantias
3049 3885 3330 3955 direptum
3374 3887 3438 3940 iri
3465 3925 3479 3952 ,
3520 3877 3778 3937 habitacula

2222 3993 2341 4031 cum
2373 3977 2732 4033 habitantibus
2758 3977 3116 4033 comburenda
3136 4019 3151 4042 ,
3183 3977 3466 4034 civitatem
3505 3973 3669 4031 medio
3699 3967 3777 4023 tol-

2221 4071 2432 4125 lendam
2465 4087 2528 4126 ex
2559 4071 2711 4138 orbe,
2741 4079 2795 4126 et
2825 4071 2990 4140 ipsius
3025 4071 3287 4141 reliquias
3316 4085 3508 4126 omnes
3537 4067 3778 4138 perituras.

2218 4171 2453 4218 aratrum
2497 4163 2662 4233 ipsius
2713 4173 2907 4218 terram
2952 4173 3367 4234 suscepturam;
3412 4164 3505 4219 sed
3543 4174 3660 4216 ecce
3685 4157 3780 4212 hac

2219 4255 2395 4309 omnia
2437 4257 2573 4310 intra
2616 4255 3069 4326 exspectationem
3119 4265 3334 4310 tantum
3380 4261 3654 4316 steterunt,
3677 4246 3782 4304 etin

2219 4361 2353 4415 opus
2379 4362 2481 4400 non
2506 4355 2898 4416 processerunt.
2929 4346 3035 4402 Nec
3057 4347 3159 4402 hoc
3182 4349 3366 4402 solum
3389 4358 3473 4402 est
3497 4341 3780 4404 mirandum,

2219 4439 2356 4508 quod
2381 4448 2583 4492 tantum
2607 4439 2826 4508 periculi
2849 4439 2987 4494 Deus
3007 4439 3249 4506 abstulit,
3271 4439 3373 4496 sed
3391 4443 3550 4495 etiam
3571 4433 3786 4508 quoniam

2219 4533 2423 4602 magnis
2445 4547 2542 4587 nos
2571 4531 2748 4586 affecit
2767 4531 3056 4599 beneﬁciis,
3085 4540 3139 4586 et
3163 4533 3450 4588 civitatem
3479 4539 3698 4586 nostram
3715 4538 3786 4575 or-

2219 4625 2399 4689 navit,
2446 4637 2648 4694 nusque
2679 4637 2772 4692 per
2801 4622 2937 4677 hanc
2961 4623 3322 4678 tentationem
3371 4633 3428 4679 et
3467 4619 3789 4677 calamitatem

2219 4715 2549 4784 probatiores
2573 4713 2768 4770 etiecit.
2800 4715 2916 4782 Quo
2936 4729 3064 4769 vero
3095 4723 3279 4784 pacto,
3315 4731 3421 4786 ego
3451 4714 3638 4769 dicam.

2291 4806 2532 4861 Monac/ti
2553 4823 2614 4862 ea:
2641 4807 2891 4861 montibus
2917 4805 3242 4860 Antiochiam
3266 4807 3605 4870 descendunt,
3625 4811 3672 4858 ut
3695 4795 3788 4855 ciri-

2217 4900 2310 4952 tati
2337 4899 2532 4953 veniam
2568 4901 2850 4969 impetrent.
2880 4929 2950 4938 —
2979 4897 3112 4953 Nam
3141 4900 3372 4968 quando
3400 4899 3470 4954 ab
3501 4899 3790 4967 imperatore

2217 4991 2362 5044 missi
2385 4991 2449 5044 ad
2462 4989 2867 5044 commissorum
2890 4989 3302 5059 inquisitionem
3327 4987 3664 5046 tremendum
3687 4979 3790 5039 illud

2215 5081 2542 5136 constituere
2575 5079 2831 5149 judicium
2851 5121 2866 5146 ,
2907 5095 3206 5151 onmesque
3235 5081 3309 5138 ad
3339 5082 3606 5138 scelerum
3625 5087 3790 5147 pinnas

2215 5172 2476 5226 vocabant
2501 5180 2556 5226 et
2579 5171 2724 5226 varia
2759 5171 2948 5226 mortis
2994 5170 3250 5226 omnibus
3299 5181 3424 5229 erat
3467 5163 3792 5244 exspectatio.

2220 5273 2342 5318 tunc
2369 5263 2599 5318 vertices
2627 5263 2886 5317 montium
2914 5259 3216 5317 habitantes
3237 5261 3525 5331 monachi,
3557 5257 3794 5332 propriam

2216 5357 2516 5412 exhibuere
2545 5355 2960 5426 philosophiam.
2987 5354 3235 5426 Namque
3267 5367 3352 5413 tot
3384 5357 3543 5414 annis
3563 5357 3614 5412 in
3639 5363 3796 5410 caver-

2217 5450 2300 5503 nis
2321 5447 2434 5504 suis
2449 5447 2706 5515 conclusi,
2726 5449 2940 5503 ncmine
2961 5445 3287 5515 advocante,
3311 5451 3576 5506 suadente
3593 5444 3799 5504 nemine.

2217 5548 2500 5610 postquam
2525 5538 2717 5594 nubem
2745 5547 2948 5593 tantam
2973 5537 3252 5594 civitatem
3277 5541 3710 5597 circumstantem
3731 5531 3803 5588 vi-

2215 5632 2428 5698 derunt,
2460 5630 2799 5688 tabernacula
2829 5630 3221 5700 speluncasque
3267 5647 3403 5688 suas
3447 5632 3804 5700 derelinquen-

2217 5735 2319 5794 tes,
2342 5726 2574 5800 undique
2597 5723 2990 5793 conﬂuxerunt,
3009 5723 3149 5782 velut
3169 5725 3360 5800 angeli
3382 5726 3602 5804 quidam
3621 5715 3808 5780 decdo
