  <div class='ocr_page' id='page_1' title='image "/cluster/home/n/w/nwhite01/storage/ocr_20150623/49/hvd.32044054086806/174.png"; bbox 0 0 4020 6216; ppageno 0'>
   <div class='ocr_carea' id='block_1_1' title="bbox 277 281 393 340">
    <p class='ocr_par' dir='ltr' id='par_1_1' title="bbox 277 281 393 340">
     <span class='ocr_line' id='line_1_1' title="bbox 277 281 393 340; baseline -0.034 0"><span class='ocrx_word' id='word_1_1' title='bbox 277 281 393 340; x_wconf 70' lang='grc' dir='ltr'><strong>-Ιτὸ</strong></span> 
     </span>
    </p>
   </div>
   <div class='ocr_carea' id='block_1_2' title="bbox 289 385 1864 462">
    <p class='ocr_par' dir='ltr' id='par_1_2' title="bbox 289 385 1864 462">
     <span class='ocr_line' id='line_1_2' title="bbox 289 385 1864 462; baseline -0.003 -15"><span class='ocrx_word' id='word_1_2' title='bbox 289 390 506 462; x_wconf 87' lang='lat' dir='ltr'><strong>profecti</strong></span> <span class='ocrx_word' id='word_1_3' title='bbox 539 404 555 443; x_wconf 85' lang='lat'><strong><em>:</em></strong></span> <span class='ocrx_word' id='word_1_4' title='bbox 583 396 639 444; x_wconf 90' lang='lat' dir='ltr'><strong>ct</strong></span> <span class='ocrx_word' id='word_1_5' title='bbox 663 394 779 443; x_wconf 88' lang='lat' dir='ltr'><strong>erat</strong></span> <span class='ocrx_word' id='word_1_6' title='bbox 797 400 1019 442; x_wconf 87' lang='lat' dir='ltr'><strong>cernere</strong></span> <span class='ocrx_word' id='word_1_7' title='bbox 1049 395 1174 440; x_wconf 90' lang='lat' dir='ltr'><strong>tune</strong></span> <span class='ocrx_word' id='word_1_8' title='bbox 1196 386 1462 441; x_wconf 87' lang='lat' dir='ltr'><strong>civitatem</strong></span> <span class='ocrx_word' id='word_1_9' title='bbox 1489 385 1713 440; x_wconf 88' lang='lat' dir='ltr'><strong>similem</strong></span> <span class='ocrx_word' id='word_1_10' title='bbox 1740 386 1864 442; x_wconf 77' lang='lat' dir='ltr'><strong>ted-</strong></span> 
     </span>
    </p>
   </div>
   <div class='ocr_carea' id='block_1_3' title="bbox 290 479 1868 550">
    <p class='ocr_par' dir='ltr' id='par_1_3' title="bbox 290 479 1868 550">
     <span class='ocr_line' id='line_1_3' title="bbox 290 479 1868 550; baseline -0.004 -11"><span class='ocrx_word' id='word_1_11' title='bbox 290 486 450 540; x_wconf 87' lang='lat' dir='ltr'><strong>ditam</strong></span> <span class='ocrx_word' id='word_1_12' title='bbox 476 482 632 548; x_wconf 69' lang='lat' dir='ltr'><strong>cazlo,</strong></span> <span class='ocrx_word' id='word_1_13' title='bbox 661 496 781 537; x_wconf 93' lang='lat' dir='ltr'><strong>cum</strong></span> <span class='ocrx_word' id='word_1_14' title='bbox 813 480 1007 550; x_wconf 90' lang='lat' dir='ltr'><strong>ubique</strong></span> <span class='ocrx_word' id='word_1_15' title='bbox 1031 489 1372 536; x_wconf 85' lang='lat' dir='ltr'><strong>occurrerent</strong></span> <span class='ocrx_word' id='word_1_16' title='bbox 1393 479 1468 534; x_wconf 90' lang='lat' dir='ltr'><strong>illi</strong></span> <span class='ocrx_word' id='word_1_17' title='bbox 1495 479 1663 534; x_wconf 93' lang='lat' dir='ltr'><strong>sancti</strong></span> <span class='ocrx_word' id='word_1_18' title='bbox 1692 480 1774 534; x_wconf 91' lang='lat' dir='ltr'><strong>vel</strong></span> <span class='ocrx_word' id='word_1_19' title='bbox 1803 494 1868 533; x_wconf 87' lang='lat' dir='ltr'><strong>ex</strong></span> 
     </span>
    </p>
   </div>
   <div class='ocr_carea' id='block_1_4' title="bbox 290 569 1869 645">
    <p class='ocr_par' dir='ltr' id='par_1_4' title="bbox 290 569 1869 645">
     <span class='ocr_line' id='line_1_4' title="bbox 290 569 1869 645; baseline -0.005 -13"><span class='ocrx_word' id='word_1_20' title='bbox 290 583 509 645; x_wconf 84' lang='lat' dir='ltr'><strong>aspectu</strong></span> <span class='ocrx_word' id='word_1_21' title='bbox 527 573 645 628; x_wconf 86' lang='lat' dir='ltr'><strong>solo</strong></span> <span class='ocrx_word' id='word_1_22' title='bbox 661 571 846 628; x_wconf 89' lang='lat' dir='ltr'><strong>dolore</strong></span> <span class='ocrx_word' id='word_1_23' title='bbox 871 585 1085 641; x_wconf 90' lang='lat' dir='ltr'><strong>pressos</strong></span> <span class='ocrx_word' id='word_1_24' title='bbox 1103 570 1463 634; x_wconf 78' lang='lat' dir='ltr'><strong>consolantes,</strong></span> <span class='ocrx_word' id='word_1_25' title='bbox 1487 580 1539 625; x_wconf 90' lang='lat' dir='ltr'><strong>et</strong></span> <span class='ocrx_word' id='word_1_26' title='bbox 1563 569 1630 624; x_wconf 91' lang='lat' dir='ltr'><strong>ad</strong></span> <span class='ocrx_word' id='word_1_27' title='bbox 1655 585 1869 625; x_wconf 88' lang='lat' dir='ltr'><strong>omnem</strong></span> 
     </span>
    </p>
   </div>
   <div class='ocr_carea' id='block_1_5' title="bbox 292 660 1872 731">
    <p class='ocr_par' dir='ltr' id='par_1_5' title="bbox 292 660 1872 731">
     <span class='ocr_line' id='line_1_5' title="bbox 292 660 1872 731; baseline -0.006 -9"><span class='ocrx_word' id='word_1_28' title='bbox 292 665 606 721; x_wconf 79' lang='lat' dir='ltr'><strong>calamitatis</strong></span> <span class='ocrx_word' id='word_1_29' title='bbox 644 672 1007 731; x_wconf 90' lang='lat' dir='ltr'><strong>contemptum</strong></span> <span class='ocrx_word' id='word_1_30' title='bbox 1046 661 1377 715; x_wconf 89' lang='lat' dir='ltr'><strong>inducentes.</strong></span> <span class='ocrx_word' id='word_1_31' title='bbox 1419 661 1549 727; x_wconf 86' lang='lat' dir='ltr'><strong>Quis</strong></span> <span class='ocrx_word' id='word_1_32' title='bbox 1586 661 1726 715; x_wconf 92' lang='lat' dir='ltr'><strong>enim</strong></span> <span class='ocrx_word' id='word_1_33' title='bbox 1755 660 1872 713; x_wconf 90' lang='lat' dir='ltr'><strong>illos</strong></span> 
     </span>
    </p>
   </div>
   <div class='ocr_carea' id='block_1_6' title="bbox 293 751 1874 826">
    <p class='ocr_par' dir='ltr' id='par_1_6' title="bbox 293 751 1874 826">
     <span class='ocr_line' id='line_1_6' title="bbox 293 751 1874 826; baseline -0.006 -13"><span class='ocrx_word' id='word_1_34' title='bbox 293 758 658 826; x_wconf 84' lang='lat' dir='ltr'><strong>conspicatus,</strong></span> <span class='ocrx_word' id='word_1_35' title='bbox 684 764 909 808; x_wconf 89' lang='lat' dir='ltr'><strong>mortem</strong></span> <span class='ocrx_word' id='word_1_36' title='bbox 939 769 1044 807; x_wconf 91' lang='lat' dir='ltr'><strong>non</strong></span> <span class='ocrx_word' id='word_1_37' title='bbox 1071 751 1342 807; x_wconf 90' lang='lat' dir='ltr'><strong>derisisset</strong></span> <span class='ocrx_word' id='word_1_38' title='bbox 1365 792 1378 814; x_wconf 86' lang='lat'><strong>,</strong></span> <span class='ocrx_word' id='word_1_39' title='bbox 1412 767 1516 805; x_wconf 93' lang='lat' dir='ltr'><strong>non</strong></span> <span class='ocrx_word' id='word_1_40' title='bbox 1545 751 1874 819; x_wconf 78' lang='lat' dir='ltr'><strong>despexisset</strong></span> 
     </span>
    </p>
   </div>
   <div class='ocr_carea' id='block_1_7' title="bbox 293 841 1876 911">
    <p class='ocr_par' dir='ltr' id='par_1_7' title="bbox 293 841 1876 911">
     <span class='ocr_line' id='line_1_7' title="bbox 293 841 1876 911; baseline -0.004 -11"><span class='ocrx_word' id='word_1_41' title='bbox 293 846 494 901; x_wconf 83' lang='lat' dir='ltr'><strong>vitam?</strong></span> <span class='ocrx_word' id='word_1_42' title='bbox 520 845 629 901; x_wconf 87' lang='lat' dir='ltr'><strong>Nec</strong></span> <span class='ocrx_word' id='word_1_43' title='bbox 649 845 749 899; x_wconf 90' lang='lat' dir='ltr'><strong>hoc</strong></span> <span class='ocrx_word' id='word_1_44' title='bbox 769 843 940 898; x_wconf 91' lang='lat' dir='ltr'><strong>solum</strong></span> <span class='ocrx_word' id='word_1_45' title='bbox 961 854 1075 899; x_wconf 91' lang='lat' dir='ltr'><strong>erat</strong></span> <span class='ocrx_word' id='word_1_46' title='bbox 1095 842 1353 908; x_wconf 77' lang='lat' dir='ltr'><strong>mirabile,</strong></span> <span class='ocrx_word' id='word_1_47' title='bbox 1372 842 1464 896; x_wconf 91' lang='lat' dir='ltr'><strong>sed</strong></span> <span class='ocrx_word' id='word_1_48' title='bbox 1486 842 1625 911; x_wconf 92' lang='lat' dir='ltr'><strong>quod</strong></span> <span class='ocrx_word' id='word_1_49' title='bbox 1648 841 1711 895; x_wconf 88' lang='lat' dir='ltr'><strong>ad</strong></span> <span class='ocrx_word' id='word_1_50' title='bbox 1733 841 1876 910; x_wconf 90' lang='lat' dir='ltr'><strong>prin-</strong></span> 
     </span>
    </p>
   </div>
   <div class='ocr_carea' id='block_1_8' title="bbox 293 934 1876 1008">
    <p class='ocr_par' dir='ltr' id='par_1_8' title="bbox 293 934 1876 1008">
     <span class='ocr_line' id='line_1_8' title="bbox 293 934 1876 1008; baseline -0.006 -14"><span class='ocrx_word' id='word_1_51' title='bbox 293 939 444 1008; x_wconf 87' lang='lat' dir='ltr'><strong>cipes</strong></span> <span class='ocrx_word' id='word_1_52' title='bbox 483 939 629 1008; x_wconf 88' lang='lat' dir='ltr'><strong>ipsos</strong></span> <span class='ocrx_word' id='word_1_53' title='bbox 672 936 989 992; x_wconf 85' lang='lat' dir='ltr'><strong>accedentes</strong></span> <span class='ocrx_word' id='word_1_54' title='bbox 1025 950 1144 989; x_wconf 91' lang='lat' dir='ltr'><strong>cum</strong></span> <span class='ocrx_word' id='word_1_55' title='bbox 1187 934 1378 989; x_wconf 81' lang='lat' dir='ltr'><strong>fiducia</strong></span> <span class='ocrx_word' id='word_1_56' title='bbox 1404 934 1753 1004; x_wconf 87' lang='lat' dir='ltr'><strong>loquebantur</strong></span> <span class='ocrx_word' id='word_1_57' title='bbox 1781 947 1876 1002; x_wconf 88' lang='lat' dir='ltr'><strong>pro</strong></span> 
     </span>
    </p>
   </div>
   <div class='ocr_carea' id='block_1_9' title="bbox 299 1024 1879 1097">
    <p class='ocr_par' dir='ltr' id='par_1_9' title="bbox 299 1024 1879 1097">
     <span class='ocr_line' id='line_1_9' title="bbox 299 1024 1879 1097; baseline -0.005 -13"><span class='ocrx_word' id='word_1_58' title='bbox 299 1031 404 1085; x_wconf 89' lang='lat' dir='ltr'><strong>reis</strong></span> <span class='ocrx_word' id='word_1_59' title='bbox 424 1038 477 1084; x_wconf 91' lang='lat' dir='ltr'><strong>et</strong></span> <span class='ocrx_word' id='word_1_60' title='bbox 498 1041 687 1084; x_wconf 90' lang='lat' dir='ltr'><strong>omnes</strong></span> <span class='ocrx_word' id='word_1_61' title='bbox 707 1026 1017 1097; x_wconf 83' lang='lat' dir='ltr'><strong>sanguinem</strong></span> <span class='ocrx_word' id='word_1_62' title='bbox 1042 1024 1310 1081; x_wconf 80' lang='lat' dir='ltr'><strong>effundere</strong></span> <span class='ocrx_word' id='word_1_63' title='bbox 1333 1025 1496 1094; x_wconf 79' lang='lat' dir='ltr'><strong>parati</strong></span> <span class='ocrx_word' id='word_1_64' title='bbox 1519 1033 1688 1092; x_wconf 89' lang='lat' dir='ltr'><strong>erant,</strong></span> <span class='ocrx_word' id='word_1_65' title='bbox 1714 1032 1767 1079; x_wconf 90' lang='lat' dir='ltr'><strong>et</strong></span> <span class='ocrx_word' id='word_1_66' title='bbox 1787 1039 1879 1078; x_wconf 85' lang='lat' dir='ltr'><strong>ca-</strong></span> 
     </span>
    </p>
   </div>
   <div class='ocr_carea' id='block_1_10' title="bbox 304 1110 1877 1182">
    <p class='ocr_par' dir='ltr' id='par_1_10' title="bbox 304 1110 1877 1182">
     <span class='ocr_line' id='line_1_10' title="bbox 304 1110 1877 1182; baseline 0.002 -16"><span class='ocrx_word' id='word_1_67' title='bbox 304 1112 416 1182; x_wconf 86' lang='lat' dir='ltr'><strong>pita</strong></span> <span class='ocrx_word' id='word_1_68' title='bbox 432 1113 720 1181; x_wconf 81' lang='lat' dir='ltr'><strong>deponere,</strong></span> <span class='ocrx_word' id='word_1_69' title='bbox 739 1121 797 1165; x_wconf 90' lang='lat' dir='ltr'><strong>ut</strong></span> <span class='ocrx_word' id='word_1_70' title='bbox 810 1117 997 1180; x_wconf 90' lang='lat' dir='ltr'><strong>captos</strong></span> <span class='ocrx_word' id='word_1_71' title='bbox 1013 1110 1080 1166; x_wconf 88' lang='lat' dir='ltr'><strong>ab</strong></span> <span class='ocrx_word' id='word_1_72' title='bbox 1095 1113 1418 1181; x_wconf 75' lang='lat' dir='ltr'><strong>exspectatis</strong></span> <span class='ocrx_word' id='word_1_73' title='bbox 1437 1113 1877 1169; x_wconf 85' lang='lat' dir='ltr'><strong>tribulationibus</strong></span> 
     </span>
    </p>
   </div>
   <div class='ocr_carea' id='block_1_11' title="bbox 308 1201 1876 1274">
    <p class='ocr_par' dir='ltr' id='par_1_11' title="bbox 308 1201 1876 1274">
     <span class='ocr_line' id='line_1_11' title="bbox 308 1201 1876 1274; baseline 0.001 -17"><span class='ocrx_word' id='word_1_74' title='bbox 308 1204 578 1271; x_wconf 85' lang='lat' dir='ltr'><strong>eriperent</strong></span> <span class='ocrx_word' id='word_1_75' title='bbox 598 1221 610 1257; x_wconf 93' lang='lat'>:</span> <span class='ocrx_word' id='word_1_76' title='bbox 633 1211 687 1256; x_wconf 87' lang='lat' dir='ltr'><strong>et</strong></span> <span class='ocrx_word' id='word_1_77' title='bbox 705 1201 1029 1260; x_wconf 72' lang='lat' dir='ltr'><strong>dixeruntse</strong></span> <span class='ocrx_word' id='word_1_78' title='bbox 1046 1219 1151 1257; x_wconf 93' lang='lat' dir='ltr'><strong>non</strong></span> <span class='ocrx_word' id='word_1_79' title='bbox 1176 1204 1326 1273; x_wconf 92' lang='lat' dir='ltr'><strong>prius</strong></span> <span class='ocrx_word' id='word_1_80' title='bbox 1352 1219 1688 1268; x_wconf 88' lang='lat' dir='ltr'><strong>recessuros,</strong></span> <span class='ocrx_word' id='word_1_81' title='bbox 1711 1221 1876 1274; x_wconf 88' lang='lat' dir='ltr'><strong>quam</strong></span> 
     </span>
    </p>
   </div>
   <div class='ocr_carea' id='block_1_12' title="bbox 304 1289 1875 1363">
    <p class='ocr_par' dir='ltr' id='par_1_12' title="bbox 304 1289 1875 1363">
     <span class='ocr_line' id='line_1_12' title="bbox 304 1289 1875 1363; baseline 0.002 -18"><span class='ocrx_word' id='word_1_82' title='bbox 304 1289 517 1363; x_wconf 81' lang='lat' dir='ltr'><strong>judices</strong></span> <span class='ocrx_word' id='word_1_83' title='bbox 547 1299 832 1361; x_wconf 85' lang='lat' dir='ltr'><strong>parcerent</strong></span> <span class='ocrx_word' id='word_1_84' title='bbox 860 1292 1096 1346; x_wconf 85' lang='lat' dir='ltr'><strong>civitatis</strong></span> <span class='ocrx_word' id='word_1_85' title='bbox 1123 1295 1342 1363; x_wconf 92' lang='lat' dir='ltr'><strong>populo,</strong></span> <span class='ocrx_word' id='word_1_86' title='bbox 1364 1295 1447 1348; x_wconf 90' lang='lat' dir='ltr'><strong>vel</strong></span> <span class='ocrx_word' id='word_1_87' title='bbox 1477 1309 1536 1349; x_wconf 91' lang='lat' dir='ltr'><strong>se</strong></span> <span class='ocrx_word' id='word_1_88' title='bbox 1562 1296 1722 1349; x_wconf 87' lang='lat' dir='ltr'><strong>simul</strong></span> <span class='ocrx_word' id='word_1_89' title='bbox 1751 1311 1875 1349; x_wconf 92' lang='lat' dir='ltr'><strong>cum</strong></span> 
     </span>
    </p>
   </div>
   <div class='ocr_carea' id='block_1_13' title="bbox 303 1377 1870 1454">
    <p class='ocr_par' dir='ltr' id='par_1_13' title="bbox 303 1377 1870 1454">
     <span class='ocr_line' id='line_1_13' title="bbox 303 1377 1870 1454; baseline 0.004 -21"><span class='ocrx_word' id='word_1_90' title='bbox 303 1379 416 1434; x_wconf 88' lang='lat' dir='ltr'><strong>reis</strong></span> <span class='ocrx_word' id='word_1_91' title='bbox 427 1379 491 1433; x_wconf 89' lang='lat' dir='ltr'><strong>ad</strong></span> <span class='ocrx_word' id='word_1_92' title='bbox 506 1377 892 1447; x_wconf 69' lang='lat' dir='ltr'><strong>Imperatorem</strong></span> <span class='ocrx_word' id='word_1_93' title='bbox 912 1380 1118 1450; x_wconf 87' lang='lat' dir='ltr'><strong>legatos</strong></span> <span class='ocrx_word' id='word_1_94' title='bbox 1131 1383 1279 1436; x_wconf 81' lang='lat' dir='ltr'><strong>mitte</strong></span> <span class='ocrx_word' id='word_1_95' title='bbox 1287 1392 1423 1437; x_wconf 88' lang='lat' dir='ltr'><strong>rent.</strong></span> <span class='ocrx_word' id='word_1_96' title='bbox 1444 1382 1750 1454; x_wconf 85' lang='lat' dir='ltr'><strong>Religiosus</strong></span> <span class='ocrx_word' id='word_1_97' title='bbox 1767 1394 1870 1448; x_wconf 87' lang='lat' dir='ltr'><strong>est,</strong></span> 
     </span>
    </p>
   </div>
   <div class='ocr_carea' id='block_1_14' title="bbox 300 1468 1875 1538">
    <p class='ocr_par' dir='ltr' id='par_1_14' title="bbox 300 1468 1875 1538">
     <span class='ocr_line' id='line_1_14' title="bbox 300 1468 1875 1538; baseline 0.004 -17"><span class='ocrx_word' id='word_1_98' title='bbox 300 1468 499 1537; x_wconf 87' lang='lat' dir='ltr'><strong>inquit,</strong></span> <span class='ocrx_word' id='word_1_99' title='bbox 519 1468 612 1536; x_wconf 90' lang='lat' dir='ltr'><strong>qui</strong></span> <span class='ocrx_word' id='word_1_100' title='bbox 631 1476 818 1522; x_wconf 90' lang='lat' dir='ltr'><strong>nostro</strong></span> <span class='ocrx_word' id='word_1_101' title='bbox 833 1468 950 1522; x_wconf 85' lang='lat' dir='ltr'><strong>orbi</strong></span> <span class='ocrx_word' id='word_1_102' title='bbox 969 1469 1300 1535; x_wconf 85' lang='lat' dir='ltr'><strong>dominatur,</strong></span> <span class='ocrx_word' id='word_1_103' title='bbox 1319 1471 1510 1531; x_wconf 86' lang='lat' dir='ltr'><strong>fidelis,</strong></span> <span class='ocrx_word' id='word_1_104' title='bbox 1530 1488 1654 1527; x_wconf 92' lang='lat' dir='ltr'><strong>cum</strong></span> <span class='ocrx_word' id='word_1_105' title='bbox 1676 1473 1875 1538; x_wconf 86' lang='lat' dir='ltr'><strong>pietate</strong></span> 
     </span>
    </p>
   </div>
   <div class='ocr_carea' id='block_1_15' title="bbox 296 1544 1875 1616">
    <p class='ocr_par' dir='ltr' id='par_1_15' title="bbox 296 1544 1875 1616">
     <span class='ocr_line' id='line_1_15' title="bbox 296 1544 1875 1616; baseline 0 -19"><span class='ocrx_word' id='word_1_106' title='bbox 296 1545 517 1599; x_wconf 82' lang='lat' dir='ltr'><strong>vivens:</strong></span> <span class='ocrx_word' id='word_1_107' title='bbox 539 1558 638 1600; x_wconf 88' lang='lat' dir='ltr'><strong>nos</strong></span> <span class='ocrx_word' id='word_1_108' title='bbox 657 1544 816 1615; x_wconf 81' lang='lat' dir='ltr'><strong>igitur</strong></span> <span class='ocrx_word' id='word_1_109' title='bbox 841 1545 1012 1616; x_wconf 88' lang='lat' dir='ltr'><strong>ipsum</strong></span> <span class='ocrx_word' id='word_1_110' title='bbox 1033 1548 1250 1601; x_wconf 84' lang='lat' dir='ltr'><strong>omnino</strong></span> <span class='ocrx_word' id='word_1_111' title='bbox 1270 1545 1748 1610; x_wconf 86' lang='lat' dir='ltr'><strong>reconciliabimus,</strong></span> <span class='ocrx_word' id='word_1_112' title='bbox 1771 1559 1875 1597; x_wconf 92' lang='lat' dir='ltr'><strong>non</strong></span> 
     </span>
    </p>
   </div>
   <div class='ocr_carea' id='block_1_16' title="bbox 296 1635 1878 1707">
    <p class='ocr_par' dir='ltr' id='par_1_16' title="bbox 296 1635 1878 1707">
     <span class='ocr_line' id='line_1_16' title="bbox 296 1635 1878 1707; baseline -0.001 -18"><span class='ocrx_word' id='word_1_113' title='bbox 296 1635 670 1704; x_wconf 84' lang='lat' dir='ltr'><strong>permittemus</strong></span> <span class='ocrx_word' id='word_1_114' title='bbox 712 1637 886 1704; x_wconf 81' lang='lat' dir='ltr'><strong>vobis,</strong></span> <span class='ocrx_word' id='word_1_115' title='bbox 929 1652 1101 1707; x_wconf 90' lang='lat' dir='ltr'><strong>neque</strong></span> <span class='ocrx_word' id='word_1_116' title='bbox 1141 1636 1495 1691; x_wconf 77' lang='lat' dir='ltr'><strong>concedamus</strong></span> <span class='ocrx_word' id='word_1_117' title='bbox 1533 1649 1715 1690; x_wconf 88' lang='lat' dir='ltr'><strong>ensem</strong></span> <span class='ocrx_word' id='word_1_118' title='bbox 1761 1635 1878 1704; x_wconf 80' lang='lat' dir='ltr'><strong>pol-</strong></span> 
     </span>
    </p>
   </div>
   <div class='ocr_carea' id='block_1_17' title="bbox 299 1727 1880 1798">
    <p class='ocr_par' dir='ltr' id='par_1_17' title="bbox 299 1727 1880 1798">
     <span class='ocr_line' id='line_1_17' title="bbox 299 1727 1880 1798; baseline -0.001 -16"><span class='ocrx_word' id='word_1_119' title='bbox 299 1729 471 1793; x_wconf 87' lang='lat' dir='ltr'><strong>luere,</strong></span> <span class='ocrx_word' id='word_1_120' title='bbox 501 1743 600 1786; x_wconf 86' lang='lat' dir='ltr'><strong>nec</strong></span> <span class='ocrx_word' id='word_1_121' title='bbox 626 1731 783 1786; x_wconf 88' lang='lat' dir='ltr'><strong>ullius</strong></span> <span class='ocrx_word' id='word_1_122' title='bbox 811 1730 1122 1786; x_wconf 86' lang='lat' dir='ltr'><strong>abscindere</strong></span> <span class='ocrx_word' id='word_1_123' title='bbox 1148 1737 1327 1798; x_wconf 90' lang='lat' dir='ltr'><strong>caput.</strong></span> <span class='ocrx_word' id='word_1_124' title='bbox 1353 1727 1410 1782; x_wconf 92' lang='lat' dir='ltr'><strong>Si</strong></span> <span class='ocrx_word' id='word_1_125' title='bbox 1431 1743 1557 1782; x_wconf 92' lang='lat' dir='ltr'><strong>vero</strong></span> <span class='ocrx_word' id='word_1_126' title='bbox 1585 1742 1688 1782; x_wconf 93' lang='lat' dir='ltr'><strong>non</strong></span> <span class='ocrx_word' id='word_1_127' title='bbox 1715 1727 1880 1783; x_wconf 86' lang='lat' dir='ltr'><strong>absti-</strong></span> 
     </span>
    </p>
   </div>
   <div class='ocr_carea' id='block_1_18' title="bbox 302 1818 1878 1891">
    <p class='ocr_par' dir='ltr' id='par_1_18' title="bbox 302 1818 1878 1891">
     <span class='ocr_line' id='line_1_18' title="bbox 302 1818 1878 1891; baseline 0 -18"><span class='ocrx_word' id='word_1_128' title='bbox 302 1819 496 1887; x_wconf 87' lang='lat' dir='ltr'><strong>neatis,</strong></span> <span class='ocrx_word' id='word_1_129' title='bbox 526 1831 578 1876; x_wconf 89' lang='lat' dir='ltr'><strong>et</strong></span> <span class='ocrx_word' id='word_1_130' title='bbox 615 1836 715 1876; x_wconf 88' lang='lat' dir='ltr'><strong>nos</strong></span> <span class='ocrx_word' id='word_1_131' title='bbox 752 1836 874 1877; x_wconf 90' lang='lat' dir='ltr'><strong>cum</strong></span> <span class='ocrx_word' id='word_1_132' title='bbox 913 1821 1042 1891; x_wconf 88' lang='lat' dir='ltr'><strong>ipsis</strong></span> <span class='ocrx_word' id='word_1_133' title='bbox 1079 1821 1298 1875; x_wconf 90' lang='lat' dir='ltr'><strong>omnino</strong></span> <span class='ocrx_word' id='word_1_134' title='bbox 1336 1821 1644 1875; x_wconf 90' lang='lat' dir='ltr'><strong>moriemur.</strong></span> <span class='ocrx_word' id='word_1_135' title='bbox 1687 1818 1878 1873; x_wconf 87' lang='lat' dir='ltr'><strong>Gravia</strong></span> 
     </span>
    </p>
   </div>
   <div class='ocr_carea' id='block_1_19' title="bbox 302 1910 1882 1983">
    <p class='ocr_par' dir='ltr' id='par_1_19' title="bbox 302 1910 1882 1983">
     <span class='ocr_line' id='line_1_19' title="bbox 302 1910 1882 1983; baseline -0.001 -17"><span class='ocrx_word' id='word_1_136' title='bbox 302 1911 520 1980; x_wconf 87' lang='lat' dir='ltr'><strong>quidem</strong></span> <span class='ocrx_word' id='word_1_137' title='bbox 546 1922 746 1983; x_wconf 89' lang='lat' dir='ltr'><strong>patrata</strong></span> <span class='ocrx_word' id='word_1_138' title='bbox 771 1923 914 1978; x_wconf 89' lang='lat' dir='ltr'><strong>sunt,</strong></span> <span class='ocrx_word' id='word_1_139' title='bbox 947 1921 1001 1968; x_wconf 91' lang='lat' dir='ltr'><strong>et</strong></span> <span class='ocrx_word' id='word_1_140' title='bbox 1035 1927 1134 1968; x_wconf 90' lang='lat' dir='ltr'><strong>nos</strong></span> <span class='ocrx_word' id='word_1_141' title='bbox 1162 1912 1496 1977; x_wconf 89' lang='lat' dir='ltr'><strong>confitemur,</strong></span> <span class='ocrx_word' id='word_1_142' title='bbox 1522 1911 1616 1966; x_wconf 91' lang='lat' dir='ltr'><strong>sed</strong></span> <span class='ocrx_word' id='word_1_143' title='bbox 1650 1910 1882 1980; x_wconf 91' lang='lat' dir='ltr'><strong>Impera-</strong></span> 
     </span>
    </p>
   </div>
   <div class='ocr_carea' id='block_1_20' title="bbox 308 2002 1881 2074">
    <p class='ocr_par' dir='ltr' id='par_1_20' title="bbox 308 2002 1881 2074">
     <span class='ocr_line' id='line_1_20' title="bbox 308 2002 1881 2074; baseline -0.003 -15"><span class='ocrx_word' id='word_1_144' title='bbox 308 2007 441 2060; x_wconf 85' lang='lat' dir='ltr'><strong>toris</strong></span> <span class='ocrx_word' id='word_1_145' title='bbox 487 2005 869 2060; x_wconf 87' lang='lat' dir='ltr'><strong>humanitatem</strong></span> <span class='ocrx_word' id='word_1_146' title='bbox 915 2019 1022 2059; x_wconf 90' lang='lat' dir='ltr'><strong>non</strong></span> <span class='ocrx_word' id='word_1_147' title='bbox 1066 2004 1275 2059; x_wconf 84' lang='lat' dir='ltr'><strong>excedit</strong></span> <span class='ocrx_word' id='word_1_148' title='bbox 1311 2013 1580 2074; x_wconf 90' lang='lat' dir='ltr'><strong>gestorum</strong></span> <span class='ocrx_word' id='word_1_149' title='bbox 1613 2002 1881 2071; x_wconf 81' lang='lat' dir='ltr'><strong>iniquitas.</strong></span> 
     </span>
    </p>
   </div>
   <div class='ocr_carea' id='block_1_21' title="bbox 308 2089 1884 2164">
    <p class='ocr_par' dir='ltr' id='par_1_21' title="bbox 308 2089 1884 2164">
     <span class='ocr_line' id='line_1_21' title="bbox 308 2089 1884 2164; baseline -0.005 -14"><span class='ocrx_word' id='word_1_150' title='bbox 308 2096 512 2150; x_wconf 80' lang='lat' dir='ltr'><strong>Dicitur</strong></span> <span class='ocrx_word' id='word_1_151' title='bbox 552 2095 765 2164; x_wconf 90' lang='lat' dir='ltr'><strong>quidam</strong></span> <span class='ocrx_word' id='word_1_152' title='bbox 821 2095 1052 2164; x_wconf 88' lang='lat' dir='ltr'><strong>ipsorum</strong></span> <span class='ocrx_word' id='word_1_153' title='bbox 1101 2093 1244 2148; x_wconf 87' lang='lat' dir='ltr'><strong>aliud</strong></span> <span class='ocrx_word' id='word_1_154' title='bbox 1277 2093 1498 2148; x_wconf 88' lang='lat' dir='ltr'><strong>verbum</strong></span> <span class='ocrx_word' id='word_1_155' title='bbox 1536 2089 1884 2160; x_wconf 60' lang='lat' dir='ltr'><strong>philosophiae</strong></span> 
     </span>
    </p>
   </div>
   <div class='ocr_carea' id='block_1_22' title="bbox 308 2179 1884 2253">
    <p class='ocr_par' dir='ltr' id='par_1_22' title="bbox 308 2179 1884 2253">
     <span class='ocr_line' id='line_1_22' title="bbox 308 2179 1884 2253; baseline -0.004 -14"><span class='ocrx_word' id='word_1_156' title='bbox 308 2185 525 2253; x_wconf 88' lang='lat' dir='ltr'><strong>plenum</strong></span> <span class='ocrx_word' id='word_1_157' title='bbox 551 2184 749 2238; x_wconf 83' lang='lat' dir='ltr'><strong>dixisse</strong></span> <span class='ocrx_word' id='word_1_158' title='bbox 776 2183 854 2253; x_wconf 90' lang='lat' dir='ltr'><strong>(a)</strong></span> <span class='ocrx_word' id='word_1_159' title='bbox 880 2201 892 2236; x_wconf 88' lang='lat'><strong>:</strong></span> <span class='ocrx_word' id='word_1_160' title='bbox 921 2182 1122 2239; x_wconf 73' lang='lat' dir='ltr'><strong>Statua:</strong></span> <span class='ocrx_word' id='word_1_161' title='bbox 1163 2181 1376 2252; x_wconf 90' lang='lat' dir='ltr'><strong>quidem</strong></span> <span class='ocrx_word' id='word_1_162' title='bbox 1413 2179 1631 2249; x_wconf 71' lang='lat' dir='ltr'><strong>deiectae</strong></span> <span class='ocrx_word' id='word_1_163' title='bbox 1671 2193 1884 2233; x_wconf 89' lang='lat' dir='ltr'><strong>rursum</strong></span> 
     </span>
    </p>
   </div>
   <div class='ocr_carea' id='block_1_23' title="bbox 306 2271 1886 2346">
    <p class='ocr_par' dir='ltr' id='par_1_23' title="bbox 306 2271 1886 2346">
     <span class='ocr_line' id='line_1_23' title="bbox 306 2271 1886 2346; baseline -0.003 -16"><span class='ocrx_word' id='word_1_164' title='bbox 306 2285 506 2330; x_wconf 76' lang='lat' dir='ltr'><strong>erecta:</strong></span> <span class='ocrx_word' id='word_1_165' title='bbox 546 2273 778 2339; x_wconf 82' lang='lat' dir='ltr'><strong>fuerunt,</strong></span> <span class='ocrx_word' id='word_1_166' title='bbox 805 2285 859 2330; x_wconf 91' lang='lat' dir='ltr'><strong>et</strong></span> <span class='ocrx_word' id='word_1_167' title='bbox 889 2276 1158 2346; x_wconf 87' lang='lat' dir='ltr'><strong>propriam</strong></span> <span class='ocrx_word' id='word_1_168' title='bbox 1199 2281 1516 2344; x_wconf 90' lang='lat' dir='ltr'><strong>receperunt</strong></span> <span class='ocrx_word' id='word_1_169' title='bbox 1557 2271 1804 2335; x_wconf 84' lang='lat' dir='ltr'><strong>formam,</strong></span> <span class='ocrx_word' id='word_1_170' title='bbox 1830 2280 1886 2326; x_wconf 92' lang='lat' dir='ltr'><strong>et</strong></span> 
     </span>
    </p>
   </div>
   <div class='ocr_carea' id='block_1_24' title="bbox 307 2363 1886 2429">
    <p class='ocr_par' dir='ltr' id='par_1_24' title="bbox 307 2363 1886 2429">
     <span class='ocr_line' id='line_1_24' title="bbox 307 2363 1886 2429; baseline -0.003 -9"><span class='ocrx_word' id='word_1_171' title='bbox 307 2367 517 2420; x_wconf 76' lang='lat' dir='ltr'><strong>facinus</strong></span> <span class='ocrx_word' id='word_1_172' title='bbox 535 2367 918 2421; x_wconf 90' lang='lat' dir='ltr'><strong>correctionem</strong></span> <span class='ocrx_word' id='word_1_173' title='bbox 939 2365 1122 2420; x_wconf 85' lang='lat' dir='ltr'><strong>habuit</strong></span> <span class='ocrx_word' id='word_1_174' title='bbox 1141 2364 1504 2429; x_wconf 89' lang='lat' dir='ltr'><strong>celerrimam;</strong></span> <span class='ocrx_word' id='word_1_175' title='bbox 1524 2363 1571 2418; x_wconf 86' lang='lat' dir='ltr'><strong>si</strong></span> <span class='ocrx_word' id='word_1_176' title='bbox 1594 2371 1768 2420; x_wconf 81' lang='lat' dir='ltr'><strong>autem</strong></span> <span class='ocrx_word' id='word_1_177' title='bbox 1788 2375 1886 2416; x_wconf 86' lang='lat' dir='ltr'><strong>vos</strong></span> 
     </span>
    </p>
   </div>
   <div class='ocr_carea' id='block_1_25' title="bbox 311 2450 1887 2526">
    <p class='ocr_par' dir='ltr' id='par_1_25' title="bbox 311 2450 1887 2526">
     <span class='ocr_line' id='line_1_25' title="bbox 311 2450 1887 2526; baseline -0.004 -15"><span class='ocrx_word' id='word_1_178' title='bbox 311 2457 408 2511; x_wconf 89' lang='lat' dir='ltr'><strong>Dei</strong></span> <span class='ocrx_word' id='word_1_179' title='bbox 435 2457 714 2526; x_wconf 78' lang='lat' dir='ltr'><strong>imaginem</strong></span> <span class='ocrx_word' id='word_1_180' title='bbox 743 2455 1045 2511; x_wconf 90' lang='lat' dir='ltr'><strong>occideritis</strong></span> <span class='ocrx_word' id='word_1_181' title='bbox 1069 2495 1086 2522; x_wconf 91' lang='lat'><strong>,</strong></span> <span class='ocrx_word' id='word_1_182' title='bbox 1116 2453 1383 2525; x_wconf 91' lang='lat' dir='ltr'><strong>quomodo</strong></span> <span class='ocrx_word' id='word_1_183' title='bbox 1407 2467 1617 2507; x_wconf 85' lang='lat' dir='ltr'><strong>rursum</strong></span> <span class='ocrx_word' id='word_1_184' title='bbox 1643 2450 1887 2522; x_wconf 89' lang='lat' dir='ltr'><strong>poteritis</strong></span> 
     </span>
    </p>
   </div>
   <div class='ocr_carea' id='block_1_26' title="bbox 310 2539 1883 2615">
    <p class='ocr_par' dir='ltr' id='par_1_26' title="bbox 310 2539 1883 2615">
     <span class='ocr_line' id='line_1_26' title="bbox 310 2539 1883 2615; baseline -0.002 -17"><span class='ocrx_word' id='word_1_185' title='bbox 310 2554 644 2615; x_wconf 88' lang='lat' dir='ltr'><strong>peremptum</strong></span> <span class='ocrx_word' id='word_1_186' title='bbox 673 2544 962 2600; x_wconf 83' lang='lat' dir='ltr'><strong>revocare?</strong></span> <span class='ocrx_word' id='word_1_187' title='bbox 989 2543 1257 2613; x_wconf 92' lang='lat' dir='ltr'><strong>quomodo</strong></span> <span class='ocrx_word' id='word_1_188' title='bbox 1283 2542 1520 2613; x_wconf 90' lang='lat' dir='ltr'><strong>perditos</strong></span> <span class='ocrx_word' id='word_1_189' title='bbox 1547 2539 1883 2606; x_wconf 88' lang='lat' dir='ltr'><strong>resuscitare,</strong></span> 
     </span>
    </p>
   </div>
   <div class='ocr_carea' id='block_1_27' title="bbox 305 2630 1888 2704">
    <p class='ocr_par' dir='ltr' id='par_1_27' title="bbox 305 2630 1888 2704">
     <span class='ocr_line' id='line_1_27' title="bbox 305 2630 1888 2704; baseline -0.004 -14"><span class='ocrx_word' id='word_1_190' title='bbox 305 2643 364 2690; x_wconf 86' lang='lat' dir='ltr'><strong>et</strong></span> <span class='ocrx_word' id='word_1_191' title='bbox 384 2635 589 2690; x_wconf 90' lang='lat' dir='ltr'><strong>animas</strong></span> <span class='ocrx_word' id='word_1_192' title='bbox 604 2635 915 2704; x_wconf 89' lang='lat' dir='ltr'><strong>corporibus</strong></span> <span class='ocrx_word' id='word_1_193' title='bbox 935 2635 1189 2690; x_wconf 81' lang='lat' dir='ltr'><strong>reddere?</strong></span> <span class='ocrx_word' id='word_1_194' title='bbox 1209 2635 1369 2688; x_wconf 80' lang='lat' dir='ltr'><strong>Multa</strong></span> <span class='ocrx_word' id='word_1_195' title='bbox 1390 2642 1443 2688; x_wconf 93' lang='lat' dir='ltr'><strong>et</strong></span> <span class='ocrx_word' id='word_1_196' title='bbox 1457 2633 1524 2687; x_wconf 91' lang='lat' dir='ltr'><strong>de</strong></span> <span class='ocrx_word' id='word_1_197' title='bbox 1540 2631 1738 2702; x_wconf 90' lang='lat' dir='ltr'><strong>judicio</strong></span> <span class='ocrx_word' id='word_1_198' title='bbox 1758 2630 1888 2701; x_wconf 88' lang='lat' dir='ltr'><strong>ipsis</strong></span> 
     </span>
    </p>
   </div>
   <div class='ocr_carea' id='block_1_28' title="bbox 308 2726 631 2782">
    <p class='ocr_par' dir='ltr' id='par_1_28' title="bbox 308 2726 631 2782">
     <span class='ocr_line' id='line_1_28' title="bbox 308 2726 631 2782; baseline 0.003 -1"><span class='ocrx_word' id='word_1_199' title='bbox 308 2726 631 2782; x_wconf 83' lang='lat' dir='ltr'><strong>disseruere.</strong></span> 
     </span>
    </p>
   </div>
   <div class='ocr_carea' id='block_1_29' title="bbox 380 2813 1893 2886">
    <p class='ocr_par' dir='ltr' id='par_1_29' title="bbox 380 2813 1893 2886">
     <span class='ocr_line' id='line_1_29' title="bbox 380 2813 1893 2886; baseline -0.002 -16"><span class='ocrx_word' id='word_1_200' title='bbox 380 2816 439 2870; x_wconf 78' lang='grc'><strong>2.</strong></span> <span class='ocrx_word' id='word_1_201' title='bbox 477 2817 607 2882; x_wconf 87' lang='lat' dir='ltr'><strong>Quis</strong></span> <span class='ocrx_word' id='word_1_202' title='bbox 649 2831 754 2872; x_wconf 93' lang='lat' dir='ltr'><strong>non</strong></span> <span class='ocrx_word' id='word_1_203' title='bbox 787 2816 1223 2886; x_wconf 87' lang='lat' dir='ltr'><strong>obstupesceret?</strong></span> <span class='ocrx_word' id='word_1_204' title='bbox 1249 2813 1365 2885; x_wconf 88' lang='lat' dir='ltr'><strong>quis</strong></span> <span class='ocrx_word' id='word_1_205' title='bbox 1402 2829 1507 2870; x_wconf 91' lang='lat' dir='ltr'><strong>non</strong></span> <span class='ocrx_word' id='word_1_206' title='bbox 1535 2815 1769 2870; x_wconf 90' lang='lat' dir='ltr'><strong>virorum</strong></span> <span class='ocrx_word' id='word_1_207' title='bbox 1801 2828 1893 2868; x_wconf 86' lang='lat' dir='ltr'><strong>sa-</strong></span> 
     </span>
    </p>
   </div>
   <div class='ocr_carea' id='block_1_30' title="bbox 309 2904 1892 2975">
    <p class='ocr_par' dir='ltr' id='par_1_30' title="bbox 309 2904 1892 2975">
     <span class='ocr_line' id='line_1_30' title="bbox 309 2904 1892 2975; baseline -0.001 -17"><span class='ocrx_word' id='word_1_208' title='bbox 309 2905 564 2975; x_wconf 85' lang='lat' dir='ltr'><strong>pientiam</strong></span> <span class='ocrx_word' id='word_1_209' title='bbox 582 2905 968 2960; x_wconf 81' lang='lat' dir='ltr'><strong>admiraretur?</strong></span> <span class='ocrx_word' id='word_1_210' title='bbox 983 2904 1113 2960; x_wconf 82' lang='lat' dir='ltr'><strong>Nam</strong></span> <span class='ocrx_word' id='word_1_211' title='bbox 1139 2905 1183 2959; x_wconf 89' lang='lat' dir='ltr'><strong>si</strong></span> <span class='ocrx_word' id='word_1_212' title='bbox 1203 2904 1443 2975; x_wconf 69' lang='lat' dir='ltr'><strong>quaedam</strong></span> <span class='ocrx_word' id='word_1_213' title='bbox 1459 2905 1476 2936; x_wconf 72' lang='grc' dir='ltr'>ί</span> <span class='ocrx_word' id='word_1_214' title='bbox 1496 2919 1705 2958; x_wconf 90' lang='lat' dir='ltr'><strong>reorum</strong></span> <span class='ocrx_word' id='word_1_215' title='bbox 1721 2912 1892 2957; x_wconf 88' lang='lat' dir='ltr'><strong>mater</strong></span> 
     </span>
    </p>
   </div>
   <div class='ocr_carea' id='block_1_31' title="bbox 309 2991 1892 3066">
    <p class='ocr_par' dir='ltr' id='par_1_31' title="bbox 309 2991 1892 3066">
     <span class='ocr_line' id='line_1_31' title="bbox 309 2991 1892 3066; baseline -0.003 -15"><span class='ocrx_word' id='word_1_216' title='bbox 309 2996 514 3051; x_wconf 88' lang='lat' dir='ltr'><strong>nudato</strong></span> <span class='ocrx_word' id='word_1_217' title='bbox 541 2997 712 3066; x_wconf 90' lang='lat' dir='ltr'><strong>capite</strong></span> <span class='ocrx_word' id='word_1_218' title='bbox 734 3005 788 3052; x_wconf 90' lang='lat' dir='ltr'><strong>et</strong></span> <span class='ocrx_word' id='word_1_219' title='bbox 812 2997 959 3052; x_wconf 87' lang='lat' dir='ltr'><strong>canis</strong></span> <span class='ocrx_word' id='word_1_220' title='bbox 980 2997 1226 3062; x_wconf 91' lang='lat' dir='ltr'><strong>ostensis,</strong></span> <span class='ocrx_word' id='word_1_221' title='bbox 1249 2995 1532 3066; x_wconf 88' lang='lat' dir='ltr'><strong>judicaturi</strong></span> <span class='ocrx_word' id='word_1_222' title='bbox 1555 3009 1747 3065; x_wconf 70' lang='lat' dir='ltr'><strong>equum</strong></span> <span class='ocrx_word' id='word_1_223' title='bbox 1771 2991 1892 3047; x_wconf 70' lang='lat' dir='ltr'><strong>frae-</strong></span> 
     </span>
    </p>
   </div>
   <div class='ocr_carea' id='block_1_32' title="bbox 313 3083 1890 3158">
    <p class='ocr_par' dir='ltr' id='par_1_32' title="bbox 313 3083 1890 3158">
     <span class='ocr_line' id='line_1_32' title="bbox 313 3083 1890 3158; baseline -0.003 -16"><span class='ocrx_word' id='word_1_224' title='bbox 313 3103 385 3142; x_wconf 91' lang='lat' dir='ltr'><strong>no</strong></span> <span class='ocrx_word' id='word_1_225' title='bbox 414 3088 839 3158; x_wconf 89' lang='lat' dir='ltr'><strong>apprehendens,</strong></span> <span class='ocrx_word' id='word_1_226' title='bbox 870 3097 923 3144; x_wconf 91' lang='lat' dir='ltr'><strong>et</strong></span> <span class='ocrx_word' id='word_1_227' title='bbox 949 3103 1044 3158; x_wconf 86' lang='lat' dir='ltr'><strong>per</strong></span> <span class='ocrx_word' id='word_1_228' title='bbox 1066 3087 1237 3143; x_wconf 90' lang='lat' dir='ltr'><strong>forum</strong></span> <span class='ocrx_word' id='word_1_229' title='bbox 1266 3097 1697 3156; x_wconf 69' lang='lat' dir='ltr'><strong>prmtercurrens,</strong></span> <span class='ocrx_word' id='word_1_230' title='bbox 1724 3085 1803 3140; x_wconf 90' lang='lat' dir='ltr'><strong>sic</strong></span> <span class='ocrx_word' id='word_1_231' title='bbox 1825 3083 1890 3138; x_wconf 90' lang='lat' dir='ltr'><strong>ad</strong></span> 
     </span>
    </p>
   </div>
   <div class='ocr_carea' id='block_1_33' title="bbox 308 3175 1893 3250">
    <p class='ocr_par' dir='ltr' id='par_1_33' title="bbox 308 3175 1893 3250">
     <span class='ocr_line' id='line_1_33' title="bbox 308 3175 1893 3250; baseline -0.003 -17"><span class='ocrx_word' id='word_1_232' title='bbox 308 3179 567 3250; x_wconf 78' lang='lat' dir='ltr'><strong>judicium</strong></span> <span class='ocrx_word' id='word_1_233' title='bbox 606 3179 761 3234; x_wconf 91' lang='lat' dir='ltr'><strong>simul</strong></span> <span class='ocrx_word' id='word_1_234' title='bbox 798 3179 1037 3249; x_wconf 87' lang='lat' dir='ltr'><strong>ingressa</strong></span> <span class='ocrx_word' id='word_1_235' title='bbox 1061 3185 1142 3232; x_wconf 90' lang='lat' dir='ltr'><strong>est</strong></span> <span class='ocrx_word' id='word_1_236' title='bbox 1172 3195 1186 3233; x_wconf 92' lang='lat'><strong>:</strong></span> <span class='ocrx_word' id='word_1_237' title='bbox 1215 3191 1400 3232; x_wconf 93' lang='lat' dir='ltr'><strong>omnes</strong></span> <span class='ocrx_word' id='word_1_238' title='bbox 1424 3175 1770 3245; x_wconf 80' lang='lat' dir='ltr'><strong>obstupefacti</strong></span> <span class='ocrx_word' id='word_1_239' title='bbox 1799 3189 1893 3229; x_wconf 91' lang='lat' dir='ltr'><strong>su-</strong></span> 
     </span>
    </p>
   </div>
   <div class='ocr_carea' id='block_1_34' title="bbox 309 3267 1892 3340">
    <p class='ocr_par' dir='ltr' id='par_1_34' title="bbox 309 3267 1892 3340">
     <span class='ocr_line' id='line_1_34' title="bbox 309 3267 1892 3340; baseline -0.004 -14"><span class='ocrx_word' id='word_1_240' title='bbox 309 3286 435 3326; x_wconf 86' lang='lat' dir='ltr'><strong>mus</strong></span> <span class='ocrx_word' id='word_1_241' title='bbox 457 3312 474 3337; x_wconf 90' lang='lat'><strong>,</strong></span> <span class='ocrx_word' id='word_1_242' title='bbox 507 3285 694 3326; x_wconf 90' lang='lat' dir='ltr'><strong>omnes</strong></span> <span class='ocrx_word' id='word_1_243' title='bbox 732 3269 976 3325; x_wconf 89' lang='lat' dir='ltr'><strong>admirati</strong></span> <span class='ocrx_word' id='word_1_244' title='bbox 1003 3269 1254 3340; x_wconf 89' lang='lat' dir='ltr'><strong>pietatem</strong></span> <span class='ocrx_word' id='word_1_245' title='bbox 1282 3278 1334 3324; x_wconf 92' lang='lat' dir='ltr'><strong>et</strong></span> <span class='ocrx_word' id='word_1_246' title='bbox 1367 3267 1848 3338; x_wconf 81' lang='lat' dir='ltr'><strong>magnanimitatem</strong></span> <span class='ocrx_word' id='word_1_247' title='bbox 1877 3283 1892 3321; x_wconf 89' lang='lat'><strong>:</strong></span> 
     </span>
    </p>
   </div>
   <div class='ocr_carea' id='block_1_35' title="bbox 311 3357 1895 3432">
    <p class='ocr_par' dir='ltr' id='par_1_35' title="bbox 311 3357 1895 3432">
     <span class='ocr_line' id='line_1_35' title="bbox 311 3357 1895 3432; baseline -0.003 -17"><span class='ocrx_word' id='word_1_248' title='bbox 311 3361 585 3432; x_wconf 83' lang='lat' dir='ltr'><strong>quomodo</strong></span> <span class='ocrx_word' id='word_1_249' title='bbox 626 3377 732 3415; x_wconf 93' lang='lat' dir='ltr'><strong>non</strong></span> <span class='ocrx_word' id='word_1_250' title='bbox 776 3361 942 3430; x_wconf 82' lang='lat' dir='ltr'><strong>magis</strong></span> <span class='ocrx_word' id='word_1_251' title='bbox 979 3360 1045 3415; x_wconf 90' lang='lat' dir='ltr'><strong>ad</strong></span> <span class='ocrx_word' id='word_1_252' title='bbox 1084 3361 1181 3414; x_wconf 91' lang='lat' dir='ltr'><strong>bos</strong></span> <span class='ocrx_word' id='word_1_253' title='bbox 1226 3357 1602 3430; x_wconf 83' lang='lat' dir='ltr'><strong>obstupescere</strong></span> <span class='ocrx_word' id='word_1_254' title='bbox 1646 3357 1895 3427; x_wconf 83' lang='lat' dir='ltr'><strong>Oportet?</strong></span> 
     </span>
    </p>
   </div>
   <div class='ocr_carea' id='block_1_36' title="bbox 312 3449 1902 3519">
    <p class='ocr_par' dir='ltr' id='par_1_36' title="bbox 312 3449 1902 3519">
     <span class='ocr_line' id='line_1_36' title="bbox 312 3449 1902 3519; baseline -0.004 -12"><span class='ocrx_word' id='word_1_255' title='bbox 312 3453 407 3507; x_wconf 77' lang='lat' dir='ltr'><strong>Illa</strong></span> <span class='ocrx_word' id='word_1_256' title='bbox 433 3451 577 3507; x_wconf 90' lang='lat' dir='ltr'><strong>enim</strong></span> <span class='ocrx_word' id='word_1_257' title='bbox 609 3452 768 3507; x_wconf 90' lang='lat' dir='ltr'><strong>etiam</strong></span> <span class='ocrx_word' id='word_1_258' title='bbox 795 3452 840 3508; x_wconf 91' lang='lat' dir='ltr'><strong>si</strong></span> <span class='ocrx_word' id='word_1_259' title='bbox 867 3460 1075 3506; x_wconf 88' lang='lat' dir='ltr'><strong>mortua</strong></span> <span class='ocrx_word' id='word_1_260' title='bbox 1099 3460 1242 3507; x_wconf 80' lang='lat' dir='ltr'><strong>esset</strong></span> <span class='ocrx_word' id='word_1_261' title='bbox 1272 3466 1366 3519; x_wconf 88' lang='lat' dir='ltr'><strong>pro</strong></span> <span class='ocrx_word' id='word_1_262' title='bbox 1393 3450 1518 3516; x_wconf 83' lang='lat' dir='ltr'><strong>tilio,</strong></span> <span class='ocrx_word' id='word_1_263' title='bbox 1546 3450 1674 3503; x_wconf 85' lang='lat' dir='ltr'><strong>nihil</strong></span> <span class='ocrx_word' id='word_1_264' title='bbox 1701 3449 1902 3503; x_wconf 86' lang='lat' dir='ltr'><strong>miran-</strong></span> 
     </span>
    </p>
   </div>
   <div class='ocr_carea' id='block_1_37' title="bbox 313 3539 1896 3612">
    <p class='ocr_par' dir='ltr' id='par_1_37' title="bbox 313 3539 1896 3612">
     <span class='ocr_line' id='line_1_37' title="bbox 313 3539 1896 3612; baseline -0.003 -16"><span class='ocrx_word' id='word_1_265' title='bbox 313 3541 442 3597; x_wconf 88' lang='lat' dir='ltr'><strong>dum</strong></span> <span class='ocrx_word' id='word_1_266' title='bbox 476 3560 490 3595; x_wconf 91' lang='lat'>:</span> <span class='ocrx_word' id='word_1_267' title='bbox 521 3557 708 3612; x_wconf 88' lang='lat' dir='ltr'><strong>magna</strong></span> <span class='ocrx_word' id='word_1_268' title='bbox 735 3542 878 3597; x_wconf 91' lang='lat' dir='ltr'><strong>enim</strong></span> <span class='ocrx_word' id='word_1_269' title='bbox 913 3549 1113 3596; x_wconf 71' lang='lat' dir='ltr'><strong>naturae</strong></span> <span class='ocrx_word' id='word_1_270' title='bbox 1139 3543 1246 3607; x_wconf 90' lang='lat' dir='ltr'><strong>vis,</strong></span> <span class='ocrx_word' id='word_1_271' title='bbox 1283 3549 1336 3596; x_wconf 90' lang='lat' dir='ltr'><strong>et</strong></span> <span class='ocrx_word' id='word_1_272' title='bbox 1373 3541 1790 3610; x_wconf 82' lang='lat' dir='ltr'><strong>inexpugnabilis</strong></span> <span class='ocrx_word' id='word_1_273' title='bbox 1814 3539 1896 3593; x_wconf 92' lang='lat' dir='ltr'><strong>vi-</strong></span> 
     </span>
    </p>
   </div>
   <div class='ocr_carea' id='block_1_38' title="bbox 313 3633 1898 3703">
    <p class='ocr_par' dir='ltr' id='par_1_38' title="bbox 313 3633 1898 3703">
     <span class='ocr_line' id='line_1_38' title="bbox 313 3633 1898 3703; baseline -0.004 -13"><span class='ocrx_word' id='word_1_274' title='bbox 313 3649 530 3690; x_wconf 84' lang='lat' dir='ltr'><strong>scerum</strong></span> <span class='ocrx_word' id='word_1_275' title='bbox 577 3635 868 3689; x_wconf 87' lang='lat' dir='ltr'><strong>necessitas</strong></span> <span class='ocrx_word' id='word_1_276' title='bbox 897 3652 910 3688; x_wconf 89' lang='lat'>:</span> <span class='ocrx_word' id='word_1_277' title='bbox 939 3633 992 3688; x_wconf 92' lang='lat' dir='ltr'><strong>hi</strong></span> <span class='ocrx_word' id='word_1_278' title='bbox 1018 3648 1145 3690; x_wconf 91' lang='lat' dir='ltr'><strong>vero</strong></span> <span class='ocrx_word' id='word_1_279' title='bbox 1171 3647 1304 3703; x_wconf 90' lang='lat' dir='ltr'><strong>quos</strong></span> <span class='ocrx_word' id='word_1_280' title='bbox 1334 3647 1438 3686; x_wconf 93' lang='lat' dir='ltr'><strong>non</strong></span> <span class='ocrx_word' id='word_1_281' title='bbox 1475 3640 1771 3702; x_wconf 89' lang='lat' dir='ltr'><strong>genuerunt</strong></span> <span class='ocrx_word' id='word_1_282' title='bbox 1799 3644 1898 3686; x_wconf 90' lang='lat' dir='ltr'><strong>nec</strong></span> 
     </span>
    </p>
   </div>
   <div class='ocr_carea' id='block_1_39' title="bbox 312 3725 1896 3794">
    <p class='ocr_par' dir='ltr' id='par_1_39' title="bbox 312 3725 1896 3794">
     <span class='ocr_line' id='line_1_39' title="bbox 312 3725 1896 3794; baseline -0.003 -14"><span class='ocrx_word' id='word_1_283' title='bbox 312 3725 634 3792; x_wconf 84' lang='lat' dir='ltr'><strong>educarunt,</strong></span> <span class='ocrx_word' id='word_1_284' title='bbox 665 3725 770 3779; x_wconf 89' lang='lat' dir='ltr'><strong>imo</strong></span> <span class='ocrx_word' id='word_1_285' title='bbox 795 3741 920 3780; x_wconf 90' lang='lat' dir='ltr'><strong>vero</strong></span> <span class='ocrx_word' id='word_1_286' title='bbox 944 3739 1077 3794; x_wconf 90' lang='lat' dir='ltr'><strong>quos</strong></span> <span class='ocrx_word' id='word_1_287' title='bbox 1103 3741 1209 3778; x_wconf 92' lang='lat' dir='ltr'><strong>non</strong></span> <span class='ocrx_word' id='word_1_288' title='bbox 1237 3729 1519 3788; x_wconf 86' lang='lat' dir='ltr'><strong>noverunt,</strong></span> <span class='ocrx_word' id='word_1_289' title='bbox 1545 3736 1770 3792; x_wconf 89' lang='lat' dir='ltr'><strong>quorum</strong></span> <span class='ocrx_word' id='word_1_290' title='bbox 1797 3735 1896 3776; x_wconf 86' lang='lat' dir='ltr'><strong>no-</strong></span> 
     </span>
    </p>
   </div>
   <div class='ocr_carea' id='block_1_40' title="bbox 313 3809 1898 3882">
    <p class='ocr_par' dir='ltr' id='par_1_40' title="bbox 313 3809 1898 3882">
     <span class='ocr_line' id='line_1_40' title="bbox 313 3809 1898 3882; baseline -0.002 -16"><span class='ocrx_word' id='word_1_291' title='bbox 313 3828 442 3868; x_wconf 82' lang='lat' dir='ltr'><strong>men</strong></span> <span class='ocrx_word' id='word_1_292' title='bbox 470 3827 579 3867; x_wconf 91' lang='lat' dir='ltr'><strong>non</strong></span> <span class='ocrx_word' id='word_1_293' title='bbox 608 3813 906 3877; x_wconf 89' lang='lat' dir='ltr'><strong>audierunt,</strong></span> <span class='ocrx_word' id='word_1_294' title='bbox 936 3814 1247 3882; x_wconf 85' lang='lat' dir='ltr'><strong>quibuscum</strong></span> <span class='ocrx_word' id='word_1_295' title='bbox 1285 3827 1570 3881; x_wconf 87' lang='lat' dir='ltr'><strong>numquam</strong></span> <span class='ocrx_word' id='word_1_296' title='bbox 1601 3809 1898 3866; x_wconf 88' lang='lat' dir='ltr'><strong>conversati</strong></span> 
     </span>
    </p>
   </div>
   <div class='ocr_carea' id='block_1_41' title="bbox 311 3902 1899 3974">
    <p class='ocr_par' dir='ltr' id='par_1_41' title="bbox 311 3902 1899 3974">
     <span class='ocr_line' id='line_1_41' title="bbox 311 3902 1899 3974; baseline -0.003 -15"><span class='ocrx_word' id='word_1_297' title='bbox 311 3913 479 3971; x_wconf 75' lang='lat' dir='ltr'><strong>sunt,</strong></span> <span class='ocrx_word' id='word_1_298' title='bbox 519 3919 655 3974; x_wconf 91' lang='lat' dir='ltr'><strong>quos</strong></span> <span class='ocrx_word' id='word_1_299' title='bbox 689 3920 755 3959; x_wconf 88' lang='lat' dir='ltr'><strong>ex</strong></span> <span class='ocrx_word' id='word_1_300' title='bbox 796 3905 906 3959; x_wconf 90' lang='lat' dir='ltr'><strong>sola</strong></span> <span class='ocrx_word' id='word_1_301' title='bbox 948 3914 1213 3960; x_wconf 88' lang='lat' dir='ltr'><strong>noverunt</strong></span> <span class='ocrx_word' id='word_1_302' title='bbox 1244 3903 1543 3959; x_wconf 84' lang='lat' dir='ltr'><strong>calamitate</strong></span> <span class='ocrx_word' id='word_1_303' title='bbox 1565 3945 1580 3969; x_wconf 93' lang='lat'><strong>,</strong></span> <span class='ocrx_word' id='word_1_304' title='bbox 1615 3902 1666 3956; x_wconf 91' lang='lat' dir='ltr'><strong>in</strong></span> <span class='ocrx_word' id='word_1_305' title='bbox 1698 3909 1899 3956; x_wconf 90' lang='lat' dir='ltr'><strong>tantum</strong></span> 
     </span>
    </p>
   </div>
   <div class='ocr_carea' id='block_1_42' title="bbox 314 3995 1898 4072">
    <p class='ocr_par' dir='ltr' id='par_1_42' title="bbox 314 3995 1898 4072">
     <span class='ocr_line' id='line_1_42' title="bbox 314 3995 1898 4072; baseline -0.003 -22"><span class='ocrx_word' id='word_1_306' title='bbox 314 4005 669 4072; x_wconf 77' lang='lat' dir='ltr'><strong>amaverunt,</strong></span> <span class='ocrx_word' id='word_1_307' title='bbox 697 3999 936 4051; x_wconf 89' lang='lat' dir='ltr'><strong>utetiam</strong></span> <span class='ocrx_word' id='word_1_308' title='bbox 979 3996 1024 4051; x_wconf 90' lang='lat' dir='ltr'><strong>si</strong></span> <span class='ocrx_word' id='word_1_309' title='bbox 1062 3996 1292 4050; x_wconf 81' lang='lat' dir='ltr'><strong>inﬁnitas</strong></span> <span class='ocrx_word' id='word_1_310' title='bbox 1331 3995 1635 4049; x_wconf 89' lang='lat' dir='ltr'><strong>habuissent</strong></span> <span class='ocrx_word' id='word_1_311' title='bbox 1656 3996 1860 4048; x_wconf 85' lang='lat' dir='ltr'><strong>animas</strong></span> <span class='ocrx_word' id='word_1_312' title='bbox 1883 4035 1898 4058; x_wconf 92' lang='lat'><strong>,</strong></span> 
     </span>
    </p>
   </div>
   <div class='ocr_carea' id='block_1_43' title="bbox 316 4081 1902 4156">
    <p class='ocr_par' dir='ltr' id='par_1_43' title="bbox 316 4081 1902 4156">
     <span class='ocr_line' id='line_1_43' title="bbox 316 4081 1902 4156; baseline -0.004 -16"><span class='ocrx_word' id='word_1_313' title='bbox 316 4100 512 4142; x_wconf 82' lang='lat' dir='ltr'><strong>omnes</strong></span> <span class='ocrx_word' id='word_1_314' title='bbox 539 4101 637 4156; x_wconf 93' lang='lat' dir='ltr'><strong>pro</strong></span> <span class='ocrx_word' id='word_1_315' title='bbox 663 4087 872 4140; x_wconf 89' lang='lat' dir='ltr'><strong>illorum</strong></span> <span class='ocrx_word' id='word_1_316' title='bbox 900 4086 1068 4141; x_wconf 87' lang='lat' dir='ltr'><strong>salute</strong></span> <span class='ocrx_word' id='word_1_317' title='bbox 1094 4085 1303 4140; x_wconf 88' lang='lat' dir='ltr'><strong>tradere</strong></span> <span class='ocrx_word' id='word_1_318' title='bbox 1329 4084 1540 4139; x_wconf 83' lang='lat' dir='ltr'><strong>vellent.</strong></span> <span class='ocrx_word' id='word_1_319' title='bbox 1568 4083 1750 4153; x_wconf 86' lang='lat' dir='ltr'><strong>Neque</strong></span> <span class='ocrx_word' id='word_1_320' title='bbox 1773 4081 1902 4136; x_wconf 87' lang='lat' dir='ltr'><strong>mihi</strong></span> 
     </span>
    </p>
   </div>
   <div class='ocr_carea' id='block_1_44' title="bbox 317 4170 1902 4246">
    <p class='ocr_par' dir='ltr' id='par_1_44' title="bbox 317 4170 1902 4246">
     <span class='ocr_line' id='line_1_44' title="bbox 317 4170 1902 4246; baseline -0.004 -16"><span class='ocrx_word' id='word_1_321' title='bbox 317 4175 471 4231; x_wconf 86' lang='lat' dir='ltr'><strong>dicas</strong></span> <span class='ocrx_word' id='word_1_322' title='bbox 495 4176 600 4230; x_wconf 88' lang='lat' dir='ltr'><strong>hoc</strong></span> <span class='ocrx_word' id='word_1_323' title='bbox 627 4175 767 4246; x_wconf 90' lang='lat' dir='ltr'><strong>quod</strong></span> <span class='ocrx_word' id='word_1_324' title='bbox 795 4191 896 4229; x_wconf 94' lang='lat' dir='ltr'><strong>non</strong></span> <span class='ocrx_word' id='word_1_325' title='bbox 919 4175 1140 4245; x_wconf 83' lang='lat' dir='ltr'><strong>jugulati</strong></span> <span class='ocrx_word' id='word_1_326' title='bbox 1165 4175 1293 4237; x_wconf 88' lang='lat' dir='ltr'><strong>sint,</strong></span> <span class='ocrx_word' id='word_1_327' title='bbox 1318 4188 1416 4229; x_wconf 90' lang='lat' dir='ltr'><strong>nec</strong></span> <span class='ocrx_word' id='word_1_328' title='bbox 1441 4173 1747 4242; x_wconf 85' lang='lat' dir='ltr'><strong>sanguinem</strong></span> <span class='ocrx_word' id='word_1_329' title='bbox 1772 4170 1902 4225; x_wconf 69' lang='grc' dir='ltr'>επα-</span> 
     </span>
    </p>
   </div>
   <div class='ocr_carea' id='block_1_45' title="bbox 317 4262 1904 4336">
    <p class='ocr_par' dir='ltr' id='par_1_45' title="bbox 317 4262 1904 4336">
     <span class='ocr_line' id='line_1_45' title="bbox 317 4262 1904 4336; baseline -0.003 -16"><span class='ocrx_word' id='word_1_330' title='bbox 317 4266 535 4330; x_wconf 89' lang='lat' dir='ltr'><strong>derint;</strong></span> <span class='ocrx_word' id='word_1_331' title='bbox 568 4265 662 4319; x_wconf 89' lang='lat' dir='ltr'><strong>sed</strong></span> <span class='ocrx_word' id='word_1_332' title='bbox 693 4265 830 4336; x_wconf 91' lang='lat' dir='ltr'><strong>quod</strong></span> <span class='ocrx_word' id='word_1_333' title='bbox 860 4273 1001 4319; x_wconf 90' lang='lat' dir='ltr'><strong>tanta</strong></span> <span class='ocrx_word' id='word_1_334' title='bbox 1028 4274 1212 4320; x_wconf 90' lang='lat' dir='ltr'><strong>contra</strong></span> <span class='ocrx_word' id='word_1_335' title='bbox 1247 4263 1453 4332; x_wconf 90' lang='lat' dir='ltr'><strong>judices</strong></span> <span class='ocrx_word' id='word_1_336' title='bbox 1483 4263 1559 4317; x_wconf 93' lang='lat' dir='ltr'><strong>usi</strong></span> <span class='ocrx_word' id='word_1_337' title='bbox 1598 4263 1704 4317; x_wconf 90' lang='lat' dir='ltr'><strong>sint</strong></span> <span class='ocrx_word' id='word_1_338' title='bbox 1745 4262 1904 4316; x_wconf 88' lang='lat' dir='ltr'><strong>iiber-</strong></span> 
     </span>
    </p>
   </div>
   <div class='ocr_carea' id='block_1_46' title="bbox 319 4355 1902 4427">
    <p class='ocr_par' dir='ltr' id='par_1_46' title="bbox 319 4355 1902 4427">
     <span class='ocr_line' id='line_1_46' title="bbox 319 4355 1902 4427; baseline -0.002 -15"><span class='ocrx_word' id='word_1_339' title='bbox 319 4367 430 4412; x_wconf 85' lang='lat' dir='ltr'><strong>tate</strong></span> <span class='ocrx_word' id='word_1_340' title='bbox 449 4397 465 4422; x_wconf 90' lang='lat'><strong>,</strong></span> <span class='ocrx_word' id='word_1_341' title='bbox 495 4367 694 4427; x_wconf 86' lang='lat' dir='ltr'><strong>quanta</strong></span> <span class='ocrx_word' id='word_1_342' title='bbox 729 4357 871 4412; x_wconf 91' lang='lat' dir='ltr'><strong>solos</strong></span> <span class='ocrx_word' id='word_1_343' title='bbox 901 4356 968 4412; x_wconf 90' lang='lat' dir='ltr'><strong>de</strong></span> <span class='ocrx_word' id='word_1_344' title='bbox 995 4356 1165 4412; x_wconf 90' lang='lat' dir='ltr'><strong>salute</strong></span> <span class='ocrx_word' id='word_1_345' title='bbox 1203 4371 1296 4410; x_wconf 90' lang='lat' dir='ltr'><strong>sua</strong></span> <span class='ocrx_word' id='word_1_346' title='bbox 1324 4355 1632 4425; x_wconf 88' lang='lat' dir='ltr'><strong>desperatos</strong></span> <span class='ocrx_word' id='word_1_347' title='bbox 1658 4356 1732 4410; x_wconf 91' lang='lat' dir='ltr'><strong>uti</strong></span> <span class='ocrx_word' id='word_1_348' title='bbox 1761 4355 1902 4410; x_wconf 88' lang='lat' dir='ltr'><strong>veri-</strong></span> 
     </span>
    </p>
   </div>
   <div class='ocr_carea' id='block_1_47' title="bbox 320 4445 1905 4502">
    <p class='ocr_par' dir='ltr' id='par_1_47' title="bbox 320 4445 1905 4502">
     <span class='ocr_line' id='line_1_47' title="bbox 320 4445 1905 4502; baseline -0.001 0"><span class='ocrx_word' id='word_1_349' title='bbox 320 4449 498 4502; x_wconf 80' lang='lat' dir='ltr'><strong>simile</strong></span> <span class='ocrx_word' id='word_1_350' title='bbox 540 4447 638 4501; x_wconf 83' lang='lat' dir='ltr'><strong>fuit</strong></span> <span class='ocrx_word' id='word_1_351' title='bbox 677 4463 690 4499; x_wconf 90' lang='lat'><strong>:</strong></span> <span class='ocrx_word' id='word_1_352' title='bbox 731 4456 784 4502; x_wconf 92' lang='lat' dir='ltr'><strong>et</strong></span> <span class='ocrx_word' id='word_1_353' title='bbox 828 4447 919 4501; x_wconf 90' lang='lat' dir='ltr'><strong>tali</strong></span> <span class='ocrx_word' id='word_1_354' title='bbox 959 4461 1079 4500; x_wconf 90' lang='lat' dir='ltr'><strong>cum</strong></span> <span class='ocrx_word' id='word_1_355' title='bbox 1125 4447 1383 4501; x_wconf 89' lang='lat' dir='ltr'><strong>sententia</strong></span> <span class='ocrx_word' id='word_1_356' title='bbox 1425 4446 1491 4501; x_wconf 92' lang='lat' dir='ltr'><strong>de</strong></span> <span class='ocrx_word' id='word_1_357' title='bbox 1529 4447 1797 4501; x_wconf 90' lang='lat' dir='ltr'><strong>montibus</strong></span> <span class='ocrx_word' id='word_1_358' title='bbox 1838 4445 1905 4500; x_wconf 92' lang='lat' dir='ltr'><strong>ad</strong></span> 
     </span>
    </p>
   </div>
   <div class='ocr_carea' id='block_1_48' title="bbox 323 4536 1905 4607">
    <p class='ocr_par' dir='ltr' id='par_1_48' title="bbox 323 4536 1905 4607">
     <span class='ocr_line' id='line_1_48' title="bbox 323 4536 1905 4607; baseline -0.004 -13"><span class='ocrx_word' id='word_1_359' title='bbox 323 4540 560 4594; x_wconf 89' lang='lat' dir='ltr'><strong>tribunal</strong></span> <span class='ocrx_word' id='word_1_360' title='bbox 590 4540 936 4594; x_wconf 91' lang='lat' dir='ltr'><strong>cucurrerint.</strong></span> <span class='ocrx_word' id='word_1_361' title='bbox 965 4539 1072 4593; x_wconf 87' lang='lat' dir='ltr'><strong>Nec</strong></span> <span class='ocrx_word' id='word_1_362' title='bbox 1099 4539 1240 4593; x_wconf 89' lang='lat' dir='ltr'><strong>enim</strong></span> <span class='ocrx_word' id='word_1_363' title='bbox 1272 4538 1372 4592; x_wconf 89' lang='lat' dir='ltr'><strong>nisi</strong></span> <span class='ocrx_word' id='word_1_364' title='bbox 1403 4539 1545 4607; x_wconf 91' lang='lat' dir='ltr'><strong>prius</strong></span> <span class='ocrx_word' id='word_1_365' title='bbox 1570 4551 1628 4593; x_wconf 90' lang='lat' dir='ltr'><strong>se</strong></span> <span class='ocrx_word' id='word_1_366' title='bbox 1654 4536 1768 4592; x_wconf 87' lang='lat' dir='ltr'><strong>neci</strong></span> <span class='ocrx_word' id='word_1_367' title='bbox 1790 4537 1905 4591; x_wconf 90' lang='lat' dir='ltr'><strong>cni-</strong></span> 
     </span>
    </p>
   </div>
   <div class='ocr_carea' id='block_1_49' title="bbox 323 4627 1908 4701">
    <p class='ocr_par' dir='ltr' id='par_1_49' title="bbox 323 4627 1908 4701">
     <span class='ocr_line' id='line_1_49' title="bbox 323 4627 1908 4701; baseline -0.004 -16"><span class='ocrx_word' id='word_1_368' title='bbox 323 4631 454 4686; x_wconf 89' lang='lat' dir='ltr'><strong>libet</strong></span> <span class='ocrx_word' id='word_1_369' title='bbox 478 4640 888 4701; x_wconf 77' lang='lat' dir='ltr'><strong>przeparassent,</strong></span> <span class='ocrx_word' id='word_1_370' title='bbox 914 4639 1018 4684; x_wconf 87' lang='lat' dir='ltr'><strong>tam</strong></span> <span class='ocrx_word' id='word_1_371' title='bbox 1047 4630 1211 4686; x_wconf 88' lang='lat' dir='ltr'><strong>libere</strong></span> <span class='ocrx_word' id='word_1_372' title='bbox 1239 4631 1532 4700; x_wconf 89' lang='lat' dir='ltr'><strong>potuissent</strong></span> <span class='ocrx_word' id='word_1_373' title='bbox 1556 4628 1761 4698; x_wconf 88' lang='lat' dir='ltr'><strong>judices</strong></span> <span class='ocrx_word' id='word_1_374' title='bbox 1784 4627 1908 4681; x_wconf 88' lang='lat' dir='ltr'><strong>allo-</strong></span> 
     </span>
    </p>
   </div>
   <div class='ocr_carea' id='block_1_50' title="bbox 319 4719 1906 4791">
    <p class='ocr_par' dir='ltr' id='par_1_50' title="bbox 319 4719 1906 4791">
     <span class='ocr_line' id='line_1_50' title="bbox 319 4719 1906 4791; baseline -0.001 -18"><span class='ocrx_word' id='word_1_375' title='bbox 319 4721 435 4791; x_wconf 84' lang='lat' dir='ltr'><strong>qui,</strong></span> <span class='ocrx_word' id='word_1_376' title='bbox 461 4730 516 4775; x_wconf 90' lang='lat' dir='ltr'><strong>et</strong></span> <span class='ocrx_word' id='word_1_377' title='bbox 536 4729 736 4775; x_wconf 84' lang='lat' dir='ltr'><strong>tantam</strong></span> <span class='ocrx_word' id='word_1_378' title='bbox 763 4730 887 4776; x_wconf 93' lang='lat' dir='ltr'><strong>tunc</strong></span> <span class='ocrx_word' id='word_1_379' title='bbox 905 4721 1153 4776; x_wconf 85' lang='lat' dir='ltr'><strong>exhibere</strong></span> <span class='ocrx_word' id='word_1_380' title='bbox 1174 4719 1656 4790; x_wconf 88' lang='lat' dir='ltr'><strong>magnanimitatem</strong></span> <span class='ocrx_word' id='word_1_381' title='bbox 1676 4735 1689 4771; x_wconf 88' lang='lat'><strong>:</strong></span> <span class='ocrx_word' id='word_1_382' title='bbox 1709 4720 1906 4772; x_wconf 89' lang='lat' dir='ltr'><strong>etenim</strong></span> 
     </span>
    </p>
   </div>
   <div class='ocr_carea' id='block_1_51' title="bbox 319 4810 1907 4883">
    <p class='ocr_par' dir='ltr' id='par_1_51' title="bbox 319 4810 1907 4883">
     <span class='ocr_line' id='line_1_51' title="bbox 319 4810 1907 4883; baseline -0.002 -16"><span class='ocrx_word' id='word_1_383' title='bbox 319 4823 452 4868; x_wconf 71' lang='lat' dir='ltr'><strong>ante</strong></span> <span class='ocrx_word' id='word_1_384' title='bbox 480 4813 716 4883; x_wconf 67' lang='lat' dir='ltr'><strong>prmtorii</strong></span> <span class='ocrx_word' id='word_1_385' title='bbox 739 4815 928 4883; x_wconf 90' lang='lat' dir='ltr'><strong>januas</strong></span> <span class='ocrx_word' id='word_1_386' title='bbox 958 4822 1097 4868; x_wconf 91' lang='lat' dir='ltr'><strong>totos</strong></span> <span class='ocrx_word' id='word_1_387' title='bbox 1125 4813 1240 4867; x_wconf 90' lang='lat' dir='ltr'><strong>dies</strong></span> <span class='ocrx_word' id='word_1_388' title='bbox 1267 4812 1490 4882; x_wconf 89' lang='lat' dir='ltr'><strong>agebant</strong></span> <span class='ocrx_word' id='word_1_389' title='bbox 1517 4810 1783 4877; x_wconf 87' lang='lat' dir='ltr'><strong>sedentes,</strong></span> <span class='ocrx_word' id='word_1_390' title='bbox 1815 4811 1907 4865; x_wconf 86' lang='lat' dir='ltr'><strong>ab-</strong></span> 
     </span>
    </p>
   </div>
   <div class='ocr_carea' id='block_1_52' title="bbox 321 4901 1752 4971">
    <p class='ocr_par' dir='ltr' id='par_1_52' title="bbox 321 4901 1752 4971">
     <span class='ocr_line' id='line_1_52' title="bbox 321 4901 1752 4971; baseline -0.001 -13"><span class='ocrx_word' id='word_1_391' title='bbox 321 4903 601 4958; x_wconf 82' lang='lat' dir='ltr'><strong>ducendos</strong></span> <span class='ocrx_word' id='word_1_392' title='bbox 629 4903 697 4958; x_wconf 89' lang='lat' dir='ltr'><strong>de</strong></span> <span class='ocrx_word' id='word_1_393' title='bbox 727 4904 1032 4958; x_wconf 81' lang='lat' dir='ltr'><strong>carnificum</strong></span> <span class='ocrx_word' id='word_1_394' title='bbox 1063 4903 1303 4958; x_wconf 88' lang='lat' dir='ltr'><strong>manibus</strong></span> <span class='ocrx_word' id='word_1_395' title='bbox 1330 4902 1537 4971; x_wconf 88' lang='lat' dir='ltr'><strong>eripere</strong></span> <span class='ocrx_word' id='word_1_396' title='bbox 1563 4901 1752 4971; x_wconf 90' lang='lat' dir='ltr'><strong>parati.</strong></span> 
     </span>
    </p>
   </div>
   <div class='ocr_carea' id='block_1_53' title="bbox 403 4992 1904 5063">
    <p class='ocr_par' dir='ltr' id='par_1_53' title="bbox 403 4992 1904 5063">
     <span class='ocr_line' id='line_1_53' title="bbox 403 4992 1904 5063; baseline -0.003 -16"><span class='ocrx_word' id='word_1_397' title='bbox 403 4994 591 5048; x_wconf 82' lang='lat' dir='ltr'><strong>Omnes</strong></span> <span class='ocrx_word' id='word_1_398' title='bbox 621 4994 906 5063; x_wconf 81' lang='lat' dir='ltr'><strong>philosophi</strong></span> <span class='ocrx_word' id='word_1_399' title='bbox 939 4994 1110 5048; x_wconf 84' lang='lat' dir='ltr'><strong>urbem</strong></span> <span class='ocrx_word' id='word_1_400' title='bbox 1148 4994 1200 5047; x_wconf 87' lang='lat' dir='ltr'><strong>in</strong></span> <span class='ocrx_word' id='word_1_401' title='bbox 1238 4992 1524 5048; x_wconf 78' lang='lat' dir='ltr'><strong>calamitate</strong></span> <span class='ocrx_word' id='word_1_402' title='bbox 1560 4993 1904 5046; x_wconf 81' lang='lat' dir='ltr'><strong>deseruerunt.</strong></span> 
     </span>
    </p>
   </div>
   <div class='ocr_carea' id='block_1_54' title="bbox 317 5083 1909 5158">
    <p class='ocr_par' dir='ltr' id='par_1_54' title="bbox 317 5083 1909 5158">
     <span class='ocr_line' id='line_1_54' title="bbox 317 5083 1909 5158; baseline -0.003 -17"><span class='ocrx_word' id='word_1_403' title='bbox 317 5115 398 5126; x_wconf 91' lang='lat'><strong><em>—</em></strong></span> <span class='ocrx_word' id='word_1_404' title='bbox 420 5084 518 5141; x_wconf 82' lang='lat' dir='ltr'><strong>Ubi</strong></span> <span class='ocrx_word' id='word_1_405' title='bbox 544 5100 683 5140; x_wconf 92' lang='lat' dir='ltr'><strong>nunc</strong></span> <span class='ocrx_word' id='word_1_406' title='bbox 704 5094 828 5142; x_wconf 87' lang='lat' dir='ltr'><strong>sunt</strong></span> <span class='ocrx_word' id='word_1_407' title='bbox 849 5085 999 5156; x_wconf 90' lang='lat' dir='ltr'><strong>pallia</strong></span> <span class='ocrx_word' id='word_1_408' title='bbox 1025 5094 1309 5158; x_wconf 80' lang='lat' dir='ltr'><strong>gestantes.</strong></span> <span class='ocrx_word' id='word_1_409' title='bbox 1331 5093 1384 5140; x_wconf 89' lang='lat' dir='ltr'><strong>et</strong></span> <span class='ocrx_word' id='word_1_410' title='bbox 1407 5083 1716 5155; x_wconf 84' lang='lat' dir='ltr'><strong>profundam</strong></span> <span class='ocrx_word' id='word_1_411' title='bbox 1737 5092 1909 5139; x_wconf 90' lang='lat' dir='ltr'><strong>osten-</strong></span> 
     </span>
    </p>
   </div>
   <div class='ocr_carea' id='block_1_55' title="bbox 319 5174 1908 5240">
    <p class='ocr_par' dir='ltr' id='par_1_55' title="bbox 319 5174 1908 5240">
     <span class='ocr_line' id='line_1_55' title="bbox 319 5174 1908 5240; baseline 0.001 -14"><span class='ocrx_word' id='word_1_412' title='bbox 319 5184 504 5229; x_wconf 83' lang='lat' dir='ltr'><strong>tantes</strong></span> <span class='ocrx_word' id='word_1_413' title='bbox 527 5174 762 5239; x_wconf 88' lang='lat' dir='ltr'><strong>barbam,</strong></span> <span class='ocrx_word' id='word_1_414' title='bbox 786 5185 841 5230; x_wconf 92' lang='lat' dir='ltr'><strong>et</strong></span> <span class='ocrx_word' id='word_1_415' title='bbox 859 5176 1074 5230; x_wconf 86' lang='lat' dir='ltr'><strong>baculos</strong></span> <span class='ocrx_word' id='word_1_416' title='bbox 1093 5175 1273 5231; x_wconf 80' lang='lat' dir='ltr'><strong>dextra</strong></span> <span class='ocrx_word' id='word_1_417' title='bbox 1296 5175 1543 5240; x_wconf 84' lang='lat' dir='ltr'><strong>ferentes,</strong></span> <span class='ocrx_word' id='word_1_418' title='bbox 1567 5184 1908 5231; x_wconf 87' lang='lat' dir='ltr'><strong>externorum</strong></span> 
     </span>
    </p>
   </div>
   <div class='ocr_carea' id='block_1_56' title="bbox 319 5264 1908 5337">
    <p class='ocr_par' dir='ltr' id='par_1_56' title="bbox 319 5264 1908 5337">
     <span class='ocr_line' id='line_1_56' title="bbox 319 5264 1908 5337; baseline 0.002 -20"><span class='ocrx_word' id='word_1_419' title='bbox 319 5264 669 5335; x_wconf 87' lang='lat' dir='ltr'><strong>philosophi,</strong></span> <span class='ocrx_word' id='word_1_420' title='bbox 723 5267 904 5337; x_wconf 85' lang='lat' dir='ltr'><strong>cynica</strong></span> <span class='ocrx_word' id='word_1_421' title='bbox 953 5266 1189 5336; x_wconf 90' lang='lat' dir='ltr'><strong>piacula,</strong></span> <span class='ocrx_word' id='word_1_422' title='bbox 1231 5266 1654 5322; x_wconf 88' lang='lat' dir='ltr'><strong>submensalibus</strong></span> <span class='ocrx_word' id='word_1_423' title='bbox 1691 5267 1908 5321; x_wconf 90' lang='lat' dir='ltr'><strong>canibus</strong></span> 
     </span>
    </p>
   </div>
   <div class='ocr_carea' id='block_1_57' title="bbox 317 5354 1906 5428">
    <p class='ocr_par' dir='ltr' id='par_1_57' title="bbox 317 5354 1906 5428">
     <span class='ocr_line' id='line_1_57' title="bbox 317 5354 1906 5428; baseline 0.001 -18"><span class='ocrx_word' id='word_1_424' title='bbox 317 5355 631 5420; x_wconf 80' lang='lat' dir='ltr'><strong>inferiores,</strong></span> <span class='ocrx_word' id='word_1_425' title='bbox 665 5358 969 5428; x_wconf 86' lang='lat' dir='ltr'><strong>ventrisque</strong></span> <span class='ocrx_word' id='word_1_426' title='bbox 997 5370 1153 5412; x_wconf 90' lang='lat' dir='ltr'><strong>causa</strong></span> <span class='ocrx_word' id='word_1_427' title='bbox 1181 5367 1368 5413; x_wconf 91' lang='lat' dir='ltr'><strong>cuncta</strong></span> <span class='ocrx_word' id='word_1_428' title='bbox 1395 5355 1684 5412; x_wconf 79' lang='lat' dir='ltr'><strong>facientes?</strong></span> <span class='ocrx_word' id='word_1_429' title='bbox 1710 5354 1906 5411; x_wconf 89' lang='lat' dir='ltr'><strong>Omnes</strong></span> 
     </span>
    </p>
   </div>
   <div class='ocr_carea' id='block_1_58' title="bbox 405 5529 1904 5594">
    <p class='ocr_par' dir='ltr' id='par_1_58' title="bbox 405 5529 1904 5594">
     <span class='ocr_line' id='line_1_58' title="bbox 405 5529 1904 5594; baseline 0.001 -13"><span class='ocrx_word' id='word_1_430' title='bbox 405 5529 428 5575; x_wconf 83' lang='lat'><strong>‘.’</strong></span> <span class='ocrx_word' id='word_1_431' title='bbox 448 5541 667 5585; x_wconf 69' lang='lat' dir='ltr'><strong>rmusse</strong></span> <span class='ocrx_word' id='word_1_432' title='bbox 707 5536 891 5586; x_wconf 86' lang='lat' dir='ltr'><strong>rectius</strong></span> <span class='ocrx_word' id='word_1_433' title='bbox 924 5538 994 5586; x_wconf 82' lang='lat' dir='ltr'><strong>sic</strong></span> <span class='ocrx_word' id='word_1_434' title='bbox 1024 5534 1378 5584; x_wconf 82' lang='lat' dir='ltr'><strong>instauraretur</strong></span> <span class='ocrx_word' id='word_1_435' title='bbox 1423 5531 1645 5594; x_wconf 71' lang='lat' dir='ltr'><strong>phrasis:</strong></span> <span class='ocrx_word' id='word_1_436' title='bbox 1676 5540 1794 5582; x_wconf 68' lang='lat' dir='ltr'><strong>Nunt</strong></span> <span class='ocrx_word' id='word_1_437' title='bbox 1835 5531 1904 5588; x_wconf 78' lang='lat' dir='ltr'><strong>si.</strong></span> 
     </span>
    </p>
   </div>
   <div class='ocr_carea' id='block_1_59' title="bbox 313 5605 832 5655">
    <p class='ocr_par' dir='ltr' id='par_1_59' title="bbox 313 5605 832 5655">
     <span class='ocr_line' id='line_1_59' title="bbox 313 5605 832 5655; baseline 0 -9"><span class='ocrx_word' id='word_1_438' title='bbox 313 5609 444 5646; x_wconf 73' lang='lat' dir='ltr'><strong>rum</strong></span> <span class='ocrx_word' id='word_1_439' title='bbox 466 5609 709 5655; x_wconf 68' lang='lat' dir='ltr'><strong>quanam,</strong></span> <span class='ocrx_word' id='word_1_440' title='bbox 737 5605 832 5648; x_wconf 86' lang='lat' dir='ltr'><strong>etc.</strong></span> 
     </span>
    </p>
   </div>
   <div class='ocr_carea' id='block_1_60' title="bbox 400 5653 1384 5722">
    <p class='ocr_par' dir='ltr' id='par_1_60' title="bbox 400 5653 1384 5722">
     <span class='ocr_line' id='line_1_60' title="bbox 400 5653 1384 5722; baseline -0.004 -15"><span class='ocrx_word' id='word_1_441' title='bbox 400 5653 580 5719; x_wconf 60' lang='lat' dir='ltr'><strong>(a)}tic</strong></span> <span class='ocrx_word' id='word_1_442' title='bbox 595 5653 754 5722; x_wconf 67' lang='lat' dir='ltr'><strong>agitur</strong></span> <span class='ocrx_word' id='word_1_443' title='bbox 776 5659 842 5710; x_wconf 82' lang='lat' dir='ltr'><strong>de</strong></span> <span class='ocrx_word' id='word_1_444' title='bbox 863 5657 1132 5709; x_wconf 69' lang='lat' dir='ltr'><strong>Macedonio</strong></span> <span class='ocrx_word' id='word_1_445' title='bbox 1154 5653 1384 5706; x_wconf 64' lang='lat' dir='ltr'><strong>monac!»</strong></span> 
     </span>
    </p>
   </div>
   <div class='ocr_carea' id='block_1_61' title="bbox 1036 274 3547 346">
    <p class='ocr_par' dir='ltr' id='par_1_61' title="bbox 1036 274 3547 346">
     <span class='ocr_line' id='line_1_61' title="bbox 1036 274 3547 346; baseline 0.007 -17"><span class='ocrx_word' id='word_1_446' title='bbox 1036 275 1128 330; x_wconf 82' lang='lat' dir='ltr'><strong>AD</strong></span> <span class='ocrx_word' id='word_1_447' title='bbox 1165 274 1485 332; x_wconf 74' lang='lat' dir='ltr'><strong>POPUI.UM</strong></span> <span class='ocrx_word' id='word_1_448' title='bbox 1524 274 2009 333; x_wconf 74' lang='lat' dir='ltr'><strong>ANTIOCIIENUM</strong></span> <span class='ocrx_word' id='word_1_449' title='bbox 2072 278 2302 336; x_wconf 79' lang='lat' dir='ltr'><strong>HOMIL.</strong></span> <span class='ocrx_word' id='word_1_450' title='bbox 2342 279 2507 337; x_wconf 76' lang='lat' dir='ltr'><strong>XVII.</strong></span> <span class='ocrx_word' id='word_1_451' title='bbox 3452 290 3547 346; x_wconf 71' lang='grc'><strong>174</strong></span> 
     </span>
    </p>
   </div>
   <div class='ocr_carea' id='block_1_62' title="bbox 1977 391 3546 460">
    <p class='ocr_par' dir='ltr' id='par_1_62' title="bbox 1977 391 3546 460">
     <span class='ocr_line' id='line_1_62' title="bbox 1977 391 3546 460; baseline 0.006 -16"><span class='ocrx_word' id='word_1_452' title='bbox 1977 399 2100 444; x_wconf 90' lang='lat' dir='ltr'><strong>tunc</strong></span> <span class='ocrx_word' id='word_1_453' title='bbox 2125 391 2390 448; x_wconf 89' lang='lat' dir='ltr'><strong>civitatem</strong></span> <span class='ocrx_word' id='word_1_454' title='bbox 2419 391 2784 456; x_wconf 88' lang='lat' dir='ltr'><strong>deseruerunt.</strong></span> <span class='ocrx_word' id='word_1_455' title='bbox 2813 396 3113 452; x_wconf 88' lang='lat' dir='ltr'><strong>resillerunt</strong></span> <span class='ocrx_word' id='word_1_456' title='bbox 3139 413 3346 460; x_wconf 89' lang='lat' dir='ltr'><strong>omnes.</strong></span> <span class='ocrx_word' id='word_1_457' title='bbox 3376 400 3427 454; x_wconf 88' lang='lat' dir='ltr'><strong>in</strong></span> <span class='ocrx_word' id='word_1_458' title='bbox 3457 417 3546 454; x_wconf 85' lang='lat' dir='ltr'><strong>ca-</strong></span> 
     </span>
    </p>
   </div>
   <div class='ocr_carea' id='block_1_63' title="bbox 1974 481 3550 560">
    <p class='ocr_par' dir='ltr' id='par_1_63' title="bbox 1974 481 3550 560">
     <span class='ocr_line' id='line_1_63' title="bbox 1974 481 3550 560; baseline 0.008 -28"><span class='ocrx_word' id='word_1_459' title='bbox 1974 494 2164 535; x_wconf 87' lang='lat' dir='ltr'><strong>vernas</strong></span> <span class='ocrx_word' id='word_1_460' title='bbox 2192 481 2388 536; x_wconf 89' lang='lat' dir='ltr'><strong>conditi</strong></span> <span class='ocrx_word' id='word_1_461' title='bbox 2417 491 2573 548; x_wconf 88' lang='lat' dir='ltr'><strong>sunt;</strong></span> <span class='ocrx_word' id='word_1_462' title='bbox 2599 483 2697 537; x_wconf 91' lang='lat' dir='ltr'><strong>soli</strong></span> <span class='ocrx_word' id='word_1_463' title='bbox 2723 499 2848 540; x_wconf 89' lang='lat' dir='ltr'><strong>vero</strong></span> <span class='ocrx_word' id='word_1_464' title='bbox 2873 486 2959 553; x_wconf 90' lang='lat' dir='ltr'><strong>qui</strong></span> <span class='ocrx_word' id='word_1_465' title='bbox 2985 501 3079 556; x_wconf 85' lang='lat' dir='ltr'><strong>per</strong></span> <span class='ocrx_word' id='word_1_466' title='bbox 3101 504 3258 557; x_wconf 88' lang='lat' dir='ltr'><strong>opera</strong></span> <span class='ocrx_word' id='word_1_467' title='bbox 3288 505 3409 545; x_wconf 85' lang='lat' dir='ltr'><strong>vere</strong></span> <span class='ocrx_word' id='word_1_468' title='bbox 3436 490 3550 560; x_wconf 87' lang='lat' dir='ltr'><strong>phi—</strong></span> 
     </span>
    </p>
   </div>
   <div class='ocr_carea' id='block_1_64' title="bbox 1977 572 3548 642">
    <p class='ocr_par' dir='ltr' id='par_1_64' title="bbox 1977 572 3548 642">
     <span class='ocr_line' id='line_1_64' title="bbox 1977 572 3548 642; baseline 0.005 -16"><span class='ocrx_word' id='word_1_469' title='bbox 1977 572 2270 642; x_wconf 86' lang='lat' dir='ltr'><strong>losophiam</strong></span> <span class='ocrx_word' id='word_1_470' title='bbox 2297 573 2582 640; x_wconf 79' lang='lat' dir='ltr'><strong>exhibent,</strong></span> <span class='ocrx_word' id='word_1_471' title='bbox 2615 591 2676 630; x_wconf 88' lang='lat' dir='ltr'><strong>ac</strong></span> <span class='ocrx_word' id='word_1_472' title='bbox 2715 575 2760 630; x_wconf 91' lang='lat' dir='ltr'><strong>si</strong></span> <span class='ocrx_word' id='word_1_473' title='bbox 2808 577 3006 631; x_wconf 90' lang='lat' dir='ltr'><strong>nullum</strong></span> <span class='ocrx_word' id='word_1_474' title='bbox 3044 579 3307 635; x_wconf 86' lang='lat' dir='ltr'><strong>civitatem</strong></span> <span class='ocrx_word' id='word_1_475' title='bbox 3352 581 3548 635; x_wconf 90' lang='lat' dir='ltr'><strong>malum</strong></span> 
     </span>
    </p>
   </div>
   <div class='ocr_carea' id='block_1_65' title="bbox 1978 663 3550 739">
    <p class='ocr_par' dir='ltr' id='par_1_65' title="bbox 1978 663 3550 739">
     <span class='ocr_line' id='line_1_65' title="bbox 1978 663 3550 739; baseline 0.005 -22"><span class='ocrx_word' id='word_1_476' title='bbox 1978 663 2506 732; x_wconf 88' lang='lat' dir='ltr'><strong>comprehendisset,</strong></span> <span class='ocrx_word' id='word_1_477' title='bbox 2537 667 2612 721; x_wconf 90' lang='lat' dir='ltr'><strong>sic</strong></span> <span class='ocrx_word' id='word_1_478' title='bbox 2651 667 2908 736; x_wconf 88' lang='lat' dir='ltr'><strong>intrepide</strong></span> <span class='ocrx_word' id='word_1_479' title='bbox 2939 669 2990 722; x_wconf 94' lang='lat' dir='ltr'><strong>in</strong></span> <span class='ocrx_word' id='word_1_480' title='bbox 3031 667 3145 724; x_wconf 85' lang='lat' dir='ltr'><strong>foro</strong></span> <span class='ocrx_word' id='word_1_481' title='bbox 3177 681 3550 739; x_wconf 89' lang='lat' dir='ltr'><strong>apparuerunt.</strong></span> 
     </span>
    </p>
   </div>
   <div class='ocr_carea' id='block_1_66' title="bbox 1979 753 3549 825">
    <p class='ocr_par' dir='ltr' id='par_1_66' title="bbox 1979 753 3549 825">
     <span class='ocr_line' id='line_1_66' title="bbox 1979 753 3549 825; baseline 0.003 -18"><span class='ocrx_word' id='word_1_482' title='bbox 1979 753 2046 807; x_wconf 83' lang='lat' dir='ltr'><strong>Et</strong></span> <span class='ocrx_word' id='word_1_483' title='bbox 2085 754 2269 809; x_wconf 88' lang='lat' dir='ltr'><strong>urbem</strong></span> <span class='ocrx_word' id='word_1_484' title='bbox 2311 756 2521 825; x_wconf 88' lang='lat' dir='ltr'><strong>quidem</strong></span> <span class='ocrx_word' id='word_1_485' title='bbox 2565 756 2894 824; x_wconf 88' lang='lat' dir='ltr'><strong>habitantes,</strong></span> <span class='ocrx_word' id='word_1_486' title='bbox 2923 758 2986 812; x_wconf 90' lang='lat' dir='ltr'><strong>ad</strong></span> <span class='ocrx_word' id='word_1_487' title='bbox 3018 770 3223 815; x_wconf 86' lang='lat' dir='ltr'><strong>montes</strong></span> <span class='ocrx_word' id='word_1_488' title='bbox 3255 770 3308 815; x_wconf 90' lang='lat' dir='ltr'><strong>et</strong></span> <span class='ocrx_word' id='word_1_489' title='bbox 3343 761 3549 815; x_wconf 83' lang='lat' dir='ltr'><strong>deserta</strong></span> 
     </span>
    </p>
   </div>
   <div class='ocr_carea' id='block_1_67' title="bbox 1980 844 3553 922">
    <p class='ocr_par' dir='ltr' id='par_1_67' title="bbox 1980 844 3553 922">
     <span class='ocr_line' id='line_1_67' title="bbox 1980 844 3553 922; baseline 0.007 -27"><span class='ocrx_word' id='word_1_490' title='bbox 1980 844 2352 912; x_wconf 85' lang='lat' dir='ltr'><strong>avolaverunt;</strong></span> <span class='ocrx_word' id='word_1_491' title='bbox 2397 847 2563 903; x_wconf 90' lang='lat' dir='ltr'><strong>eremi</strong></span> <span class='ocrx_word' id='word_1_492' title='bbox 2609 864 2734 903; x_wconf 91' lang='lat' dir='ltr'><strong>vero</strong></span> <span class='ocrx_word' id='word_1_493' title='bbox 2780 850 2965 904; x_wconf 73' lang='lat' dir='ltr'><strong>incolae</strong></span> <span class='ocrx_word' id='word_1_494' title='bbox 3009 851 3059 905; x_wconf 93' lang='lat' dir='ltr'><strong>in</strong></span> <span class='ocrx_word' id='word_1_495' title='bbox 3110 851 3292 906; x_wconf 87' lang='lat' dir='ltr'><strong>urbem</strong></span> <span class='ocrx_word' id='word_1_496' title='bbox 3337 851 3553 922; x_wconf 83' lang='lat' dir='ltr'><strong>ingressi</strong></span> 
     </span>
    </p>
   </div>
   <div class='ocr_carea' id='block_1_68' title="bbox 1983 936 3555 1011">
    <p class='ocr_par' dir='ltr' id='par_1_68' title="bbox 1983 936 3555 1011">
     <span class='ocr_line' id='line_1_68' title="bbox 1983 936 3555 1011; baseline 0.006 -24"><span class='ocrx_word' id='word_1_497' title='bbox 1983 944 2139 998; x_wconf 83' lang='lat' dir='ltr'><strong>sunt,</strong></span> <span class='ocrx_word' id='word_1_498' title='bbox 2171 951 2262 1006; x_wconf 90' lang='lat' dir='ltr'><strong>per</strong></span> <span class='ocrx_word' id='word_1_499' title='bbox 2288 936 2400 1006; x_wconf 90' lang='lat' dir='ltr'><strong>ipsa</strong></span> <span class='ocrx_word' id='word_1_500' title='bbox 2430 937 2854 995; x_wconf 89' lang='lat' dir='ltr'><strong>demonstrantes</strong></span> <span class='ocrx_word' id='word_1_501' title='bbox 2878 956 3037 1010; x_wconf 90' lang='lat' dir='ltr'><strong>opera</strong></span> <span class='ocrx_word' id='word_1_502' title='bbox 3073 956 3164 995; x_wconf 89' lang='lat' dir='ltr'><strong>sua</strong></span> <span class='ocrx_word' id='word_1_503' title='bbox 3186 983 3201 1008; x_wconf 89' lang='lat'><strong>,</strong></span> <span class='ocrx_word' id='word_1_504' title='bbox 3229 941 3370 1011; x_wconf 89' lang='lat' dir='ltr'><strong>quod</strong></span> <span class='ocrx_word' id='word_1_505' title='bbox 3397 957 3555 1010; x_wconf 88' lang='lat' dir='ltr'><strong>supe-</strong></span> 
     </span>
    </p>
   </div>
   <div class='ocr_carea' id='block_1_69' title="bbox 1984 1024 3556 1099">
    <p class='ocr_par' dir='ltr' id='par_1_69' title="bbox 1984 1024 3556 1099">
     <span class='ocr_line' id='line_1_69' title="bbox 1984 1024 3556 1099; baseline 0.004 -22"><span class='ocrx_word' id='word_1_506' title='bbox 1984 1024 2210 1079; x_wconf 90' lang='lat' dir='ltr'><strong>rioribus</strong></span> <span class='ocrx_word' id='word_1_507' title='bbox 2231 1025 2416 1081; x_wconf 89' lang='lat' dir='ltr'><strong>diebus</strong></span> <span class='ocrx_word' id='word_1_508' title='bbox 2445 1043 2549 1082; x_wconf 92' lang='lat' dir='ltr'><strong>non</strong></span> <span class='ocrx_word' id='word_1_509' title='bbox 2577 1027 2755 1084; x_wconf 89' lang='lat' dir='ltr'><strong>destiti</strong></span> <span class='ocrx_word' id='word_1_510' title='bbox 2780 1030 2978 1093; x_wconf 88' lang='lat' dir='ltr'><strong>dicere,</strong></span> <span class='ocrx_word' id='word_1_511' title='bbox 3008 1046 3196 1099; x_wconf 90' lang='lat' dir='ltr'><strong>nempe</strong></span> <span class='ocrx_word' id='word_1_512' title='bbox 3221 1045 3340 1084; x_wconf 91' lang='lat' dir='ltr'><strong>cum</strong></span> <span class='ocrx_word' id='word_1_513' title='bbox 3367 1031 3556 1084; x_wconf 89' lang='lat' dir='ltr'><strong>virtute</strong></span> 
     </span>
    </p>
   </div>
   <div class='ocr_carea' id='block_1_70' title="bbox 1995 1108 3554 1183">
    <p class='ocr_par' dir='ltr' id='par_1_70' title="bbox 1995 1108 3554 1183">
     <span class='ocr_line' id='line_1_70' title="bbox 1995 1108 3554 1183; baseline 0.005 -22"><span class='ocrx_word' id='word_1_514' title='bbox 1995 1110 2262 1162; x_wconf 90' lang='lat' dir='ltr'><strong>viventem</strong></span> <span class='ocrx_word' id='word_1_515' title='bbox 2299 1123 2472 1177; x_wconf 91' lang='lat' dir='ltr'><strong>neque</strong></span> <span class='ocrx_word' id='word_1_516' title='bbox 2501 1108 2775 1162; x_wconf 91' lang='lat' dir='ltr'><strong>fornacem</strong></span> <span class='ocrx_word' id='word_1_517' title='bbox 2804 1111 3100 1180; x_wconf 90' lang='lat' dir='ltr'><strong>quidquam</strong></span> <span class='ocrx_word' id='word_1_518' title='bbox 3131 1115 3319 1168; x_wconf 74' lang='lat' dir='ltr'><strong>laedere</strong></span> <span class='ocrx_word' id='word_1_519' title='bbox 3347 1129 3506 1183; x_wconf 91' lang='lat' dir='ltr'><strong>posse</strong></span> <span class='ocrx_word' id='word_1_520' title='bbox 3539 1131 3554 1169; x_wconf 87' lang='lat'><strong>:</strong></span> 
     </span>
    </p>
   </div>
   <div class='ocr_carea' id='block_1_71' title="bbox 1994 1199 3556 1268">
    <p class='ocr_par' dir='ltr' id='par_1_71' title="bbox 1994 1199 3556 1268">
     <span class='ocr_line' id='line_1_71' title="bbox 1994 1199 3556 1268; baseline 0.004 -17"><span class='ocrx_word' id='word_1_521' title='bbox 1994 1207 2143 1253; x_wconf 90' lang='lat' dir='ltr'><strong>tanto</strong></span> <span class='ocrx_word' id='word_1_522' title='bbox 2159 1208 2243 1253; x_wconf 91' lang='lat' dir='ltr'><strong>est</strong></span> <span class='ocrx_word' id='word_1_523' title='bbox 2258 1199 2453 1253; x_wconf 69' lang='lat' dir='ltr'><strong>anima:</strong></span> <span class='ocrx_word' id='word_1_524' title='bbox 2472 1199 2734 1267; x_wconf 89' lang='lat' dir='ltr'><strong>sapientia</strong></span> <span class='ocrx_word' id='word_1_525' title='bbox 2755 1202 3006 1257; x_wconf 90' lang='lat' dir='ltr'><strong>omnibus</strong></span> <span class='ocrx_word' id='word_1_526' title='bbox 3027 1201 3332 1268; x_wconf 80' lang='lat' dir='ltr'><strong>sublimior,</strong></span> <span class='ocrx_word' id='word_1_527' title='bbox 3351 1211 3405 1258; x_wconf 88' lang='lat' dir='ltr'><strong>et</strong></span> <span class='ocrx_word' id='word_1_528' title='bbox 3428 1220 3556 1258; x_wconf 60' lang='lat' dir='ltr'><strong>sum</strong></span> 
     </span>
    </p>
   </div>
   <div class='ocr_carea' id='block_1_72' title="bbox 1992 1289 3552 1359">
    <p class='ocr_par' dir='ltr' id='par_1_72' title="bbox 1992 1289 3552 1359">
     <span class='ocr_line' id='line_1_72' title="bbox 1992 1289 3552 1359; baseline 0.004 -17"><span class='ocrx_word' id='word_1_529' title='bbox 1992 1289 2150 1342; x_wconf 56' lang='lat' dir='ltr'><strong>tribus</strong></span> <span class='ocrx_word' id='word_1_530' title='bbox 2171 1297 2225 1343; x_wconf 90' lang='lat' dir='ltr'><strong>ct</strong></span> <span class='ocrx_word' id='word_1_531' title='bbox 2246 1289 2493 1344; x_wconf 87' lang='lat' dir='ltr'><strong>tristibus</strong></span> <span class='ocrx_word' id='word_1_532' title='bbox 2510 1290 2720 1345; x_wconf 91' lang='lat' dir='ltr'><strong>cunctis</strong></span> <span class='ocrx_word' id='word_1_533' title='bbox 2745 1309 2758 1344; x_wconf 89' lang='lat'><strong>:</strong></span> <span class='ocrx_word' id='word_1_534' title='bbox 2785 1307 2883 1345; x_wconf 89' lang='lat' dir='ltr'><strong>nec</strong></span> <span class='ocrx_word' id='word_1_535' title='bbox 2901 1293 3043 1346; x_wconf 92' lang='lat' dir='ltr'><strong>enim</strong></span> <span class='ocrx_word' id='word_1_536' title='bbox 3065 1293 3116 1346; x_wconf 92' lang='lat' dir='ltr'><strong>in</strong></span> <span class='ocrx_word' id='word_1_537' title='bbox 3143 1293 3245 1349; x_wconf 89' lang='lat' dir='ltr'><strong>illis</strong></span> <span class='ocrx_word' id='word_1_538' title='bbox 3265 1294 3552 1359; x_wconf 89' lang='lat' dir='ltr'><strong>mollescit,</strong></span> 
     </span>
    </p>
   </div>
   <div class='ocr_carea' id='block_1_73' title="bbox 1991 1377 3555 1449">
    <p class='ocr_par' dir='ltr' id='par_1_73' title="bbox 1991 1377 3555 1449">
     <span class='ocr_line' id='line_1_73' title="bbox 1991 1377 3555 1449; baseline 0.003 -19"><span class='ocrx_word' id='word_1_539' title='bbox 1991 1393 2089 1432; x_wconf 93' lang='lat' dir='ltr'><strong>nec</strong></span> <span class='ocrx_word' id='word_1_540' title='bbox 2108 1377 2194 1433; x_wconf 85' lang='lat' dir='ltr'><strong>his</strong></span> <span class='ocrx_word' id='word_1_541' title='bbox 2213 1377 2555 1432; x_wconf 82' lang='lat' dir='ltr'><strong>contrahitur</strong></span> <span class='ocrx_word' id='word_1_542' title='bbox 2570 1387 2623 1432; x_wconf 91' lang='lat' dir='ltr'><strong>et</strong></span> <span class='ocrx_word' id='word_1_543' title='bbox 2645 1378 2984 1446; x_wconf 88' lang='lat' dir='ltr'><strong>humiliatur,</strong></span> <span class='ocrx_word' id='word_1_544' title='bbox 3006 1380 3099 1434; x_wconf 90' lang='lat' dir='ltr'><strong>sed</strong></span> <span class='ocrx_word' id='word_1_545' title='bbox 3119 1395 3212 1449; x_wconf 90' lang='lat' dir='ltr'><strong>per</strong></span> <span class='ocrx_word' id='word_1_546' title='bbox 3231 1380 3416 1434; x_wconf 89' lang='lat' dir='ltr'><strong>omnia</strong></span> <span class='ocrx_word' id='word_1_547' title='bbox 3440 1395 3555 1434; x_wconf 91' lang='lat' dir='ltr'><strong>ma-</strong></span> 
     </span>
    </p>
   </div>
   <div class='ocr_carea' id='block_1_74' title="bbox 1990 1468 3552 1538">
    <p class='ocr_par' dir='ltr' id='par_1_74' title="bbox 1990 1468 3552 1538">
     <span class='ocr_line' id='line_1_74' title="bbox 1990 1468 3552 1538; baseline 0.003 -18"><span class='ocrx_word' id='word_1_548' title='bbox 1990 1475 2080 1521; x_wconf 90' lang='lat' dir='ltr'><strong>net</strong></span> <span class='ocrx_word' id='word_1_549' title='bbox 2097 1468 2342 1538; x_wconf 71' lang='lat' dir='ltr'><strong>:equalis,</strong></span> <span class='ocrx_word' id='word_1_550' title='bbox 2365 1468 2637 1537; x_wconf 90' lang='lat' dir='ltr'><strong>propriam</strong></span> <span class='ocrx_word' id='word_1_551' title='bbox 2663 1468 3034 1525; x_wconf 85' lang='lat' dir='ltr'><strong>fortitudinem</strong></span> <span class='ocrx_word' id='word_1_552' title='bbox 3060 1481 3112 1524; x_wconf 89' lang='lat' dir='ltr'><strong>et</strong></span> <span class='ocrx_word' id='word_1_553' title='bbox 3135 1471 3242 1524; x_wconf 92' lang='lat' dir='ltr'><strong>vim</strong></span> <span class='ocrx_word' id='word_1_554' title='bbox 3266 1471 3552 1526; x_wconf 81' lang='lat' dir='ltr'><strong>exhibens.</strong></span> 
     </span>
    </p>
   </div>
   <div class='ocr_carea' id='block_1_75' title="bbox 1983 1551 3555 1630">
    <p class='ocr_par' dir='ltr' id='par_1_75' title="bbox 1983 1551 3555 1630">
     <span class='ocr_line' id='line_1_75' title="bbox 1983 1551 3555 1630; baseline 0.008 -25"><span class='ocrx_word' id='word_1_555' title='bbox 1983 1551 2149 1618; x_wconf 86' lang='lat' dir='ltr'><strong>Quem</strong></span> <span class='ocrx_word' id='word_1_556' title='bbox 2183 1553 2325 1607; x_wconf 91' lang='lat' dir='ltr'><strong>enim</strong></span> <span class='ocrx_word' id='word_1_557' title='bbox 2362 1569 2467 1608; x_wconf 93' lang='lat' dir='ltr'><strong>non</strong></span> <span class='ocrx_word' id='word_1_558' title='bbox 2497 1565 2797 1624; x_wconf 87' lang='lat' dir='ltr'><strong>superasset</strong></span> <span class='ocrx_word' id='word_1_559' title='bbox 2826 1559 3101 1626; x_wconf 61' lang='lat' dir='ltr'><strong>praesentis</strong></span> <span class='ocrx_word' id='word_1_560' title='bbox 3133 1561 3385 1630; x_wconf 90' lang='lat' dir='ltr'><strong>temporis</strong></span> <span class='ocrx_word' id='word_1_561' title='bbox 3415 1561 3555 1616; x_wconf 86' lang='lat' dir='ltr'><strong>difii-</strong></span> 
     </span>
    </p>
   </div>
   <div class='ocr_carea' id='block_1_76' title="bbox 1985 1643 3556 1722">
    <p class='ocr_par' dir='ltr' id='par_1_76' title="bbox 1985 1643 3556 1722">
     <span class='ocr_line' id='line_1_76' title="bbox 1985 1643 3556 1722; baseline 0.005 -25"><span class='ocrx_word' id='word_1_562' title='bbox 1985 1643 2188 1698; x_wconf 80' lang='lat' dir='ltr'><strong>cuitas?</strong></span> <span class='ocrx_word' id='word_1_563' title='bbox 2231 1645 2484 1700; x_wconf 85' lang='lat' dir='ltr'><strong>Proceres</strong></span> <span class='ocrx_word' id='word_1_564' title='bbox 2527 1655 2722 1700; x_wconf 72' lang='lat' dir='ltr'><strong>nostra:</strong></span> <span class='ocrx_word' id='word_1_565' title='bbox 2767 1649 3070 1718; x_wconf 65' lang='lat' dir='ltr'><strong>reipublicae</strong></span> <span class='ocrx_word' id='word_1_566' title='bbox 3119 1650 3170 1703; x_wconf 92' lang='lat' dir='ltr'><strong>in</strong></span> <span class='ocrx_word' id='word_1_567' title='bbox 3211 1652 3556 1722; x_wconf 73' lang='lat' dir='ltr'><strong>poteStatlbus</strong></span> 
     </span>
    </p>
   </div>
   <div class='ocr_carea' id='block_1_77' title="bbox 1985 1734 3558 1808">
    <p class='ocr_par' dir='ltr' id='par_1_77' title="bbox 1985 1734 3558 1808">
     <span class='ocr_line' id='line_1_77' title="bbox 1985 1734 3558 1808; baseline 0.004 -22"><span class='ocrx_word' id='word_1_568' title='bbox 1985 1734 2332 1798; x_wconf 66' lang='lat' dir='ltr'><strong>exsistentes,</strong></span> <span class='ocrx_word' id='word_1_569' title='bbox 2379 1735 2592 1790; x_wconf 85' lang='lat' dir='ltr'><strong>divitias</strong></span> <span class='ocrx_word' id='word_1_570' title='bbox 2634 1736 2921 1792; x_wconf 88' lang='lat' dir='ltr'><strong>immensas</strong></span> <span class='ocrx_word' id='word_1_571' title='bbox 2963 1738 3162 1805; x_wconf 90' lang='lat' dir='ltr'><strong>sortiti,</strong></span> <span class='ocrx_word' id='word_1_572' title='bbox 3207 1739 3296 1808; x_wconf 90' lang='lat' dir='ltr'><strong>qui</strong></span> <span class='ocrx_word' id='word_1_573' title='bbox 3341 1738 3558 1793; x_wconf 87' lang='lat' dir='ltr'><strong>multam</strong></span> 
     </span>
    </p>
   </div>
   <div class='ocr_carea' id='block_1_78' title="bbox 1985 1824 3558 1896">
    <p class='ocr_par' dir='ltr' id='par_1_78' title="bbox 1985 1824 3558 1896">
     <span class='ocr_line' id='line_1_78' title="bbox 1985 1824 3558 1896; baseline 0.003 -18"><span class='ocrx_word' id='word_1_574' title='bbox 1985 1824 2124 1893; x_wconf 90' lang='lat' dir='ltr'><strong>apud</strong></span> <span class='ocrx_word' id='word_1_575' title='bbox 2161 1824 2534 1894; x_wconf 76' lang='lat' dir='ltr'><strong>Imperatorem</strong></span> <span class='ocrx_word' id='word_1_576' title='bbox 2577 1827 2820 1882; x_wconf 84' lang='lat' dir='ltr'><strong>fiduciam</strong></span> <span class='ocrx_word' id='word_1_577' title='bbox 2858 1828 3156 1896; x_wconf 88' lang='lat' dir='ltr'><strong>habebant,</strong></span> <span class='ocrx_word' id='word_1_578' title='bbox 3193 1829 3380 1885; x_wconf 93' lang='lat' dir='ltr'><strong>domos</strong></span> <span class='ocrx_word' id='word_1_579' title='bbox 3405 1831 3558 1884; x_wconf 89' lang='lat' dir='ltr'><strong>dese-</strong></span> 
     </span>
    </p>
   </div>
   <div class='ocr_carea' id='block_1_79' title="bbox 1988 1916 3559 1987">
    <p class='ocr_par' dir='ltr' id='par_1_79' title="bbox 1988 1916 3559 1987">
     <span class='ocr_line' id='line_1_79' title="bbox 1988 1916 3559 1987; baseline 0.002 -19"><span class='ocrx_word' id='word_1_580' title='bbox 1988 1924 2166 1969; x_wconf 89' lang='lat' dir='ltr'><strong>rentes</strong></span> <span class='ocrx_word' id='word_1_581' title='bbox 2194 1916 2351 1970; x_wconf 92' lang='lat' dir='ltr'><strong>orbas</strong></span> <span class='ocrx_word' id='word_1_582' title='bbox 2373 1957 2388 1983; x_wconf 91' lang='lat'><strong>,</strong></span> <span class='ocrx_word' id='word_1_583' title='bbox 2416 1932 2603 1972; x_wconf 91' lang='lat' dir='ltr'><strong>omnes</strong></span> <span class='ocrx_word' id='word_1_584' title='bbox 2629 1917 2694 1972; x_wconf 93' lang='lat' dir='ltr'><strong>de</strong></span> <span class='ocrx_word' id='word_1_585' title='bbox 2722 1920 2930 1987; x_wconf 87' lang='lat' dir='ltr'><strong>propria</strong></span> <span class='ocrx_word' id='word_1_586' title='bbox 2957 1921 3124 1975; x_wconf 89' lang='lat' dir='ltr'><strong>salute</strong></span> <span class='ocrx_word' id='word_1_587' title='bbox 3149 1921 3518 1975; x_wconf 82' lang='lat' dir='ltr'><strong>consultabant</strong></span> <span class='ocrx_word' id='word_1_588' title='bbox 3547 1937 3559 1971; x_wconf 88' lang='lat'><strong>:</strong></span> 
     </span>
    </p>
   </div>
   <div class='ocr_carea' id='block_1_80' title="bbox 1987 2005 3560 2079">
    <p class='ocr_par' dir='ltr' id='par_1_80' title="bbox 1987 2005 3560 2079">
     <span class='ocr_line' id='line_1_80' title="bbox 1987 2005 3560 2079; baseline 0.004 -20"><span class='ocrx_word' id='word_1_589' title='bbox 1987 2016 2040 2059; x_wconf 90' lang='lat' dir='ltr'><strong>et</strong></span> <span class='ocrx_word' id='word_1_590' title='bbox 2083 2005 2314 2060; x_wconf 86' lang='lat' dir='ltr'><strong>amicitia</strong></span> <span class='ocrx_word' id='word_1_591' title='bbox 2351 2008 2526 2061; x_wconf 91' lang='lat' dir='ltr'><strong>omnis</strong></span> <span class='ocrx_word' id='word_1_592' title='bbox 2569 2018 2622 2062; x_wconf 91' lang='lat' dir='ltr'><strong>et</strong></span> <span class='ocrx_word' id='word_1_593' title='bbox 2662 2010 2905 2078; x_wconf 80' lang='lat' dir='ltr'><strong>cognatio</strong></span> <span class='ocrx_word' id='word_1_594' title='bbox 2937 2017 3061 2064; x_wconf 92' lang='lat' dir='ltr'><strong>tunc</strong></span> <span class='ocrx_word' id='word_1_595' title='bbox 3097 2009 3476 2079; x_wconf 87' lang='lat' dir='ltr'><strong>superabatur,</strong></span> <span class='ocrx_word' id='word_1_596' title='bbox 3512 2018 3560 2065; x_wconf 88' lang='lat' dir='ltr'><strong>et</strong></span> 
     </span>
    </p>
   </div>
   <div class='ocr_carea' id='block_1_81' title="bbox 1988 2095 3561 2169">
    <p class='ocr_par' dir='ltr' id='par_1_81' title="bbox 1988 2095 3561 2169">
     <span class='ocr_line' id='line_1_81' title="bbox 1988 2095 3561 2169; baseline 0.003 -21"><span class='ocrx_word' id='word_1_597' title='bbox 1988 2109 2122 2164; x_wconf 90' lang='lat' dir='ltr'><strong>quos</strong></span> <span class='ocrx_word' id='word_1_598' title='bbox 2147 2095 2271 2148; x_wconf 87' lang='lat' dir='ltr'><strong>olim</strong></span> <span class='ocrx_word' id='word_1_599' title='bbox 2304 2106 2577 2161; x_wconf 86' lang='lat' dir='ltr'><strong>noverant,</strong></span> <span class='ocrx_word' id='word_1_600' title='bbox 2612 2097 2663 2150; x_wconf 92' lang='lat' dir='ltr'><strong>in</strong></span> <span class='ocrx_word' id='word_1_601' title='bbox 2691 2105 2929 2166; x_wconf 90' lang='lat' dir='ltr'><strong>tempore</strong></span> <span class='ocrx_word' id='word_1_602' title='bbox 2954 2098 3268 2154; x_wconf 86' lang='lat' dir='ltr'><strong>calamitatis</strong></span> <span class='ocrx_word' id='word_1_603' title='bbox 3297 2100 3392 2153; x_wconf 90' lang='lat' dir='ltr'><strong>hos</strong></span> <span class='ocrx_word' id='word_1_604' title='bbox 3418 2099 3561 2169; x_wconf 82' lang='lat' dir='ltr'><strong>igno-</strong></span> 
     </span>
    </p>
   </div>
   <div class='ocr_carea' id='block_1_82' title="bbox 1989 2185 3559 2257">
    <p class='ocr_par' dir='ltr' id='par_1_82' title="bbox 1989 2185 3559 2257">
     <span class='ocr_line' id='line_1_82' title="bbox 1989 2185 3559 2257; baseline 0.004 -19"><span class='ocrx_word' id='word_1_605' title='bbox 1989 2199 2108 2239; x_wconf 89' lang='lat' dir='ltr'><strong>rare</strong></span> <span class='ocrx_word' id='word_1_606' title='bbox 2132 2193 2186 2240; x_wconf 90' lang='lat' dir='ltr'><strong>et</strong></span> <span class='ocrx_word' id='word_1_607' title='bbox 2208 2185 2275 2240; x_wconf 90' lang='lat' dir='ltr'><strong>ab</strong></span> <span class='ocrx_word' id='word_1_608' title='bbox 2303 2185 2419 2240; x_wconf 91' lang='lat' dir='ltr'><strong>aliis</strong></span> <span class='ocrx_word' id='word_1_609' title='bbox 2447 2186 2674 2257; x_wconf 90' lang='lat' dir='ltr'><strong>ignorari</strong></span> <span class='ocrx_word' id='word_1_610' title='bbox 2701 2189 2971 2257; x_wconf 91' lang='lat' dir='ltr'><strong>optabant.</strong></span> <span class='ocrx_word' id='word_1_611' title='bbox 3002 2189 3239 2244; x_wconf 84' lang='lat' dir='ltr'><strong>Monachi</strong></span> <span class='ocrx_word' id='word_1_612' title='bbox 3272 2205 3428 2256; x_wconf 90' lang='lat' dir='ltr'><strong>vero,</strong></span> <span class='ocrx_word' id='word_1_613' title='bbox 3461 2189 3559 2244; x_wconf 86' lang='lat' dir='ltr'><strong>ho-</strong></span> 
     </span>
    </p>
   </div>
   <div class='ocr_carea' id='block_1_83' title="bbox 1989 2275 3561 2348">
    <p class='ocr_par' dir='ltr' id='par_1_83' title="bbox 1989 2275 3561 2348">
     <span class='ocr_line' id='line_1_83' title="bbox 1989 2275 3561 2348; baseline 0.003 -20"><span class='ocrx_word' id='word_1_614' title='bbox 1989 2275 2159 2330; x_wconf 90' lang='lat' dir='ltr'><strong>mines</strong></span> <span class='ocrx_word' id='word_1_615' title='bbox 2183 2290 2461 2345; x_wconf 84' lang='lat' dir='ltr'><strong>pauperes,</strong></span> <span class='ocrx_word' id='word_1_616' title='bbox 2493 2287 2637 2333; x_wconf 86' lang='lat' dir='ltr'><strong>veste</strong></span> <span class='ocrx_word' id='word_1_617' title='bbox 2665 2277 2754 2331; x_wconf 87' lang='lat' dir='ltr'><strong>vili</strong></span> <span class='ocrx_word' id='word_1_618' title='bbox 2781 2277 2897 2348; x_wconf 91' lang='lat' dir='ltr'><strong>plus</strong></span> <span class='ocrx_word' id='word_1_619' title='bbox 2923 2278 3054 2332; x_wconf 91' lang='lat' dir='ltr'><strong>nihil</strong></span> <span class='ocrx_word' id='word_1_620' title='bbox 3083 2279 3359 2346; x_wconf 90' lang='lat' dir='ltr'><strong>habentes,</strong></span> <span class='ocrx_word' id='word_1_621' title='bbox 3392 2279 3561 2334; x_wconf 86' lang='lat' dir='ltr'><strong>viven-</strong></span> 
     </span>
    </p>
   </div>
   <div class='ocr_carea' id='block_1_84' title="bbox 1992 2365 3563 2438">
    <p class='ocr_par' dir='ltr' id='par_1_84' title="bbox 1992 2365 3563 2438">
     <span class='ocr_line' id='line_1_84' title="bbox 1992 2365 3563 2438; baseline 0.001 -20"><span class='ocrx_word' id='word_1_622' title='bbox 1992 2371 2071 2418; x_wconf 89' lang='lat' dir='ltr'><strong>tes</strong></span> <span class='ocrx_word' id='word_1_623' title='bbox 2100 2365 2154 2418; x_wconf 91' lang='lat' dir='ltr'><strong>in</strong></span> <span class='ocrx_word' id='word_1_624' title='bbox 2193 2365 2514 2432; x_wconf 89' lang='lat' dir='ltr'><strong>rusticitate,</strong></span> <span class='ocrx_word' id='word_1_625' title='bbox 2547 2366 2674 2422; x_wconf 92' lang='lat' dir='ltr'><strong>nulli</strong></span> <span class='ocrx_word' id='word_1_626' title='bbox 2702 2381 2819 2422; x_wconf 89' lang='lat' dir='ltr'><strong>esse</strong></span> <span class='ocrx_word' id='word_1_627' title='bbox 2846 2377 3161 2438; x_wconf 88' lang='lat' dir='ltr'><strong>apparentes</strong></span> <span class='ocrx_word' id='word_1_628' title='bbox 3179 2409 3193 2434; x_wconf 92' lang='lat'><strong>,</strong></span> <span class='ocrx_word' id='word_1_629' title='bbox 3219 2368 3273 2422; x_wconf 92' lang='lat' dir='ltr'><strong>in</strong></span> <span class='ocrx_word' id='word_1_630' title='bbox 3299 2368 3563 2423; x_wconf 75' lang='lat' dir='ltr'><strong>montibus</strong></span> 
     </span>
    </p>
   </div>
   <div class='ocr_carea' id='block_1_85' title="bbox 1991 2454 3564 2530">
    <p class='ocr_par' dir='ltr' id='par_1_85' title="bbox 1991 2454 3564 2530">
     <span class='ocr_line' id='line_1_85' title="bbox 1991 2454 3564 2530; baseline 0.003 -20"><span class='ocrx_word' id='word_1_631' title='bbox 1991 2463 2045 2510; x_wconf 89' lang='lat' dir='ltr'><strong>et</strong></span> <span class='ocrx_word' id='word_1_632' title='bbox 2069 2454 2291 2510; x_wconf 89' lang='lat' dir='ltr'><strong>saltibus</strong></span> <span class='ocrx_word' id='word_1_633' title='bbox 2322 2464 2613 2522; x_wconf 86' lang='lat' dir='ltr'><strong>versantes,</strong></span> <span class='ocrx_word' id='word_1_634' title='bbox 2643 2457 2786 2513; x_wconf 89' lang='lat' dir='ltr'><strong>velut</strong></span> <span class='ocrx_word' id='word_1_635' title='bbox 2812 2457 3026 2527; x_wconf 90' lang='lat' dir='ltr'><strong>quidam</strong></span> <span class='ocrx_word' id='word_1_636' title='bbox 3064 2458 3263 2522; x_wconf 89' lang='lat' dir='ltr'><strong>leones,</strong></span> <span class='ocrx_word' id='word_1_637' title='bbox 3296 2473 3488 2530; x_wconf 92' lang='lat' dir='ltr'><strong>magno</strong></span> <span class='ocrx_word' id='word_1_638' title='bbox 3514 2472 3564 2514; x_wconf 88' lang='lat' dir='ltr'><strong>ct</strong></span> 
     </span>
    </p>
   </div>
   <div class='ocr_carea' id='block_1_86' title="bbox 1991 2543 3564 2617">
    <p class='ocr_par' dir='ltr' id='par_1_86' title="bbox 1991 2543 3564 2617">
     <span class='ocr_line' id='line_1_86' title="bbox 1991 2543 3564 2617; baseline 0.004 -21"><span class='ocrx_word' id='word_1_639' title='bbox 1991 2543 2101 2598; x_wconf 92' lang='lat' dir='ltr'><strong>alto</strong></span> <span class='ocrx_word' id='word_1_640' title='bbox 2120 2560 2276 2599; x_wconf 92' lang='lat' dir='ltr'><strong>sensu</strong></span> <span class='ocrx_word' id='word_1_641' title='bbox 2300 2545 2525 2615; x_wconf 64' lang='lat' dir='ltr'><strong>praaditi,</strong></span> <span class='ocrx_word' id='word_1_642' title='bbox 2544 2546 2787 2603; x_wconf 89' lang='lat' dir='ltr'><strong>omnibus</strong></span> <span class='ocrx_word' id='word_1_643' title='bbox 2809 2546 3094 2617; x_wconf 82' lang='lat' dir='ltr'><strong>pavefactis</strong></span> <span class='ocrx_word' id='word_1_644' title='bbox 3113 2556 3167 2602; x_wconf 90' lang='lat' dir='ltr'><strong>et</strong></span> <span class='ocrx_word' id='word_1_645' title='bbox 3187 2546 3564 2617; x_wconf 81' lang='lat' dir='ltr'><strong>trepidantibus</strong></span> 
     </span>
    </p>
   </div>
   <div class='ocr_carea' id='block_1_87' title="bbox 1993 2635 3565 2704">
    <p class='ocr_par' dir='ltr' id='par_1_87' title="bbox 1993 2635 3565 2704">
     <span class='ocr_line' id='line_1_87' title="bbox 1993 2635 3565 2704; baseline 0.003 -15"><span class='ocrx_word' id='word_1_646' title='bbox 1993 2635 2046 2689; x_wconf 89' lang='lat' dir='ltr'><strong>in</strong></span> <span class='ocrx_word' id='word_1_647' title='bbox 2072 2635 2248 2691; x_wconf 91' lang='lat' dir='ltr'><strong>medio</strong></span> <span class='ocrx_word' id='word_1_648' title='bbox 2273 2637 2643 2704; x_wconf 90' lang='lat' dir='ltr'><strong>consistentes,</strong></span> <span class='ocrx_word' id='word_1_649' title='bbox 2668 2639 2863 2693; x_wconf 89' lang='lat' dir='ltr'><strong>malum</strong></span> <span class='ocrx_word' id='word_1_650' title='bbox 2887 2637 3237 2693; x_wconf 90' lang='lat' dir='ltr'><strong>dissolverunt</strong></span> <span class='ocrx_word' id='word_1_651' title='bbox 3260 2654 3364 2694; x_wconf 88' lang='lat' dir='ltr'><strong>non</strong></span> <span class='ocrx_word' id='word_1_652' title='bbox 3390 2640 3565 2694; x_wconf 88' lang='lat' dir='ltr'><strong>multis</strong></span> 
     </span>
    </p>
   </div>
   <div class='ocr_carea' id='block_1_88' title="bbox 1993 2725 3564 2798">
    <p class='ocr_par' dir='ltr' id='par_1_88' title="bbox 1993 2725 3564 2798">
     <span class='ocr_line' id='line_1_88' title="bbox 1993 2725 3564 2798; baseline 0.001 -18"><span class='ocrx_word' id='word_1_653' title='bbox 1993 2725 2212 2792; x_wconf 88' lang='lat' dir='ltr'><strong>diebus,</strong></span> <span class='ocrx_word' id='word_1_654' title='bbox 2239 2727 2331 2781; x_wconf 90' lang='lat' dir='ltr'><strong>sed</strong></span> <span class='ocrx_word' id='word_1_655' title='bbox 2369 2727 2514 2782; x_wconf 86' lang='lat' dir='ltr'><strong>brevi</strong></span> <span class='ocrx_word' id='word_1_656' title='bbox 2547 2729 2801 2797; x_wconf 90' lang='lat' dir='ltr'><strong>temporis</strong></span> <span class='ocrx_word' id='word_1_657' title='bbox 2828 2737 3118 2783; x_wconf 89' lang='lat' dir='ltr'><strong>momento.</strong></span> <span class='ocrx_word' id='word_1_658' title='bbox 3150 2728 3217 2784; x_wconf 86' lang='lat' dir='ltr'><strong>Et</strong></span> <span class='ocrx_word' id='word_1_659' title='bbox 3243 2728 3378 2783; x_wconf 90' lang='lat' dir='ltr'><strong>sicut</strong></span> <span class='ocrx_word' id='word_1_660' title='bbox 3402 2743 3564 2798; x_wconf 83' lang='lat' dir='ltr'><strong>gene-</strong></span> 
     </span>
    </p>
   </div>
   <div class='ocr_carea' id='block_1_89' title="bbox 1994 2815 3566 2888">
    <p class='ocr_par' dir='ltr' id='par_1_89' title="bbox 1994 2815 3566 2888">
     <span class='ocr_line' id='line_1_89' title="bbox 1994 2815 3566 2888; baseline 0.003 -18"><span class='ocrx_word' id='word_1_661' title='bbox 1994 2815 2101 2871; x_wconf 91' lang='lat' dir='ltr'><strong>rosi</strong></span> <span class='ocrx_word' id='word_1_662' title='bbox 2127 2816 2410 2872; x_wconf 91' lang='lat' dir='ltr'><strong>bellatores</strong></span> <span class='ocrx_word' id='word_1_663' title='bbox 2434 2832 2538 2872; x_wconf 93' lang='lat' dir='ltr'><strong>non</strong></span> <span class='ocrx_word' id='word_1_664' title='bbox 2566 2826 2768 2873; x_wconf 91' lang='lat' dir='ltr'><strong>tantum</strong></span> <span class='ocrx_word' id='word_1_665' title='bbox 2795 2818 3126 2874; x_wconf 88' lang='lat' dir='ltr'><strong>adversarios</strong></span> <span class='ocrx_word' id='word_1_666' title='bbox 3155 2820 3441 2888; x_wconf 83' lang='lat' dir='ltr'><strong>complexi,</strong></span> <span class='ocrx_word' id='word_1_667' title='bbox 3474 2821 3566 2874; x_wconf 89' lang='lat' dir='ltr'><strong>sed</strong></span> 
     </span>
    </p>
   </div>
   <div class='ocr_carea' id='block_1_90' title="bbox 1995 2906 3568 2964">
    <p class='ocr_par' dir='ltr' id='par_1_90' title="bbox 1995 2906 3568 2964">
     <span class='ocr_line' id='line_1_90' title="bbox 1995 2906 3568 2964; baseline 0.001 -4"><span class='ocrx_word' id='word_1_668' title='bbox 1995 2906 2155 2960; x_wconf 89' lang='lat' dir='ltr'><strong>etiam</strong></span> <span class='ocrx_word' id='word_1_669' title='bbox 2196 2907 2295 2961; x_wconf 90' lang='lat' dir='ltr'><strong>visi</strong></span> <span class='ocrx_word' id='word_1_670' title='bbox 2337 2917 2538 2962; x_wconf 87' lang='lat' dir='ltr'><strong>tantum</strong></span> <span class='ocrx_word' id='word_1_671' title='bbox 2581 2908 2634 2962; x_wconf 89' lang='lat' dir='ltr'><strong>in</strong></span> <span class='ocrx_word' id='word_1_672' title='bbox 2677 2909 2788 2964; x_wconf 91' lang='lat' dir='ltr'><strong>acie</strong></span> <span class='ocrx_word' id='word_1_673' title='bbox 2832 2917 2886 2964; x_wconf 90' lang='lat' dir='ltr'><strong>et</strong></span> <span class='ocrx_word' id='word_1_674' title='bbox 2927 2909 3199 2964; x_wconf 86' lang='lat' dir='ltr'><strong>vociferati</strong></span> <span class='ocrx_word' id='word_1_675' title='bbox 3239 2910 3568 2964; x_wconf 76' lang='lat' dir='ltr'><strong>adversarios</strong></span> 
     </span>
    </p>
   </div>
   <div class='ocr_carea' id='block_1_91' title="bbox 1996 2994 3562 3066">
    <p class='ocr_par' dir='ltr' id='par_1_91' title="bbox 1996 2994 3562 3066">
     <span class='ocr_line' id='line_1_91' title="bbox 1996 2994 3562 3066; baseline 0.003 -16"><span class='ocrx_word' id='word_1_676' title='bbox 1996 2994 2180 3066; x_wconf 83' lang='lat' dir='ltr'><strong>fugant</strong></span> <span class='ocrx_word' id='word_1_677' title='bbox 2210 3013 2224 3049; x_wconf 90' lang='lat'><strong>:</strong></span> <span class='ocrx_word' id='word_1_678' title='bbox 2255 2998 2332 3051; x_wconf 92' lang='lat' dir='ltr'><strong>sic</strong></span> <span class='ocrx_word' id='word_1_679' title='bbox 2360 3006 2413 3052; x_wconf 90' lang='lat' dir='ltr'><strong>et</strong></span> <span class='ocrx_word' id='word_1_680' title='bbox 2450 2997 2501 3051; x_wconf 89' lang='lat' dir='ltr'><strong>hi</strong></span> <span class='ocrx_word' id='word_1_681' title='bbox 2535 2998 2622 3053; x_wconf 88' lang='lat' dir='ltr'><strong>die</strong></span> <span class='ocrx_word' id='word_1_682' title='bbox 2660 3013 2761 3052; x_wconf 90' lang='lat' dir='ltr'><strong>una</strong></span> <span class='ocrx_word' id='word_1_683' title='bbox 2791 3008 2844 3052; x_wconf 85' lang='lat' dir='ltr'><strong>et</strong></span> <span class='ocrx_word' id='word_1_684' title='bbox 2873 2999 3296 3065; x_wconf 90' lang='lat' dir='ltr'><strong>descenderunt,</strong></span> <span class='ocrx_word' id='word_1_685' title='bbox 3323 3008 3376 3054; x_wconf 90' lang='lat' dir='ltr'><strong>et</strong></span> <span class='ocrx_word' id='word_1_686' title='bbox 3399 2999 3562 3054; x_wconf 84' lang='lat' dir='ltr'><strong>disse-</strong></span> 
     </span>
    </p>
   </div>
   <div class='ocr_carea' id='block_1_92' title="bbox 1996 3089 3566 3160">
    <p class='ocr_par' dir='ltr' id='par_1_92' title="bbox 1996 3089 3566 3160">
     <span class='ocr_line' id='line_1_92' title="bbox 1996 3089 3566 3160; baseline 0.003 -19"><span class='ocrx_word' id='word_1_687' title='bbox 1996 3096 2246 3153; x_wconf 88' lang='lat' dir='ltr'><strong>ruerunt,</strong></span> <span class='ocrx_word' id='word_1_688' title='bbox 2275 3096 2330 3142; x_wconf 91' lang='lat' dir='ltr'><strong>et</strong></span> <span class='ocrx_word' id='word_1_689' title='bbox 2352 3089 2622 3144; x_wconf 90' lang='lat' dir='ltr'><strong>solverunt</strong></span> <span class='ocrx_word' id='word_1_690' title='bbox 2645 3089 2996 3148; x_wconf 85' lang='lat' dir='ltr'><strong>calamitatem</strong></span> <span class='ocrx_word' id='word_1_691' title='bbox 3016 3132 3031 3156; x_wconf 91' lang='lat'><strong>,</strong></span> <span class='ocrx_word' id='word_1_692' title='bbox 3057 3099 3112 3146; x_wconf 91' lang='lat' dir='ltr'><strong>et</strong></span> <span class='ocrx_word' id='word_1_693' title='bbox 3135 3091 3202 3144; x_wconf 90' lang='lat' dir='ltr'><strong>ad</strong></span> <span class='ocrx_word' id='word_1_694' title='bbox 3231 3091 3439 3160; x_wconf 91' lang='lat' dir='ltr'><strong>propria</strong></span> <span class='ocrx_word' id='word_1_695' title='bbox 3478 3106 3566 3146; x_wconf 82' lang='lat' dir='ltr'><strong>rc-</strong></span> 
     </span>
    </p>
   </div>
   <div class='ocr_carea' id='block_1_93' title="bbox 1997 3177 3571 3250">
    <p class='ocr_par' dir='ltr' id='par_1_93' title="bbox 1997 3177 3571 3250">
     <span class='ocr_line' id='line_1_93' title="bbox 1997 3177 3571 3250; baseline 0.001 -18"><span class='ocrx_word' id='word_1_696' title='bbox 1997 3177 2138 3233; x_wconf 82' lang='lat' dir='ltr'><strong>versi</strong></span> <span class='ocrx_word' id='word_1_697' title='bbox 2159 3187 2284 3233; x_wconf 88' lang='lat' dir='ltr'><strong>sunt</strong></span> <span class='ocrx_word' id='word_1_698' title='bbox 2306 3179 2659 3234; x_wconf 90' lang='lat' dir='ltr'><strong>tabernacula.</strong></span> <span class='ocrx_word' id='word_1_699' title='bbox 2683 3180 2834 3235; x_wconf 88' lang='lat' dir='ltr'><strong>Tanti</strong></span> <span class='ocrx_word' id='word_1_700' title='bbox 2858 3191 2938 3236; x_wconf 90' lang='lat' dir='ltr'><strong>est</strong></span> <span class='ocrx_word' id='word_1_701' title='bbox 2959 3180 3288 3250; x_wconf 87' lang='lat' dir='ltr'><strong>philosophia</strong></span> <span class='ocrx_word' id='word_1_702' title='bbox 3311 3197 3340 3234; x_wconf 94' lang='lat' dir='ltr'><strong>a</strong></span> <span class='ocrx_word' id='word_1_703' title='bbox 3362 3181 3571 3236; x_wconf 90' lang='lat' dir='ltr'><strong>Christo</strong></span> 
     </span>
    </p>
   </div>
   <div class='ocr_carea' id='block_1_94' title="bbox 1999 3270 3572 3342">
    <p class='ocr_par' dir='ltr' id='par_1_94' title="bbox 1999 3270 3572 3342">
     <span class='ocr_line' id='line_1_94' title="bbox 1999 3270 3572 3342; baseline 0 -18"><span class='ocrx_word' id='word_1_704' title='bbox 1999 3270 2054 3325; x_wconf 93' lang='lat' dir='ltr'><strong>in</strong></span> <span class='ocrx_word' id='word_1_705' title='bbox 2087 3285 2255 3340; x_wconf 90' lang='lat' dir='ltr'><strong>genus</strong></span> <span class='ocrx_word' id='word_1_706' title='bbox 2291 3270 2578 3328; x_wconf 88' lang='lat' dir='ltr'><strong>humanum</strong></span> <span class='ocrx_word' id='word_1_707' title='bbox 2618 3273 2933 3328; x_wconf 88' lang='lat' dir='ltr'><strong>introducta.</strong></span> <span class='ocrx_word' id='word_1_708' title='bbox 2964 3273 3032 3328; x_wconf 89' lang='lat' dir='ltr'><strong>Et</strong></span> <span class='ocrx_word' id='word_1_709' title='bbox 3055 3273 3176 3342; x_wconf 91' lang='lat' dir='ltr'><strong>quid</strong></span> <span class='ocrx_word' id='word_1_710' title='bbox 3207 3273 3326 3328; x_wconf 92' lang='lat' dir='ltr'><strong>dico</strong></span> <span class='ocrx_word' id='word_1_711' title='bbox 3350 3273 3417 3327; x_wconf 93' lang='lat' dir='ltr'><strong>de</strong></span> <span class='ocrx_word' id='word_1_712' title='bbox 3441 3272 3572 3326; x_wconf 84' lang='lat' dir='ltr'><strong>divi-</strong></span> 
     </span>
    </p>
   </div>
   <div class='ocr_carea' id='block_1_95' title="bbox 2001 3359 3571 3432">
    <p class='ocr_par' dir='ltr' id='par_1_95' title="bbox 2001 3359 3571 3432">
     <span class='ocr_line' id='line_1_95' title="bbox 2001 3359 3571 3432; baseline -0.001 -16"><span class='ocrx_word' id='word_1_713' title='bbox 2001 3359 2141 3416; x_wconf 90' lang='lat' dir='ltr'><strong>tibus</strong></span> <span class='ocrx_word' id='word_1_714' title='bbox 2159 3361 2286 3416; x_wconf 91' lang='lat' dir='ltr'><strong>etin</strong></span> <span class='ocrx_word' id='word_1_715' title='bbox 2309 3369 2567 3432; x_wconf 89' lang='lat' dir='ltr'><strong>potestate</strong></span> <span class='ocrx_word' id='word_1_716' title='bbox 2586 3362 2906 3424; x_wconf 88' lang='lat' dir='ltr'><strong>constitutis.</strong></span> <span class='ocrx_word' id='word_1_717' title='bbox 2931 3377 3048 3416; x_wconf 82' lang='lat' dir='ltr'><strong>cum</strong></span> <span class='ocrx_word' id='word_1_718' title='bbox 3071 3372 3123 3416; x_wconf 90' lang='lat' dir='ltr'><strong>et</strong></span> <span class='ocrx_word' id='word_1_719' title='bbox 3146 3362 3178 3414; x_wconf 90' lang='lat' dir='ltr'><strong>ii</strong></span> <span class='ocrx_word' id='word_1_720' title='bbox 3200 3361 3287 3430; x_wconf 90' lang='lat' dir='ltr'><strong>qui</strong></span> <span class='ocrx_word' id='word_1_721' title='bbox 3305 3361 3571 3430; x_wconf 86' lang='lat' dir='ltr'><strong>judicaudi</strong></span> 
     </span>
    </p>
   </div>
   <div class='ocr_carea' id='block_1_96' title="bbox 2002 3451 3572 3522">
    <p class='ocr_par' dir='ltr' id='par_1_96' title="bbox 2002 3451 3572 3522">
     <span class='ocr_line' id='line_1_96' title="bbox 2002 3451 3572 3522; baseline -0.003 -17"><span class='ocrx_word' id='word_1_722' title='bbox 2002 3458 2317 3520; x_wconf 90' lang='lat' dir='ltr'><strong>potestatem</strong></span> <span class='ocrx_word' id='word_1_723' title='bbox 2355 3452 2625 3522; x_wconf 89' lang='lat' dir='ltr'><strong>assequuti</strong></span> <span class='ocrx_word' id='word_1_724' title='bbox 2659 3460 2810 3506; x_wconf 87' lang='lat' dir='ltr'><strong>erant</strong></span> <span class='ocrx_word' id='word_1_725' title='bbox 2831 3491 2844 3515; x_wconf 91' lang='lat'><strong>,</strong></span> <span class='ocrx_word' id='word_1_726' title='bbox 2874 3465 3109 3505; x_wconf 91' lang='lat' dir='ltr'><strong>summos</strong></span> <span class='ocrx_word' id='word_1_727' title='bbox 3134 3459 3377 3520; x_wconf 79' lang='lat' dir='ltr'><strong>gerentes</strong></span> <span class='ocrx_word' id='word_1_728' title='bbox 3405 3451 3572 3520; x_wconf 81' lang='lat' dir='ltr'><strong>magi-</strong></span> 
     </span>
    </p>
   </div>
   <div class='ocr_carea' id='block_1_97' title="bbox 2001 3540 3572 3612">
    <p class='ocr_par' dir='ltr' id='par_1_97' title="bbox 2001 3540 3572 3612">
     <span class='ocr_line' id='line_1_97' title="bbox 2001 3540 3572 3612; baseline -0.002 -16"><span class='ocrx_word' id='word_1_729' title='bbox 2001 3549 2198 3596; x_wconf 85' lang='lat' dir='ltr'><strong>stratus</strong></span> <span class='ocrx_word' id='word_1_730' title='bbox 2219 3583 2231 3600; x_wconf 91' lang='lat'><strong>.</strong></span> <span class='ocrx_word' id='word_1_731' title='bbox 2262 3541 2330 3595; x_wconf 86' lang='lat' dir='ltr'><strong>ab</strong></span> <span class='ocrx_word' id='word_1_732' title='bbox 2368 3540 2453 3595; x_wconf 91' lang='lat' dir='ltr'><strong>bis</strong></span> <span class='ocrx_word' id='word_1_733' title='bbox 2497 3542 2625 3612; x_wconf 82' lang='lat' dir='ltr'><strong>ipsis</strong></span> <span class='ocrx_word' id='word_1_734' title='bbox 2655 3541 2822 3610; x_wconf 88' lang='lat' dir='ltr'><strong>rogati</strong></span> <span class='ocrx_word' id='word_1_735' title='bbox 2861 3540 3135 3594; x_wconf 82' lang='lat' dir='ltr'><strong>monachis</strong></span> <span class='ocrx_word' id='word_1_736' title='bbox 3155 3582 3169 3606; x_wconf 93' lang='lat'><strong>,</strong></span> <span class='ocrx_word' id='word_1_737' title='bbox 3203 3551 3257 3594; x_wconf 95' lang='lat' dir='ltr'><strong>ut</strong></span> <span class='ocrx_word' id='word_1_738' title='bbox 3280 3555 3398 3595; x_wconf 90' lang='lat' dir='ltr'><strong>cum</strong></span> <span class='ocrx_word' id='word_1_739' title='bbox 3423 3541 3572 3595; x_wconf 84' lang='lat' dir='ltr'><strong>venia</strong></span> 
     </span>
    </p>
   </div>
   <div class='ocr_carea' id='block_1_98' title="bbox 2003 3631 3574 3700">
    <p class='ocr_par' dir='ltr' id='par_1_98' title="bbox 2003 3631 3574 3700">
     <span class='ocr_line' id='line_1_98' title="bbox 2003 3631 3574 3700; baseline -0.001 -15"><span class='ocrx_word' id='word_1_740' title='bbox 2003 3632 2320 3687; x_wconf 87' lang='lat' dir='ltr'><strong>sententiam</strong></span> <span class='ocrx_word' id='word_1_741' title='bbox 2349 3631 2581 3696; x_wconf 83' lang='lat' dir='ltr'><strong>ferrent,</strong></span> <span class='ocrx_word' id='word_1_742' title='bbox 2610 3640 2832 3684; x_wconf 88' lang='lat' dir='ltr'><strong>eventus</strong></span> <span class='ocrx_word' id='word_1_743' title='bbox 2860 3645 2918 3684; x_wconf 92' lang='lat' dir='ltr'><strong>se</strong></span> <span class='ocrx_word' id='word_1_744' title='bbox 2943 3631 3186 3684; x_wconf 90' lang='lat' dir='ltr'><strong>dominos</strong></span> <span class='ocrx_word' id='word_1_745' title='bbox 3210 3645 3329 3686; x_wconf 89' lang='lat' dir='ltr'><strong>esse</strong></span> <span class='ocrx_word' id='word_1_746' title='bbox 3353 3645 3574 3700; x_wconf 83' lang='lat' dir='ltr'><strong>negave-</strong></span> 
     </span>
    </p>
   </div>
   <div class='ocr_carea' id='block_1_99' title="bbox 2002 3719 3574 3789">
    <p class='ocr_par' dir='ltr' id='par_1_99' title="bbox 2002 3719 3574 3789">
     <span class='ocr_line' id='line_1_99' title="bbox 2002 3719 3574 3789; baseline -0.003 -13"><span class='ocrx_word' id='word_1_747' title='bbox 2002 3722 2146 3787; x_wconf 89' lang='lat' dir='ltr'><strong>rint;</strong></span> <span class='ocrx_word' id='word_1_748' title='bbox 2186 3721 2326 3775; x_wconf 89' lang='lat' dir='ltr'><strong>haud</strong></span> <span class='ocrx_word' id='word_1_749' title='bbox 2372 3730 2537 3775; x_wconf 91' lang='lat' dir='ltr'><strong>tutum</strong></span> <span class='ocrx_word' id='word_1_750' title='bbox 2567 3721 2708 3776; x_wconf 89' lang='lat' dir='ltr'><strong>enim</strong></span> <span class='ocrx_word' id='word_1_751' title='bbox 2731 3761 2746 3786; x_wconf 93' lang='lat'><strong>,</strong></span> <span class='ocrx_word' id='word_1_752' title='bbox 2774 3720 2868 3775; x_wconf 90' lang='lat' dir='ltr'><strong>sed</strong></span> <span class='ocrx_word' id='word_1_753' title='bbox 2912 3719 3261 3789; x_wconf 90' lang='lat' dir='ltr'><strong>periculosum</strong></span> <span class='ocrx_word' id='word_1_754' title='bbox 3287 3733 3439 3785; x_wconf 87' lang='lat' dir='ltr'><strong>esse,</strong></span> <span class='ocrx_word' id='word_1_755' title='bbox 3470 3734 3574 3773; x_wconf 90' lang='lat' dir='ltr'><strong>non</strong></span> 
     </span>
    </p>
   </div>
   <div class='ocr_carea' id='block_1_100' title="bbox 2005 3810 3576 3882">
    <p class='ocr_par' dir='ltr' id='par_1_100' title="bbox 2005 3810 3576 3882">
     <span class='ocr_line' id='line_1_100' title="bbox 2005 3810 3576 3882; baseline -0.003 -14"><span class='ocrx_word' id='word_1_756' title='bbox 2005 3822 2208 3868; x_wconf 91' lang='lat' dir='ltr'><strong>tantum</strong></span> <span class='ocrx_word' id='word_1_757' title='bbox 2255 3813 2500 3882; x_wconf 71' lang='lat' dir='ltr'><strong>iniuriam</strong></span> <span class='ocrx_word' id='word_1_758' title='bbox 2545 3810 2744 3866; x_wconf 87' lang='lat' dir='ltr'><strong>inferre</strong></span> <span class='ocrx_word' id='word_1_759' title='bbox 2781 3811 3124 3880; x_wconf 89' lang='lat' dir='ltr'><strong>Imperatori,</strong></span> <span class='ocrx_word' id='word_1_760' title='bbox 3153 3810 3247 3864; x_wconf 93' lang='lat' dir='ltr'><strong>sed</strong></span> <span class='ocrx_word' id='word_1_761' title='bbox 3285 3811 3443 3866; x_wconf 90' lang='lat' dir='ltr'><strong>etiam</strong></span> <span class='ocrx_word' id='word_1_762' title='bbox 3483 3825 3576 3864; x_wconf 81' lang='lat' dir='ltr'><strong>eos</strong></span> 
     </span>
    </p>
   </div>
   <div class='ocr_carea' id='block_1_101' title="bbox 2003 3900 3576 3974">
    <p class='ocr_par' dir='ltr' id='par_1_101' title="bbox 2003 3900 3576 3974">
     <span class='ocr_line' id='line_1_101' title="bbox 2003 3900 3576 3974; baseline -0.003 -15"><span class='ocrx_word' id='word_1_763' title='bbox 2003 3904 2093 3974; x_wconf 89' lang='lat' dir='ltr'><strong>qui</strong></span> <span class='ocrx_word' id='word_1_764' title='bbox 2113 3903 2449 3959; x_wconf 69' lang='lat' dir='ltr'><strong>contumeliae</strong></span> <span class='ocrx_word' id='word_1_765' title='bbox 2474 3903 2549 3958; x_wconf 91' lang='lat' dir='ltr'><strong>rei</strong></span> <span class='ocrx_word' id='word_1_766' title='bbox 2573 3902 2801 3957; x_wconf 87' lang='lat' dir='ltr'><strong>convicti</strong></span> <span class='ocrx_word' id='word_1_767' title='bbox 2827 3906 2950 3967; x_wconf 90' lang='lat' dir='ltr'><strong>sint,</strong></span> <span class='ocrx_word' id='word_1_768' title='bbox 2974 3901 3261 3970; x_wconf 91' lang='lat' dir='ltr'><strong>impunitos</strong></span> <span class='ocrx_word' id='word_1_769' title='bbox 3279 3900 3576 3955; x_wconf 79' lang='lat' dir='ltr'><strong>dimittere?</strong></span> 
     </span>
    </p>
   </div>
   <div class='ocr_carea' id='block_1_102' title="bbox 2005 3992 3578 4063">
    <p class='ocr_par' dir='ltr' id='par_1_102' title="bbox 2005 3992 3578 4063">
     <span class='ocr_line' id='line_1_102' title="bbox 2005 3992 3578 4063; baseline -0.003 -12"><span class='ocrx_word' id='word_1_770' title='bbox 2005 3995 2110 4051; x_wconf 87' lang='lat' dir='ltr'><strong>Sed</strong></span> <span class='ocrx_word' id='word_1_771' title='bbox 2141 3995 2192 4049; x_wconf 92' lang='lat' dir='ltr'><strong>hi</strong></span> <span class='ocrx_word' id='word_1_772' title='bbox 2217 3993 2464 4050; x_wconf 90' lang='lat' dir='ltr'><strong>omnibus</strong></span> <span class='ocrx_word' id='word_1_773' title='bbox 2493 3993 2638 4049; x_wconf 87' lang='lat' dir='ltr'><strong>fuere</strong></span> <span class='ocrx_word' id='word_1_774' title='bbox 2667 3994 3023 4062; x_wconf 89' lang='lat' dir='ltr'><strong>potentiores,</strong></span> <span class='ocrx_word' id='word_1_775' title='bbox 3052 4003 3107 4046; x_wconf 89' lang='lat' dir='ltr'><strong>et</strong></span> <span class='ocrx_word' id='word_1_776' title='bbox 3127 3992 3290 4047; x_wconf 89' lang='lat' dir='ltr'><strong>animi</strong></span> <span class='ocrx_word' id='word_1_777' title='bbox 3317 3993 3578 4063; x_wconf 78' lang='lat' dir='ltr'><strong>magnitu-</strong></span> 
     </span>
    </p>
   </div>
   <div class='ocr_carea' id='block_1_103' title="bbox 2005 4083 3577 4152">
    <p class='ocr_par' dir='ltr' id='par_1_103' title="bbox 2005 4083 3577 4152">
     <span class='ocr_line' id='line_1_103' title="bbox 2005 4083 3577 4152; baseline -0.002 -13"><span class='ocrx_word' id='word_1_778' title='bbox 2005 4085 2128 4139; x_wconf 89' lang='lat' dir='ltr'><strong>dine</strong></span> <span class='ocrx_word' id='word_1_779' title='bbox 2165 4093 2218 4140; x_wconf 90' lang='lat' dir='ltr'><strong>et</strong></span> <span class='ocrx_word' id='word_1_780' title='bbox 2257 4085 2532 4140; x_wconf 89' lang='lat' dir='ltr'><strong>tolerantia</strong></span> <span class='ocrx_word' id='word_1_781' title='bbox 2571 4084 2866 4139; x_wconf 81' lang='lat' dir='ltr'><strong>assidentes</strong></span> <span class='ocrx_word' id='word_1_782' title='bbox 2906 4083 3301 4152; x_wconf 86' lang='lat' dir='ltr'><strong>supplicarunt,</strong></span> <span class='ocrx_word' id='word_1_783' title='bbox 3333 4093 3390 4137; x_wconf 91' lang='lat' dir='ltr'><strong>ut</strong></span> <span class='ocrx_word' id='word_1_784' title='bbox 3421 4098 3577 4152; x_wconf 88' lang='lat' dir='ltr'><strong>quam</strong></span> 
     </span>
    </p>
   </div>
   <div class='ocr_carea' id='block_1_104' title="bbox 2005 4173 3579 4245">
    <p class='ocr_par' dir='ltr' id='par_1_104' title="bbox 2005 4173 3579 4245">
     <span class='ocr_line' id='line_1_104' title="bbox 2005 4173 3579 4245; baseline -0.003 -14"><span class='ocrx_word' id='word_1_785' title='bbox 2005 4177 2073 4231; x_wconf 90' lang='lat' dir='ltr'><strong>ab</strong></span> <span class='ocrx_word' id='word_1_786' title='bbox 2101 4177 2422 4245; x_wconf 87' lang='lat' dir='ltr'><strong>lmperatore</strong></span> <span class='ocrx_word' id='word_1_787' title='bbox 2460 4190 2567 4230; x_wconf 93' lang='lat' dir='ltr'><strong>non</strong></span> <span class='ocrx_word' id='word_1_788' title='bbox 2602 4182 2918 4244; x_wconf 85' lang='lat' dir='ltr'><strong>acceperant</strong></span> <span class='ocrx_word' id='word_1_789' title='bbox 2947 4180 3257 4243; x_wconf 87' lang='lat' dir='ltr'><strong>potestatem</strong></span> <span class='ocrx_word' id='word_1_790' title='bbox 3278 4215 3293 4240; x_wconf 92' lang='lat'><strong>,</strong></span> <span class='ocrx_word' id='word_1_791' title='bbox 3324 4173 3458 4227; x_wconf 84' lang='lat' dir='ltr'><strong>hanc</strong></span> <span class='ocrx_word' id='word_1_792' title='bbox 3483 4188 3579 4227; x_wconf 86' lang='lat' dir='ltr'><strong>cx-</strong></span> 
     </span>
    </p>
   </div>
   <div class='ocr_carea' id='block_1_105' title="bbox 2007 4263 3582 4336">
    <p class='ocr_par' dir='ltr' id='par_1_105' title="bbox 2007 4263 3582 4336">
     <span class='ocr_line' id='line_1_105' title="bbox 2007 4263 3582 4336; baseline -0.003 -13"><span class='ocrx_word' id='word_1_793' title='bbox 2007 4267 2251 4323; x_wconf 88' lang='lat' dir='ltr'><strong>hiberent</strong></span> <span class='ocrx_word' id='word_1_794' title='bbox 2279 4284 2292 4320; x_wconf 91' lang='lat'><strong>:</strong></span> <span class='ocrx_word' id='word_1_795' title='bbox 2323 4275 2376 4322; x_wconf 91' lang='lat' dir='ltr'><strong>et</strong></span> <span class='ocrx_word' id='word_1_796' title='bbox 2403 4266 2746 4336; x_wconf 86' lang='lat' dir='ltr'><strong>deprehensis</strong></span> <span class='ocrx_word' id='word_1_797' title='bbox 2775 4266 2838 4320; x_wconf 93' lang='lat' dir='ltr'><strong>iis</strong></span> <span class='ocrx_word' id='word_1_798' title='bbox 2863 4265 2951 4335; x_wconf 90' lang='lat' dir='ltr'><strong>qui</strong></span> <span class='ocrx_word' id='word_1_799' title='bbox 2980 4264 3055 4318; x_wconf 90' lang='lat' dir='ltr'><strong>rei</strong></span> <span class='ocrx_word' id='word_1_800' title='bbox 3083 4273 3292 4330; x_wconf 89' lang='lat' dir='ltr'><strong>essent,</strong></span> <span class='ocrx_word' id='word_1_801' title='bbox 3318 4263 3582 4334; x_wconf 77' lang='lat' dir='ltr'><strong>iudicibus</strong></span> 
     </span>
    </p>
   </div>
   <div class='ocr_carea' id='block_1_106' title="bbox 2010 4355 3581 4429">
    <p class='ocr_par' dir='ltr' id='par_1_106' title="bbox 2010 4355 3581 4429">
     <span class='ocr_line' id='line_1_106' title="bbox 2010 4355 3581 4429; baseline -0.002 -17"><span class='ocrx_word' id='word_1_802' title='bbox 2010 4358 2330 4429; x_wconf 87' lang='lat' dir='ltr'><strong>persuadere</strong></span> <span class='ocrx_word' id='word_1_803' title='bbox 2379 4366 2701 4428; x_wconf 91' lang='lat' dir='ltr'><strong>potuerunt,</strong></span> <span class='ocrx_word' id='word_1_804' title='bbox 2747 4371 2816 4411; x_wconf 93' lang='lat' dir='ltr'><strong>ne</strong></span> <span class='ocrx_word' id='word_1_805' title='bbox 2863 4355 3216 4410; x_wconf 88' lang='lat' dir='ltr'><strong>damnationis</strong></span> <span class='ocrx_word' id='word_1_806' title='bbox 3265 4355 3581 4409; x_wconf 86' lang='lat' dir='ltr'><strong>sententiam</strong></span> 
     </span>
    </p>
   </div>
   <div class='ocr_carea' id='block_1_107' title="bbox 2009 4444 3584 4516">
    <p class='ocr_par' dir='ltr' id='par_1_107' title="bbox 2009 4444 3584 4516">
     <span class='ocr_line' id='line_1_107' title="bbox 2009 4444 3584 4516; baseline -0.004 -12"><span class='ocrx_word' id='word_1_807' title='bbox 2009 4448 2278 4512; x_wconf 79' lang='lat' dir='ltr'><strong>eﬂ‘errent,</strong></span> <span class='ocrx_word' id='word_1_808' title='bbox 2306 4448 2400 4503; x_wconf 89' lang='lat' dir='ltr'><strong>sed</strong></span> <span class='ocrx_word' id='word_1_809' title='bbox 2427 4447 2494 4502; x_wconf 91' lang='lat' dir='ltr'><strong>ad</strong></span> <span class='ocrx_word' id='word_1_810' title='bbox 2521 4446 2854 4516; x_wconf 90' lang='lat' dir='ltr'><strong>Imperatoris</strong></span> <span class='ocrx_word' id='word_1_811' title='bbox 2881 4453 3064 4499; x_wconf 90' lang='lat' dir='ltr'><strong>nutum</strong></span> <span class='ocrx_word' id='word_1_812' title='bbox 3090 4459 3183 4499; x_wconf 90' lang='lat' dir='ltr'><strong>eos</strong></span> <span class='ocrx_word' id='word_1_813' title='bbox 3206 4444 3508 4514; x_wconf 87' lang='lat' dir='ltr'><strong>rejicerent,</strong></span> <span class='ocrx_word' id='word_1_814' title='bbox 3530 4452 3584 4498; x_wconf 86' lang='lat' dir='ltr'><strong>et</strong></span> 
     </span>
    </p>
   </div>
   <div class='ocr_carea' id='block_1_108' title="bbox 2012 4535 3582 4608">
    <p class='ocr_par' dir='ltr' id='par_1_108' title="bbox 2012 4535 3582 4608">
     <span class='ocr_line' id='line_1_108' title="bbox 2012 4535 3582 4608; baseline -0.004 -14"><span class='ocrx_word' id='word_1_815' title='bbox 2012 4539 2368 4608; x_wconf 83' lang='lat' dir='ltr'><strong>promiserunt</strong></span> <span class='ocrx_word' id='word_1_816' title='bbox 2395 4553 2453 4593; x_wconf 91' lang='lat' dir='ltr'><strong>se</strong></span> <span class='ocrx_word' id='word_1_817' title='bbox 2482 4537 2555 4592; x_wconf 90' lang='lat' dir='ltr'><strong>illi</strong></span> <span class='ocrx_word' id='word_1_818' title='bbox 2589 4550 2932 4606; x_wconf 89' lang='lat' dir='ltr'><strong>persuasuros</strong></span> <span class='ocrx_word' id='word_1_819' title='bbox 2951 4577 2966 4601; x_wconf 92' lang='lat'><strong>,</strong></span> <span class='ocrx_word' id='word_1_820' title='bbox 2999 4545 3052 4590; x_wconf 89' lang='lat' dir='ltr'><strong>et</strong></span> <span class='ocrx_word' id='word_1_821' title='bbox 3079 4535 3360 4590; x_wconf 73' lang='lat' dir='ltr'><strong>effecturos</strong></span> <span class='ocrx_word' id='word_1_822' title='bbox 3384 4543 3438 4590; x_wconf 94' lang='lat' dir='ltr'><strong>ut</strong></span> <span class='ocrx_word' id='word_1_823' title='bbox 3465 4549 3582 4589; x_wconf 82' lang='lat' dir='ltr'><strong>om-</strong></span> 
     </span>
    </p>
   </div>
   <div class='ocr_carea' id='block_1_109' title="bbox 2011 4627 3585 4696">
    <p class='ocr_par' dir='ltr' id='par_1_109' title="bbox 2011 4627 3585 4696">
     <span class='ocr_line' id='line_1_109' title="bbox 2011 4627 3585 4696; baseline -0.004 -12"><span class='ocrx_word' id='word_1_824' title='bbox 2011 4633 2138 4685; x_wconf 91' lang='lat' dir='ltr'><strong>nino</strong></span> <span class='ocrx_word' id='word_1_825' title='bbox 2165 4629 2370 4684; x_wconf 91' lang='lat' dir='ltr'><strong>veniam</strong></span> <span class='ocrx_word' id='word_1_826' title='bbox 2396 4627 2546 4682; x_wconf 88' lang='lat' dir='ltr'><strong>daret</strong></span> <span class='ocrx_word' id='word_1_827' title='bbox 2569 4627 2633 4681; x_wconf 93' lang='lat' dir='ltr'><strong>iis</strong></span> <span class='ocrx_word' id='word_1_828' title='bbox 2652 4668 2666 4693; x_wconf 87' lang='lat'><strong>,</strong></span> <span class='ocrx_word' id='word_1_829' title='bbox 2694 4627 2784 4696; x_wconf 90' lang='lat' dir='ltr'><strong>qui</strong></span> <span class='ocrx_word' id='word_1_830' title='bbox 2812 4627 2862 4680; x_wconf 91' lang='lat' dir='ltr'><strong>in</strong></span> <span class='ocrx_word' id='word_1_831' title='bbox 2888 4640 2946 4681; x_wconf 92' lang='lat' dir='ltr'><strong>se</strong></span> <span class='ocrx_word' id='word_1_832' title='bbox 2973 4633 3340 4695; x_wconf 87' lang='lat' dir='ltr'><strong>peccaverant,</strong></span> <span class='ocrx_word' id='word_1_833' title='bbox 3367 4631 3423 4680; x_wconf 90' lang='lat' dir='ltr'><strong>et</strong></span> <span class='ocrx_word' id='word_1_834' title='bbox 3465 4638 3585 4693; x_wconf 90' lang='lat' dir='ltr'><strong>per-</strong></span> 
     </span>
    </p>
   </div>
   <div class='ocr_carea' id='block_1_110' title="bbox 2012 4717 3581 4792">
    <p class='ocr_par' dir='ltr' id='par_1_110' title="bbox 2012 4717 3581 4792">
     <span class='ocr_line' id='line_1_110' title="bbox 2012 4717 3581 4792; baseline -0.006 -15"><span class='ocrx_word' id='word_1_835' title='bbox 2012 4722 2394 4792; x_wconf 83' lang='lat' dir='ltr'><strong>cgrinationem</strong></span> <span class='ocrx_word' id='word_1_836' title='bbox 2429 4720 2659 4791; x_wconf 81' lang='lat' dir='ltr'><strong>aggressi</strong></span> <span class='ocrx_word' id='word_1_837' title='bbox 2683 4725 2826 4775; x_wconf 81' lang='lat' dir='ltr'><strong>sunt.</strong></span> <span class='ocrx_word' id='word_1_838' title='bbox 2846 4717 2950 4776; x_wconf 89' lang='lat' dir='ltr'><strong>Sed</strong></span> <span class='ocrx_word' id='word_1_839' title='bbox 2975 4718 3181 4789; x_wconf 87' lang='lat' dir='ltr'><strong>judices</strong></span> <span class='ocrx_word' id='word_1_840' title='bbox 3222 4717 3456 4788; x_wconf 82' lang='lat' dir='ltr'><strong>ipsorum</strong></span> <span class='ocrx_word' id='word_1_841' title='bbox 3494 4731 3581 4769; x_wconf 87' lang='lat' dir='ltr'><strong>sa-</strong></span> 
     </span>
    </p>
   </div>
   <div class='ocr_carea' id='block_1_111' title="bbox 2014 4803 3586 4885">
    <p class='ocr_par' dir='ltr' id='par_1_111' title="bbox 2014 4803 3586 4885">
     <span class='ocr_line' id='line_1_111' title="bbox 2014 4803 3586 4885; baseline -0.007 -17"><span class='ocrx_word' id='word_1_842' title='bbox 2014 4813 2267 4885; x_wconf 89' lang='lat' dir='ltr'><strong>pientiam</strong></span> <span class='ocrx_word' id='word_1_843' title='bbox 2308 4812 2543 4877; x_wconf 90' lang='lat' dir='ltr'><strong>reveriti,</strong></span> <span class='ocrx_word' id='word_1_844' title='bbox 2573 4820 2627 4867; x_wconf 91' lang='lat' dir='ltr'><strong>et</strong></span> <span class='ocrx_word' id='word_1_845' title='bbox 2654 4825 2842 4866; x_wconf 89' lang='lat' dir='ltr'><strong>sensus</strong></span> <span class='ocrx_word' id='word_1_846' title='bbox 2869 4808 3145 4865; x_wconf 87' lang='lat' dir='ltr'><strong>altitudine</strong></span> <span class='ocrx_word' id='word_1_847' title='bbox 3170 4806 3418 4878; x_wconf 88' lang='lat' dir='ltr'><strong>perculsi,</strong></span> <span class='ocrx_word' id='word_1_848' title='bbox 3450 4803 3586 4858; x_wconf 87' lang='lat' dir='ltr'><strong>hanc</strong></span> 
     </span>
    </p>
   </div>
   <div class='ocr_carea' id='block_1_112' title="bbox 2011 4895 3586 4977">
    <p class='ocr_par' dir='ltr' id='par_1_112' title="bbox 2011 4895 3586 4977">
     <span class='ocr_line' id='line_1_112' title="bbox 2011 4895 3586 4977; baseline -0.009 -14"><span class='ocrx_word' id='word_1_849' title='bbox 2011 4923 2106 4963; x_wconf 89' lang='lat' dir='ltr'><strong>eos</strong></span> <span class='ocrx_word' id='word_1_850' title='bbox 2147 4907 2354 4977; x_wconf 83' lang='lat' dir='ltr'><strong>longam</strong></span> <span class='ocrx_word' id='word_1_851' title='bbox 2387 4905 2538 4961; x_wconf 89' lang='lat' dir='ltr'><strong>obire</strong></span> <span class='ocrx_word' id='word_1_852' title='bbox 2574 4904 2711 4958; x_wconf 89' lang='lat' dir='ltr'><strong>viam</strong></span> <span class='ocrx_word' id='word_1_853' title='bbox 2746 4919 2852 4958; x_wconf 92' lang='lat' dir='ltr'><strong>non</strong></span> <span class='ocrx_word' id='word_1_854' title='bbox 2891 4901 3216 4973; x_wconf 89' lang='lat' dir='ltr'><strong>permisere,</strong></span> <span class='ocrx_word' id='word_1_855' title='bbox 3246 4897 3339 4954; x_wconf 88' lang='lat' dir='ltr'><strong>sed</strong></span> <span class='ocrx_word' id='word_1_856' title='bbox 3365 4897 3409 4952; x_wconf 89' lang='lat' dir='ltr'><strong>si</strong></span> <span class='ocrx_word' id='word_1_857' title='bbox 3434 4895 3586 4951; x_wconf 59' lang='lat' dir='ltr'><strong>dum-</strong></span> 
     </span>
    </p>
   </div>
   <div class='ocr_carea' id='block_1_113' title="bbox 2013 4985 3588 5068">
    <p class='ocr_par' dir='ltr' id='par_1_113' title="bbox 2013 4985 3588 5068">
     <span class='ocr_line' id='line_1_113' title="bbox 2013 4985 3588 5068; baseline -0.01 -14"><span class='ocrx_word' id='word_1_858' title='bbox 2013 5008 2159 5054; x_wconf 83' lang='lat' dir='ltr'><strong>taxat</strong></span> <span class='ocrx_word' id='word_1_859' title='bbox 2188 4998 2418 5068; x_wconf 89' lang='lat' dir='ltr'><strong>ipsorum</strong></span> <span class='ocrx_word' id='word_1_860' title='bbox 2443 5009 2601 5051; x_wconf 88' lang='lat' dir='ltr'><strong>voces</strong></span> <span class='ocrx_word' id='word_1_861' title='bbox 2629 4994 2883 5050; x_wconf 88' lang='lat' dir='ltr'><strong>baberent</strong></span> <span class='ocrx_word' id='word_1_862' title='bbox 2912 4993 2963 5046; x_wconf 91' lang='lat' dir='ltr'><strong>in</strong></span> <span class='ocrx_word' id='word_1_863' title='bbox 2994 4989 3205 5059; x_wconf 90' lang='lat' dir='ltr'><strong>scriptis</strong></span> <span class='ocrx_word' id='word_1_864' title='bbox 3225 5027 3238 5051; x_wconf 92' lang='lat'><strong>,</strong></span> <span class='ocrx_word' id='word_1_865' title='bbox 3267 5002 3326 5042; x_wconf 89' lang='lat' dir='ltr'><strong>se</strong></span> <span class='ocrx_word' id='word_1_866' title='bbox 3353 5001 3472 5042; x_wconf 92' lang='lat' dir='ltr'><strong>cum</strong></span> <span class='ocrx_word' id='word_1_867' title='bbox 3503 4985 3588 5040; x_wconf 69' lang='lat' dir='ltr'><strong>lit-</strong></span> 
     </span>
    </p>
   </div>
   <div class='ocr_carea' id='block_1_114' title="bbox 2016 5084 3589 5154">
    <p class='ocr_par' dir='ltr' id='par_1_114' title="bbox 2016 5084 3589 5154">
     <span class='ocr_line' id='line_1_114' title="bbox 2016 5084 3589 5154; baseline -0.011 -8"><span class='ocrx_word' id='word_1_868' title='bbox 2016 5091 2144 5146; x_wconf 89' lang='lat' dir='ltr'><strong>teris</strong></span> <span class='ocrx_word' id='word_1_869' title='bbox 2169 5089 2514 5152; x_wconf 86' lang='lat' dir='ltr'><strong>discessuros,</strong></span> <span class='ocrx_word' id='word_1_870' title='bbox 2544 5094 2599 5141; x_wconf 88' lang='lat' dir='ltr'><strong>et</strong></span> <span class='ocrx_word' id='word_1_871' title='bbox 2623 5084 2997 5154; x_wconf 85' lang='lat' dir='ltr'><strong>imperatorem</strong></span> <span class='ocrx_word' id='word_1_872' title='bbox 3035 5086 3364 5141; x_wconf 85' lang='lat' dir='ltr'><strong>exoraturos,</strong></span> <span class='ocrx_word' id='word_1_873' title='bbox 3396 5086 3452 5130; x_wconf 93' lang='lat' dir='ltr'><strong>ut</strong></span> <span class='ocrx_word' id='word_1_874' title='bbox 3475 5091 3589 5130; x_wconf 88' lang='lat' dir='ltr'><strong>om-</strong></span> 
     </span>
    </p>
   </div>
   <div class='ocr_carea' id='block_1_115' title="bbox 2015 5165 3586 5242">
    <p class='ocr_par' dir='ltr' id='par_1_115' title="bbox 2015 5165 3586 5242">
     <span class='ocr_line' id='line_1_115' title="bbox 2015 5165 3586 5242; baseline -0.01 -8"><span class='ocrx_word' id='word_1_875' title='bbox 2015 5195 2134 5234; x_wconf 90' lang='lat' dir='ltr'><strong>nem</strong></span> <span class='ocrx_word' id='word_1_876' title='bbox 2181 5179 2311 5233; x_wconf 89' lang='lat' dir='ltr'><strong>iram</strong></span> <span class='ocrx_word' id='word_1_877' title='bbox 2358 5177 2686 5241; x_wconf 89' lang='lat' dir='ltr'><strong>dimitteret,</strong></span> <span class='ocrx_word' id='word_1_878' title='bbox 2733 5169 3133 5242; x_wconf 79' lang='lat' dir='ltr'><strong>speponderunt</strong></span> <span class='ocrx_word' id='word_1_879' title='bbox 3165 5185 3180 5222; x_wconf 89' lang='lat'><strong>:</strong></span> <span class='ocrx_word' id='word_1_880' title='bbox 3207 5165 3347 5237; x_wconf 91' lang='lat' dir='ltr'><strong>quod</strong></span> <span class='ocrx_word' id='word_1_881' title='bbox 3383 5173 3438 5221; x_wconf 91' lang='lat' dir='ltr'><strong>et</strong></span> <span class='ocrx_word' id='word_1_882' title='bbox 3475 5165 3586 5220; x_wconf 79' lang='lat' dir='ltr'><strong>fore</strong></span> 
     </span>
    </p>
   </div>
   <div class='ocr_carea' id='block_1_116' title="bbox 2015 5255 3586 5338">
    <p class='ocr_par' dir='ltr' id='par_1_116' title="bbox 2015 5255 3586 5338">
     <span class='ocr_line' id='line_1_116' title="bbox 2015 5255 3586 5338; baseline -0.011 -13"><span class='ocrx_word' id='word_1_883' title='bbox 2015 5276 2404 5338; x_wconf 77' lang='lat' dir='ltr'><strong>exspectamus.</strong></span> <span class='ocrx_word' id='word_1_884' title='bbox 2452 5265 2658 5322; x_wconf 87' lang='lat' dir='ltr'><strong>Etenim</strong></span> <span class='ocrx_word' id='word_1_885' title='bbox 2701 5279 2820 5319; x_wconf 91' lang='lat' dir='ltr'><strong>cum</strong></span> <span class='ocrx_word' id='word_1_886' title='bbox 2867 5258 3125 5316; x_wconf 88' lang='lat' dir='ltr'><strong>sententia</strong></span> <span class='ocrx_word' id='word_1_887' title='bbox 3166 5257 3465 5321; x_wconf 90' lang='lat' dir='ltr'><strong>diceretur,</strong></span> <span class='ocrx_word' id='word_1_888' title='bbox 3505 5255 3586 5310; x_wconf 77' lang='lat' dir='ltr'><strong>iu-</strong></span> 
     </span>
    </p>
   </div>
   <div class='ocr_carea' id='block_1_117' title="bbox 2013 5346 3590 5430">
    <p class='ocr_par' dir='ltr' id='par_1_117' title="bbox 2013 5346 3590 5430">
     <span class='ocr_line' id='line_1_117' title="bbox 2013 5346 3590 5430; baseline -0.011 -13"><span class='ocrx_word' id='word_1_889' title='bbox 2013 5359 2180 5430; x_wconf 83' lang='lat' dir='ltr'><strong>gressi</strong></span> <span class='ocrx_word' id='word_1_890' title='bbox 2207 5359 2384 5414; x_wconf 70' lang='lat' dir='ltr'><strong>multre</strong></span> <span class='ocrx_word' id='word_1_891' title='bbox 2411 5356 2685 5427; x_wconf 63' lang='lat' dir='ltr'><strong>sapientia:</strong></span> <span class='ocrx_word' id='word_1_892' title='bbox 2709 5353 2870 5409; x_wconf 89' lang='lat' dir='ltr'><strong>verba</strong></span> <span class='ocrx_word' id='word_1_893' title='bbox 2919 5352 3102 5406; x_wconf 86' lang='lat' dir='ltr'><strong>dixere</strong></span> <span class='ocrx_word' id='word_1_894' title='bbox 3125 5390 3140 5415; x_wconf 90' lang='lat'><strong>,</strong></span> <span class='ocrx_word' id='word_1_895' title='bbox 3170 5363 3234 5404; x_wconf 82' lang='lat' dir='ltr'><strong>ac</strong></span> <span class='ocrx_word' id='word_1_896' title='bbox 3273 5363 3368 5418; x_wconf 89' lang='lat' dir='ltr'><strong>per</strong></span> <span class='ocrx_word' id='word_1_897' title='bbox 3410 5346 3590 5402; x_wconf 86' lang='lat' dir='ltr'><strong>literas</strong></span> 
     </span>
    </p>
   </div>
   <div class='ocr_carea' id='block_1_118' title="bbox 2017 5438 3588 5524">
    <p class='ocr_par' dir='ltr' id='par_1_118' title="bbox 2017 5438 3588 5524">
     <span class='ocr_line' id='line_1_118' title="bbox 2017 5438 3588 5524; baseline -0.013 -15"><span class='ocrx_word' id='word_1_898' title='bbox 2017 5452 2327 5524; x_wconf 84' lang='lat' dir='ltr'><strong>imperatori</strong></span> <span class='ocrx_word' id='word_1_899' title='bbox 2367 5443 2830 5520; x_wconf 73' lang='lat' dir='ltr'><strong>supplicaverunt,</strong></span> <span class='ocrx_word' id='word_1_900' title='bbox 2859 5452 2912 5498; x_wconf 91' lang='lat' dir='ltr'><strong>et</strong></span> <span class='ocrx_word' id='word_1_901' title='bbox 2943 5440 3128 5512; x_wconf 75' lang='lat' dir='ltr'><strong>iudicii</strong></span> <span class='ocrx_word' id='word_1_902' title='bbox 3163 5439 3337 5496; x_wconf 84' lang='lat' dir='ltr'><strong>fecere</strong></span> <span class='ocrx_word' id='word_1_903' title='bbox 3363 5438 3588 5493; x_wconf 87' lang='lat' dir='ltr'><strong>mentio-</strong></span> 
     </span>
    </p>
   </div>
   <div class='ocr_carea' id='block_1_119' title="bbox 2016 5527 3593 5616">
    <p class='ocr_par' dir='ltr' id='par_1_119' title="bbox 2016 5527 3593 5616">
     <span class='ocr_line' id='line_1_119' title="bbox 2016 5527 3593 5616; baseline -0.016 -11"><span class='ocrx_word' id='word_1_904' title='bbox 2016 5564 2137 5605; x_wconf 89' lang='lat' dir='ltr'><strong>nem</strong></span> <span class='ocrx_word' id='word_1_905' title='bbox 2159 5589 2173 5616; x_wconf 90' lang='lat'><strong>,</strong></span> <span class='ocrx_word' id='word_1_906' title='bbox 2202 5556 2256 5603; x_wconf 91' lang='lat' dir='ltr'><strong>et</strong></span> <span class='ocrx_word' id='word_1_907' title='bbox 2279 5561 2338 5602; x_wconf 86' lang='lat' dir='ltr'><strong>se</strong></span> <span class='ocrx_word' id='word_1_908' title='bbox 2363 5559 2457 5600; x_wconf 87' lang='lat' dir='ltr'><strong>sua</strong></span> <span class='ocrx_word' id='word_1_909' title='bbox 2483 5541 2818 5613; x_wconf 89' lang='lat' dir='ltr'><strong>deposituros</strong></span> <span class='ocrx_word' id='word_1_910' title='bbox 2843 5551 2964 5594; x_wconf 87' lang='lat' dir='ltr'><strong>esse</strong></span> <span class='ocrx_word' id='word_1_911' title='bbox 2988 5535 3160 5606; x_wconf 85' lang='lat' dir='ltr'><strong>capita</strong></span> <span class='ocrx_word' id='word_1_912' title='bbox 3182 5532 3461 5597; x_wconf 86' lang='lat' dir='ltr'><strong>dixerunt,</strong></span> <span class='ocrx_word' id='word_1_913' title='bbox 3493 5527 3593 5581; x_wconf 87' lang='lat' dir='ltr'><strong>nisi</strong></span> 
     </span>
    </p>
   </div>
   <div class='ocr_carea' id='block_1_120' title="bbox 2021 5618 3590 5706">
    <p class='ocr_par' dir='ltr' id='par_1_120' title="bbox 2021 5618 3590 5706">
     <span class='ocr_line' id='line_1_120' title="bbox 2021 5618 3590 5706; baseline -0.018 -8"><span class='ocrx_word' id='word_1_914' title='bbox 2021 5643 2121 5698; x_wconf 89' lang='lat' dir='ltr'><strong>hoc</strong></span> <span class='ocrx_word' id='word_1_915' title='bbox 2148 5640 2316 5696; x_wconf 84' lang='lat' dir='ltr'><strong>ﬁeret.</strong></span> <span class='ocrx_word' id='word_1_916' title='bbox 2361 5637 2424 5692; x_wconf 76' lang='lat' dir='ltr'><strong>Et</strong></span> <span class='ocrx_word' id='word_1_917' title='bbox 2456 5644 2572 5706; x_wconf 84' lang='lat' dir='ltr'><strong>post</strong></span> <span class='ocrx_word' id='word_1_918' title='bbox 2597 5634 2692 5691; x_wconf 87' lang='lat' dir='ltr'><strong>has</strong></span> <span class='ocrx_word' id='word_1_919' title='bbox 2720 5638 2958 5701; x_wconf 85' lang='lat' dir='ltr'><strong>sumptas</strong></span> <span class='ocrx_word' id='word_1_920' title='bbox 2985 5628 3036 5684; x_wconf 85' lang='lat' dir='ltr'><strong>in</strong></span> <span class='ocrx_word' id='word_1_921' title='bbox 3067 5626 3233 5684; x_wconf 88' lang='lat' dir='ltr'><strong>literis</strong></span> <span class='ocrx_word' id='word_1_922' title='bbox 3258 5635 3420 5679; x_wconf 80' lang='lat' dir='ltr'><strong>voces</strong></span> <span class='ocrx_word' id='word_1_923' title='bbox 3449 5618 3590 5687; x_wconf 73' lang='lat' dir='ltr'><strong>judi-</strong></span> 
     </span>
    </p>
   </div>
  </div>
