4020 6216
514 281 619 336 175

510 409 602 448 ccs
631 392 873 447 ablerunt
897 431 911 451 ,
940 385 1080 457 quod
1110 384 1254 440 omni
1278 398 1472 438 corona
1503 379 1830 452 splendidius
1855 386 2088 433 nostram

510 483 775 538 civitatem
803 478 1102 534 exornahit.
1135 477 1200 530 Et
1227 491 1344 544 qua:
1371 483 1494 528 sunt
1520 473 1602 526 hic
1629 486 1770 526 nunc
1792 478 1936 540 gesta
1953 510 1967 534 ,
1991 483 2090 523 au-

510 574 618 627 diet
639 571 948 640 Imperator,
973 567 1150 622 audiet
1169 575 1222 620 et
1242 579 1429 635 magna
1452 563 1654 626 civitas,
1674 561 1853 615 audiet
1875 573 1926 615 et
1951 568 2090 614 totus

507 663 671 727 orbis,
699 659 839 731 quod
869 659 1000 712 tales
1025 655 1479 712 Antiochenorum
1506 652 1690 706 urbem
1717 650 1954 704 habitent
1977 664 2091 704 mo-

511 753 665 808 naclii
690 793 704 818 ,
733 761 791 806 ut
821 749 1164 820 apostolicam
1207 746 1491 801 exhibeant
1520 742 1765 797 ﬁduciam
1795 759 1807 794 :
1838 751 1892 796 et
1925 741 2090 795 literis

508 861 651 902 nunc
681 844 830 900 lectis
853 886 867 909 ,
897 844 948 897 in
985 841 1173 897 castris
1199 853 1386 894 omnes
1415 837 1649 908 ipsorum
1689 832 2091 904 magnanimita-

508 947 614 992 tem
644 935 1066 999 admirabuntur,
1097 946 1286 987 omnes
1321 929 1586 984 civitatem
1616 934 1849 982 nostram
1878 924 2089 978 beatam

508 1027 809 1091 vocabunt,
854 1032 909 1080 et
952 1024 1142 1078 malam
1182 1017 1501 1091 repellemus
1539 1018 1732 1071 famam
1766 1033 1779 1068 :
1817 1014 2091 1083 scientquc

507 1133 718 1181 omnes,
747 1125 892 1186 gesta
921 1130 1026 1169 non
1054 1113 1320 1168 civitatem
1348 1107 1752 1164 inhabitantium
1783 1103 1966 1168 fuisse,
1996 1102 2090 1158 sed

511 1208 784 1268 hominum
809 1215 1149 1266 externorum
1177 1211 1233 1261 et
1260 1200 1590 1276 perditorum
1619 1215 1631 1252 :
1660 1206 1714 1253 et
1742 1197 1930 1251 idonea
1957 1194 2089 1248 civi-

509 1302 631 1360 tatis
661 1313 868 1356 morum
894 1295 1281 1354 demonstratio
1309 1292 1692 1348 monachorum
1715 1288 1818 1346 erit
1851 1286 2091 1341 testimo-

508 1397 673 1453 nium.
703 1393 779 1448 Ne
816 1392 974 1462 igitur
1003 1391 1294 1455 tristemur,
1323 1385 1533 1450 dilecti,
1569 1383 1665 1439 sed
1707 1397 1802 1452 spe
1837 1381 1976 1437 bona
2006 1376 2091 1435 in-

507 1487 693 1544 structi
720 1485 905 1540 simus.
935 1483 992 1540 Si
1017 1483 1157 1536 enim
1196 1477 1338 1548 apud
1377 1477 1620 1541 homines
1644 1475 1862 1530 libertas
1888 1479 2089 1526 tantum

508 1575 766 1633 moIeStiae
796 1573 1080 1646 prohibere
1107 1569 1297 1642 potuit,
1331 1567 1470 1638 apud
1502 1567 1668 1621 Deum
1697 1565 1872 1634 ipsum
1902 1561 2089 1616 ﬁducia

505 1670 631 1741 quid
661 1685 768 1724 non
795 1664 1142 1736 operabitur?
1175 1663 1297 1716 Ilaec
1323 1661 1482 1716 etiam
1515 1657 1799 1729 gentilibus
1828 1654 2087 1716 dicamus,

507 1778 629 1817 cum
655 1761 720 1814 de
743 1755 1075 1830 philosophis
1097 1753 1373 1808 nobiscum
1401 1749 1671 1818 disputare
1693 1745 1980 1801 audebunt.
2011 1742 2087 1796 Ex

510 1849 862 1924 prmseutibus
910 1853 1052 1916 patet
1100 1843 1277 1912 priora
1323 1854 1531 1911 quoque
1574 1837 1738 1893 fuisse
1780 1834 1910 1889 falsa
1953 1831 2091 1901 apud

511 1923 630 1996 illos
659 1958 670 1993 :
701 1955 766 1994 ex
796 1938 878 1992 his
905 1934 1240 1990 manifestum
1269 1939 1379 1995 cst,
1407 1939 1462 1984 et
1489 1927 1629 1998 apud
1657 1941 1754 1982 nos
1779 1941 1902 1981 vera
1930 1923 2092 1982 fuisse

511 2032 684 2109 priora
725 2028 792 2085 de
833 2029 1038 2083 Joanne
1061 2066 1078 2090 ,
1109 2025 1267 2079 Petro
1295 2031 1350 2077 et
1387 2020 1549 2076 Paulo
1587 2029 1641 2074 et
1676 2017 1922 2072 omnibus
1950 2016 2089 2070 aliis.

511 2123 769 2190 Quoniam
795 2120 937 2175 enim
961 2119 1010 2172 in
1035 2119 1245 2172 illorum
1276 2115 1523 2185 pietatem
1551 2118 1944 2175 successerunt,
1972 2123 2092 2178 pro-

510 2225 688 2287 pterea
716 2223 769 2270 et
796 2227 982 2268 eorum
1012 2210 1258 2264 ﬁduciam
1288 2206 1642 2262 exhibuerunt
1666 2223 1680 2261 :
1708 2204 1956 2275 quoniam
1996 2204 2090 2258 iis-

509 2309 628 2364 dem
655 2304 859 2376 legibus
892 2301 1100 2358 educati
1129 2310 1291 2366 sunt,
1320 2297 1438 2353 ideo
1467 2306 1522 2352 et
1563 2297 1798 2367 ipsorum
1841 2295 2090 2351 virtutem

509 2408 633 2460 sunt
673 2395 882 2455 imitati.
929 2394 1108 2467 Itaque
1156 2407 1261 2446 non
1313 2397 1396 2446 est
1432 2404 1567 2459 opus
1613 2387 1768 2442 nobis
1816 2386 1982 2441 literis
2024 2385 2091 2439 ad

508 2491 850 2563 apostolicam
875 2487 1121 2542 virtutem
1147 2482 1639 2548 demonstrandam,
1662 2481 1821 2535 rebus
1847 2479 1973 2548 ipsis
1992 2478 2093 2533 cla-

510 2583 777 2642 mantibus
800 2623 814 2646 ,
843 2591 897 2635 et
923 2577 1196 2647 discipulis
1225 2575 1507 2644 magistros
1536 2570 2042 2642 repraesentantibus
2075 2587 2088 2622 :

509 2690 614 2734 non
647 2673 802 2729 nobis
838 2669 1174 2727 sermonibus
1214 2679 1348 2737 opus
1387 2673 1464 2717 est
1504 2662 1571 2717 ad
1613 2660 1888 2731 gentilium
1928 2674 2092 2730 nugas

509 2761 960 2827 manifestandas,
993 2769 1048 2814 et
1085 2757 1520 2828 philosophorum
1550 2753 1786 2824 ipsorum
1815 2751 2089 2822 pusillani-

510 2861 746 2912 mitatem
765 2895 780 2920 ,
809 2853 969 2908 rebus
1001 2851 1130 2922 ipsis
1165 2849 1540 2912 clamantibus,
1571 2855 1678 2906 tam
1707 2843 2090 2916 prmsentibus,

508 2964 666 3019 quam
694 2945 979 3017 praeteritis
1000 2987 1015 3013 ,
1047 2943 1187 3014 quod
1217 2942 1394 2998 omnia
1434 2940 1573 3011 apud
1607 2942 1752 3011 ipsos
1784 2938 2008 3005 fabulas,
2039 2946 2095 2993 et

513 3055 667 3097 scena
685 3081 700 3106 ,
727 3049 782 3095 et
808 3037 1125 3110 hypocrisis.
1157 3034 1263 3090 Nec
1289 3032 1536 3088 monachi
1569 3040 1802 3096 tantum,
1831 3045 2015 3085 verum
2040 3038 2094 3084 et

515 3132 814 3205 sacerdotes
860 3129 1100 3186 eamdem
1149 3127 1510 3197 prmstiterunt
1553 3126 1717 3180 animi
1766 3123 2090 3194 magnitudi-

513 3240 654 3292 nem,
681 3233 1022 3292 nostramque
1053 3221 1274 3275 salutem
1305 3219 1698 3288 dispensarunt.
1733 3217 1799 3271 Et
1826 3218 1960 3272 alius
1985 3217 2097 3285 qui-

513 3320 633 3374 dem
675 3318 729 3372 in
769 3325 944 3371 castra
983 3328 1044 3370 se
1083 3312 1342 3379 contulit,
1375 3311 1549 3367 omnia
1595 3309 1864 3366 dilectioni
1902 3317 2093 3364 vesti-re

513 3423 869 3484 postponens,
901 3419 956 3466 et
983 3410 1094 3480 ipse
1121 3417 1332 3479 paratu;
1357 3447 1372 3470 ,
1405 3406 1506 3460 nisi
1537 3404 1842 3474 Imperatori
1875 3417 2092 3472 persua-

513 3505 690 3570 deret,
719 3503 884 3568 mori;
916 3501 1005 3557 alii
1028 3515 1154 3556 vero
1183 3499 1271 3554 hic
1295 3504 1659 3562 remanentes,
1687 3504 1740 3550 et
1761 3493 1946 3550 eadem
1976 3509 2094 3564 quae

513 3594 756 3650 monachi
791 3593 1104 3649 exhibentes
1127 3632 1142 3659 ,
1169 3589 1398 3660 propriis
1426 3587 1670 3643 manibus
1689 3585 1896 3656 judices
1920 3586 2091 3641 conti-

512 3697 699 3744 nentes
722 3727 738 3753 ,
769 3703 874 3740 non
901 3685 1147 3740 sinebant
1185 3681 1387 3752 ingredi
1415 3681 1454 3746 ί,
1487 3679 1794 3750 priusquam
1822 3677 1890 3733 de
1913 3676 2094 3746 judicii

513 3785 617 3837 ﬁne
637 3779 1007 3850 promitterent
1031 3794 1044 3831 :
1065 3785 1119 3831 ct
1142 3791 1260 3830 cum
1283 3780 1568 3829 renuentes
1588 3771 1802 3842 quidem
1823 3769 2090 3833 videbant,

513 3872 675 3925 multa
701 3868 892 3924 ﬁducia
918 3875 971 3921 et
996 3866 1095 3936 ipsi
1119 3864 1354 3919 vicissim
1381 3863 1684 3918 utebantur.
1708 3860 1781 3916 Ut
1803 3869 1980 3915 autem
2002 3875 2096 3914 an-

513 3968 738 4017 nuentes
765 3957 1044 4021 viderunt,
1078 3953 1242 4026 pedes
1265 3961 1318 4008 et
1342 3968 1513 4022 genua
1539 3951 1801 4021 complexi
1826 3959 1881 4005 et
1908 3965 2095 4004 manus

511 4051 826 4116 exosculati,
855 4057 1133 4118 utramque
1157 4046 1406 4101 virtutem
1434 4042 1924 4113 superabundanter
1947 4042 2098 4097 exhi-

512 4147 702 4211 buere,
730 4144 1027 4200 libertatem
1053 4147 1110 4196 et
1137 4135 1614 4194 mansuetudinem.
1641 4133 1792 4200 Quod
1821 4134 1961 4189 enim
1991 4150 2096 4188 non

513 4235 778 4305 superbia
814 4242 957 4290 esset
993 4231 1218 4295 ﬁducia,
1256 4227 1616 4284 exosculando
1644 4241 1813 4296 genua
1844 4233 1897 4280 et
1933 4225 2098 4296 pedes

514 4324 884 4395 amplectendo
909 4324 1136 4378 maxime
1160 4321 1654 4376 demonstraverunt
1679 4334 1694 4371 :
1721 4331 1930 4370 rursum
1956 4316 2097 4386 quod

515 4415 788 4470 humilitas
830 4415 918 4468 illa
960 4429 1066 4468 non
1105 4421 1246 4467 esset
1275 4409 1596 4476 assentatio,
1637 4423 1809 4477 neque
1837 4408 2100 4464 scrvilitas

514 4505 795 4579 quaedam,
827 4520 927 4561 nec
967 4520 1034 4558 ex
1075 4501 1321 4558 illiberali
1360 4500 1619 4555 sententia
1668 4498 1899 4568 profecta
1925 4539 1940 4563 ,
1980 4515 2098 4568 qua:

516 4597 793 4669 praemissa
832 4598 1066 4662 ipsorum
1109 4593 1315 4649 ﬁduciae
1355 4591 1597 4656 fuerunt,
1637 4589 1912 4644 testiﬁcata
1953 4599 2095 4644 sunt.

516 4691 702 4760 Neque
743 4689 859 4744 hzcc
905 4689 1016 4744 sola
1046 4688 1110 4742 de
1152 4685 1443 4740 tentatione
1483 4682 1621 4737 bona
1665 4681 1849 4735 Iucrati
1880 4696 2096 4748 sumus,

518 4797 705 4839 verum
733 4792 790 4838 et
819 4781 1035 4836 multam
1070 4775 1412 4840 modestiam,
1437 4790 1499 4829 ac
1524 4772 1980 4828 mansuetudinem
2004 4816 2017 4837 ,
2049 4782 2102 4827 et

515 4878 705 4932 civitas
731 4873 885 4930 nobis
922 4881 1140 4941 repente
1178 4869 1557 4924 monasterium
1587 4865 1718 4921 facta
1747 4875 1847 4921 est.
1879 4865 1993 4920 Non
2025 4864 2101 4920 sic

519 4969 663 5023 illam
685 4968 804 5038 quis
824 4973 1084 5029 ornasset,
1106 4962 1149 5017 si
1172 4977 1362 5016 aureas
1383 4961 1438 5014 in
1465 4959 1579 5014 l'oro
1599 4967 1800 5012 statuas
1821 4957 2100 5020 erexisset,

521 5059 658 5114 sicut
685 5073 827 5114 nunc
859 5059 1000 5114 clara
1044 5064 1100 5110 ct
1139 5053 1356 5109 illustris
1393 5060 1514 5116 est,
1545 5067 1664 5120 qua:
1702 5051 1868 5106 bonas
1897 5049 2104 5105 virtutis

519 5160 722 5207 statuas
748 5151 986 5222 protulit,
1017 5157 1070 5203 et
1100 5145 1340 5216 pr0prias
1367 5141 1608 5199 exhibuit
1633 5141 1863 5196 divitias.

598 5241 770 5295 Poena:
790 5240 851 5293 ab
878 5239 1190 5312 Imperatore
1211 5234 1532 5290 Antiochenis
1557 5233 1779 5301 inﬂicte.
1809 5231 2105 5301 Μεινοροιὶε

526 5331 744 5400 dignitas
771 5332 1014 5384 translata
1039 5330 1108 5383 ad
1141 5328 1468 5382 Laodicenos.
1497 5353 1569 5365 —-
1596 5325 1664 5378 At
1696 5339 1812 5394 qum
1841 5324 1908 5378 ab
1938 5324 2107 5392 Impe-

528 5429 706 5476 ratore
732 5419 964 5490 profecta
990 5427 1116 5476 sunt
1137 5419 1452 5476 contristant
1474 5434 1488 5470 :
1513 5415 1607 5472 sed
1634 5430 1732 5470 nec
1758 5415 1846 5469 illa
1872 5413 2107 5485 profecto

527 5513 729 5584 gravia,
749 5527 932 5568 verum
962 5522 1016 5568 et
1042 5513 1155 5584 ipsa
1182 5514 1408 5569 multum
1429 5511 1719 5568 attulerunt
1741 5509 2103 5565 emolumenti.

526 5669 610 5788 Νι
639 5669 778 5783 apud
801 5673 904 5719 sav.
939 5674 991 5720 et
1027 5667 1147 5719 alios
1177 5667 1424 5719 habetur:
1459 5665 1792 5729 continebant,
1819 5676 1910 5715 non
1955 5667 2108 5716 sinen-

1251 271 1308 328 s.
1347 237 1636 326 tomus
1662 263 2135 322 cunvsosrout
2176 264 2484 322 meumr.
2527 268 3054 328 consummes.
3622 281 3704 338 ne

2199 378 2334 446 Quid
2359 379 2499 435 enim
2529 380 2757 447 molesti,
2781 379 2866 436 dic
2887 380 3037 448 mihi,
3067 381 3256 437 factum
3280 395 3355 440 est
3371 385 3394 440 ἲ
3412 391 3536 458 quod
3553 394 3708 450 orche-

2197 483 2361 526 stram
2381 471 2724 537 obstruxerit,
2749 472 2888 542 quod
2908 473 3107 528 circum
3133 474 3521 536 inaccessibilem
3539 482 3706 552 fecerit,

2197 562 2336 633 quod
2376 563 2622 632 nequitia:
2661 565 2832 618 fontes
2861 566 3144 620 excluserit
3171 576 3223 621 et
3257 568 3511 627 obruerit?
3537 574 3709 633 Utinam

2198 669 2298 709 nec
2321 655 2701 709 concederetur
2727 671 2973 726 umquam
3000 656 3097 711 hos
3127 659 3333 727 aperiri.
3365 661 3486 718 Hinc
3509 669 3710 736 nequitia

2197 745 2402 800 radices
2431 747 2483 800 iu
2514 747 2726 804 civitate
2761 749 3218 819 germinavcrunt,
3245 751 3363 808 hinc
3389 767 3501 809 sunt
3525 760 3599 826 qui
3623 777 3712 815 πιο-

2197 837 2344 891 ribus
2385 836 2549 907 ipsius
2591 843 2788 895 crimen
2830 841 3085 910 aﬁ‘erunt,
3117 857 3240 898 suas
3275 860 3420 900 voces
3451 849 3713 907 saltantibus

2196 927 2507 1001 vendentes,
2530 939 2587 984 et
2613 930 2779 998 tribus
2804 931 2974 986 obolis
3002 947 3151 986 suam
3181 933 3280 987 illis
3306 936 3512 991 salutem
3536 940 3724 1008 proden.

2198 1026 2297 1082 tes,
2331 1018 2712 1075 confundentes
2747 1020 2944 1075 omnia.
2977 1022 3263 1091 Propterea
3291 1025 3516 1091 tristaris,
3543 1031 3706 1084 (missi-

2197 1108 2320 1164 me?
2357 1109 2468 1165 Imo
2509 1111 2628 1166 ideo
2661 1122 2716 1167 et
2750 1113 2981 1182 gaudere
3005 1124 3057 1168 et
3083 1116 3245 1171 lactari
3272 1128 3470 1186 Oportet
3487 1129 3536 1175 et
3555 1124 3716 1191 gratias

2199 1199 2506 1269 Imperatori
2535 1217 2692 1272 agere
2719 1221 2732 1257 :
2756 1205 3004 1273 quoniam
3034 1206 3200 1276 ipsius
3222 1208 3348 1263 ultio
3370 1213 3604 1267 correctio
3621 1213 3714 1278 fuit.

2198 1299 2251 1344 et
2279 1306 2433 1360 poena
2463 1294 2707 1359 eruditio,
2741 1305 2793 1350 et
2823 1296 2900 1351 ira
2930 1297 3190 1352 doctrina.
3221 1301 3297 1353 An
3323 1300 3435 1369 quia
3459 1301 3625 1358 balnea
3645 1321 3719 1359 no-

2197 1381 2278 1436 bis
2303 1383 2513 1437 occlusa
2540 1386 2704 1440 sunt?
2731 1386 2834 1441 Sed
2865 1387 2966 1442 hoc
2990 1403 3094 1442 non
3126 1389 3447 1446 intolerabile
3464 1435 3477 1457 ,
3503 1394 3576 1447 vel
3606 1394 3716 1448 invi-

2199 1484 2300 1542 tos,
2328 1474 2582 1532 lubricam
2609 1487 2661 1533 et
2687 1479 2902 1534 mollem
2927 1489 2982 1535 et
3007 1479 3317 1536 dissolutam
3341 1482 3572 1554 degentes
3588 1486 3719 1541 vitam

2197 1565 2263 1622 ad
2309 1566 2695 1640 philosophiam
2737 1568 2938 1628 reduci.
2981 1571 3062 1625 An
3107 1572 3252 1642 quod
3292 1573 3504 1628 civitatis
3540 1576 3722 1631 abstulit

2197 1658 2536 1729 dignitatem,
2565 1679 2665 1719 nec
2697 1663 2924 1735 amplius
2952 1664 3118 1738 ipsam
3152 1666 3475 1736 metropolim
3509 1667 3721 1737 appellari

2197 1750 2437 1819 permisit
2462 1752 2539 1825 (a)
2555 1754 2577 1807 ?
2596 1753 2700 1811 Sed
2724 1756 2849 1825 quid
2871 1756 3045 1814 facere
3063 1755 3378 1828 oportebat?
3397 1755 3591 1814 laudare
3607 1771 3722 1812 coni~

2196 1841 2380 1909 missa,
2398 1852 2452 1898 et
2473 1845 2668 1914 gratias
2687 1848 2883 1916 agere?
2906 1849 2974 1903 Et
2991 1849 3109 1919 quis
3134 1849 3308 1921 ipsum
3329 1867 3428 1906 non
3448 1857 3723 1916 accusasset.

2197 1931 2337 2000 quod
2373 1948 2481 1988 non
2519 1936 2604 1991 vel
2642 1938 2818 2006 specie
2840 1939 2857 1971 ί
2896 1939 3310 2010 indignationem
3347 1945 3726 2000 manifestasset?

2196 2020 2312 2076 Non
2347 2025 2522 2080 cernis
2561 2037 2739 2096 patres
2772 2030 2937 2085 multa
2972 2032 3274 2102 huiusmodi
3306 2035 3356 2090 in
3386 2035 3512 2091 ﬁlios
3537 2051 3646 2091 suos
3667 2035 3727 2090 fa-

2197 2115 2358 2169 cere?
2395 2126 2736 2185 aversantur,
2768 2129 2820 2175 et
2861 2136 3040 2178 mensa
3081 2125 3385 2194 prohibent.
3425 2128 3527 2182 Hoc
3554 2144 3728 2200 quoque

2199 2203 2490 2273 Imperator
2514 2207 2655 2274 fecit,
2689 2210 2821 2267 tales
2851 2213 3127 2284 imponens
3151 2216 3404 2283 ultiones,
3433 2220 3614 2274 nullum
3637 2221 3730 2290 qui-

2196 2294 2318 2350 dem
2358 2296 2613 2356 habentes
2646 2300 2927 2370 damnum,
2970 2305 3187 2360 multam
3227 2323 3358 2364 vero
3395 2311 3728 2366 correctionem

2196 2387 2498 2446 afferentes.
2529 2391 2713 2463 Cogita
2751 2410 2870 2464 qua:
2912 2399 3372 2466 exSpectavimus,
3402 2411 3451 2455 et
3486 2417 3591 2471 qua:
3619 2399 3728 2457 facta

2197 2490 2340 2546 sunt,
2372 2491 2425 2536 et
2452 2491 2574 2537 tunc
2598 2485 2826 2539 maxime
2852 2486 3083 2542 sciemus
3111 2487 3200 2542 Dei
3225 2494 3472 2560 gratiam.

2269 2572 2547 2628 Antiochia:
2574 2590 2690 2627 vera
2711 2575 2946 2646 dignitas.
2973 2607 3045 2620 -—
3071 2579 3227 2633 Doles
3266 2580 3404 2650 quod
3440 2581 3639 2635 civitatis
3662 2580 3730 2633 di-

2197 2665 2369 2734 gnitas
2398 2666 2571 2720 ablata
2608 2667 2718 2722 sit?
2746 2668 2891 2723 disce
2929 2669 3056 2740 quid
3100 2671 3315 2726 tandem
3353 2673 3419 2728 sit
3445 2673 3646 2728 civitatis
3665 2672 3732 2727 dio

2198 2760 2392 2829 gnitas,
2421 2768 2476 2814 et.
2510 2769 2636 2816 tunc
2663 2760 2942 2817 manifeste
2981 2763 3140 2830 scies,
3183 2765 3333 2834 quod
3369 2767 3413 2820 si
3456 2765 3733 2820 habitatores

2200 2851 2367 2920 ipsam
2395 2867 2500 2907 non
2528 2853 2875 2922 prodiderint,
2898 2853 3107 2910 auferre
3143 2859 3342 2926 poterit
3363 2859 3492 2912 alius
3517 2874 3652 2913 nemo
3673 2861 3734 2912 ei-

2197 2944 2374 2999 vitatis
2418 2943 2748 3014 dignitatem.
2793 2945 2909 3000 Non
2946 2948 3086 3017 quod
3125 2952 3439 3021 metmpolis
3478 2953 3560 3016 sit,
3595 2965 3735 3019 neque

2197 3036 2340 3108 quod
2373 3038 2590 3108 prtcdita
2617 3039 2688 3092 sit
2724 3040 3083 3108 magnitudine
3111 3051 3164 3095 et
3193 3054 3390 3098 ornatu
3414 3043 3734 3105 :ediﬁciorum,

2198 3143 2372 3198 neque
2409 3128 2550 3198 quod
2581 3130 2771 3186 multas
2814 3130 3006 3186 habeat
3047 3134 3350 3204 columnas,
3383 3147 3432 3191 et
3459 3137 3580 3190 latas
3605 3135 3740 3205 porti-

2198 3234 2314 3286 cus,
2340 3230 2394 3274 et
2421 3219 2895 3288 deambulationcs,
2923 3238 3095 3294 neque
3125 3227 3271 3294 quod
3299 3237 3421 3282 ante
3447 3228 3568 3282 alias
3585 3226 3740 3282 civita-

2200 3321 2281 3366 tes
2311 3311 2664 3380 prredicetur;
2708 3312 2803 3368 sed
2849 3313 3263 3372 inhabitantium
3306 3319 3470 3373 virtus
3496 3326 3548 3373 et
3581 3318 3737 3388 pietas,

2200 3402 2315 3458 haec
2339 3413 2420 3458 est
2447 3403 2696 3474 dignitas,
2742 3414 2794 3459 et
2839 3415 3079 3474 ornatus,
3122 3419 3176 3463 et
3214 3410 3380 3465 tutela
3423 3409 3649 3476 civitatis,
3685 3408 3742 3463 ita

2201 3501 2259 3549 ut
2281 3494 2326 3549 si
2354 3494 2456 3550 hoc
2481 3495 2638 3562 desit,
2667 3497 2903 3551 omnium
2946 3499 3015 3552 sit
3047 3499 3332 3566 vilissima,
3361 3502 3482 3556 licet
3518 3500 3760 3555 inﬁnitum.

2199 3591 2267 3646 ab
2291 3589 2700 3660 Imperatoribus
2726 3601 3079 3661 consequatur
3120 3592 3402 3649 honorem.
3431 3593 3520 3649 Vis
3553 3590 3746 3648 civitatis

2201 3693 2306 3738 tute
2331 3684 2636 3754 dignitatem
2667 3683 2911 3739 discere?
2933 3685 3012 3738 vis
3040 3685 3258 3755 gentilia
3293 3686 3456 3755 ipsius
3475 3690 3744 3740 ornamenta

2201 3776 2398 3830 nosse?
2427 3774 2598 3830 dicam
2628 3774 2836 3840 sedulo,
2880 3791 2983 3828 non
3027 3783 3086 3830 ut
3124 3775 3304 3830 discas
3336 3785 3553 3841 tantum,
3589 3786 3744 3828 verum

2201 3876 2336 3922 utet
2382 3865 2625 3921 imiteris.
2675 3866 2805 3934 Qua:
2835 3866 3047 3920 tandem
3093 3875 3176 3920 est
3203 3868 3434 3921 civitatis
3479 3874 3654 3920 nostra:
3679 3862 3746 3915 di-

2200 3959 2374 4030 guitas
2393 3959 2415 4013 ?
2436 3959 2653 4029 Contigit
2681 3959 2900 4029 primunt
2930 3957 3208 4011 Antiochia:
3234 3957 3511 4031 discipulos
3533 3952 3749 4026 appellari

2201 4049 2514 4105 Christianos
2535 4049 2671 4118 (Act.
2702 4050 2788 4103 11.
2817 4047 2922 4120 26)
2960 4066 2973 4102 :
3005 4047 3104 4102 hoc
3138 4059 3318 4103 autem
3369 4051 3626 4104 civitatum
3653 4060 3751 4114 quae

2202 4154 2327 4198 sunt
2357 4143 2408 4196 in
2438 4142 2635 4196 mundo
2655 4149 2963 4195 cunctarum
3007 4139 3165 4194 habet
3203 4142 3370 4204 nulla,
3417 4156 3510 4194 nec
3536 4142 3637 4209 ipsa
3662 4136 3750 4190 Ro-

2203 4233 2328 4287 muli
2355 4233 2539 4287 civitas
2569 4249 2582 4286 :
2611 4240 2894 4302 propterea
2933 4240 3118 4285 contra
3143 4245 3360 4285 omnem
3405 4240 3648 4285 terrarum
3682 4241 3754 4278 or-

2203 4327 2324 4379 hent
2353 4325 2536 4378 oculos
2574 4323 2780 4393 erigere
2840 4330 3013 4392 potest
3042 4341 3054 4375 :
3086 4322 3341 4391 quoniam
3370 4337 3493 4392 erga
3520 4318 3756 4375 Christum

2204 4417 2402 4473 at..oris
2425 4418 2597 4487 ignem
2636 4416 2811 4478 habet,
2843 4425 3059 4485 propter
3087 4415 3357 4478 ﬁduciam,
3385 4423 3596 4484 propter
3616 4410 3758 4464 virtu-

2207 4518 2311 4562 tem
2335 4507 2500 4562 illam.
2534 4506 2622 4560 Vis
2653 4516 2705 4560 et
2731 4505 2887 4559 aliam
2924 4505 3151 4558 civitatis
3187 4505 3377 4559 audire
3402 4502 3690 4572 dignitatem
3715 4504 3760 4548 et

2206 4598 2415 4653 Iaudem
2435 4599 2458 4652 ?
2481 4598 2673 4652 Fames
2709 4595 2838 4649 olim
2865 4595 3171 4649 difﬁcillima
3214 4593 3391 4648 futura
3419 4601 3550 4658 erat,
3581 4599 3630 4646 et
3666 4588 3762 4642 Au-

2207 4688 2456 4744 tinchiam
2488 4687 2785 4742 habitantes
2827 4692 3144 4750 statuerunt,
3176 4695 3334 4753 prout
3360 4684 3581 4755 quisque
3616 4680 3762 4733 abun-

2206 4783 2400 4847 dabat,
2447 4782 2512 4835 ad
2565 4789 2777 4836 sanctos
2816 4779 3199 4848 Jerosolymam
3251 4777 3552 4832 habitantes
3595 4766 3764 4840 aliquid

2209 4876 2419 4929 mittere
2443 4871 2604 4942 (Ibid.
2635 4889 2683 4925 v.
2705 4871 2795 4926 28.
2820 4871 2932 4939 9.9).
2963 4869 3103 4924 Ecce
3136 4877 3189 4923 et
3229 4868 3521 4923 secundam
3561 4861 3761 4934 dignita-

2211 4978 2340 5032 tem,
2370 4967 2422 5020 in
2454 4967 2592 5020 tame
2618 4965 2914 5019 caritatem.
2949 4961 3062 5017 Non
3093 4963 3361 5017 contraxit
3384 4961 3528 5031 ipsos
3554 4967 3760 5024 tempus,

2210 5077 2310 5115 nec
2355 5060 2626 5129 segniores
2679 5057 2909 5112 reddidit
2953 5057 3266 5111 calamitatis
3310 5052 3662 5125 exspectatio;
3689 5049 3768 5100 sed

2211 5151 2422 5222 quando
2447 5149 2537 5205 alii
2567 5149 2736 5204 aliena
2765 5149 3038 5218 colligunt,
3067 5157 3192 5202 tunc
3233 5147 3308 5202 illi
3334 5161 3431 5202 sua
3461 5140 3768 5201 eminebam.

2278 5351 2294 5384 ί
2331 5348 2523 5410 Quidam
2537 5347 2637 5410 alii,
2670 5344 2827 5410 verba.
2853 5359 2955 5410 pro.
2980 5345 3156 5410 specie.

2280 5403 2360 5474 (af
2385 5403 2879 5474 Translata'_nimirum
2911 5403 3110 5474 fuerunt
3127 5408 3237 5474 jura
3251 5413 3312 5474 _et
3333 5403 3590 5474 privilegia
3612 5403 3770 5474 metri):

2215 5453 2384 5533 υοῑεδε
2399 5453 3459 5533 saansaan}inmansueta“,
3491 5453 3601 5533 iis,
3623 5453 3770 5533 c112;

2224 5513 2834 5596 T'ﬁi'iv'nééifgiiiiQE—id
2841 5513 3416 5596 emitZ—nrbiquewvicinas
3433 5513 3683 5596 primatum

2218 5600 2342 5654 buit,
2365 5585 2540 5654 putans
2559 5593 2648 5644 hoc
2668 5592 2739 5643 illi
2755 5605 2862 5642 max
2870 5585 2972 5642 imo
2981 5585 3381 5654 doloriit'uturum.
3405 5585 3646 5654 Insidebat
3661 5585 3775 5654 eutg

2220 5609 2342 5654 mill,
2396 5609 2540 5644 utans
2559 5609 2648 5644 noc
2668 5609 2739 5643 lltl
2755 5609 2964 5642 maxuno
2981 5609 3136 5642 υοιοιῚ
3151 5609 3381 5640 lUlurunt.
3406 5609 3646 5640 uuluam;
3661 5609 3775 5643 σιν-τ

2212 5661 2310 5722 jam
2333 5609 2446 5706 oiitn
2464 5656 2715 5722 Antiochia:
2738 5654 2988 5722 gggdiczea.
3017 5669 3039 5702 ι
3070 5653 3187 5704 vide
3205 5660 3235 5702 t.
3254 5653 3294 5701 l.
3318 5652 3468 5698 Vitam
3491 5646 3778 5708 Chrysosttm

2219 5714 2448 5782 nostram,
2463 5719 2519 5769 ad
2544 5728 2718 5766 annum
2737 5714 2847 5766 587.
