4020 6216
193 272 298 332 175

188 392 354 445 λεσαν
382 386 477 442 τὸν
509 381 874 458 βασιλέαίκαὶ
894 386 998 457 τῆς
1026 382 1261 458 κρίσεως
1289 387 1621 459 ἀνέμνησαν,
1642 387 1860 451 καὶτὰς

189 476 402 532 ἐαυτῶν
432 473 641 544 ἔφασαν
661 473 957 544 ύποθήσειν
978 473 1242 544 κεφαλὰς,
1270 476 1320 529 εί
1350 474 1423 547 μὴ
1446 475 1605 529 τοῦτο
1623 475 1855 544 γένοιτο.

188 565 303 617 Kal
334 562 541 625 ταύτας
580 562 629 615 οί
654 560 966 626 δικάζοντες
990 562 1078 616 διὰ
1106 562 1450 635 γραμμάτων
1478 562 1734 626 λαϐόντες
1760 563 1859 626 τὰς

184 651 398 720 φωνὰς,
430 650 694 722 ἀπῆλθον,
744 649 773 702 ὂ
816 650 1018 713 παντὸς
1046 652 1312 721 στεφάνου
1345 651 1723 722 λαμπρότερον
1759 651 1858 722 τὴν

188 739 470 810 ἡμετέραν
495 738 764 809 κοσμήσει
793 737 967 790 πόλιν.
1000 738 1110 790 Kal
1148 737 1243 792 νῦν
1269 737 1336 791 τὰ
1365 738 1597 791 ἐνταῦθα
1628 754 1859 810 γεγενη-

190 826 336 895 μένα
379 824 674 879 ἀκούσεται
715 824 813 895 μὲν
862 823 1133 893 βασιλεὺς,
1165 824 1454 878 ἀκούσεται
1482 825 1539 877 δὲ
1571 826 1665 877 καὶ
1693 826 1726 896 ὴ
1763 842 1861 895 με-

188 915 333 984 γάλη
363 913 543 977 πόλις,
573 911 862 965 ἀκούσεται
894 911 951 963 δὲ
984 914 1132 965 πᾶσα
1160 914 1193 979 ή
1224 913 1537 983 οἰκουμένη,
1577 912 1660 965 ὅτι
1686 913 1863 966 τοιοῦ-

185 1018 273 1054 ¹τοι
301 1000 403 1071 τὴν
437 1000 758 1070 ’Δντιοχέων
793 999 948 1052 πόλιν
986 999 1195 1053 οἰκοῦσι
1228 1000 1472 1070 μοναχοὶ,
1507 1001 1584 1063 ὡς
1625 1001 1858 1053 ἀποστο-

186 1088 350 1159 λικὴν
374 1086 743 1153 ἐπιδείξασθαι
763 1087 1077 1158 παρρησίαν
1098 1103 1113 1118 ο
1142 1087 1237 1140 zeal
1259 1086 1367 1139 τῶν
1395 1086 1741 1158 γραμμάτων
1765 1086 1859 1140 νῦν

182 1174 752 1246 ἀναγιγνωσκομένων
791 1176 849 1227 ἐν
894 1174 973 1245 τῷ
1023 1173 1391 1245 στρατοπέδῳ,
1443 1174 1641 1236 πάντες
1682 1172 1860 1226 αὐτῶν

181 1264 567 1335 θαυμάσονται
588 1262 687 1334 τὴν
723 1261 1151 1333 μεγαλοψυχίαν,
1179 1262 1381 1325 πάντες
1403 1261 1501 1332 τὴν
1532 1261 1684 1314 πόλιν
1707 1261 1860 1333 ἡμῶν

184 1351 549 1424 μακαριοῦσι,
572 1350 668 1405 zeal
688 1349 785 1421 τὴν
809 1350 1052 1421 πονηρὰν
1075 1348 1530 1421 ἀποκρουσόμεθα
1556 1348 1712 1413 δόξαν
1728 1365 1742 1379 ·
1769 1350 1861 1402 zeal

182 1441 431 1492 εἴσονται
458 1438 681 1501 πάντες,
704 1438 781 1501 ὡς
810 1437 878 1491 τά
911 1436 1256 1506 γεγενημένα
1282 1437 1343 1489 οὐ
1372 1434 1479 1489 τῶν
1508 1436 1861 1490 ἐνοικούντων

182 1529 287 1597 τὴν
321 1526 476 1579 πόλιν
506 1522 594 1597 ἦν,
629 1524 1065 1596 ἀλλ’ἀνθρὼπων
1102 1523 1270 1588 ξένων
1302 1523 1395 1577 καὶ
1423 1522 1859 1594 διεφθαρμένων,

182 1616 284 1671 καὶ
311 1614 397 1666 ὃτι
435 1613 594 1683 ἱκανὴ
632 1611 728 1667 τοῦ
758 1612 859 1683 τῆς
920 1611 1129 1675 πόλεως
1170 1610 1336 1682 ηθους
1378 1610 1647 1676 ἀπόδειξις
1683 1614 1715 1682 ή
1750 1611 1861 1670 ,τῶν

186 1701 445 1773 μοναχῶν
472 1700 623 1754 ἔσται
658 1699 958 1771 μαρτυρία.
1000 1699 1092 1771 Μὴ
1124 1700 1306 1752 τοίνυν
1340 1698 1611 1769 ἀλύωμεν,
1644 1700 1863 1768 ἀγαπη-

183 1792 292 1857 τοὶ,
322 1790 463 1844 ἀλλά
489 1789 734 1861 χρηστὰς
763 1787 1152 1859 προσδοκῶμεν
1180 1786 1421 1850 ἐλπίδας.
1445 1786 1508 1841 Εἰ
1528 1786 1635 1857 γὰρ
1658 1789 1692 1857 ἡ
1723 1786 1861 1857 πρὸς

182 1878 512 1949 ἀνθρώπους
542 1876 826 1949 παρρησία
852 1873 1106 1929 τοσοῦτον
1129 1875 1315 1944 ίσχυσε
1344 1872 1589 1929 κωλῦσαι
1611 1873 1800 1937 δεινὸν,
1825 1875 1857 1943 ή

183 1965 325 2038 πρὺς
369 1965 493 2019 τὸν·
532 1964 665 2019 Θεὸν
714 1962 894 2017 αὐτῶν
946 1962 1228 2035 παρρησία
1271 1961 1326 2014 τί
1370 1962 1470 2015 οὐκ
1531 1960 1856 2031 ἐργάσεται;

182 2054 376 2108 Ταῦτα
407 2053 499 2107 zeal
523 2051 662 2123 πρὸς
690 2050 959 2121 ’Έλληνας
977 2049 1247 2119 λέγωμεν,
1278 2049 1406 2103 ὅταν
1426 2047 1695 2117 τολμῶσιν
1720 2048 1859 2118 ὑπὲρ

181 2141 493 2211 φιλοσόφων
531 2142 663 2212 ἡμῖν
694 2136 1213 2206 διαλέγεσθαι.Ἀπὺ
1241 2135 1350 2189 τῶν
1382 2135 1478 2189 νῦν
1512 2133 1752 2206 εὔδηλον,
1776 2136 1858 2188 ὅτι

179 2229 277 2281 zeal
315 2229 385 2297 τᾲ
410 2227 654 2299 πρότερα
678 2222 747 2297 ἦν
772 2225 944 2295 ψευδῆ
974 2223 1044 2283 τὰ
1068 2224 1199 2296 παρ’
1226 2224 1482 2286 ἐκείνοιςο
1510 2223 1619 2276 ἀπὸ
1647 2222 1855 2275 τούτων

176 2314 365 2387 δῆλον,
392 2315 474 2368 ὅτι
520 2315 617 2369 zeal
646 2312 719 2367 τά
756 2312 999 2383 πρότερα
1039 2306 1108 2382 ἦν
1149 2310 1327 2381 ἀληθῆ
1352 2309 1422 2363 τὰ
1448 2308 1579 2380 παρ’
1609 2310 1759 2380 ἡμῖν,
1788 2308 1857 2363 τά

179 2404 313 2474 περὶ
352 2401 598 2456 Ἰωάννου
633 2401 728 2455 zeal
758 2399 973 2455 Παύλου
1006 2400 1100 2454 καὶ
1141 2398 1352 2468 Πέτρου
1388 2397 1485 2451 zeal
1528 2395 1636 2450 τῶν
1681 2396 1857 2450 ἄλλων

177 2493 461 2545 ἁπάντων.
479 2488 698 2560 Ἐπειδὴ
717 2489 828 2559 γὰρ
856 2486 955 2559 τὴν
979 2486 1204 2541 ἐκείνων
1226 2484 1508 2539 εὐσέϐειαν
1532 2483 1854 2550 διεδέξαντο,

176 2578 266 2633 διὰ
287 2577 454 2632 τοῦτο
481 2578 577 2630 zeal
602 2576 699 2648 τὴν
727 2575 907 2631 αὐτῶν
930 2572 1243 2645 παρρησίαν
1271 2570 1639 2636 ἐπεδείξαντω
1666 2570 1854 2640 ἐπειδὴ

178 2670 292 2730 τοῖς
322 2668 512 2731 αὐτοῖς
540 2665 729 2736 νόμοις
761 2662 1099 2736 ἐτράφησαν,
1126 2660 1215 2714 διὰ
1242 2658 1402 2713 τοῦτο
1423 2659 1516 2712 zeal
1554 2658 1650 2729 τὴν
1675 2658 1855 2713 αὐτῶν

176 2753 385 2824 ἀρετὴν
412 2752 886 2824 ἐζήλωσαν.Ὦστε
911 2749 973 2803 οὐ
999 2748 1160 2820 χρεία
1181 2745 1527 2819 γραμμάτων
1557 2747 1690 2817 ἡμῖν
1714 2746 1856 2817 ὑπὲρ

173 2841 271 2895 τοῦ
301 2843 478 2909 δεῖξαι
496 2841 596 2915 τὴν
624 2839 985 2908 ἀποστολικὴν
1009 2836 1230 2909 ἀρετὴν,
1259 2835 1369 2888 τῶν
1392 2833 1731 2905 πραγμάτων
1751 2834 1853 2887 αὑ-

175 2929 284 2983 τῶν
331 2928 605 2997 βοώντων,
636 2927 730 2982 zeal
772 2925 881 2981 τῶν
917 2923 1178 2997 μαθητῶν
1220 2920 1346 2985 τοὺς
1376 2920 1726 2984 διδασκάλους
1770 2922 1857 2974 έν-

172 3017 510 3071 δεικνύντων
530 3032 544 3046 ο
576 3015 640 3069 ού
671 3014 832 3085 χρεία
852 3012 1027 3081 λόγων
1056 3012 1210 3082 ἡμῖν,
1245 3008 1385 3062 ῶστε
1406 3007 1500 3061 τὸν
1524 3007 1632 3061 τῶν
1667 3007 1854 3079 Ἑλλή-

172 3122 283 3159 νων
333 3103 508 3168 δεῖξαι
553 3101 716 3173 λῆρον
745 3100 842 3153 zeal
870 3099 967 3168 τὴν
1013 3097 1123 3151 τῶν
1170 3096 1301 3168 παρ’
1335 3095 1519 3159 αὐτοῖς
1551 3095 1855 3164 φιλοσόφων

173 3190 578 3264 μικροψυχίαν,
595 3188 704 3242 τῶν
723 3184 1069 3259 πραγμάτων
1096 3181 1276 3237 αὐτῶν
1303 3180 1550 3253 βοώντων
1572 3180 1679 3236 τῶν
1700 3179 1853 3255 [I75]

170 3280 273 3333 νῦν
305 3279 407 3331 zeal
437 3276 545 3330 τῶν
577 3264 881 3347 προτέρων,
917 3272 993 3336 ὡς
1026 3271 1241 3326 ἅπαντα
1270 3269 1339 3324 τὰ
1370 3271 1500 3341 παρ’
1526 3271 1711 3333 αὐτοῖς
1753 3269 1856 3340 μῦ-

172 3369 273 3431 θος
320 3366 419 3421 zeal
462 3364 635 3434 σκηνὴ
666 3363 762 3416 zeal
789 3360 1100 3430 ὑπόκρισις.
1132 3358 1245 3427 υύχ
1269 3360 1316 3411 οί
1350 3358 1574 3427 μοναχοί
1602 3355 1660 3410 δὲ
1693 3357 1852 3427 μόνον

170 3454 317 3509 ἀλλά
347 3453 443 3506 zeal
469 3454 517 3504 οί
551 3452 714 3522 ἱερεῖς
737 3448 837 3520 τὴν
856 3447 1024 3517 αὐτὴν
1053 3444 1397 3511 ἐπεδείξαντο
1421 3443 1846 3514 μεγαλοψυχίαν,

169 3543 274 3596 zeal
306 3542 412 3611 τὴν
440 3538 721 3609 ἡμετέραν
752 3534 1091 3604 διενείμαντο
1126 3531 1420 3603 σωτηρίαν.
1454 3530 1563 3584 Kal
1585 3532 1613 3584 ὁ
1644 3530 1742 3601 μὲν
1769 3532 1852 3594 είς

166 3631 236 3683 τὸ
266 3625 629 3699 στρατόπεδον
654 3624 857 3694 ἀπῆρε,
889 3621 1067 3675 πάντα
1092 3619 1319 3694 δεύτερα
1345 3618 1570 3690 θέμενος
1594 3618 1695 3688 τῆς
1717 3619 1850 3688 ὑμε-

164 3718 347 3788 τέρας
370 3716 611 3783 ἀγάπης,
643 3712 740 3766 zeal
762 3711 924 3774 αὐτὸς
953 3710 1172 3781 ἐτοιμος
1205 3707 1303 3774 ῶν,
1340 3709 1389 3762 εί
1423 3708 1497 3778 μὴ
1525 3706 1731 3761 πείσειε
1758 3707 1848 3761 τὸν

169 3801 431 3876 βασιλέα,
467 3800 788 3855 ἀποθανεῖν·
820 3793 965 3853 οὗτοι
987 3796 1045 3850 δὲ
1066 3793 1301 3850 ἐνταῦθα
1331 3795 1633 3866 μείναντες,
1661 3794 1756 3848 zeal
1781 3794 1849 3848 τά

165 3891 317 3945 αὐτὰ
357 3892 472 3953 τοῖς
515 3888 769 3957 μοναχοῖς
796 3883 1215 3955 ἐπιδειξάμενοι,
1243 3884 1363 3945 ταῖς
1409 3882 1640 3946 οἰκείαις
1691 3883 1849 3954 χερσὶ

165 3982 302 4043 τοὺς
335 3976 657 4041 δικάζοντας
690 3972 1011 4042 κατέχοντες
1043 3971 1143 4023 ούκ
1174 3969 1518 4039 ὲπέτρεπονι
1564 3968 1845 4035 εἰσελθεῖν,

166 4067 306 4137 πρὶν
327 4066 365 4135 ἢ
391 4061 635 4135 περὶτοῦ
659 4060 845 4124 τέλους
877 4056 1210 4127 ὑποσχέσθαι
1231 4056 1331 4126 τῆς
1353 4057 1509 4127 δίκης
1524 4073 1537 4087 ·
1566 4057 1662 4110 zeal
1681 4058 1846 4128 ἡνίκα

168 4156 277 4226 μὲν
308 4149 497 4224 ἐώρων
528 4148 909 4211 ἀνανεύοντας,
932 4144 1101 4217 πολλῇ
1126 4147 1194 4216 τῇ
1222 4144 1506 4215 παρρησίᾳ
1533 4143 1627 4197 zeal
1646 4145 1800 4197 αὐτοὶ
1817 4145 1844 4185 ιι

165 4240 341 4295 πάλιν
374 4238 671 4309 ἐκέχρηντο
694 4253 707 4266 ·
742 4234 928 4304 ἐπειδὴ
957 4233 1013 4286 δὲ
1042 4228 1181 4286 εἶδον
1206 4230 1618 4295 ἐπινεύσαντας,
1667 4231 1846 4286 ποδῶν

166 4329 446 4398 ἁψάμενοι
495 4325 590 4378 zeal
639 4324 899 4393 γονάτων,
956 4321 1051 4375 zeal
1105 4321 1293 4392 χεῖρας
1337 4319 1806 4392 καταφιλήσαντες
1829 4361 1843 4385 ,

165 4414 443 4485 ἑκατέραν
470 4411 570 4482 τὴν
604 4409 806 4482 ἀρετὴν
836 4408 954 4479 μεθ’
990 4406 1297 4479 ὑπερϐολῆς
1344 4406 1707 4472 ἐπεδείξαντο,
1746 4408 1844 4479 τήν

163 4521 232 4558 τε
261 4500 603 4571 ἐλευθερίαν,
640 4501 739 4571 τήν
762 4515 823 4551 τε
853 4497 1308 4551 ἐπιείκειαν.“υτι
1342 4497 1439 4567 μὲν
1473 4496 1581 4566 γὰρ
1628 4498 1728 4551 οὐκ
1775 4493 1843 4568 ἧν

162 4592 509 4665 Θρασύτητος
542 4591 578 4659 ἡ
612 4587 914 4660 παρρησία,
960 4586 1037 4657 τῷ
1089 4585 1456 4655 καταφιλῆσαι
1503 4585 1705 4653 γόνατα
1747 4586 1841 4639 καὶ

160 4679 347 4735 ποδῶν
380 4678 620 4748 ἅψασθαι
656 4676 891 4748 μάλιστα
919 4674 1125 4741 ἔδειξαν
1145 4692 1160 4705 ·
1193 4673 1353 4728 πάλιν
1378 4673 1459 4726 ὅτι
1480 4671 1652 4726 ταῦτα
1680 4673 1840 4726 κολα-

153 4788 175 4819 :
212 4770 289 4823 ·ία
317 4768 420 4821 οὐκ
452 4763 542 4837 ἦν,
572 4765 696 4818 οὐδὲ
729 4763 1123 4835 δουλοπρέπειά
1154 4779 1259 4827 τις,
1298 4760 1420 4814 οὐδὲ
1459 4760 1517 4827 ἐξ
1557 4759 1840 4814 ἀνελευθέ-

153 4875 184 4928 ι
204 4874 259 4909 νυ
295 4854 526 4925 γνώμης
560 4852 790 4922 ἐγίνετο,
822 4851 891 4904 τὰ
934 4850 1218 4920 φθάσαντα
1247 4846 1630 4918 ἐμαρτύρησεν
1660 4849 1840 4905 αὐτῶν

148 4945 259 5015 τὴν
289 4942 630 5013 παρρησίαν.
663 4942 737 4994 Ού
764 4939 939 4993 ταῦτα
969 4938 1026 4991 δὲ
1059 4938 1218 5008 μόνον
1245 4935 1353 4989 ἀπὸ
1390 4934 1487 4988 τοῦ
1528 4937 1836 5007 πειρασμοῦ

146 5036 226 5087 τὰ
257 5030 406 5083 καλά
434 5025 899 5098 ἐκαρπωσάμεθα,
942 5024 1076 5078 ἀλλά
1107 5024 1202 5078 zeal
1225 5023 1427 5094 πολλὴν
1458 5023 1833 5095 σωφροσύνην,

148 5120 370 5189 πολλὴν
399 5116 702 5170 ἐπιείκειαν
726 5133 742 5147 ·
788 5115 885 5168 καὶ
929 5114 1294 5184 μοναστήριον
1323 5112 1457 5182 ἡμῖν
1498 5112 1533 5180 ἡ
1566 5111 1719 5175 πόλις
1748 5114 1835 5179 ἐξ-

1173 270 1265 325 Αι)
1300 269 1630 328 POPULUM
1666 268 2165 328 ANTIOCHENUM
2235 270 2473 329 HOMIL.
2511 273 2680 332 XVII.

3524 279 3626 336 I70

1969 386 2066 457 μὲν
2092 383 2184 442 οὖν
2215 389 2471 461 φορτικὰ,
2501 388 2637 443 ἀλλά
2654 390 2748 443 zeal
2772 389 2909 443 αὑτά
2937 391 3072 445 πολὺ
3101 391 3162 445 τὸ
3185 391 3379 464 κέρδος
3410 392 3627 464 ἤνεγκε.

1967 473 2033 527 Τί
2068 473 2178 546 γὰρ
2204 476 2458 546 ἐπαχθὲς,
2488 476 2609 529 εἰπέ
2649 486 2760 546 μοι,
2796 476 2903 529 τῶν
2934 478 3271 548 γενομένων;
3301 479 3384 533 δτι
3414 479 3513 551 τὴν
3537 479 3634 554 ὁρ-

1966 563 2207 633 χήστραν
2231 563 2556 634 ἀνέφραξεν,
2592 564 2674 616 ὅτι
2706 564 2797 617 τὸν
2838 564 3169 635 ἱππόδρομον
3201 565 3407 620 ἄϐατον
3438 567 3632 642 ἐποίη-

1967 664 2076 711 σεν,
2117 651 2199 702 ὅτι
2242 650 2339 713 τὰς
2377 651 2476 721 τῆς
2524 649 2788 721 πονηρίας
2833 649 3016 720 πηγὰς
3043 650 3330 706 ἀπέκλεισε
3364 655 3459 716 zeal
3495 672 3633 710 κατ-

1965 734 2170 806 έχωσε;
2216 738 2367 807 Μηδὲ
2412 738 2725 808 ἀνοιχθῆναι
2772 739 2867 809 μὲν
2896 734 2988 792 οὖν
3016 738 3102 809 εἴη
3132 739 3306 794 ταῦτά
3349 744 3632 797 ποτε.Ἐνο

1965 822 2152 877 τεῦθεν
2177 827 2233 879 αἱ
2266 825 2414 896 ῥίζαι
2445 826 2546 896 τῆς
2570 826 2837 898 πονηρίας
2883 826 3225 898 ἐϐλάστησαν
3254 830 3320 899 τῇ
3344 828 3515 894 πόλει,
3547 831 3633 885 ἐν-
3738 830 3750 843 ⁸

1973 910 2153 965 τεῦθεν
2182 912 2231 963 οἰ
2258 912 2319 964 τὸ
2339 908 2469 983 ἦθος
2492 912 2661 983 αὐτῆς
2686 913 3062 977 διαϐάλλοντές
3091 916 3247 980 εἰσιν,
3264 916 3314 968 οἰ
3335 914 3433 979 τὰς
3453 916 3632 970 αὐτῶν

1967 999 2150 1068 φωνὰς
2178 1004 2290 1064 τοῖς
2322 1002 2673 1073 ὀρχουμένοις
2721 1002 3047 1069 πωλοῦντες,
3083 1004 3178 1057 zeal
3215 1003 3385 1076 τριῶν
3431 1002 3634 1058 ὀϐολῶν

1964 1090 2061 1160 τὴν
2096 1089 2304 1143 ἑαυτῶν
2338 1090 2749 1162 προπίνοντεςδ,
2773 1093 3003 1156 ἐκείνοις
3028 1094 3330 1165 σωτηρίαν,
3371 1095 3423 1147 οί
3456 1094 3632 1149 πάντα

1965 1173 2078 1228 ἄνω
2104 1176 2198 1229 zeal
2235 1177 2386 1230 κάτω
2414 1177 2710 1241 κινοῦντες.
2741 1180 2841 1231 Διά
2868 1179 3041 1233 ταῦτα
3068 1180 3378 1250 ἀσχάλλεις,
3413 1182 3632 1254 ἀγαπη-

1964 1259 2059 1324 τέ;
2092 1261 2189 1314 Διὰ
2235 1262 2408 1316 ταῦτα
2439 1264 2539 1335 μὲν
2570 1261 2671 1319 οῦν.
2693 1267 2787 1324 καὶ
2824 1267 3035 1336 χαίρειν
3062 1268 3188 1338 χρὴ,
3225 1269 3317 1321 zeal
3346 1267 3634 1339 εὐφραίνε-

1968 1344 2112 1411 σθαι,
2147 1349 2242 1402 zeal
2285 1349 2515 1420 χάριτας
2559 1351 2843 1422 ὁμολογεῖν
2868 1352 2944 1424 τῷ
2981 1353 3206 1423 βασιλεῖ,
3238 1355 3318 1407 ὅτι
3349 1355 3381 1424 ἠ
3412 1355 3636 1417 κόλασις

1966 1434 2131 1488 αὑτοῦ
2165 1436 2449 1509 διόρθωσις
2499 1438 2710 1508 γέγονε,
2754 1440 2850 1494 καὶ
2896 1443 2929 1511 ὴ
2977 1442 3216 1513 τιμωρία
3263 1442 3631 1512 παιδαγωγτα,

1966 1522 2061 1573 zeal
2097 1524 2129 1591 ἡ
2165 1524 2302 1595 ὀργὴ
2337 1525 2833 1580 διδασκαλία.Ἀλλ’
2854 1528 2935 1581 ὅτι
2959 1528 3028 1581 τά
3058 1528 3309 1599 βαλανεῖα
3341 1531 3473 1601 ἡμῖν
3499 1530 3637 1583 ἀπο-

1966 1608 2312 1678 κέκλεισται;
2374 1612 2515 1666 Ἀλλ’
2541 1614 2662 1666 οὐδὲ
2712 1612 2870 1668 τοῦτο
2911 1615 3203 1687 ἀφόρητον,
3255 1618 3349 1671 zeal
3402 1617 3633 1681 ἄκοντας

1964 1695 2090 1758 τοὺς
2119 1696 2208 1748 τὸν
2244 1697 2410 1770 ἁϐρὸν
2430 1701 2527 1752 zeal
2553 1700 2749 1770 χαῦνον
2771 1711 2794 1740 ο
2825 1700 2920 1754 zeal
2948 1701 3326 1773 διαλελυμένον
3359 1702 3473 1773 βίον
3497 1702 3635 1768 ζῶν-

1964 1797 2062 1844 τας
2085 1781 2220 1852 πρὸς
2248 1783 2348 1855 τὴν
2369 1785 2683 1856 φιλοσοφίαν
2709 1789 3072 1857 ἐπαναγαγεῖν
3098 1787 3115 1826 τ
3126 1826 3141 1840 .
3183 1787 3320 1840 Ἀλλ’
3341 1789 3424 1841 ὅτι
3448 1787 3509 1841 τὸ
3534 1787 3633 1859 τῆς

1966 1868 2173 1932 πόλεως
2202 1871 2389 1940 ἀφεῖλε
2419 1873 2657 1945 ἀξίωμα,
2689 1876 2783 1928 zeal
2805 1876 2984 1930 οὐκέτι
3012 1875 3291 1929 καλεῖσθαι
3321 1874 3491 1947 αὐτὴν
3525 1891 3634 1947 μη·-

1963 1954 2218 2026 τρόπολιν
2247 1957 2461 2023 εῐασεν;
2507 1960 2668 2015 Ἀλλὰ
2698 1963 2750 2015 τί
2780 1963 3000 2033 ποιῆσαι
3023 1963 3222 2034 ἐχρῆν;
3264 1962 3545 2015 ἐπαινέσαι
3564 1962 3632 2016 τὰ

1964 2044 2330 2114 γεγενημένα,
2370 2046 2464 2099 zeal
2490 2047 2652 2118 χάριν
2682 2050 3017 2121 ὁμολογῆσαι
3038 2068 3052 2117 ;
3088 2050 3198 2102 Kal
3217 2048 3300 2112 τίς
3324 2049 3424 2102 οὐκ
3443 2048 3509 2103 ἂν
3531 2050 3631 2103 αύ-

1962 2129 2054 2182 τὸν
2087 2131 2392 2202 ἐμέμψατο,
2413 2134 2494 2188 ὅτι
2514 2136 2633 2189 οὐδὲ
2660 2138 2820 2209 μέχρι
2849 2140 3126 2209 σχήματος
3157 2136 3469 2204 ἐπεδείξατο
3486 2136 3586 2207 τὴν
3607 2141 3631 2177 9

1963 2216 2374 2290 ἀγανάκτησινς
2415 2222 2528 2293 Οὐχ
2575 2225 2707 2295 ὁρᾷς
2740 2226 2867 2289 τοὺς
2898 2223 3163 2295 πατέρας,
3201 2225 3282 2278 ὅτι
3317 2224 3485 2277 πολλὰ
3521 2241 3632 2277 τοι-

1962 2303 2102 2358 αῦτα
2132 2306 2375 2361 ποιοῦσιν
2397 2310 2478 2372 εἰς
2501 2312 2629 2375 τοὺς
2655 2312 2805 2375 υἱοὺς
2830 2312 2955 2376 τοὺς
2983 2311 3227 2378 έαυτῶν;
3261 2311 3630 2383 ἀποστρέφον-

1961 2409 2082 2456 ται,
2133 2394 2229 2447 zeal
2283 2396 2565 2469 τραπέζης
2616 2398 2882 2468 εἴργουσι.
2931 2399 3101 2452 Τοῦτο
3160 2401 3253 2453 zeal
3299 2402 3327 2453 ὁ
3377 2398 3631 2470 βασιλεὺς

1962 2482 2185 2554 ἐποίησε
2226 2484 2482 2550 τοιαύτας
2527 2486 2737 2551 ἐπιθεὶς
2764 2487 3052 2558 τιμωρίας,
3087 2486 3292 2558 βλάϐην
3339 2487 3439 2558 μὲν
3477 2486 3630 2541 οὐδε-

1965 2569 2093 2639 μίαν
2120 2570 2370 2641 ἐχούσας,
2406 2573 2609 2645 πολλὴν
2632 2574 2690 2627 δὲ
2718 2575 2992 2647 φερούσας
3019 2576 3118 2646 τὴν
3148 2574 3296 2647 [I76]
3322 2573 3623 2647 διόρθωσιν.

1974 2656 2256 2728 Ἐννόησον
2298 2661 2421 2716 τίνα
2464 2663 2969 2735 προσεδοκήσαμεν,
3003 2663 3100 2717 zeal
3133 2662 3256 2717 τίνα
3286 2661 3500 2732 γέγονε,
3533 2662 3631 2726 zeal

1960 2743 2081 2798 τότε
2117 2745 2353 2816 μάλιστα
2387 2748 2646 2819 εἰσόμεθα
2677 2748 2773 2803 τοῦ
2804 2748 2940 2803 Θεοῦ
2970 2748 3069 2820 τὴν
3091 2748 3275 2821 χάριν,

2044 2833 2254 2902 Ἀλγείς
2292 2836 2375 2889 ὅτι
2418 2835 2480 2889 τὸ
2524 2837 2624 2908 τῆς
2652 2837 2857 2901 πόλεως
2890 2835 3110 2906 ἀξίωμα
3141 2836 3454 2907 ἀφῄρηταις
3491 2835 3628 2906 μάθε

1961 2919 2014 2973 τί
2043 2922 2172 2975 ποτέ
2207 2924 2322 2976 ἐστι
2351 2924 2449 2994 τῆς
2489 2924 2698 2988 πόλεως
2726 2924 2963 2995 ἀξίωμα,
3001 2924 3094 2981 zeal
3119 2928 3239 2981 τότε
3268 2924 3390 2994 εἴσῃ
3416 2922 3625 2993 σαφῶς,

1959 3012 2041 3065 δτι
2088 3011 2182 3065 ἐὰν
2232 3013 2282 3065 οί
2325 3012 2599 3078 οἰκοῦντες
2634 3014 2765 3067 αὐτὸ
2798 3012 2873 3085 μὴ
2908 3012 3197 3085 προδῶσιν,
3229 3013 3401 3077 οὐδεὶς
3441 3012 3626 3085 ἔτερος

1959 3098 2255 3167 ἀφελέσθαι
2287 3101 2573 3171 δυνήσεται
2606 3101 2825 3172 ἀξίωμα
2858 3100 3083 3164 πόλεως.
3118 3102 3190 3153 Οὐ
3219 3101 3323 3153 τὸιι
3352 3099 3629 3173 μητρόπο-

1958 3186 2042 3241 λιν
2073 3182 2234 3254 εἷναι,
2259 3188 2381 3242 οὐδὲ
2409 3188 2468 3242 τὸ
2501 3188 2731 3259 μέγεθος
2755 3188 2901 3261 ἔχειν
2922 3188 3021 3242 καὶ·
3040 3188 3238 3252 κάλλος
3264 3188 3628 3260 οἰκοδομημά-

1957 3292 2085 3339 των,
2113 3275 2234 3329 οὐδὲ
2260 3278 2321 3330 τὸ
2350 3276 2578 3340 πολλοὺς
2602 3277 2807 3340 κίονας,
2838 3277 2933 3330 καὶ
2959 3274 3120 3340 στοὰς
3146 3274 3361 3346 εὐρείας
3399 3276 3492 3328 zeal
3530 3291 3628 3328 πε-

1961 3364 2244 3433 ριπάτους,
2293 3364 2416 3418 οὐδὲ
2460 3364 2522 3416 τὸ
2554 3364 2660 3436 πρὸ
2703 3363 2812 3423 τῶν
2851 3363 3025 3417 ἄλλων
3056 3361 3483 3434 ἀναγορεύεσθαι
3526 3362 3626 3416 πό-

1957 3450 2114 3511 λεων,
2141 3451 2310 3523 ἀλλ’ἢ
2338 3452 2447 3505 τῶν
2477 3452 2830 3507 ἐνοικούντων
2858 3451 3029 3524 ἀρετὴ
3051 3452 3147 3505 zeal
3167 3442 3440 3521 εὐσέϐεια,
3463 3450 3625 3506 τοῦτο

1957 3539 2050 3591 zeal
2079 3538 2292 3609 ἀξίωμα
2324 3539 2420 3593 zeal
2446 3540 2651 3610 κόσμος
2687 3540 2784 3595 zeal
2805 3538 3076 3608 ἀσφάλεια
3106 3538 3329 3603 πόλεως,
3353 3537 3430 3601 ὡς
3453 3537 3520 3592 ἂν
3546 3536 3623 3609 μὴ

1948 3623 2114 3678 τοῦτο
2152 3620 2208 3696 ᾖ,
2239 3624 2459 3678 πάντων
2508 3626 2655 3678 ἐστὶν
2689 3624 3065 3696 εύτελεστέρα,
3105 3623 3207 3677 κᾶν
3238 3623 3438 3694 μυρίας
3470 3622 3624 3694 παρά

1956 3710 2261 3781 βασιλέωνί
2296 3711 2544 3785 ἀπολαύῃ
2572 3712 2759 3783 τιμῆς.
2785 3710 2972 3764 Βούλει
3008 3710 3200 3781 μαθεῖν
3228 3727 3340 3763 ’σου
3385 3711 3486 3781 τῆς
3526 3711 3623 3763 πό-

1953 3798 2090 3862 λεως
2117 3800 2178 3852 τὸ
2203 3798 2418 3870 ἀξίωμα
2440 3817 2454 3866 ;
2489 3798 2666 3870 βούλει
2695 3799 2765 3853 τά
2792 3796 2998 3870 πάτρια
3022 3798 3192 3869 αὐτῆς
3214 3797 3446 3863 είδέναι;
3477 3797 3620 3866 Ἐγὼ

1951 3884 2126 3939 ταῦτα
2162 3885 2300 3955 μετά
2323 3885 2611 3957 ἀκριϐείας
2640 3885 2773 3956 ἐρῶ,
2813 3885 2913 3955 οὐχ
2933 3885 3022 3938 ἴνα
3073 3883 3251 3956 μάθῃς
3287 3883 3466 3953 μόνον,
3500 3883 3620 3938 ἀλλ’

1954 3973 2042 4027 ἵνα
2063 3973 2157 4026 zeal
2187 3972 2459 4044 ζηλώσῃς.
2480 3974 2545 4026 Τί
2568 3974 2686 4026 ποτ’
2712 3967 2806 4026 οὖν
2835 3974 2951 4026 ἐστι
2981 3972 3081 4042 τῆς
3105 3971 3234 4043 παρ’
3254 3973 3390 4041 ημῖν
3410 3971 3620 4033 πόλεως

1952 4058 2012 4112 τὸ
2045 4060 2301 4131 ἀξίωμας
2344 4059 2609 4130 Ἐγένετο
2641 4059 2978 4129 πρῶτον-γέν
3014 4059 3331 4128 Ἀντιοχείᾳ
3354 4058 3496 4126 τοὺς
3511 4076 3621 4129 μα-

1952 4147 2135 4214 θητὰς
2160 4149 2522 4217 χρηματίσαι
2556 4147 2969 4217 Χριστιανούς.
2996 4144 3168 4199 Τοῦτο
3190 4145 3244 4199 δὲ
3265 4145 3489 4216 οὐδεμία
3509 4146 3619 4201 τῶν

1952 4234 2093 4290 κατὰ
2137 4235 2237 4306 τὴν
2282 4236 2605 4307 οἰκουμένην
2636 4234 2749 4306 ἔχει
2778 4234 3004 4296 πόλεων,
3023 4232 3131 4287 οὐδ’
3162 4233 3299 4305 αὑτὴ
3328 4234 3361 4305 ἡ
3402 4234 3617 4305 Ῥωμύ-

1950 4322 2043 4376 λου
2075 4323 2258 4387 πόλις·
2305 4320 2393 4377 διά
2423 4322 2581 4377 τοῦτο
2615 4322 2752 4393 πρὸς
2790 4322 3007 4375 ἅπασαν
3033 4320 3132 4391 τὴν
3160 4321 3483 4392 οἰκουμένην
3521 4322 3616 4374 ἀν-

1948 4410 2201 4480 τιϐλέψαι
2227 4410 2468 4475 δύναται,
2499 4410 2588 4463 διὰ
2616 4410 2677 4463 τὸ
2704 4408 2923 4479 φίλτρον
2955 4406 3018 4460 τὸ
3045 4406 3174 4477 περί
3219 4404 3314 4459 τὸν
3354 4406 3611 4476 Χριστὸν,

1947 4499 2037 4552 διὰ
2072 4500 2171 4571 τὴν
2208 4500 2543 4571 παρρησίαν,
2586 4498 2674 4552 διὰ
2714 4497 2812 4569 τὴν
2857 4496 3109 4568 ἀνδρείαν
3147 4486 3382 4568 ἐκείνην.
3424 4495 3613 4552 Βούλει

1947 4588 2042 4641 zeal
2063 4588 2249 4658 ἕτερον
2281 4586 2513 4641 ἀκοῦσαι
2540 4586 2641 4657 τῆς
2667 4585 2874 4649 πόλεως
2902 4584 3119 4656 ἀξίωμα
3162 4582 3256 4637 zeal
3300 4581 3607 4653 ἐγκώμιον;

1945 4674 2118 4743 Λιμός
2143 4690 2271 4726 ποτε
2296 4671 2677 4742 χαλεπώτατος
2704 4671 2927 4743 ἔμελλεν
2951 4669 3189 4735 ἔσεσθαι,
3224 4668 3320 4721 zeal
3349 4668 3397 4721 οἰ
3433 4684 3612 4722 κατοισ

1946 4759 2166 4823 κοῦντες
2223 4760 2282 4813 ἐν
2316 4760 2615 4831 Ἀντιοχείᾳ
2662 4757 2891 4830 ὥρισαν,
2942 4756 3124 4820 καθὼς
3168 4753 3461 4825 ηύπορεῖτό
3504 4771 3608 4820 τις,

1946 4845 2157 4915 πέμψαι
2186 4845 2321 4917 πρὸς
2351 4848 2477 4910 τοὺς
2503 4846 2690 4915 ἁγίους
2712 4846 2840 4909 τοὺς
2868 4841 3254 4905 κατοικοῦντας
3289 4842 3346 4894 ἐν
3382 4839 3609 4911 Ἰεροσο-

1944 4929 2152 5001 λύμοις.
2173 4932 2301 4986 Ἰδοὺ
2331 4933 2425 4986 zeal
2456 4932 2707 5004 δεύτερον
2735 4929 2971 5002 ἀξίωμα,
3000 4932 3033 5001 ἠ
3071 4930 3130 4981 ἐν
3165 4925 3309 4997 λιμῷ
3349 4925 3609 4996 φιλοφρο-

1945 5017 2097 5089 σύνη.
2129 5020 2204 5072 Οὐ
2253 5019 2587 5073 συνέστειλεν
2616 5020 2813 5083 αὐτοὺς
2857 5019 2886 5071 ὀ
2915 5016 3123 5088 καιρὸς,
3153 5014 3275 5067 οὐδὲ
3315 5013 3606 5083 ὀκνηροτέ-

1945 5121 2069 5176 ρους
2094 5105 2346 5175 ἐποίησεν
2368 5109 2400 5178 ἡ
2426 5107 2525 5177 τῆς
2550 5107 2833 5178 συμφορᾶς
2856 5102 3150 5175 προσδοκία
3172 5118 3185 5130 ’
3220 5100 3335 5153 ἀλλ’
3357 5100 3445 5154 ὅτε
3468 5100 3604 5155 πάν-

145 5186 363 5276 αεφνῄς
392 5202 632 5274 ἐγένετο.
665 5203 779 5257 Οὐκ
811 5202 877 5257 ἀν
904 5218 989 5265 τις
1024 5199 1192 5270 αὐτὴν
1219 5198 1390 5261 οὕτως
1423 5198 1748 5269 ἐκόσμησεν,
1784 5202 1832 5255 εί
1939 5211 2027 5256 τες
2077 5193 2144 5246 τὰ
2191 5193 2394 5264 ἐτέρων
2451 5194 2764 5263 συλλέγουσι
2793 5233 2807 5258 ,
2860 5191 2981 5245 τότε
3032 5186 3219 5243 αύτοίἰ
3278 5187 3347 5242 τά
3393 5187 3603 5243 ἑαυτῶν

147 5292 396 5366 χρυσοῦς
428 5292 753 5363 ἀνδριάντας
783 5290 1078 5359 ἀνέστησεν
1099 5298 1121 5327 ο
1153 5288 1247 5340 tul
1271 5287 1370 5356 τῆς
1391 5287 1619 5357 ἀγορᾶς,
1639 5285 1714 5350 ὡς
1736 5287 1831 5342 νῦν

148 5388 273 5437 ἐστι
308 5379 545 5451 λαμπρά
575 5380 669 5432 καὶ
707 5375 1009 5450 περιφανὴς
1065 5376 1192 5438 τοὺς
1248 5373 1447 5436 καλοὺς
1488 5373 1589 5443 τῆς
1630 5373 1831 5443 ἀρετῆς

145 5466 485 5536 ἀνδριάντας
535 5464 951 5538 παρασχομένη,
994 5464 1089 5517 zeal
1136 5461 1227 5516 τὸν
1268 5462 1467 5514 οίκεῖον
1518 5458 1829 5526 ἐπιδείξασα

430 5639 500 5694 τὰ
528 5640 679 5710 παρά
703 5638 798 5693 τοῦ
831 5637 1092 5710 βασιλέως
1129 5636 1290 5690 λυπεῖ
1312 5653 1325 5669 ο
1363 5637 1476 5691 ἀλλ’
1497 5634 1615 5693 οὐδὲ
1645 5636 1826 5693 ἐκεῖνα

226 5728 247 5749 ⁸
263 5726 365 5777 Atii
388 5735 441 5791 ει
459 5727 608 5777 Savil.
633 5727 869 5791 κατεῖχον,
891 5725 979 5791 οὐκ
990 5726 1266 5791 έπιτρέπονι
1275 5742 1336 5783 ις.

206 5787 235 5825 δ
263 5790 422 5839 Save].
450 5796 503 5837 ει
533 5790 727 5849 quidam
748 5787 831 5839 alii
853 5789 933 5839 zeal
957 5788 1106 5839 οὗτοι.

202 5864 223 5877 ’
264 5850 371 5900 Alii
391 5852 606 5909 ιστησιν.

1998 5351 2024 5390 σι
2049 5351 2143 5415 Αιίὶ
2169 5352 2477 5415 προδιδόντες.

1992 5415 2020 5477 ‘_
2038 5413 2129 5477 {lii
2149 5408 2230 5477 τὸν
2257 5415 2397 5477 ὑγρὸν
2422 5415 2501 5461 καί
2523 5408 2714 5475 χαῦνον.

2002 5474 2020 5541 ξ
2048 5475 2198 5541 ὃθγίί.
2220 5474 2424 5541 ἀγαγεῖν,

1995 5539 2021 5617 ε
2045 5531 2351 5617 ῼμξάειτηξειίί
2374 5532 2827 5617 μειειιρήματοςέπο
2852 5531 2974 5617 τινέ-

1993 5598 2021 5637 h
2040 5591 2139 5649 Ᾰιίί
2158 5591 2661 5660 δυνήσεται.’¹λξ’ίωμα
2680 5594 2832 5660 τοίνυν
2852 5595 3051 5660 πόλεως,
3072 5591 3130 5642 οὗ
3160 5592 3236 5643 τό.
3264 5649 3296 5660 __

1999 5660 2015 5700 ί
2041 5664 2139 5711 Αίὶἰ
2168 5672 2223 5713 ει
2260 5650 2434 5713 Μοτεί.
2468 5650 2606 5724 «clpa;
2634 5657 2885 5723 βασιλέως.
2932 5650 3084 5705 Paulo
3103 5661 3214 5718 post
3236 5650 3319 5701 alii
3341 5651 3498 5714 βούλει
3540 5657 3598 5701 τὺ

1931 5725 2146 5787 πατρῷοι-

1938 5773 2145 5909 ρῆἒέὲὶάιίἰ
2169 5786 2276 5838 τότε
2300 5784 2483 5837 έκεῖνοι.
2510 5783 2637 5836 Infra
2655 5782 2741 5835 alii
2770 5776 3031 5835 Ἰουδαῖιιὰς
3051 5773 3379 5838 ἐπεισάγοντες
3399 5786 3612 5837 παρα-ιη·-

1985 5880 1993 5899 σ
2070 5864 2107 5904 ς.

1985 5864 2107 5904 mue.
