4020 6216
283 271 382 325 ΠἸ

283 397 381 437 nec
409 380 757 451 prasentibus
796 387 1022 444 tantum,
1050 391 1231 433 verum
1268 387 1321 432 et
1347 376 1503 446 longe
1528 372 1856 430 sedentibus.

289 472 473 527 Vidisti
506 470 661 524 fidem
689 471 742 524 in
775 470 961 534 Deum,
1009 477 1064 523 et
1107 469 1379 524 caritatem
1432 468 1484 522 in
1527 465 1862 537 proximum?

289 561 378 615 Vis
403 570 457 614 et
485 560 641 613 aliam
668 559 898 613 civitatis
932 557 1088 626 hujus
1127 557 1333 612 discere
1357 554 1706 626 dignitatem?
1761 555 1863 607 De-

283 652 601 707 scenderunt
626 649 839 720 quidam
862 665 928 704 ex
949 647 1130 703 Judzea
1158 646 1514 712 Antiochiam,
1543 643 1859 715 perturban-

284 753 365 798 tes
390 743 842 812 praedicationem,
883 749 939 794 et
983 738 1228 794 Judaicas
1271 737 1579 792 indecentes
1606 735 1859 790 observa-

285 836 460 889 tiones
487 836 621 906 (Act.
655 833 742 888 15.
771 831 848 904 I).
877 831 991 885 Non
1019 831 1177 885 tacite
1205 830 1437 885 tulerunt
1467 827 1542 882 illi
1566 825 1862 881 innovatio-

283 941 427 988 nem,
468 940 565 980 nec
602 925 1000 994 acquieverunt,
1039 922 1133 977 sed
1180 921 1556 976 convenientes
1593 927 1650 972 et
1688 917 1863 972 eccle-

282 1018 419 1071 siam
470 1014 722 1070 facientes
748 1055 764 1080 ,
812 1012 1200 1084 Jerosolymam
1247 1011 1465 1065 Paulum
1509 1008 1769 1063 miserunt
1807 1013 1865 1062 et

283 1107 599 1169 Barnabam,
631 1113 686 1160 et
730 1100 1020 1160 eﬁecerunt
1065 1111 1122 1156 ut
1159 1101 1386 1172 apostoli
1414 1099 1658 1169 dogmata
1693 1113 1723 1152 a
1769 1097 1864 1152 Ju-

280 1196 432 1250 daica
486 1195 794 1249 infirmitate
846 1208 978 1261 pura
1028 1191 1216 1262 quovis
1262 1199 1520 1244 terrarum
1569 1188 1862 1243 mitterent.

281 1286 410 1341 Ilaec
431 1285 656 1341 civitatis
681 1284 930 1354 dignitas,
961 1283 1076 1337 haec
1105 1280 1429 1351 praestantia,
1462 1279 1562 1334 hoc
1592 1280 1758 1348 ipsam
1789 1278 1863 1332 fa-

278 1377 356 1430 cit
383 1376 743 1444 metmpolim,
789 1388 895 1428 non
935 1375 985 1426 in
1032 1381 1193 1434 terra,
1244 1371 1338 1426 sed
1384 1372 1436 1424 in
1483 1371 1634 1426 caelo.
1685 1369 1863 1437 Itaque

280 1480 471 1520 omnes
520 1465 608 1518 alii
652 1465 882 1518 honores
930 1462 1299 1530 corruptibiles
1340 1469 1464 1514 sunt
1502 1468 1556 1514 et
1596 1459 1778 1514 caduci
1809 1467 1865 1512 et

279 1573 405 1613 cum
455 1556 702 1626 praesenti
751 1555 855 1608 vita
906 1555 1214 1614 solvuntur;
1262 1551 1569 1621 frequenter
1605 1560 1781 1605 autem
1808 1558 1864 1604 et

279 1658 407 1704 ante
431 1657 750 1718 prmsentem
794 1647 955 1699 vitam
998 1645 1156 1698 tinem
1203 1643 1442 1698 habent:
1473 1643 1609 1696 sicut
1645 1649 1698 1694 et
1725 1653 1864 1692 nunc

281 1743 467 1812 utique
493 1741 810 1797 habuerunt.
841 1738 965 1792 Mihi
995 1737 1180 1792 civitas
1216 1750 1320 1790 non
1358 1734 1559 1790 habens
1586 1733 1700 1803 pios
1720 1731 1863 1785 cives

279 1833 428 1889 omni
454 1833 579 1886 villa
609 1831 767 1886 vilior
813 1839 914 1897 est,
964 1839 1018 1885 et
1057 1841 1394 1900 quacumque
1429 1825 1679 1895 spelunca
1710 1823 1862 1894 igno-

281 1925 460 1980 bilior.
489 1924 557 1979 Et
583 1923 710 1994 quid
735 1923 858 1978 dico
895 1921 962 1977 de
1008 1919 1256 1976 civitate?
1294 1918 1364 1975 Ut
1402 1917 1545 1972 enim
1584 1916 1864 1986 diligenter

280 2016 458 2072 discas
485 2016 734 2070 virtutem
770 2015 939 2070 solam
968 2012 1111 2068 cives
1150 2023 1360 2075 ornare,
1407 2007 1540 2062 nihil
1569 2005 1662 2060 tibi
1691 2005 1757 2060 de
1784 2005 1864 2059 ci-

283 2107 446 2162 vitate
469 2105 612 2170 dico,
654 2104 749 2160 sed
777 2104 920 2175 quod
963 2111 1046 2158 est
1072 2101 1215 2156 omni
1245 2099 1456 2155 civitate
1484 2095 1859 2162 venerabilius,

279 2197 785 2267 Jerosolymitanum
827 2195 920 2250 Dei
946 2194 1200 2262 templum
1243 2191 1298 2246 in
1334 2189 1568 2245 medium
1609 2187 1860 2253 aﬂ‘erens,

283 2289 390 2343 hoc
429 2287 799 2343 demonstrare
849 2284 1104 2340 conabor.
1153 2283 1264 2337 Hoc
1304 2281 1445 2336 enim
1489 2280 1764 2350 templum,
1812 2277 1865 2331 in

281 2392 392 2448 quo
421 2376 682 2430 sacriﬁcia
705 2385 760 2430 et
783 2375 1052 2430 orationes
1076 2380 1130 2428 et
1158 2373 1353 2437 cultus,
1380 2370 1469 2425 ubi
1499 2375 1681 2424 sancta
1737 2382 1863 2423 san-

279 2475 587 2529 ctorum,et
609 2465 982 2529 Cherubim,et
1007 2463 1426 2528 Testamentum,
1453 2467 1507 2515 et
1532 2473 1661 2513 urna
1683 2471 1863 2522 aurea,

279 2573 476 2628 magna
507 2557 700 2612 indicia
730 2556 922 2611 divinae
953 2555 1094 2610 circa
1119 2567 1287 2624 genus
1313 2551 1441 2606 illud
1481 2547 1864 2622 providentiae:

280 2650 374 2704 ubi
418 2649 633 2704 oracula
677 2661 909 2717 superne
945 2646 1196 2701 continua
1241 2643 1565 2706 ferebantur,
1605 2640 1693 2694 ubi
1742 2653 1866 2707 pro-

280 2739 464 2810 pheta:
490 2739 672 2794 divino
703 2736 1020 2792 afﬂahantur
1057 2735 1311 2789 numine:
1341 2733 1428 2788 ubi
1471 2723 1595 2786 non
1622 2731 1866 2784 humana:

278 2831 438 2896 artis,
464 2829 560 2885 sed
585 2829 776 2883 divinae
800 2827 1074 2896 sapientiae
1102 2835 1257 2897 typus
1284 2833 1399 2879 erat
1429 2841 1441 2876 ε
1469 2823 1557 2877 ubi
1585 2822 1750 2876 multo
1771 2836 1866 2889 pa-

280 2921 448 2974 rietes
471 2918 701 2986 undique
728 2916 996 2987 fulgebant
1028 2929 1178 2980 auro,
1219 2923 1274 2970 et
1310 2928 1467 2982 supra
1503 2925 1717 2966 omnem
1749 2925 1865 2963 mo-

279 3009 412 3064 dum
459 3017 572 3062 tum
619 3007 858 3061 materiae
904 3004 1286 3075 pretiosissima
1327 3003 1552 3072 species,
1600 3013 1708 3056 tum
1741 3000 1869 3054 artis

281 3099 562 3168 diligentia
601 3097 896 3165 conjunch
943 3096 1115 3150 solum
1163 3109 1323 3164 super
1379 3103 1572 3146 terram
1615 3090 1868 3159 templum

283 3189 593 3261 bujusmodi
623 3199 747 3243 tunc
789 3188 953 3243 fuisse
991 3187 1498 3242 demonstraverunt
1538 3201 1551 3237 :
1594 3183 1701 3236 imo
1741 3195 1870 3234 vero

282 3297 393 3336 non
419 3281 555 3336 artis
581 3289 783 3334 tantum
811 3279 1102 3348 diligentia,
1142 3291 1328 3332 verum
1374 3283 1430 3330 et
1479 3275 1572 3329 Dei
1612 3271 1870 3342 sapientia

285 3372 446 3428 simul
496 3371 627 3426 illud
667 3370 871 3424 ornavit
901 3368 1203 3423 aediﬁcium.
1243 3366 1361 3422 Non
1391 3365 1532 3421 enim
1557 3377 1624 3419 ex
1655 3363 1869 3433 proprio

286 3474 438 3529 nutu,
481 3477 580 3518 nec
611 3477 640 3515 a
683 3461 992 3530 semetipso,
1018 3459 1112 3515 sed
1137 3474 1167 3512 a
1195 3459 1304 3513 Deo
1349 3464 1536 3513 cuncta
1575 3455 1823 3510 Salomon
1852 3453 1868 3484 ¹

286 3554 504 3608 discens
554 3561 609 3606 et
652 3550 1063 3619 descriptionem
1085 3549 1290 3602 caalitus
1310 3548 1567 3609 referens,
1591 3545 1667 3599 sic
1697 3544 1870 3613 ipsum

286 3642 606 3712 designavit,
651 3650 706 3697 et
742 3641 912 3696 erexit
943 3641 1018 3712 (5.
1062 3639 1192 3710 Reg.
1216 3638 1294 3708 6).
1331 3637 1706 3692 Verumtamen
1739 3644 1872 3690 tem-

288 3735 434 3803 plum
462 3742 570 3787 tam
599 3732 902 3801 pulchrum,
929 3739 986 3785 et
1003 3729 1264 3795 mirabile,
1292 3739 1346 3784 et
1377 3737 1640 3795 sanctum,
1669 3726 1870 3782 utenti-

288 3825 392 3879 bus
420 3824 539 3894 ipso
564 3821 803 3892 perditis,
830 3831 988 3876 tantre
1022 3821 1324 3892 ignominia:
1367 3819 1600 3874 habitum
1628 3826 1728 3883 est,
1770 3818 1873 3872 sic-

285 3929 394 3984 que
435 3921 800 3981 contemptum
828 3919 884 3966 et
911 3911 1185 3981 profanum
1231 3909 1514 3975 redditum,
1547 3918 1604 3963 ut
1627 3918 1751 3962 ante
1779 3922 1871 3962 ca-

289 4005 588 4076 ptivitatem
603 4003 814 4074 quidem
827 4002 1078 4072 spelunca
1093 4010 1374 4056 vocaretur
1390 3997 1869 4070 latronum(Mauh.

289 4095 381 4150 ει.
412 4096 525 4165 15),
562 4103 618 4150 et
654 4093 906 4164 spelaeum
949 4093 1181 4164 hyaenae;
1218 4100 1339 4161 post
1382 4090 1496 4145 haec
1523 4105 1649 4145 vero
1677 4091 1892 4145 barba-.

292 4188 420 4242 ricis
443 4194 500 4240 et
544 4184 828 4239 immundis
865 4191 920 4238 et
963 4182 1195 4252 profanis
1235 4181 1476 4235 manibus
1504 4180 1752 4234 traditum
1779 4179 1869 4234 sit.

295 4275 389 4331 Vis
419 4284 473 4330 et
493 4273 561 4328 de
583 4274 796 4328 civitate
825 4273 926 4328 hoc
969 4271 1110 4327 idem
1140 4270 1381 4326 discere?
1401 4269 1535 4336 Quid
1554 4269 1802 4325 Sodomis
1822 4278 1873 4325 ct

293 4363 596 4435 conjunctis
624 4363 926 4419 civitatibus
965 4361 1062 4416 fuit
1091 4360 1428 4431 prmclarius?
1452 4360 1661 4415 Etenim
1687 4359 1877 4416 domus

294 4471 349 4515 et
401 4458 627 4514 aedilicia
675 4455 971 4526 Splendida,
1004 4464 1058 4510 et
1100 4454 1326 4524 parietes
1370 4452 1712 4523 pulcherrimi
1738 4451 1877 4523 apud

297 4565 444 4621 ipsos
469 4557 642 4613 erant,
674 4556 729 4602 et
776 4547 922 4615 regio
965 4544 1173 4615 pinguis
1197 4554 1252 4600 et
1295 4543 1505 4609 fertilis,
1552 4554 1605 4598 et
1631 4544 1877 4614 paradiso

296 4643 391 4698 Dei
429 4639 757 4703 assimilata;
798 4638 931 4692 cella
971 4651 1096 4692 vero
1137 4636 1422 4691 Abrahami
1446 4636 1566 4690 vilis
1602 4645 1657 4691 et
1695 4649 1875 4705 parva,

294 4745 352 4790 ct
395 4733 603 4789 nullum
642 4731 844 4786 habens
882 4731 1151 4786 munimen
1185 4747 1198 4783 :
1227 4729 1319 4785 sed
1345 4739 1531 4783 exorto
1563 4728 1879 4798 quandoque

298 4828 441 4884 bello
459 4825 761 4891 barbarico,
779 4826 938 4880 urbes
954 4823 1167 4894 quidem
1182 4821 1445 4877 mmnibus
1461 4823 1692 4875 munitas
1719 4818 1878 4876 salio-

297 4918 494 4974 derunt
518 4925 572 4972 et
596 4923 852 4984 ceperunt
890 4914 1122 4978 barbari,
1154 4921 1208 4968 et
1228 4911 1429 4968 incolas
1453 4911 1689 4981 captivos
1722 4909 1862 4964 abdu

298 5019 482 5064 centes
519 5007 762 5061 abierunt
799 5023 813 5059 :
851 5004 1150 5060 solitudinis
1187 5011 1361 5059 autem
1396 5002 1564 5058 civem
1608 5000 1878 5056 Abraham

299 5103 636 5171 ingruentem
661 5113 764 5153 non
792 5097 1044 5152 tulerunt.
1074 5096 1182 5152 Nec
1207 5095 1500 5158 immerito;
1529 5092 1879 5149 multitudinis

298 5195 441 5247 enim
471 5201 526 5245 et
546 5205 820 5244 murorum
845 5189 1136 5243 munimine
1172 5187 1338 5241 multo
1366 5185 1618 5255 majorem
1649 5185 1752 5238 vim
1782 5184 1878 5237 lia-

300 5287 478 5350 bebat,
503 5285 751 5355 pietatem
777 5283 998 5338 scilicet.
1041 5282 1095 5336 Si
1127 5280 1456 5336 Christianus
1499 5295 1578 5342 es,
1615 5279 1878 5332 civitatem

301 5392 409 5430 non
453 5375 618 5428 habes
668 5389 829 5443 super
859 5382 1073 5428 teriam.
1110 5371 1347 5426 Civitatis
1394 5379 1589 5424 nostra:
1627 5370 1802 5439 opifex
1829 5376 1883 5422 et

300 5466 630 5522 architectus
653 5475 732 5520 est
759 5467 934 5519 Dens:
965 5464 1088 5520 licet
1125 5477 1337 5518 omnem
1372 5460 1643 5532 capiamus
1669 5458 1876 5523 orbem,

303 5559 543 5629 hospites
568 5568 620 5612 et
643 5558 902 5629 peregrini
925 5555 1088 5613 totius
1111 5570 1311 5612 sumus.
1341 5551 1396 5608 In
1417 5551 1604 5608 caelum
1629 5549 1882 5622 adscripti

373 5681 388 5710 ⁸
425 5679 528 5734 Alii.
559 5687 763 5739 stantes:
787 5675 915 5728 male

1157 265 1248 320 AD
1285 261 1605 320 POPllLUM
1641 257 2128 318 ANTIOCHENUM
2190 261 2416 317 HOMIL.
2458 262 2621 318 XVII.

3438 267 3539 323 178

1963 384 2166 435 sumus,
2200 371 2306 426 illic
2330 386 2711 428 conversamur
2737 390 2750 428 :
2790 389 2894 430 non
2923 391 3204 445 puerorum
3243 396 3394 436 more
3422 396 3541 450 par-

1965 475 2151 518 vorum
2179 477 2368 532 magna
2392 472 2812 530 contemnentes,
2843 480 3004 535 parva
3032 468 3374 525 admiremur.

2039 551 2158 607 Non
2183 554 2494 624 magnitudo,
2518 556 2606 608 sed
2626 556 2785 626 pietas
2815 557 3040 611 ciuitates
3065 571 3294 614 exornat.
3322 591 3394 601 —
3419 560 3533 616 Non

1964 643 2194 698 civitatis
2221 644 2548 714 magnitudo,
2578 645 2671 701 sed
2693 646 2853 699 animi
2876 646 3041 700 virtus
3061 660 3426 704 ornamentum
3457 661 3539 704 est

1965 744 2019 790 et
2047 736 2454 790 munimentum.
2488 738 2544 791 Si
2578 751 2705 790 vero
2735 738 2961 792 civitatis
2989 753 3197 808 quoque
3229 741 3536 809 dignitatem

1966 840 2085 880 esse
2114 827 2384 896 putaveris
2432 828 2865 898 magnitudinem,
2906 831 3079 900 cogita
3121 840 3250 900 quot
3299 833 3535 899 lenones,

1966 925 2094 986 quot
2120 917 2308 972 molles
2339 925 2392 972 et
2425 918 2636 987 perditi,
2676 928 2731 974 et
2769 921 3056 975 innumeris
3095 921 3236 990 pleni
3278 923 3432 977 malis
3456 924 3538 978 di-

1966 1007 2151 1076 gnitati
2173 1008 2295 1063 huic
2321 1011 2739 1076 communicant,
2771 1020 2823 1065 et
2849 1013 3058 1065 tandem
3088 1013 3229 1068 hunc
3257 1024 3538 1069 contemne

1968 1099 2244 1155 honorem.
2277 1101 2382 1156 Sed
2414 1117 2518 1156 non
2554 1102 2644 1157 ille
2686 1103 2805 1157 talis
2847 1114 2926 1159 est
2976 1121 2989 1156 :
3039 1121 3144 1158 non
3186 1109 3328 1160 enim
3377 1107 3543 1176 ipsius

1965 1199 2168 1260 partem
2200 1207 2390 1262 capere
2417 1194 2539 1248 licet
2559 1193 2656 1259 illi,
2678 1194 2768 1263 qui
2792 1210 2896 1248 non
2926 1209 3140 1250 omnem
3162 1197 3408 1252 exhibeat
3436 1198 3543 1252 vir-

1967 1291 2152 1337 tutem.
2188 1284 2268 1339 Ne
2303 1285 2461 1355 igitur
2486 1287 2631 1341 stulti
2681 1287 2889 1351 fiamus,
2939 1288 3031 1342 sed
3084 1297 3208 1343 tunc
3244 1289 3538 1354 doleamus,

1964 1393 2085 1431 cum
2111 1379 2229 1446 quis
2271 1380 2463 1434 anima:
2506 1389 2701 1434 nostra:
2742 1380 3046 1450 dignitatem
3082 1381 3380 1447 abstulerit,
3420 1397 3540 1436 cum

1969 1477 2239 1538 peccatum
2273 1467 2526 1524 fuerimus
2552 1470 2775 1539 operati,
2798 1485 2917 1524 cum
2945 1484 3277 1524 communem
3303 1471 3539 1526 omnium

1968 1559 2250 1614 Dominum
2277 1559 2654 1614 offenderimus
2687 1561 2981 1630 :siquidem
3008 1577 3129 1630 qua:
3168 1577 3308 1615 nunc
3338 1571 3538 1630 patrata

1966 1661 2110 1714 sunt,
2145 1667 2248 1705 non
2279 1659 2480 1705 tantum
2534 1651 2664 1705 nihil
2711 1652 2903 1706 ltedent
2941 1653 3227 1717 civitatem,
3261 1655 3353 1708 sed
3381 1655 3424 1708 si
3455 1670 3526 1709 so—

1966 1741 2065 1795 brii
2086 1741 2331 1804 simus,et
2357 1742 2585 1797 maxime
2607 1742 2949 1811 adjuvabunt.
2987 1743 3200 1798 Etenim
3234 1759 3376 1799 nunc
3402 1745 3534 1799 civi-

1969 1843 2048 1888 tas
2076 1842 2256 1887 nostra
2283 1834 2489 1888 mulieri
2521 1833 2783 1899 formosa),
2813 1844 2865 1890 et
2892 1835 3090 1899 liberaz,
3113 1845 3166 1891 et
3195 1836 3446 1891 modestae
3473 1837 3547 1892 si-

1968 1922 2108 1975 milis
2136 1938 2256 1979 esse
2285 1924 2512 1979 videtur.
2554 1924 2735 1979 Timor
2761 1925 2928 1994 ipsam
2972 1925 3092 1979 fecit
3133 1926 3542 1981 mansuetiorem

1968 2021 2021 2066 et
2046 2010 2428 2079 honestiorem,
2453 2023 2506 2069 et
2528 2031 2556 2068 a
2587 2016 2861 2070 sceleratis
2892 2015 3014 2079 illis,
3045 2015 3135 2083 qui
3176 2015 3290 2070 haec
3321 2015 3543 2070 nefanda

1968 2112 2091 2157 sunt
2114 2104 2230 2159 ausi
2275 2104 2525 2171 facinora,
2556 2105 2818 2160 liberavit.
2863 2105 2939 2160 Ne
2975 2106 3131 2175 igitur
3160 2106 3402 2161 muliebri
3434 2105 3552 2175 plo-

1968 2206 2150 2246 remus
2178 2193 2320 2247 luctu
2351 2211 2364 2246 :
2392 2195 2590 2249 etenim
2622 2194 2818 2249 multos
2848 2210 2944 2264 per
2982 2195 3152 2248 forum
3183 2195 3420 2250 dicentes
3450 2209 3540 2249 au-

1968 2285 2076 2339 divi
2111 2303 2125 2340 :
2157 2284 2250 2340 Va:
2277 2287 2391 2352 tibi,
2421 2287 2721 2350 Antiochia,
2753 2287 2880 2357 quid
2923 2286 3016 2341 tibi
3054 2284 3249 2340 factum
3271 2286 3388 2340 est?
3412 2301 3550 2355 quo-

1969 2375 2128 2430 modo
2164 2392 2222 2431 es
2259 2377 2462 2433 honore
2491 2379 2724 2446 privata?
2750 2389 2804 2431 et
2828 2393 2949 2431 cum
2977 2377 3260 2440 audissem,
3286 2377 3542 2445 puerilem

1971 2466 2093 2520 talia
2120 2466 2410 2520 dicentium
2445 2476 2678 2522 mentem
2708 2466 2888 2521 derisi.
2919 2466 3035 2521 Non
3067 2467 3210 2521 enim
3249 2467 3362 2519 hare
3402 2481 3543 2519 nunc

1969 2566 2180 2626 oportet
2203 2558 2401 2622 dicere,
2430 2558 2524 2613 sed
2552 2575 2673 2614 cum
2711 2559 2966 2613 saltantes
3005 2558 3230 2621 videris,
3281 2566 3543 2627 potantes,

1970 2649 2404 2719 blasphemantes
2430 2691 2446 2716 ,
2490 2650 2770 2719 jurantcs,
2820 2650 3149 2718 pcjerantes,
3192 2649 3542 2713 mentientes,

1972 2751 2097 2797 tunc
2119 2743 2199 2797 his
2221 2753 2369 2797 utere
2395 2742 2572 2798 verbis
2600 2759 2616 2796 :
2645 2741 2737 2797 Va:
2787 2741 2898 2805 tibi,
2926 2741 3131 2806 civitas,
3171 2739 3295 2809 quid
3339 2740 3434 2793 tibi
3465 2738 3547 2794 fa~

1970 2843 2114 2889 ctum
2136 2835 2254 2889 est?
2283 2834 2327 2888 si
2360 2849 2490 2889 vero
2515 2831 2686 2888 lbrum
2713 2832 2908 2887 videris
2947 2847 3143 2901 paucos
3174 2832 3375 2886 habens
3400 2827 3546 2886 viros

1973 2937 2278 2980 mansuetos
2306 2933 2358 2980 et
2379 2923 2647 2979 modestos
2667 2935 2719 2978 et
2760 2923 3081 2987 moderatos,
3103 2923 3368 2977 civitatem
3400 2922 3544 2975 illam

1974 3029 2106 3070 voca
2134 3015 2359 3069 beatam.
2391 3013 2532 3068 Nihil
2572 3014 2712 3067 enim
2741 3013 2907 3082 ipsam
2945 3013 3181 3081 paucitas
3229 3011 3422 3066 laedere
3450 3026 3546 3080 po-

1976 3105 2119 3170 terit,
2149 3119 2269 3159 cum
2314 3119 2416 3158 non
2448 3103 2584 3158 desit
2611 3104 2779 3157 virtus
2816 3121 2829 3156 :
2866 3101 3003 3157 sicut
3031 3114 3235 3166 contra,
3268 3101 3395 3155 nihil
3429 3117 3547 3154 um-

1972 3208 2130 3263 quam
2157 3192 2391 3263 proderit
2420 3192 2722 3256 multitudo,
2754 3207 2873 3246 cum
2900 3191 3039 3246 adsit
3061 3192 3278 3246 malitia.
3308 3192 3369 3246 Si
3395 3191 3547 3259 fuerit

1975 3301 2208 3338 numerus
2236 3284 2458 3353 ﬁliorum
2483 3283 2666 3350 Israel,
2711 3285 2897 3354 inquit,
2929 3283 3060 3336 velut
3085 3299 3237 3336 arena
3261 3283 3434 3344 maris,
3463 3299 3545 3334 re-

1973 3377 2144 3446 liquid!
2180 3377 2506 3430 salt-abutitur
2545 3375 2695 3446 (Isai.
2731 3376 2817 3430 10.
2855 3375 2957 3445 22;
2990 3375 3140 3429 Rom.
3171 3374 3224 3428 9.
3258 3374 3367 3445 E7).
3406 3373 3546 3428 Nihil

1975 3485 2060 3523 me
2086 3469 2365 3522 multitudo
2403 3469 2596 3537 poterit
2635 3482 2875 3530 exorare,
2903 3466 3087 3535 inquit.
3120 3466 3207 3519 Sic
3233 3474 3284 3518 et
3305 3465 3548 3519 Christus

1975 3559 2118 3624 fecit,
2152 3559 2358 3612 vocavit
2387 3557 2626 3611 civitates
2666 3557 2909 3622 miseras,
2939 3572 3043 3609 non
3073 3564 3285 3624 prepter
3317 3557 3547 3624 paucita.

1976 3659 2102 3716 tem,
2124 3665 2294 3720 neque
2322 3649 2570 3719 quoniam
2595 3663 2697 3702 non
2714 3649 3231 3716 essentmetropoles
3247 3664 3258 3698 :
3275 3656 3322 3700 et
3343 3646 3549 3700 Jerusa-

1974 3743 2078 3798 lem
2108 3757 2316 3797 rursum
2342 3751 2556 3811 propter
2590 3739 2691 3794 hoc
2716 3738 2886 3808 ipsum
2917 3739 3162 3792 miseram
3192 3737 3342 3801 dixit,
3368 3738 3444 3790 sic
3470 3738 3550 3790 in-

1975 3833 2163 3904 quiens
2191 3851 2204 3887 :
2235 3831 2539 3896 Jerusalem,
2564 3829 2848 3883 Jerusalem
2868 3870 2882 3893 ,
2914 3843 3027 3900 qua:
3051 3827 3234 3881 occidis
3259 3827 3548 3897 prophetas.

1977 3937 2022 3980 et
2067 3924 2264 3995 lepidas
2306 3939 2409 3989 eos,
2438 3924 2524 3990 qui
2552 3921 2620 3974 ad
2647 3931 2694 3975 te
2737 3920 2876 3974 missi
2919 3927 3036 3973 sunt
3080 3917 3289 3990 (Matth.
3314 3916 3403 3970 ‘25.
3434 3915 3548 3986 1'37).

1977 4019 2142 4086 Quam
2185 4017 2325 4072 enim
2372 4015 2502 4068 mihi
2548 4013 2753 4068 confert
2795 4011 3075 4065 utilitatem
3117 4008 3419 4069 multitudo,
3466 4006 3552 4060 dic

1977 4107 2127 4172 mihi,
2167 4107 2210 4160 si
2261 4105 2446 4159 vitiose
2473 4103 2647 4157 vivat?
2682 4101 2819 4168 Quin
2847 4115 2877 4154 e
2902 4099 3168 4155 contrario
3211 4106 3265 4152 et
3299 4096 3549 4151 damnum

1977 4214 2044 4253 ex
2074 4197 2175 4252 hoc
2220 4197 2470 4250 nascitur.
2501 4193 2637 4263 Quid
2679 4192 2820 4248 enim
2864 4191 3008 4246 aliud
3055 4205 3195 4244 nunc
3230 4189 3370 4243 illata
3412 4189 3550 4242 mala

1980 4288 2141 4344 fecit?
2169 4302 2345 4342 nonne
2368 4296 2549 4355 torpor
2575 4292 2630 4338 et
2658 4290 3022 4350 contemptus,
3051 4288 3106 4334 et
3147 4278 3552 4332 inhabitantium

1979 4377 2330 4447 improbitas?
2361 4375 2614 4444 numquid
2652 4373 2878 4443 dignitas
2899 4370 3095 4427 civitati
3143 4367 3373 4438 profuit?
3403 4384 3556 4421 num-

1979 4468 2108 4539 quid
2131 4466 2337 4522 :edificii
2381 4463 2729 4535 magnitudo?
2773 4459 3027 4530 numquid
3054 4461 3174 4530 quia
3204 4459 3558 4528 metropolis?

1981 4558 2038 4613 Si
2065 4571 2190 4612 vero
2212 4555 2352 4626 apud
2382 4570 2561 4625 regem
2590 4562 2746 4608 terra:
2774 4551 2903 4606 nihil
2942 4549 3040 4620 ipsi
3071 4549 3425 4618 przevaricatze
3454 4547 3557 4602 hoc

1982 4649 2197 4720 profuit,
2238 4647 2330 4702 sed
2375 4647 2461 4701 illa
2506 4654 2693 4700 cuncta
2730 4643 2935 4699 sublata
2980 4650 3104 4696 sunt
3136 4659 3151 4695 :
3183 4639 3349 4694 multo
3391 4638 3557 4705 magis

1981 4739 2118 4812 apud
2148 4738 2454 4809 angelorum
2483 4735 2761 4790 Dominum
2791 4732 2924 4787 nihil
2952 4733 3049 4802 ipsi
3079 4730 3311 4801 proderit
3331 4727 3557 4798 dignitas

1981 4832 2081 4888 ista
2109 4849 2122 4884 :
2149 4830 2279 4885 nihil
2309 4829 2448 4885 cnim
2494 4841 2592 4882 nos
2629 4826 2722 4882 illo
2763 4825 2849 4881 die
2888 4824 3080 4895 poterit
3118 4822 3387 4890 adjuvare,
3415 4817 3556 4888 quod

1984 4921 2320 4991 metropolim
2371 4919 2698 4980 habitemus,
2742 4917 2977 4988 porticus
3015 4914 3148 4968 latas
3195 4910 3476 4965 habentem
3503 4919 3559 4964 et

1983 5015 2112 5068 alias
2137 5011 2438 5082 hujusmodi
2463 5010 2764 5080 dignitates.
2811 5007 2880 5063 Et
2904 5005 3026 5074 quid
3061 5004 3180 5058 dico
3209 5003 3354 5056 illum
3375 4999 3557 5054 diem?

1983 5104 2109 5176 quid
2136 5105 2218 5160 vel
2243 5102 2311 5158 ad
2349 5111 2662 5173 praesentem
2707 5101 2862 5154 vitam
2893 5095 3142 5166 prodesse
3185 5091 3396 5162 poterit.
3427 5091 3560 5145 civi-

1987 5207 2146 5252 tatem
2173 5210 2292 5250 esse
2323 5196 2412 5249 tibi
2441 5190 2813 5262 metropolim?
2844 5184 3093 5252 numquid
3123 5199 3187 5238 es
3215 5184 3315 5236 hoc
3337 5181 3555 5236 domum

1985 5291 2262 5360 quisquam
2293 5287 2429 5341 male
2471 5284 2776 5353 diSpositam
2821 5277 3069 5338 correxit,
3117 5275 3200 5328 vel
3239 5288 3304 5329 ex
3352 5271 3452 5327 hac
3485 5273 3562 5324 ul-

1989 5383 2096 5436 lum
2127 5379 2377 5449 dignitate
2407 5382 2716 5446 proventum
2758 5371 2958 5432 habuit,
2989 5367 3070 5423 vel
3102 5366 3368 5422 tristitiam
3396 5380 3557 5433 repu-

1989 5473 2072 5537 lit,
2105 5471 2185 5526 vel
2212 5468 2452 5537 corporis
2471 5463 2859 5535 aegritudinem,
2888 5460 2968 5515 vel
2995 5458 3157 5514 animi
3189 5457 3369 5510 vitium
3397 5454 3559 5522 depo-

1989 5563 2125 5619 suit?
2151 5561 2226 5617 Ne
2260 5558 2523 5622 ludamus,
2552 5555 2754 5622 dilecti,
2787 5568 2883 5607 nec
2909 5551 2974 5606 ad
3002 5550 3138 5620 vulgi
3166 5547 3442 5617 opiniones
3469 5561 3554 5607 re-

1991 5656 2295 5726 spiciamus,
2337 5650 2431 5708 sed
2457 5651 2718 5706 discamus
2757 5662 2872 5716 quin
2901 5644 3110 5700 tandem
3150 5641 3215 5696 sit
3235 5637 3461 5701 civitatis
3484 5638 3559 5695 di-
