4020 6216
565 219 667 276 179

564 333 756 400 gnitas,
791 332 915 402 quid
956 335 1096 406 quod
1125 337 1390 397 civitatem
1431 345 1619 402 reddat
1645 357 2002 424 metropolim.
2029 359 2139 417 Nec

569 423 681 478 Iuro
731 423 889 492 dico,
935 427 1078 497 quod
1114 430 1390 502 desperem
1433 438 1698 496 civitatem
1741 423 1878 502 hanc
1917 449 2140 509 formam

565 513 794 581 priorem
822 529 1234 589 resumpturam,
1278 535 1332 580 et
1366 527 1418 580 in
1445 531 1658 599 propria
1701 533 1928 594 futuram
1958 544 2144 610 prmisi-

561 607 766 674 dentia;
797 608 1060 668 humanus
1077 616 1218 670 enim
1247 628 1298 672 et
1323 619 1438 688 pius
1458 631 1540 677 est
1567 622 1891 694 imperator:
1924 647 2019 688 vos
2042 651 2139 688 au-

563 705 672 751 tem
701 699 839 766 volo,
869 702 1028 758 etiam
1067 705 1112 759 si
1149 707 1354 764 reddita
1393 711 1568 780 fuerit,
1611 732 1714 770 non
1743 719 1908 774 altum
1943 723 2012 778 ob
2039 725 2139 782 hoc

560 801 770 856 sapere,
805 807 976 863 neque
1011 795 1261 865 gloriari,
1299 815 1398 856 nec
1447 817 1513 856 ex
1557 803 1640 860 his
1677 807 1942 866 civitatem
1985 816 2137 871 nobis

561 879 840 947 magniﬁce
888 881 1096 939 efferre.
1135 886 1266 942 Cum
1311 890 1392 944 vis
1434 891 1660 950 civitatis
1683 895 1890 954 laudem
1925 902 2132 973 eﬂ'erre,

565 983 636 1024 ne
661 969 792 1024 mihi
821 971 1073 1042 Daphnen
1098 977 1456 1036 suburbanam
1480 982 1644 1049 dicas,
1677 1003 1775 1042 nec
1800 969 2133 1051 altitudinem

503 1086 506 1088 -
561 1074 935 1129 cupressorum
965 1073 1021 1119 et
1059 1067 1450 1125 multitudinem
1471 1113 1486 1136 ,
1517 1089 1615 1128 nec
1641 1091 1895 1148 aquarum
1939 1083 2131 1152 fontes,

558 1165 659 1205 nec
681 1152 874 1208 multos
901 1155 1142 1212 homines
1171 1159 1436 1217 civitatem
1465 1162 1725 1234 habitare,
1755 1185 1854 1226 nec
1882 1188 2050 1242 usque
2069 1177 2136 1232 ad

559 1241 1022 1310 profundissimam
1043 1262 1318 1317 vesperam
1339 1267 1456 1306 cum
1482 1256 1644 1310 multa
1671 1258 1914 1316 libertate
1937 1241 1992 1316 in
2019 1264 2135 1320 foro

555 1332 776 1398 versari,
805 1349 903 1388 nec
923 1337 1184 1392 venalium
1221 1355 1400 1396 rerum
1424 1345 1630 1415 c0piam
1659 1347 1875 1418 habere,
1920 1357 2136 1412 sensibi-

554 1420 624 1476 lia
650 1421 762 1478 haec
789 1426 965 1480 omnia
992 1441 1112 1482 cum
1139 1430 1244 1484 sint
1271 1441 1326 1486 et
1361 1449 1524 1504 usque
1560 1437 1625 1492 ad
1670 1453 1984 1508 prmsentem
2009 1462 2131 1515 per.

554 1523 802 1566 maneant
831 1516 988 1570 vitam
1013 1533 1026 1583 ;
1059 1519 1152 1573 sed
1195 1519 1242 1574 si
1267 1521 1446 1578 dicere
1481 1528 1651 1596 possis
1677 1531 1948 1601 virtutem,
1979 1551 2126 1592 man~

551 1601 914 1669 suetudinem,
967 1607 1378 1681 eleemosynam,
1425 1626 1709 1674 nocturnas
1759 1623 1982 1692 vigilias,
2015 1641 2133 1682 ora-

551 1691 744 1760 tiones,
785 1695 1122 1762 modestiam,
1165 1703 1327 1756 animi
1366 1706 1715 1774 sapientiam,
1761 1727 1824 1766 ex
1860 1715 1974 1769 istis
1999 1717 2130 1771 civi-

553 1789 712 1836 tatem
753 1789 1079 1842 commenda.
1129 1791 1251 1846 Haec
1299 1793 1344 1848 si
1387 1805 1434 1850 et
1488 1812 1724 1856 ercmum
1773 1804 2130 1864 habitantibus

553 1871 752 1940 adsint,
781 1878 924 1931 omni
972 1879 1182 1935 civitate
1208 1883 1616 1952 Splendidiorem
1639 1891 1807 1961 ipsam
1837 1895 2054 1961 faciunt,
2077 1912 2130 1955 et

552 1973 734 2018 contra
764 1966 1028 2023 civitatem
1073 1973 1308 2028 omnium
1358 1977 1688 2046 vilissimam,
1739 1984 1784 2038 si
1828 1984 1942 2040 btec
1985 1988 2126 2044 illius

550 2068 656 2108 non
683 2054 858 2111 adsint
897 2059 1117 2115 civibus.
1153 2063 1262 2119 Hoc
1293 2081 1396 2120 non
1449 2069 1502 2122 in
1547 2071 1758 2128 civitate
1805 2085 2004 2131 tantum
2033 2096 2125 2134 ve-

549 2156 664 2197 rum
691 2156 744 2200 et
783 2146 836 2200 in
865 2147 1165 2207 hominibus
1203 2154 1474 2210 faciamus.
1517 2158 1570 2214 Si
1621 2159 1886 2218 hominem
1935 2167 2127 2223 videris

548 2236 941 2305 corpulentum,
997 2241 1046 2294 in
1099 2241 1457 2302 habitudinem
1497 2251 1717 2304 multam
1763 2270 2122 2326 progressum,

547 2323 664 2379 alue
690 2335 903 2382 staturae
929 2339 982 2384 et
1002 2333 1134 2388 alios
1159 2338 1397 2404 corporis
1417 2341 1736 2408 proceritate
1759 2357 2122 2412 superantem,

547 2429 616 2468 ne
664 2415 964 2486 admireris,
1014 2421 1186 2479 donec
1226 2426 1458 2482 animum
1491 2430 1605 2500 ejus
1633 2432 1900 2489 didiceris.
1949 2437 2028 2492 Ne
2055 2439 2124 2494 ab

545 2505 794 2560 exteriori
842 2509 1251 2580 pulchritudine,
1295 2517 1388 2572 sed
1433 2533 1464 2575 a
1509 2522 1701 2576 mentis
1727 2535 1914 2578 ornatu
1937 2543 2125 2584 omnes

549 2592 732 2650 beatos
766 2612 1100 2656 censeamus.
1133 2603 1334 2659 Parvus
1361 2617 1474 2662 erat
1523 2611 1704 2677 David,
1739 2624 1790 2667 et
1821 2615 1994 2670 brevis
2018 2629 2124 2672 sta-

549 2701 663 2742 tura
696 2689 745 2764 (1
769 2691 896 2762 Reg.
923 2695 1032 2764 17),
1061 2708 1422 2754 verumtamen
1457 2702 1629 2756 brevis
1655 2704 1738 2759 ille
1764 2716 1816 2760 et
1835 2723 2048 2776 parvus,
2071 2720 2126 2766 et

543 2779 706 2835 armis
732 2783 902 2838 nudus
930 2788 1176 2844 omnibus
1201 2830 1217 2856 ,
1247 2792 1534 2846 exercitum
1567 2803 1768 2850 tantum
1797 2808 1850 2852 et
1873 2814 2120 2856 eameam

546 2872 729 2926 turrim
755 2873 902 2928 illam
944 2893 1049 2931 uno
1083 2883 1369 2948 prostravit
1409 2884 1535 2950 ictu,
1563 2901 1668 2940 non
1699 2888 1902 2944 hastam
1923 2891 2124 2960 jacula-

546 2968 648 3026 tus,
677 2977 847 3033 neque
870 2967 1113 3036 sagittam
1145 2972 1378 3040 mittens,
1400 2990 1496 3030 nec
1523 2991 1702 3032 ensem
1723 2980 2008 3050 stringens,
2027 2983 2120 3038 sed

545 3060 710 3106 totum
741 3055 950 3112 modico
988 3059 1176 3128 lapidis
1199 3063 1338 3131 jactu
1379 3067 1659 3134 perliciens
1693 3087 1708 3123 :
1751 3071 1872 3127 ideo
1908 3075 2120 3142 quidam

540 3141 790 3199 admonet
822 3145 1050 3202 dicens:
1095 3150 1180 3206 Ne
1225 3153 1508 3210 laudaveris
1557 3159 1805 3213 hominem
1856 3163 1910 3214 in
1955 3165 2120 3233 specie

544 3235 673 3304 ejus,
703 3253 792 3290 nec
811 3237 1112 3296 abomineris
1139 3245 1300 3300 uirum
1323 3247 1376 3300 in
1401 3259 1607 3318 aspectu
1631 3252 1740 3321 ejus
1763 3267 1781 3304 :
1803 3269 1956 3321 parua
1994 3255 2121 3306 inter

541 3325 768 3380 volatilia
791 3331 922 3400 apis,
956 3341 1004 3386 et
1025 3333 1224 3390 initium
1267 3337 1488 3394 dulcatis
1527 3340 1686 3408 ipsius
1709 3341 1906 3410 fructus
1929 3341 2112 3412 (Eccli.

541 3415 626 3469 11.
646 3415 702 3472 2.
725 3415 800 3488 3).
822 3419 934 3476 Hoc
961 3431 1016 3476 et
1038 3422 1104 3479 de
1127 3424 1422 3494 civitatibus
1447 3439 1500 3484 et
1525 3428 1828 3486 hominibus
1857 3431 2114 3498 dicamus,

538 3519 588 3558 et
618 3507 758 3565 inter
788 3526 884 3566 nos
913 3512 1365 3585 philosophcmur,
1391 3534 1454 3575 ac
1481 3521 1588 3574 Deo
1605 3521 2117 3591 gratias’habeamus

1339 229 1396 286 Β.
1435 232 1709 294 JOANNIS
1743 241 2218 307 CHRYSOSTOMI
2255 257 2568 316 ARCIHEP.
2610 265 3132 328 CONSTANTLVOP.

3650 302 3728 356 ιω

2245 370 2458 426 assidue
2483 383 2536 427 et
2581 375 2648 431 de
2689 384 3034 447 prmsentibus
3059 396 3112 442 et
3154 388 3218 444 de
3245 400 3514 470 praeteritis,
3541 415 3586 459 et
3607 411 3724 466 simul

2247 459 2416 526 ipsum
2453 479 2701 533 rogemus
2733 483 2853 524 cum
2879 475 3020 528 omni
3063 459 3404 551 contentione,
3439 459 3568 548 ut'et
3589 513 3727 557 carce-

2245 565 2356 604 rem
2387 552 2700 622 habitantes,
2733 569 2787 614 et
2813 562 2863 616 in
2891 567 3132 622 exsilium
3162 578 3538 646 transportandi,
3562 585 3621 640 illi

2243 637 2363 694 dem
2393 643 2744 712 dimittantur,
2783 650 2836 706 hi
2877 669 3004 709 vero
3042 637 3384 719 revertantur.
3429 637 3623 728 Membra
3647 637 3730 733 Ino.

2243 739 2352 784 stra
2379 745 2500 789 sunt
2539 747 2590 791 et
2641 738 2717 794 illi
2763 745 3036 801 nobiscum
3077 749 3303 809 ﬂuctuati
3347 773 3476 827 sunt,
3513 768 3730 827 nobiscum

2242 822 2527 888 procellam
2553 828 2918 887 sustinuerunt
2947 853 2960 888 :
2993 852 3234 905 rogemus
3256 843 3400 912 igitur
3423 822 3730 922 benignitatem

2241 911 2494 980 divinam,
2553 927 2609 972 ut
2645 921 2916 978 nobiscum
2965 932 3384 1000 tranquillitatem
3430 956 3730 1013 assequamur.

2240 1001 2408 1060 Nemo
2435 1007 2575 1063 dicat
2609 1029 2622 1063 :
2655 1013 2784 1078 Qua:
2811 1031 2938 1070 vero
2965 1021 3096 1075 mihi
3121 1038 3242 1078 cura
3277 1039 3352 1084 est
3374 1001 3607 1100 amplius?
3629 1039 3732 1094 lihe-

2241 1101 2385 1150 ratus
2423 1112 2540 1150 sum
2571 1100 2681 1168 ipse
2719 1105 2974 1174 periculo,
3023 1123 3204 1179 pereat
3233 1116 3336 1182 ille,
3365 1123 3590 1178 moriatur
3615 1127 3732 1184 alter.

2221 1185 2316 1240 .Ne
2344 1187 2508 1244 Deum
2539 1197 2916 1254 exacerbemus
2957 1217 3051 1269 per
3075 1202 3210 1260 hanc
3229 1213 3612 1276 aSperuationem
3631 1234 3644 1282 ;
3665 1219 3734 1272 sed

2239 1286 2505 1348 tamquam
2535 1284 2631 1352 ipsi
2678 1287 2843 1344 simus
2879 1291 2930 1345 in
2974 1293 3230 1362 adversis,
3272 1301 3346 1354 sic
3385 1303 3640 1370 doleamus,
3678 1309 3736 1364 sic

2241 1369 2408 1425 Deum
2438 1389 2556 1428 cum
2598 1378 2876 1437 sedulitate
2929 1400 3227 1454 precemur,
3277 1391 3400 1446 illud
3427 1395 3556 1449 Pauli
3581 1399 3733 1454 dictum

2237 1461 2515 1531 itnplentes
2544 1486 2558 1519 :
2590 1469 2712 1522 Cum
2757 1473 2934 1527 vinctis
2985 1485 3240 1548 tamquam
3278 1483 3420 1537 simul
3461 1487 3619 1551 uincti,
3652 1506 3737 1542 cum

2235 1553 2365 1606 male
2389 1555 2678 1612 habentibus
2699 1571 2950 1631 tamquam
2965 1575 3010 1618 et
3025 1567 3122 1636 ipsi
3141 1570 3290 1624 simul
3313 1574 3363 1626 in
3387 1591 3574 1644 corpore
3589 1577 3729 1644 (Hebr.

2237 1642 2321 1695 15.
2357 1643 2433 1712 5),
2464 1655 2508 1700 et
2535 1649 2714 1715 flentes
2730 1667 2842 1704 cum
2867 1655 3120 1724 ﬂentibus,
3152 1660 3416 1716 humilibus
3443 1642 3738 1724 consentientes

2235 1731 2408 1800 (llam.
2434 1735 2518 1789 12.
2547 1738 2630 1792 15.
2671 1740 2780 1811 16).
2807 1742 2920 1798 Hoc
2961 1755 3016 1800 et
3060 1749 3216 1803 nobis
3245 1753 3368 1819 ipsis
3393 1756 3596 1810 maxime
3618 1761 3738 1827 prod-

2233 1823 2370 1878 erit:
2401 1825 2528 1880 nihil
2553 1831 2696 1884 enim
2739 1835 2817 1888 sic
2853 1836 3016 1891 Deum
3043 1839 3308 1897 delectare
3345 1850 3609 1914 consuevit,
3633 1852 3738 1905 sicut

2232 1928 2350 1968 cum
2385 1919 2546 1973 multa
2579 1925 2851 1980 alacritate
2870 1941 2969 1994 pro
3003 1929 3264 1988 membris
3299 1935 3488 1987 nostris
3525 1935 3738 2000 dolemus,

2209 2003 2458 2062 Oremus
2483 2009 2642 2078 igitur
2671 2011 2840 2079 ipsum
2871 2016 3024 2070 simul
3051 2028 3100 2072 et
3135 2035 3231 2088 pro
3259 2024 3582 2090 prmsentihus
3602 2037 3644 2078 et
3667 2041 3738 2093 pro

2231 2097 2438 2163 futuris,
2489 2109 2542 2154 ut
2585 2110 2636 2154 et
2689 2103 2755 2156 ab
2803 2105 2888 2158 illa
2920 2122 3018 2162 nos
3051 2123 3209 2177 paena
3263 2113 3464 2170 liberet.
3509 2117 3739 2170 Prmsentia

2230 2189 2370 2242 enim
2411 2190 2816 2262 qualiacumque
2854 2208 2980 2262 Silll,
3026 2199 3323 2256 tolerabilia
3375 2215 3506 2266 sunt,
3547 2207 3740 2258 cttineai

2231 2277 2456 2345 habent;
2491 2282 2574 2335 illa
2596 2299 2722 2338 vero
2753 2296 3010 2342 tormenta
3040 2292 3358 2348 immortalia
3381 2296 3739 2356 elinevitabilia.

2233 2371 2434 2428 l’rmter
2461 2376 2876 2434 consolationem
2929 2397 3054 2436 vero
3099 2386 3411 2440 Studeamus
3451 2396 3498 2440 et
3545 2388 3626 2454 ipsi
3661 2401 3743 2440 non

2227 2463 2451 2531 amplius
2479 2466 2674 2520 talibus
2717 2467 2822 2523 labi
2865 2474 3116 2540 peccatis,
3160 2477 3395 2531 scientes
3436 2493 3526 2531 nos
3548 2479 3659 2531 ultra
3676 2490 3744 2532 ve-

2228 2552 2368 2606 niam
2397 2569 2499 2609 non
2527 2568 2922 2628 assequuturos.
2953 2563 3120 2620 Simul
3159 2565 3322 2636 igitur
3348 2579 3466 2623 ante
3489 2569 3630 2623 Deum
3651 2582 3744 2636 pro-

2226 2641 2464 2698 cidamus
2491 2661 2698 2712 oumes,
2727 2659 2780 2703 ct
2816 2651 2940 2706 dum
2983 2654 3066 2708 hic
3091 2671 3298 2722 sumus,
3331 2669 3386 2713 et
3423 2659 3618 2714 domum
3647 2673 3746 2726 pro-

2230 2735 2347 2787 fecti
2377 2736 2614 2792 dicamus
2649 2758 2662 2792 :
2713 2741 2894 2797 Justus
2935 2761 3012 2812 es,
3049 2746 3294 2813 Domine,
3343 2751 3392 2804 in
3421 2751 3638 2804 omnibus
3655 2763 3747 2817 qua:

2229 2824 2392 2879 iecisti
2417 2828 2570 2883 nobis
2599 2830 2739 2900 (Dan
2789 2835 2841 2888 5.
2873 2834 2964 2904 27)
3007 2854 3020 2888 :
3053 2840 3308 2905 quoniam
3355 2841 3548 2894 iuvero
3587 2838 3747 2908 judicio

2227 2915 2496 2982 induxisti,
2529 2936 2876 2990 quaecumque
2927 2925 3201 2981 induxisti.
3259 2929 3316 2984 Si
3363 2939 3564 2998 peccata
3605 2936 3746 2981 nostra

2225 3009 2530 3064 obstiterint
2557 3013 2729 3078 nobis,
2767 3015 2847 3068 fac
2886 3017 3038 3072 nobis
3067 3030 3290 3088 propter
3315 3037 3504 3074 nomen
3541 3032 3680 3079 tuum,
3705 3025 3748 3071 et

2227 3113 2292 3149 uc
2317 3100 2575 3154 concedas
2601 3102 2827 3170 amplius
2857 3105 3036 3158 talium
3085 3122 3184 3162 nos
3235 3111 3582 3164 molestiarum
3621 3121 3752 3175 expe-

2227 3189 2469 3244 rientiam
2497 3205 2708 3260 capere.
2743 3193 2849 3248 Nec
2875 3211 2964 3249 uos
2999 3197 3216 3252 inducas
3263 3200 3315 3253 in
3359 3194 3751 3261 tentationem,sed

2225 3281 2382 3334 libera
2411 3299 2500 3337 nos
2537 3301 2568 3336 a
2597 3287 2730 3339 malo
2761 3285 2970 3359 (Matth.
3003 3291 3057 3343 6.
3091 3291 3182 3360 13)
3209 3310 3222 3344 :
3253 3293 3501 3362 quoniam
3544 3303 3669 3344 tuum
3689 3298 3752 3342 est

2223 3385 2444 3439 regnum
2475 3381 2530 3428 ct
2553 3378 2804 3444 potentia,
2833 3387 2886 3433 et
2928 3379 3094 3448 gloria
3123 3381 3176 3434 in
3225 3384 3423 3438 smcula
3465 3381 3750 3437 seculorum.

2226 3464 2412 3518 Amen.

540 3855 601 3899 IN
650 3845 1028 3904 remotorum
1084 3866 1434 3914 SEDITIOXIS
1484 3873 1956 3938 ABGUMENTUM,
2003 3883 2086 3926 DE
2127 3887 2425 3947 summa,
2471 3892 2552 3936 ET
2593 3894 2658 3938 IN
2699 3898 3128 3946 APOSTOLICUM
3173 3907 3448 3966 merum,
3504 3907 3752 3956 GAUDETB

1599 3972 1659 4016 IN
1701 3976 1944 4022 DOMINO
1985 3981 2233 4032 summa
2299 3971 2559 4054 (Philip.
2603 3973 2662 4036 ἡ.
2708 3976 2794 4060 lt).

1105 4303 1321 4345 ποκιιιλ
1357 4307 1506 4346 XVIII.

595 4448 648 4502 1.
676 4447 867 4504 Multos
885 4449 990 4504 vidi
1019 4453 1329 4522 gaudentes,
1355 4465 1410 4512 et
1435 4457 1574 4514 inter
1601 4472 1660 4515 se
1702 4461 1940 4520 dicentes
1968 4484 1980 4520 :
2005 4466 2097 4522 Vi-

521 4539 711 4604 cimus,
765 4543 1150 4611 superavimus,
1200 4545 1386 4616 jejunii
1419 4549 1703 4606 dimidium
1757 4555 2094 4627 proﬂigatum

517 4639 620 4685 est.
655 4631 810 4686 Tales
839 4643 1016 4689 autem
1047 4635 1233 4691 hortor
1261 4653 1366 4693 non
1393 4649 1673 4710 pr0pterea
1689 4645 1941 4715 gaudere,
1965 4652 2086 4719 quia

521 4722 852 4792 proﬂigatum
871 4725 940 4779 sit
946 4725 1132 4795 jejunii
1149 4727 1444 4796 dimidium,
1465 4731 1558 4786 sed
1587 4734 1712 4788 illud
1733 4739 2091 4810 considerare,

521 4811 562 4864 si
585 4822 921 4882 peccatorum
957 4817 1028 4871 sit
1053 4818 1388 4889 proﬂigatum
1409 4822 1680 4878 dimidium
1709 4841 1724 4890 ;
1765 4836 1822 4882 et
1845 4837 1970 4884 tunc
1997 4849 2090 4886 ex-

515 4905 714 4959 sultare
753 4923 767 4959 :
815 4905 916 4961 hoc
955 4909 1097 4962 enim
1137 4911 1404 4981 Voluptate
1429 4913 1667 4982 dignum,
1701 4917 1801 4973 hoc
1843 4930 1924 4974 est
1950 4925 2089 4991 quod

515 4997 788 5063 quzeritur,
817 5007 871 5053 et
899 5009 1115 5070 propter
1139 5002 1280 5072 quod
1309 5003 1444 5058 facta
1469 5015 1591 5060 sunt
1615 5010 1786 5062 omnia
1810 5052 1823 5074 ,
1852 5020 1908 5065 ut
1941 5013 2090 5068 defe-

517 5095 636 5138 ctus
661 5097 872 5144 nostros
893 5093 1237 5160 corrigamus,
1253 5109 1319 5148 ne
1351 5095 1480 5151 tales
1499 5112 1748 5154 exeamus
1768 5102 1834 5156 de
1861 5103 2081 5174 jejunio,

515 5176 701 5243 quales
721 5179 978 5248 jejunium
1013 5184 1234 5254 ingressi
1267 5201 1468 5253 sumus,
1501 5189 1594 5243 sed
1644 5192 1828 5256 abluti,
1867 5207 1920 5250 et
1941 5199 2082 5252 omni

517 5265 656 5319 mala
685 5275 1066 5330 consuetudine
1091 5276 1326 5346 deposita
1360 5321 1374 5346 ,
1407 5281 1486 5335 sic
1521 5295 1724 5337 sacram
1751 5299 1969 5355 agamus
1998 5303 2085 5343 so-

522 5353 871 5414 lemnitatem.
903 5363 957 5418 Si
987 5365 1086 5421 hoc
1111 5367 1269 5434 desit,
1289 5385 1389 5424 non
1415 5381 1616 5428 tantum
1646 5377 1786 5430 nulla
1811 5380 1962 5434 nobis
1982 5383 2082 5437 erit

519 5445 734 5514 utilitas,
765 5466 946 5508 verum
977 5468 1029 5511 et
1063 5463 1345 5516 maximum
1373 5479 1438 5518 ex
1479 5479 1843 5522 consummato
1885 5471 2080 5537 jejunio

511 5535 784 5592 damnum.
811 5540 887 5597 Ne
929 5543 1088 5614 igitur
1117 5549 1371 5616 laetemur,
1404 5555 1542 5624 quod
1579 5557 1766 5625 jejunii
1809 5535 2077 5628 prolixita-

513 5636 618 5684 tcm
653 5631 1015 5702 expedivimus
1044 5655 1058 5691 :
1101 5641 1228 5697 nihil
1271 5645 1410 5700 enim
1442 5663 1686 5717 magnum
1718 5651 1816 5707 hoc
1845 5663 1954 5719 est;
1985 5659 2075 5711 sed

2205 4309 2464 4376 laetemur,
2487 4311 2699 4378 quando
2727 4327 2846 4368 eum
2883 4315 3035 4372 bonis
3055 4323 3313 4388 operibus
3343 4325 3512 4394 ipsum
3541 4322 3748 4394 exegere

2199 4411 2338 4466 mus,
2369 4407 2425 4454 ut
2447 4402 2603 4455 etiam
2629 4404 2742 4472 ipso
2769 4413 3055 4474 transacto,
3083 4409 3290 4468 fructus
3321 4417 3490 4486 ipsius
3515 4417 3746 4485 effulgent.

2198 4485 2409 4542 Etenim
2457 4489 2661 4560 hyemis
2705 4492 2906 4548 lucrum
2933 4505 3053 4552 tunc
3077 4503 3312 4558 maxime
3333 4506 3700 4558 demonstratur
3730 4540 3744 4564 ,

2195 4592 2314 4632 cum
2360 4581 2447 4635 illa
2497 4585 2844 4652 praeterierit:
2879 4603 3103 4659 namque
3153 4605 3448 4652 vernantes
3475 4605 3680 4666 segetes,
3705 4599 3748 4648 et

2194 4668 2330 4724 foliis
2356 4687 2418 4726 ac
2443 4671 2616 4728 fructu
2647 4675 2922 4732 afﬂuentes
2947 4681 3162 4736 arbores
3183 4699 3284 4752 per
3307 4687 3482 4754 ipsum
3507 4695 3744 4755 aspectum

2191 4759 2422 4816 clamant
2467 4763 2744 4819 utilitatem
2789 4769 2888 4822 sibi
2933 4786 3000 4824 ex
3035 4771 3226 4842 hyeme
3255 4775 3473 4830 factam.
3507 4776 3612 4830 Hoc
3638 4771 3744 4828 etin

2190 4849 2344 4904 nobis
2367 4853 2565 4920 pariter
2593 4855 2700 4910 liat.
2737 4859 2942 4913 Etenim
2977 4863 3162 4930 pluviis
3187 4867 3465 4920 continuis
3491 4877 3544 4920 et
3570 4865 3742 4920 crebris

2191 4940 2244 4993 in
2277 4939 2469 5012 hyeme
2489 4960 2581 5013 per
2596 4945 2781 5014 jejunii
2814 4958 3018 5020 tempus
3046 4955 3192 5021 potiti
3224 4971 3439 5022 sumus,
3470 4957 3740 5012 continuam

2187 5031 2493 5088 haurientes
2535 5035 2847 5104 doctrinam,
2893 5051 2946 5094 et
2981 5045 3180 5098 semina
3233 5050 3573 5116 suscepimus
3610 5045 3743 5114 spiri-

2185 5122 2365 5186 tualia,
2399 5133 2452 5178 et
2493 5124 2798 5181 deliciarum
2831 5131 3010 5198 spinas
3050 5134 3404 5189 abscidimus.
3453 5137 3738 5190 Persevereo

2181 5226 2301 5266 mus
2326 5213 2502 5282 igitur,
2528 5231 2645 5285 qua:
2670 5221 2998 5288 suscepimus
3027 5237 3144 5276 cum
3163 5224 3447 5295 diligentia
3474 5237 3738 5286 servantes,

2180 5312 2238 5357 ut
2283 5315 2334 5358 et
2374 5305 2578 5375 jejunio
2609 5312 2875 5378 ιιι-(ειεξιτίῑο
2903 5314 3087 5382 jejunii
3134 5320 3399 5372 scaturiat
3429 5319 3624 5374 fructus
3655 5325 3736 5368 τοι

2180 5411 2276 5465 per
2305 5398 2439 5452 bona
2466 5418 2580 5468 qua:
2607 5403 2672 5456 de
2693 5405 2894 5472 jejunio
2923 5409 3174 5475 cepimus,
3200 5411 3371 5464 etiam
3397 5415 3560 5482 ipsius
3576 5409 3738 5480 jejunii

2176 5489 2533 5544 recordemur.
2563 5491 2618 5546 Si
2639 5507 2734 5548 nos
2757 5496 2913 5563 igitur
2933 5497 3008 5551 sic
3038 5513 3439 5568 comparemus,
3463 5503 3736 5556 adveniens

2169 5579 2428 5650 jejunium
2467 5599 2583 5638 cum
2624 5587 2891 5657 voluptate
2935 5591 3287 5659 suscipiemus
3329 5595 3530 5648 denuo.
3565 5593 3732 5684 Multos

2173 5666 2366 5720 etenim
2397 5667 2550 5724 video
2593 5683 2651 5725 se
2693 5671 2764 5726 ita
2797 5673 3196 5742 pusillanimitcr
3255 5675 3548 5746 habentes,
3595 5687 3646 5730 ut
3691 5677 3737 5728 in
