4020 6216
187 232 288 290 179

183 348 488 419 βλέπωμεν,
524 345 660 401 ἀλλά
687 345 971 418 μάθωμεν,
992 344 1046 399 τί
1077 345 1207 399 ποτέ
1230 347 1348 399 ἐστι
1378 346 1587 409 πόλεως
1605 344 1845 417 ἀξίωμα,

178 439 232 491 τί
265 435 397 489 ποτέ
434 435 551 487 ἐστι
590 433 654 486 τὸ
693 433 881 487 ποιοῦν
905 433 1061 486 πόλιν
1097 431 1445 504 μητρόπολιν.
1477 432 1663 487 Ταῦτα
1705 433 1847 501 λέγω

179 521 496 594 προσδοκῶν
536 521 635 591 μὲν
663 520 828 574 πάλιν
859 518 1232 590 ἀπολήψεσθαι
1261 520 1356 573 καὶ
1380 519 1538 573 τοῦτο
1564 520 1664 591 τὴν
1701 521 1849 573 πόλιν

176 611 239 663 τδ
275 609 482 679 σχῆμα,
509 608 603 661 καί
640 606 735 659 ἐπὶ
763 605 864 677 τῆς
892 607 1101 669 οἰκείας
1148 607 1487 676 φανήσεσθαι
1516 607 1808 678 προεδρία,ς
1834 624 1847 636 .

177 695 277 749 καὶ
312 695 420 765 γὰρ
445 693 822 766 φιλάνθρωπος
857 695 886 747 ό
915 693 1166 763 βασιλεὺς
1210 694 1305 747 καὶ
1342 692 1595 766 θεοφιλής
1616 709 1631 723 ·
1667 694 1852 764 βούλο-

181 800 286 853 μαι
317 784 376 836 δέ
393 764 570 853 γύμᾶς,
598 764 651 835 εί
668 782 763 835 καὶ
785 780 1099 851 ἀποδοθείη,
1123 779 1196 851 μὴ
1224 779 1369 850 μέγα
1394 764 1489 834 ἐπῗ
1519 764 1695 852 τούτῳ
1720 797 1854 852 φρο-

175 873 296 923 νεῖν
328 869 461 940 μηδέ
488 867 1010 937 ἐγκαλλωπίζεσθαι,
1051 867 1185 939 μηδὲ
1234 869 1299 921 ἐκ
1330 867 1536 922 τούτων
1564 869 1664 940 τήν
1698 870 1855 924 πόλιν

176 960 319 1028 ἡμῖν
352 956 831 1026 σεμνύνειν.’οταν
872 954 1062 1027 ἐθέλῃς
1091 955 1196 1023 τῆς
1229 954 1439 1019 πόλεως
1471 956 1646 1009 εἰπεῖν
1679 957 1855 1026 ἐγκώ-

182 1059 332 1113 μιον,
365 1042 438 1113 μή
474 1057 564 1112 μοι
591 1040 690 1111 τὴν
725 1041 941 1113 Δάφνην
977 1043 1137 1113 είπῃς
1161 1042 1225 1095 τὸ
1249 1042 1592 1113 προάστειον,
1629 1043 1763 1115 μηδέ
1793 1044 1856 1097 τὸ

177 1128 392 1199 πλῆθος
423 1129 518 1182 καὶ
543 1128 716 1199 μῆκος
734 1127 843 1181 τῶν
865 1129 1243 1199 κυπαρίσσων,
1266 1128 1400 1199 μηδὲ
1421 1129 1520 1191 τάς
1542 1132 1726 1199 πηγὰς
1745 1131 1854 1186 τῶν

176 1217 417 1280 ὑδάτων,
448 1215 582 1286 μηδέ
626 1214 690 1268 τὸ
736 1214 967 1279 πολλοὺς
1003 1213 1103 1285 τὴν
1137 1214 1293 1268 πόλιν
1318 1218 1488 1269 οἰκεῖν
1512 1216 1853 1287 ἀνθρώπους,

178 1305 326 1376 μηδὲ
352 1303 415 1357 τὸ
448 1303 609 1374 μέχρι
644 1301 948 1373 βαθυτάτης
977 1301 1217 1374 ἑσπέρας
1260 1303 1355 1356 ἐπὶ
1383 1302 1482 1373 τῆς
1510 1304 1717 1375 ἀγορᾶς
1741 1304 1857 1357 δια-

173 1390 392 1462 τρίϐειν
423 1390 560 1461 μετὰ
596 1390 779 1453 ἀδείας
807 1389 1027 1459 πολλῆς,
1065 1388 1199 1459 μηδέ
1230 1389 1342 1442 τῶν
1373 1387 1521 1461 [179]
1554 1390 1729 1445 ὠνίων
1758 1391 1857 1463 τήν

175 1478 452 1548 ἀφθονίαν
472 1494 486 1507 ·
517 1475 751 1546 αἰσθητά
782 1476 996 1529 ἅπαντα
1022 1474 1216 1537 ταῦτα,
1259 1476 1354 1528 καὶ
1390 1475 1552 1546 μέχρι
1583 1476 1678 1529 τοῦ
1711 1494 1855 1548 παρ-

173 1567 339 1629 όντος
368 1565 594 1635 μένοντα
625 1563 740 1634 βίου
761 1580 773 1593 ι
805 1562 918 1617 ἀλλ’
948 1562 1045 1616 ἐάν
1072 1562 1202 1635 ἔχῃς
1231 1563 1406 1617 εἰπεῖν
1429 1562 1650 1635 ἀρετήν,
1678 1566 1853 1617 ἐπιεί-

177 1669 364 1715 κειαν,
412 1650 799 1723 ἐλεημοσύνην,
845 1650 1192 1721 παννυχίδας,
1249 1650 1435 1721 εὐχὰς,
1480 1651 1855 1723 σωφροσύνην,

178 1740 506 1811 φιλοσοφίαν
528 1738 727 1809 ψυχῆς,
756 1738 864 1792 ἀπὸ
892 1737 1097 1793 τούτων
1126 1738 1320 1809 κόσμει
1348 1738 1455 1810 τὴν.
1477 1738 1651 1796 πόλιν.
1674 1739 1861 1794 Ταῦτα

178 1827 279 1879 καὶ
312 1828 432 1889 τοῖς
475 1826 576 1896 τὴν
622 1824 827 1896 ἔρημον
875 1822 1084 1877 οἰκοῦσι
1130 1823 1402 1895 προσόντα
1435 1824 1620 1895 πάσης
1652 1825 1859 1890 πόλεως

178 1913 576 1985 λαμπροτέραν
600 1912 767 1983 αὐτὴν
798 1914 967 1965 ποιεῖ·
992 1911 1086 1964 καί
1110 1910 1274 1965 πάλιν
1303 1911 1521 1965 πάντων
1547 1911 1858 1965 εὐτελεστέ-

182 2019 311 2073 ραν,
342 2001 411 2055 ἀν
447 2000 523 2072 μὴ
545 2002 692 2072 παρῇ
725 1999 897 2053 ταῦτα
923 2001 1034 2063 τοῖς
1061 1997 1279 2070 ἐκείνης
1299 1998 1565 2063 πολίταις.
1589 1999 1759 2053 Τοῦτο
1784 2000 1859 2071 μὴ

179 2088 277 2141 ἐπὶ
312 2088 518 2151 πόλεως
551 2087 732 2158 μόνον,
757 2086 892 2140 ἀλλά
920 2088 1013 2140 καὶ
1041 2087 1126 2139 ἐπ’
1147 2086 1451 2159 ἀνθρώπων
1476 2088 1790 2158 ποιήσωμεν
1808 2100 1854 2143 ι.

190 2176 327 2230 Ἑάν
357 2177 475 2249 ῐδῃς
502 2175 786 2250 ἄνθρωπον
806 2174 1275 2247 πολυσαρκοῦντα,
1306 2177 1387 2240 εἰς
1412 2174 1625 2240 εὐεξίαν
1656 2174 1859 2245 πολλὴν

179 2263 546 2333 ἐκὸεῦηκότα,
580 2262 782 2335 ὑψηλὸν
830 2263 926 2316 καὶ
970 2263 1097 2325 τοὺς
1135 2261 1328 2326 ἄλλους
1360 2262 1754 2334 ὑπερϐαίνοντα
1783 2261 1860 2332 τῷ

182 2355 354 2423 μήκει
403 2350 498 2404 τοῦ
539 2349 815 2421 σώματος,
852 2349 926 2421 μή
970 2349 1281 2422 θαυμάσῃς,
1313 2349 1420 2414 ἕως
1447 2350 1514 2403 ἀν
1547 2349 1711 2403 αὐτοῦ
1760 2350 1860 2422 τήν

176 2439 362 2509 ψυχὴν
412 2436 759 2508 καταμάθῃς.
798 2436 890 2507 Μὴ
944 2437 1054 2491 ἀπὸ
1104 2437 1204 2508 τῆς
1256 2436 1456 2503 ἔξωθεν
1510 2437 1857 2508 εὐμορφίας,

179 2526 323 2579 ἀλλά
374 2524 474 2578 καὶ
527 2524 636 2578 ἀπὸ
671 2523 767 2577 τοῦ
809 2523 951 2579 κατά
985 2524 1085 2596 τὴν
1121 2524 1359 2579 διάνοιαν
1397 2523 1629 2588 κάλλους
1685 2542 1861 2596 μακαο

182 2614 430 2684 ρίξωμεν
482 2612 750 2676 ἃπαντας.
808 2612 1020 2683 Μικρὸς
1079 2608 1149 2683 ἦν
1207 2613 1237 2665 ὁ
1294 2610 1457 2665 Δαυῖδ
1506 2611 1602 2665 καὶ
1655 2611 1861 2682 βραχὺς

177 2699 255 2771 τῷ
288 2699 573 2769 σώματιδ,
596 2700 709 2753 ἀλλ’
735 2701 884 2770 ὅμως
910 2702 937 2754 ό
959 2700 1161 2771 βραχὺς
1189 2700 1395 2764 ἐκεῖνος
1416 2700 1510 2753 καὶ
1535 2699 1750 2773 μικρὸς,
1768 2700 1862 2753 καὶ

176 2788 290 2841 τῶν
320 2786 505 2841 ὅπλων
533 2787 954 2858 γεγυμνωμένος
988 2788 1262 2851 ἀπάντων,
1286 2786 1650 2857 στρατόπεδον
1672 2787 1862 2841 τοσοῦ-

178 2893 274 2929 τον
294 2874 502 2928 καὶτὸν
526 2873 788 2944 σαρκικὸν
810 2875 1017 2928 ἐκεῖνον
1044 2873 1255 2945 πύργον
1271 2875 1381 2929 ἀπὸ
1404 2876 1536 2946 μιᾶς
1555 2875 1861 2945 κατήνεγκε

183 2962 544 3035 πληγῆς,ούκ
570 2962 859 3026 ἀκοντίσας
883 2962 1032 3034 δόρυ,
1054 2962 1174 3035 ούδέ
1193 2962 1344 3033 βέλος
1360 2962 1544 3033 ἀφεὶς,
1561 2962 1682 3016 ούδέ
1711 2960 1865 3032 ξίφος

181 3048 512 3119 γυμνώσας,
546 3047 683 3102 ἀλλά
720 3049 891 3119 μικρᾷ
930 3047 1056 3119 βολῇ
1077 3058 1101 3087 ο
1131 3046 1192 3101 τὸ
1225 3048 1332 3101 πᾶν
1352 3047 1864 3119 ἐργασάμενος.Διά

180 3134 350 3187 τοῦτο
374 3132 469 3185 καί
488 3149 575 3197 τις
596 3135 851 3203 παραινεῖ
868 3132 1042 3201 λέγων
1058 3150 1072 3165 ·
1091 3132 1188 3201 Μὴ
1199 3130 1528 3201 ἐπαινέσῃς·
1550 3132 1866 3200 ἄνθρωπον

177 3224 251 3276 ἐν
294 3219 515 3275 κάλλει
555 3220 762 3283 αὐτοῦ,
797 3220 955 3291 μηδὲ
975 3219 1253 3287 ,βδελύξῃ
1298 3218 1489 3286 ἄνδρα
1538 3218 1610 3271 ἐν
1656 3216 1862 3286 ὁράσει

174 3309 406 3363 αὑτοῦ·
443 3311 629 3378 μικρὰ
666 3307 736 3361 ἐν
781 3307 1075 3373 πετεινοῖς
1124 3307 1163 3374 ἡ
1203 3305 1496 3373 μέλισσα,
1548 3304 1647 3359 καὶ
1705 3304 1860 3374 ἀρχὴ

124 3444 134 3455 .
175 3396 558 3467 τλυκασμῶν
604 3400 637 3450 ὀ
666 3395 892 3466 καρπὸς
939 3394 1150 3464 αὐτῆς.
1184 3393 1355 3447 Τοῦτο
1383 3396 1479 3447 καὶ
1514 3394 1607 3447 ἐπὶ
1651 3393 1861 3457 πόλεως

240 3485 269 3513 ⁸
293 3484 395 3532 Alii
418 3484 647 3544 ποιῶμεν.

242 3546 274 3584 δ
308 3545 410 3593 Alii
430 3546 484 3592 τὸ
505 3546 664 3605 σῶμα.

244 3609 271 3637 ⁸
294 3605 451 3669 Ξανὶἰ.
478 3612 534 3669 σε
556 3602 750 3669 μιυΙ-ίῐηί
772 3619 885 3669 ms;
913 3609 1057 3669 μικρᾷ
1084 3605 1245 3667 βώλῳ,
1277 3604 1359 3653 alii
1383 3608 1527 3669 μικρᾷ
1548 3604 1683 3667 βολῇ.
1710 3602 1863 3653 Paulo

173 3676 296 3730 post
320 3668 403 3715 alii
429 3669 493 3728 μὴ
518 3667 767 3729 ἐπαινέσῃς
786 3668 951 3731 ἄνδρα.

1140 227 1231 283 AD
1268 227 1597 286 POPULUM
1635 228 2131 288 ANTIOCHENUM
2188 230 2425 288 HOMIL.
2466 229 2651 286 XVI“.

3511 233 3614 290 180

1949 349 2039 401 κα)
2086 345 2295 417 ἀνδρῶν
2318 346 2591 417 λέγωμεν,
2625 343 2721 399 καὶ
2749 344 2886 416 πρὸς
2911 345 3177 419 ἀλλήλους
3210 344 3612 420 φιλοσοφῶμεν,

1947 427 2041 481 καί¹
2065 432 2139 504 τῷ
2176 433 2295 503 Θεῷ
2328 434 2488 505 χάριν
2510 432 2722 503 ἔχωμεν
2748 432 3013 503 διηνεκῶς
3045 435 3142 489 καὶ
3169 435 3311 507 ὑπὲρ
3333 434 3440 491 τῶν
3468 453 3614 509 παρ-

1948 520 2116 573 όντων
2161 521 2253 573 καὶ
2293 521 2433 592 ὑπὲρ
2459 519 2567 573 τῶν
2618 519 3019 591 παρελθόντων,
3065 523 3161 575 καὶ
3205 523 3616 594 παρακαλῶμεν

1951 608 2113 661 αὑτὸν
2164 610 2318 678 κοινῇ
2353 607 2492 677 μετὰ
2523 606 2801 670 ἐκτενείας
2832 607 3035 678 πάσης,
3072 608 3212 662 ὥστε
3259 610 3355 663 καλ⁵
3397 611 3527 674 τοὺς
3554 609 3617 664 τὸ

1955 695 2325 767 εεσμωτήριον
2373 694 2678 757 οίκοῦντας,
2735 695 2995 757 καὶτοὺς
3042 695 3123 759 εἰς
3176 696 3275 767 τήν
3330 696 3617 769 ἀλλοτρίαν

1958 782 2365 852 μετοικίζεσθαι
2416 782 2730 852 μέλλοντας,
2767 783 2894 845 τοὺς
2928 780 3025 852 μὲν
3056 781 3345 853 ἀφεθῆναι,
3393 784 3520 848 τοὺς
3557 783 3615 837 δὲ

1952 868 2289 923 ἐπανελθεῖν.
2316 868 2469 939 Μέλη
2505 869 2663 939 ήμῶν
2700 871 2807 922 εἰσι
2840 870 3102 932 κάκεῖνοι,
3132 868 3423 940 μεθ’ήμῶν
3454 870 3615 923 ἐκλυο

1953 956 2311 1026 δωνίσθησαν,
2346 956 2465 1026 μεθ’
2500 955 2657 1026 ήμῶν
2694 956 2788 1008 τὸν
2837 956 3081 1027 χειμῶνα
3128 956 3475 1027 ὑπέστησανο
3511 974 3618 1011 πα-

1959 1044 2286 1115 ρακαλῶμεν
2316 1043 2495 1096 τοίνυν
2527 1042 2621 1096 τὸν
2676 1043 3060 1114 φιλάνθρωπον
3106 1043 3240 1097 Θεὸν
3292 1041 3411 1114 μεθ’
3456 1044 3492 1114 ή
3503 1042 3619 1115 μῶν

1956 1132 2155 1194 αὐτοὺς
2187 1129 2495 1184 ἀπολαῦσαι
2536 1131 2634 1201 τῆς
2665 1129 2928 1201 γαλήνης.
2965 1129 3058 1201 Μὴ
3086 1129 3294 1199 λεγέτω
3329 1147 3441 1194 τις·
3469 1129 3537 1183 Τί
3558 1131 3618 1185 δέ

1959 1232 2050 1287 μοι
2088 1217 2243 1286 μέλει
2268 1216 2483 1281 λοιπόν;
2510 1215 2834 1287 ἀπηλλάγην
2866 1216 2960 1269 τοῦ
2999 1215 3271 1279 κινδύνου,
3302 1216 3623 1271 ἀπολλύσθω

1956 1306 1984 1356 ὁ
2022 1303 2194 1365 δεῖνα,
2245 1301 2645 1374 διαφθειρέσθω
2699 1302 2906 1371 ἕτερος.
2958 1302 3050 1373 Μὴ
3089 1302 3480 1373 παροξύνωμεν
3530 1302 3622 1356 τὸν

1957 1388 2090 1442 Θεὸν
2124 1389 2211 1443 διὰ
2238 1388 2339 1458 τῆς
2356 1388 2660 1461 ὑπεροψίας
2691 1387 2920 1458 ταύτης,
2952 1388 3068 1441 ἀλλ’
3100 1388 3175 1452 ὡς
3213 1390 3369 1441 αὐτοὶ
3395 1374 3549 1452 ὄντες
3566 1390 3623 1442 ἐν

1956 1479 2069 1539 τοῖς
2109 1475 2323 1540 δεινοῖς,
2377 1474 2551 1539 οὕτως
2587 1474 2925 1545 όδυνὼμεθα,
2979 1474 3122 1527 οὕτω
3169 1474 3262 1529 τὸν
3312 1474 3444 1527 Θεὸν
3486 1475 3625 1545 μετά

1961 1562 2237 1623 ἐκτενείας
2268 1562 2705 1632 παρακαλῶμεν,
2740 1562 2916 1614 ἐκεῖνο
2958 1561 3019 1614 τὸ
3044 1560 3262 1614 Παύλου
3290 1560 3624 1632 πληροῦντες

1960 1648 2152 1719 ῥητόν·
2192 1649 2311 1715 Τοῖς
2350 1648 2621 1717 δεσμίοις
2657 1649 2737 1714 ὡς
2768 1648 3217 1717 συνδεδεμένοι,
3240 1648 3367 1714 τοῖς
3406 1664 3627 1703 κακου-

1958 1736 2272 1804 χουμένοις
2292 1735 2373 1801 ὡς
2392 1736 2489 1789 καὶ
2509 1735 2680 1789 αὐτοὶ
2702 1734 2873 1801 ὄντες
2895 1735 2963 1789 ἐν
2981 1734 3232 1804 σώματι,
3263 1736 3364 1789 καί
3384 1735 3626 1790 κλαίον-

1957 1840 2056 1888 τες
2079 1823 2228 1892 μετὰ
2253 1825 2498 1877 κλαίοντ
2508 1840 2612 1887 ων,
2636 1822 2761 1890 τοῖς
2792 1824 3097 1890 ταπεινοῖς
3116 1825 3624 1895 συναπαγόμενοι.

1959 1909 2131 1964 Τοῦτο
2167 1911 2262 1965 καὶ
2305 1912 2454 1982 ήμάς
2487 1910 2685 1974 αὐτοὺς
2730 1910 3004 1982 ὠφελήσει
3050 1911 3120 1965 τά
3181 1912 3441 1983 μέγιστα⁸
3477 1912 3628 1967 οὐδὲν

1958 1997 2066 2068 γὰρ
2121 1996 2261 2050 οὔτω
2306 1997 2398 2050 τὸν
2446 1996 2578 2050 Θεὸν
2627 1997 2941 2067 εὐφραίνειν
2991 1996 3206 2061 εἴωθεν,
3261 1997 3338 2062 ὡς
3388 1998 3451 2052 τὸ
3491 1997 3630 2069 μετά

1960 2079 2162 2150 πολλῆς
2193 2078 2505 2151 προθυμίας
2538 2079 2728 2147 ἀλγεῖν
2774 2079 2915 2150 ὑπὲρ
2943 2080 3052 2133 τῶν
3084 2079 3262 2151 μελῶν
3294 2080 3402 2133 τῶν
3424 2080 3627 2152 ήμετέοο

1961 2182 2091 2237 ρων.
2112 2164 2422 2235 Παρακαλῶ
2429 2182 2526 2236 μεν
2543 2166 2721 2220 τοίνυν
2738 2165 2901 2219 αὐτὸν
2921 2168 3071 2236 κοινῇ
3092 2166 3186 2220 καὶ
3201 2166 3342 2238 ὑπὲρ
3358 2168 3468 2220 τῶν
3484 2183 3559 2219 πα
3567 2184 3627 2238 ρ-

1957 2255 2125 2308 όντων
2163 2255 2257 2307 καὶ
2295 2254 2436 2326 ὑπὲρ
2473 2253 2583 2309 τῶν
2630 2254 2958 2325 μελλόντων,
3006 2254 3148 2307 ὥστε
3177 2256 3441 2327 κάκείνης
3481 2256 3629 2325 ἡμᾶς

1960 2339 2269 2411 ἐξαρπάσαι
2293 2340 2393 2410 τῆς
2421 2339 2715 2404 κολάσεως.
2734 2340 2815 2394 Τά
2846 2336 2946 2410 μὲν
2980 2340 3089 2411 γὰρ
3109 2340 3350 2410 παρόντα
3367 2337 3454 2393 οἷα
3483 2341 3550 2394 ἀν
3568 2339 3625 2414 ᾖ.

1960 2428 2174 2499 φορητά
2200 2426 2261 2480 τέ
2289 2428 2404 2480 ἐστι
2438 2427 2532 2480 καὶ
2562 2427 2718 2491 τέλος
2737 2426 2848 2497 ἔχει
2868 2443 2881 2457 ⁸
2918 2427 2988 2481 τά
3005 2428 3060 2481 δὲ
3083 2429 3201 2481 ἐκεῖ
3230 2427 3629 2500 βασανιστήρια

1961 2515 2205 2569 ἀθάνατά
2228 2532 2289 2568 τε
2315 2514 2409 2569 καὶ
2435 2515 2673 2585 ἄφυκτα.
2708 2514 2867 2569 Μετά
2904 2514 2960 2568 δέ
2989 2514 3091 2585 τῆς
3115 2516 3514 2588 παρακλήσεως
3536 2518 3631 2571 καὶ

1961 2600 2115 2654 αὐτοὶ
2140 2599 2553 2669 σπουδάζωμεν,
2575 2600 2773 2672 μηκέτι
2791 2600 3058 2664 τοιούτοις
3080 2601 3432 2671 περιπίπτειν
3455 2602 3630 2673 ἀμαρο

1960 2689 2218 2758 τήμασιν,
2242 2686 2442 2750 εἰδότες
2471 2687 2554 2740 ὅτι
2585 2686 2772 2741 λοιπὸν
2802 2686 2923 2740 οὐδὲ
2950 2684 3282 2757 συγγνώμης
3324 2687 3631 2741 ἀπολαῦσαι

1960 2772 2326 2845 δυνησόμεθα.
2392 2774 2561 2843 Κοινῇ
2624 2772 2809 2827 τοίνυν
2875 2772 2953 2843 τῷ
3018 2770 3138 2843 Θεῷ
3196 2773 3632 2845 προσπίπτωμεν

1962 2863 2223 2924 ἅπαντες,
2258 2861 2354 2914 καὶ
2383 2860 2617 2913 ἐνταῦθα
2637 2859 2812 2925 ὄντες,
2840 2860 2936 2912 καὶ
2961 2858 3101 2912 κατά
3124 2860 3252 2921 τοὺς
3282 2860 3464 2922 οίκους
3483 2861 3630 2928 γινό⁴

1965 2966 2135 3021 μενοι,
2190 2947 2477 3019 λέγωμεν
2532 2945 2752 3010 Δίκαιος
2803 2943 2876 3011 εἷ,
2931 2946 3129 3017 Κύριε,
3185 2946 3280 2999 ἐπὶ
3332 2948 3500 3000 πᾶσιν
3549 2942 3633 3010 οἷς

1962 3036 2225 3108 ἐποίησας
2263 3036 2418 3106 ήμῖν,
2455 3034 2537 3088 δτι
2578 3036 2636 3087 ἐν
2679 3033 2904 3104 ἀληθινῇ
2950 3033 3131 3104 κρίσει
3177 3034 3481 3105 ἐπήγαγες,
3530 3035 3633 3089 ὅσα

1962 3124 2263 3194 ἐπήγαγες.
2305 3123 2370 3176 Εἰ
2396 3122 2454 3175 αἰ
2477 3120 2745 3192 ἁμαρτίαι
2775 3120 2932 3191 ἡμῶν
2950 3118 3101 3192 [180]
3124 3120 3462 3192 ἀντέστησαν
3480 3124 3631 3194 ήμῖν,

1963 3211 2190 3281 ποίησον
2217 3212 2351 3281 ήμῖν
2388 3209 2575 3263 ἐνεκεν
2600 3207 2696 3262 τοῦ
2721 3207 2986 3278 ὀνόματός
3024 3223 3140 3273 σου,
3174 3207 3273 3261 καὶ
3307 3209 3382 3280 μὴ
3419 3226 3632 3279 συγχω-

1964 3302 2137 3374 ρήσῃς
2187 3301 2386 3371 μηκέτι
2429 3299 2687 3354 τοιούτων
2741 3299 2934 3354 δεινῶν
2980 3302 3178 3371 πεῖραν
3227 3299 3434 3367 λαϐεῖν,
3467 3300 3633 3369 Μηδὲ

1965 3388 2324 3459 εἰσενέγκῃς
2362 3389 2523 3459 ἡμᾶς
2560 3391 2648 3455 εἰς
2688 3388 3041 3458 πειρασμὸν,
3073 3388 3231 3443 ἀλλὰ
3249 3389 3437 3457 ῥῦσαι
3474 3389 3632 3459 ἡμᾶς

1959 3478 2081 3532 ἀπὸ
2133 3476 2240 3531 τοῦ
2288 3477 2596 3545 πονηροῦ,
2640 3478 2722 3530 ὅτι
2756 3477 2851 3530 σοῦ
2908 3477 3057 3529 ἐστιν
3102 3479 3134 3548 ή
3187 3476 3432 3547 βασιλεία
3469 3479 3564 3531 καὶ
3596 3481 3631 3549 ή

1959 3565 2227 3636 δύναμις,
2280 3567 2373 3619 καὶ
2419 3568 2452 3636 ή
2496 3565 2623 3630 δόξα
2664 3566 2745 3628 εἰς
2792 3564 2918 3628 τοὺς
2976 3564 3179 3628 αἰῶνας
3232 3565 3342 3619 τῶν
3393 3564 3628 3623 αἰώνων.

1974 3654 2169 3725 ’Δμήν.

180 3800 3574 3830 mm

180 3917 294 3982 είς
336 3913 450 3980 τὴν
480 3908 915 3980 προειρημένην
949 3909 1244 3964 ὑπόθεσιν
1272 3908 1385 3976 τῆς
1415 3906 1708 3971 στάσεως,
1748 3904 1880 3973 περὶ
1913 3903 2221 3972 νηστείας,
2256 3902 2354 3959 και
2387 3905 2474 3969 είς
2507 3902 2575 3957 τὸ
2602 3900 2793 3970 ῥητόν
2820 3900 2927 3957 τοῦ
2968 3901 3364 3971 Ἀποστόλου,
3398 3901 3630 3975 Χαίρετε

1641 3999 1700 4050 ἐν
1737 3997 1925 4068 Κυρίῳ
1948 3996 2177 4050 πάντοτε
2195 4008 2243 4051 ι.

841 4253 1076 4323 Ὀμιλία
1100 4258 1195 4319 ιη’.

248 4351 328 4398 α’.
346 4341 583 4405 Πολλοὺς
601 4338 746 4394 εἶδον
772 4339 1082 4411 χαίροντας,
1103 4337 1197 4392 καὶ
1221 4335 1356 4408 πρὸς
1386 4332 1645 4406 ἀλλήλους
1670 4333 1855 4402 λέγον-

171 4429 705 4499 ταςνενικήσαμεν,
722 4427 1131 4499 ἐκρατήσαμεν,
1148 4421 1461 4494 ἐδαπανήθη
1480 4421 1581 4492 τῆς
1603 4420 1853 4492 νηστείας

170 4518 241 4572 τὸ
262 4520 468 4588 ⁴ἣμισυ.
496 4516 638 4578 Τοὺς
686 4514 745 4568 δὲ
792 4512 1066 4575 τοιούτους
1094 4508 1422 4583 παρακαλῶ,
1459 4508 1535 4580 μὴ
1576 4507 1666 4562 διά
1690 4506 1853 4560 τοῦτο

169 4607 435 4676 χαίρειν,
480 4604 564 4657 ὅτι
600 4601 914 4673 ἐδαπανήθη
965 4600 1064 4671 τῆς
1107 4598 1364 4668 νηστείας
1409 4595 1473 4649 τὸ
1509 4597 1706 4667 ήμισυ,
1736 4594 1851 4647 ἀλλ’

166 4697 361 4747 ἐκεῖνο
408 4693 653 4754 σκοπεῖν,
692 4691 741 4743 εἰ
788 4689 897 4743 τῶν
950 4686 1368 4759 ἁμαρτημάτων
1420 4682 1736 4755 ἐδαπανήθη
1786 4682 1851 4735 τὸ

165 4783 381 4853 ἣμισυ,
409 4781 505 4834 καὶ
547 4779 670 4833 τότε
706 4776 1065 4846 ἀγάλλεσθαι·
1095 4774 1256 4829 τοῦτο
1306 4772 1416 4845 γὰρ
1453 4771 1646 4844 ήδονῆς
1678 4770 1852 4835 ἀξιον,

163 4867 341 4922 τοῦτό
384 4869 504 4921 ἐστι
537 4866 599 4920 τὸ
625 4864 961 4937 ζητούμενον
1003 4863 1100 4918 καὶ
1136 4862 1204 4916 δι’
1234 4862 1265 4915 δ
1289 4862 1468 4916 πάντα
1496 4859 1733 4929 γίνεται,
1762 4857 1850 4915 ἵνα

159 4957 239 5010 τά
270 4952 636 5025 ἐλαττώματα
684 4952 842 5025 ήμῶν
892 4949 1298 5022 διορθὼσωμεν,
1353 4948 1443 5002 ἵνα
1496 4946 1572 5019 μὴ
1618 4944 1852 5000 τοιοῦτοι

160 5041 493 5110 ἐξέλθωμεν
520 5039 629 5093 ἀπὸ
660 5039 937 5112 νηστείας,
961 5033 1064 5091 οἷοι
1094 5036 1416 5107 εἰσήλθομεν
1446 5037 1526 5099 είς
1573 5032 1849 5104 νηστείαν,

156 5128 291 5182 ἀλλ’
312 5126 714 5197 ἀπονιψάμενοι
736 5126 831 5179 καὶ
849 5125 1028 5179 πάντα
1052 5121 1379 5193 ἀποθέμενοι
1404 5122 1474 5176 τά
1491 5120 1591 5190 τῆς
1609 5119 1853 5190 πονηρᾶς

156 5213 495 5284 συνηθείας,
520 5213 665 5267 οὕτω
688 5213 788 5286 τήν
816 5212 966 5283 ἰεράν
1000 5210 1298 5281 ἀγάγωμεν
1324 5208 1518 5279 ἑορτήν
1536 5223 1551 5240 ·
1578 5204 1653 5270 ῶς
1685 5205 1752 5260 ἂν
1777 5205 1849 5278 μὴ

156 5303 341 5357 τοῦτο
368 5297 428 5373 ᾖ,
457 5302 521 5356 οὐ
568 5301 726 5372 μόνον
758 5300 912 5353 οὐδὲν
948 5300 1082 5369 ἡμῖν
1126 5297 1284 5351 ἔσται
1335 5295 1549 5365 κέρδος,
1586 5293 1722 5347 ἀλλά
1757 5293 1847 5346 καί

164 5390 379 5460 βλάὖος
414 5389 670 5460 μέγιστον
694 5388 791 5459 τῆς
824 5387 1076 5457 νηστείας
1108 5383 1530 5454 δαπανηθείσης.
1553 5378 1644 5452 Μὴ
1671 5380 1851 5433 τοίνυν

158 5478 481 5548 χαίρωμεν,
500 5476 582 5528 ὅτι
600 5474 932 5547 διηνύσαμεν
952 5472 1053 5543 τῆς
1076 5469 1330 5541 νηστείας
1363 5469 1426 5522 τὸ
1459 5470 1632 5539 μῆκος
1672 5466 1850 5536 (τοῦτο

224 5583 253 5611 ⁸
288 5580 447 5629 εει-ὓ.
468 5579 600 5627 hunc
618 5578 765 5627 effert
786 5577 981 5627 titulum
1009 5590 1022 5618 ε
1057 5572 1491 5637 Ὅμιλίαγλεχθείσα
1510 5572 1574 5627 εἰς
1592 5571 1684 5637 τὴν
1699 5570 1848 5637 μέσην

160 5647 265 5705 εεη
292 5642 548 5705 νηστειῶν,
569 5642 649 5688 καί
669 5642 739 5705 εἰς
755 5640 810 5688 τὸ
828 5632 1145 5705 ἀποστολικὸν
1171 5635 1310 5705 ῥητὸν
1415 5635 1568 5705 λέγον,
1600 5651 1624 5674 σι
1648 5632 1848 5705 Χαίρετε

154 5703 213 5755 ιν
226 5695 397 5763 Κυρίφ
407 5695 656 5763 xui-n03,»
667 5695 747 5750 καὶ
762 5702 868 5765 περὶ
880 5706 964 5759 τῆς
979 5695 1313 5762 προειρημένης
1328 5696 1377 5746 έν
1389 5700 1449 5760 τῇ
1468 5695 1602 5743 πόλει
1614 5695 1844 5749 στάσεως.

1958 4247 2066 4319 γὰρ
2105 4247 2257 4301 οὐδὲν
2281 4247 2423 4319 μέγα
2454 4246 2646 4312 ἐστὶν),
2679 4244 2814 4300 ἀλλά
2834 4248 3133 4318 χαίρωμεν,
3163 4248 3289 4301 ὅταν
3326 4247 3461 4317 μετά
3492 4264 3627 4305 κατ-

1955 4332 2292 4402 ορθωμάτων
2333 4331 2465 4385 αὐτὸ
2505 4330 2867 4403 διανύσωμεν,
2911 4331 2997 4383 ἵνα
3024 4332 3121 4383 καὶ
3139 4329 3478 4404 ἀπελθούσης
3496 4334 3628 4387 ταύ-

1955 4436 2076 4490 της,
2108 4421 2136 4473 ό
2161 4420 2364 4491 ταύτης
2388 4419 2671 4492 διαλάμπῃ
2701 4418 2929 4492 καρπός.
2967 4418 3077 4471 Καὶ
3106 4419 3215 4491 γὰρ
3247 4418 3341 4473 τοῦ
3361 4420 3630 4491 χειμῶνος

1954 4502 2018 4555 τὸ
2049 4502 2240 4574 κέρδος
2267 4502 2387 4556 τότε
2417 4504 2651 4573 μάλιστα
2678 4503 2952 4557 δείκνυται
2983 4502 3033 4566 δ,
3080 4502 3212 4556 ὅταν
3245 4505 3451 4567 ἐκεῖνος
3484 4522 3628 4577 παρ-

1957 4586 2121 4658 έ).θῃ’
2176 4589 2273 4642 καὶ
2322 4588 2432 4660 γάρ
2482 4588 2739 4659 κομῶντα
2791 4587 2862 4641 τά
2908 4588 3055 4658 λήῖα.
3110 4589 3207 4642 καὶ
3257 4589 3474 4658 φύλλοις
3535 4591 3629 4643 καί⁵

1957 4672 2155 4744 καρπῷ
2181 4673 2251 4728 τά
2280 4673 2471 4746 δένδρα
2502 4673 2735 4745 βρύοντα
2765 4672 2855 4726 διὰ
2880 4673 2983 4743 τῆς
3000 4673 3177 4743 ὂψεως
3209 4673 3311 4746 βοᾷ
3327 4674 3425 4745 τὴν
3450 4676 3514 4727 ἐκ
3534 4674 3627 4727 τοῦ

1957 4760 2225 4831 χειμῶνος
2248 4760 2549 4832 γενομένην
2582 4761 2851 4830 ὠφέλειαν
2878 4760 3083 4824 αὐτοῖς.
3133 4760 3306 4815 Τοῦτο
3329 4761 3392 4832 δή
3425 4761 3519 4814 καὶ
3540 4763 3625 4831 ἐφ’
3740 4811 3747 4817 .

1954 4846 2114 4917 ήμῶν
2138 4846 2400 4913 γενέσθω.
2424 4848 2536 4901 Καὶ
2560 4848 2670 4917 γὰρ
2708 4846 2879 4901 ὑετῶν
2923 4846 3162 4917 συνεχῶν
3187 4847 3283 4902 καὶ
3310 4846 3627 4917 ἐπαλλήλων

1955 4935 2344 5005 ἀπελαύσαμεν
2373 4937 2431 4989 ἐν
2454 4935 2534 5006 τῷ
2562 4936 2792 5008 χειμῶνι
2822 4935 2967 4989 κατά
2980 4935 3071 4988 τὸν
3098 4936 3197 5005 τῆς
3224 4935 3480 5000 νηστείας
3505 4951 3627 4989 και-

1958 5024 2052 5095 ρὸν
2079 5022 2362 5095 διηνεκοῦς
2398 5025 2759 5095 μετασχόντες
2786 5023 3153 5086 διδασκαλίας,
3197 5023 3293 5076 καὶ
3337 5023 3625 5095 σπέρματα

1956 5110 2257 5183 ἐδεξάμεθα
2306 5112 2675 5180 πνευματικὰ,
2713 5113 2807 5166 καὶ
2841 5111 2939 5174 τάς
2976 5110 3219 5174 ἀκάνθας
3258 5111 3360 5182 τῆς
3410 5114 3625 5184 τρυφῆς

1954 5199 2326 5269 ἀπετέμομεν.
2349 5197 2612 5270 Μένωμεν
2637 5200 2818 5253 τοίνυν
2835 5197 2980 5269 άπερ
3004 5196 3385 5269 ὑπεδεξάμεθα
3403 5199 3627 5270 τηροῦν·

1954 5302 2047 5349 τες
2081 5283 2220 5356 μετά
2240 5285 2546 5356 ἀκριϐείας,
2586 5286 2673 5339 ἵνα
2720 5285 2815 5339 καὶ
2833 5284 2932 5354 τῆς
2957 5283 3209 5354 νηστείας
3233 5285 3573 5357 ἀπελθούσης
3595 5289 3626 5341 ὁ

1954 5367 2056 5438 τῆς
2088 5367 2347 5438 νηστείας
2403 5367 2543 5439 βρύη
2590 5367 2822 5439 καρπὸς,
2874 5366 2969 5420 καὶ
3018 5366 3107 5422 διά
3142 5367 3251 5422 τῶν
3290 5370 3510 5439 ἀγαθῶν
3549 5364 3627 5426 ὧν

1956 5452 2405 5524 ἐωρπωσάμεθα
2453 5453 2562 5507 ἀπὸ
2604 5455 2702 5524 τῆς
2741 5452 3014 5525 νηστείας,
3058 5454 3154 5508 καὶ
3198 5456 3371 5527 αὐτῆς
3406 5474 3624 5531 μνημο-

1955 5536 2197 5606 νεύωμεν
2229 5535 2330 5606 τῆς
2358 5535 2629 5607 νηστείας.
2662 5537 2785 5590 Ἐἀν
2812 5534 2983 5603 οὕτως
3014 5540 3238 5605 ἑαυτοὺς
3270 5543 3624 5605 παρασκευά-

2014 5631 2044 5672 ὶι
2066 5630 2215 5709 $3ij.
2240 5636 2298 5705 gl.
2319 5633 2504 5706 aliqpot
2542 5647 2660 5709 ιηειξ.ἶ
2700 5636 2777 5684 καὶ
2815 5637 2908 5709 *γὰρ
2942 5636 3297 5709 τοῦηχειμιῖινος
3328 5634 3627 5689 ἀπελθόντος.

1956 5695 2080 5753 μένει
2106 5695 2162 5744 τὸ
2184 5695 2269 5744 τοῦ
2290 5696 2521 5762 χειμῶνος
2552 5698 2731 5760 κέρδος,
2749 5695 2959 5748 καῖτότε
2983 5695 3188 5763 μάλιστα
3207 5697 3455 5749 δείκνυται,
