4020 6216
501 161 592 218 181

503 299 708 352 σωμεν.
739 279 1071 351 προσιοῦσαν
1116 280 1285 351 αὐτὴν
1321 281 1440 352 μεθ’
1468 283 1659 354 ἡδονῆς
1691 283 1954 356 δεξόμεθα
1983 284 2164 339 πάλιν.

501 370 612 422 Kal
637 366 744 438 γάρ
774 365 946 430 οὕτως
971 365 1084 438 δρῶ
1132 367 1361 431 πολλοὺς
1413 367 1766 440 μικροψύχως
1804 371 2025 442 ἔχοντας
2044 409 2060 436 ,
2094 370 2170 434 ὡς

499 457 558 508 ἐν
595 454 672 524 τῷ
703 455 930 526 παρόντι
955 453 1084 526 περὶ
1113 454 1210 524 τῆς
1248 454 1550 526 μελλούσης
1599 460 1871 530 μεριμνᾷν
1894 473 2166 530 τεσσαρα-

500 542 720 612 κοστῆς,
752 543 848 594 καὶ
881 540 1091 595 πολλῶν
1109 541 1318 612 ῆκουσα
1347 542 1634 610 λεγόντων,
1668 545 1750 598 ὅτι
1781 545 1919 615 μετά
1943 545 2042 616 τὴν
2071 545 2170 613 τῆς

499 629 755 700 νηστείας
783 628 1102 700 ἀπαλλαγὴν
1129 629 1230 682 οὐκ
1256 629 1601 684 αἰσθάνονται
1630 632 1728 702 τῆς
1757 632 1948 703 ἡδονῆς
1982 632 2082 702 τῆς
2105 633 2170 684 ἐκ

498 717 602 786 τῆς
638 719 872 780 ἀνέσεως
899 717 990 770 διὰ
1026 716 1122 788 τὴν
1167 717 1420 786 φροντίδα
1446 717 1540 770 τοῦ
1577 718 1860 788 μέλλοντος
1889 718 2168 776 ἐνιαυτοῦ.

500 803 566 856 Τί
609 801 674 856 ἂν
704 804 914 872 γένοιτο
947 803 1136 856 τούτου
1171 803 1662 877 μικροψυχότερον,
1709 807 1830 860 εἰπέ
1860 823 1982 877 μοι;
2019 807 2083 859 Τί
2111 807 2168 860 δὲ

501 890 564 944 τὸ
597 891 767 944 αἴτιον
799 891 988 946 τούτου
1023 893 1206 958 ἐστίν;
1243 894 1364 948 Ὅτι
1389 895 1642 965 νηστείας
1668 895 2118 967 παραγενομένης
2141 907 2166 936 ﬂ

497 977 599 1047 οὐχ
641 980 789 1041 ὅπως
825 979 894 1032 τά
939 980 1080 1032 κατά
1122 979 1301 1054 ψυχὴν
1345 977 1404 1035 εὖ
1457 982 1724 1054 διατεθείη
1769 983 2166 1053 σπουδάζομεν,

505 1063 624 1118 ἀλλ’
652 1065 710 1118 ἐν
735 1068 800 1136 τῇ
825 1066 934 1118 τῶν
963 1067 1146 1120 σιτίων
1171 1068 1350 1139 ἀποχῇ
1385 1068 1546 1138 μόνον
1575 1069 1744 1140 αὐτὴν
1774 1068 2093 1140 όριζόμεθα.

581 1153 671 1215 Ὠς
707 1154 756 1206 εί
810 1153 950 1222 μέγα
995 1170 1048 1206 τι
1101 1155 1179 1218 είς
1223 1157 1322 1224 τήν
1365 1155 1474 1208 τῶν
1515 1157 1732 1228 τρόπων
1758 1156 2042 1228 διόρθωσιν
2073 1157 2167 1210 ἀπ’

497 1240 670 1310 αὐτῆς
730 1240 1198 1312 ἐκαρπωσάμεθα,
1255 1241 1360 1296 κάν
1417 1243 1706 1315 ηὐξάμεθα
1756 1245 1878 1298 καθ’
1931 1245 2168 1316 ἑκάστην

497 1328 710 1400 ἡμέραν
737 1329 1133 1398 παραγίνεσθαι
1151 1331 1249 1402 τὴν
1281 1330 1432 1404 [181]
1460 1333 1732 1404 νηστείαν.
1759 1334 1823 1387 δι’
1853 1333 2032 1387 αὐτῶν
2059 1334 2170 1387 τῶν

495 1414 674 1486 ἔργων
703 1415 957 1486 αἴσθησιν
989 1416 1359 1488 λαμϐάνοντες
1377 1421 1487 1474 τῶν
1510 1420 1952 1492 κατορθωμάτων
1976 1421 2164 1490 αὐτῆς,

497 1503 594 1556 καὶ
629 1504 729 1558 οὐκ
757 1503 822 1558 ἄν
849 1523 980 1560 ποτε
1003 1505 1102 1577 τὴν
1149 1506 1448 1578 ἐπιθυμίαν
1471 1509 1644 1578 αὐτῆς
1675 1508 2028 1580 ἐξεϐάλομεν,
2068 1509 2169 1562 ούκ

497 1589 566 1644 ἂν
627 1591 1086 1663 προσδοκωμένης
1144 1595 1316 1664 αὐτῆς
1389 1595 1690 1665 ἐγενόμεθα
1752 1598 2016 1666 κατηφεῖς
2071 1597 2167 1649 καὶ

495 1678 804 1746 ἐναγώνιοι.
838 1680 944 1734 Τὸν
983 1680 1091 1752 γὰρ
1130 1681 1272 1734 κατά
1315 1682 1554 1736 διάνοιαν
1588 1679 1646 1736 εὖ
1675 1683 2022 1754 διακείμενον
2071 1685 2166 1736 καὶ

495 1764 597 1835 τῆς
633 1765 816 1836 ψυχῆς
854 1767 1282 1838 ἐπιμελούμενον
1312 1769 1412 1837 τῆς
1457 1769 1673 1834 ἐαυτοῦ,
1701 1770 1854 1823 οὐδὲν
1883 1770 2019 1834 ὅλως
2057 1772 2166 1824 τῶν

495 1850 666 1904 όντων
709 1852 892 1922 θλῖψαι
942 1853 1268 1925 δυνήσεται,
1324 1856 1439 1908 ἀλλ’
1489 1857 1855 1910 ἀπολαύσεται
1915 1859 2164 1930 καθαρᾶς

495 1938 692 2008 ἡδονῆς
719 1941 814 1994 καὶ
839 1941 1147 2010 διηνεκοῦςο
1175 1942 1266 1995 καὶ
1292 1944 1374 1996 ὅτι
1399 1942 1558 1996 τοῦτό
1584 1945 1731 1998 ἐστιν
1751 1945 1968 2015 ἀληθὲς,
2001 1947 2166 2015 ἡκού-

498 2041 628 2078 σατε
658 2024 750 2080 τοῦ
777 2027 990 2080 Παύλου
1025 2032 1265 2100 σήμερον
1292 2029 1683 2100 παραινοῦντος
1705 2033 1838 2102 ήμῖν
1866 2034 1959 2085 καὶ
1985 2033 2168 2100 λέγον-

494 2129 588 2177 τος
603 2131 620 2146 ο
659 2114 902 2183 Χαίρετε
934 2115 1005 2168 ἐν
1029 2116 1225 2184 Κυρίῳ
1245 2117 1525 2180 πάντοτε,
1547 2117 1736 2171 πάλιν
1754 2117 1888 2186 ἐρῶ,
1907 2120 2161 2188 χαίρετε.

495 2199 607 2254 Kal
633 2197 751 2254 οἶδα
793 2201 914 2271 μὲν,
948 2203 1030 2256 ὄτι
1062 2203 1276 2267 πολλοῖς
1302 2203 1564 2258 ἀδύνατον
1597 2201 1734 2259 εἶναι
1763 2206 1910 2259 δοκεῖ
1936 2207 1995 2260 τὸ
2020 2206 2166 2275 λεγό-

499 2304 660 2359 μενον
681 2306 694 2320 ·
723 2289 840 2354 πῶς
869 2291 978 2360 γὰρ
1005 2285 1116 2344 οἷόν
1147 2308 1229 2358 τε,
1269 2293 1455 2363 φησὶν,
1479 2292 1765 2364 ἄνθρωπον
1794 2293 1922 2347 ὄντα
1951 2295 2162 2365 χαίρειν

493 2374 757 2446 διηνεκῶς
777 2377 870 2442 ub
890 2378 990 2448 μὲν
1015 2377 1124 2448 γάρ
1145 2378 1351 2450 χαίρειν
1377 2380 1437 2432 οὐ
1455 2379 1730 2444 δύσκολον,
1745 2381 1806 2434 τὸ
1824 2381 1878 2434 δὲ
1901 2382 2164 2453 διηνεκῶς

495 2463 728 2534 χαίρειν,
759 2463 918 2518 τοῦτο
944 2466 1039 2518 καὶ
1068 2465 1326 2520 ἀδύνατον
1347 2461 1486 2520 εἷναί
1518 2484 1606 2537 μοι
1651 2467 1818 2532 δοκεῖ,
1851 2469 1980 2532 ἴσως
2019 2469 2162 2522 εἴποι

495 2551 562 2604 ἀν
599 2567 716 2614 τις·
747 2551 940 2604 πολλαὶ
971 2551 1082 2622 γὰρ
1105 2551 1344 2622 ἀθυμίας
1369 2555 1516 2623 ἡμᾶς
1563 2553 1797 2622 ἀνάγκαι
1829 2555 2160 2626 περιστοιχί-

496 2635 700 2700 ζονται.
729 2638 800 2690 Ἢ
832 2637 940 2706 γὰρ
975 2639 1138 2691 παῖδά
1160 2654 1244 2702 τις
1275 2639 1568 2704 ἀπέϐαλεν,
1596 2640 1629 2710 ἢ
1659 2643 1912 2708 γυναῖκα,
1943 2641 1974 2711 ἢ
2009 2643 2163 2711 φίλον

493 2724 739 2794 γνήσιον,
793 2725 997 2788 παντὸς
1047 2725 1344 2794 συγγενοῦς
1389 2726 1838 2797 ἀναγκαιότερον,
1879 2727 1913 2797 ἢ
1959 2729 2162 2799 ζημίαν

497 2811 706 2880 ὑπέστη
745 2811 1066 2882 χρημάτων,
1119 2812 1152 2883 ἢ
1199 2811 1342 2883 νόσῳ
1371 2812 1718 2884 περιέπεσεν,
1757 2813 1790 2884 ἢ
1840 2817 2162 2886 περίστασιν

497 2901 834 2970 πραγμάτων
869 2899 1158 2969 ὑπέμεινεν
1187 2899 1379 2972 ἑτέραν
1402 2941 1418 2968 ,
1457 2901 1491 2972 ἢ
1537 2903 1663 2972 παρ’
1697 2900 1855 2967 ἀξίαν
1889 2901 2164 2973 ὑϐρισθεὶς

493 2987 802 3058 ῆλγησεν,ἢ
826 2986 1003 3056 λιμὸς,
1033 2989 1067 3057 ἢ
1105 2987 1367 3059 λοιμὸς,ῆ
1403 2989 1687 3060 εῖσπραξις
1707 2989 2000 3060 ἀφόρητος,
2027 2990 2059 3060 ἢ
2093 2991 2162 3044 τά

496 3075 636 3128 κατά
673 3075 772 3146 τήν
793 3075 970 3130 οἰκίαν
1007 3075 1309 3145 πράγματα
1324 3091 1338 3104 ’
1363 3075 1562 3146 μᾶλλον
1583 3077 1638 3130 δὲ
1661 3079 1761 3130 οὐκ
1777 3077 1842 3132 ἂν
1865 3078 2162 3148 φθάνοιμεν

493 3157 712 3214 ἅπαντα
730 3159 1142 3228 καταλέγοντες,
1170 3161 1272 3214 ὅσα
1299 3161 1394 3214 καὶ
1441 3161 1548 3232 ίδίᾳ
1581 3161 1677 3214 καὶ
1704 3161 1766 3232 δη
1777 3161 1938 3232 μοσίᾳ
1972 3161 2160 3214 λυπεῖν

496 3248 643 3318 ἡμᾶς
677 3247 888 3302 εἴωθεν.
919 3247 1042 3310 Πῶς
1067 3243 1160 3302 οὖν
1197 3247 1446 3316 δυνατὸν,
1483 3249 1638 3318 φησὶ,
1669 3248 1898 3301 πάντοτε
1918 3247 2157 3320 χαίρειν;

493 3335 728 3388 Δυνατὸν
759 3334 859 3405 μὲν
883 3331 1000 3398 οὖν,
1031 3331 1314 3404 ἀνθρωπε-
1359 3335 1454 3388 καὶ
1480 3335 1528 3388 εί
1559 3335 1634 3406 μὴ
1659 3335 1880 3388 δυνατὸν
1919 3331 2012 3406 ῆν,
2061 3337 2160 3388 οὐκ

491 3419 563 3472 ἂν
587 3423 618 3476 6
647 3421 857 3484 Παύλος
885 3421 1216 3492 παρῄνεσεν,
1249 3421 1360 3474 οὐδ’
1397 3421 1462 3475 ἃν
1499 3421 1916 3475 συνεϐούλευσεν
1947 3423 2156 3493 ἄνθρω-

489 3518 596 3569 πος
653 3503 1028 3574 πνευματικῆς
1083 3502 1372 3557 ἀπολαύων
1418 3505 1628 3572 σοφίας.
1695 3506 1806 3558 Kal
1859 3505 1948 3558 διὰ
2001 3506 2159 3559 τοῦτο

493 3591 732 3662 συνεχῶς
781 3593 908 3662 ὑμῖν
941 3593 1148 3660 ἔλεγον,
1191 3593 1289 3646 καὶ
1325 3591 1501 3662 λέγων
1541 3595 1603 3646 οὐ
1649 3593 1946 3666 παύσομαι,
1996 3596 2079 3648 ὅτι
2119 3593 2154 3648 ἃ

495 3677 746 3749 μηδαμοῦ
781 3679 914 3750 μηδέ
943 3680 1073 3750 παρ’
1101 3680 1322 3751 ἐτέρῳδ
1349 3681 1457 3733 τινὶ
1488 3679 1604 3732 ἐστι
1637 3679 1848 3752 μαθεῖν,
1878 3680 2053 3734 ταῦτα
2078 3681 2158 3733 ἐν·

493 3765 666 3819 ταῦθα
687 3766 815 3836 ὑμῖν
843 3765 1018 3830 ἔξεστι
1043 3766 1375 3836 φιλοσοφεῖν.
1421 3767 1646 3837 Ἡδονῆς
1681 3768 1779 3838 μὲν
1801 3767 1910 3839 γάρ
1942 3769 2039 3822 καὶ
2057 3767 2154 3822 τοῦ

491 3851 702 3922 χαίρειν
757 3852 1111 3921 ἐπιθυμοῦσιν
1161 3853 1435 3920 ἅπαντες,
1487 3854 1584 3908 καὶ
1631 3855 1718 3910 διὰ
1765 3856 1924 3909 τοῦτο
1973 3857 2155 3910 πάντα

493 3938 706 3992 ποιοῦσι
737 3939 829 3990 καὶ
863 3939 1079 4006 λέγουσι
1106 3939 1199 3992 καὶ
1225 3941 1721 4010 πραγματεύονται.
1753 3943 1862 3996 Kal
1903 3943 2013 4016 γάρ
2057 3943 2155 4014 ἐμ-

491 4041 658 4096 πορος
683 4025 771 4078 διά
801 4023 958 4077 τοῦτο
981 4023 1122 4088 πλεῖ,
1154 4025 1240 4078 ῖνα
1262 4027 1522 4096 χρήματα
1558 4027 1838 4100 συναγάγῃ
1854 4045 1868 4057 ·
1894 4031 1998 4101 χρή
2009 4048 2152 4100 ματα

491 4112 549 4164 δέ
583 4113 825 4182 συνάγει,
870 4113 957 4166 ἵνα
985 4112 1118 4182 ἔχων
1168 4113 1504 4183 ἀποκείμενα
1548 4115 1710 4186 χαίρῃ
1733 4133 1746 4146 ·
1785 4118 1880 4168 καὶ
1911 4120 1939 4170 6
1989 4136 2154 4190 στρα-

489 4201 779 4271 τευόμενος
823 4200 912 4253 διά
959 4200 1122 4253 τοῦτο
1161 4201 1538 4271 στρατεύεται,
1593 4203 1688 4254 καὶ
1712 4203 1740 4256 6
1779 4205 2022 4274 γεωργὸς
2062 4205 2152 4259 διά

489 4286 648 4341 τοῦτο
677 4290 944 4358 γεωργεῖ,
982 4289 1076 4341 καὶ
1108 4287 1304 4359 τέχνην
1337 4289 1565 4352 ἕκαστος
1595 4287 1682 4342 διά
1730 4291 1890 4343 τοῦτο
1921 4291 2148 4361 μέτεισι,

489 4372 584 4426 καὶ
621 4373 793 4443 ἀρχῆς
813 4377 860 4426 οἱ
905 4374 1138 4445 ἐρῶντες
1178 4375 1266 4429 διὰ
1295 4375 1453 4428 τοῦτο
1477 4376 1692 4448 ἐρῶσιν,
1724 4377 1812 4431 ἴνα
1831 4377 1988 4448 δόξης
2019 4380 2153 4433 ἀπο-

489 4459 750 4524 λαύσωσι,
775 4460 932 4530 δόξης
981 4461 1038 4513 δὲ
1057 4463 1354 4516 ἀπολαύειν
1385 4463 1662 4532 βούλονται
1685 4503 1700 4528 ,
1748 4465 1836 4518 ἵνα
1881 4467 2112 4538 χαίρωσι
2132 4485 2146 4499 ⁸

488 4547 582 4600 καὶ
601 4547 831 4617 πρᾶγμα
853 4547 1084 4600 ἕκαστον
1113 4549 1251 4620 πρὸς
1265 4549 1422 4603 τοῦτο
1455 4550 1551 4604 ίδοι
1579 4569 1661 4616 τις
1683 4551 1752 4606 ἂν
1775 4553 2143 4623 ἐπιγινόμενον

489 4645 516 4672 ι
543 4633 674 4703 ήμῖν
713 4633 774 4686 τὸ
805 4633 976 4698 τέλος,
1025 4637 1120 4690 καὶ
1149 4636 1285 4708 πρὸς
1320 4635 1478 4690 τοῦτο
1533 4638 1758 4702 ἕκαστος
1815 4639 2027 4708 βλέπων
2059 4640 2148 4695 διὰ

485 4713 696 4775 πολλῶν
725 4720 832 4774 τῶν
865 4721 1045 4791 μέσων
1077 4723 1163 4776 ἐπ’
1195 4723 1324 4776 αὐτὸ
1347 4724 1565 4778 σπεύδει
1604 4725 1861 4796 βαδίζειν.

557 4809 836 4881 Εὑθυμίας
879 4810 999 4880 μὲν,
1045 4811 1182 4881 ὅπερ
1221 4811 1377 4882 ἔφην,
1413 4812 1582 4883 ἐρῶσι
1611 4814 1830 4878 πάντες.
1871 4816 2146 4888 ἐπιτυχεῖν

481 4897 540 4952 δὲ
569 4898 667 4968 οὐχ
699 4899 938 4960 ἅπαντες
959 4897 1212 4952 δύνανται
1231 4912 1244 4927 ·
1276 4901 1338 4952 οὐ
1370 4900 1480 4972 γάρ
1507 4901 1652 4956 ἴσασι
1681 4903 1778 4974 τήν
1801 4904 1920 4957 ἐκεῖ
1951 4906 2146 4977 φέρου-

486 5001 586 5038 σαν
607 4987 754 5040 ὁδόν·
786 4985 922 5040 ἀλλά
941 4985 1125 5039 πολλοὶ
1151 4987 1484 5057 νομίζουσιν,
1509 4989 1588 5042 ὃτι
1615 4989 1675 5042 τὸ
1697 4989 1946 5044 πλουτεῖν
1977 4995 2145 5045 αἴτιον

469 5075 674 5130 ’τούτου
721 5077 954 5145 γίνεται.
991 5077 1054 5129 Εἰ
1087 5077 1144 5130 δὲ
1189 5077 1346 5130 τοῦτο
1389 5079 1558 5132 αἴτιον
1592 5075 1681 5150 ἦν,
1715 5081 1889 5144 οὐδεὶς
1933 5081 2000 5136 ἂν
2035 5081 2146 5134 οξῶδ

485 5159 590 5228 χρή
601 5175 744 5226 ματα
767 5161 1122 5230 κεκτημένων
1143 5161 1392 5232 ήθύμησέ
1415 5179 1546 5215 ποτε
1563 5179 1576 5192 ⁶
1609 5163 1706 5216 νῦν
1735 5165 1792 5218 δέ
1831 5165 2014 5218 πολλοὶ
2036 5165 2143 5218 τῶν

488 5245 856 5300 πλουτούντων
905 5249 1138 5303 ἀϐίωτον
1179 5245 1318 5304 εἶναι
1367 5251 1459 5304 τὸν
1511 5251 1623 5321 βίον
1678 5253 1991 5323 νομίζουσι,
2051 5257 2145 5308 καὶ

485 5331 748 5396 θανάτους
784 5337 1008 5406 μυρίους
1041 5337 1310 5410 εἰχονται,
1364 5341 1580 5394 ἐπειδάν
1611 5341 1948 5414 δυσημερίας
2001 5343 2144 5408 τινὸς

485 5417 798 5483 αἴσθωνται,
856 5423 949 5474 καὶ
993 5425 1042 5476 οἱ
1077 5425 1282 5498 σφόδρα
1327 5426 1684 5498 ἀθυμοῦντες,
1725 5423 1874 5482 οὗτοι
1907 5430 2143 5499 μάλιστα

545 5521 572 5598 ς
775 5523 1070 5598 ἐπελθούσης,
1091 5530 1174 5598 alii
1197 5544 1450 5598 pglrperam
1477 5535 1810 5598 παρελθούσης.
1828 5535 1957 5583 Eur.

544 5582 572 5658 ξ’
595 5585 690 5658 ᾼιιιε
711 5585 1003 5658 παρ’ἐτέρων
1023 5582 1179 5658 τιχῶν,
1197 5582 1420 5656 ὶ1ἱὶιπαρ’
1445 5582 1588 5658 ἐτέρῷ
1607 5582 1710 5644 τινί.

541 5648 566 5676 ε
590 5645 686 5720 Alii
709 5645 1019 5720 ἐπειγόμενον.
1069 5645 1216 5700 Paulo
1249 5661 1362 5712 post
1383 5645 1584 5708 'auau'oi
1607 5659 1916 5719 ηιειιιυςςτιιιιί
1946 5659 2026 5720 μὲν
2053 5657 2133 5708 οὖν

501 5711 618 5772 ὅπερ
633 5709 745 5771 εἴην
770 5710 939 5773 ἐρῶσιν
959 5711 1173 5767 ἅπαντες.

1220 166 1280 220 S.
1321 165 1609 222 JOAN'NIS
1665 165 2154 224 CIIRYSOSTOMI
2191 167 2512 226 ARCHIEP.
2549 171 3107 232 CONSTANTINOP.
3727 203 3798 261 ιε,

2271 286 2488 340 πάντων
2530 288 2655 342 είσί.
2695 289 2786 359 Μὴ
2822 289 2930 361 γάρ
2967 308 3056 362 μοι
3098 291 3194 356 τάς
3237 297 3482 364 τραπέζας
3524 305 3666 362 αὐτῶν
3703 318 3798 384 tam,
3921 261 3924 298 Ι

2273 375 2408 446 μηδέ
2445 377 2570 440 τοὺς
2603 377 2840 442 κόλακας
2875 379 3057 434 αὐτῶν
3095 382 3188 436 καὶ
3223 385 3340 448 τοὺς
3379 393 3672 460 παρασίτους,
3929 367 3936 532 ἲ

2273 463 2337 515 τά
2365 463 2426 530 ἐξ
2453 463 2636 517 αὐτῶν
2669 467 2930 532 γινόμενα
2951 465 2980 506 ἀ
3013 469 3334 532 πράγματα,
3362 474 3451 532 τάς
3487 478 3710 532 ἐπηρείας-
3731 491 3798 532 eiu

2269 463 2337 515 τά
2365 463 2426 530 ἐξ
2453 463 2636 553 αὐτῶν
2669 467 2930 538 γινόμενα
2951 465 2980 506 ἀ
3013 469 3334 540 πράγματα,
3362 474 3451 538 τὰς
3487 478 3710 551 ἐπηρείας,
3731 491 3798 553 τὰς

2271 551 2655 619 συκοφαντίας,
2679 554 2804 616 τοὺς
2825 554 3122 620 κινδύνους,
3151 557 3246 620 τὰς
3271 560 3504 628 ἀγωνίας,
3529 569 3604 619 καὶ
3628 551 3800 627 ὃτούτου

2270 636 2449 706 πολλῷ
2489 637 2889 712 χαλεπώτερον,
2927 642 3009 696 ὃτι
3041 645 3135 696 καὶ
3176 645 3475 717 ἀμελέτητοι
3525 653 3632 721 πρὸς
3661 657 3802 722 ταύτας
3933 641 3935 770 ‘

2272 723 2419 770 11891
2443 725 2725 770 ὲονόιιενηι
2749 728 2848 770 τὰρ
2877 731 3177 770 ηςτηϐηὶᾶρ
3223 733 3504 770 mlo-amne?“
3529 739 3610 770 mh.
3629 743 3788 770 ι-ι..-..

2271 723 2420 795 [182]
2443 725 2726 796 ἐρχόμενοι
2749 728 2848 792 τάς
2875 731 3196 800 μεταϐολὰς,
3223 733 3504 804 φιλοσοφεῖν
3529 739 3612 792 οὐκ
3629 743 3803 798 ἐπίσταν-

2269 826 2381 872 ται,
2417 809 2537 862 ούδέ
2559 811 2820 878 γενναίως
2842 813 2910 866 τὰ
2931 815 3304 884 συμπίπτοντα
3329 818 3514 886 φέρειν.
3555 823 3711 894 Διόπερ
3725 827 3802 880 οὑδὲ
3933 843 3935 886 i

2267 894 2494 948 τοιαῦτα
2521 897 2702 962 αὐτοῖς
2727 899 2976 966 φαίνεται
2995 901 3064 954 τὰ
3089 901 3254 964 δεινὰ,
3279 899 3460 976 οἷάπερ
3477 909 3580 960 ἐστὶ
3601 913 3654 978 τῇ
3681 909 3803 976 φύσει,

2269 981 2404 1035 ἀλλά
2441 983 2536 1036 καὶ
2557 983 2627 1036 τά
2655 984 2830 1054 κοῦφα
2863 987 3114 1058 ἀφόρητα
3145 989 3324 1046 λοιπὸν
3345 987 3471 1044 εἷναι
3497 992 3635 1050 δοκεῖ,
3660 995 3808 1065 Ὠσπερ

2269 1065 2362 1124 οὖν
2393 1071 2488 1126 ἐπὶ
2530 1071 2638 1125 τῶν
2681 1075 2926 1144 πενήτων
2972 1077 3275 1130 τούναντίον
3319 1077 3524 1145 γίνεται,
3567 1082 3726 1133 καὶτὰ
3751 1084 3812 1134 ἁν-

2275 1163 2482 1229 ήκεστα
2512 1160 2726 1230 φορητά
2761 1161 3032 1230 φαίνεται,
3077 1162 3154 1226 ὡς
3195 1162 3264 1216 τά
3295 1164 3452 1216 πολλὰ
3479 1163 3668 1218 τοιαῦτα
3688 1168 3816 1230 αὐτοῖς

2272 1246 2732 1316 μεμελετηκόσιν·
2775 1249 2899 1302 οὐδὲ
2933 1250 3042 1322 γὰρ
3094 1249 3264 1314 οὕτως
3290 1261 3312 1290 ε
3361 1250 3522 1320 ήτῶν
3563 1254 3816 1322 πραγμάτων
3917 1315 3928 1336 .

2270 1333 2452 1402 φύσις,
2486 1333 2562 1396 ὡς
2588 1335 2622 1404 ή
2666 1331 2776 1386 τῶν
2821 1337 3140 1406 πασχόντων
3174 1337 3419 1402 διάθεσις,
3451 1337 3536 1390 καὶ
3560 1339 3726 1406 μεγάλα
3755 1340 3820 1390 καὶ

2271 1421 2443 1491 μικρά
2472 1424 2616 1474 ποιεῖ
2641 1421 2924 1489 φαίνεσθαι
2953 1423 3022 1477 τὰ
3059 1425 3279 1478 ἐπιόντα
3297 1427 3423 1496 ἡμῖν
3465 1425 3609 1478 κακά.
3649 1426 3731 1478 Καὶ
3759 1427 3819 1476 ἵνα

2271 1507 2346 1578 μὴ
2375 1508 2657 1580 πόρρωθεν
2701 1510 2895 1578 ἀγάγω
2934 1511 3003 1564 τὰ
3043 1512 3452 1584 παραδείγματα
3491 1513 3822 1583 ἐκατέρωντού-

2265 1609 2407 1657 των,
2440 1593 2546 1646 ἀπὸ
2591 1593 2699 1646 τῶν
2728 1595 3050 1665 συμϐάντων
3078 1599 3211 1668 ἡμῖν
3254 1597 3566 1667 διαλέξομαι.
3601 1597 3706 1648 Ἰδοῦ
3732 1597 3823 1664 γοῦν

2266 1681 2316 1734 οί
2345 1681 2444 1750 μὲν
2475 1683 2706 1748 πένητες
2751 1683 3004 1752 διέφυγον
3046 1685 3304 1748 ἅπαντες,
3351 1685 3440 1738 καὶ
3473 1687 3498 1738 6
3531 1685 3670 1755 δῆμος
3695 1683 3823 1752 ἀπήλ-

2265 1762 2462 1817 λακται
2497 1764 2590 1818 τοῦ
2623 1765 2896 1830 κινδύνου,
2931 1769 3025 1820 καὶ
3059 1768 3246 1832 ἀδείας
3277 1769 3586 1823 ἀπολαύουσι
3607 1767 3823 1836 καθαρᾶς⁸

2265 1852 2314 1902 οί
2337 1850 2394 1903 δέ
2419 1851 2490 1904 τά
2521 1853 2618 1921 τῆς
2649 1852 2858 1916 πόλεως
2893 1855 3230 1924 πράττοντες
3255 1857 3559 1926 πράγματα,
3585 1852 3825 1922 ἱπποτρόφοι

2267 1939 2364 1990 καὶ
2393 1937 2746 2006 ἀγωνοθέται,
2763 1940 2855 1992 καὶ
2878 1939 2944 1992 τά
2965 1941 3100 1996 ἄλλα
3119 1942 3582 2014 λειτουργήσαντες
3601 1941 3636 2004 ί,
3661 1935 3768 1994 οὗτοι
3783 1939 3825 1989 τὸ

2264 2025 2639 2098 δεσμωτήριον
2666 2028 2875 2082 οἰκοῦσι
2921 2027 3016 2082 νῦν
3041 2029 3134 2083 καὶ
3169 2031 3298 2102 περὶ
3329 2031 3433 2083 τῶν
3481 2029 3688 2100 ἐσχάτων
3707 2025 3826 2079 δεδοί-

2265 2128 2414 2178 κασι,
2445 2113 2540 2166 καὶ
2581 2112 2690 2166 τῶν
2732 2115 2904 2169 ἅπασι
2930 2115 3352 2188 τετολμημένων
3383 2116 3528 2170 αὐτοὶ¹
3556 2115 3640 2178 τάς
3663 2111 3830 2172 εὐθύνας

2265 2197 2560 2280 ὑπέχουσι,
2611 2199 2706 2253 καὶ
2761 2201 2911 2272 φόϐῳ
2969 2201 3174 2266 συζῶσι
3227 2203 3490 2274 διηνεκεῖ,
3547 2202 3630 2254 καὶ
3675 2200 3830 2252 nam"

2261 2284 2590 2357 ἀθλιώτερον
2611 2287 2806 2340 ἐκεῖνοι
2833 2288 3133 2344 διάκεινται
3163 2289 3282 2354 νῦν,
3295 2293 3355 2344 ού
3370 2290 3456 2344 διὰ
3475 2289 3530 2343 τὺ
3557 2285 3740 2359 μέγεθος
3757 2283 3832 2334 τῶν

2265 2372 2546 2436 κινδύνων,
2584 2373 2720 2429 ἀλλά
2759 2374 2849 2428 διὰ
2901 2376 2962 2430 τὸ
3005 2381 3186 2450 τρυφῇ
3241 2379 3332 2432 τὸν
3385 2375 3662 2450 ἔμπροσθεν
3693 2371 3834 2442 χρόνον

2265 2460 2638 2530 συνεζηκέναι.

2333 2546 2400 2617 β’.
2435 2547 2624 2602 Πολλοὶ
2648 2549 2778 2618 γοῦν
2812 2553 2942 2622 παρ’
2977 2552 3136 2622 ἡμῶν
3163 2551 3637 2622 παρακαλούμενοι,
3655 2549 3728 2600 καὶ
3747 2562 3833 2612 γεν⁴

2263 2634 2426 2698 ναίως
2453 2635 2638 2706 φέρειν
2657 2638 3146 2708 συμϐουλευόμενοι
3169 2641 3244 2693 τὰ
3265 2639 3432 2702 δεινὰ,
3453 2636 3590 2690 τοῦτο
3607 2632 3840 2700 aqua“

2261 2722 2412 2776 οὐδὲν
2441 2723 2694 2777 οὐδέποτε
2713 2725 2951 2779 τοιοῦτον
2979 2727 3422 2799 ἐμελετήσαμεν,
3443 2725 3554 2778 ούδέ
3577 2717 3842 2788 ἐπιστάμεθα

2262 2811 2484 2866 τοιαῦτα
2536 2813 2844 2882 φιλοσοφεῖν
2879 2829 2897 2845 ο
2941 2814 3030 2866 διά
3079 2813 3247 2868 τοῦτο
3299 2811 3494 2880 πολλῆς
3537 2807 3731 2878 δεόμεθα
3767 2803 3842 2870 τῆς

2261 2899 2682 2970 παρακλήσεως.
2717 2901 2934 2972 Ἔτεροι
2963 2899 3124 2956 πάλιν
3151 2899 3491 2971 νομίζουσιν,
3521 2899 3592 2950 ὅτι
3632 2895 3682 2946 τὸ
3713 2889 3846 2958 ὑγιαί-

2261 3003 2392 3052 νειν,
2443 2985 2597 3040 τοῦτό
2647 2987 2794 3040 ἐστιν
2849 2985 3020 3040 αῖτιον
3067 2985 3434 3058 ήδονῆς·σύκ
3473 2981 3670 3037 ἕστιδέ.
3701 2975 3844 3029 Πολλοὶ

2261 3071 2391 3140 γοῦν
2423 3069 2531 3124 τῶν
2563 3072 2914 3139 ὑγιαινόντων
2938 3073 3032 3126 καὶ
3061 3073 3224 3126 αὐτοὶ
3257 3071 3512 3144 μυριάκις
3533 3067 3727 3140 ηὔξαντο
3747 3065 3848 3115 ἀπιο-

2263 3159 2462 3224 θανεῖν,
2481 3159 2579 3222 τάς
2597 3161 2940 3231 ἐπαγομένας
2957 3162 3138 3224 αὐτοῖς
3153 3163 3264 3214 οὐκ
3289 3159 3589 3230 ἐνεγκόντες
3627 3149 3843 3221 ἐπηρείας·

2265 3247 2448 3299 Ἄλλοι
2504 3247 2667 3300 πάλιν
2719 3247 2780 3300 τὸ
2843 3249 3001 3318 δόξης
3052 3247 3362 3302 ἀπολαύειν
3389 3287 3402 3312 ,
3475 3245 3562 3300 καὶ
3607 3237 3847 3295 δυναστείας

2260 3333 2606 3404 ἐπειλῆφθαι,
2637 3333 2732 3387 καὶ
2753 3333 2956 3386 διέπειν
2983 3335 3157 3406 ἀρχάς
3204 3337 3302 3389 καὶ
3339 3333 3489 3405 παρά
3529 3327 3707 3384 πολλῶν
3736 3323 3849 3376 κολι-

2275 3418 2555 3482 κεύεσθαι,
2588 3419 2866 3490 διηνεκοῦς
2893 3423 3066 3490 χαρᾶς
3097 3421 3392 3492 ποιητικὸν
3425 3414 3558 3472 εἷναί
3586 3426 3748 3484 φασιν·
3778 3408 3849 3458 οὐκ

2259 3505 2374 3557 εστι
2414 3504 2472 3557 δι
2498 3505 2620 3557 ούδέ
2656 3504 2834 3558 τοῦτο.
2871 3506 2979 3558 Kal
3008 3505 3061 3556 τί
3092 3505 3357 3573 λέγωτάς
3383 3505 3544 3566 ἄλλας
3565 3501 3742 3571 ἀρχάςς
3765 3493 3849 3546 Κᾶν

2261 3591 2371 3664 γὰρ
2397 3593 2484 3644 ἐπ’
2511 3591 2678 3662 αὐτὴν
2699 3592 2988 3662 ἀναϐὦμεν
3005 3591 3082 3662 τῷ
3107 3591 3260 3666 λόγῳ
3289 3593 3389 3664 τὴν
3413 3591 3682 3662 βασιλείαν,
3699 3581 3849 3638 καὶτὶν

2259 3683 2317 3735 ἐν
2345 3681 2530 3751 ἐκείνῃ
2563 3677 2760 3742 ζῶντα,
2793 3678 3014 3742 πολλαῖς
3049 3680 3374 3753 εὑρήσομεν
3401 3669 3852 3750 περιεστοιχισμένον

2259 3769 2538 3840 ἀθυμίαις,
2572 3767 2668 3820 καὶ
2695 3765 2933 3838 τοσούτῳ
2974 3768 3196 3832 πλείους
3230 3769 3426 3839 ἔχοντα
3453 3767 3617 3834 λύπης
3645 3761 3848 3826 ἀνάγκας.

2254 3859 2364 3929 ὅσῳ
2403 3857 2497 3912 καὶ
2534 3856 2758 3927 μείζονα
2793 3855 3186 3928 περιϐέϐληται
3229 3857 3572 3928 πραγμάτων
3596 3854 3748 3921 δγκον.
3775 3845 3854 3898 Καὶ

2253 3947 2306 4000 τί
2346 3945 2453 4018 χρὴ
2479 3945 2660 4014 λέγειν
2689 3943 2960 4013 πολέμους
2999 3944 3094 3997 καὶ
3131 3944 3321 4015 μάχας
3357 3945 3450 3999 καὶ
3484 3943 3578 4004 τὰς
3622 3935 3747 4006 παρά
3775 3931 3853 3982 τῶν

2256 4033 2547 4105 βαρϐάρων
2581 4031 3011 4095 ἐπαναστάσεις;
3049 4031 3324 4095 πολλάκις
3367 4032 3562 4093 αὐτοὺς
3599 4027 3708 4087 τοὺς
3749 4019 3855 4073 Evt?”

2254 4119 2654 4192 στρεφομένους
2683 4118 2907 4172 δέδοικε.
2945 4119 3057 4172 Kal
3083 4119 3198 4190 γὰρ
3231 4119 3424 4172 πολλοὶ
3444 4117 3550 4170 τῶν
3571 4107 3856 4184 βασιλευσάνο

2249 4227 2358 4263 των
2395 4209 2493 4270 τὰς
2521 4206 2822 4276 πολεμικὰς
2841 4206 3200 4274 διαφυγόντες
3230 4209 3448 4277 χεῖρας,
3483 4205 3576 4267 τάς
3599 4201 3694 4255 τῶν
3717 4209 3856 4264 σωμσο

2249 4297 2572 4366 τοφυλάκων
2607 4294 2670 4348 ού
2705 4293 2959 4363 διέφυγον
3011 4293 3338 4358 ἐπιϐουλάς.
3398 4293 3658 4348 Τοσαῦται
3695 4285 3744 4338 δέ
3779 4283 3859 4372 τοῖς

2252 4383 2630 4453 βασιλεύουσιν
2673 4381 2915 4451 ἀθυμίας
2943 4380 3206 4447 ἀνάγκαι,
3272 4382 3380 4436 ὅσα
3433 4381 3501 4450 τῇ
3557 4373 3768 4440 θαλάττῃ
3811 4379 3858 4416 τι

2249 4471 2492 4541 κύματα.
2519 4470 2580 4522 Et
2609 4468 2666 4522 δέ
2707 4467 2954 4538 βασιλεία
2980 4469 3080 4521 οὐκ
3115 4467 3182 4522 ἂν
3227 4469 3446 4524 ἄλυπον
3477 4465 3742 4538 ἐργάσαιτο
3759 4455 3860 4525 βίον.

2247 4553 2302 4606 τί
2333 4553 2518 4620 ἐτερον
2545 4550 2834 4622 δυνήσεται
2865 4549 3214 4621 κατορθῶσαι.
3243 4551 3412 4606 τοῦτο
3435 4567 3450 4616 ;
3485 4549 3600 4602 Τῶν
3617 4545 3702 4634 μὲν
3725 4541 3862 4634 βιωξιο

2249 4639 2360 4693 κῶν
2391 4637 2544 4692 οὐδέν
2563 4654 2578 4668 ⁸
2617 4638 2679 4692 τὸ
2720 4638 2778 4692 δέ
2827 4637 3038 4692 Παύλου
3067 4639 3226 4710 ῥῆμα
3259 4640 3450 4711 μόνον,
3477 4639 3540 4692 τὸ
3562 4633 3864 4722 βραχὺῗτοῡτρ

2249 4729 2344 4782 καὶ
2385 4727 2562 4798 ψιλὸν,
2595 4727 2727 4782 αὐτὸ
2760 4729 2890 4799 ἡμῖν
2921 4727 3110 4783 τοῦτον
3149 4730 3368 4796 ἀνοίξει
3397 4729 3491 4782 τὸν
3521 4715 3860 4810 θησαυρόνχρίξ

2247 4813 2356 4885 γὰρ
2395 4813 2603 4867 πολλῶν
2634 4813 2716 4866 δεῖ
2733 4813 2927 4882 λόγων,
2963 4815 3082 4868 ούδέ
3114 4817 3350 4888 μακρᾶς
3379 4815 3485 4888 τῆς
3512 4811 3756 4884 περιδδ⁰⁰’

2245 4903 2340 4956 ἐὰν
2371 4901 2713 4972 ἐννοήσωμεν
2737 4901 2896 4971 μόνον
2920 4902 2982 4954 τὸ
3005 4887 3327 4972 εἰρημένον,
3361 4887 3660 4974 εὑρήσομεν
3673 4895 3756 4963 τὴν
3777 4887 3864 4940 ὁδὸν

2245 4991 2343 5061 τὴν
2361 4989 2630 5042 ἐπὶτοῦτο
2651 4988 2941 5058 φέρουσαν.
2961 4990 3096 5043 Οὐδὲ
3115 4989 3230 5062 γάρ
3257 4987 3422 5044 εἶπεν
3447 4989 3650 5052 ἀπλῶς,
3677 4979 3864 5068 Χαίρεξε

2245 5076 2522 5140 πάντοτε,
2571 5076 2706 5130 ἀλλά
2763 5073 3070 5149 προσέθηκε
3129 5078 3238 5149 τὴν
3279 5079 3472 5134 αἰτίαν
3505 5077 3604 5146 τῆς
3641 5073 3866 5140 διηνεκους

2245 5165 2455 5235 ἡδονῆς,
2475 5166 2714 5234 Χαίρετε
2737 5165 2807 5218 ἐν
2827 5165 3024 5234 Κυρίῳ
3051 5165 3346 5234 πάντοτε,
3377 5166 3552 5222 εἰπών
3568 5182 3580 5195 ·
3599 5165 3626 5218 6
3649 5163 3700 5215 ἐν
3721 5151 3872 5224 Κυρίῳ

2245 5259 2472 5323 χαίρων,
2514 5253 2690 5308 ούδενὶ
2731 5253 2842 5306 τῶν
2873 5255 3304 5324 συμπιπτόντων
3345 5257 3452 5326 τῆς
3503 5251 3686 5326 ἡδονῆς
3709 5243 3872 5334 “Emi;

2243 5341 2498 5393 ἐκπεσεῖν
2540 5339 2782 5394 δύναται.
2819 5340 2912 5393 -Τά
2961 5341 3060 5411 μὲν
3103 5341 3220 5414 γάρ
3271 5343 3418 5399 ἄλλα
3467 5343 3668 5405 πάντα,
3712 5331 3782 5402 ἐφ’
3811 5331 3876 5385 οἷς

2245 5427 2528 5498 χαίρομεν,
2554 5429 2764 5498 τρεπτά
2801 5427 2952 5500 [185]
2991 5430 3050 5482 τέ
3089 5433 3208 5484 ἐστι
3239 5433 3344 5486 καὶ
3375 5433 3771 5502 εύμετάπτωτα.
3803 5415 3874 5468 καὶ

2307 5530 2334 5570 ’ί
2357 5531 2450 5594 Alﬁ
2471 5533 2738 5594 τικτόμενα.
3104 5591 3119 5594 γ
3817 5581 3830 5594 ἢ

2300 5595 2318 5616 ⁸
2341 5591 2434 5641 Alii
2459 5591 2687 5656 φαίνεται,
2711 5595 2780 5656 τῷ
2813 5595 2964 5656 πολλὰ
2995 5591 3190 5643 τοιαῦτα
3235 5599 3510 5656 ἔμπροσθηρ
3535 5595 3698 5646 ηὖτῢῦἷ
3715 5591 3876 5646 μεμελε“

2243 5657 2448 5720 τηκέναι.
2477 5655 2557 5720 οὐ,
2571 5655 2661 5720 γάρ
2673 5655 2851 5720 οίᾷτως.Δ
2867 5655 2992 5704 Infra
3014 5657 3094 5720 alii
3115 5655 3292 5718 ἀγκγω
3309 5655 3366 5707 τὸ
3394 5661 3702 5720 παράδειγμα.

2310 5715 2328 5754 ί
2350 5717 2447 5766 Alii
2485 5717 2562 5764 καὶ
2583 5714 2662 5774 τάξ
2683 5714 2824 5770 ἄλλας
2841 5715 3118 5782 λειτουργίας
3133 5714 3580 5784 λειτουργήσαντες.
