4020 6216
245 383 335 437 181

245 502 499 567 pra-sentl
525 500 593 555 de
621 499 796 558 futura
833 502 1042 557 solliciti
1081 505 1187 558 sint
1218 503 1645 576 Quadragcsima,
1688 509 1825 563 mul-

242 603 436 659 tosquc
461 590 700 654 dicentes
743 592 940 656 audivi,
987 608 1048 648 se
1085 605 1204 663 post
1222 596 1409 664 jejunii
1451 597 1823 652 liberationem

244 695 353 735 non
383 683 584 736 sentire
612 681 936 751 voluptatem
967 699 1034 737 ex
1063 686 1376 740 remissione
1413 697 1632 756 propter
1659 687 1822 741 futuri

246 774 370 826 anni
400 773 828 827 sollicitudinem.
857 773 994 840 Quid
1026 774 1128 841 his,
1153 791 1354 844 quaeso,
1381 779 1547 847 magis
1567 793 1686 833 esse
1703 792 1827 846 pos-

243 875 326 920 set
353 864 730 934 pusillanime?
758 866 889 932 Qum
919 883 1045 921 vero
1073 868 1229 937 hujus
1269 870 1467 924 causa?
1494 869 1644 937 Quod
1666 869 1826 925 adve-

246 955 430 1010 niente
456 955 658 1024 jejunio
704 971 811 1010 non
854 958 1120 1027 quomodo
1149 961 1282 1014 bene
1317 959 1629 1030 disponatur
1652 961 1827 1015 anima

245 1047 574 1110 studt-amns,
623 1048 718 1104 sed
765 1049 816 1103 in
859 1049 971 1104 sola
1013 1051 1252 1106 ciborum
1297 1052 1613 1106 abstinentia
1654 1053 1825 1124 ipsum

246 1139 584 1193 definiamus.

316 1227 585 1297 Jejunium
629 1245 725 1296 quo
756 1239 900 1297 pacto
941 1230 1118 1299 prosit.
1149 1230 1419 1301 —Itaque
1449 1232 1491 1286 si
1521 1233 1742 1286 multum
1772 1232 1826 1286 in

245 1333 458 1372 morum
509 1321 840 1374 correctione
889 1320 956 1375 ab
1003 1323 1116 1388 ipso
1161 1322 1489 1378 lucraremur
1527 1365 1542 1392 ,
1592 1324 1826 1394 quotidie

248 1407 503 1479 jejunium
521 1408 708 1464 adesse
737 1420 1058 1479 optaremus,
1088 1428 1182 1481 per
1211 1415 1320 1482 ipsa
1343 1429 1499 1484 Opera
1527 1415 1643 1483 ejus
1667 1415 1830 1470 meri-

248 1509 425 1552 torum
450 1515 667 1554 sensum
695 1503 986 1570 capientes,
1016 1518 1114 1557 ncc
1141 1519 1385 1573 umquam
1418 1505 1582 1574 ipsius
1613 1505 1824 1560 deside-

246 1591 388 1642 rium
416 1589 748 1658 cjiceremus,
779 1607 1065 1661 numquam
1119 1593 1288 1663 ipsum
1321 1605 1700 1665 exspectantes
1729 1597 1825 1650 tri-

247 1691 365 1732 stes
384 1678 632 1733 ﬁcrcmus
656 1691 709 1734 et
737 1682 900 1734 anxii.
924 1682 1096 1737 Mente
1114 1685 1305 1753 quippe
1326 1683 1461 1739 bene
1489 1685 1823 1754 dispositum,

249 1779 304 1824 et
331 1769 523 1822 animae
557 1785 668 1823 suae
703 1785 881 1824 curam
911 1771 1191 1826 habentem
1234 1775 1370 1827 nulla
1399 1790 1488 1831 res
1514 1777 1828 1833 contristare

248 1861 465 1932 poterit,
507 1860 599 1915 sed
647 1862 690 1915 is
734 1877 862 1931 pura
905 1865 1258 1935 continuaque
1293 1865 1496 1924 fruetur
1534 1871 1822 1940 voluptate.

249 1951 403 2017 Quod
429 1950 530 2004 hoc
561 1952 630 2005 sit
657 1969 838 2005 verum
867 1994 882 2018 ,
916 1955 1072 2008 hodie
1100 1954 1321 2013 Paulum
1353 1961 1574 2014 audistis
1602 1976 1700 2015 nos
1728 1961 1824 2014 ad-

248 2051 557 2096 monentem
608 2051 661 2096 et
689 2043 950 2100 dicentem
978 2061 991 2098 :
1019 2043 1250 2122 “Gaudete
1287 2051 1340 2104 in
1372 2051 1588 2103 Domino
1611 2067 1824 2120 semper,

241 2134 572 2190 iterumdt'co
585 2133 795 2201 gaudete
817 2133 1072 2206 (Philipp.
1101 2136 1153 2194 4.
1187 2140 1264 2210 ι).
1293 2140 1500 2195 Scimus
1527 2141 1707 2195 multis
1752 2141 1830 2194 vi-

245 2229 366 2284 deri
389 2244 493 2284 non
524 2245 680 2299 posse
723 2228 838 2286 fieri
853 2232 1209 2305 quoddictum
1241 2241 1344 2287 est.
1375 2233 1651 2300 Quomodo
1673 2249 1826 2287 nam-

248 2338 360 2393 que
405 2323 516 2376 tieri
565 2332 758 2392 potest,
791 2323 978 2394 inquit,
1026 2333 1082 2378 ut
1123 2325 1209 2394 qui
1253 2324 1412 2378 homo
1463 2333 1564 2390 est,
1618 2342 1829 2396 semper

248 2413 521 2482 gaudeat?
563 2413 808 2469 Gaudere
855 2430 1082 2484 namque
1129 2431 1233 2469 non
1276 2415 1514 2482 difficile,
1571 2427 1829 2486 perpetuo

246 2511 430 2557 autem
459 2504 710 2573 gaudere,
741 2505 1069 2572 impossibile
1119 2505 1246 2559 mihi
1275 2521 1393 2560 esse
1434 2507 1661 2574 videtur,
1689 2507 1828 2563 dicet

246 2595 480 2651 fortasse
507 2597 696 2666 aliquis
730 2612 748 2650 :
777 2597 957 2652 inultae
983 2598 1121 2652 enim
1148 2613 1246 2652 nos
1276 2599 1499 2652 tristitia:
1527 2599 1828 2653 necess:irio

243 2689 689 2741 circumcursant.
714 2687 808 2742 Vel
838 2689 980 2742 enim
1009 2688 1175 2742 filium
1206 2689 1322 2757 quis
1361 2690 1559 2755 amisit,
1585 2690 1667 2742 vel
1695 2705 1826 2744 uxo-

244 2793 390 2843 rem,
435 2777 515 2831 vel
554 2777 782 2832 amicum
812 2778 1078 2832 sincerum
1109 2828 1123 2845 ,
1150 2781 1316 2848 magis
1352 2795 1506 2848 quam
1536 2767 1671 2834 ullus
1696 2794 1826 2834 ροη-

243 2869 576 2938 sanguineus
617 2869 996 2937 necessarium,
1038 2871 1121 2923 vel
1170 2873 1510 2940 pecuniarum
1563 2872 1825 2940 jacturam

243 2959 400 3025 fecit,
431 2959 513 3013 vel
561 2960 613 3013 in
645 2959 1008 3029 :rgritudinem
1041 2962 1243 3026 incidit,
1285 2963 1364 3016 vel
1389 2963 1609 3016 aliarum
1649 2979 1826 3016 rerum

248 3051 512 3106 sustinuit
551 3050 822 3117 damnum,
874 3051 954 3106 vel
997 3062 1192 3121 praeter
1220 3053 1529 3122 dignitatem
1555 3063 1830 3110 contume-

245 3141 381 3194 liam
414 3154 598 3209 passus
630 3139 889 3194 indoluit:
915 3143 996 3196 vel
1025 3141 1191 3198 fames
1214 3184 1229 3209 ,
1259 3143 1340 3198 vel
1372 3145 1554 3214 pestis,
1599 3145 1684 3199 vel
1704 3161 1828 3200 exa-

244 3232 362 3287 ctio
377 3246 494 3301 qtue
514 3230 636 3286 ferri
654 3247 756 3286 non
779 3240 971 3301 potest,
989 3233 1070 3288 vel
1090 3232 1362 3288 familiaria
1393 3235 1599 3305 negotia
1629 3253 1642 3289 :
1667 3237 1826 3305 quin-

245 3324 365 3377 imo
398 3338 681 3391 numquam
727 3325 902 3375 omnia
925 3339 1202 3378 recensere
1233 3339 1528 3392 possemus.
1559 3341 1827 3394 quaecum-

256 3431 373 3486 que
400 3427 454 3471 et
473 3427 724 3486 privatim
749 3426 803 3472 et
826 3417 1041 3488 publice
1066 3433 1166 3475 nos
1195 3434 1430 3475 maerore
1454 3419 1669 3475 afﬁcere
1693 3433 1827 3475 con-

259 3504 868 3573 sueveruntﬂuomodo
899 3509 1084 3579 igitur,
1124 3509 1320 3580 inquit,
1343 3510 1598 3580 possibile
1615 3524 1830 3579 semper

256 3599 536 3668 gaudere?
568 3599 835 3656 Possibile
862 3601 1178 3669 admodum,
1209 3619 1244 3656 o
1272 3602 1472 3656 homo:
1499 3612 1554 3657 et
1574 3603 1618 3658 si
1648 3602 1828 3672 possi-

256 3689 372 3741 bile
395 3703 502 3742 non
528 3701 690 3754 esset,
722 3705 828 3744 non
854 3689 1226 3746 admonuisset
1252 3691 1474 3754 Paulus,
1503 3706 1600 3746 nec
1629 3707 1830 3746 consu-

255 3776 480 3842 luisset,
498 3792 620 3831 cum
646 3777 808 3831 homo
826 3777 1094 3847 spirituali
1108 3789 1251 3834 esset
1270 3780 1527 3849 praeditus
1543 3760 1828 3850 sapientia.

254 3865 476 3921 Idcirco
502 3866 817 3937 frequenter
842 3870 946 3924 hoc
973 3872 1129 3925 vobis
1157 3870 1402 3926 dicebam
1437 3881 1490 3926 et
1513 3871 1693 3926 dicere
1721 3887 1830 3926 non

255 3959 507 4014 desinam
530 3978 543 4013 :
568 3976 688 4030 quae
708 3961 1017 4016 nullatenus
1034 3962 1102 4015 ab
1123 3962 1228 4016 alio
1249 3977 1521 4031 quoquam
1546 3961 1679 4016 disci
1701 3976 1830 4032 pos-

257 4058 416 4113 sunt,
448 4049 562 4104 haec
598 4051 753 4107 vobis
791 4053 915 4106 licet
945 4053 1033 4107 hic
1063 4053 1454 4122 philosophari.
1491 4051 1830 4127 Voluptatem

257 4143 411 4196 enim
437 4153 705 4211 quaerunt,
722 4153 776 4198 et
798 4144 1033 4212 gaudere
1059 4144 1283 4213 cupiunt
1308 4158 1517 4210 omnes,
1540 4153 1593 4198 et
1613 4154 1832 4213 propter

257 4233 373 4286 hoc
401 4233 586 4286 omnia
618 4231 824 4288 faciunt
848 4242 902 4288 et
931 4233 1121 4288 dicunt
1147 4245 1201 4288 et
1222 4234 1586 4303 negotiantur.
1619 4234 1832 4288 Etenim

259 4333 540 4379 mercator
568 4325 687 4380 ideo
717 4325 954 4396 navigat,
976 4333 1036 4380 ut
1066 4325 1326 4396 pecunias
1351 4333 1642 4396 congreget
1661 4341 1676 4390 ;
1698 4341 1831 4380 con-

250 4427 438 4487 gregat
459 4427 631 4470 autem
660 4419 928 4486 pecunias,
960 4426 1014 4470 ut
1039 4417 1236 4471 habens
1276 4416 1537 4486 repositas
1565 4413 1828 4486 gaudeat:

251 4520 308 4564 et
333 4510 424 4577 qui
471 4509 680 4573 militat,
724 4507 845 4562 ideo
885 4509 1096 4571 militat,
1131 4515 1186 4562 et
1220 4508 1448 4576 agricola
1477 4505 1596 4560 ideo
1625 4492 1828 4560 terram

250 4599 404 4663 colit,
437 4608 491 4652 et
534 4608 703 4653 artem
739 4599 962 4668 quisque
1004 4613 1153 4652 suam
1191 4609 1470 4666 propterea
1518 4604 1746 4650 tractat:
1775 4605 1831 4650 et

250 4690 635 4745 dominationis
662 4689 835 4757 cupidi
869 4688 986 4742 ideo
1009 4689 1248 4758 cupiunt,
1273 4695 1329 4741 ut
1358 4687 1520 4756 gloria
1549 4686 1826 4750 fruantur;

249 4781 425 4853 gloria
464 4795 588 4836 vero
651 4780 751 4834 frui
795 4781 998 4846 volunt,
1031 4788 1088 4833 ut
1110 4778 1376 4848 gaudeant
1408 4795 1420 4830 :
1461 4785 1515 4832 et
1562 4779 1828 4846 negotium

250 4875 511 4946 quodque
550 4874 616 4929 ad
664 4875 804 4928 hunc
833 4873 990 4926 finem
1023 4871 1175 4925 nobis
1205 4869 1420 4924 tendere
1457 4875 1576 4938 quis
1600 4868 1828 4923 viderit:

249 4978 308 5024 et
340 4967 406 5020 ad
437 4966 577 5020 hunc
615 4967 835 5035 quisque
866 4963 1175 5032 respiciens.
1207 4977 1302 5032 per
1347 4960 1508 5015 multa
1550 4961 1720 5016 media
1765 4961 1832 5018 aJ

251 5061 432 5128 ipsum
457 5057 531 5112 ire
560 5055 789 5110 festinat.

331 5147 532 5202 υἱυίιὴε
574 5147 795 5201 tentiam
823 5163 922 5200 non
950 5145 1172 5214 pariunt.
1217 5175 1292 5184 —
1334 5143 1591 5200 Laetitiam
1617 5143 1833 5214 quippe,

250 5240 402 5312 quod
447 5239 600 5307 dixi,
644 5248 822 5294 amant
850 5253 1057 5304 omnes,
1096 5237 1304 5308 assequi
1345 5252 1472 5291 vero
1518 5251 1622 5290 non
1649 5251 1835 5292 omnes

251 5341 536 5405 possunt:
582 5333 822 5386 nesciunt
854 5331 996 5386 enim
1045 5331 1183 5383 viam
1225 5344 1292 5385 eo
1338 5328 1640 5384 tendentem
1683 5343 1699 5394 ;
1741 5328 1835 5382 sed

254 5425 416 5480 multi
449 5433 634 5493 putant
660 5423 800 5494 quod
827 5421 1027 5477 divitiis
1055 5420 1273 5475 afﬂuere
1297 5419 1455 5489 hujus
1483 5419 1554 5474 sit
1574 5433 1753 5473 causa.
1776 5419 1833 5474 Si

256 5520 382 5572 haec
429 5525 610 5570 autem
639 5529 796 5569 causa
840 5513 1045 5574 fuisset,
1078 5527 1233 5566 nemo
1263 5513 1513 5580 pecunias
1558 5510 1836 5580 possiden-

262 5607 398 5660 t'um
450 5621 695 5676 umquam
724 5606 911 5660 fuisset
944 5604 1128 5659 dolore
1164 5617 1410 5673 pressus;
1442 5617 1582 5656 nunc
1605 5617 1730 5656 vero
1758 5601 1840 5656 di-

262 5701 433 5753 vitum
463 5698 613 5751 multi
640 5698 798 5750 vitam
840 5711 946 5750 non
982 5696 1195 5749 vitalem
1229 5708 1348 5748 esse
1372 5701 1575 5763 putant,
1601 5701 1655 5748 et
1680 5694 1837 5747 innu-

263 5803 446 5844 meras
490 5798 690 5845 mortes
712 5796 984 5859 exoptant,
1031 5801 1154 5842 cum
1193 5785 1421 5855 aliquam
1463 5782 1835 5840 adversitatcm

1159 393 1250 446 AD
1290 393 1606 450 POPULUM
1646 391 2131 450 ANTIOCIIENUM
2195 394 2423 450 HOMIL.
2455 393 2640 452 XVIII.

3401 402 3496 458 I82

1936 505 2220 573 senserint,
2252 514 2306 560 et
2341 506 2396 560 hi
2435 505 2662 561 maxime
2713 505 2948 560 omnium
2995 505 3194 561 dolent.
3243 506 3320 563 Ne
3373 510 3503 564 mihi

1932 595 2127 664 quippe
2172 609 2385 649 mensas
2416 595 2648 664 ipsorum
2679 595 2990 662 respexeris,
3016 609 3112 649 nec
3151 606 3505 652 assentatores

1932 691 1986 738 et
2028 683 2308 752 parasitos,
2342 684 2436 738 sed
2468 698 2552 737 res
2590 698 2654 737 ex
2689 683 2818 752 ipsis
2853 682 3106 749 orientcs,
3138 683 3504 740 infestationes

1932 786 1986 830 et
2013 776 2321 841 calumnias,
2350 775 2607 846 pericula,
2642 775 2960 839 anxietates,
2989 782 3043 828 et
3067 773 3208 842 quod
3236 773 3322 828 his
3353 773 3507 845 longe

1932 866 2207 919 molestius
2237 873 2336 929 est,
2369 865 2509 933 quod
2548 864 2972 935 imprmmeditati
3019 863 3085 918 ad
3133 863 3232 920 has
3266 864 3501 920 devoluti

1931 957 2275 1020 mutationes,
2307 955 2668 1027 philosophari
2700 956 2959 1019 nesciant,
2983 963 3038 1009 et
3061 969 3215 1010 casus
3246 970 3505 1022 generoso

1931 1046 2089 1101 ferre.
2115 1046 2238 1101 Ideo
2260 1062 2364 1102 non
2391 1062 2451 1102 ea
2470 1047 2719 1101 videntur
2743 1047 2872 1116 ipsis
2897 1047 3102 1116 gravia,
3125 1063 3244 1116 quas
3275 1047 3398 1102 talia
3412 1063 3503 1117 per

1929 1150 2171 1196 naturam
2213 1151 2356 1207 sunt,
2390 1156 2572 1196 verum
2597 1150 2649 1194 et
2677 1140 2811 1194 levia
2843 1140 2971 1209 ipsis
3001 1140 3353 1194 intolerabilia
3383 1154 3504 1194 essu

1927 1233 2222 1288 videntur:
2266 1234 2402 1286 sicut
2434 1232 2668 1286 vicissim
2717 1231 2769 1284 in
2816 1231 3133 1300 pauperibus
3175 1233 3500 1286 contrarium

1927 1323 2145 1389 accidit;
2174 1332 2225 1377 et
2263 1323 2348 1377 illa
2395 1323 2604 1377 tolerari
2646 1337 2800 1392 posse
2825 1323 3067 1376 videntur
3096 1337 3213 1391 qum
3251 1323 3505 1377 intolera-

1927 1413 2050 1467 bilia
2077 1423 2235 1468 sunt:
2266 1415 2461 1482 quippe
2485 1413 2570 1482 qui
2601 1413 2760 1466 multa
2794 1413 2915 1466 talia
2947 1412 3092 1481 prius
3137 1412 3374 1466 meditati
3395 1413 3504 1467 fue—

1928 1504 2053 1557 rint.
2095 1504 2206 1558 Non
2235 1504 2373 1558 enim
2407 1516 2509 1557 tam
2538 1520 2714 1558 rerum
2746 1513 2952 1569 natura,
2984 1519 3140 1573 quam
3183 1505 3493 1573 patientium

1928 1593 2225 1662 dispositio,
2273 1608 2458 1662 magna
2486 1594 2583 1649 vel
2602 1608 2760 1662 parva
2784 1593 2951 1647 videri
2992 1591 3117 1647 facit
3143 1593 3500 1648 incumbenlia

1929 1681 2083 1737 nobis
2123 1683 2284 1736 mala.
2319 1683 2387 1736 Et
2413 1698 2478 1736 ne
2506 1682 2692 1736 horum
2723 1683 2963 1750 exempla
2992 1682 3267 1737 amborum
3295 1681 3505 1753 longius

1929 1788 2220 1839 accersam,
2257 1773 2326 1828 de
2379 1774 2442 1828 iis
2488 1789 2605 1843 qua:
2658 1772 2811 1826 nobis
2849 1773 3172 1837 acciderunt,
3224 1772 3504 1829 disseram.

1930 1867 2068 1921 Ecce
2115 1866 2256 1920 enim
2298 1880 2557 1934 pauperes
2592 1864 2805 1934 quidem
2855 1878 3042 1918 omnes
3071 1873 3374 1926 evaserunt,
3407 1878 3506 1932 po-

1935 1958 2091 2027 pulus
2129 1957 2363 2026 periculo
2408 1957 2660 2011 liberatus
2693 1964 2793 2021 est,
2825 1964 2880 2010 et
2919 1971 3046 2024 pura
3075 1956 3274 2026 potitur
3301 1955 3508 2010 securi-

1933 2056 2080 2100 tate:
2124 2047 2210 2115 qui
2255 2056 2432 2100 autem
2475 2045 2858 2115 rempublicam
2891 2046 3208 2109 tractabant,
3243 2053 3299 2099 et
3338 2059 3506 2113 equos

1933 2138 2076 2192 domi
2125 2136 2359 2201 alebant,
2403 2135 2582 2188 bravia
2618 2136 2668 2188 in
2707 2134 3089 2188 certaminibus
3114 2132 3500 2202 proponebant,

1929 2237 1981 2282 et
2009 2229 2109 2282 alia
2137 2227 2599 2292 administrabant,
2632 2226 2729 2296 ipsi
2765 2240 3038 2280 carcerem
3072 2241 3211 2280 nunc
3239 2225 3504 2290 habitant,

1929 2320 1995 2375 de
2029 2321 2278 2374 extremis
2309 2320 2515 2383 timent,
2556 2326 2609 2372 et
2649 2319 2716 2372 ab
2754 2317 2999 2372 omnibus
3048 2324 3372 2385 patratorum
3399 2317 3501 2372 soli

1931 2410 2061 2464 dant
2083 2423 2286 2479 pmnas,
2318 2418 2370 2462 et
2400 2409 2451 2461 in
2473 2408 2726 2463 continuo
2756 2415 2897 2461 metu
2921 2406 3121 2469 vivunt,
3155 2406 3509 2475 omnibusque

1931 2516 2071 2555 nunc
2101 2500 2406 2556 miseriores
2440 2507 2581 2564 sunt,
2615 2513 2717 2552 non
2756 2505 2969 2567 propter
3000 2494 3354 2565 periculorum
3386 2511 3500 2549 ma-

1931 2591 2285 2662 gnitudinem,
2327 2590 2422 2645 sed
2466 2590 2587 2660 quia
2626 2587 2950 2659 praeteritum
2979 2594 3185 2655 tempus
3215 2585 3268 2639 in
3297 2584 3503 2641 deliciis

1929 2690 2168 2751 egerunt.

1998 2771 2055 2826 2.
2095 2771 2238 2825 Multi
2277 2785 2505 2839 namque
2525 2785 2645 2824 cum
2675 2782 2768 2823 eos
2797 2767 3133 2822 hortarentur
3161 2773 3215 2820 et
3263 2779 3506 2821 monere-

1931 2875 2070 2923 mus,
2093 2869 2154 2914 ut
2179 2875 2438 2930 generose
2471 2872 2559 2914 res
2581 2858 2829 2912 adversas
2850 2856 3074 2922 ferrent,
3101 2858 3348 2914 dicebant
3376 2879 3390 2914 :
3421 2856 3506 2911 Nil

1930 2969 2177 3022 umquam
2221 2953 2325 3007 tale
2356 2951 2596 3006 meditati
2626 2965 2830 3015 sumus,
2856 2965 2954 3004 nec
2985 2950 3106 3004 talia
3145 2947 3508 3020 philosophari

1931 3045 2211 3099 novimus:
2253 3053 2530 3113 prepterea
2573 3057 2761 3111 magna
2791 3041 3088 3110 indigemus
3119 3041 3508 3097 consolatione.

1929 3136 2031 3190 Alii
2075 3151 2282 3190 rursum
2331 3142 2517 3206 putant
2556 3133 2747 3188 bonam
2791 3133 3146 3189 veletudiucm
3192 3147 3312 3188 esse
3352 3132 3509 3188 volu-

1929 3227 2088 3296 ptatis
2114 3240 2367 3290 causam;
2406 3239 2510 3278 non
2554 3233 2634 3280 est
2672 3232 2846 3278 autem
2877 3241 2891 3278 :
2925 3223 3072 3278 multi
3118 3239 3346 3293 namque
3370 3223 3510 3278 bene

1930 3315 2162 3371 valentes
2185 3357 2200 3382 ,
2229 3325 2283 3371 et
2307 3315 2405 3386 ipsi
2443 3315 2636 3369 millies
2665 3315 2798 3368 mori
2834 3323 3184 3385 Optaverunt,
3216 3315 3386 3369 illatas
3410 3313 3511 3369 sibi

1931 3422 2034 3462 non
2063 3407 2291 3462 ferentes
2318 3407 2557 3478 injurias.
2582 3406 2685 3460 Alii
2708 3421 2916 3460 rursum
2943 3405 3108 3475 gloria
3139 3404 3314 3474 potiri,
3341 3413 3396 3458 et
3421 3403 3512 3456 im-

1929 3501 2077 3569 perio
2103 3499 2406 3570 insignitum
2433 3513 2570 3562 esse,
2597 3506 2651 3552 et
2676 3497 3010 3567 magistratus
3035 3495 3427 3556 administrare,
3454 3501 3510 3547 et

1928 3605 1956 3642 a
1997 3590 2178 3644 multis
2216 3587 2606 3643 adulationibus
2636 3586 2964 3650 demulceri,
3005 3594 3274 3654 perpetuae
3311 3582 3511 3638 Irelitite

1927 3697 2138 3736 causam
2161 3696 2278 3736 esse
2305 3679 2517 3743 dicunt;
2545 3676 2637 3732 sed
2666 3692 2761 3731 nec
2792 3674 2929 3728 istud
2953 3683 3056 3729 est.
3087 3676 3150 3728 Et
3171 3674 3296 3744 quid
3319 3674 3507 3742 loquor

1927 3771 1992 3827 de
2015 3773 2132 3826 aliis
2161 3768 2590 3840 magistratibus?
2619 3765 2732 3821 Etsi
2761 3765 2904 3821 enim
2929 3764 2994 3818 ad
3028 3763 3200 3832 ipsum
3227 3762 3508 3832 imperium

1929 3869 2106 3917 mente
2147 3859 2527 3925 ascendamus,
2570 3857 2624 3911 in
2667 3857 2758 3911 illo
2792 3869 3007 3924 quoque
3039 3853 3304 3908 viventem
3331 3851 3513 3906 multis

1927 3954 2345 4010 circumventum
2374 3950 2632 4005 molestiis
2668 3947 2997 4003 inveniemus
3026 3962 3042 4001 :
3071 3954 3127 4001 et
3161 3952 3304 3999 tanto
3334 3943 3513 4013 plures

1931 4047 2156 4102 tristitia:
2176 4044 2519 4100 necessitates
2539 4041 2842 4105 habentem,
2865 4046 3064 4108 quanto
3085 4036 3285 4107 majore
3301 4048 3514 4105 quoque

1929 4155 2105 4194 rerum
2132 4137 2268 4191 fastu
2295 4134 2654 4189 circumdatus
2687 4141 2790 4187 est.
2831 4131 2898 4185 Et
2936 4129 3059 4200 quid
3102 4143 3236 4197 opus
3276 4136 3331 4182 et
3372 4125 3509 4180 bella

1933 4242 2236 4300 pugnasque
2270 4237 2725 4288 commemorare,
2769 4227 2820 4276 et
2860 4219 3204 4274 barbarorum
3242 4215 3510 4270 insultus?

1932 4325 2074 4392 ipsos
2099 4335 2241 4389 sarpe
2267 4318 2450 4384 timet,
2479 4317 2567 4386 qui
2593 4329 2772 4370 secum
2800 4311 2941 4366 domi
2978 4316 3388 4368 conversantur,
3412 4305 3509 4360 Et-

1932 4413 2072 4467 enim
2109 4425 2289 4480 regum
2331 4407 2477 4462 multi
2518 4403 2796 4460 hostilibus
2829 4400 2993 4470 elapsi
3022 4397 3264 4452 manibus
3284 4438 3299 4462 ,
3327 4411 3514 4467 corpo-

1932 4503 2006 4557 ris
2049 4502 2128 4556 sui
2166 4499 2443 4554 custodum
2482 4495 2697 4551 insidias
2736 4509 2844 4546 non
2884 4491 3197 4560 effugerunt.
3239 4487 3343 4542 Tot
3382 4500 3512 4540 vero

1933 4594 2146 4663 regibus
2174 4591 2401 4646 triStitia:
2433 4587 2775 4641 necessitates
2814 4591 2972 4646 sunt,
2997 4588 3125 4650 quot
3164 4577 3294 4633 mari
3333 4575 3510 4629 unde.

1933 4684 2066 4738 Cum
2106 4683 2262 4752 igitur
2293 4694 2393 4734 nec
2429 4692 2648 4747 regnum
2687 4675 2845 4728 vitam
2886 4673 3000 4726 sine
3039 4667 3248 4724 tristitia
3292 4665 3515 4720 reddere

1937 4773 2099 4844 possit
2117 4813 2132 4838 ,
2159 4770 2284 4841 quid
2308 4769 2446 4824 aliud
2474 4769 2574 4821 hoc
2605 4776 2858 4836 prtestare
2897 4762 3130 4834 poterit?
3155 4759 3518 4813 Humanarum

1936 4865 2147 4936 quidem
2187 4864 2352 4926 nihil,
2395 4860 2487 4915 sed
2525 4859 2696 4914 solum
2736 4857 2883 4912 Pauli
2923 4856 3083 4911 breve
3123 4849 3260 4907 istud
3293 4857 3347 4904 et
3374 4846 3518 4902 cxilc

1937 4959 2156 5015 verbum
2201 4956 2354 5011 nobis
2400 4954 2542 5008 hunc
2585 4951 2788 5020 aperiet
2836 4949 3162 5004 thesaurum.
3211 4941 3327 4996 Non
3369 4939 3521 5012 enim,

1940 5053 2120 5108 multis
2149 5065 2280 5120 opus
2307 5057 2389 5103 est
2414 5045 2748 5100 sermonibus
2767 5082 2781 5104 ,
2811 5057 2910 5096 nec
2945 5039 3104 5106 longo
3129 5032 3384 5088 circuitu:
3420 5025 3520 5082 sed

1940 5146 1984 5198 si
2030 5144 2198 5198 solum
2239 5142 2436 5195 dictum
2482 5137 2772 5206 cogitemus
2797 5175 2812 5198 ,
2843 5133 2982 5185 viam
3017 5128 3082 5183 ad
3121 5127 3222 5179 hoc
3257 5124 3522 5180 ferentem

1942 5233 2270 5289 inveniemus
2312 5248 2324 5283 :
2370 5244 2466 5284 nec
2516 5226 2657 5281 enim
2706 5221 3016 5293 simpliciter
3055 5216 3188 5271 dixit
3225 5231 3240 5268 :
3279 5210 3520 5268 Gaudete

1944 5338 2175 5393 semper.
2197 5319 2291 5376 sed
2319 5318 2520 5374 addidit
2543 5316 2808 5370 continuae
2833 5307 3116 5378 voluptatis
3135 5318 3370 5393 causam,
3391 5316 3516 5393 cum

1941 5390 2076 5471 dixit
2105 5432 2117 5467 :
2147 5412 2373 5468 Gaudete
2408 5411 2460 5464 in
2499 5406 2717 5462 Domino
2740 5417 2933 5472 semper
2964 5397 3226 5470 (Philipp.
3259 5393 3311 5448 4.
3341 5391 3430 5457 4).
3463 5390 3518 5444 In

1947 5509 2172 5564 Domino
2211 5503 2444 5576 gaudens
2469 5541 2482 5562 ,
2525 5514 2588 5552 ex
2630 5494 2903 5550 accidente
2937 5489 3079 5544 nullo
3115 5486 3385 5553 voluptate
3423 5481 3520 5576 hac

1945 5599 2187 5656 excidere
2213 5569 2402 5667 potest.
2426 5590 2540 5646 Alia
2569 5601 2760 5655 nempe
2789 5592 2995 5646 cuncta,
3027 5581 3080 5635 in
3102 5577 3294 5650 quibus
3320 5569 3519 5639 gaude-

1945 5707 2062 5745 mus
2082 5729 2097 5754 ,
2130 5685 2397 5741 mutabilia
2427 5689 2585 5745 sunt,
2614 5675 2864 5732 volubilia
2886 5713 2902 5739 ,
2926 5681 2980 5728 et
3009 5670 3160 5725 facile
3199 5669 3470 5754 vertuntur
3502 5672 3521 5712 :

1948 5796 2046 5837 nec
2075 5750 2177 5836 hoc
2201 5778 2372 5834 solum
2398 5773 2596 5829 habent
2624 5770 2928 5830 moleStum,
2952 5761 3046 5818 sed
3073 5760 3232 5815 etiam
3255 5750 3396 5822 quod
3417 5761 3527 5803 ma-
