4020 6216
520 310 621 366 185

519 424 696 479 nentia
734 436 839 477 non
875 430 1067 476 tantam
1108 419 1258 474 nobis
1285 418 1513 474 aﬂ'erunt
1540 417 1891 486 voluptatem,
1922 425 1975 468 ut
2014 429 2077 467 ex

521 514 638 566 aliis
684 519 991 566 nascentem
1035 510 1297 563 tristitiam
1339 508 1599 576 repellant
1633 516 1685 560 et
1722 505 2035 559 obumbrent
2067 520 2082 555 :

524 600 617 655 Dei
644 614 771 654 vero
800 600 956 652 timor
980 597 1094 652 haec
1118 597 1274 650 habet
1301 606 1540 665 utraque,
1568 595 1769 650 stabilis
1792 602 1872 647 est
1901 594 2087 645 immo-

524 700 730 757 tusque,
762 698 809 742 et
839 696 1036 742 tantam
1061 688 1251 742 emittit
1276 687 1527 751 laetitiam,
1553 694 1609 739 ut
1637 684 1808 737 nullus
1834 698 1929 736 nos
1955 681 2089 735 alio-

524 793 638 831 rum
676 792 862 831 sensus
904 776 1161 830 malorum
1202 776 1392 843 capiat.
1421 775 1518 840 Qui
1544 775 1709 827 Deum
1750 772 1922 835 enim,
1954 772 2088 826 sicut

523 875 736 935 oportet
754 905 770 932 ,
800 867 947 920 timet
974 875 1025 919 et
1052 866 1103 919 in
1131 866 1244 934 ipso
1270 864 1519 927 conﬁdit,
1551 863 1830 931 voluptatis
1856 861 2085 914 radice-in

528 957 759 1009 lucratus
780 965 880 1019 est,
905 965 957 1010 et
979 971 1185 1010 omnem
1214 955 1372 1008 habet
1396 953 1588 1007 lmtitize
1616 951 1812 1006 fontem
1842 970 1853 1005 :
1878 960 1928 1005 et
1953 950 2089 1003 sicut

528 1044 577 1097 in
626 1059 769 1099 mare
811 1045 1060 1098 decidens
1105 1043 1421 1098 immensum
1467 1042 1691 1096 scintilla
1734 1056 1893 1111 parva
1940 1040 2088 1093 facile

525 1131 728 1185 deletur
758 1151 769 1185 :
800 1134 877 1186 sic
914 1142 1334 1202 quantacumque
1378 1132 1539 1185 Deum
1576 1130 1780 1185 timenti
1822 1129 2085 1191 incidant,

526 1222 668 1274 velut
692 1221 743 1273 in
765 1229 967 1274 vastum
996 1222 1187 1276 laetitiae
1213 1222 1429 1290 pelagus
1455 1220 1734 1274 incidentia
1760 1220 2092 1286 exstinguun-

527 1317 611 1363 tur
634 1319 789 1379 atque
819 1311 1124 1379 perduntur.
1156 1311 1220 1364 Et
1248 1326 1432 1365 revera
1458 1310 1559 1364 hoc
1580 1318 1661 1363 est
1684 1310 1909 1363 maxime
1934 1308 2094 1361 mira-

526 1396 632 1452 bile
654 1438 671 1465 ,
713 1400 850 1469 quod
894 1416 1013 1454 eum
1043 1401 1215 1455 adsint
1252 1416 1367 1470 qua:
1404 1401 1717 1454 contristare
1749 1400 1951 1465 solent,
1981 1400 2092 1467 ipse

524 1486 759 1555 gaudens
785 1496 1110 1556 permaneat.
1138 1489 1191 1542 Si
1219 1488 1349 1542 nihil
1378 1489 1518 1543 enim
1557 1489 1706 1547 triste
1731 1487 1957 1553 adesset,
1986 1503 2089 1541 non

531 1585 674 1631 esset
716 1576 813 1646 ipsi
860 1593 1107 1648 magnum
1150 1593 1360 1647 semper
1408 1593 1561 1647 posse
1609 1578 1874 1647 gaudere;
1916 1578 2093 1631 multis

530 1674 706 1722 autem
744 1667 1164 1722 incumbentibus
1187 1709 1202 1733 ,
1238 1682 1355 1736 qua:
1392 1667 1445 1721 in
1484 1667 1745 1720 tristitiam
1783 1667 2090 1735 impellant,

528 1756 773 1809 omnibus
794 1772 915 1811 esse
934 1758 1259 1825 superiorem
1281 1768 1335 1811 et
1360 1757 1412 1810 in
1434 1756 1620 1811 mediis
1649 1757 1884 1811 tristibus
1903 1758 2089 1822 lzetari,

529 1847 631 1901 hoc
659 1856 739 1902 est
764 1847 1093 1903 admirabile.
1130 1849 1197 1902 Et
1233 1848 1367 1902 sicut
1398 1856 1504 1901 tres
1537 1861 1729 1916 pueros
1764 1863 1868 1901 non
1902 1847 2095 1902 arsisse

528 1940 810 1994 miraretur
851 1955 1006 1994 nemo
1032 1980 1045 2006 ,
1088 1940 1134 1994 si
1177 1940 1357 2009 procul
1397 1954 1425 1992 a
1471 1938 1783 2009 Babylonica
1827 1939 2096 1993 stetissent

529 2027 742 2084 fornace
780 2047 792 2082 :
828 2029 967 2099 quod
1006 2028 1146 2083 enim
1187 2044 1372 2083 omnes
1408 2029 1801 2092 consternavit,
1841 2028 1941 2082 hoc
1982 2038 2090 2093 est,

527 2119 669 2188 quod
693 2120 742 2173 in
767 2121 885 2189 igne
908 2128 1109 2174 tantum
1137 2121 1391 2189 temporis
1414 2121 1626 2185 versati,
1653 2120 1823 2175 minus
1843 2122 1951 2176 laesi
1973 2129 2096 2174 sunt

528 2209 747 2275 egressi,
778 2226 932 2278 quam
963 2210 1049 2279 qui
1080 2211 1275 2264 versati
1304 2226 1405 2263 non
1435 2210 1641 2264 fuerant
1671 2228 1685 2263 :
1710 2211 1787 2265 sic
1818 2220 1869 2265 et
1895 2211 1946 2264 in
1973 2225 2095 2264 san-

526 2298 625 2352 ctis
651 2296 827 2354 dicere
858 2299 1012 2363 licet,
1040 2300 1179 2369 quod
1214 2301 1257 2353 si
1288 2301 1423 2354 nulla
1456 2301 1582 2370 ipsis
1620 2300 1896 2355 institisset
1922 2310 2093 2355 tenta-

529 2392 634 2459 tio,
667 2394 807 2462 ipsos
851 2402 1103 2463 perpetuo
1141 2394 1349 2463 gavisos
1388 2408 1506 2448 esse
1548 2408 1653 2447 non
1691 2394 2091 2447 admiraremur.

531 2480 757 2551 Stupore
784 2494 958 2537 autem
986 2484 1199 2552 dignum
1222 2524 1236 2547 ,
1269 2491 1321 2536 et
1347 2498 1503 2551 supra
1542 2491 1781 2535 naturam
1810 2480 2092 2535 humanam

528 2571 630 2627 hoc
667 2582 745 2627 est
771 2614 785 2633 ,
826 2573 965 2642 quod
1019 2573 1236 2627 infinitis
1279 2573 1511 2641 undique
1555 2570 1707 2626 undis
1744 2573 2090 2639 circumdati,

530 2664 899 2732 tranquillitate
928 2679 1056 2732 pura
1088 2663 1380 2717 fruenlibtts
1410 2664 1597 2717 melius
1624 2662 1796 2716 affecti
1828 2663 1951 2715 sint.

607 2752 695 2806 Vir
717 2753 883 2819 ﬁdelis
904 2755 1136 2806 continua
1164 2754 1348 2823 {ruitur
1375 2752 1641 2822 voluptate.
1666 2781 1736 2792 --
1760 2752 1906 2817 Quod
1937 2751 2095 2821 igitur

533 2843 732 2898 nullam
760 2840 1077 2897 exteriorem
1105 2844 1260 2897 vitam
1295 2841 1537 2912 gaudium
1565 2842 1867 2897 continuum
1899 2843 2096 2897 haben-

530 2944 635 2988 tem
660 2932 1081 2999 invcnireliceat,
1110 2950 1173 2987 ex
1205 2933 1357 2987 dictis
1386 2942 1565 3002 patet;
1593 2934 1731 3003 quod
1758 2943 1932 2988 autem
1962 2934 2092 2988 fide-

532 3024 594 3077 lis
624 3040 727 3077 non
759 3021 923 3093 possit
949 3041 1052 3079 non
1083 3035 1326 3079 continua
1362 3025 1457 3079 frui
1488 3024 1771 3095 voluptate,
1801 3041 2009 3080 rursum
2041 3034 2095 3081 et

530 3116 627 3170 hoc
667 3116 834 3184 ipsum
866 3115 1228 3171 demonstrare
1257 3117 1507 3182 conabor,
1532 3132 1633 3170 non
1659 3124 1712 3169 ut
1741 3115 1953 3170 discatis
1981 3124 2107 3184 tan-_

535 3215 642 3257 tum
665 3247 678 3271 ,
707 3205 800 3259 sed
830 3202 987 3259 etiam
1018 3215 1073 3259 ut
1100 3207 1233 3260 hanc
1266 3202 1472 3260 tristitia
1500 3213 1766 3260 carentem
1814 3208 1974 3259 vitam
2006 3221 2094 3260 se-

528 3295 761 3349 ctemini.
791 3295 871 3350 Sit
910 3296 1049 3349 enim
1078 3296 1265 3365 aliquis
1292 3294 1419 3349 nihil
1450 3296 1501 3349 in
1528 3311 1587 3350 se
1614 3296 1966 3355 damnandum
1996 3297 2093 3351 ha-

528 3384 676 3449 bens,
704 3384 797 3439 sed
825 3385 962 3441 bona
992 3387 1152 3441 fretus
1178 3388 1519 3451 conscientia,
1547 3387 1611 3441 ad
1644 3388 1815 3441 futura
1840 3388 2092 3441 anhelans

528 3485 581 3530 et
608 3488 923 3547 exspectans
948 3479 1090 3532 illam
1119 3478 1322 3533 beatam
1352 3494 1535 3548 spem:
1563 3478 1685 3549 quid
1713 3479 1873 3544 hunc,
1891 3494 2091 3549 quaeso,

526 3567 579 3619 in
609 3567 870 3621 tristitiam
902 3569 1093 3637 poterit
1123 3568 1414 3623 inducere?
1441 3562 1625 3623 Nonne
1665 3569 1906 3623 omnibus
1935 3572 2093 3627 rebus

525 3658 905 3713 intolerabilior
936 3674 1076 3713 mors
1105 3674 1222 3714 esse
1247 3654 1599 3714 videtur?sed
1630 3658 1785 3729 hujus
1814 3672 2091 3729 exspecta-

529 3751 599 3803 tio
628 3767 731 3806 non
760 3760 959 3805 tantum
990 3750 1160 3820 ipsum
1197 3767 1303 3806 non
1340 3752 1644 3818 contristat,
1676 3768 1860 3807 verum
1903 3762 1955 3807 et
1993 3769 2090 3823 po-

528 3838 630 3891 tins
658 3840 917 3893 delectat:
947 3842 1090 3893 novit
1115 3841 1255 3894 enim
1288 3842 1471 3896 mortis
1498 3843 1825 3910 prmsentiam
1854 3840 2092 3897 laborum

526 3942 646 3981 esse
676 3928 1074 3994 liberationem,
1107 3939 1160 3983 et
1194 3945 1406 3984 cursum
1450 3931 1515 3983 ad
1557 3946 1779 3987 coronas
1820 3934 1875 3986 et
1915 3932 2091 3986 bravia

528 4029 622 4083 pro
647 4016 838 4085 pietate
862 4024 914 4071 et
941 4019 1134 4072 virtute
1164 4019 1511 4088 pugnantibus
1536 4022 1784 4089 reposita.
1815 4022 1915 4076 Sed
1959 4022 2091 4076 filiu-

526 4123 642 4161 rnm
675 4110 950 4164 immatura
978 4111 1163 4164 mors?
1191 4127 1371 4165 verum
1400 4121 1454 4166 et
1482 4114 1581 4167 hoc
1605 4129 1859 4182 generose
1884 4115 2005 4181 fert,
2039 4125 2093 4171 et

524 4196 666 4252 dicet
693 4198 807 4253 Jobi
839 4200 997 4255 verba
1030 4218 1043 4253 :
1076 4199 1321 4255 Dominus
1358 4202 1527 4269 dedit,
1574 4200 1820 4257 Dominus
1845 4205 2046 4258 abstulit
2073 4221 2092 4259 :

524 4292 649 4340 sicut
675 4285 890 4343 Domino
930 4293 1085 4344 uisum
1111 4302 1215 4360 est,
1257 4295 1329 4346 ita
1357 4302 1403 4347 et
1438 4298 1627 4364 factum
1668 4305 1739 4348 est
1766 4313 1783 4350 :
1808 4298 1871 4350 sit
1915 4314 2091 4353 nomen

528 4376 732 4431 Domini
773 4379 1076 4435 benedictum
1114 4384 1165 4436 in
1202 4386 1385 4437 stecula
1425 4382 1568 4457 (Job
1600 4384 1650 4440 Ι.
1681 4386 1743 4439 21
1775 4386 1814 4457 ).
1860 4388 1914 4442 Si
1965 4403 2091 4444 vero

527 4481 670 4521 mors
722 4477 774 4522 et
830 4470 1057 4525 filiorum
1100 4471 1303 4541 jactura
1357 4481 1667 4532 contristare
1716 4494 1819 4532 non
1871 4487 2086 4548 potest,

526 4560 693 4613 multo
717 4561 888 4614 minus
917 4566 1255 4631 pecuniarum
1289 4566 1491 4641 jactura
1509 4610 1523 4634 ,
1550 4579 1601 4623 et
1644 4573 1973 4625 contumelia:
1997 4587 2088 4627 ac-

524 4650 824 4705 cusationes
858 4660 912 4706 et
939 4654 1217 4710 calumniae
1262 4665 1365 4711 tam
1408 4674 1653 4729 magnum
1684 4672 1735 4715 et
1774 4676 2087 4730 generosum

522 4739 757 4793 animum
786 4750 1000 4810 tangere
1028 4756 1260 4813 possent,
1289 4763 1458 4817 neque
1480 4750 1717 4817 corporis
1741 4749 1892 4805 dolor
1917 4771 1930 4807 :
1953 4769 2086 4821 quo-

524 4830 664 4884 niam
690 4841 743 4885 et
769 4835 989 4901 apostoli
1013 4834 1406 4905 flagellabantur
1434 4839 1664 4909 quidem,
1695 4841 1786 4894 sed
1813 4857 1915 4896 non
1937 4840 2086 4898 dole-

522 4921 668 4976 bant.
701 4922 885 4993 Magna
914 4925 1123 4996 quidem
1165 4938 1286 4981 sunt
1320 4938 1373 4983 et
1415 4929 1555 4995 haec,
1588 4931 1682 4986 sed
1713 4928 1877 4987 multo
1914 4935 2087 5003 majus

519 5022 631 5081 est,
664 5015 804 5083 quod
846 5032 951 5071 non
991 5027 1189 5071 tantum
1226 5034 1331 5073 non
1360 5019 1647 5087 dolebant,
1678 5037 1860 5077 verum
1889 5033 1939 5077 et
1971 5023 2082 5094 ipsa

520 5105 721 5175 ﬂagella
750 5108 964 5178 majoris
992 5111 1263 5165 materiam
1292 5109 1549 5166 faciebant
1572 5113 1879 5183 voluptatis,
1911 5124 1961 5171 et
2001 5132 2087 5171 re-

522 5201 862 5256 vertebantur
902 5218 931 5255 a
968 5202 1100 5258 facie
1144 5204 1351 5259 concilii
1389 5204 1709 5273 gaudentes,
1757 5207 1899 5276 quod
1940 5208 2083 5278 digni

522 5288 725 5342 fuerant
769 5288 928 5345 habiti
971 5308 1067 5362 pro
1110 5295 1324 5349 nomine
1353 5292 1544 5349 Christi
1572 5297 1942 5352 contumeliam
1974 5300 2080 5367 pati

521 5378 665 5445 (Act.
684 5381 737 5436 5.
772 5382 880 5449 ﬂ).
910 5384 1236 5440 Contumelia
1265 5395 1319 5442 et
1345 5387 1583 5443 convicio
1621 5388 1738 5457 quis
1770 5389 1922 5443 talem
1950 5389 2082 5445 alle-

518 5467 632 5521 cit?
654 5469 746 5522 sed
769 5485 796 5521 a
828 5471 1038 5526 Christo
1062 5476 1291 5544 gaudere
1330 5477 1596 5532 institutus
1619 5489 1698 5533 est
1730 5479 1780 5532 in
1811 5485 2083 5535 contume-

517 5559 622 5614 liis.
654 5558 871 5615 Gaudcte
899 5564 1068 5629 enim,
1101 5567 1298 5638 inquit,
1329 5579 1374 5622 et
1405 5570 1677 5634 exsultate,
1711 5588 1823 5624 cum
1866 5571 2082 5627 dixerint

516 5665 663 5708 omne
699 5650 887 5705 malum
933 5656 1128 5709 verbum
1171 5670 1341 5712 contra
1392 5676 1473 5712 vos
1527 5661 1848 5729 mentientes,
1880 5671 2080 5732 propter

1230 306 1286 363 S.
1326 302 1597 362 JOANNIS
1634 299 2098 358 CllllYSOSTOMl
2137 298 2451 354 ARClllEP.
2490 297 3017 355 CONSTANTINOP.

3632 300 3733 361 184

2191 430 2289 479 me,
2307 415 2542 481 quoniam
2570 431 2751 469 merces
2772 427 2931 470 vestra
2956 417 3111 469 multa
3138 427 3208 471 est
3235 418 3287 469 in
3313 417 3446 470 catis
3462 416 3671 483 (Matth.
3689 417 3742 475 5.

2192 506 2277 558 H.
2311 505 2430 573 i2).
2456 505 2558 559 Sed
2586 505 2638 558 in
2664 507 2902 560 morbum
2931 507 3140 560 incidit?
3162 522 3344 562 verum
3371 506 3564 561 audivit
3587 506 3743 559 alium

2189 592 2557 648 admonentem
2587 604 2640 648 et
2662 595 2921 650 dicentem
2950 613 2962 649 :
2996 595 3061 648 In
3092 598 3260 649 morbo
3297 605 3341 648 et
3364 604 3653 665 paupertate
3695 596 3743 647 in

2190 683 2297 751 ipsa
2323 684 2547 751 conﬁdas
2576 699 2594 737 :
2619 685 2853 753 quoniam
2894 686 3019 737 sicut
3047 687 3097 737 in
3130 685 3243 754 igne
3269 685 3505 751 probatur
3531 700 3709 736 aurum
3731 724 3748 747 ,

2189 772 2261 824 sic
2291 772 2511 826 homines
2534 775 2857 842 acceptabiles
2882 775 2934 826 in
2962 777 3163 843 fornace
3186 774 3544 828 humiliationis
3565 773 3749 843 (Eccli.

2190 860 2242 913 2.
2269 862 2321 914 4.
2354 862 2428 930 5).
2456 861 2585 917 Cum
2628 864 2781 933 igitur
2825 880 2995 933 neque
3022 879 3184 926 mors,
3217 880 3386 934 neque
3411 866 3755 933 pecuniarum

2187 948 2388 1016 jactura
2408 992 2422 1017 ,
2452 966 2621 1019 neque
2664 954 2901 1022 corporis
2928 953 3183 1022 mgritudo
3202 995 3217 1018 ,
3252 969 3419 1022 neque
3445 954 3753 1022 ignominia,

2194 1053 2364 1106 neque
2404 1041 2724 1105 convicium,
2755 1057 2926 1110 neque
2964 1042 3231 1112 quidpiam
3272 1043 3411 1096 aliud
3453 1041 3757 1111 hujusmodi

2194 1129 2363 1197 ipsum
2406 1132 2717 1185 contristare
2766 1134 2930 1201 possit
2968 1149 3148 1187 verum
3192 1141 3245 1188 et
3284 1134 3446 1202 magis
3488 1133 3756 1195 delectet,

2193 1234 2348 1288 quam
2380 1236 2625 1291 umquam
2657 1223 2879 1277 tristitia:
2909 1226 3181 1277 materiam
3218 1223 3623 1290 habebit?Quid
3660 1224 3759 1293 igi-

2195 1318 2296 1376 tur,
2326 1311 2522 1379 inquit,
2546 1313 2711 1365 sancti
2756 1328 2859 1366 non
2904 1312 3196 1368 dolebant?
3225 1327 3328 1366 non
3354 1313 3506 1366 audis
3533 1313 3757 1367 Paulum

2195 1399 2454 1454 dicentem
2486 1419 2498 1453 :
2522 1400 2743 1454 Tristitia
2769 1402 2889 1454 milii
2910 1419 3089 1471 magna
3113 1412 3203 1466 est,
3236 1412 3280 1456 et
3307 1402 3585 1455 indesinens
3614 1401 3761 1455 dolor

2195 1488 2333 1541 cordi
2358 1506 2462 1542 meo
2488 1489 2660 1557 (Rom.
2689 1488 2740 1543 9.
2766 1489 2820 1559 2)
2842 1490 2864 1542 ?
2893 1489 3004 1544 Hoc
3029 1490 3198 1558 ipsum
3229 1504 3418 1558 nempe
3445 1490 3761 1543 admirabile

2195 1586 2307 1642 est,
2338 1579 2477 1648 quod
2517 1580 2721 1634 tristitia
2753 1580 2953 1635 lucrum
2974 1620 2989 1645 ,
3020 1588 3074 1634 et
3110 1580 3428 1649 voluptatem
3464 1595 3528 1635 ex
3572 1579 3715 1633 luctu
3740 1581 3756 1611 '

2197 1668 2411 1725 ferebat.
2432 1670 2577 1725 Sicut
2602 1672 2740 1726 enim
2764 1670 2965 1741 flagella
2996 1685 3103 1726 non
3128 1671 3357 1737 dolores,
3385 1670 3475 1726 sed
3497 1670 3760 1733 laztitiam,

2196 1759 2271 1813 sic
2297 1775 2501 1813 rursum
2527 1770 2578 1815 et
2620 1762 2824 1815 tristitia
2851 1776 3063 1830 magnas
3096 1762 3206 1815 illas
3234 1761 3568 1829 comparabat
3600 1776 3762 1815 coro-

2195 1864 2309 1903 nas.
2340 1848 2405 1903 Et
2434 1850 2534 1904 hoc
2563 1860 2644 1905 est
2668 1851 3006 1917 admirabile,
3038 1851 3176 1921 quod
3205 1852 3383 1907 mundi
3410 1867 3515 1907 non
3545 1853 3762 1907 tristitia

2196 1944 2424 2005 tantum,
2459 1956 2637 1994 verum
2668 1950 2721 1995 ct
2756 1941 2934 1995 laetitia
2964 1941 3213 1995 damnum
3245 1940 3402 1996 habet
3422 1951 3716 1997 extremum
3746 1960 3760 1996 :

2197 2027 2248 2080 in
2291 2029 2652 2096 spiritualibus
2694 2046 2818 2085 vero
2856 2031 3177 2085 contrarium
3208 2040 3395 2098 totum,
3429 2048 3535 2087 non
3577 2032 3762 2087 lmtitia

2199 2127 2417 2184 tantum,
2445 2136 2625 2174 verum
2672 2130 2725 2175 et
2768 2121 2975 2176 tristitia
3018 2122 3237 2176 multum
3286 2122 3445 2176 habet
3499 2121 3765 2176 bonorum

2198 2208 2523 2264 thesaurum.
2551 2211 2707 2266 Verbi
2732 2214 2896 2281 gratia
2926 2230 2939 2265 :
2964 2213 3154 2283 gaudet
3178 2213 3295 2283 quis
3324 2213 3375 2267 in
3392 2212 3587 2267 mundo
3620 2229 3765 2282 stupe

2197 2297 2465 2355 inimicum
2514 2301 2839 2357 laborantem
2877 2303 3091 2367 videns,
3116 2312 3171 2357 et
3209 2320 3302 2373 per
3342 2304 3475 2358 hanc
3524 2304 3763 2358 lmtitiam

2197 2389 2415 2442 multam
2454 2391 2553 2445 sibi
2580 2391 2796 2446 attrahit
2818 2407 3027 2462 pinnam
3056 2410 3070 2445 :
3094 2392 3238 2446 dolet
3262 2408 3469 2447 rursum
3491 2394 3608 2462 quis
3627 2393 3763 2448 alius

2200 2476 2414 2533 fratrem
2447 2479 2646 2548 lapsum
2670 2481 2873 2549 videns,
2893 2490 2945 2536 et
2973 2498 3068 2551 per
3095 2481 3231 2536 hanc
3260 2483 3519 2536 tristitiam
3541 2483 3762 2538 multam

2196 2566 2291 2619 sibi
2319 2568 2454 2635 apud
2486 2568 2648 2623 Deum
2684 2570 3099 2625 benevolentiam
3124 2580 3409 2641 comparat.

2270 2656 2493 2712 Tristitia
2510 2662 2779 2713 secundum
2818 2660 2981 2715 Deum
3020 2663 3178 2715 multo
3221 2662 3394 2715 melior
3429 2673 3498 2715 est
3538 2661 3764 2715 huntana

2196 2746 2383 2800 latitia.
2407 2778 2477 2787 —
2500 2748 2683 2804 Cernis
2712 2750 2974 2819 quomodo
3006 2750 3293 2805 secundum
3342 2752 3505 2806 Deum
3549 2752 3763 2807 tristitia

2196 2840 2375 2893 mundi
2402 2840 2580 2895 hctitia
2611 2843 2797 2897 melior
2837 2843 2905 2897 sit
2933 2853 2985 2897 et
3013 2842 3229 2897 utilior?
3253 2844 3339 2898 Sic
3359 2852 3412 2897 et
3438 2843 3630 2897 Paulus
3670 2845 3763 2897 tri-

2195 2931 2432 2986 stabatur
2454 2942 2667 3003 propter
2695 2950 2806 3001 eos,
2837 2935 2925 3004 qui
2949 2944 3228 3005 peccarent
3270 2944 3323 2990 et
3362 2935 3471 2990 Deo
3497 2951 3603 2990 non
3643 2951 3764 2991 cre-

2195 3021 2411 3087 derent,
2445 3034 2499 3077 et
2545 3040 2608 3077 ex
2664 3022 2763 3079 hac
2811 3025 3017 3078 tristitia
3060 3025 3275 3079 multam
3322 3025 3419 3079 sibi
3475 3028 3765 3095 repositam

2196 3111 2420 3166 habebat
2444 3114 2765 3168 mercedem.
2792 3115 2859 3170 Ut
2886 3126 3061 3169 autem
3095 3116 3419 3170 manifestius
3465 3116 3608 3187 quod
3643 3118 3765 3173 dico

2196 3200 2403 3266 faciam,
2424 3210 2477 3257 et
2502 3202 2736 3271 discatis,
2758 3205 2879 3259 licet
2909 3216 3099 3273 prmter
3121 3206 3419 3274 Opinionem
3445 3208 3514 3262 sit
3538 3207 3764 3273 dictum,

2198 3300 2369 3346 tamen
2404 3308 2585 3348 verum
2629 3309 2747 3349 esse
2771 3336 2784 3359 ,
2812 3303 2865 3350 et
2899 3296 3097 3350 luctum
3136 3311 3276 3366 scrpe
3306 3297 3477 3352 solere
3520 3298 3765 3356 dolentes

2194 3381 2395 3436 animas
2422 3399 2688 3452 reparare,
2712 3394 2765 3439 et
2790 3387 3163 3439 conscientiam
3192 3398 3457 3457 gravatam
3485 3388 3763 3445 relevare:

2195 3472 2373 3526 multa:
2398 3474 2589 3542 saepius
2619 3475 2865 3530 mulieres
2894 3475 3350 3531 desideratissimis
3379 3480 3589 3534 amissis
3617 3480 3763 3548 ﬁliis,

2195 3561 2239 3615 si
2283 3562 2662 3630 prohibeantur
2700 3564 2908 3631 quidem
2956 3564 3118 3631 ﬂere,
3151 3566 3328 3635 lugere
3368 3579 3424 3623 et
3466 3572 3762 3639 conqueri,

2194 3650 2598 3720 disrumpuntur
2618 3662 2668 3708 et
2702 3662 2952 3723 pereunt;
2997 3656 3040 3708 si
3065 3671 3191 3710 vero
3217 3658 3551 3714 manentium
3578 3664 3762 3715 omnia

2200 3741 2443 3810 fecerint,
2486 3744 2790 3799 relevantur
2830 3754 2883 3800 et
2918 3747 3331 3801 consolationem
3369 3749 3646 3818 accipiunt.
3698 3755 3764 3807 Et

2193 3832 2315 3902 quid
2356 3833 2686 3899 mirandum,
2736 3837 2780 3889 si
2829 3836 2879 3890 in
2928 3837 3235 3891 mulieribus
3282 3836 3383 3892 hoc
3427 3837 3513 3903 fit,
3545 3842 3764 3910 quando

2193 3924 2350 3977 etiam
2394 3925 2561 3994 ipsum
2608 3925 2916 3995 prophetam
2960 3925 3061 3982 hoc
3099 3927 3383 3995 patientem
3426 3928 3607 3985 videre
3637 3934 3764 4001 quis

2195 4015 2403 4081 possit?
2432 4014 2551 4069 ldeo
2581 4014 2884 4084 frequenter
2907 4016 3109 4072 dicebat
3139 4036 3152 4073 :
3180 4019 3341 4072 Sinite
3366 4035 3462 4085 me,
3486 4036 3659 4074 amare
3684 4025 3765 4076 lu-

2192 4105 2312 4173 gebo
2334 4123 2353 4158 :
2382 4106 2534 4159 nolite
2575 4107 2867 4161 contendere
2889 4148 2902 4173 ,
2930 4118 2984 4160 ut
3026 4108 3345 4164 consolemini
3391 4127 3540 4179 super
3566 4117 3764 4167 contri-

2194 4194 2325 4247 tione
2360 4196 2480 4263 ﬁlia:
2506 4196 2698 4266 generis
2741 4197 2836 4248 mei
2865 4195 3025 4265 (lsai.
3056 4197 3143 4252 22.
3173 4199 3257 4266 4).
3284 4198 3461 4269 Itaque
3490 4215 3630 4270 sape
3663 4205 3767 4259 tri-

2193 4284 2331 4336 stitia
2371 4284 2525 4339 affert
2565 4286 3009 4351 consolationem;
3041 4288 3083 4340 si
3114 4296 3285 4342 autem
3330 4290 3379 4342 in
3418 4290 3615 4345 mundo
3656 4292 3765 4349 huc

2194 4375 2251 4428 fit
2281 4375 2446 4431 multo
2473 4377 2639 4445 magis
2667 4378 2719 4430 in
2746 4376 2902 4431 rebus
2943 4379 3318 4447 spiritualibus.
3352 4379 3635 4448 Pr0pterea
3682 4383 3766 4436 di-

2192 4466 2264 4519 cit
2286 4482 2297 4517 :
2329 4465 2615 4520 Secundum
2640 4466 2801 4520 Deum
2821 4478 2984 4521 autem
3014 4468 3216 4522 tristitia
3244 4471 3583 4538 paenitentiam
3606 4472 3659 4525 in
3682 4492 3767 4528 sca

2192 4555 2342 4608 lutem
2384 4558 2609 4611 stabilem
2636 4567 2871 4627 aperatur
2897 4559 2917 4630 (
2940 4560 2992 4613 2.
3016 4558 3134 4615 Cor.
3163 4560 3213 4614 7.
3246 4562 3364 4633 10).
3397 4562 3464 4616 Ει
3504 4564 3605 4618 hoc
3641 4570 3763 4636 qui-

2192 4645 2312 4698 dem
2358 4646 2639 4701 obscurum
2687 4662 2805 4702 esse
2846 4648 3084 4714 videtur;
3116 4650 3254 4719 quod
3300 4660 3476 4706 autem
3521 4653 3649 4708 dicit
3681 4662 3764 4711 est

2192 4735 2489 4805 hujusmodi
2516 4757 2529 4792 :
2560 4737 2614 4792 Si
2644 4738 2708 4792 de
2746 4740 2977 4807 pecuniis
3006 4741 3239 4795 tristatus
3269 4741 3460 4808 fueris,
3494 4745 3623 4806 nihil
3645 4762 3765 4817 pro-

2189 4827 2358 4882 fecisti
2388 4841 2403 4881 :
2432 4828 2476 4882 si
2507 4828 2558 4881 in
2588 4829 2923 4897 aegritudine,
2952 4829 3086 4888 nihil
3108 4832 3335 4887 lucratus
3368 4849 3427 4888 es
3447 4875 3462 4899 ,
3491 4846 3678 4891 verum
3708 4847 3765 4892 et

2190 4919 2356 4986 magis
2385 4918 2608 4986 teipsum
2639 4920 2947 4973 contrivisti.

2260 5012 2312 5069 ε.
2355 5010 2421 5064 Ει
2447 5023 2543 5080 ego
2578 5010 2785 5080 quidem
2830 5012 3023 5065 multos
3064 5012 3237 5066 audivi
3268 5022 3384 5081 post
3412 5014 3569 5069 talem
3598 5030 3765 5086 expc-

2187 5102 2430 5155 rientiam
2473 5116 2530 5155 se
2556 5108 2861 5157 accusantes
2884 5144 2897 5165 ,
2930 5112 2981 5156 et
3006 5102 3069 5156 ad
3097 5104 3299 5172 seipsos
3324 5104 3560 5161 dicentes
3581 5125 3598 5160 :
3628 5109 3763 5174 Qua:

2189 5191 2406 5253 utilitas,
2434 5191 2572 5261 quod
2598 5191 2777 5246 dolui?
2803 5206 2901 5246 nec
2929 5194 3175 5261 pecunias
3202 5196 3528 5263 recuperavi,
3559 5207 3613 5251 et
3638 5212 3763 5251 me-

2188 5284 2357 5351 ipsum
2394 5281 2525 5336 lmsi.
2554 5282 2608 5337 Si
2638 5298 2763 5336 vero
2790 5282 2856 5337 de
2878 5290 3094 5352 peccato
3126 5284 3348 5339 tr’isteris
3366 5324 3382 5350 ,
3412 5284 3515 5340 hoc
3541 5286 3760 5351 delesti,

2187 5385 2241 5431 et
2278 5376 2556 5429 maximam
2596 5375 2826 5430 lucratus
2865 5391 2922 5430 es
2950 5376 3289 5445 voluptatem.
3317 5377 3372 5432 Si
3401 5376 3466 5432 de
3506 5377 3763 5434 fratribus

2187 5467 2352 5536 lapsis
2372 5466 2722 5530 contristeris,
2751 5468 2973 5534 teipsum
3004 5465 3241 5521 hortatus
3264 5481 3323 5523 es
3346 5476 3399 5520 et
3426 5468 3759 5534 consolatus,

2186 5569 2239 5615 et
2282 5560 2399 5613 illos
2441 5574 2647 5614 rursum
2697 5557 3015 5626 recnperasti
3046 5573 3061 5613 :
3091 5557 3231 5627 quod
3277 5558 3323 5612 si
3365 5556 3495 5612 nihil
3523 5565 3577 5615 et
3619 5557 3763 5626 ipsis

2254 5670 2269 5701 ί
2305 5672 2375 5719 sic
2393 5668 2528 5721 Savil.
2548 5676 2597 5718 tn
2620 5677 2689 5728 8.,
2709 5666 2855 5731 lucro,
2887 5680 2988 5731 pro,
3023 5665 3170 5718 lucus.
