4020 6216
194 315 301 377 {35

188 433 504 488 ἀλλοιοῦται
538 433 731 504 ῥαδίως
756 451 767 464 ο
807 434 899 487 καὶ
940 434 1000 485 οὐ
1032 434 1191 487 τοῦτο
1231 435 1392 505 μόνον
1432 435 1545 506 ἔχει
1579 434 1641 487 τὸ
1667 433 1860 496 δεινὸν,

188 518 310 570 αλλ’
342 520 424 572 ὅτι
464 519 558 571 καὶ
595 519 827 588 μένοντα
869 520 932 572 οὐ
981 519 1214 590 παρέχει
1259 519 1533 592 τοσαύτην
1580 522 1712 592 ἡμῖν
1764 519 1865 591 τὴν

189 605 415 676 ἡδονήν,
438 605 514 669 ὡς
528 606 626 677 τὴν
641 607 707 660 ἐκ
722 606 831 659 τῶν
856 606 1033 660 ἄλλων
1058 609 1190 679 ἡμῖν
1213 608 1602 680 ἐπιγινομένην
1625 608 1865 679 ἀθυμίαν

188 692 629 761 διακρούεσθαιι
673 694 770 746 καὶ
808 692 1160 758 συσκιάζειν·
1195 697 1223 748 ό
1263 695 1320 748 δέ
1362 694 1459 748 τοῦ
1508 695 1644 749 Θεοῦ
1700 695 1867 764 φόϐος

188 777 480 848 ἀμφότερα
502 778 674 832 ταῦτα
698 779 833 848 ἔχει,
870 778 1086 849 βέϐαιός
1122 780 1182 833 τέ
1218 781 1334 833 ἐστι
1358 782 1453 834 καὶ
1474 782 1750 852 ἀκίνητος,
1769 782 1867 835 καὶ

184 864 463 935 τοσαύτην
492 865 644 937 βρύει
665 866 859 938 χαρὰν,
886 867 962 930 ὠς
996 866 1266 938 μηδεμίαν
1298 869 1445 939 ἡμᾶς
1477 869 1728 939 αἴσθησιν
1756 868 1865 922 τῶν
1907 902 1935 921 ~.

184 949 372 1003 ἄλλων
420 951 716 1022 λαμϐάνειν
775 952 985 1007 δεινῶν.
1034 953 1094 1006 '0
1141 955 1250 1026 γὰρ
1301 956 1395 1007 τὸν
1427 955 1582 1018 Θεὸν,
1620 956 1696 1019 ὡς
1735 954 1862 1027 χρὴ,

187 1036 549 1108 φοϐούμενος,
583 1040 679 1092 καὶ
708 1040 797 1091 ἐπ’
824 1039 976 1110 αὐτῷ
1009 1040 1250 1113 θαρρῶν,
1290 1041 1392 1112 τὴν
1427 1043 1583 1112 ῥίζαν
1610 1042 1866 1112 ἐκαρπώ-

186 1138 326 1174 σατο
370 1123 472 1193 τῆς
511 1124 739 1194 ήδονῆς,
792 1127 887 1179 καὶ
926 1129 1106 1180 πᾶσαν
1147 1127 1250 1197 τῆς
1294 1127 1558 1198 εὐθυμίας
1604 1129 1716 1198 ἔχει
1764 1128 1863 1200 τὴν

184 1211 400 1281 πηγήν.
454 1211 566 1263 Καὶ
625 1211 877 1285 καθάπερ
920 1215 1002 1276 είς
1052 1214 1289 1284 πέλαγος
1348 1216 1577 1288 ἄπειρον
1629 1218 1863 1291 σπινθὴρ

186 1297 394 1367 μικρὸς
428 1296 684 1367 ἐμπεσὼν
725 1300 1047 1369 ἀφανίζεται
1081 1301 1303 1372 ῥᾳδίως,
1341 1302 1516 1367 οὕτως
1555 1306 1766 1375 ὅσαπερ
1796 1306 1863 1360 ἂν

182 1383 481 1456 προσπέσῃ
504 1385 581 1455 τῷ
601 1385 922 1458 φοϐουμένῳ
943 1387 1035 1440 τὸν
1063 1388 1218 1452 Θεὸν,
1248 1389 1502 1461 καθάπερ
1523 1392 1605 1453 είς
1629 1392 1865 1460 πέλαγος

183 1470 390 1539 ἀχανὲς
422 1470 686 1542 εὐθυμίας
717 1472 1062 1542 ἐμπίπτοντα
1096 1475 1532 1530 κατασϐέννυται
1561 1478 1655 1531 καὶ
1695 1478 1863 1531 ἀπόλ-

184 1556 371 1611 λυται.
413 1556 519 1611 Καὶ
542 1559 605 1611 τὸ
649 1559 714 1630 δὴ
766 1560 1082 1631 θαυμαστὸν
1124 1561 1362 1633 μάλιστα
1387 1563 1548 1617 τοῦτό
1576 1565 1743 1629 ἐστιν,
1778 1566 1861 1619 ὅτι

182 1638 301 1692 τῶν
324 1639 643 1695 λυπούντων
675 1642 961 1713 παρόντων
997 1643 1149 1714 μένει
1186 1647 1395 1718 χαίρων
1442 1647 1625 1711 αὐτός.
1660 1648 1724 1701 El
1761 1650 1862 1718 μὲν

182 1725 301 1797 γὰρ
323 1727 495 1799 μηδὲν
520 1723 590 1799 ἦν
614 1729 677 1783 τὸ
694 1729 919 1796 λυποῦν,
946 1732 1047 1783 οὐκ
1066 1727 1136 1803 ἦν
1168 1733 1317 1809 αὐτῷ
1349 1734 1491 1805 μέγα
1523 1736 1583 1789 τὸ
1603 1734 1860 1791 δύνασθαι

181 1812 458 1883 διηνεκῶς
499 1815 744 1886 χαίρειν·
793 1817 856 1870 τὸ
904 1816 961 1870 δὲ
994 1817 1207 1872 πολλῶν
1239 1821 1603 1893 ἐπικειμένων
1645 1821 1752 1874 τῶν
1778 1822 1861 1886 είς

186 1899 436 1970 ἀθυμίαν
472 1900 881 1972 ἐμϐιϐαζόντων
899 1904 927 1944 h
960 1904 1235 1977 ἀνώτερον
1279 1902 1419 1961 εἶναι
1460 1909 1738 1977 ἀπάντων,
1768 1908 1862 1963 καὶ

189 1985 252 2037 ἐν
291 1984 483 2055 μέσοις
522 1990 637 2051 τοῖς
682 1987 950 2061 λυπηροῖς
994 1990 1408 2063 εὐφραίνεσθαι,
1443 1992 1601 2047 τοῦτό
1631 1995 1750 2049 ἐστι
1798 1994 1861 2049 τὸ

188 2071 518 2142 παράδοξον.
550 2075 658 2128 Καὶ
687 2075 938 2148 καθάπερ
968 2079 1097 2142 τοὺς
1127 2080 1321 2143 παῖδας
1349 2082 1477 2145 τοὺς
1503 2084 1653 2153 τρεῖς
1684 2082 1860 2148 οὐδεὶς

187 2161 258 2215 ἃν
280 2161 565 2232 ἐθαύμασε
590 2162 665 2235 μή
682 2165 1080 2229 κατακαέντας,
1099 2167 1147 2220 εί
1174 2167 1362 2239 πόρρω
1386 2168 1487 2238 τῆς
1512 2169 1859 2235 Βαϐυλωνίας

180 2246 330 2321 ἦσαν
356 2251 588 2321 καμίνου
620 2253 711 2323 (τὸ
739 2251 850 2323 γὰρ
886 2253 1163 2324 ἐκπλῆξαν
1202 2254 1450 2321 ἅπαντας
1485 2257 1645 2311 τοῦτὸ
1688 2260 1856 2326 ἐστιν,

183 2340 267 2392 ὅτι
316 2338 399 2409 τῷ
438 2339 575 2411 πυρὶ
627 2340 883 2394 τοσοῦτον
935 2341 1300 2413 ὁμιλήσαντες
1337 2344 1549 2415 χρόνον,
1603 2345 1713 2399 τῶν
1760 2346 1859 2418 οὐχ

183 2425 546 2498 ὡμιληκότων
589 2426 857 2499 ἐξέϐησαν
889 2428 1212 2499 ἀλυπότεροι
1231 2430 1272 2499 )·
1334 2430 1477 2486 οὓτω
1504 2431 1600 2485 καὶ
1629 2431 1723 2486 ἐπὶ
1750 2432 1858 2486 τῶν

186 2513 363 2581 ἁγίων
386 2514 533 2567 ἐστιν
573 2516 770 2579 είπεῖν,
806 2515 887 2569 δτι
925 2517 975 2569 εί
1008 2516 1200 2586 μηδεὶς
1244 2517 1428 2582 αὐτοῖς
1468 2520 1705 2591 ἐπήγετο
1739 2537 1860 2574 πει-

187 2599 423 2670 ρασμὸς,
440 2601 541 2654 οὐκ
556 2599 623 2654 ἀν
641 2602 837 2666 αὐτοὺς
859 2602 1249 2675 ἐθαυμάσαμεν
1263 2605 1526 2676 διηνεκῶς
1545 2608 1855 2679 χαίροντας⁸

183 2684 247 2739 τὸ
270 2685 333 2739 δέ
364 2685 680 2757 ἐκπλήξεως
715 2687 862 2753 ἀξιον
896 2690 992 2744 καὶ
1026 2689 1186 2758 φύσιν
1219 2690 1567 2764 ἀνθρωπίνην
1594 2694 1859 2765 ὑπερϐαῖ-

183 2786 277 2828 iw
331 2772 493 2827 τοῦτό
520 2776 689 2842 ἐστιν,
711 2775 793 2829 ὅτι
815 2776 1029 2847 μυρίοις
1046 2776 1406 2848 κυκλούμενοι
1433 2779 1639 2851 κύμασι
1663 2781 1861 2835 πάντο-

182 2857 302 2927 θεν,
337 2860 448 2916 τῶν
471 2862 709 2934 γαλήνης
750 2863 997 2935 καθαρᾶς
1028 2864 1418 2922 ἀπολαυόντων
1459 2869 1590 2940 ῥᾷον
1618 2868 1859 2923 διάκειν-

179 2964 298 3004 ται.

253 3037 384 3092 ὀτι
421 3039 522 3111 μὲν
547 3034 640 3095 οὖν
667 3040 855 3096 οὐδένα
886 3042 999 3113 βίον
1028 3043 1139 3097 τῶν
1184 3044 1383 3112 ἔξωθεν
1418 3045 1598 3118 εὑρεῖν
1634 3046 1858 3102 δυνατὸν

180 3123 427 3198 εὐθυμία
470 3129 993 3200 συγκεκληρωμένον
1041 3131 1305 3201 διηνεκῶς
1338 3144 1386 3197 ο,
1430 3134 1588 3205 δῆλον
1632 3135 1698 3187 ἐκ
1748 3134 1858 3188 τῶν

180 3212 502 3281 είρημένων
522 3230 537 3244 ’
588 3216 672 3269 ὅτι
717 3216 775 3270 δέ
804 3216 896 3270 τὸν
934 3219 1124 3272 πιστὸν
1157 3221 1438 3291 ἀμήχανον
1471 3221 1547 3293 μὴ
1575 3221 1858 3294 διηνεκοῦς

178 3298 486 3352 ἀπολαύειν
512 3301 730 3373 ἡδονῆς,
762 3305 856 3357 καὶ
883 3304 1042 3359 τοῦτο
1068 3308 1199 3360 αὐτὸ
1237 3309 1399 3362 πάλιν
1440 3308 1718 3376 ἀποδεῖξαι
1737 3327 1857 3363 πει-

183 3385 451 3456 ράσομαι,
473 3388 571 3459 οὐχ
600 3389 687 3442 ῖνα
713 3390 920 3462 μάθητε
950 3392 1129 3463 μόνον,
1160 3394 1275 3449 ἀλλ’
1303 3397 1390 3449 ἵνα
1446 3398 1543 3450 καὶ
1574 3396 1856 3469 ζηλώσητε

180 3472 277 3525 τὸν
302 3473 512 3528 ἄλυπον
540 3476 726 3530 τοῦτον
766 3477 901 3548 βίον.
944 3483 1124 3534 Ἔστω
1163 3483 1273 3554 γάρ
1309 3500 1395 3547 τις
1447 3484 1614 3555 μηδὲν
1658 3483 1855 3538 ἐαυτοῦ

182 3561 572 3628 κατεγνωκὼς,
597 3565 713 3618 ἀλλ’
742 3566 934 3638 ἀγαθῷ
963 3569 1224 3624 συνειδότι
1256 3572 1717 3642 συντρεφόμενος,
1762 3574 1857 3626 καὶ

180 3648 328 3717 πρὸς
360 3649 433 3703 τά
474 3651 743 3720 μέλλοντα
784 3654 1052 3725 κεχηνὼς,
1094 3656 1188 3710 καὶ
1239 3657 1336 3722 τὰς
1388 3658 1599 3723 ἀγαθὰς
1641 3659 1857 3725 ἐκείνας

176 3735 479 3807 ἀναμένων
512 3738 756 3806 ἐλπίδας,
796 3742 849 3794 τί
877 3740 1086 3809 τοῦτον,
1139 3744 1262 3797 είπέ
1322 3761 1435 3815 μοι,
1489 3747 1569 3809 είς
1617 3744 1856 3815 ἀθυμίαν

178 3822 450 3892 ἐμϐαλεῖν
477 3825 764 3897 δυνήσεται
784 3843 800 3893 ;
820 3828 894 3882 Οὐ
922 3828 1138 3882 πάντων
1158 3830 1562 3902 ἀφορητότατον
1580 3834 1609 3887 ό
1629 3832 1856 3899 θάνατος

178 3903 328 3962 εἶναι
363 3909 539 3978 δοκεῖ;
571 3912 689 3966 ἀλλ’
714 3914 748 3985 ή
775 3913 968 3968 τούτου
994 3916 1290 3987 προσδοκία
1312 3918 1373 3971 οὐ
1410 3918 1571 3989 μόνον
1598 3920 1761 3974 αὐτὸν
1793 3922 1855 3974 οὐ

178 3996 369 4062 λυπεῖ,
425 3998 565 4053 ἀλλά
611 4000 703 4053 καὶ
749 4002 1036 4073 εὐφραίνει
1074 4002 1375 4073 μειζόνως*
1409 4002 1516 4059 οῐδε
1554 4006 1662 4079 γὰρ
1703 4008 1785 4062 ὅτι
1822 4009 1855 4080 ἡ

178 4084 279 4138 τοῦ
302 4084 541 4140 θανάτου
568 4088 838 4159 παρουσία
856 4090 1034 4143 πόνων
1062 4090 1209 4144 ἐστὶν
1225 4091 1532 4164 ἀπαλλαγή,
1548 4094 1641 4148 καὶ
1660 4094 1856 4166 δρόμος

182 4176 281 4228 ἐπὶ
306 4177 439 4238 τοὺς
477 4179 776 4245 στεφάνους
808 4178 903 4232 καὶ
932 4178 1004 4231 τά
1034 4178 1262 4250 βραϐεῖα
1289 4178 1359 4232 τά
1382 4179 1719 4250 ἀποκείμενα
1746 4182 1858 4245 τοῖς

184 4261 331 4335 ὑπὲρ
349 4263 636 4328 εὐσεϐείας
661 4267 757 4319 καὶ
778 4266 977 4337 ἀρετῆς
995 4266 1447 4337 ἀγωνισαμένοις.
1475 4266 1633 4319 Ἀλλᾶ
1650 4265 1857 4320 παίδων

179 4349 365 4419 ἄωρος
412 4350 684 4421 τελευτῆς
726 4351 864 4405 ἀλλὰ
898 4352 992 4406 καὶ
1031 4352 1192 4407 τοῦτο
1242 4352 1397 4424 φέρει
1447 4351 1731 4423 γενναίως,
1761 4353 1858 4406 καὶ

178 4437 306 4507 ἐρεῖ
329 4437 398 4490 τά
430 4438 524 4492 τοῦ
566 4437 687 4492 Ἰὼϐ
718 4440 971 4511 ῥήματα·
1015 4440 1080 4493 '0
1116 4439 1333 4508 Κύριος
1367 4439 1609 4508 ἔδωκεν,
1662 4442 1695 4495 ό
1738 4442 1854 4496 Κύ-

166 4538 315 4590 ριος
335 4525 629 4593 ἁφείλατο
649 4541 663 4557 ⁸
705 4527 786 4593 ὡς
814 4525 894 4593 τῷ
921 4528 1113 4596 Κυρίῳ
1139 4525 1376 4592 ἔδοξεν,
1411 4527 1564 4582 οὕτω
1605 4527 1705 4583 καί
1736 4528 1857 4599 ἐτέ-

173 4625 362 4664 νετοο
403 4611 500 4678 εἴη
537 4611 605 4665 τὸ
640 4612 829 4683 ὄνομα
866 4616 1090 4683 Κυρίου
1118 4614 1529 4686 εὐλογημένον
1577 4617 1665 4681 εις
1712 4614 1855 4683 τοὺς

171 4694 435 4763 αἰῶνας.
480 4698 546 4751 Εἰ
572 4699 630 4752 δέ
664 4699 894 4764 θάνατος
933 4702 1029 4755 καὶ
1074 4701 1278 4755 παίδων
1305 4699 1548 4771 ἀποϐολή
1578 4699 1765 4754 λυπεῖν
1793 4702 1854 4755 οὐ

168 4783 466 4849 δύνανται,
494 4785 675 4858 πολλῷ
710 4787 913 4859 μᾶλλον
947 4789 1122 4859 ζημία
1139 4789 1456 4861 χρημάτων,
1489 4788 1583 4843 καὶ
1614 4788 1854 4858 ἀτιμίαι,

168 4870 281 4924 καὶ
318 4872 669 4943 κατηγορίαι,
703 4873 798 4928 καὶ
846 4873 1090 4929 διαϐολαὶ
1120 4875 1220 4945 τῆς
1267 4872 1408 4928 οὕτω
1466 4874 1708 4946 μεγάλης
1759 4877 1855 4929 καὶ

166 4961 446 5030 γενναίας
479 4962 657 5036 ψυχῆς
690 4966 794 5020 οὐκ
830 4966 896 5020 ἀν
943 4983 1075 5023 ποτε
1111 4967 1360 5037 ἅψαιντο,
1394 4967 1515 5021 οὐδέ
1551 4968 1714 5040 ὀδύνη
1746 4968 1855 5023 σώ-

168 5063 398 5120 ματος·
446 5050 572 5105 ἐπεὶ
622 5052 716 5106 καὶ
755 5054 806 5106 οί
835 5053 1126 5107 ἀπόστολοι
1154 5055 1549 5126 ἐμαστιγοῦντο
1575 5056 1707 5128 μὲν,
1755 5056 1855 5110 οὐκ

162 5134 438 5207 ἠθύμουν
465 5137 545 5191 δέ.
570 5136 721 5212 [184]
742 5140 903 5210 Μέγα
925 5141 1025 5211 μὲν
1049 5137 1142 5195 οὖν
1172 5142 1269 5196 καὶ
1292 5142 1473 5197 τοῦτο·
1505 5143 1567 5197 τὸ
1597 5143 1656 5196 δὲ
1675 5142 1852 5215 πολλῷ

164 5225 398 5298 μεῖζον,
439 5227 521 5279 ὃτι
560 5228 624 5281 οὐ
656 5228 817 5299 μόνον
847 5229 949 5282 οὐκ
974 5228 1238 5301 ἠθύμουν,
1269 5230 1404 5285 ἀλλὰ
1431 5231 1524 5286 καὶ
1556 5232 1727 5296 αὐτὰς
1754 5232 1855 5297 τὰς

163 5312 464 5383 μάστιγας
493 5313 752 5369 ὑπόθεσιν
784 5315 1065 5371 ἐποιοῦντο
1102 5316 1346 5389 μείζονος
1367 5317 1581 5390 ἡδονῆς,
1613 5320 1707 5373 καὶ
1748 5320 1853 5373 ὐπ-

166 5402 462 5471 ιατρεφον
481 5401 593 5455 ἀπὸ
638 5402 933 5478 προσώπου
964 5402 1058 5458 τοῦ
1095 5406 1370 5477 συνεδρίου
1407 5406 1720 5478 χαίροντες,
1772 5408 1853 5462 ὅτι

164 5488 611 5560 κατηξιώθησαν
644 5490 786 5564 ὺπέρ
812 5492 904 5546 τοῦ
952 5492 1218 5565 ὀνόματος
1244 5492 1340 5547 τοῦ
1385 5494 1624 5566 Χριστοῦ
1653 5497 1852 5566 ἀτιμα-

166 5576 401 5645 σθῆναι.
429 5575 663 5648 ’Υϐρισί
698 5594 785 5642 τις
817 5581 912 5633 καὶ
942 5579 1250 5653 ἐλοιδόρησε
1286 5582 1378 5636 τὸν
1413 5581 1690 5648 τοιοῦτον;
1735 5583 1851 5638 ἀλλ’

160 5661 483 5733 ἀπαιδεύθη
516 5664 666 5736 παρά
692 5664 788 5717 τοῦ
823 5666 1060 5738 Χριστοῦ
1095 5668 1310 5740 χαίρειν
1342 5668 1436 5723 ἐπὶ
1463 5671 1584 5733 ταῖς
1640 5669 1848 5743 ὕϐρεσι.

242 5757 281 5827 .‘
302 5755 504 5827 ᾼὲἓςςοε
524 5771 639 5827 φρει
661 5760 858 5824 ἀθυμίαν
877 5762 1240 5827 ἀποκρούεσθαι.

232 5815 275 5862 δ
302 5815 758 5869 Αιίίῖιιϐαλλόντωνξ

230 5882 272 5945 ε
301 5877 477 5931 lore].
502 5886 554 5930 ει
574 5881 774 5946 quidam
795 5896 914 5935 mu.
940 5886 1183 5950 διηνεκῶς,
1206 5885 1289 5939 alii
1313 5885 1531 5948 διηνεκεῖ.

1150 268 1242 375 AD
1281 317 1605 377 POPLLUM
1645 313 2144 373 ANTIOCBENUM
2209 315 2437 372 IIOMIL.
2479 314 2662 371 XVIII.

3532 313 3636 373 {86

1974 431 2216 502 Χαίρετε
2237 433 2364 504 γάρ,
2397 430 2551 501 φησὶ,
2575 429 2673 485 καὶ
2701 430 3089 500 ἀγαλλιᾶσθε,
3119 428 3265 484 ὅταν
3284 428 3497 485 dum:
3526 430 3652 489 πᾶν

1973 519 2243 587 πονηρόν
2275 518 2440 587 ῥῆμα
2471 516 2600 571 καθ’
2625 514 2790 586 ὑμῶν
2817 516 3177 585 ψευδόμενοι
3221 516 3432 571 ἕνεκεν
3466 514 3638 586 ἐμοῦ,

1973 603 2060 657 ὅτι
2090 608 2121 659 ό
2154 605 2372 675 μισθὸς
2415 604 2585 674 ὑμῶν
2617 603 2811 669 πολὺς
2853 603 2924 657 ἐν
2952 602 3078 668 τοῖς
3129 604 3431 672 οὐρανοῖς.
3474 602 3640 658 Ἀλλά

1970 690 2111 760 νόσῳ
2142 691 2467 762 περιέπεσεν
2490 708 2504 752 ;
2530 688 2645 743 ἀλλ’
2674 689 2906 759 ἤκουσεν
2927 689 3115 759 ἐτέρου
3140 688 3639 761 παραινοῦντοςκαῖ

1970 774 2252 845 λέγοντος’
2308 777 2405 829 Ἐν
2437 776 2602 842 νόσῳ
2656 773 2757 828 καὶ
2787 775 2965 842 πενίᾳ
3008 769 3103 827 ἐπ’
3144 767 3303 840 αὐτῷ
3342 773 3640 842 πεποιθὼς

1969 863 2164 933 γίνου,
2188 863 2277 917 ὅτι
2307 862 2510 930 ὥσπερ
2546 863 2615 916 ἐν
2631 861 2771 931 πυρὶ
2795 859 3159 930 δοκιμάζεται
3179 857 3430 931 χρυσὸς,
3448 861 3638 929 οὕτως

1970 948 2268 1017 ἅνθρωποι
2296 949 2495 1004 δεκτοὶ
2523 949 2592 1002 ἐν
2623 948 2850 1018 καμίνῳ
2870 946 3309 1014 ταπεινώσεως.
3343 947 3514 1001 Ὅταν
3543 944 3637 1002 οῦν

1974 1037 2119 1107 μήτε
2141 1035 2389 1099 θάνατος.
2422 1037 2559 1106 μήτε
2588 1033 2763 1106 ζημία
2796 1034 3121 1107 χρημάτων,
3171 1035 3311 1106 μήτε
3351 1033 3507 1097 νόσος
3532 1030 3638 1088 σώ-

1972 1138 2160 1191 ματος,
2198 1123 2334 1195 μήτε
2373 1123 2563 1192 ἀτιμία
2584 1162 2598 1186 ,
2635 1123 2770 1193 μήτε
2804 1120 3072 1193 λοιδορία,
3105 1120 3243 1193 μήτε
3283 1118 3412 1174 ἀλλο
3443 1136 3497 1174 τι
3523 1120 3635 1175 τῶν

1967 1210 2228 1265 τοιούτων
2265 1211 2432 1283 μηδὲν
2460 1212 2698 1281 λυπῆσαι
2746 1209 2907 1265 αὐτὸν
2962 1208 3208 1281 δύνηται,
3244 1206 3382 1264 ἀλλά
3418 1209 3514 1263 καὶ
3547 1208 3638 1262 εὐ-

1968 1297 2169 1369 φραίνῃ
2207 1298 2426 1369 μᾶλλον,
2466 1297 2626 1352 ποίαν
2663 1296 2900 1368 ἀθυμίας
2927 1295 3183 1350 ὑπόθεσιν
3231 1296 3343 1364 ἕξει
3369 1295 3532 1364 ποτέ;
3567 1295 3638 1350 Τί

1968 1381 2080 1446 οὖν,
2113 1385 2214 1437 οὐκ
2244 1384 2490 1454 ἠθύμουν
2530 1385 2578 1437 οί
2618 1383 2784 1453 ἅγιοι,
2832 1384 3029 1454 φησίν;
3052 1384 3152 1436 οὐκ
3175 1383 3395 1447 ἀκούεις
3419 1383 3634 1438 Παύλου

1966 1470 2237 1539 λέγοντος,
2274 1471 2446 1538 Λύπη
2486 1471 2592 1541 μοι
2633 1471 2763 1524 ἐστι
2803 1468 3061 1540 μεγάλη,
3111 1470 3211 1525 καὶ
3255 1469 3640 1537 ἀδιάλειπτος

1968 1557 2155 1625 ὀδύνη
2207 1554 2284 1625 τῇ
2332 1557 2549 1626 καρδίᾳ
2574 1574 2733 1627 μου;
2788 1556 2931 1610 Αὐτὸ
2982 1556 3081 1628 μὲν
3109 1552 3200 1610 οὖν
3249 1553 3407 1612 τοῦτό
3432 1558 3549 1611 ἐστι
3573 1555 3638 1610 τὸ

1968 1642 2308 1714 θαυμαστὸν,
2336 1644 2419 1697 ὅτι
2449 1645 2483 1714 ή
2529 1643 2675 1714 λύπη
2707 1643 2898 1716 κέρδος
2942 1643 3035 1697 καὶ
3074 1643 3266 1714 ἡδονήν
3297 1642 3399 1715 τὴν
3420 1644 3501 1697 ’ἐκ
3539 1641 3639 1697 τοῦ

1966 1730 2195 1794 πένθους
2228 1729 2256 1770 ά
2310 1730 2525 1801 ἔφερεν.
2566 1731 2775 1802 Ὠσπερ
2796 1730 2903 1801 γὰρ
2924 1730 2979 1783 al
3009 1731 3271 1801 μάστιγες
3297 1730 3397 1784 οὐκ
3422 1726 3636 1795 ὀδύνας,

1965 1817 2101 1873 ἀλλὰ
2138 1817 2335 1889 χαράν,
2373 1817 2514 1871 οὓτω
2563 1821 2659 1871 καὶ
2702 1816 2737 1889 ὴ
2780 1816 2925 1888 λύπη
2975 1817 3139 1871 πάλιν
3197 1816 3324 1882 τοὺς
3355 1815 3629 1889 μεγάλους

1965 1902 2205 1965 ἐκείνους
2235 1901 2515 1975 προεξένει
2558 1903 2878 1972 στεφάνους.
2910 1902 3022 1957 Kal
3068 1900 3131 1956 τὸ
3152 1901 3452 1975 παράδοξον
3476 1902 3636 1956 τοῦτό

1966 1990 2230 2056 ἐστιν,δτι
2249 1989 2343 2044 τοῦ
2382 1991 2586 2063 κόσμου
2619 1991 2717 2062 μὲν
2747 1991 2901 2063 οὐχή
2934 1990 3141 2062 ἀθυμία
3181 1991 3361 2062 μόνον,
3382 1990 3517 2045 ἀλλά
3539 1990 3635 2045 καὶ

1965 2078 1999 2148 ή
2014 2078 2156 2148 χαρά
2177 2075 2377 2149 ζημίαν
2392 2078 2505 2149 ἔχει
2534 2078 2632 2151 τὴν
2654 2078 2907 2149 ἐσχάτην⁸
2932 2078 3025 2131 ἐπὶ
3044 2076 3100 2132 δέ
3119 2075 3227 2131 τῶν
3247 2077 3636 2149 πνευματικῶν

1962 2163 2271 2218 τούναντίον
2302 2164 2471 2230 ἀπαν,
2513 2164 2612 2234 οὐχ
2637 2165 2672 2235 ή
2695 2163 2841 2236 χαρά
2868 2163 3050 2235 μόνον,
3087 2162 3222 2217 ἀλλὰ
3239 2163 3332 2218 καὶ
3359 2164 3393 2235 ἡ
3417 2163 3631 2235 ἀθυμία

1965 2252 2131 2305 πολὺν
2161 2252 2273 2323 ἔχει
2320 2252 2431 2306 τῶν
2471 2252 2693 2320 ἀγαθῶν
2722 2252 2816 2305 τὸν
2854 2251 3162 2323 θησαυρόν
3199 2251 3295 2305 καὶ
3333 2250 3472 2317 πῶς,
3518 2249 3632 2320 ἐγὼ

1964 2335 2127 2406 λέγω.
2177 2336 2372 2409 Χαίρει
2403 2354 2487 2402 τις
2531 2339 2589 2391 ἐν
2629 2338 2708 2409 τῷ
2741 2338 2930 2409 κόσμῳ
2970 2336 3231 2401 πολλάκις
3269 2335 3464 2408 ἐχθρὸν
3503 2336 3634 2389 δυσο

1963 2426 2274 2498 ημεροῦντα
2332 2426 2489 2491 ίδὼν,
2534 2427 2630 2480 καὶ
2662 2426 2751 2480 διὰ
2797 2424 2896 2497 τῆς
2954 2427 3129 2498 χαρᾶς
3179 2425 3385 2497 ταύτης
3426 2424 3636 2499 πολλὴν

1963 2511 2268 2565 ἐπισπᾶται
2301 2511 2481 2583 ἐαυτῷ
2514 2511 2614 2583 τὴν
2647 2512 2905 2565 κόλασιν·
2940 2512 3098 2580 ἀλγεῖ
3124 2524 3209 2575 τις
3251 2511 3412 2565 πάλιν
3445 2511 3634 2583 ἔτερος

1962 2598 2053 2652 τὸν
2077 2598 2306 2669 ἀδελφὸν
2336 2600 2571 2653 πεσόντα
2615 2598 2759 2665 ίδὼν,
2800 2599 2895 2652 καὶ
2920 2596 3009 2653 διὰ
3034 2598 3135 2670 τῆς
3164 2597 3404 2668 ἀθυμίας
3427 2597 3635 2671 ταύτης

1964 2683 2164 2756 πολλὴν
2194 2684 2373 2756 ἐαυτῷ
2408 2683 2561 2756 παρὰ
2596 2684 2674 2754 τῷ
2695 2683 2814 2756 Θεῷ
2833 2684 3086 2755 προξενεῖ
3105 2682 3205 2754 τὴν
3230 2683 3466 2738 εὔνοιαν.

2044 2770 2205 2843 Ὁρᾷς
2240 2771 2356 2836 πῶς
2379 2774 2413 2842 ή
2449 2771 2587 2825 κατά
2622 2771 2753 2824 Θεὸν
2780 2770 2925 2842 λύπη
2953 2771 3050 2841 τῆς
3088 2767 3184 2824 τοῦ
3221 2769 3427 2842 κόσμου
3458 2770 3635 2842 χαρᾶς

1965 2854 2189 2925 βελτίων
2221 2855 2314 2908 καὶ
2351 2854 2778 2926 χρησιμωτέρας
2822 2852 2977 2908 Οὕτω
3009 2856 3101 2907 καὶ
3135 2852 3346 2917 Παῦλος
3386 2852 3637 2907 ἐλυπεῖτο

1962 2938 2050 2995 διὰ
2073 2943 2198 3005 τοὺς
2230 2940 2667 3013 ἁμαρτάνοντας,
2694 2940 2783 2993 διὰ
2812 2942 2939 3005 τοὺς
2987 2937 3353 3003 ἀπιστοῦντας
3381 2940 3460 3011 τῷ
3490 2940 3631 3011 Θεῷ,

1962 3031 2181 3102 καὶτῆς
2223 3028 2401 3101 λύπης
2432 3027 2636 3100 ταύτης
2670 3028 2837 3082 πολὺν
2882 3020 3021 3099 εἶχεν
3081 3026 3443 3097 ἀποκείμενον
3484 3027 3639 3100 αὐτῷ

1962 3116 2053 3174 τὸν
2091 3118 2304 3191 μισθόν.
2337 3118 2454 3172 Ἵνα
2507 3116 2564 3171 δὲ
2613 3117 2946 3189 σαφέστερον
2992 3116 3020 3169 δ
3069 3115 3214 3184 λέγω
3265 3117 3496 3186 ποιήσω,
3540 3116 3637 3169 καὶ

1966 3206 2195 3279 μάθητε,
2221 3204 2317 3269 ὡς,
2348 3207 2397 3259 εί
2435 3204 2529 3258 καὶ
2563 3204 2867 3275 παράδοξον
2906 3204 2966 3257 τὸ
3006 3202 3315 3274 εἰρημένον,
3344 3202 3459 3256 ἀλλ’
3483 3204 3637 3274 ὅμως

1962 3293 2109 3345 ἐστὶν
2138 3291 2357 3362 ἀληθὲς,
2384 3287 2480 3345 καὶ
2520 3286 2661 3344 οἶδεν
2687 3292 2716 3344 ό
2745 3289 2945 3360 θρῆνος
2983 3289 3244 3353 πολλάκις
3291 3289 3636 3344 ἀνακτᾶσθαι

1959 3377 2057 3442 τὰς
2087 3377 2429 3448 ὀδυνωμένας
2461 3376 2659 3448 ψυχὰς,
2688 3376 2784 3429 Xal
2811 3375 3091 3446 κουφίζειν
3121 3374 3362 3438 συνειδὸς
3401 3375 3633 3447 βεϐαρη-

1964 3463 2146 3533 μένον,
2193 3463 2387 3517 πολλαὶ
2433 3463 2692 3526 πολλάκις
2720 3464 2978 3530 γυναῖκες
3026 3460 3399 3515 ἀποϐαλοῦσαι
3444 3462 3637 3527 παῖδας

1963 3551 2397 3614 ποθεινοτάτους,
2449 3549 2517 3603 ἂν
2558 3549 2658 3620 μὲν
2712 3547 2995 3602 κωλυθῶσι
3040 3547 3307 3619 δακρῦσαι
3350 3549 3446 3602 καὶ
3497 3552 3633 3621 θρηκ

1960 3637 2121 3708 νῆσαι
2168 3638 2262 3691 καὶ
2314 3634 2714 3707 ὀλοφύρασθαι,
2760 3634 3184 3706 διαρρήγνυνται
3231 3636 3328 3688 καὶ
3361 3635 3631 3690 ἀπόλλυν-

1960 3742 2080 3779 ται·
2132 3726 2197 3779 ἂν
2235 3725 2290 3779 δὲ
2324 3725 2393 3778 τὰ
2428 3724 2537 3778 τῶν
2598 3722 2955 3795 ἀθυμούντων
3009 3724 3308 3794 ποιήσωσιν
3375 3723 3629 3791 ἅπαντα,

1963 3812 2308 3882 κουφίζονται
2349 3813 2444 3866 καὶ
2482 3810 2838 3884 παραμυθίαν
2871 3809 3233 3881 λαμϐάνουσι.
3261 3810 3371 3864 Kal
3411 3810 3465 3864 τί
3497 3810 3630 3865 θαυ-

1964 3899 2187 3971 μαστὸν,
2232 3902 2280 3954 εί
2313 3896 2404 3953 ἐπὶ
2449 3897 2722 3969 γυναικῶν
2748 3896 2909 3951 τοῦτο
2938 3896 3243 3969 συμϐαίνει,
3273 3897 3426 3954 ιδπου
3447 3912 3511 3966 γε
3537 3898 3632 3951 καὶ

1962 3986 2125 4040 αὐτὸν
2166 3987 2257 4041 τὸν
2302 3987 2589 4059 προφήτην
2631 3985 2730 4039 ῖδοι
2759 4001 2841 4048 τις
2888 3982 2955 4037 ἂν
2988 3982 3151 4039 τοῦτο
3182 3982 3496 4054 πάσχοντας
3530 3982 3632 4037 Διά

1962 4072 2118 4128 τοῦτο
2148 4075 2386 4146 συνεχῶς
2414 4073 2599 4143 ἔλεγεν
2617 4089 2632 4104 ο
2654 4072 2863 4142 Ἄφετέ
2882 4088 2979 4141 με,
3007 4071 3229 4140 πικρῶς
3256 4072 3593 4141 κλαύσομαι
3609 4087 3627 4105 ο

1956 4161 2042 4231 μὴ
2078 4164 2485 4233 κατισχύσητε
2529 4158 3015 4230 παρακαλοῦντες
3044 4159 3143 4213 ἐπὶ
3186 4157 3252 4212 τὸ
3292 4159 3631 4229 σύντριμμα

1960 4250 2073 4320 τῆς
2108 4252 2398 4323 θυγατρός
2432 4249 2541 4305 τοῦ
2575 4249 2789 4321 γένους
2837 4265 2979 4319 μου.
3008 4248 3171 4301 Ὥστε
3220 4246 3339 4300 ἐστὶ
3372 4247 3629 4309 πολλάκις

1961 4337 2107 4411 λύπη
2132 4337 2486 4411 παραμυθίαν
2507 4338 2775 4409 φέρουσαο
2797 4336 2845 4388 εί
2865 4334 2922 4387 δὲ
2954 4334 3048 4388 ἐπὶ
3062 4331 3157 4388 τοῦ
3178 4332 3386 4405 κόσμου
3405 4333 3565 4388 τοῦτο
3578 4344 3627 4397 ο,

1961 4425 2143 4497 πολλῷ
2183 4426 2382 4497 μᾶλλον
2428 4423 2656 4479 ἐπὶτῶν
2686 4420 3074 4493 πνευματικῶν
3121 4420 3485 4492 πραγμάτων.
3525 4421 3628 4475 Διά

1961 4511 2116 4565 τοῦτό
2154 4529 2351 4583 φησιν·
2395 4512 2457 4568 Ἠ
2489 4509 2558 4566 δὲ
2602 4510 2754 4564 κατὰ
2794 4507 2942 4563 Θεὸν
2972 4508 3139 4575 λύπη
3184 4504 3511 4577 μετάνοιαν
3538 4508 3629 4573 εις

1961 4601 2265 4669 σωτηρίαν
2315 4597 2726 4667 ἀμετάϐλητον
2755 4596 2776 4635 ί
2831 4593 3262 4665 κατεργάζεται.
3313 4593 3423 4649 Kal
3480 4594 3627 4647 δοκεῖ

1964 4686 2063 4758 μὲν
2116 4684 2273 4738 τοῦτο
2331 4684 2540 4755 ἀσαφὲς
2594 4680 2769 4737 εἶναι’
2823 4680 2977 4756 [185]
3017 4682 3047 4736 δ
3082 4681 3140 4736 δέ
3188 4680 3336 4750 λέγει
3386 4680 3626 4735 τοιοῦτόν

1962 4777 2110 4826 ἐστιν
2129 4790 2142 4804 ·
2177 4774 2275 4827 Ἂν
2308 4771 2556 4845 λυπηθῇς
2587 4771 3000 4843 ἐπὶοχρήμασιν,
3030 4769 3184 4825 οὐδὲν
3214 4768 3501 4840 ὠφέλησας
3519 4783 3534 4798 ο
3558 4767 3627 4822 ἀν

1959 4858 2208 4932 λυπηθῇς
2250 4860 2342 4913 ἐπὶ
2406 4860 2710 4930 νοσήματι,
2753 4858 2907 4913 οὐδὲν
2970 4857 3306 4929 ἐκέρδανας,
3351 4854 3490 4911 ἀλλά
3529 4857 3626 4909 καὶ

1960 4946 2255 5021 ἐπέτριψας
2281 4945 2475 5000 σαυτὸν
2505 4947 2530 4988 ι
2559 4944 2778 5017 μᾶλλον.

2028 5044 2099 5107 γ’.
2121 5037 2232 5091 Kal
2276 5034 2487 5089 πολλῶν
2538 5034 2714 5104 ἔγωγε
2766 5033 2979 5105 ηκουσα
3030 5028 3168 5103 μετά
3217 5028 3319 5101 τὴν
3366 5026 3623 5101 τοιαύτην

1960 5126 2158 5197 πεῖραν
2197 5121 2538 5193 αἰτιωμένων
2565 5122 2661 5175 καὶ
2691 5120 2829 5191 πρὸς
2859 5117 3084 5180 ἐαυτοὺς
3120 5113 3386 5183 λεγόντων
3406 5130 3423 5145 ο
3453 5115 3520 5168 Τί
3557 5117 3622 5170 τὸ

1959 5209 2169 5281 δφελος,
2199 5210 2282 5264 δτι
2327 5209 2578 5281 ήλγησας
2614 5206 2739 5261 οὐτε
2779 5205 3038 5277 χρήματα
3068 5201 3473 5274 ἀνεκτησάμην,
3522 5204 3621 5258 καὶ

1962 5297 2195 5371 ἐμαυτὸν
2238 5296 2468 5367 ἔϐλαψα.
2501 5297 2601 5351 Ἂν
2631 5296 2689 5350 δέ
2713 5293 2960 5365 λυπηθῇς
2993 5291 3079 5361 ἐφ’
3106 5290 3373 5363 ἁμαρτίᾳ,
3414 5289 3622 5363 ταύτην

1959 5400 2019 5437 τε
2054 5381 2344 5456 ἐξήλειψας
2380 5384 2474 5437 καὶ
2511 5380 2820 5452 ἐκαρπώσω
2853 5377 3116 5451 μεγίστην
3158 5377 3392 5450 ήδονήνο
3424 5377 3494 5433 ἀν
3529 5378 3624 5434 λυ-

1962 5470 2141 5542 πηθῇς
2188 5470 2282 5523 ἐπὶ
2330 5472 2443 5533 τοῖς
2486 5467 2735 5537 ἀδελφοῖς
2782 5468 2899 5531 τοῖς
2945 5464 3278 5531 πεπτωκόσι,
3310 5465 3507 5520 σαυτόν
3558 5484 3623 5524 τι

1960 5559 2344 5633 παρεκάλεσας
2395 5558 2491 5614 καὶ
2542 5557 2947 5630 παρεμυθήσω,
2992 5556 3284 5620 κάκείνους
3336 5556 3622 5631 ἀνεκτήσω

2022 5646 2155 5721 ἐέξο
2173 5642 3053 5721 ἓ³νὶ¹.·νε¹.¹ετ.9¹,ῗῖῖέἕερξθῖκῃεὲῗκ
3138 5703 3153 5720 ,

2025 5712 2049 5739 ⁸
2077 5708 2161 5758 δίο
2182 5706 2335 5757 Savil.
2360 5701 2529 5766 ειὶιιί,
2552 5701 2917 5757 τετταεόὶιοω
2949 5711 3059 5756 erat
3072 5701 3424 5766 τούτουηεοιτ.

2032 5766 2059 5831 ζ
2080 5770 2231 5831 8αγ11.
2265 5773 2320 5831 e_t
2357 5761 2701 5831 alitem
2726 5767 3120 5831 ἀμεταμέλητον,
3158 5774 3215 5814 οι
3243 5761 3314 5814 sic
3350 5761 3529 5825 legitur
3562 5762 3616 5811 in

1963 5829 2251 5899 φαίδρω
2258 5826 2612 5899 ,Βρίξιοιετυιιί
2621 5828 2761 5899 Bauli
2775 5826 3164 5899 ξειειίιριριψιιε.

2030 5896 2056 5937 Ι
2079 5890 2234 5944 Recto
2257 5886 2408 5944 Salii.
2438 5892 2629 5945 σαυτόν.
2644 5889 2925 5955 Legebantur
2936 5886 3078 5937 ἀύτὸ.
3107 5886 3237 5938 Enn.
