4020 6216
188 316 289 369 {35

182 431 447 498 profueris
467 471 483 494 ,
523 431 807 484 maximam
830 430 995 484 habes
1023 430 1342 483 mercedem.
1379 428 1444 483 Et
1474 438 1528 482 ut
1554 429 1726 482 discas
1750 471 1765 495 ,

176 523 324 593 quod
354 522 422 577 de
466 522 629 592 lapsis
667 522 897 586 tristari,
926 522 1026 576 etsi
1057 522 1187 576 nihil
1238 536 1552 591 prosumus,
1595 523 1766 576 mati-

177 629 327 668 mam
383 613 537 666 nobis
588 612 991 666 retributionem
1036 612 1220 676 aﬂ’ert,
1254 612 1376 666 audi
1431 612 1764 667 Ezechielcm

173 703 479 767 dicentem,
524 704 633 755 imo
685 717 812 756 vere
860 701 1025 755 Deum
1085 716 1178 772 per
1216 703 1386 772 ipsum
1438 703 1763 773 loquentem.

175 793 469 862 Postquam
522 792 663 847 enim
714 792 859 846 misit
899 793 1156 862 quosdam
1219 793 1286 848 ad
1351 794 1762 848 subvertendnm

173 884 366 939 urbem
385 926 400 946 ,
428 893 483 939 et
507 882 651 938 ferro
678 893 732 937 et
756 884 861 950 igni
891 884 1310 939 consumendum
1342 885 1559 939 :cdiiicia
1588 886 1763 937 omnia

170 991 302 1030 cum
331 974 714 1030 habitatoribus
742 975 869 1044 ipsis
894 1016 907 1035 .
931 975 1157 1044 imperat
1188 975 1396 1029 cuidam
1425 975 1502 1030 sic
1538 975 1723 1031 dicens
1748 992 1761 1028 :

173 1065 264 1118 Da
300 1067 499 1135 signum
541 1065 593 1118 in
635 1066 764 1135 facie
800 1067 1021 1119 virorum
1064 1068 1365 1135 gementium
1402 1075 1448 1119 et
1491 1067 1763 1121 dolentium

172 1156 392 1228 (Ezech.
428 1157 481 1210 9.
511 1155 588 1227 ι).
620 1157 831 1210 Etcum
873 1156 990 1209 aliis
1029 1158 1372 1224 imperasset,
1402 1166 1455 1211 et
1497 1158 1762 1213 dixisset:

164 1249 215 1300 Α
263 1249 451 1301 sanctis
492 1249 614 1300 meis
660 1248 867 1316 incipite
893 1262 912 1300 :
940 1247 1114 1301 intulit
1156 1248 1380 1301 dicens:
1420 1249 1592 1317 Supra
1641 1266 1765 1318 quos

162 1348 343 1391 autent
369 1348 440 1393 est
466 1339 683 1407 signum,
718 1355 780 1390 ne
816 1339 952 1407 ipsos
980 1340 1169 1408 tangite
1200 1339 1304 1409 (Ib.
1336 1355 1383 1392 υ.
1407 1340 1484 1409 6).
1517 1341 1648 1408 Qua,
1677 1341 1765 1395 dic

165 1429 308 1483 mihi
336 1469 352 1493 ,
376 1429 574 1483 causa?
598 1427 856 1495 Quoniam
887 1430 986 1481 etsi
1018 1429 1145 1482 nihil
1179 1439 1435 1497 prosunt,
1466 1440 1642 1483 tamen
1672 1447 1765 1499 ge-

165 1530 331 1575 munt
360 1537 478 1588 qua:
502 1529 759 1589 geruntur
787 1528 841 1574 et
865 1519 1162 1587 deplorant.
1197 1521 1263 1574 Et
1291 1520 1423 1575 alios
1455 1536 1639 1574 rursus
1668 1537 1761 1574 ac-

163 1620 325 1665 cusat
352 1652 366 1673 ,
397 1611 617 1667 dicens:
651 1610 835 1665 Ventri
878 1620 932 1665 et
977 1610 1185 1665 deliciis
1223 1620 1490 1675 vacantes,
1522 1621 1574 1665 ct
1601 1613 1763 1666 multa

166 1706 443 1771 potientes
482 1704 725 1758 libertate
744 1702 1028 1768 ,‘Videutes
1053 1703 1267 1757 Judaeos
1317 1703 1366 1756 in
1399 1703 1760 1771 captivitatem

165 1796 389 1859 deduci,
419 1811 524 1848 non
556 1794 855 1855 doluerunt,
882 1809 986 1847 non
1015 1794 1299 1862 participes
1328 1795 1472 1847 fuere
1496 1795 1719 1848 tristiti:c
1746 1813 1760 1849 :

164 1898 223 1941 ct
250 1888 399 1956 ipsos
425 1902 683 1941 accusans
728 1888 840 1940 ait:
874 1885 1025 1941 Nihil
1048 1888 1186 1957 passi
1212 1896 1329 1939 sunt
1372 1888 1423 1939 in
1464 1889 1760 1942 contritione

164 1977 370 2046 Joseplt
416 1977 636 2045 (Amos.
669 1976 723 2031 6.
767 1976 872 2047 6),
933 1976 1129 2045 Joseph
1178 1976 1452 2045 appellans
1506 1978 1760 2045 populum

166 2082 411 2121 omnem.
441 2067 508 2120 Et
545 2084 756 2120 rursum
791 2084 804 2120 :
847 2066 968 2120 Non
1002 2068 1120 2120 exiit
1167 2082 1280 2131 qua!
1321 2067 1508 2119 habitat
1539 2066 1719 2121 Euan
1740 2109 1757 2134 ,

169 2161 418 2227 plangere
444 2159 646 2210 domum
673 2173 780 2210 sua:
799 2159 1119 2227 conjunclant
1146 2156 1222 2227 (Μ
1231 2157 1328 2209 iclt.
1359 2157 1405 2210 1.
1426 2155 1531 2227 ll).
1560 2157 1760 2224 Quam-

168 2249 251 2301 vis
296 2247 438 2301 enim
485 2248 625 2315 juste
656 2248 937 2315 puniantur
961 2288 975 2309 ,
1008 2246 1119 2299 vult
1147 2247 1283 2298 Deus
1314 2261 1409 2299 nos
1438 2246 1757 2313 cundolere,

168 2353 281 2392 non
333 2347 511 2391 autem
540 2337 770 2405 gaudere
818 2346 871 2389 et
915 2336 1190 2390 insultare.
1220 2336 1273 2390 Si
1318 2336 1493 2399 enim,
1524 2337 1628 2401 ait,
1660 2352 1761 2405 ego

170 2430 405 2501 puniens
434 2443 537 2482 non
570 2430 722 2482 hctus
751 2428 851 2481 hoc
880 2426 1039 2494 facio,
1069 2444 1167 2482 nec
1198 2430 1248 2481 iu
1280 2429 1513 2496 ipstirum
1553 2428 1757 2483 ultione

170 2523 419 2575 delector
461 2518 607 2590 (Non
650 2522 789 2575 enim
817 2522 1069 2575 voluntate
1099 2522 1208 2575 volo
1234 2532 1442 2575 mortem
1489 2522 1761 2592 peccatoris

170 2612 389 2683 [Ezeclu
412 2614 497 2667 18.
526 2612 645 2685 23])
670 2630 685 2679 ;
715 2622 924 2682 oportet
952 2623 1005 2667 et
1034 2622 1087 2667 te
1127 2614 1405 2667 Dominum
1449 2614 1678 2679 imitari,
1707 2623 1761 2668 et

173 2715 461 2773 propterea
508 2705 691 2775 lugere
714 2746 729 2769 ,
759 2706 1007 2774 quoniam
1062 2715 1308 2775 peccator
1347 2705 1503 2775 justa:
1545 2707 1760 2780 ultionis

173 2807 335 2850 math
350 2796 455 2850 iam
479 2797 704 2865 praebuit
727 2790 781 2851 et
801 2797 1155 2851 occasionem.
1183 2796 1360 2866 Itaque
1386 2797 1429 2851 si
1452 2798 1571 2866 quis
1597 2798 1756 2852 etiam

169 2889 470 2943 secundum
517 2889 681 2944 Deum
709 2890 946 2943 tristetur
970 2929 986 2955 ,
1014 2906 1257 2960 magnam
1284 2890 1404 2945 inde
1435 2891 1596 2944 sumit
1622 2890 1761 2945 utili-

171 2991 364 3035 tatem.
388 2979 522 3033 Cum
559 2979 717 3049 igitur
741 2980 1004 3034 beatiores
1039 2982 1144 3035 sint
1173 2981 1418 3049 ﬂagellati
1444 2980 1759 3050 ﬂagellanti-

177 3072 280 3126 bus
303 3114 322 3137 ,
347 3080 403 3126 et
427 3071 519 3142 qui
557 3071 696 3141 apud
738 3087 835 3125 nos
876 3072 1200 3141 affliguntur,
1234 3074 1431 3128 exteris
1485 3072 1671 3141 positis
1705 3072 1757 3126 in

172 3164 529 3227 remissione,
554 3173 608 3217 et
632 3163 871 3218 dolentes
894 3164 1245 3234 gaudentibus
1275 3182 1289 3218 :
1319 3181 1437 3234 qua:
1468 3165 1624 3218 nobis
1647 3180 1760 3218 am-

173 3254 322 3323 plius
361 3252 469 3308 erit
528 3253 876 3308 tribulationis
919 3255 1172 3308 occasio?
1215 3255 1499 3324 Protiterea
1546 3256 1758 3310 beatqu

173 3344 366 3399 haberi
404 3343 654 3398 convenit
691 3344 993 3410 neminem,
1020 3345 1120 3399 nisi
1158 3346 1449 3400 secundum
1479 3347 1643 3401 Deum
1678 3347 1759 3401 vi.

171 3445 395 3488 ventem
426 3435 620 3489 solum.
644 3434 753 3489 llos
768 3450 980 3505 quoque
1007 3435 1151 3490 solos
1180 3436 1450 3505 Scriptum
1468 3437 1649 3491 beatos
1669 3453 1761 3490 vo-

175 3536 264 3580 cat
285 3544 302 3577 :
328 3525 499 3594 inquit
531 3526 671 3579 enim
696 3542 711 3579 :
737 3524 924 3579 Beatus
952 3528 1045 3592 vir,
1075 3527 1162 3597 qui
1185 3542 1285 3579 non
1313 3526 1431 3579 abiit
1473 3528 1525 3579 in
1553 3527 1761 3580 consilio

174 3617 455 3683 impiorum
481 3615 652 3688 (Psal.
680 3617 731 3670 1.
765 3617 818 3685 1)
847 3635 859 3671 :
891 3614 1074 3670 Beatus
1097 3633 1244 3689 quem
1270 3628 1323 3671 tu
1355 3619 1614 3683 erudieris,
1653 3619 1758 3671 Do-

175 3709 339 3767 mine.
366 3717 414 3759 et
440 3708 502 3760 de
524 3708 633 3775 lege
657 3717 744 3760 tua
764 3708 996 3760 docueris
1024 3724 1133 3761 eum
1153 3723 1171 3761 :
1190 3707 1333 3760 Beati
1370 3710 1682 3762 imntaculati
1706 3710 1760 3763 in

171 3800 255 3850 eia
274 3814 296 3852 :
331 3795 476 3851 Beati
502 3813 675 3851 omnes
702 3799 788 3867 qui
820 3798 1080 3866 conﬁdunt
1113 3800 1166 3851 in
1204 3815 1261 3851 eo
1284 3814 1304 3852 :
1333 3797 1516 3852 Beatus
1546 3800 1762 3869 populus

173 3891 331 3961 cujus
359 3887 606 3942 Dominus
632 3887 769 3942 Deus
797 3892 907 3959 ejus
934 3890 951 3921 ⁸
978 3889 1144 3961 (Psal.
1175 3892 1264 3946 95.
1288 3891 1372 3944 12.
1404 3901 1451 3944 et
1487 3893 1607 3945 118.
1636 3892 1686 3945 1.
1714 3901 1762 3945 et

174 3979 229 4032 2.
288 3980 377 4033 I3.
420 3991 468 4031 et
508 3979 596 4033 52.
648 3980 752 4049 12)
784 3999 798 4033 :
830 3979 1014 4033 Beatus
1063 3997 1208 4044 quem
1264 3998 1363 4034 non
1415 3981 1762 4034 condemnavit

174 4070 355 4123 anima
383 4070 492 4137 ejus
523 4068 706 4139 (Eccli.
740 4071 824 4124 14.
842 4069 897 4139 2)
930 4070 1152 4124 :Beatns
1180 4073 1273 4135 vir,
1302 4072 1388 4139 qui
1424 4073 1559 4124 timet
1585 4072 1762 4125 Domi-

174 4176 301 4211 num
336 4158 505 4221 (Psal.
526 4160 646 4213 111.
674 4160 741 4229 1).
774 4160 837 4214 Et
867 4177 1071 4213 rursum
1094 4163 1171 4215 sic
1192 4161 1471 4215 Christus:
1507 4161 1649 4215 Beati
1677 4163 1763 4231 qui

175 4252 357 4319 lugent
376 4292 392 4314 ,
420 4251 550 4304 beati
582 4250 825 4314 humiles,
856 4252 982 4304 beati
1004 4253 1146 4305 mites
1165 4292 1181 4317 ,
1214 4253 1343 4305 beati
1370 4253 1570 4323 ρ(ιείΙὶσί
1589 4296 1601 4315 ,
1634 4254 1761 4307 beati

175 4341 264 4408 qui
294 4341 726 4407 persequutionem
756 4343 1016 4409 patiuntur
1039 4355 1243 4412 prapter
1256 4345 1510 4414 justitiam
1539 4347 1557 4414 (
1574 4343 1758 4398 Matth.

177 4430 233 4481 5.
258 4429 442 4499 3-10).
478 4429 639 4485 Vides
663 4432 927 4501 quomodo
955 4434 1139 4487 nullibi
1166 4434 1383 4487 divitum
1414 4450 1761 4505 quemquam,

178 4534 289 4574 non
311 4533 657 4589 generosum,
679 4538 782 4575 non
805 4523 970 4591 gloria
1000 4525 1222 4592 potitum
1248 4525 1546 4579 beatificant
1571 4526 1763 4581 divina.-

176 4610 332 4678 leges
353 4648 368 4672 ,
393 4608 487 4664 sed
518 4609 765 4664 virtutem
795 4620 998 4665 tantum
1039 4626 1381 4682 assequutum
1408 4615 1430 4667 ?
1456 4614 1605 4680 Quod
1629 4632 1766 4685 quae.

176 4705 319 4753 ritur
362 4699 501 4753 cnim
526 4741 542 4764 ,
584 4701 636 4753 in
656 4702 909 4777 pmnibus
931 4742 946 4766 ,
980 4718 1097 4772 qua:
1139 4703 1359 4758 facimus
1388 4706 1471 4758 vel
1500 4706 1724 4773 patimur
1744 4746 1759 4769 ,

175 4791 275 4844 Dei
305 4790 552 4845 timorem
579 4806 700 4846 esse
723 4793 1008 4856 convenit,
1033 4805 1085 4848 et
1114 4795 1157 4848 si
1202 4795 1337 4848 hanc
1365 4798 1659 4865 prmonitus
1688 4812 1766 4850 ra-

173 4887 362 4937 dicem
389 4923 406 4949 ,
434 4898 540 4938 non
586 4885 831 4939 remissio
882 4895 1082 4940 tantum
1108 4928 1122 4950 ,
1155 4904 1253 4941 nec
1301 4888 1530 4942 honores
1554 4928 1567 4952 ,
1595 4904 1766 4958 neque

170 4978 355 5046 gloria
402 4989 563 5048 atque
614 4979 945 5046 ministeria,
988 4997 1171 5036 verum
1218 4991 1272 5035 ct
1314 4980 1674 5035 infe-stationes
1715 4993 1768 5035 et

169 5069 489 5133 calumnias,
509 5079 566 5124 ct
587 5071 943 5137 contumeliae,
968 5080 1022 5125 et
1043 5072 1364 5138 ignominitc,
1393 5080 1447 5125 et
1479 5083 1763 5135 tormenta,

169 5172 225 5213 et
252 5161 442 5214 omnia
473 5162 793 5231 generaliter
819 5164 1100 5232 voluptatis
1128 5163 1329 5217 fructus
1367 5164 1458 5217 tibi
1503 5165 1768 5232 germina-

170 5256 338 5308 bunt.
376 5252 438 5307 Et
483 5255 621 5307 sicut
660 5256 907 5309 arborum
958 5255 1195 5319 radices,
1228 5256 1354 5325 ipsae
1406 5258 1616 5325 quidem
1646 5265 1768 5311 sunt

169 5362 414 5403 aniarzc.
439 5346 856 5414 jucundissimos
897 5358 1074 5402 autem
1109 5348 1261 5401 nobis
1300 5350 1500 5405 fructus
1545 5348 1721 5404 ferunt
1751 5367 1764 5403 :

170 5437 251 5489 sic
276 5435 523 5505 profecto
549 5446 603 5491 et
620 5437 909 5492 secundum
941 5438 1103 5492 Deum
1134 5439 1343 5493 tristitia
1375 5440 1591 5493 multam
1615 5440 1767 5497 nobis

168 5525 379 5581 afferet
404 5527 749 5596 voluptatem.
773 5528 973 5582 Norunt
1012 5530 1328 5599 quicumque
1356 5543 1496 5599 scopo
1524 5546 1641 5585 cum
1672 5530 1767 5585 do-

242 5660 263 5722 ?
303 5658 382 5707 sic
402 5670 612 5722 uiarum
626 5672 741 5722 pars
762 5666 868 5709 Mss.
893 5660 1032 5711 savii.
1058 5669 1223 5712 autem
1239 5670 1291 5712 et
1314 5660 1458 5712 tttorel
1482 5701 1495 5722 ,
1515 5667 1656 5722 culus
1677 5669 1764 5714 Do-

170 5720 351 5769 m
372 5721 564 5780 adjutor
586 5720 707 5776 eius.

527 5807 794 5865 l’ATnOL.
843 5806 958 5868 Gn.
1005 5803 1232 5875 XLIV.

1109 317 1197 371 AD
1237 315 1555 372 POPUHJM
1598 316 2087 371 ANTlOCllENUM
2147 318 2376 373 HOMIL.
2420 318 2601 373 XVIII.

3352 330 3448 384 188

1885 431 1996 483 lore
2021 441 2307 485 oraverunt
2331 441 2384 486 et
2404 432 2663 503 lacrymas
2695 432 2993 488 eﬂ'udcrunt
3014 479 3026 500 ,
3054 448 3301 507 quantum
3343 444 3451 495 sint

1875 520 2059 574 lucrati
2092 520 2348 586 ltctitiam,
2372 520 2639 588 quomodo
2674 523 3055 579 conscientiam
3085 531 3446 599 cxpurgarint,

1870 611 2139 680 quomodo
2183 612 2584 666 exsurrexerint
2633 626 2752 666 cum
2783 612 2917 667 bona
2948 630 3042 684 spe
3076 633 3088 645 ·
3121 619 3259 685 quod
3303 621 3443 675 enim

1869 718 2081 773 semper
2104 702 2244 769 dico,
2273 719 2379 757 non
2409 720 2586 758 rerum
2612 712 2821 771 natura,
2849 708 2941 759 sed
2968 723 3119 761 mens
3145 721 3321 765 nostra
3351 729 3448 766 nos

1866 796 2187 851 Contristare
2242 796 2325 850 vel
2363 795 2636 852 laetiﬁcare
2669 799 2965 852 consuevit.
2996 799 3052 854 Si
3100 800 3260 868 igitur
3309 805 3443 856 hanc

1868 884 2027 938 talem
2077 885 2381 950 reddamus,
2412 887 2619 955 qualem
2668 902 2788 942 esse
2826 888 2995 957 decet,
3037 892 3212 945 omnis
3254 892 3450 947 la:titi:e

1867 974 2057 1044 pignus
2085 975 2397 1031 habebimus
2428 995 2442 1031 :
2486 986 2539 1031 et
2561 978 2699 1033 sicut
2724 993 2919 1049 corpus
2947 997 3054 1035 non
3084 990 3284 1035 tantum
3309 985 3450 1038 aeris

1869 1077 2058 1120 natura
2089 1077 2177 1121 aut
2199 1069 2487 1123 exteriores
2519 1069 2783 1136 incursus,
2816 1084 3071 1141 quantum
3103 1076 3312 1143 propria
3336 1074 3449 1128 dis-

1869 1160 2061 1229 positio
2085 1171 2139 1214 et
2168 1160 2314 1214 lardit
2340 1170 2393 1214 el
2421 1161 2635 1229 adjuvat
2667 1181 2679 1215 :
2709 1162 2785 1217 sic
2810 1174 2865 1217 et
2893 1164 2943 1218 in
2971 1166 3250 1235 animahet
3277 1167 3449 1221 mulio

1868 1251 2051 1320 magis.
2086 1251 2182 1305 llic
2221 1254 2416 1305 ctenim
2462 1263 2663 1308 natur-ir
2702 1265 2783 1308 est
2814 1257 3100 1312 necessitas
3125 1299 3140 1321 ,
3171 1258 3277 1312 illic
3318 1275 3448 1311 .vero

1870 1349 2035 1393 totum
2083 1343 2133 1394 in
2165 1342 2434 1397 voluntate
2470 1344 2630 1398 situm
2678 1355 2780 1398 est.
2814 1345 3098 1414 Propterea
3130 1348 3321 1403 Paulus
3368 1351 3451 1403 in-

1867 1443 2086 1482 numera
2119 1446 2303 1498 passus
2332 1433 2503 1498 mala,
2537 1434 2805 1505 naufragia
2828 1478 2840 1497 .
2874 1437 3007 1491 bella
3030 1480 3045 1503 ,
3077 1442 3441 1509 persequutio-

1868 1534 1961 1573 nes
1980 1561 1995 1583 ,
2025 1521 2239 1575 insidias
2259 1564 2273 1587 ,
2307 1522 2567 1577 latronum
2607 1526 2867 1592 incursus,
2902 1538 2953 1582 et
2975 1545 3319 1601 quaecumque
3347 1548 3446 1587 nec.

1866 1610 2107 1664 oratione
2155 1628 2435 1668 numerare
2483 1614 2637 1680 licet,
2669 1629 2719 1670 ct
2754 1619 2990 1687 quotidie
3032 1622 3266 1676 moriens
3291 1665 3305 1687 ,
3338 1639 3443 1677 non

1867 1707 2070 1752 tantum
2103 1717 2207 1754 non
2233 1701 2446 1758 dolebat
2473 1720 2571 1759 nec
2598 1706 2966 1775 indignabatur
2989 1750 3004 1773 ,
3035 1726 3215 1764 verum
3250 1721 3305 1766 et
3341 1713 3448 1775 glo-

1867 1791 2103 1845 riabatur
2149 1802 2203 1846 et
2248 1795 2552 1862 gaudebat,
2583 1796 2897 1867 dicebatque
2928 1816 2942 1852 :
2974 1798 3126 1853 Nunc
3166 1802 3363 1869 gaudeo
3395 1804 3447 1854 iu

1865 1882 2178 1950 passionibus
2195 1885 2336 1947 meis,
2359 1894 2404 1938 et
2422 1888 2631 1955 suppleo
2652 1888 2872 1958 defectus
2893 1889 3270 1944 tribulationum
3296 1891 3443 1947 Chri-

1864 1972 1928 2025 sti
1955 1973 2007 2025 in
2035 1989 2188 2027 carne
2214 1991 2323 2027 mea
2353 1975 2567 2045 (Coloss.
2599 1977 2652 2049 1.
2674 1978 2789 2047 21).
2827 1979 2892 2032 Et
2914 1980 3102 2034 iterum
3137 2000 3151 2035 :
3182 1980 3301 2035 Non
3328 1992 3444 2035 tan-

1866 2074 1971 2118 tum
1992 2076 2177 2131 autem,
2200 2083 2370 2121 verum
2395 2078 2441 2122 et
2465 2070 2745 2139 gloriantur
2763 2071 2815 2124 in
2836 2071 3239 2145 tribulationibus
3265 2074 3444 2141 (Rom.

1863 2156 1917 2212 5.
1951 2158 1986 2214 5
2005 2155 2044 2229 ).
2070 2157 2327 2212 Gloriatio
2352 2175 2477 2213 vero
2507 2161 2790 2229 voluptatis
2812 2170 2894 2215 est
2915 2162 3157 2217 intentio.

1934 2247 1988 2300 4.
2028 2246 2081 2302 Si
2100 2247 2331 2301 lzrtitiam
2355 2249 2529 2318 itaque
2553 2250 2722 2318 cupis,
2743 2266 2846 2304 non
2881 2253 3149 2319 pecunias,
3179 2268 3283 2306 non
3307 2268 3432 2307 cor-

1866 2336 2014 2405 poris
2040 2338 2318 2391 sanitatcm
2340 2379 2354 2401 ,
2380 2355 2486 2392 non
2521 2339 2745 2409 gloriam
2767 2383 2781 2404 ,
2821 2356 2925 2394 non
2965 2343 3250 2409 potentiam
3271 2384 3287 2408 ,
3337 2360 3442 2396 non

1862 2426 2104 2493 delicias,
2134 2443 2238 2482 non
2275 2430 2446 2483 lautas
2472 2445 2682 2484 mensas
2702 2471 2716 2493 ,
2746 2447 2849 2484 non
2884 2431 3172 2486 sericarum
3218 2433 3442 2487 vestiunt

1864 2520 2090 2574 amictus
2155 2536 2363 2591 quaeras
2415 2538 2427 2573 :
2478 2538 2583 2576 non
2651 2523 2910 2591 pretiosos
2966 2538 3123 2593 agros
3186 2523 3439 2577 domosve

1864 2610 2167 2679 splendidas
2189 2620 2241 2666 et
2270 2612 2523 2677 illustres,
2546 2622 2637 2667 aut
2664 2614 2807 2668 aliud
2838 2614 3137 2683 hujusmodi
3155 2613 3441 2685 quidquam

1865 2710 2104 2767 sectare;
2137 2702 2231 2756 sed
2258 2702 2641 2772 philosophiam
2662 2746 2677 2769 ,
2706 2720 2823 2775 qua:
2846 2704 3233 2760 estsecundum
3257 2706 3444 2773 Deum,

1864 2808 2075 2860 exerce,
2102 2794 2442 2864 apprehende
2473 2796 2717 2851 virtutem
2739 2837 2753 2861 ,
2794 2805 2849 2851 et
2878 2797 2947 2850 nil
2970 2813 3153 2851 eorum
3181 2814 3299 2866 qu'e
3324 2809 3447 2851 sunt

1864 2893 1954 2938 aut
1994 2895 2403 2953 exspectantur,
2433 2894 2487 2940 te
2530 2888 2726 2956 p0tcrit
2765 2888 3086 2943 contristare
3116 2907 3129 2942 :
3158 2888 3282 2957 quid
3324 2890 3444 2945 dico

1864 2975 2227 3030 contristare?
2264 2977 2370 3031 imo
2401 2978 2641 3032 accessio
2669 2978 2761 3032 tibi
2793 2976 3079 3049 voluptatis
3124 2990 3281 3035 erunt
3324 2998 3443 3050 qua:

1864 3065 1996 3119 alios
2026 3068 2343 3121 contristant
2375 3088 2388 3121 :
2417 3069 2615 3122 etenim
2643 3068 2845 3139 ﬂagella
2867 3109 2884 3134 ,
2916 3079 3116 3124 mortes
3140 3111 3156 3134 ,
3190 3071 3402 3126 mulcta:
3421 3109 3441 3137 ,

1864 3158 2265 3223 accusationes,
2309 3172 2583 3224 terumnte,
2616 3168 2668 3213 et
2696 3158 2872 3213 omnia
2906 3160 3049 3224 talia,
3079 3174 3200 3215 cum
3228 3171 3446 3231 propter

1867 3246 2033 3300 Deum
2081 3246 2234 3300 nobis
2283 3246 2596 3313 inferantur,
2638 3258 2692 3301 et
2739 3248 2875 3303 hanc
2920 3249 3145 3304 habeant
3187 3250 3442 3315 radicem,

1864 3336 2085 3390 multam
2117 3336 2270 3391 nobis
2296 3338 2348 3391 in
2374 3338 2603 3392 animam
2631 3338 2890 3393 inducunt
2910 3341 3255 3409 voluptatem.

1936 3427 2102 3482 Nemo
2122 3446 2212 3484 nos
2228 3430 2432 3484 miseros
2448 3433 2570 3501 facit
2596 3431 2692 3484 nisi
2702 3448 2793 3485 nos
2809 3431 3110 3500 ipsL—Nos
3124 3434 3264 3487 enim
3285 3432 3445 3487 misec

1865 3534 1954 3573 ros
1971 3520 2144 3575 facere
2161 3521 2349 3589 poterit
2371 3536 2549 3586 nemo,
2572 3523 2670 3576 nisi
2703 3537 2800 3577 nos
2824 3524 2967 3591 ipsos
2996 3523 3282 3578 faciamus:
3305 3527 3445 3581 sicut

1864 3610 2067 3663 scilicet
2106 3626 2277 3680 neque
2312 3610 2515 3677 beatos,
2559 3614 2659 3667 nisi
2701 3629 2799 3668 nos
2824 3614 3147 3682 efficiamus,
3186 3627 3302 3685 post
3340 3619 3435 3671 Dei

1864 3702 2107 3770 gratiam.
2139 3701 2313 3772 thue
2340 3702 2556 3757 discatis
2585 3719 2706 3758 eum
2727 3705 2900 3759 solum
2926 3719 3045 3761 esse
3073 3705 3286 3761 beatum
3306 3748 3322 3773 ,
3350 3708 3441 3777 qui

1868 3794 2017 3848 timet
2052 3795 2330 3849 Dominum
2364 3812 2378 3846 :
2409 3810 2513 3849 non
2558 3811 2623 3850 ex
2670 3798 2974 3865 prieteritis,
3007 3812 3189 3851 verum
3240 3814 3306 3852 cx
3353 3799 3438 3863 iis,

1866 3903 1984 3954 qua:
2004 3886 2338 3955 contigerunt
2364 3888 2536 3949 nobis,
2563 3886 2665 3941 hoc
2685 3888 2836 3943 vobis
2865 3904 3005 3944 nunc
3033 3888 3433 3943 demonstrabo.

1868 3976 2167 4031 Periculum
2191 3975 2307 4038 fuit.
2336 3992 2405 4032 ne
2433 3978 2560 4032 urbs
2592 3978 2745 4032 nobis
2763 3988 2869 4034 tota
2898 3978 3187 4042 deleretur,
3216 3988 3270 4033 et
3301 3979 3442 4033 divi-

1866 4076 1976 4120 tum
2001 4067 2237 4137 quidem,
2261 4069 2543 4123 illustrium
2575 4069 2962 4139 insigniumque
2989 4072 3218 4124 virorum
3250 4072 3300 4125 in
3329 4088 3433 4125 mo-

1865 4157 1954 4212 dio
1979 4173 2238 4227 apparere
2261 4174 2421 4213 ausus
2440 4170 2519 4213 est
2551 4174 2709 4214 nemo
2728 4201 2743 4225 ,
2780 4160 2873 4214 sed
2903 4160 3148 4229 fugerunt
3173 4176 3361 4215 omnes
3383 4173 3437 4214 et

1867 4260 2241 4305 recesserunt:
2274 4251 2363 4321 qui
2393 4266 2521 4306 vero
2566 4252 2730 4305 Deum
2771 4251 3059 4318 timebant,
3098 4267 3439 4307 commoran-

1872 4352 1949 4396 tes
1977 4343 2028 4395 in
2058 4342 2411 4406 monasteriis,
2442 4342 2492 4395 hi
2523 4341 2687 4395 multa
2709 4357 2829 4396 cum
2849 4340 3037 4395 ﬁducia
3074 4353 3436 4404 accorrentes,

1866 4433 2042 4487 omnia
2067 4434 2340 4487 solverunt
2363 4451 2376 4486 :
2403 4442 2456 4487 et
2483 4442 2682 4486 tantum
2705 4431 2871 4486 abfuit
2894 4443 2948 4486 ut
2985 4432 3276 4487 accidentia
3306 4435 3440 4485 mala

1867 4534 1921 4579 et
1960 4533 2281 4594 exspectata:
2320 4525 2761 4581 comminationes
2815 4523 2960 4592 ipsos
2992 4532 3252 4578 terrerent
3295 4532 3344 4577 et
3391 4523 3441 4578 in

1868 4617 2189 4670 anxietatem
2223 4617 2500 4685 injicerent
2521 4655 2537 4676 ,
2570 4624 2627 4669 ut
2650 4614 2805 4683 longe
2824 4630 2854 4668 a
2879 4615 3177 4669 calamitate
3198 4616 3444 4668 sedentes

1866 4719 1921 4764 et
1940 4707 2069 4762 nihil
2089 4707 2341 4761 habentes
2368 4721 2669 4769 commune,
2698 4717 2887 4775 sponte
2912 4707 3114 4774 seipsos
3138 4708 3187 4762 in
3212 4707 3441 4760 medium

1868 4800 2140 4853 mitterent
2181 4795 2513 4861 incendium,
2557 4804 2612 4850 et
2636 4810 2823 4849 omnes
2869 4797 3175 4865 eriperent:
3207 4806 3260 4850 et
3301 4796 3439 4864 quod

1868 4889 2113 4944 omnibus
2132 4888 2366 4942 terribile
2394 4895 2450 4940 ct
2481 4886 2805 4941 horrendum
2828 4901 2948 4942 esse
2965 4888 3186 4953 videtur,
3216 4898 3441 4940 mortem

1869 4981 1968 5050 ipsi
1997 4993 2118 5033 cum
2134 4977 2279 5031 omni
2318 4977 2590 5031 alacritate
2615 4987 3075 5046 exspectaverunt,
3103 4986 3156 5029 et
3183 4992 3301 5029 cum
3330 4992 3440 5028 ma-

1863 5071 1966 5140 jori
1995 5070 2060 5123 ad
2091 5084 2208 5124 eam
2238 5069 2505 5137 voluptate
2535 5077 2917 5131 cucurrerunt,
2954 5083 3110 5137 quam
3161 5066 3226 5119 ad
3271 5069 3436 5133 magi-

1869 5171 2071 5215 stratus
2108 5159 2197 5213 alii
2233 5167 2288 5213 ct
2327 5158 2579 5213 honores.
2615 5157 2815 5211 Norant
2848 5158 3012 5220 enim,
3044 5171 3292 5222 maguum
3320 5172 3440 5212 esse

1871 5254 2008 5307 hunc
2034 5253 2395 5321 magistratum
2420 5262 2473 5304 et
2489 5252 2762 5315 honorem,
2790 5259 2843 5304 et
2864 5264 2956 5317 per
2973 5248 3083 5317 ipsa
3103 5248 3437 5303 dentonstrs-

1868 5353 1992 5399 runt
2018 5357 2200 5413 opera,
2231 5341 2371 5412 quod
2412 5342 2497 5395 hic
2534 5342 2678 5395 solus
2717 5348 2799 5394 est
2840 5340 3041 5400 beatas.
3082 5339 3169 5409 qui
3204 5339 3438 5409 philoso-

1869 5435 2046 5505 phiam
2072 5432 2423 5504 apprehendit
2450 5448 2514 5486 ex
2535 5446 2765 5495 sursum,
2790 5439 2844 5486 et
2872 5431 3216 5485 mutationem
3238 5433 3435 5487 nullam

1869 5527 2110 5596 suscipit,
2138 5540 2237 5580 nec
2264 5524 2421 5579 ullam
2453 5523 2675 5577 sustinet
2698 5521 3068 5577 adversitatetn
3090 5563 3105 5585 .
3140 5522 3230 5575 sed
3262 5524 3433 5577 conti-

1868 5633 1971 5673 nua
2004 5617 2379 5686 tranquillitate
2409 5613 2619 5677 fruitur,
2649 5622 2701 5666 et
2725 5612 2900 5666 omnia
2938 5612 3162 5678 deridet,
3203 5628 3321 5682 qua:
3354 5614 3436 5663 vi-

1867 5713 2059 5768 dentur
2084 5725 2201 5766 esse
2230 5708 2415 5764 tristia.
2441 5706 2588 5762 Nunc
2615 5706 2753 5762 enim
2775 5707 2861 5777 qui
2888 5715 3009 5763 sum
3036 5706 3087 5760 in
3118 5706 3299 5773 primis
3326 5720 3429 5759 ma-

3079 5797 3152 5855 12
