4020 6216
607 348 703 407 187

601 462 939 534 gistratibus,
972 454 1179 511 tristitia
1224 453 1388 505 multa
1420 458 1684 510 tenentur,
1729 458 1995 499 carcerem
2021 440 2174 493 babi-

607 564 798 619 tantes,
824 551 1026 607 catenis
1056 546 1316 609 obstricti,
1344 542 1577 613 quotidie
1606 537 1739 593 mori
1770 545 2174 606 exspeCtantcs;

606 644 660 699 lii
684 659 810 699 vero
855 641 1132 711 purissima
1163 636 1406 691 fruuntur
1450 633 1738 700 voluptate,
1778 629 1934 683 etiam
1965 626 2009 680 si
2055 624 2180 692 quid

610 750 767 806 grave
798 734 904 803 pati
931 729 1133 785 accidat
1166 747 1178 781 :
1212 736 1395 796 etquae
1424 723 1539 777 aliis
1568 720 1816 776 terribilia
1845 734 1964 772 esse
1991 718 2180 770 viden-

616 836 736 892 tur,
779 823 893 877 lucc
942 820 1068 891 ipsis
1103 825 1226 873 sunt
1261 813 1667 871 desiderabilia:
1701 819 1894 864 norunt
1938 807 2078 862 enim
2120 806 2182 859 ad

618 913 744 985 quid
771 919 1010 973 currunt,
1042 917 1097 965 et
1125 908 1243 977 quis
1266 903 1407 970 finis,
1450 912 1728 972 postquam
1772 899 1895 955 hinc
1921 898 2183 953 discesse-

619 1010 744 1072 rint,
799 1004 1047 1071 suscipiet
1082 1019 1094 1057 :
1128 1008 1182 1055 et
1226 1013 1344 1052 cum
1398 1004 1543 1050 tanto
1592 995 1826 1048 viventes
1878 990 2088 1052 studio,
2134 999 2189 1044 et

622 1106 844 1153 mortem
872 1093 1193 1159 deridentes,
1220 1105 1315 1160 pro
1337 1089 1456 1142 aliis
1479 1098 1653 1142 tamen
1676 1085 1891 1149 dolent,
1918 1092 1971 1139 et
1994 1099 2059 1138 ex
2091 1084 2191 1136 hoc

624 1188 856 1242 vicissim
886 1198 1128 1254 magnam
1159 1180 1371 1250 capiunt
1409 1180 1711 1233 utilitatem.
1749 1176 2064 1231 Studeamus
2092 1175 2190 1244 igi-

626 1291 709 1331 tur
733 1278 922 1330 anima:
952 1282 1145 1327 nostrae
1173 1285 1352 1326 curant
1379 1268 1595 1333 habere,
1626 1277 1680 1323 et
1714 1268 2193 1336 inexspectatorttm

626 1368 753 1421 nihil
786 1382 881 1419 nos
916 1363 1107 1433 poterit
1136 1362 1482 1424 contristare;
1514 1369 1566 1414 et
1593 1373 1689 1429 pro
1714 1356 1999 1411 carceratis
2031 1355 2193 1408 Deum

627 1473 868 1523 oremus,
894 1466 951 1510 ut
975 1469 1068 1510 eos
1098 1452 1164 1508 ab
1191 1452 1483 1522 imminenti
1515 1451 1642 1520 ipsis
1669 1449 1857 1504 liberet
1875 1446 2194 1500 calamitate.

629 1552 843 1606 Poterat
889 1562 1079 1617 nempe
1124 1553 1291 1600 totum
1318 1544 1472 1598 simul
1521 1542 1727 1597 solvere
1774 1540 1990 1604 malum,
2035 1547 2089 1591 et
2130 1552 2198 1591 ne

631 1654 816 1696 tenues
840 1639 1050 1708 quidem
1081 1637 1349 1690 dimittere
1388 1633 1670 1703 reliquias;
1713 1631 1805 1685 sed
1837 1647 1901 1684 ne
1928 1644 2109 1683 rursus
2133 1627 2198 1682 ad

633 1734 859 1799 priorem
904 1735 1231 1781 revertamur
1276 1734 1579 1792 torporem,
1615 1721 1811 1775 sensim
1851 1727 1905 1774 et
1946 1718 2199 1789 paulatim

638 1822 825 1872 borum
866 1824 1155 1871 torrentem
1197 1813 1453 1867 malorum
1483 1811 1749 1865 remittere
1776 1810 2003 1874 curavit,
2036 1808 2088 1862 in
2115 1822 2205 1862 ca-

636 1911 755 1963 dem
800 1921 896 1961 nos
936 1907 1167 1961 retinens
1210 1905 1424 1974 pietate.
1480 1903 1539 1956 Et
1570 1901 1706 1971 quod
1735 1901 1835 1954 hoc
1876 1900 1945 1954 sit
1994 1914 2197 1963 verum,

638 2000 879 2071 quodque
930 1997 1077 2052 utulti
1120 1996 1186 2050 ad
1218 1996 1447 2066 priorem
1503 1993 1781 2047 rediissem
1832 2002 2117 2060 torporem,
2159 1990 2203 2042 si

640 2092 785 2146 brevi
831 2098 1017 2143 cuncta
1044 2088 1213 2142 soluta
1256 2086 1513 2149 fuissent,
1560 2084 1681 2138 inde
1722 2082 2055 2137 manifestum
2084 2091 2203 2135 est:

641 2183 813 2235 adhuc
856 2179 1169 2234 calamitatis
1214 2177 1447 2246 reliquiae
1479 2184 1784 2238 remanent,
1822 2181 1875 2226 et
1903 2172 2074 2226 adhuc
2104 2171 2205 2223 lm-

642 2270 896 2341 peratoris
917 2279 997 2324 Col
1021 2269 1218 2323 incerta
1247 2266 1528 2328 sententia,
1552 2274 1604 2319 et
1624 2279 1811 2318 omnes
1851 2264 1936 2332 qui
1980 2262 2207 2315 civitatis

643 2366 851 2433 negotia
878 2360 1315 2416 administrabant
1340 2367 1462 2414 sunt
1488 2360 1538 2411 in
1576 2357 1829 2421 vinculis;
1858 2354 2004 2408 multi
2034 2363 2210 2406 tamen

643 2458 911 2511 civitatem
939 2455 1208 2509 nobiscum
1238 2453 1579 2507 habitantium
1607 2449 1809 2504 lavandi
1838 2449 2122 2517 cupiditate
2147 2446 2212 2499 ad

645 2551 861 2605 fluvium
882 2557 1120 2614 currunt,
1150 2549 1442 2603 innumeris
1478 2548 1580 2600 illic
1606 2562 1664 2601 se
1684 2546 1933 2601 conviciis
1964 2544 2213 2597 morden-

652 2654 752 2705 tes,
782 2642 1130 2706 luxuriantes,
1161 2640 1515 2705 lascivientes,
1547 2639 1814 2699 saltantes,
1853 2636 2072 2690 feminas
2100 2650 2216 2702 pcr-

652 2734 938 2787 trahentes.
982 2731 1092 2798 Qua
1139 2731 1294 2800 igitur
1338 2730 1409 2784 illi
1437 2730 1587 2784 venia
1634 2727 1817 2799 digni?
1852 2744 1952 2797 qua
1996 2741 2216 2781 excusa-

651 2823 835 2877 tione?
861 2823 966 2875 imo
987 2835 1113 2875 vero
1131 2835 1231 2891 qua
1259 2835 1365 2874 non
1393 2829 1515 2874 sunt
1544 2834 1696 2888 ptena
1727 2828 1779 2872 et
1806 2818 2005 2872 ultione
2030 2816 2218 2887 digni?

651 2913 891 2968 Civitatis
912 2920 1069 2981 caput
1097 2912 1147 2965 in
1169 2925 1402 2974 carcere,
1451 2909 1686 2963 membra
1718 2917 1895 2962 nostra
1925 2907 1975 2960 in
2005 2905 2215 2970 exsilio,

655 3003 852 3056 incerta
880 3000 946 3055 de
975 3000 1055 3054 bis
1086 3000 1345 3054 sententia
1382 3016 1394 3053 :
1423 3008 1475 3052 et
1502 3009 1557 3052 tu
1584 2998 1667 3052 die
1691 3039 1705 3063 ,
1735 3012 1932 3067 qtaeso,
1964 2995 2128 3049 saltas
2166 3002 2220 3049 et

655 3091 791 3146 ludis
815 3100 870 3146 et
895 3090 1076 3144 rides?
1108 3090 1240 3144 Dicit
1276 3090 1500 3158 aliquis:
1525 3089 1637 3144 Non
1680 3089 1810 3143 illoti
1856 3103 2069 3143 manere
2094 3085 2222 3141 feri-

656 3198 796 3240 mus.
827 3183 875 3238 υ
916 3180 1270 3250 impudentem
1314 3180 1662 3241 sententiam,
1698 3193 1739 3231 κο
1783 3178 2142 3231 mcehanicam
2169 3186 2224 3231 et

659 3271 949 3344 perditam!
992 3280 1126 3343 quot
1171 3285 1400 3331 menses,
1448 3269 1551 3334 dic,
1598 3283 1758 3337 rogo,
1811 3266 2056 3321 fuerunt?
2097 3275 2224 3335 quot

658 3364 818 3419 anni?
866 3362 1099 3417 nondum
1127 3361 1307 3430 viginti
1331 3360 1444 3414 dies
1474 3360 1673 3413 balucis
1698 3360 1941 3414 exclusus
1970 3359 2140 3427 egisti,
2171 3368 2226 3412 et

658 3464 923 3525 tamquam
953 3463 1119 3507 totum
1146 3451 1321 3506 illotus
1347 3451 1661 3521 transegeris
1681 3466 1894 3515 annum,
1928 3450 2004 3504 sic
2031 3465 2226 3505 maeres

662 3553 714 3599 et
741 3542 1320 3614 indignaris?Siccine,
1351 3557 1549 3612 qumso,
1577 3542 1715 3596 fuisti
1743 3558 1860 3595 cum
1891 3543 2113 3596 militum
2146 3543 2225 3595 in-

1319 341 1374 395 S.
1416 334 1690 393 JOANNKS
1729 324 2199 388 CllltYSOSTOMl
2242 321 2558 378 ARCHIEP.
2600 318 3133 377 CONSTANTINOP.

3696 328 3771 382 {Si

2290 449 2525 498 cursum,
2574 448 2693 487 cum
2739 448 2833 503 per
2871 432 3106 501 singulos
3153 429 3282 482 mori
3333 430 3433 484 dies
3473 440 3771 504 eXSpeeetbas,

2287 526 2497 594 quando
2528 527 2579 579 itt
2621 525 2830 579 deserta
2858 522 3099 593 fugiebas
3135 530 3189 576 et
3225 521 3288 575 ad
3325 523 3557 576 montium
3580 530 3777 583 currebas

2289 619 2550 675 vertices?
2594 618 2649 673 Si
2670 618 2787 687 quis
2818 616 2906 671 tibi
2939 627 3063 670 tunc
3092 623 3257 668 totum
3281 628 3462 668 annutn
3488 615 3663 670 illotum
3688 635 3777 673 ma-

2293 724 2419 762 nere
2450 708 2825 777 proposuisset,
2851 716 2906 759 ut
2932 704 3000 758 ab
3018 703 3231 759 instanti
3250 703 3527 758 liberareris
3551 708 3782 772 anxietate,

2295 816 2469 853 nonne
2494 810 2738 871 prompte
2766 797 3089 866 suscepisses
3110 807 3267 866 atque
3289 796 3647 852 tulisses?Cutn
3667 801 3787 868 igitur

2295 891 2392 956 illi,
2414 891 2502 961 qui
2528 891 2726 959 absque
2748 888 2891 941 omni
2920 887 3117 942 damno
3148 886 3259 940 lianc
3294 887 3470 951 solvit,
3518 888 3613 942 Deo
3636 892 3789 958 gratias

2297 999 2451 1053 agere
2493 983 2792 1048 conveniat,
2828 981 3037 1035 lascivis
3067 994 3274 1033 rursum
3304 988 3354 1032 et
3378 981 3707 1033 contumeliam
3731 980 3792 1034 fa-

2297 1076 2374 1127 ris
2394 1115 2408 1140 ,
2437 1084 2492 1129 et
2518 1074 2765 1143 quoniam
2797 1080 2970 1125 metus
3000 1070 3261 1135 transivit,
3291 1070 3354 1123 ad
3391 1073 3619 1139 majorem
3645 1074 3795 1126 iterum

2300 1178 2566 1235 torporem
2601 1164 2837 1219 rediisti?
2861 1162 2949 1218 Sic
2977 1171 3030 1216 te
3058 1163 3344 1231 tetigerunt
3372 1161 3529 1227 mala,
3557 1172 3606 1215 ut
3626 1172 3799 1231 appetas

2300 1266 2353 1309 ct
2384 1255 2617 1308 balnea?
2648 1254 2772 1308 licet
2791 1252 2931 1307 enim
2956 1253 3141 1306 balnea
3172 1251 3597 1320 permitterentur,
3611 1268 3701 1304 non
3726 1268 3800 1319 po-

2304 1354 2439 1399 terat
2465 1337 2801 1397 morientium
2820 1341 3116 1404 calamitas,
3148 1341 3304 1395 etiam
3342 1340 3417 1394 eis
3444 1341 3524 1407 qui
3559 1343 3601 1392 iu
3632 1340 3699 1393 his
3721 1356 3802 1393 non

2304 1446 2480 1492 essent
2506 1436 2750 1495 miseriis.
2787 1433 3124 1503 persuadere,
3150 1443 3205 1485 ut
3233 1433 3462 1484 omnium
3488 1432 3802 1484 oblivisceren-

2306 1537 2391 1582 tur
2428 1523 2774 1581 deliciarum?
2805 1524 2878 1578 Dc
2906 1523 3080 1575 anima
3130 1522 3415 1590 pcriculmu
3439 1530 3532 1583 est,
3569 1530 3615 1573 et
3650 1529 3693 1572 tu
3719 1520 3809 1571 bal-

2306 1632 2526 1672 neorum
2555 1614 2869 1679 recordaris,
2898 1621 2951 1666 et
2979 1612 3186 1665 deliciis
3208 1611 3285 1671 vis
3311 1610 3531 1663 vacare?
3557 1609 3810 1663 Contemuis

2307 1707 2394 1776 qui
2421 1721 2559 1760 nunc
2586 1703 2852 1774 effugisti?
2880 1702 3010 1756 Vide
3041 1717 3106 1755 ne
3135 1700 3349 1769 majoris
3375 1713 3537 1768 pretia:
3561 1698 3644 1750 tibi
3670 1712 3815 1751 neces-

2311 1802 2519 1855 sitatem
2557 1801 2946 1866 circumponas,
2994 1804 3048 1849 et
3089 1793 3294 1847 ablatas
3323 1806 3526 1845 rursum
3558 1790 3705 1843 minas
3722 1804 3814 1840 cum

2312 1891 2497 1959 majori
2523 1888 2755 1942 attrahas
2784 1886 3108 1947 discrimine,
3138 1894 3191 1936 et
3219 1882 3360 1936 idem
3391 1879 3611 1948 patiaris,
3634 1878 3749 1948 quod
3769 1878 3819 1929 de

2312 1984 2639 2039 tlmntonibus
2663 1983 2678 2012 ί
2702 1981 2869 2049 inquit
2887 1977 3148 2032 Christus.
3172 1975 3454 2043 Postquam
3476 1972 3604 2025 enim
3624 1984 3821 2039 egressis

2314 2077 2471 2130 fuerit
2499 2075 2714 2144 Spiritus
2745 2068 3045 2125 immundus
3067 2108 3081 2132 ,
3111 2067 3313 2136 inqttit,
3344 2074 3393 2118 et
3420 2072 3590 2131 postea
3614 2060 3825 2114 invenerit

2316 2170 2527 2223 domum
2558 2175 2829 2220 vacantem
2875 2172 2928 2215 et
2972 2160 3149 2229 scopis
3175 2157 3500 2215 mundatam,
3525 2162 3704 2221 septem
3727 2151 3827 2202 alios

2317 2261 2531 2328 spiritus
2561 2258 2840 2322 nequiores
2869 2269 2927 2305 se
2953 2252 3148 2305 iterum
3180 2262 3479 2308 assumens,
3522 2243 3767 2298 revertitur
3789 2240 3829 2290 in

2318 2354 2582 2412 animam,
2629 2360 2682 2401 et
2729 2347 2858 2400 fiunt
2903 2343 3196 2414 posteriora
3252 2340 3368 2408 ejus
3409 2336 3575 2405 pejora
3624 2332 3835 2401 prioribus

2321 2443 2472 2509 (Luc.
2504 2443 2587 2494 ll.
2608 2440 2676 2493 224
2705 2436 2838 2507 -26).
2858 2436 3161 2488 Timeamus
3184 2431 3408 2499 igituret
3431 2441 3543 2487 nos,
3571 2439 3667 2476 nea
3685 2419 3833 2487 priori-

2322 2536 2419 2588 hus
2473 2531 2715 2594 liberati,
2772 2526 2959 2583 inertia
3004 2523 3365 2589 subrepente,
3417 2516 3663 2587 prioribus
3696 2511 3836 2578 pejora

2323 2626 2624 2679 subeamus.
2656 2620 2788 2674 Novi
2822 2633 2916 2670 vos
2942 2615 3009 2669 ab
3052 2614 3150 2667 hac
3184 2613 3393 2665 alienos
3438 2606 3670 2667 stultitia;
3693 2612 3835 2652 verum

2324 2729 2376 2770 et
2426 2712 2774 2782 incomposite
2820 2706 3151 2763 ambulantes
3196 2702 3467 2764 cohibete,
3501 2696 3679 2765 punito,
3719 2693 3846 2743 etsti-

2323 2821 2473 2879 gate;
2503 2814 2560 2859 ttt
2587 2816 2799 2872 semper
2822 2796 3154 2870 gaudeatis’,
3183 2794 3323 2847 sicut
3370 2788 3561 2845 Paulus
3596 2777 3844 2850 imperavit.

2327 2877 2383 2955 ut
2427 2906 2481 2953 et
2527 2895 2861 2966 propriorum
2911 2889 2995 2942 hic
3039 2886 3358 2941 meritorum
3404 2889 3460 2936 et
3504 2877 3706 2931 aliorum
3737 2881 3850 2923 cura:

2328 2958 2545 3045 multum
2572 2958 2743 3041 et-bic
2768 2992 2821 3038 et
2843 2982 2895 3035 in
2928 2979 3101 3034 futura
3123 2975 3231 3028 vita
3256 2973 3529 3042 capiamus
3566 2958 3847 3019 mercedem,

2328 3082 2492 3154 gratia
2533 3089 2590 3135 et
2626 3076 2948 3146 benignitate
2967 3069 3173 3126 Domini
3207 3065 3383 3121 nostri
3421 3062 3544 3118 Jesu
3567 3051 3755 3154 Christi,
3779 3060 3853 3148 per

2329 3140 2486 3243 quem
2516 3178 2708 3225 etcum
2737 3140 2841 3236 quo
2867 3162 3007 3219 Patri
3030 3159 3189 3214 simul
3211 3163 3474 3213 etsancto
3488 3146 3685 3221 Spiritui
3703 3140 3853 3211 gloria.

2332 3264 2503 3317 honor
2524 3271 2579 3316 et
2603 3258 2840 3314 adoratio
2865 3298 2879 3322 ,
2913 3268 3053 3309 nunc
3081 3259 3135 3306 et
3163 3263 3405 3319 semper,
3429 3255 3483 3300 et
3511 3245 3562 3298 in
3581 3236 3751 3294 smcula
3776 3245 3856 3283 sa:-

2331 3355 2592 3410 eulorum.
2622 3352 2809 3404 Amen.

2399 3491 2412 3522 ⁸
2451 3486 2593 3537 Savtl.
2608 3492 2660 3535 et
2677 3481 2870 3544 quidam
2892 3485 3019 3534 Mss,
3046 3475 3108 3525 de
3128 3468 3469 3544 dmtiacis.

2398 3555 2417 3582 '
2453 3548 2583 3612 Apud
2602 3539 2721 3595 alios
2745 3558 2757 3591 :
2785 3549 2842 3592 tit
2860 3551 3046 3601 semper
3068 3539 3380 3599 gaudeamus

1812 3630 3849 3681 __________________________________.

856 3768 1160 3812 DOMINICA
1202 3767 1499 3811 SEBYATE
1546 3747 1627 3827 (α)
1674 3767 1756 3810 ΑΙ)
1799 3765 2075 3809 HOMINES
2121 3763 2318 3807 AGROS
2361 3759 2695 3811 COLENTES,
2744 3757 2823 3798 ET
2865 3754 2946 3796 DE
2991 3748 3276 3796 VITANDO
3320 3736 3715 3790 ιυιιΔιΙΒΜ-ο.

1256 3997 1467 4035 HOHILIA
1508 3995 1619 4035 XIX.

737 4117 787 4170 1.
830 4114 1007 4185 Epulis
1048 4121 1349 4169 sanctorum
1392 4119 1684 4180 martyrum
1724 4110 1932 4177 excepti
1977 4109 2107 4163 estis
2147 4109 2228 4163 bis

667 4206 944 4276 przeteritis
969 4204 1156 4259 diebus
1183 4222 1195 4259 :
1223 4200 1478 4273 spirituali
1506 4198 1815 4254 celebritate
1839 4198 2024 4266 repleti
2049 4199 2230 4252 exsul-

667 4298 815 4352 tastis
843 4295 1078 4352 honestis
1104 4291 1545 4351 exsultationibus
1578 4309 1592 4343 :
1625 4290 1830 4345 vidistis
1856 4297 2035 4359 aperta
2065 4290 2229 4344 latera

667 4400 716 4443 et
745 4389 830 4443 ilia
860 4388 1090 4455 concisa,
1111 4395 1351 4443 cruorem
1374 4384 1605 4454 undique
1631 4382 1972 4448 defluentem,
1998 4381 2231 4437 infinitas

670 4487 1052 4533 tormentorum
1092 4479 1298 4548 species
1341 4496 1353 4533 :
1397 4476 1678 4530 humanam
1737 4473 1942 4527 vidistis
1987 4483 2230 4529 naturam

669 4571 1081 4641 supernaturalia
1110 4578 1468 4639 praestantem,
1496 4578 1549 4624 et
1568 4582 1793 4623 coronas
1820 4565 2074 4636 sanguine
2100 4580 2231 4621 con-

672 4673 840 4718 textas
870 4681 882 4715 :
913 4661 1183 4732 pulchram
1206 4660 1436 4716 saltastis
1462 4660 1741 4724 choream,
1769 4658 1820 4712 in
1865 4671 2076 4713 omnem
2107 4670 2232 4725 par-

671 4765 776 4808 tem
818 4754 1042 4807 civitatis
1088 4752 1189 4807 hoc
1244 4751 1472 4806 honesto
1513 4750 1647 4805 duce
1690 4763 1785 4803 vos
1823 4748 2230 4817 circumagente.

669 4844 772 4900 Sed
812 4854 988 4898 noset
1033 4843 1224 4897 invitos
1266 4841 1544 4896 infirmitas
1568 4840 1709 4894 domi
1740 4853 1956 4895 manere
1993 4837 2232 4907 cogebat.

672 4938 870 4992 Tamen
895 4936 991 4989 etsi
1022 4932 1341 4993 solemnitati
1370 4947 1474 4985 non
1506 4931 1855 4995 interfuimus,
1884 4928 1950 4983 de
1972 4928 2238 4997 voluptate

669 5029 1091 5101 participavimus
1117 5047 1130 5083 :
1159 5026 1255 5082 etsi
1296 5025 1362 5080 de
1403 5025 1658 5079 concione
1703 5022 1929 5077 fructum
1957 5037 2058 5075 non
2083 5021 2231 5091 cepi-

674 5135 812 5185 mus,
860 5120 1131 5174 vobiscnm
1175 5127 1351 5172 tamen
1390 5115 1624 5169 laetitiam
1667 5127 2003 5167 communem
2057 5112 2241 5166 habui-

671 5228 811 5282 mus.
839 5212 981 5265 Talis
1009 5218 1090 5265 est
1115 5208 1258 5264 enim
1287 5206 1522 5262 caritatis
1548 5207 1626 5257 vis
1655 5223 1667 5259 :
1691 5221 1796 5258 non
1836 5202 2068 5257 fruentes
2100 5204 2240 5271 pari-

677 5312 757 5355 ter
783 5318 901 5355 cum
952 5302 1243 5357 fruentibus
1270 5298 1500 5369 gaudere
1529 5296 1678 5362 facit,
1716 5294 2016 5349 communia
2060 5294 2243 5363 proxi-

735 5451 808 5510 (a)
840 5458 946 5500 Erat
975 5460 1136 5501 autem
1177 5458 1372 5502 servata
1405 5451 1513 5499 dies
1550 5448 1870 5504 Ascensionts,
1895 5453 1949 5510 ut
1969 5446 2035 5493 ait
2056 5445 2247 5493 Simeon

676 5511 897 5569 Allatins;
928 5514 1169 5562 ﬂaminica
1192 5527 1309 5563 vero
1332 5519 1537 5563 serrata:
1560 5511 1795 5558 nominica
1831 5509 1997 5569 quinta
2035 5513 2139 5566 post
2164 5513 2248 5569 Pa-

675 5574 806 5621 scha.
832 5566 961 5630 Quod
986 5587 1103 5622 vero
1126 5576 1169 5623 id
1194 5575 1474 5623 difficultate
1499 5586 1594 5621 non
1620 5577 1776 5626 vacet,
1824 5566 2043 5629 pluribus
2083 5579 2139 5630 ea
2179 5566 2245 5615 de

676 5646 732 5682 re
755 5634 1074 5683 disseruimus
1097 5637 1146 5684 in
1176 5637 1363 5685 Monito.
1398 5642 1541 5684 certe
1563 5633 1639 5681 hic
1661 5631 1754 5680 alia
1778 5642 1975 5693 prorsus
2014 5629 2250 5679 munimen

677 5695 875 5744 indicari
899 5693 1105 5743 videtur.

2338 3990 2542 4030 morum
2572 3973 2705 4025 bona
2739 3978 2923 4038 putare
2949 3960 3301 4034 persuadens.
3350 3957 3640 4022 Propterea
3673 3953 3721 3999 et
3761 3934 3874 4038 domi

2339 4068 2529 4121 sedens
2556 4060 2847 4133 gaudebam
2872 4056 3145 4109 vobiscum
3165 4092 3180 4113 ,
3213 4058 3271 4104 et
3302 4046 3501 4101 morbo
3522 4030 3879 4133 nondumﬁsollt-

2340 4170 2420 4213 tus
2450 4155 2652 4211 surrexi
2680 4162 2732 4207 et
2757 4148 2965 4205 cucurri
2996 4146 3062 4200 ad
3087 4138 3202 4208 vos,
3237 4150 3303 4195 ut
3338 4131 3716 4193 desiderabiles
3749 4120 3881 4175 fndes

2338 4258 2541 4303 vestras
2582 4246 2839 4303 intuerer,
2877 4238 2935 4293 et
2986 4234 3270 4306 prresentis
3322 4224 3632 4284 festivitatis
3670 4215 3885 4287 particeps

2341 4341 2542 4396 fierem.
2593 4333 2956 4391 Festivitatcm
2983 4328 3124 4383 enim
3156 4323 3459 4378 maximam
3491 4330 3612 4373 esse
3641 4320 3753 4379 pulo
3778 4316 3883 4372 Dm"

2339 4443 2541 4489 sentem
2566 4428 2729 4489 diem,
2757 4433 2972 4495 propter
2985 4419 3203 4473 fratrum
3236 4410 3589 4483 prasentiam
3616 4404 3888 4492 nostrorum.

2340 4523 2428 4591 qui
2455 4522 2636 4575 urbem
2685 4489 3043 4571 nobis-hodie
3085 4507 3509 4561 adornaverunt
3560 4504 3613 4549 et
3654 4489 3890 4591 θεοιςξεειιι

2341 4574 2708 4668 honestarum.
2759 4604 2990 4674 Populus
3032 4600 3208 4667 lingua
3242 4595 3261 4627 ⁸
3302 4592 3533 4664 quidem
3573 4582 3718 4640 nobis

2342 4720 2434 4760 sus
2463 4703 2564 4773 (b),
2596 4701 2700 4755 ﬁde
2727 4712 2854 4753 vero
2879 4704 3145 4750 consonus
3179 4706 3192 4741 :
3218 4685 3463 4754 populus
3491 4680 3543 4733 in
3568 4663 3898 4773 tranqttiillflalt‘v

2342 4752 2559 4857 vivens],
2605 4793 2766 4844 vitam
2821 4785 3026 4840 habens
3081 4777 3393 4832 modestam
3448 4781 3507 4825 et
3567 4752 3897 4820 venerabilem-

2346 4886 2497 4956 Apud
2524 4885 2623 4938 hos
2650 4882 2789 4937 enim
2821 4880 2963 4933 viros
2990 4890 3096 4929 non
3125 4869 3439 4939 iniquitatis
3466 4854 3778 4930 Spectacula,
3817 4855 3901 4896 non
3962 4846 3963 4849 ‘

2347 4992 2601 5047 equorum
2633 4972 2922 5029 certamina
2946 5009 2960 5031 ,
2996 4978 3170 5034 neque
3201 4959 3516 5013 meritoria:
3539 4950 3796 5009 mulieres,
3819 4945 3898 5047 "Et

2350 5026 2601 5047 Ἥρη---
2948 5026 2957 5031 ,
3082 5026 3096 5034 ,
3870 5026 3878 5034 ,

2348 5070 2580 5138 reliquus
2611 5064 2756 5118 urbis
2782 5059 3034 5115 tumultus
3060 5052 3151 5108 sed
3184 5064 3360 5104 omne
3406 5045 3637 5100 lnxurim
3655 5026 3906 5138 {genu-9.011"1

2350 5110 2602 5214 tninbtum
2634 5164 2748 5218 est;
2778 5150 2938 5204 multa
2966 5160 3091 5200 vero
3134 5142 3343 5210 ubique
3392 5131 3661 5192 modestia
3689 5126 3839 5180 ﬂoret.
3863 5110 3908 5218 bl

2353 5266 2477 5304 vero
2525 5255 2609 5302 est
2646 5248 2699 5300 in
2743 5258 2920 5303 causa,
2945 5236 3086 5309 quod
3130 5234 3410 5289 laboriosa
3454 5230 3529 5284 sit
3576 5223 3702 5296 ipsis
3730 5218 3846 5271 vita,
3873 5212 3913 5346 fl

2390 5343 2397 5346 ’
2516 5340 2525 5346 ·
2650 5338 2660 5346 ·
2722 5336 2733 5346 ·
2887 5340 2897 5346 -
2988 5344 2999 5346 ς
3039 5324 3316 5346 __-_I-...:....
3358 5320 3598 5346 annum...
3646 5320 3789 5346 Inv-rm
3820 5313 3912 5346 ett-

2422 5570 2436 5595 ι
2474 5570 2578 5609 Sav.
2605 5568 2655 5609 et.
2680 5557 2755 5606 alii
2781 5555 2902 5611 voci,
2944 5552 3122 5614 lingua,
3148 5544 3361 5603 addunt,
3390 5538 3622 5607 propria.
3639 5526 3919 5581 —tnfr1.ﬂ€f

2357 5624 2545 5679 reliqua
2568 5618 2699 5669 urbis
2723 5614 2987 5679 dissolutio.

2426 5665 2644 5748 iiii'itgii
2660 5665 2948 5728 Xotiocbeni
2970 5671 3133 5723 rustici
3155 5668 3361 5732 Syriaco
3389 5665 3740 5729 loquebantur-

2314 5401 2318 5407 ,
2356 5340 2559 5393 virtutis
2587 5336 2822 5393 scholam
2851 5340 3008 5399 atque
3038 5324 3320 5381 modestia:
3355 5320 3604 5375 habeant
3646 5320 3789 5367 terra?
3820 5313 3912 5353 ειη·
3962 5350 3963 5401 ι

2358 5444 2547 5489 turam,
2576 5438 2742 5480 artem
2773 5428 3075 5480 tractantes,
3109 5428 3268 5484 quam
3316 5419 3454 5465 ante
3500 5407 3731 5473 reliquas
3766 5401 3920 5447 omnes
3962 5452 3963 5489 ι

3961 5622 3963 5661 4
