4020 6216
552 282 653 338 ’89

544 392 646 465 τῆς
687 395 889 467 ἀρετῆς
925 397 1021 451 καὶ
1069 396 1167 467 τῆς
1209 397 1564 469 σωφροσύνης
1610 398 1792 468 έχουσι
1830 400 1930 473 τὴν
1963 401 2061 472 τῆς
2110 402 2210 471 γῆς

544 481 829 551 ἐργασίαν,
888 484 983 537 καὶ
1035 483 1231 555 τέχνην
1280 484 1552 554 ρῖετιόντες
1598 483 1666 553 ἢν
1718 484 1825 555 πρὸ
1874 483 1983 538 τῶν
2039 485 2213 539 ἄλλων

542 568 770 621 ἀπασῶν
808 571 838 623 ό
869 568 1003 633 Θεὸς
1053 572 1134 634 είς
1164 570 1256 623 τὸν
1306 570 1422 641 βίον
1470 571 1731 640 εἰσήγαγε
1780 570 1870 622 τὸν
1924 570 2210 641 ἡμέτερον.

544 655 652 709 Καὶ
705 655 816 728 γάρ
871 655 979 728 πρὸ
1029 657 1129 727 τῆς
1166 657 1441 729 ἁμαρτίας
1472 660 1500 711 ὀ
1544 657 1748 728 Ἀδὰμ,
1794 658 1958 726 ἡνίκα
2011 658 2213 729 πολλῆς

540 742 794 814 ἀπήλαυε
826 745 1162 815 παρρησίας,
1198 745 1473 815 γεωργίαν
1511 745 1632 799 τινὰ
1671 745 1914 814 ἐπετάγη
1945 746 2208 815 μετιέναι,

538 830 640 882 οὐκ
693 831 952 883 ἐπίπονον
997 832 1095 903 μὲν
1123 831 1245 884 οὐδὲ
1290 831 1668 904 ταλαιπωρίαν
1712 832 1961 903 ἔχουσαν,
2011 831 2210 903 πολλὴν

536 917 596 970 δὲ
651 916 800 988 αὐτῷ
869 919 1212 989 παρέχουσαν
1276 919 1375 991 τὴν
1440 919 1776 989 φιλοσοφίαν.
1826 922 2038 987 Ἔθηκε
2102 920 2210 991 γὰρ

536 1004 740 1067 αὑτὸν,
772 1003 959 1074 φησὶν,
988 1003 1331 1073 ἐργάζεσθαι
1375 1006 1473 1059 καὶ
1504 1007 1853 1075 φυλάσσειν
1885 1006 1992 1059 τόν
2023 1007 2210 1075 παρὰ·

540 1090 762 1145 δεισον.
803 1090 1019 1144 Τούτων
1057 1092 1288 1146 ἕκαστον
1318 1092 1448 1156 ἴδοις
1474 1092 1540 1146 ἂν
1562 1105 1610 1156 α,
1642 1093 1736 1146 νῦν
1777 1093 1874 1164 μὲν
1909 1093 2208 1161 ζευγνύντα

539 1177 666 1245 βόας
700 1180 975 1249 ἀροτῆρας
996 1180 1090 1232 καὶ
1125 1181 1355 1251 ἄροτρον
1378 1181 1602 1233 ἕλκοντα
1630 1182 1721 1235 καὶ
1747 1181 1965 1251 βαθεῖαν
1996 1181 2207 1235 αὔλακα

534 1266 942 1336 κατατέμνοντα
967 1267 1019 1329 ἱ),
1062 1266 1157 1321 νῦν
1184 1267 1240 1321 δὲ
1271 1270 1363 1321 ἐπὶ
1394 1269 1455 1321 τὸ
1485 1269 1628 1338 ἱερὸν
1654 1268 2014 1323 ἀναϐαίνοντα
2056 1272 2204 1340 βῆμα

533 1355 625 1406 καὶ
659 1353 757 1417 τὰς
781 1352 959 1424 ψυχὰς
1001 1354 1342 1426 ἀροτριῶντα
1382 1354 1490 1407 τῶν
1521 1356 1796 1422 ὑπηκόων,
1834 1356 1929 1409 νῦν
1962 1358 2058 1428 μὲν
2085 1358 2207 1430 δρε-

531 1441 676 1512 πάνῃ
709 1441 804 1504 τάς
829 1441 1073 1505 ἀκάνθας
1099 1442 1433 1512 ἐκτέμνοντα
1461 1444 1559 1513 τῆς
1584 1445 1708 1513 γῆς,
1740 1444 1834 1497 νῦν
1863 1445 1919 1497 δὲ
1940 1445 2084 1515 λόγῳ
2108 1447 2205 1511 τὰς

531 1529 807 1599 ἁμαρτίας
839 1529 1241 1601 ἐκκαθαίροντα
1289 1530 1397 1584 τῶν
1445 1530 1649 1601 ψυχῶν.
1685 1533 1760 1583 Οὐ
1791 1532 1901 1603 γάρ
1939 1533 2203 1603 ἐπαισχύ-

530 1633 708 1669 νονται
727 1617 825 1686 τὴν
850 1616 1136 1686 ἐργασίαν,
1168 1616 1422 1689 καθάπερ
1451 1619 1501 1670 οί
1533 1618 1629 1688 τὴν
1656 1619 1810 1671 πόλιν
1836 1622 1968 1690 ἡμῖν
1995 1621 2205 1673 οἰκοῦν-

527 1722 640 1767 τες,
673 1705 789 1759 ἀλλ’
825 1704 1245 1776 ἐπαισχύνονται
1284 1708 1383 1777 τὴν
1429 1707 1648 1777 ἀργίαν,
1694 1708 1952 1778 μαθόντες
1980 1710 2062 1762 ὅτι
2094 1711 2201 1763 πᾶ-

529 1810 629 1847 σαν
656 1793 835 1863 ἐκείνη
863 1794 960 1863 τὴν
996 1795 1193 1848 κακίαν
1224 1806 1245 1832 ο
1293 1796 1523 1861 ἐδίδαξε,
1567 1798 1660 1849 καὶ
1695 1798 2014 1862 διδάσκαλος
2039 1815 2203 1869 πονη-
2235 1826 2238 1830 λ

532 1881 651 1951 ρίας
681 1881 897 1949 ἐγένετο
921 1883 979 1949 ἐξ
1007 1882 1184 1953 ἀρχῆς
1218 1887 1332 1946 τοῖς
1364 1885 1652 1953 ἀγαπῶσιν
1678 1885 1869 1956 αὐτὴν.
1912 1884 2069 1941 Οὗτοι
2099 1888 2203 1958 μά-

539 1973 695 2027 λιστά
720 1974 857 2028 εἰσιν
889 1974 938 2026 οί
983 1973 1080 2045 τὴν
1111 1975 1339 2046 ἀρίστην
1383 1978 1516 2047 ἡμῖν
1552 1977 1967 2046 φιλοσοφοῦντες
1990 1979 2202 2049 φιλοσο-

535 2061 683 2129 φίαν,
721 2062 822 2115 οὐκ
868 2062 976 2115 ἀπὸ
997 2062 1089 2116 τοῦ
1122 2064 1418 2134 σχήματος,
1448 2064 1560 2118 ἀλλ’
1595 2065 1702 2118 ἀπὸ
1723 2064 1822 2134 τῆς
1842 2065 2067 2137 γνώμης
2100 2067 2200 2138 τὴν

523 2149 724 2219 ἀρετὴν
756 2150 1156 2221 ἐνδεικνύμενοι
1189 2152 1289 2223 τὴν
1319 2152 1545 2207 ἑαυτῶν.
1581 2153 1668 2216 Ὠς
1700 2153 1755 2206 οἴ
1775 2170 1839 2221 γε
1869 2154 2199 2219 τῶνέξωθεν

522 2234 802 2303 φιλόσοφοι
826 2235 935 2288 τῶν
956 2237 1014 2288 ἐν
1034 2240 1100 2308 τῇ
1127 2240 1297 2309 σκηνῇ
1329 2239 1422 2290 καὶ
1445 2241 1567 2302 ταῖς
1594 2238 1703 2293 τῶν
1733 2240 1919 2310 μίμων
1956 2240 2198 2304 παιδιαῖς

521 2323 674 2377 οὐδὲν
701 2323 923 2394 ἄμεινον
946 2324 1265 2388 διάκεινται,
1284 2324 1377 2379 τοῦ
1409 2326 1669 2397 τρίϐωνος
1696 2327 1788 2380 καὶ
1816 2327 1908 2380 τοῦ
1936 2327 2199 2395 πώγωνος

520 2413 616 2465 καὶ
652 2412 752 2483 τῆς
784 2413 976 2483 στολῆς
1008 2413 1160 2466 οὐδὲν
1184 2413 1345 2467 πλέον
1370 2413 1584 2484 ἔχοντες
1606 2414 2011 2481 ἐπιδείξασθαι·
2050 2409 2195 2469 οῦτοι

519 2499 577 2552 δὲ
607 2500 916 2554 τούναντίον
939 2500 1104 2563 ἅπαν,
1141 2502 1414 2573 βακτηρίᾳ
1450 2503 1544 2556 καὶ
1590 2502 1811 2573 πώγωνι
1840 2505 1932 2557 καὶ
1965 2506 2029 2574 τῇ
2062 2503 2196 2576 ἄλλῃ

527 2586 690 2657 σκευῇ
719 2586 890 2640 πολλά
928 2589 1140 2658 χαίρειν
1182 2589 1447 2652 είπόντες,
1481 2591 1581 2659 τὴν
1621 2590 1799 2661 ψυχὴν
1837 2590 2044 2646 ἑαυτῶν
2072 2609 2197 2646 κατ-

527 2673 832 2743 εκόσμησαν
859 2678 967 2737 τοῖς
994 2675 1094 2744 τῆς
1121 2674 1354 2746 ἀληθοῦς
1386 2676 1705 2745 φιλοσοφίας
1743 2677 2033 2748 δόγμασιν,
2075 2680 2195 2749 οὐχὶ

530 2763 632 2824 τοῖς
666 2760 900 2830 δόγμασι
937 2762 995 2814 δέ
1052 2762 1254 2832 μόνοις,
1294 2762 1429 2815 ἀλλὰ
1465 2764 1559 2817 καὶ
1602 2768 1715 2827 τοῖς
1766 2764 1949 2836 ἔργοις
1986 2767 2190 2829 αὐτοῖς.

525 2848 637 2904 Κᾶν
663 2848 761 2920 ἔρῃ
793 2848 915 2902 τινὰ
944 2849 1147 2903 τούτων
1187 2850 1294 2906 τῶν
1330 2854 1388 2904 ἐν
1420 2852 1678 2923 ἀγροικίᾳ
1716 2853 1953 2918 ζώντων,
2008 2853 2103 2907 καὶ
2137 2855 2193 2908 ἐν

523 2936 775 3008 σκαπάνῃ
805 2937 897 2990 καὶ
948 2939 1008 2991 ἐν
1058 2939 1273 3010 ἀρότρῳ
1316 2938 1755 3010 δαπανηθέντων,
1798 2941 1937 3012 ὑπὲρ
1965 2940 2074 2994 τῶν
2107 2941 2194 2994 δο-

521 3023 768 3093 γμάτων,
806 3024 948 3096 ὑπὲρ
977 3017 1052 3079 ὧν
1101 3027 1271 3097 μυρία
1326 3026 1705 3099 περιελθόντες
1750 3031 1799 3083 οἱ
1851 3028 1961 3082 τῶν
1994 3028 2193 3093 ἔξωθεν

523 3111 798 3182 φιλόσοφοι
828 3113 924 3166 καὶ
954 3113 1183 3177 πολλοὺς
1214 3113 1593 3179 ἀναλώσαντες
1647 3116 1840 3186 λόγους
1886 3117 2035 3171 οὐδὲν
2072 3116 2195 3187 ήδυ-

523 3198 761 3269 νήθησαν
795 3199 948 3267 ὑγιὲς
974 3202 1167 3265 εἰπεῖν,
1211 3201 1348 3271 μετά
1377 3203 1662 3273 ἀκριϐείας
1689 3205 2064 3275 ἀποκρινεῖταί
2109 3223 2191 3261 σοι

518 3287 695 3341 πάντα
726 3288 792 3341 ἐκ
818 3287 1019 3357 πολλῆς
1050 3289 1149 3360 τῆς
1174 3290 1386 3360 σοφίας.
1415 3291 1523 3347 Καὶ
1547 3293 1607 3345 οὐ
1633 3291 1792 3345 τοῦτό
1818 3295 1935 3346 ἐστι
1963 3294 2026 3346 τὸ
2062 3293 2193 3349 θαυ-

519 3375 725 3444 μαστὸν
746 3374 925 3444 μόνον,
949 3374 1063 3428 ἀλλ’
1093 3377 1174 3430 ὅτι
1201 3378 1296 3431 καὶ
1315 3377 1405 3431 διά
1425 3378 1533 3432 τῶν
1552 3377 1600 3450 [1
1610 3379 1701 3451 9ο]
1720 3380 1896 3451 ἔργων
1924 3381 2193 3451 βεϐαιοῦν-

516 3477 607 3512 ται
644 3460 740 3532 τὴν
765 3460 855 3514 διὰ.
901 3461 1010 3515 τῶν
1051 3461 1339 3534 δογμάτων
1375 3466 1581 3521 πίστιν.
1622 3468 1734 3521 Καὶ
1760 3468 1869 3539 γάρ
1905 3469 1988 3522 ὅτι
2016 3469 2192 3541 ψυχὴν

516 3549 781 3603 ἀθάνατον
808 3549 1025 3621 ἔχομεν,
1043 3552 1138 3604 καὶ
1162 3552 1433 3624 μέλλομεν
1459 3555 1566 3607 τῶν
1597 3554 1837 3610 ἐνταῦθα
1870 3559 2193 3628 πεπραγμές

516 3653 621 3689 νων
653 3635 882 3701 εὐθύνας
906 3638 1111 3693 διδόναι
1163 3641 1257 3694 καὶ
1292 3640 1495 3712 βήματι
1550 3642 1913 3714 παρίστασθαι
1952 3644 2189 3716 φοϐερῷ,

500 3724 609 3777 ικαὶ
631 3724 728 3796 τὴν
753 3725 990 3780 διάνοιαν
1019 3726 1262 3792 ἔπεισαν,
1295 3728 1500 3782 καὶτὸν
1523 3730 1637 3800 βίον
1666 3732 1879 3785 ἅπαντα
1908 3733 2045 3802 πρὸς
2059 3732 2191 3785 ταύ-

519 3824 617 3869 τας
671 3809 1076 3877 κατεστήσαντο
1126 3810 1223 3873 τάς
1280 3811 1523 3875 ἐλπίδας,
1565 3814 1659 3865 καὶ
1703 3814 1883 3884 πάσης
1928 3814 2192 3885 ἀνώτεροι

520 3894 778 3965 βιωτικῆς
820 3896 1069 3964 ἐγένοντο
1123 3899 1444 3966 φαντασίας,
1500 3900 1874 3964 παιδευθέντες
1910 3903 2058 3973 παρὰ
2091 3902 2192 3973 τῆς

520 3980 669 4044 θείας
700 3982 946 4053 Γραφῆς,
977 3984 1058 4037 δτι
1087 3987 1869 4055 Ματαιότηςματαιοτήτων,
1897 3989 1970 4042 τὰ
1995 3991 2193 4045 πάντα

513 4070 859 4138 μίιταιότης,
895 4071 989 4126 καὶ
1024 4072 1161 4142 πρὸς
1187 4072 1338 4126 οὐδὲν
1381 4074 1490 4126 τῶν
1521 4074 1818 4129 δοκούντων
1869 4072 2003 4131 εἶναι
2052 4078 2192 4148 λαμο

517 4157 672 4227 πρῶν
700 4159 1012 4229 κεχήνασιν.

588 4235 747 4296 Οὗτοι
780 4244 876 4296 καὶ
911 4245 1041 4315 περὶ
1070 4245 1205 4299 Θεοῦ
1259 4246 1570 4315 φιλοσοφεῖν
1625 4247 1769 4301 ἴσασι
1821 4248 2014 4312 ταῦτα,
2048 4251 2192 4323 άπερ

517 4329 780 4394 ἐπέταξεν
810 4332 839 4383 ὀ
869 4330 1022 4395 Θεός·
1066 4333 1167 4387 κᾶν
1214 4332 1311 4386 ἕνα
1340 4333 1518 4387 αὐτῶν
1546 4334 1727 4389 λαϐὼν
1753 4336 2041 4406 φιλόσοφόν
2071 4358 2188 4394 τινα

515 4417 623 4470 τῶν
656 4418 856 4486 ἔξωθεν
889 4420 1105 4494 ἀγάγῃς
1155 4424 1238 4486 είς
1269 4422 1431 4494 μέσον
1482 4425 1596 4478 νῦν·
1635 4426 1837 4498 μᾶλλον
1873 4428 1929 4481 δὲ
1973 4429 2066 4483 νῦν
2094 4432 2191 4500 μὲν

516 4504 705 4558 οὐδένα
741 4504 890 4560 ἐστιν
934 4508 1136 4578 εὑρεῖν·
1168 4509 1235 4563 ἂν
1277 4510 1332 4564 δέ
1360 4528 1480 4566 τινα
1514 4512 1719 4568 τούτων
1748 4514 1947 4580 λαϐὼν,
2002 4519 2096 4570 καὶ
2124 4518 2192 4571 τὰ

519 4591 697 4662 βιϐλία
722 4592 830 4645 τῶν
863 4594 1029 4648 πάλαι
1065 4598 1194 4669 παρ’
1214 4598 1399 4662 αὐτοῖς
1446 4600 1927 4673 φιλοσοφησάντων
1954 4606 2192 4659 ἀναπτύ-

517 4679 609 4743 ξας
641 4678 893 4752 ἐπέλθης,
932 4682 1026 4734 καὶ
1053 4683 1106 4735 τί
1132 4684 1229 4754 μὲν
1270 4681 1416 4739 οὑτοι
1452 4688 1834 4760 ἀποκρίνονται
1865 4691 1981 4755 νῦν,
2028 4693 2081 4745 τί
2134 4694 2190 4746 δὲ

516 4768 712 4820 ἐκεῖνοι
762 4768 885 4821 τότε
932 4769 1331 4842 ἐφιλοσόφησαν
1385 4775 1706 4845 παράλληλα
1758 4777 1872 4842 θεὶς
1906 4777 2188 4851 ἐξετάσῃς,

512 4852 632 4923 ὄψει
658 4856 799 4927 πόση
831 4858 928 4926 μὲν
960 4858 993 4925 ἡ
1028 4858 1234 4912 τούτων
1265 4862 1445 4929 σοφία,
1469 4864 1607 4934 πόση
1633 4864 1738 4936 δὲή
1767 4866 1991 4919 ἐκείνων
2012 4867 2184 4922 ἄνοια.

514 4941 683 4997 Ὅταν
706 4942 815 5015 γὰρ
864 4946 911 4997 οἱ
951 4945 1051 5016 μὲν
1090 4947 1270 5000 αὐτῶν
1316 4950 1448 5019 μηδὲ
1492 4953 1748 5027 προνοίας
1788 4954 2018 5023 λέγωσιν
2057 4957 2190 5010 ἀπο-

511 5029 696 5084 λαύειν
726 5031 792 5085 τὰ
831 5032 981 5096 ὄντα,
1031 5034 1165 5104 μηδὲ
1194 5036 1300 5088 ὑπὸ
1327 5036 1460 5090 Θεοῦ
1498 5041 1824 5111 γεγενῆσθαι
1861 5042 1958 5113 τὴν
1988 5045 2188 5106 κτίσιν,

517 5120 652 5186 μήτε
680 5119 778 5190 τὴν
817 5120 1018 5192 ἀρετὴν
1048 5121 1217 5193 αὐτὴν
1247 5124 1412 5194 ἑαυτῇ
1448 5126 1696 5199 αὐτάρκη
1723 5124 1887 5192 εἷναι,
1923 5131 2058 5185 ἀλλὰ
2080 5133 2188 5185 δεῖο

515 5203 639 5257 σθαι
672 5207 970 5277 χρημάτων
1012 5209 1108 5263 καὶ
1146 5211 1423 5279 εὐγενείας
1454 5215 1550 5266 καὶ
1577 5216 1676 5285 τῆς
1718 5216 1917 5281 ἔξωθεν
1952 5236 2188 5289 περιφαο

517 5291 684 5355 νείας,
721 5297 816 5348 καὶ
836 5296 1000 5368 ἕτερα
1029 5298 1209 5370 πολλῷ
1233 5300 1439 5354 τούτων
1485 5304 2012 5378 καταγελαστότερα·
2044 5304 2189 5362 οὗτοι

516 5374 570 5428 δὲ
591 5378 697 5465 *καὶ
730 5383 859 5451 περὶ
891 5385 1168 5453 προνοίας,
1214 5388 1307 5441 καὶ
1356 5390 1484 5460 περὶ
1512 5390 1879 5461 δικαστηρίων
1908 5374 2015 5446 τῶν
2051 5395 2191 5465 μετά

512 5461 707 5549 ταῦτα,
740 5466 837 5519 καὶ
876 5472 1003 5541 περὶ
1052 5473 1151 5540 τῆς
1198 5474 1291 5528 τοῦ
1323 5475 1457 5529 Θεοῦ
1485 5477 1846 5548 δημιουργίας
1864 5479 1962 5549 τῆς
1981 5461 2062 5545 ἐξ⁷
2091 5482 2189 5534 οὐκ

514 5547 683 5619 ὄντων
729 5551 798 5606 τά
830 5554 1008 5608 πάντα
1051 5562 1498 5633 παραγαγούσης,
1553 5565 1648 5619 καὶ
1683 5567 1814 5635 περὶ
1862 5547 1971 5622 τῶν
2015 5567 2189 5622 ἄλλων

518 5639 771 5696 ἁπάντων
803 5642 1156 5714 φιλοσοφῶσι,
1177 5650 1278 5719 τῆς
1313 5651 1512 5715 ἔξωθεν
1536 5654 1675 5718 ὅλως
1723 5655 1796 5727 μὴ
1829 5657 2187 5728 μετασχόντες

575 5754 602 5831 ξ
747 5757 843 5831 ῐδοι
865 5774 935 5813 τις
956 5758 1031 5807 ἄν.
1055 5759 1164 5809 Mox
1184 5763 1323 5812 iiden
1354 5763 1465 5827 βοῦς
1485 5766 1734 5831 ἀροτῆρας.

572 5812 602 5879 Ρ
624 5815 723 5879 Alii
741 5812 985 5879 τέμνοντα.

564 5868 589 5900 ⁸
612 5876 762 5929 Savil.
789 5868 841 5929 ὲι
861 5880 1059 5940 quidam
1082 5881 1165 5931 alii
1189 5884 1272 5941 τήν
1294 5886 1534 5947 βλακείαν.

1342 282 1399 337 S.
1442 281 1729 340 JOANNIS
1766 282 2258 343 CHRYSOSTOMI
2300 282 2619 340 ARCIIIEP.
2658 281 3205 340 CONSTANTI‘NOP.
3867 280 3934 335 ίὲθ

2317 403 2670 466 παιδεύσεως·
2699 401 2784 465 τίς
2810 401 2912 455 οὐκ
2944 400 3011 453 ἂν
3052 396 3280 451 αὐτόθεν
3316 392 3475 465 μάθοι
3503 392 3603 465 τήν
3624 392 3717 447 τοῦ
3742 394 3939 463 Χριστοῦ

2312 490 2611 561 δύναμιν,ἢ
2639 488 2765 552 τοὺς
2798 488 3200 560 ἀγραμμάτους
3220 484 3313 538 καὶ
3348 479 3563 546 ἰδιώτας
3583 481 3690 533 τῶν
3716 483 3845 551 μέγα
3871 483 3939 534 ἐπὶ

2315 578 2477 649 σοφίᾳ
2536 576 2929 649 κομπαζόντων
2975 572 3216 643 τοσούτῳ
3273 569 3611 641 σοφωτέρους
3672 569 3938 631 ἀπέδειξεν,

2311 667 2422 737 ὅσῳ
2478 664 2587 719 τῶν
2653 663 2864 736 μικρῶν
2947 661 3173 716 παιδίων
3238 661 3365 722 τούς
3431 657 3706 729 ἔμφρονας
3771 657 3936 725 ἄνδρας

2316 751 2678 824 ὑπερέχοντας
2708 751 2856 805 ἔστιν
2886 751 3045 815 ίδεῖν;
3082 748 3147 800 Τί
3171 747 3280 819 γάρ
3309 747 3491 809 αὐτοῖς
3530 744 3721 814 βλάϐος
3748 744 3842 797 ἀπὺ
3854 744 3935 813 τῆς

2313 838 2454 890 κατὰ
2478 837 2570 892 τὸν
2611 838 2769 906 λόγον
2816 831 3080 896 ἰδιωτείας
3117 834 3315 903 γένοιτ’
3345 835 3432 896 ἂν,
3463 835 3588 887 ὅταν
3637 833 3704 885 τά
3728 836 3933 902 νοήματα

2312 927 2494 989 αὑτοῖς
2523 925 2726 995 πολλῆς
2750 926 2897 996 γέμῃ
2952 917 3176 994 σοφίαςς
3203 925 3254 977 τί
3299 924 3356 976 δὲ
3403 922 3595 991 ὄφελος
3626 924 3735 984 τοῖς
3776 921 3936 986 ἔξωθεν

2310 1012 2416 1064 ἀπὸ
2449 1013 2547 1078 τῆς
2570 1012 2678 1064 τῶν
2699 1013 2872 1080 λόγων
2902 1011 3266 1073 διδασκαλίας,
3317 1012 3442 1063 ’όταν
3474 1011 3654 1079 ἐρήμη
3685 1011 3940 1077 νοημάτων

2311 1101 2341 1168 ἡ
2376 1095 2669 1172 διάνοιαῇ;
2724 1101 2936 1171 ’Ὠσπερ
2964 1098 3029 1152 ἂν
3068 1098 3235 1160 εἴτις
3269 1099 3543 1168 μάχαιραν
3590 1096 3704 1165 ἔχοι
3732 1096 3831 1165 τήν
3872 1098 3943 1162 μὲν

2309 1185 2477 1257 λαϐὴν
2528 1186 2756 1255 ἔχουσαν
2787 1188 3054 1257 ἀργυρᾶν,
3088 1185 3150 1238 τὸ
3180 1185 3234 1237 δὲ
3267 1185 3511 1254 σιδήριον
3547 1183 3808 1253 μολύϐδου
3832 1199 3946 1233 παν-

2306 1274 2398 1335 τὸς
2423 1273 2829 1344 ἀσθενέστερον·
2853 1276 2948 1326 καὶ
2967 1273 3076 1343 γὰρ
3106 1273 3201 1326 καὶ
3229 1272 3436 1334 τούτοις
3460 1272 3492 1340 ἡ
3526 1271 3623 1341 μὲν
3652 1270 3867 1337 γλῶττα
3882 1268 3947 1320 διὰ

2309 1360 2568 1430 ῥημάτων
2593 1360 2690 1412 καὶ
2716 1360 2995 1431 ὀνομάτων
3027 1359 3142 1411 ἐστὶ
3163 1358 3671 1427 κεκαλλωπισμένη,
3706 1358 3743 1425 ἡ
3768 1356 3950 1409 διάνοια

2305 1446 2362 1498 δὲ
2397 1446 2598 1516 πολλῆς
2626 1447 2786 1517 γέμει
2819 1447 2920 1515 τῆς
2950 1445 3249 1508 ἀσθενείας,
3273 1445 3367 1496 καὶ
3389 1443 3522 1512 πρὸς
3550 1443 3765 1495 ἅπαντα
3781 1442 3956 1501 αὐτοῖς,

2308 1536 2455 1587 ἐστιν
2476 1535 2764 1605 ἄχρηστος·
2798 1533 2934 1587 ἀλλὰ
2967 1533 3086 1603 οὐχὶ
3110 1533 3216 1585 τῶν
3254 1530 3555 1600 φιλοσόφων
3577 1529 3804 1591 τούτων,
3832 1531 3954 1581 ἀλλὰ

2306 1622 2616 1676 τούναντίον
2664 1622 2833 1685 ἅπαν,
2866 1621 3067 1691 πολλῆς
3110 1621 3294 1682 αὐτοῖς
3323 1621 3355 1690 ή
3386 1619 3592 1672 διάνοια
3642 1617 3803 1689 γέμει
3825 1619 3951 1685 φιλο-

2310 1709 2498 1778 σοφίας
2530 1708 2556 1746 ἀ
2587 1710 2985 1780 πνευματικῆς,
3014 1709 3106 1760 καὶ
3130 1710 3157 1760 ό
3193 1706 3305 1777 βίος
3329 1705 3398 1759 τὰ
3429 1705 3676 1774 δόγματα
3702 1709 3949 1773 μιμεῖται.

2306 1797 2463 1867 Παρά
2478 1797 2686 1860 τούτοις
2702 1798 2801 1850 οὑκ
2816 1797 2924 1849 είσὶ
2934 1799 3186 1865 γυναῖκες
3205 1792 3725 1866 θρυπτόμεναι,οὑδὲ
3746 1792 3761 1842 ί
3768 1793 3958 1860 ματίων

2305 1885 2711 1956 καλλωπισμὸς,
2745 1885 2867 1939 οὐδέ
2895 1885 3273 1956 ἐπιτρίμματα
3318 1884 3413 1935 καὶ
3452 1882 3798 1951 ὑπογραφαὶ,
3835 1882 3962 1934 ἀλλὰ

2304 1974 2452 2025 πᾶσα
2482 1972 2706 2043 τοιαύτη
2753 1972 3019 2043 διαφθορά
3070 1972 3284 2041 τρόπων
3320 1969 3679 2039 ἀπελήλαται·
3711 1968 3832 2020 ὅθεν
3883 1971 3963 2021 καὶ

2303 2061 2664 2132 εὐκολώτερον
2685 2061 2776 2114 τὸν
2808 2060 3243 2129 ὑποτεταγμένον
3269 2058 3451 2119 αὐτοῖς
3474 2056 3643 2126 δῆμον
3670 2056 3754 2118 εἰς
3767 2073 3962 2124 σωφρο·

2304 2148 2471 2219 σύνην
2492 2149 2705 2217 ἄγουσι,
2740 2149 2832 2202 καὶ
2865 2148 2957 2202 τὸν
2976 2148 3069 2201 τοῦ
3094 2146 3306 2199 Παύλου
3337 2146 3516 2215 νόμον,
3543 2144 3636 2196 τὸν
3678 2144 3962 2197 κελεύοντα

2303 2236 2668 2306 σκεπάσματα
2700 2235 2842 2306 ἔχειν
2864 2236 2959 2289 καὶ
2986 2233 3304 2304 διατροφὰς,
3334 2233 3427 2286 καὶ
3468 2232 3636 2302 μηδὲν
3674 2232 3841 2286 πλέον
3864 2235 3964 2284 ἐπι-

2300 2320 2505 2393 ζητεῖν,
2542 2324 2680 2394 μετά
2711 2323 2916 2393 πολλῆς
2956 2322 3285 2388 φυλάττουσι
3326 2321 3423 2391 τῆς
3449 2319 3758 2389 ἀκριϐείας.
3815 2318 3973 2390 [Ιαεά

2299 2411 2507 2475 τούτοις
2533 2413 2632 2465 οὐκ
2683 2412 2827 2466 ἔστιν
2872 2411 3065 2481 ἀλοιφὴ
3103 2410 3290 2481 μύρων
3341 2406 3824 2478 καταγοητεύουσα
3881 2409 3974 2476 τὴν

2297 2498 2555 2563 διάνοιαν,
2588 2500 2704 2553 ἀλλ’
2731 2502 2764 2571 ή
2790 2501 2860 2571 γῆ
2886 2499 3115 2570 βοτάνας
3144 2498 3455 2569 ἐκφέρουσα
3483 2495 3683 2558 παντὸς
3726 2494 3977 2565 μυρεηῖιοὶ

2301 2587 2606 2659 σοφώτερον
2622 2589 2806 2652 αὐτοῖς
2830 2586 3231 2651 κατασκευάζει
3263 2587 3360 2656 τὴν
3391 2584 3641 2653 ποικίλην
3667 2582 3782 2634 τῶν
3795 2583 3980 2635 ἀνθῶν

2296 2675 2549 2729 εὐωδίαν.
2579 2675 2678 2728 Διά
2702 2675 2861 2729 τοῦτο
2894 2677 3077 2740 αὐτοῖς
3116 2676 3210 2729 καὶ
3235 2674 3306 2727 τὰ
3339 2672 3563 2743 σώματα
3593 2671 3810 2737 ὑγιείας
3839 2671 3984 2722 ἀπο·

2297 2760 2449 2815 λαύει
2483 2762 2731 2835 καθαρᾶς
2767 2764 2903 2834 μετά
2935 2764 3035 2833 τῆς
3085 2762 3284 2833 ψυχῆς,
3324 2760 3512 2830 ἐπειδὴ
3548 2759 3731 2811 πᾶσαν
3760 2756 3991 2827 τρυφὴν

2296 2850 2583 2922 ἀπήλασαν
2633 2852 2729 2904 καὶ
2753 2850 2820 2903 τά
2853 2850 3067 2922 πονηρά
3094 2850 3193 2919 τῆς
3232 2846 3402 2919 μέθης
3424 2845 3673 2910 ἐξέϐαλον
3699 2844 3988 2914 ῥεύματα,

2296 2941 2390 2994 καὶ
2420 2941 2673 2995 τοσοῦτον
2709 2939 3002 3001 ἐσθίουσιν,
3043 2940 3164 2993 ὅσον
3195 2935 3425 3007 ἀποζῇν.
3479 2932 3628 3006 [191]
3656 2933 3755 3003 Μὴ
3792 2932 3996 2985 τοίνυν

2296 3028 2405 3082 ἀπὸ
2432 3029 2527 3081 τοῦ
2558 3031 2838 3099 σχήματος
2859 3026 3043 3080 αὐτῶν
3089 3023 3541 3095 καταφρονῶμεν,
3563 3020 3701 3074 ἀλλά
3734 3021 3842 3089 τὴν
3871 3020 3993 3073 διάη

2297 3132 2444 3169 νοιαν
2472 3115 2652 3168 αὐτῶν
2681 3115 3072 3185 θαυμάζωμεν.
3109 3113 3174 3165 Τί
3225 3113 3334 3184 γάρ
3384 3110 3573 3180 ὄφελος
3620 3109 3723 3179 τῆς
3771 3108 3997 3174 ἐξωθεν

2297 3200 2613 3273 περιϐολῆς,
2641 3201 2770 3254 ὅταν
2809 3203 2841 3271 ἡ
2872 3199 3017 3272 ψυχὴ
3067 3198 3364 3267 προσαιτου
3403 3195 3602 3258 παντὸς
3639 3192 3996 3264 ἀθλιώτερον

2295 3288 2597 3360 ἐσταλμένη
2623 3284 2693 3361 ﬁ;
2731 3288 2834 3340 Τὸν
2860 3287 3030 3358 ἄνδρα
3058 3287 3159 3339 οὐκ
3196 3284 3304 3338 ἀπὸ
3339 3282 3447 3336 τῶν
3478 3282 3737 3352 ἱματίων,
3769 3279 3993 3350 μᾶλλον

2293 3378 2351 3430 δὲ
2383 3378 2504 3430 οὐδέ
2528 3377 2636 3430 ἀπὸ
2666 3375 2763 3429 τοῦ
2796 3374 3067 3445 σώματος,
3099 3372 3211 3426 ἀλλ’
3239 3371 3347 3424 ἀπὸ
3378 3370 3475 3439 τῆς
3511 3367 3694 3437 ψυχῆς
3730 3368 3995 3420 ἐπαινεῖν

2294 3465 2400 3536 χρὴ
2422 3466 2515 3517 καλ⁵
2536 3462 2858 3534 θαυμάζειν.
2896 3461 3186 3515 Ἀπόδυσον
3212 3457 3419 3512 τούτων
3455 3467 3478 3495 θ
3508 3455 3608 3525 τὴν
3628 3454 3835 3523 ψυχὴν,
3880 3453 3985 3506 καὶ

2293 3550 2414 3620 ὄψει
2447 3551 2509 3603 τὸ
2531 3550 2727 3614 κάλλος
2751 3550 2921 3620 αὐτῆς
2947 3549 3041 3601 καὶ
3067 3546 3157 3601 τὸν
3184 3544 3411 3599 πλοῦτον
3432 3542 3520 3595 διὰ
3540 3540 3649 3593 τῶν
3684 3541 3984 3611 ῥημάτων,

2293 3637 2381 3690 διὰ
2395 3635 2503 3690 τῶν
2522 3637 2827 3707 δογμάτων,
2839 3635 2927 3689 διά
2944 3635 3041 3707 τῆς
3060 3634 3190 3704 ὅλης
3201 3631 3308 3685 τῶν
3322 3631 3537 3702 τρόπων
3553 3628 3985 3690 καταστάσεως.

2367 3723 2883 3795 β’.Αίσχυνέσθωσαν
2900 3723 3078 3776 τοίνυν
3089 3722 3137 3775 οί
3150 3720 3427 3784 Ἕλληνες,
3443 3714 3999 3786 ἐγκαλυπτέσθωσαν

2294 3813 2388 3866 καὶ
2417 3812 2866 3865 καταδυέσθωσαν
2901 3811 2995 3863 ἐπὶ
3041 3811 3154 3872 τοῖς
3184 3807 3363 3860 αὐτῶν
3405 3804 3739 3874 φιλοσόφοις,
3766 3803 3874 3854 καὶ
3925 3806 3999 3873 τῇ

2296 3901 2474 3968 πάσης
2501 3899 2712 3970 μωρίας
2737 3896 3044 3968 ἀθλιωτέρα
3060 3894 3241 3949 αὐτῶν
3277 3893 3460 3964 σοφία.
3497 3892 3560 3944 Ol
3585 3891 3685 3962 μὲν
3707 3889 3822 3960 γὰρ
3846 3892 3999 3961 παρ’

2294 3989 2474 4053 αὐτοῖς
2502 3986 2778 4056 φιλόσοφοι
2812 3985 2952 4039 κατά
2983 3985 3072 4037 τὸν
3108 3982 3319 4053 καιρὸν,
3353 3980 3412 4034 ὃν
3437 3980 3596 4043 ἔζων,
3626 3978 3854 4046 ὀλίγους
3893 3980 4006 4047 μό‹

2293 4075 2375 4138 λις
2399 4074 2495 4128 κα).
2522 4072 2729 4143 σφόδρα
2749 4071 3146 4143 εὐαριθμήτους
3170 4070 3393 4139 ἴσχυσαν
3418 4067 3489 4120 τὰ
3509 4067 3528 4103 τ
3554 4066 3737 4118 αὐτῶν
3761 4064 4006 4129 διδάξαι

2294 4161 2562 4231 δόγματα,
2593 4159 2690 4212 καὶ
2730 4157 2977 4213 κινδύνου
3026 4154 3222 4227 μικροῦ
3264 4152 3666 4213 καταλαϐόντος
3704 4151 3807 4203 καὶ
3858 4151 4006 4204 τιού-

2294 4265 2420 4311 τους
2448 4247 2759 4301 ἀπώλεσαν·
2810 4247 2859 4298 οί
2892 4245 2950 4298 δὲ
2995 4244 3088 4297 τοῦ
3137 4241 3373 4314 Χριστοῦ
3416 4239 3680 4310 μαθηταὶ,
3702 4241 3753 4291 οί
3779 4238 4005 4300 ἁλιεῖς,

2296 4336 2387 4389 καλ⁵
2418 4335 2668 4394 τελῶναι,
2704 4333 2798 4386 καὶ
2834 4332 3167 4401 σκηνοποιοὶ,
3214 4332 3270 4382 ἐν
3320 4329 3521 4397 ὀλίγοις
3565 4326 3714 4379 ἔτεσι
3767 4326 3875 4395 τὴν
3910 4329 4006 4376 οξ-

2295 4422 2567 4493 κουμένην
2602 4421 2821 4475 ἃπασαν
2856 4418 2992 4490 πρὸς
3036 4418 3136 4488 τὴν
3171 4416 3428 4487 ἀλήθειαν
3462 4415 3845 4482 ἐπανήγαγον,
3890 4413 4006 4465 καὶ

2298 4510 2505 4580 μυρίων
2536 4509 2593 4575 ἐξ
2630 4508 2839 4561 ἐκείνου
2879 4506 3178 4575 γινομένων
3224 4504 3505 4567 κινδύνων,
3551 4502 3612 4554 οὐ
3664 4501 3835 4570 μόνον
3888 4502 4006 4553 oi)

2295 4598 2527 4665 ἐσϐέσθη
2549 4596 2609 4649 τὸ
2640 4597 2921 4667 κήρυγμα,
2950 4594 3083 4646 ἀλλὰ
3109 4594 3201 4646 καὶ
3226 4591 3379 4645 ἀνθεῖ
3398 4592 3493 4644 καὶ
3522 4590 3658 4660 πρὸς
3690 4588 3751 4640 τὸ
3790 4592 4006 4657 μεῖξαι

2295 4684 2592 4737 ἐπιδίδωσι·
2629 4683 2725 4736 καὶ
2768 4682 3077 4751 φιλοσοφεῖν
3114 4678 3360 4741 ἐδίδαξαν
3392 4676 3716 4748 ἀνθρώπους
3756 4675 4006 4731 ἰδιῶται

2294 4772 2387 4823 καὶ
2424 4769 2693 4839 γηπόνους
2740 4769 2835 4821 καὶ
2866 4767 3176 4838 θρέμμασιν
3219 4763 3563 4830 ὁμιλοῦντας.
3620 4756 3781 4815 Οὗτοι
3842 4764 4006 4829 μετέ

2292 4855 2399 4908 τῶν
2422 4856 2597 4909 ἄλλων
2617 4854 2874 4908 ἁπάντων
2899 4853 2993 4907 καὶ
3017 4852 3117 4922 τὴν
3140 4855 3353 4905 πάντων
3380 4851 3491 4904 τῶν
3506 4849 3731 4918 ἀγαθῶν
3746 4850 4006 4902 αἰτία-..ι

2294 4944 2514 5012 ἀγάπην
2551 4942 2928 5013 ἐρριζωμένην
2961 4942 3200 5012 ἔχοντες,
3228 4940 3503 4993 ἔσπευσαν
3541 4938 3681 5006 πρὸς
3712 4938 3883 5006 ἡμᾶς
3926 4958 4006 4997 τη

2295 5030 2499 5100 σαύτην
2522 5030 2821 5102 δραμόντες
2875 5029 3051 5082 ἐλθεῖν
3084 5030 3224 5092 ὁδὸν,
3255 5029 3348 5081 καὶ
3376 5028 3445 5081 τὰ
3480 5029 3654 5080 οἰκεῖα
3700 5028 4006 5094 περιπτιῖ

2294 5118 2486 5183 ξασθαι
2512 5116 2667 5187 μέλη.

2359 5206 2495 5275 Φέρε
2515 5201 2609 5257 οὑν
2640 5203 2733 5257 καὶ
2760 5205 2921 5274 ἡμεῖς
2940 5203 3062 5257 ἀντὶ
3099 5202 3207 5254 τῶν
3222 5200 3411 5272 δώρων
3441 5202 3672 5261 τούτων,
3705 5198 3815 5264 τῆς
3852 5201 4006 5269 ἆγε

2292 5311 2398 5363 πης
2422 5293 2567 5361 λέγω
2592 5294 2688 5345 καὶ
2707 5291 2808 5360 τῆς
2858 5290 3171 5354 διαθέσεως,
3200 5289 3386 5358 ἐφόδια
3428 5287 3606 5348 δόντες
3638 5285 3865 5349 αὐτοῖς,
3934 5291 4006 5342 οἳ

2287 5398 2395 5443 τως
2430 5382 2627 5443 αὐτοὺς
2661 5379 3100 5451 ἀποπέμψωμεν,
3135 5377 3345 5431 καὶτὸν
3377 5372 3639 5446 περὶτῶν
3669 5374 3877 5444 ὅρκων
3922 5394 4006 5435 πί

2288 5466 2372 5518 λιν
2416 5469 2728 5538 κινήσωμεν
2757 5466 2937 5534 λόγον,
2971 5465 3112 5520 ὥστε
3163 5463 3458 5537 πρόρριζον
3486 5463 3553 5514 ἐκ
3580 5459 3687 5529 τῆς
3737 5461 4006 5518 ataui:

2290 5553 2544 5607 ἁπάντων
2577 5553 2991 5624 ἀνασπασθῆναι
3020 5553 3117 5623 τὴν
3156 5551 3398 5623 πονηράν
3426 5550 3630 5617 ταύτην
3660 5549 3869 5619 σδνήθε
3884 5561 4006 5601 εσσε

2353 5648 2380 5687 ἀ
2404 5650 2500 5699 Alii
2529 5651 2713 5712 σοφίας.

2361 5714 2383 5737 θ
2407 5712 2555 5759 Savii.
2578 5712 2765 5764 τούτου.

2363 5770 2384 5840 ξ
2408 5772 2558 5840 δαιτί-1..
2582 5773 2742 5821 πεῖσαι
2761 5772 2955 5840 φυλάξαι
2980 5771 3057 5821 τά.
3086 5770 3263 5840 Monte]:
3280 5770 3458 5840 διδάξαι
3477 5769 3556 5817 τά.
3598 5827 3605 5835 ν
3721 5827 3748 5840 ί.
3827 5828 3867 5839 η
3896 5826 3925 5839 ς

2360 5834 2387 5899 ξ
2420 5833 2586 5899 εενὶι.Δ
2618 5840 2671 5899 ει
2714 5830 3266 5899 quLidatgmanuscripli
3322 5830 3452 5899 οὑτοι
3492 5830 3622 5889 μιτά
3682 5830 3790 5875 τῶν
3819 5830 4006 5877 ἀλλα-ι

2293 5894 2509 5944 ἁπάντων
2528 5896 2622 5942 τῶν
2641 5895 2825 5956 ἀγαθῶν
2843 5893 3015 5946 αἰτίαν.
