4020 6216
214 371 313 428 ἴδῃ

208 507 261 542 ut
293 486 449 539 vitam
481 483 617 539 Deus
646 491 880 537 nostrain
910 480 1103 534 intulit.
1130 478 1335 533 Etenim
1362 484 1486 529 ante
1508 480 1781 544 peccatum

208 578 378 631 Adam
424 573 636 642 quando
681 572 843 626 multa
895 571 1164 625 fruebatur
1200 568 1461 628 libertate,
1499 562 1786 633 agricultu-

1025 368 1113 422 AD
1154 362 1470 421 POPULUM
1511 355 1996 415 ANTIOCHENUM
2061 358 2284 413 llOMlL.
2327 358 2470 413 XIX.

3370 361 3388 414 Ι
3404 361 3468 414 3i)

1896 470 2375 534 demonstraret-it,
2430 479 2625 540 quanto
2676 470 2849 538 parvis
2901 470 3132 538 puerulis
3182 472 3472 542 prudentes

1898 561 2035 615 viros
2074 570 2389 631 pra-stantes
2428 575 2647 616 cernere
2684 561 2809 616 eSt?
2845 561 2994 627 Quod
3038 563 3177 616 enim
3209 564 3336 633 ipsis
3373 566 3471 621 da,

205 685 321 725 ram
345 667 627 737 quamdam
654 664 804 718 obire
842 664 1021 732 jussus
1044 671 1157 725 est,
1190 676 1293 714 non
1324 657 1643 712 laboriosam
1670 653 1788 723 qui-
1809 695 1867 736 ρ,
1894 670 2073 708 mnum
2097 669 2164 708 ex
2190 655 2451 709 sermonis
2478 654 2738 723 imperitia
2768 667 2884 707 esse
2917 654 3100 721 possit,
3124 670 3242 708 eum
3266 667 3471 712 mentes

204 764 354 823 dem,
385 772 485 812 nec
511 769 776 809 arrumnas
802 753 1110 814 habentem,
1141 750 1236 805 sed
1265 749 1483 803 multam
1529 745 1628 800 sibi
1654 758 1787 813 prae-

206 852 420 904 bentem
471 845 877 917 phil050phiam.
942 843 1119 897 Posuit
1176 841 1317 895 enim
1365 840 1552 908 ipsum,
1588 836 1683 901 ait,
1730 842 1787 886 ut

204 949 505 1009 operaretur
529 948 575 993 et
607 936 879 991 custodiret
904 934 1202 1005 paradisum
1235 930 1398 1002 (Gen.
1436 929 1492 982 ‘2.
1518 927 1645 997 15).
1679 924 1786 978 Ho-

204 1047 326 1086 rutn
353 1043 615 1100 quemque
634 1040 883 1081 cerneres
919 1039 1061 1079 nunc
1087 1023 1298 1093 quidem
1332 1023 1493 1075 boves
1513 1020 1783 1088 jngantem

201 1122 469 1176 aratorios
497 1129 549 1175 et
593 1129 827 1173 aratrum
858 1122 1152 1171 trahentem
1196 1124 1251 1169 et
1292 1112 1608 1183 profundum
1648 1110 1788 1164 scin-

203 1216 425 1270 dentem
474 1211 701 1274 sulcum,
748 1222 889 1263 nunc
936 1216 1113 1261 autem
1160 1220 1369 1260 sacrum
1413 1200 1786 1257 ascendentem

205 1317 515 1378 suggestum
572 1315 627 1360 et
679 1303 1014 1358 subditorum
1064 1301 1271 1355 animas
1318 1308 1605 1351 arantem:
1648 1309 1788 1347 nunc

199 1400 422 1470 quidem
451 1397 560 1466 agri
588 1396 768 1465 spinas
794 1394 1129 1449 excidentem
1163 1392 1313 1450 falce,
1343 1403 1483 1441 nunc
1513 1400 1642 1439 vero
1669 1399 1785 1436 ser-

200 1505 371 1546 mone
421 1504 487 1541 ex
528 1486 719 1540 animis
781 1492 996 1553 peccata
1048 1491 1433 1550 emergentem.
1490 1476 1606 1530 Non
1645 1476 1784 1529 enim

202 1580 529 1635 erubescunt
549 1578 804 1639 culturas,
837 1576 973 1627 sicut
1002 1573 1151 1626 urbis
1197 1581 1392 1624 nostra:
1437 1566 1643 1630 incolae,
1693 1563 1785 1618 sed

201 1672 528 1727 erubescunt
551 1668 851 1737 segnitiem,
888 1666 1138 1736 quoniam
1168 1662 1471 1717 didicerunt
1499 1659 1639 1712 illam
1672 1671 1787 1709 ont-

204 1777 334 1817 nem
363 1760 613 1815 docuisse
632 1757 887 1813 malitiam
924 1772 937 1809 :
970 1764 1026 1810 et
1064 1755 1130 1807 ab
1170 1754 1322 1806 initio
1352 1765 1412 1805 se
1440 1746 1786 1818 diligentibus

203 1853 459 1923 nequitiae
486 1852 647 1906 fuisse
675 1850 1002 1919 magistram.
1034 1846 1095 1899 Hi
1124 1855 1247 1899 sunt
1267 1843 1504 1897 maxime
1524 1841 1609 1909 qui
1630 1838 1787 1892 nobis

201 1947 463 2015 optimam
490 1940 852 2013 philoSOphari
881 1939 1131 1993 videntur
1155 1932 1571 2004 philosophiam,
1600 1944 1705 1984 non
1722 1943 1785 1981 ex

200 2037 415 2101 habitu,
445 2033 537 2089 sed
568 2048 635 2089 ex
677 2030 942 2086 sententia
980 2029 1229 2082 virtutem
1277 2039 1427 2080 suam
1454 2020 1786 2078 exhibentes.

202 2129 392 2199 Itaque
420 2135 765 2182 externorum
793 2122 1116 2194 philosophi,
1157 2118 1383 2175 scenicis
1410 2124 1467 2172 et
1504 2115 1788 2170 mimorum

199 2223 352 2276 htdis
397 2219 709 2275 vacantibus
753 2217 919 2271 nihilo
948 2215 1137 2269 melius
1182 2228 1240 2267 se
1284 2211 1499 2274 habent,
1549 2206 1708 2277 pallio
1736 2213 1792 2260 et

200 2314 374 2369 barba
416 2322 471 2367 et
511 2313 647 2367 stola
672 2311 802 2365 nihil
856 2309 1084 2378 amplius
1124 2306 1377 2361 exhibere
1425 2303 1661 2357 valentes
1694 2318 1708 2355 :
1737 2298 1789 2353 hi

200 2423 335 2463 vero
361 2402 568 2469 contra,
613 2404 802 2459 baculo
856 2411 908 2457 et
963 2401 1126 2455 barba
1169 2408 1225 2453 et
1274 2398 1483 2466 reliquo
1533 2401 1788 2465 apparatu

199 2501 422 2570 longum
454 2498 630 2553 valere
646 2497 826 2567 jussis,
856 2496 1087 2550 animam
1110 2507 1258 2547 suam
1281 2505 1421 2545 verre
1440 2486 1790 2559 philosophia:

200 2589 490 2658 preceptis
518 2601 869 2651 exornavero,
903 2600 1004 2640 nec
1028 2581 1314 2654 praeceptis
1355 2589 1580 2644 tantum,
1602 2591 1787 2632 verum

199 2693 253 2735 et
297 2680 564 2749 operibus
593 2677 741 2747 ipsis.
774 2678 839 2731 Et
873 2676 917 2731 si
948 2674 1139 2729 horum
1164 2673 1465 2742 quempiam
1495 2670 1791 2749 interroges

200 2774 253 2826 iu
284 2746 620 2842 agricultura
643 2768 933 2823 viventium
958 2808 974 2832 ,
1008 2776 1063 2821 et
1092 2765 1271 2834 ligone
1312 2770 1368 2817 et
1400 2769 1578 2815 aratro
1620 2746 1795 2813 confe-

194 2876 440 2917 ciorum.
476 2861 545 2915 de
587 2858 870 2929 dogmatis,
911 2857 978 2912 de
1015 2855 1204 2926 quibus
1252 2852 1455 2908 infinita
1489 2860 1794 2920 quarrentes

194 2955 419 3013 externi
468 2948 789 3021 philosophi,
836 2958 891 3003 et
931 2959 1208 3002 sermones
1246 2943 1442 2998 multos
1484 2939 1790 3002 fundentes,

197 3049 338 3101 nihil
370 3058 561 3100 sanum
588 3041 768 3096 dicere
791 3047 1101 3111 potuerunt,
1129 3035 1319 3091 sedulo
1338 3040 1525 3088 cuncta
1553 3030 1645 3084 tibi
1667 3044 1789 3084 cum

196 3139 375 3194 multa
406 3133 751 3203 respondebit
798 3129 1075 3199 sapientia.
1109 3126 1217 3183 Nec
1243 3127 1343 3180 hoc
1370 3134 1569 3178 tantum
1593 3132 1674 3175 est
1698 3120 1794 3174 ad-

194 3228 476 3292 mirabile,
526 3240 710 3280 verttm
759 3230 815 3277 et
852 3220 1103 3292 quoniam
1143 3233 1239 3289 per
1282 3230 1443 3287 opera
1485 3214 1792 3284 dogmatum

195 3322 373 3377 ﬁdem
401 3320 632 3372 ﬁrmant.
680 3314 893 3371 Etenim
933 3310 1076 3383 quod
1118 3310 1348 3364 animam
1380 3306 1668 3361 habeamus
1698 3304 1799 3357 im-

197 3412 532 3473 mortalem,
582 3417 636 3463 et
678 3407 916 3462 omnium
967 3418 1086 3473 qum
1136 3400 1222 3455 hic
1261 3408 1518 3470 geruntur
1565 3397 1796 3450 rationes

196 3504 437 3559 reddere
455 3501 767 3564 debeamus,
795 3506 849 3552 et
871 3493 1148 3550 tremendo
1174 3492 1426 3546 assistere
1452 3488 1717 3548 tribunali,
1742 3480 1796 3540 Et

195 3598 256 3651 in
289 3602 476 3649 mente
496 3591 595 3645 sibi
622 3594 998 3659 persuaserunt
1017 3625 1030 3650 ,
1059 3592 1113 3638 et
1142 3584 1302 3636 vitam
1327 3594 1540 3635 omnem
1572 3578 1636 3631 ad
1661 3577 1797 3630 hanc

196 3698 365 3754 spem
396 3682 758 3742 instituerunt,
811 3684 865 3731 et
904 3673 1049 3729 omni
1078 3671 1317 3727 sreculari
1350 3683 1542 3738 pompa
1565 3666 1799 3736 superio-

198 3794 294 3831 res
314 3773 538 3837 redditi,
578 3781 738 3840 atque
788 3784 817 3823 a
866 3768 1043 3822 divina
1096 3764 1288 3821 eruditi
1328 3761 1620 3831 Scriptura,
1658 3758 1796 3828 quod

216 3867 437 3920 Vanitas
464 3866 765 3925 vanitatum,
807 3871 853 3915 et
882 3861 1051 3913 omnia
1076 3859 1273 3912 vanitas
1297 3856 1492 3927 (Eccle.
1528 3854 1580 3909 1.
1605 3854 1665 3923 2)
1690 3871 1703 3906 :
1731 3852 1797 3906 ad

205 3962 284 4015 nil
312 3974 504 4015 eorum
533 3972 652 4025 qua:
683 3953 929 4008 videntur
957 3967 1076 4006 esse
1095 3951 1261 4013 clara,
1290 3948 1562 4002 anhelant.

282 4052 488 4109 Rustici
515 4049 845 4119 sapientiores
867 4043 1088 4115 antiquis
1116 4040 1451 4113 philosophis.
1476 4068 1547 4079 —
1574 4037 1635 4091 Hi
1658 4046 1708 4091 ct
1730 4035 1799 4089 de

208 4148 332 4202 Deo
364 4145 480 4197 iure
508 4139 871 4211 phil050phari
912 4144 1108 4193 norunt
1133 4177 1147 4200 ,
1175 4151 1294 4203 qua:
1338 4134 1476 4188 Dens
1507 4130 1794 4185 mandavit.

210 4242 299 4292 Ac
325 4234 371 4289 si
428 4246 707 4287 assumens
735 4244 919 4284 eorum
952 4242 1134 4285 unum,
1166 4222 1538 4293 philosophum
1571 4221 1797 4290 aliquem

206 4340 563 4381 externorum
590 4336 731 4376 nunc
760 4323 811 4373 in
840 4318 1071 4374 medium
1098 4316 1350 4379 adducas,
1382 4314 1489 4368 itno
1507 4328 1636 4367 vero
1663 4325 1803 4365 nunc

207 4416 433 4485 quidem
479 4414 654 4467 nullus
696 4419 867 4479 potest
896 4408 1156 4471 inveniri;
1188 4408 1232 4459 si
1268 4419 1397 4460 vero
1432 4404 1619 4457 horum
1648 4417 1801 4455 assu-

210 4522 335 4559 mas
380 4519 582 4566 unum,
622 4499 979 4568 evolvensque
1026 4498 1318 4566 priscorum
1362 4492 1799 4563 philosophorum

210 4601 389 4652 libros
411 4611 690 4664 percurras
714 4613 728 4648 :
751 4602 806 4649 et
824 4593 948 4662 quid
978 4593 1028 4645 hi
1054 4591 1264 4660 quidem
1290 4604 1427 4643 nunc
1453 4585 1799 4656 respondent,

207 4689 347 4756 quid
378 4698 552 4743 autem
581 4687 657 4740 illi
689 4695 815 4739 tunc
844 4682 1202 4754 philosophati
1248 4689 1370 4734 sunt
1393 4720 1408 4746 ,
1441 4681 1493 4733 in
1526 4693 1803 4745 compara-

212 4784 369 4837 tione
396 4795 600 4853 ponens
628 4777 882 4834 discutias
904 4817 921 4843 ,
949 4774 1153 4829 videbis
1178 4781 1372 4843 qusnta
1399 4772 1469 4825 sit
1501 4770 1688 4824 horum
1715 4783 1804 4821 sa-

208 4871 461 4943 pientia,
492 4879 692 4940 quanta
728 4881 859 4922 vero
902 4866 1111 4922 illorum
1157 4862 1446 4919 dementia.
1486 4860 1617 4915 Cum
1660 4859 1803 4913 enim

210 4966 461 5033 ipsomm
490 4959 704 5031 quidam
741 4959 941 5015 nullam
979 4958 1032 5011 in
1072 4956 1231 5010 rebus
1264 4968 1385 5009 esse
1426 4950 1805 5022 providentiam

206 5055 438 5115 ditant,
466 5066 566 5106 nec
586 5066 617 5103 a
643 5050 752 5105 Deo
774 5058 1010 5104 creatum
1036 5060 1155 5100 esse
1185 5043 1474 5105 mundum,
1507 5057 1678 5112 neque
1698 5042 1805 5095 vir-

214 5156 391 5199 tutem
412 5143 515 5198 sibi
541 5143 641 5211 ipsi
668 5141 1019 5196 sufﬁcientem
1050 5152 1190 5199 esse,
1219 5135 1312 5190 sed
1340 5148 1474 5204 Opus
1500 5149 1622 5189 esse
1650 5147 1811 5202 pecu-

214 5237 323 5290 niis
348 5243 411 5287 et
437 5233 718 5287 nobilitate
754 5241 810 5286 et
837 5229 1090 5285 exteriori
1128 5228 1367 5283 claritate
1386 5268 1401 5292 ,
1430 5237 1483 5280 et
1513 5224 1676 5279 multa
1707 5224 1807 5276 alia

218 5325 305 5379 lus
334 5324 513 5393 magis
537 5322 756 5378 ridicula
783 5322 870 5376 :bi
902 5329 1080 5375 autem
1111 5328 1164 5373 et
1189 5319 1255 5373 de
1286 5316 1636 5386 providentia,
1664 5324 1719 5370 et
1743 5314 1810 5368 dc

217 5417 439 5486 indiciis
459 5414 826 5485 sequentibus,
849 5423 901 5468 et
920 5414 987 5466 de
1016 5411 1108 5467 Dei
1134 5409 1423 5473 creatione,
1449 5408 1537 5479 qui
1559 5423 1624 5463 ex
1647 5406 1812 5460 nihilo

220 5509 404 5562 mania
434 5506 711 5578 produxit,
738 5514 794 5560 et
817 5504 884 5560 de
912 5504 1031 5558 aliis
1059 5502 1304 5556 omnibus
1332 5497 1772 5570 philosOphentur
1794 5538 1808 5562 ,

225 5599 355 5654 nihil
386 5599 610 5653 omnino
633 5598 702 5653 de
726 5607 945 5652 externa
970 5596 1198 5650 scientes
1225 5590 1527 5662 disciplina,
1557 5589 1677 5660 quis
1705 5603 1817 5643 non

226 5694 353 5748 hinc
377 5689 575 5747 Christi
605 5690 891 5762 potentiam
924 5688 1109 5751 discat,
1138 5702 1258 5754 qua:
1289 5685 1569 5741 illiteratos
1593 5689 1647 5737 et
1674 5680 1812 5736 idio-

232 5796 315 5840 tas
335 5785 563 5840 multum
579 5784 632 5839 in
648 5781 901 5855 sapientia
920 5778 1263 5851 gloriantibus
1288 5786 1436 5833 tanto
1463 5772 1811 5846 sapientiores

1895 744 2058 798 multa
2093 745 2198 799 sint
2242 746 2369 814 ipsis
2399 745 2571 815 plena:
2608 745 2912 812 sapientia?
2942 760 3060 814 qua:
3088 760 3218 799 vero
3243 749 3475 801 externis

1894 853 1959 893 ex
1985 853 2292 892 sermonum
2321 837 2599 907 disciplina
2630 838 2830 891 utilitas
2855 879 2868 900 ,
2892 852 3012 895 cum
3046 851 3197 891 mens
3225 851 3382 892 sensu
3408 839 3478 892 sit

1892 930 2093 984 vacua?
2128 930 2198 984 Ut
2226 930 2269 984 si
2309 930 2428 999 quis
2474 944 2657 984 ensem
2700 939 2946 999 gereret,
2979 929 3223 996 capulmn
3261 930 3475 1000 quidem

1894 1030 2201 1089 argenteum
2248 1021 2527 1075 habentem
2552 1061 2565 1083 ,
2596 1021 2790 1074 ferrum
2820 1036 2945 1074 vero
2985 1020 3220 1090 quolibet
3264 1022 3476 1090 plumbo

1896 1115 2211 1169 imbecillius
2242 1132 2256 1166 :
2288 1124 2341 1168 et
2371 1114 2452 1169 his
2478 1129 2617 1168 enim
2649 1113 2825 1181 lingua
2857 1113 3069 1183 quidem
3101 1114 3276 1168 verbis
3302 1124 3355 1167 et
3382 1131 3477 1168 no.

1895 1205 2125 1259 minibus
2148 1213 2230 1260 est
2255 1214 2458 1268 ornata,
2487 1218 2638 1258 mens
2660 1219 2788 1257 vero
2814 1205 2975 1257 multa
3002 1205 3202 1271 repleta
3229 1215 3310 1259 est
3332 1205 3478 1259 iullr-
3539 1270 3543 1274 ι

1894 1300 2077 1353 mitate
2097 1339 2113 1364 ,
2137 1310 2189 1353 et
2224 1300 2353 1367 ipsis
2378 1300 2443 1353 ad
2474 1299 2650 1354 omnia
2681 1309 2762 1353 est
2791 1299 2991 1353 inutilis
3023 1317 3036 1353 :
3065 1307 3121 1353 at
3145 1313 3248 1353 non
3276 1299 3356 1355 sic
3383 1299 3481 1354 ho-

1896 1407 2011 1444 rum
2042 1391 2478 1461 philosophorum
2501 1434 2515 1456 ,
2549 1391 2643 1446 sed
2683 1392 2893 1460 penitus
2921 1392 3266 1459 contrarium,
3300 1394 3479 1448 multa:

1897 1496 2048 1534 mens
2088 1481 2214 1551 ipsis
2244 1481 2593 1551 phi1050pltite
2632 1481 2919 1550 spiritualis
2948 1491 3030 1537 est
3070 1482 3226 1552 plena
3252 1525 3265 1545 ,
3295 1491 3349 1538 et
3378 1484 3478 1538 do-

1895 1581 2070 1638 gmata
2091 1570 2198 1625 vita
2219 1581 2469 1625 sectatur.
2496 1572 2647 1642 Apud
2671 1572 2769 1626 hos
2789 1588 2893 1627 non
2915 1581 3039 1627 sunt
3060 1574 3308 1629 mulieres
3330 1575 3481 1630 luxu-

1898 1665 2096 1719 riantes
2118 1706 2131 1729 ,
2177 1679 2274 1719 nec
2303 1666 2734 1719 vestimentorum
2776 1675 2996 1720 ornatus
3019 1706 3032 1731 ,
3067 1682 3165 1722 nec
3190 1667 3401 1723 colores
3426 1680 3481 1723 et

1898 1755 2021 1819 fuci,
2049 1756 2143 1809 sed
2168 1755 2342 1810 omnis
2363 1755 2663 1825 hujusmodi
2692 1771 2897 1811 morum
2922 1758 3190 1826 corruptio
3212 1759 3357 1828 pulsa
3377 1770 3479 1815 est.

1899 1846 2051 1902 Unde
2077 1847 2284 1902 facilius
2304 1863 2514 1918 quoque
2538 1847 2806 1902 subditum
2831 1848 2931 1903 sibi
2956 1850 3207 1919 populum
3234 1849 3284 1904 in
3307 1851 3482 1907 mode-

1898 1940 2054 1993 stiam
2081 1938 2368 2005 deducunt,
2396 1949 2451 1994 et
2477 1940 2625 1995 Pauli
2655 1938 2823 2009 legem
2853 1937 3112 1993 velamina
3135 1948 3185 1994 et
3213 1956 3364 1996 escas
3386 1942 3480 1995 ha-

1891 2030 2042 2097 bere,
2065 2039 2121 2086 et
2142 2031 2218 2087 nil
2236 2032 2470 2102 amplius
2494 2045 2738 2101 quaerere
2762 2031 3042 2099 iubentem
3062 2032 3106 2102 (Ι
3123 2075 3135 2087 .
3162 2034 3295 2089 Tim.
3320 2036 3373 2091 6.
3396 2036 3472 2105 8),

1893 2123 2064 2178 multa
2114 2138 2238 2179 cum
2287 2123 2567 2194 diligentia
2617 2122 2950 2177 custodiunt.
3008 2125 3166 2195 Apud
3214 2126 3313 2181 hos
3364 2144 3474 2181 non

1897 2220 1980 2266 est
2011 2220 2398 2278 unguentorum
2443 2223 2569 2263 usus
2612 2220 2845 2265 mentem
2889 2210 3179 2272 allectans.
3208 2211 3302 2266 sed
3343 2222 3481 2269 terra

1899 2302 2092 2359 herbas
2131 2302 2405 2372 proferens
2440 2306 2586 2360 omni
2630 2306 2980 2374 unguentario
3023 2307 3312 2376 sapientius
3347 2306 3479 2377 ipsis

1898 2396 2097 2451 variam
2139 2396 2328 2452 ﬂorum
2371 2406 2521 2478 parat
2561 2398 2894 2453 suavitatem.
2927 2398 3215 2469 Propterea
3255 2408 3308 2455 et
3351 2400 3479 2470 ipsis

1898 2501 2120 2557 corpora
2142 2502 2262 2543 cum
2288 2489 2481 2543 animis
2508 2502 2634 2558 pura
2664 2489 2887 2543 sanitate
2913 2490 3208 2558 potiuntur,
3232 2491 3480 2559 quoniam

1899 2593 2083 2633 omnes
2113 2577 2330 2634 delicias
2368 2579 2723 2649 expulerunt,
2755 2586 2811 2633 et
2848 2579 3171 2649 nequissima
3210 2581 3484 2636 ebrietatis

1899 2671 2093 2726 ﬂuenta
2122 2671 2452 2742 fugaverunt,
2484 2681 2537 2727 et
2564 2680 2765 2726 tantum
2797 2672 3105 2739 comedunt,
3135 2682 3389 2743 quantum
3416 2674 3487 2728 ad

1901 2763 2182 2818 vivendum
2208 2764 2421 2818 sufficit.
2445 2763 2522 2820 Ne
2544 2763 2686 2832 ipsos
2708 2763 2866 2832 igitur
2883 2778 2947 2819 ex
2967 2762 3150 2819 habitu
3170 2773 3485 2820 contemna-

1900 2870 2042 2919 mus,
2071 2855 2168 2911 sed
2197 2855 2431 2924 ipsorum
2464 2865 2694 2910 mentem
2725 2855 3066 2911 admiremur.
3097 2855 3228 2926 Quae
3257 2872 3487 2927 namque

1900 2947 2178 3003 exterioris
2214 2947 2438 3001 amictus
2476 2947 2709 3012 utilitas,
2751 2962 2871 3001 cum
2915 2946 3090 3002 anima
3135 2948 3381 3005 mendico
3417 2950 3488 3004 sit

1900 3040 2045 3094 omni
2075 3039 2320 3094 miserius
2348 3039 2569 3093 induta?
2605 3039 2784 3093 Virum
2813 3054 2916 3093 non
2947 3055 2976 3094 a
3002 3041 3351 3105 vestimentis,
3376 3041 3486 3096 imo

1903 3144 2003 3183 nec
2030 3129 2099 3184 ab
2124 3130 2239 3197 ipso
2268 3144 2525 3198 corpore,
2560 3130 2652 3184 sed
2692 3131 2759 3185 ab
2795 3133 2969 3187 anima
3002 3131 3215 3187 laudare
3252 3131 3407 3189 decet
3433 3142 3484 3188 et

1902 3220 2175 3275 admirari.
2209 3220 2408 3274 llorum
2434 3222 2664 3276 animam
2704 3239 2838 3278 exue
2863 3264 2877 3287 ,
2908 3230 2962 3277 et
2992 3223 3158 3292 ipsius
3188 3224 3487 3293 pulchritu-

1903 3312 2080 3368 dinem
2107 3311 2311 3367 videbis
2337 3322 2494 3380 atque
2519 3312 2729 3367 divitias
2769 3328 2865 3382 per
2893 3313 3052 3368 verba
3073 3355 3088 3380 ,
3117 3329 3214 3383 per
3243 3315 3485 3386 dogmata

1903 3414 1956 3460 et
1983 3420 2077 3475 per
2096 3419 2307 3459 omnem
2336 3420 2541 3459 morum
2570 3406 3022 3459 constitutionem.

1973 3495 2029 3551 2.
2071 3495 2400 3550 Ernbescant
2431 3496 2587 3564 igitur
2612 3496 2840 3566 gentiles
2863 3537 2879 3562 ,
2906 3496 3157 3551 secedant
3184 3507 3236 3552 et
3258 3496 3487 3552 abscon-

1903 3587 2113 3652 dantur,
2138 3585 2207 3641 de
2220 3587 2329 3640 suis
2349 3585 2699 3655 philosophis,
2723 3586 2789 3641 de
2806 3602 2900 3641 sua
2919 3587 3175 3653 sapientia
3198 3588 3339 3641 omni
3358 3590 3489 3642 stul.

1907 3683 2016 3736 titia
2050 3682 2347 3736 miseriore.
2378 3680 2531 3750 Apud
2560 3681 2702 3750 ipsos
2746 3681 2889 3757 enim
2920 3680 3217 3749 philosophi
3248 3697 3343 3751 per
3368 3682 3489 3736 vita:

1906 3787 2015 3827 sua:
2041 3780 2249 3840 tempus
2275 3771 2359 3824 vix
2387 3786 2583 3839 paucos
2605 3782 2658 3825 et
2686 3770 2837 3826 facile
2864 3771 3217 3827 numerabiles
3242 3771 3486 3842 dogmata

1905 3880 1998 3917 sua
2028 3863 2223 3918 docere
2253 3872 2537 3932 potuerunt
2566 3865 2606 3929 ’,
2644 3872 2697 3918 et
2725 3864 2805 3917 vel
2834 3865 3025 3935 exiguo
3053 3864 3489 3934 apprehendente

1909 3955 2147 4027 periculo
2176 3955 2275 4010 hos
2312 3955 2471 4009 etiam
2518 3955 2900 4025 perdiderunt;
2947 3955 3140 4011 Christi
3169 3971 3299 4012 vero
3325 3955 3490 4013 disci-

1909 4048 2038 4117 puli,
2068 4047 2377 4116 piscatores,
2408 4053 2463 4100 et
2490 4045 2774 4116 publicani,
2802 4053 2856 4100 et
2882 4046 3232 4102 tentoriorum
3254 4056 3486 4116 sutores,

1908 4138 2089 4208 paucis
2118 4138 2271 4193 annis
2313 4147 2480 4191 totum
2508 4136 2764 4192 mundum
2795 4137 2860 4191 ad
2888 4140 3165 4194 veritatem
3202 4146 3487 4196 converte-

1908 4240 2034 4286 runt
2062 4248 2076 4284 :
2105 4238 2160 4284 et
2196 4229 2490 4283 innumeris
2526 4238 2700 4284 tamen
2731 4229 3070 4284 nascentibus
3108 4230 3358 4299 periculis
3382 4246 3489 4285 non

1910 4334 2112 4379 tantum
2137 4338 2241 4377 non
2275 4332 2358 4377 est
2384 4322 2642 4377 exstincta
2667 4321 3009 4391 prmdicatio,
3037 4336 3222 4379 verum
3261 4330 3315 4376 et
3337 4320 3493 4377 ﬂoret

1910 4432 1972 4471 ac
2002 4416 2053 4469 in
2084 4415 2256 4483 majus
2296 4422 2519 4484 augetur
2541 4455 2556 4476 ,
2590 4422 2644 4468 et
2674 4412 3036 4482 philosophari
3067 4412 3363 4468 docuerunt
3391 4412 3492 4468 ho-

1911 4506 2083 4561 mines
2113 4505 2270 4559 rudes
2296 4515 2348 4559 et
2375 4504 2635 4571 agricolas
2664 4511 2719 4557 et
2761 4503 3165 4559 interarmenta
3193 4512 3490 4559 versantes.

1914 4598 1973 4652 lli
1999 4606 2189 4665 prmter
2209 4604 2397 4650 cratera
2420 4594 2618 4657 omnia,
2642 4602 2696 4648 et
2715 4594 2951 4648 omnium
2975 4595 3233 4649 bonorum
3251 4608 3486 4657 causam,

1914 4688 2188 4741 caritatem
2217 4686 2503 4739 radicatam
2530 4684 2788 4739 habentes
2814 4686 2857 4750 ⁸,
2887 4685 2953 4740 ad
2985 4700 3081 4741 nos
3109 4686 3490 4741 festinaverunt

1914 4790 2109 4836 tantam
2133 4786 2411 4834 currentes
2430 4777 2590 4844 viam,
2613 4785 2671 4831 ut
2690 4777 2932 4833 venirent
2952 4787 3007 4833 et
3028 4777 3239 4848 propria
3259 4776 3491 4831 circum-

1915 4872 2271 4942 plecterentur
2297 4869 2557 4923 membra.

1988 4960 2207 5015 Rursum
2227 4959 2290 5014 de
2301 4960 2710 5032 juramentis.—
2725 4958 2819 5014 Eia
2844 4959 3002 5029 igitur
3022 4966 3076 5012 et
3102 4972 3198 5011 nos
3225 4970 3321 5027 pro
3341 4954 3495 5010 donis

1917 5054 2051 5119 istis,
2079 5052 2299 5107 caritate
2323 5050 2443 5106 dico
2471 5059 2526 5106 et
2553 5049 2765 5113 afl‘ecm.
2792 5050 2979 5104 viatica
3008 5048 3217 5110 dantes,
3249 5046 3325 5100 sic
3350 5046 3495 5115 ipsos

1918 5144 2275 5209 remittamus,
2298 5154 2351 5197 et
2378 5157 2589 5197 rursum
2619 5142 2687 5197 de
2707 5138 3024 5210 iuramentis
3052 5151 3355 5193 sermonem
3376 5151 3494 5191 mo-

1917 5248 2158 5296 veamus,
2183 5242 2241 5288 ut
2270 5233 2523 5288 radicitus
2547 5247 2612 5288 ex
2641 5231 2879 5287 omnium
2910 5238 3090 5283 mente
3115 5225 3353 5297 improba
3384 5225 3498 5282 hzec

1919 5324 2249 5380 consuetudo
2271 5325 2578 5380 revellatur.
2606 5323 2757 5377 Prius
2781 5328 2959 5375 autem
2984 5318 3106 5374 volo
3130 5332 3297 5390 pauca
3319 5317 3386 5373 de
3412 5318 3497 5372 di-

1921 5418 2021 5473 etis
2048 5433 2078 5472 a
2109 5416 2261 5469 nobis
2281 5413 2534 5484 superius
2560 5412 2719 5468 hodie
2742 5422 3183 5467 commemorare.
3212 5407 3497 5480 Postquam

1986 5596 2001 5625 ι
2037 5593 2110 5641 sic
2133 5588 2294 5640 ttorel.
2318 5585 2457 5639 savil.
2484 5592 2669 5648 autem,
2694 5586 2925 5651 dogmata
2945 5598 3034 5637 sua
3056 5592 3107 5634 ut
3140 5582 3501 5635 observarentur

1920 5653 2218 5720 persuadere
2248 5655 2519 5720 nituerunt.
2654 5709 2691 5720 __
2871 5715 2881 5720 Δ
3045 5714 3057 5720 Δ

1985 5699 2434 5780 ἶέἇῦίξι
2470 5717 2576 5780 uss.
2601 5709 2719 5780 :rsic
2749 5715 2937 5780 preter
2968 5714 3145 5764 cratera
3181 5700 3344 5755 omnia
3372 5699 3521 5753 bona».

1930 5791 2124 5830 causam
2147 5771 2427 5827 charitatem
2449 5771 2719 5825 radicatam
2742 5771 2985 5823 (tabentes.
