4020 6216
625 341 718 397 ιω

614 455 757 508 enim
779 465 808 502 a
831 445 1048 504 Perside
1068 444 1272 500 dimissi
1293 444 1460 498 Judtni
1487 455 1540 498 et
1565 445 1632 498 ab
1657 444 1740 496 illa
1771 445 1974 497 liberati
2007 453 2192 512 tyran-

617 542 738 597 nide
761 582 780 606 ,
811 541 866 595 in
891 539 1158 610 propriam
1187 537 1394 590 rediere
1424 538 1642 604 patriam
1673 552 1688 588 :
1731 534 1844 588 Vidi
1884 535 2094 606 falcem,
2119 535 2200 588 itt-

617 617 754 704 quil,
797 635 1046 688 volantem
1075 632 1386 703 longitudine
1421 632 1698 684 cubitorum
1735 631 1924 700 viginti,
1958 641 2001 682 et
2032 629 2202 682 latitu-

623 729 740 782 dine
755 727 1034 779 cubitorum
1050 725 1218 777 decent
1239 723 1256 794 (
1275 722 1433 776 Zach.
1539 723 1590 776 1.
1607 721 1644 774 2
1663 723 1682 790 )
1703 738 1714 774 :
1735 731 1790 776 et
1817 721 2124 790 prophetam
2144 735 2200 774 se

619 817 900 871 docentem
923 813 1206 868 audierunt
1237 831 1248 866 :
1283 812 1404 866 Iltcc
1432 821 1502 864 est
1531 812 1814 864 maledictio
1838 811 2092 881 egrediens
2115 826 2200 862 su-

619 925 712 978 pra
738 908 918 977 facient
964 916 1111 958 terra:
1132 945 1146 966 ,
1179 913 1223 957 et
1269 903 1554 974 ingrediens
1602 902 1806 956 domum
1833 902 2122 972 pejerantis,
2153 909 2200 954 et

619 1001 852 1054 dissolvet
875 1000 928 1052 in
967 997 1130 1050 medio
1157 1037 1170 1060 ,
1200 1003 1245 1048 ct
1290 995 1430 1066 ligna
1466 1002 1512 1047 et
1556 993 1748 1064 lapides
1787 993 2004 1045 destruet
2032 1007 2201 1044 omnes

619 1096 636 1164 (
661 1091 739 1146 Ib.
768 1109 816 1146 υ.
849 1092 902 1146 5.
933 1089 1020 1160 4).
1055 1090 1119 1144 Et
1158 1087 1241 1142 bis
1269 1096 1392 1142 tunc
1424 1087 1575 1140 lectis
1597 1128 1612 1152 ,
1641 1086 2008 1156 quterebamus
2037 1099 2201 1153 quare

619 1197 724 1236 non
741 1181 975 1251 iuratum
999 1179 1188 1240 solum,
1213 1177 1306 1232 sed
1329 1178 1490 1232 etiam
1512 1177 1676 1246 ipsius
1691 1177 1905 1230 domum
1923 1175 2196 1230 dissolvit:

619 1283 671 1330 et
699 1275 832 1328 hanc
853 1287 1068 1328 causam
1093 1286 1212 1325 esse
1237 1270 1562 1336 dicebamus,
1585 1269 1836 1340 quoniam
1861 1270 2204 1339 gravissimo-

619 1339 744 1420 rum
767 1379 952 1434 poenas
991 1371 1330 1432 peccatorum
1371 1363 1484 1414 vult
1513 1361 1654 1415 Deus
1681 1360 1960 1415 continuas
1989 1373 2200 1427 perma-

623 1471 770 1520 nere,
799 1465 853 1509 ut
876 1469 1064 1508 omnes
1091 1464 1206 1523 post
1237 1453 1349 1506 lure
1379 1453 1730 1520 corrigantur.
1759 1451 2016 1517 Quoniam
2047 1449 2202 1514 igitur

623 1549 888 1618 pcrjurum
918 1563 1139 1602 necesse
1165 1557 1248 1602 est
1275 1554 1544 1600 mortuum
1570 1544 1784 1613 sepeliri
1809 1551 1862 1596 et
1885 1553 2044 1596 terrae
2069 1543 2201 1600 sini-

625 1639 722 1692 bus
751 1637 884 1692 tradi
909 1679 924 1700 ,
957 1652 1024 1692 ne
1053 1651 1174 1690 cum
1203 1635 1364 1704 ipsius
1394 1649 1620 1704 corpore
1645 1643 1701 1688 et
1739 1631 1985 1704 iniquitas
2009 1649 2202 1689 conse-

623 1729 868 1796 peliatur,
909 1730 1126 1783 domum
1167 1723 1454 1782 maceriam
1505 1727 1663 1791 fecit,
1717 1735 1774 1782 ut
1821 1735 2202 1796 pratereuntes

620 1815 794 1868 cuncti
817 1815 990 1884 ipsam
1015 1827 1293 1872 cernentes
1316 1825 1369 1870 et
1399 1815 1731 1870 suffossionis
1749 1831 1959 1870 causam
1985 1816 2198 1870 discen-

621 1919 724 1974 tes,
753 1909 952 1978 peccati
985 1907 1334 1962 imitationem
1377 1905 1598 1974 fugiant.
1639 1908 1750 1960 iloc
1789 1915 1842 1960 et
1867 1906 1918 1960 in
1955 1905 2204 1961 Sodomis

620 2001 814 2056 [actum
844 2009 948 2056 εει.
979 1999 1264 2070 Postquam
1293 1999 1436 2053 enim
1463 2009 1774 2054 exarserunt
1802 1999 1856 2054 in
1888 2000 1970 2052 sui
1999 2013 2202 2053 concu-

621 2091 932 2160 piscentiam
973 2099 1210 2145 mutuam
1233 2131 1252 2155 ,
1278 2091 1437 2144 etiam
1472 2100 1626 2143 terra:
1655 2098 1839 2143 natura
1866 2090 1934 2142 ab
1961 2090 2080 2154 igne
2105 2105 2200 2144 su-

622 2197 782 2250 perne
809 2179 986 2236 delato
1014 2195 1270 2235 succensa
1309 2179 1405 2234 fuit
1434 2178 1600 2252 (Gen.
1639 2179 1705 2234 l9
1733 2182 1748 2248 )
1782 2196 1794 2230 :
1823 2179 2034 2233 volebat
2057 2179 2198 2234 enim

621 2271 776 2340 hujus
803 2271 1006 2342 peccati
1047 2270 1306 2325 ultionem
1355 2285 1574 2325 ntancre
1617 2279 1946 2338 perpetuam.
1975 2271 2042 2325 Et
2076 2280 2200 2326 nota

621 2361 712 2418 Dei
734 2362 1070 2417 clemetiam
1099 2380 1112 2415 :
1137 2379 1242 2416 non
1269 2362 1414 2430 ipsos
1434 2370 1738 2431 peceatores
1760 2370 2014 2429 perpetuo
2035 2376 2202 2431 usque

617 2453 672 2506 in
696 2461 1008 2522 praesentem
1028 2452 1170 2506 diem
1193 2452 1382 2506 ardere
1409 2451 1552 2516 fecit,
1579 2451 1672 2504 sed
1697 2452 1812 2504 illos
1831 2451 1998 2506 semel
2023 2451 2203 2504 incen-

617 2558 708 2598 sos
736 2543 1056 2610 occultavit;
1089 2552 1243 2597 terra:
1269 2558 1398 2597 vero
1439 2542 1626 2596 faciem
1655 2556 1964 2596 succensum
1997 2542 2050 2596 in
2081 2557 2199 2596 me-

622 2633 768 2688 dium
791 2634 1036 2689 omnibus
1061 2635 1336 2704 proposuit
1363 2644 1480 2700 post
1502 2633 1616 2687 inec
1640 2649 1858 2688 cernere
1881 2632 2197 2700 volentibus,

619 2733 674 2778 et
689 2739 830 2778 nunc
845 2725 988 2780 omni
1011 2723 1184 2793 lingua
1211 2724 1404 2778 clarius
1433 2737 1618 2776 omnes
1643 2733 1877 2791 posteras
1901 2723 2200 2791 generatio-

619 2829 714 2869 nes
741 2825 895 2869 terra:
931 2823 1233 2869 commonet
1273 2823 1554 2883 aspectus,
1587 2823 1788 2866 tantum
1831 2827 1934 2866 non
1965 2814 2199 2866 clamans

620 2915 674 2960 et
700 2907 904 2972 dicens,
935 2905 1015 2962 Ne
1043 2909 1261 2976 patretis
1287 2907 1640 2960 Sodomorum
1671 2904 1892 2970 scelera,
1923 2920 1986 2957 ne
2016 2920 2200 2973 pinnas

621 2998 894 3068 patiamini
923 2997 1297 3053 Sodomorum.
1319 2997 1428 3051 Nec
1453 2997 1592 3050 enim
1615 2997 1694 3050 sic
1715 2997 1764 3048 in
1791 3007 1997 3050 mentes
2022 3011 2199 3050 sermo

623 3091 898 3157 pervenire
937 3090 1102 3152 solet,
1145 3098 1202 3144 ut
1231 3098 1479 3158 aSpectus
1537 3087 1788 3140 terribilis
1827 3097 1880 3140 et
1921 3103 2013 3156 per
2041 3102 2200 3141 oume

623 3194 830 3249 tempus
853 3179 1170 3233 calamitatis
1197 3194 1388 3248 gerens
1415 3178 1658 3247 vestigia.
1687 3177 1750 3230 Et
1777 3187 2090 3230 attestantur
2111 3178 2198 3246 qui

619 3269 684 3324 ad
711 3271 797 3322 illa
838 3269 950 3323 loca
995 3267 1212 3338 profecti
1243 3275 1402 3334 sunt,
1440 3267 1532 3336 qui
1561 3267 1754 3334 szepius
1779 3265 2106 3332 Scriptorum
2133 3266 2200 3320 de

619 3360 702 3414 his
723 3360 1023 3430 loquentem
1044 3357 1342 3420 audientes,
1363 3372 1464 3410 non
1491 3357 1714 3409 multum
1741 3356 2026 3420 timebant,
2055 3367 2202 3427 post-

621 3465 774 3514 quam
825 3465 948 3504 vero
990 3457 1248 3502 venerunt
1289 3457 1343 3502 et
1392 3449 1664 3516 regionem
1715 3448 2104 3512 ascenderunt,
2147 3457 2200 3502 et

623 3541 790 3609 ipsius
809 3555 1020 3594 omnem
1045 3539 1378 3610 superﬁciem
1401 3538 1648 3594 viderunt
1671 3538 1928 3613 deletam,
1947 3551 2000 3592 et
2022 3541 2204 3594 incen-

621 3635 764 3688 dium
790 3643 913 3688 sunt
937 3633 1248 3703 conspicati,
1275 3642 1330 3688 et
1357 3643 1552 3688 terram
1581 3632 1791 3702 quidem
1821 3648 2078 3702 nusquam
2109 3647 2202 3703 ap-

622 3735 894 3795 parentem
919 3766 934 3791 ,
963 3725 1196 3780 cinerem
1227 3739 1354 3778 vero
1380 3733 1570 3779 cuncta
1600 3735 1758 3793 atque
1785 3723 2052 3788 favillam,
2084 3739 2202 3794 per-

621 3815 753 3870 culsi
775 3825 829 3869 et
857 3815 1077 3868 multaut
1100 3831 1165 3869 ex
1194 3823 1410 3884 aspectu
1436 3817 1524 3870 illo
1549 3818 1818 3884 capientes
1842 3816 2202 3884 temperantia:

627 3905 958 3974 disciplinam
985 3945 1002 3970 ,
1031 3913 1108 3959 sic
1135 3906 1378 3959 abierunt
1407 3923 1420 3958 :
1452 3921 1572 3958 nam
1622 3907 1734 3975 ipse
1763 3905 1980 3959 ultionis
2011 3905 2198 3960 modus

627 3996 828 4064 peccati
855 3995 1066 4048 modum
1113 3995 1368 4049 imitatur.
1407 3995 1554 4050 Sicut
1585 3996 1726 4048 enim
1759 3996 1830 4048 illi
1858 4011 2200 4064 congressum

629 4085 965 4140 infecundum
991 4085 1394 4146 adinvencrunt,
1427 4085 1492 4138 ad
1520 4083 1746 4138 ﬁliorum
1781 4088 2201 4154 procreationem

626 4191 732 4231 non
770 4176 1132 4231 conferentem
1167 4177 1286 4231 :sic
1335 4175 1572 4244 profecto
1611 4185 1664 4228 et
1710 4176 1846 4228 Deus
1875 4177 2047 4230 intulit
2087 4193 2202 4246 pte-

631 4283 751 4321 natn
775 4309 790 4328 .
821 4283 940 4336 qua:
983 4275 1140 4320 terra:
1170 4276 1407 4321 ventrem
1451 4267 1661 4336 penitus
1699 4267 1935 4320 sterilem
1979 4269 2206 4323 reddidit

629 4367 683 4412 et
712 4357 957 4411 omnibus
993 4373 1216 4411 vacuum
1264 4357 1540 4412 fructibus.
1587 4357 1788 4411 Idcirco
1826 4369 1876 4411 et
1914 4357 2203 4427 jnrantiutn

629 4449 818 4501 domos
839 4464 896 4503 se
917 4448 1215 4502 deletorum
1240 4449 1473 4520 minatus
1497 4459 1600 4516 est,
1629 4459 1684 4502 ut
1703 4449 1834 4503 alios
1856 4449 2064 4504 illorum
2095 4466 2206 4520 pte-

632 4541 716 4593 uis
743 4538 1094 4593 modestiores
1121 4519 1337 4594 faceret.

701 4631 752 4683 5.
793 4626 1202 4681 Juramentorwn
1249 4628 1510 4698 pernicies.
1551 4659 1624 4670 —-
1667 4630 1777 4700 Ego
1819 4639 1994 4684 autem
2048 4631 2206 4687 hodie

627 4719 934 4773 demonStro
955 4733 1060 4771 non
1089 4733 1244 4771 unam
1271 4727 1325 4771 et
1351 4717 1484 4772 duas
1513 4729 1566 4772 et
1596 4729 1702 4774 tres
1730 4721 1917 4775 domos
1934 4722 2208 4791 juramcn—

629 4812 698 4866 tis
733 4809 1031 4866 destructas
1054 4849 1068 4872 ,
1099 4809 1194 4863 sed
1223 4810 1491 4864 civitatem
1525 4821 1689 4865 totam
1715 4821 1768 4866 et
1799 4815 2048 4883 p0pulum
2081 4817 2205 4870 reli-

631 4903 837 4972 giosum
860 4939 878 4966 ,
907 4909 962 4954 et
985 4908 1196 4968 gentem
1227 4900 1390 4952 multa
1419 4915 1630 4969 semper
1657 4903 1987 4970 providentia
2019 4905 2092 4958 uti
2121 4921 2210 4960 so-

634 4993 780 5046 litam
803 5031 819 5058 ,
851 4999 907 5046 et
943 4990 1137 5044 tribum
1181 4991 1362 5045 multis
1399 4990 1631 5059 elapsam
1679 4993 1948 5060 periculis.
1999 4995 2206 5050 Etenim

635 5081 927 5137 Jerusalem
947 5121 962 5147 ,
992 5080 1178 5135 civitas
1223 5079 1351 5146 Dei,
1385 5090 1621 5134 sanctam
1667 5097 1845 5137 arcam
1885 5083 2087 5140 habens
2109 5127 2126 5152 ,
2157 5097 2210 5142 et

632 5187 846 5228 omnem
876 5174 1024 5228 illum
1049 5173 1250 5227 cultum
1275 5213 1291 5238 ,
1323 5172 1409 5226 ubi
1445 5171 1717 5242 prOpbette
1746 5175 1986 5242 fuerunt,
2016 5187 2063 5234 et
2087 5179 2206 5248 Spi-

637 5263 772 5319 ritus
799 5267 962 5334 gratia
984 5307 1000 5332 ,
1031 5273 1086 5319 et
1111 5281 1236 5319 arca
1259 5306 1276 5331 ,
1305 5273 1362 5319 et
1393 5265 1583 5318 tabula:
1606 5263 1922 5322 Testamenti
1949 5309 1964 5334 ,
1995 5280 2048 5324 et
2078 5286 2207 5324 urna

641 5357 918 5420 aurea,ubi
945 5361 1114 5428 angeli
1133 5373 1276 5428 smpe
1302 5357 1616 5412 incedebant
1643 5373 1657 5412 :
1689 5358 1802 5414 hzec
1828 5361 2033 5426 civitas,
2059 5363 2211 5416 innu-

647 5451 810 5503 meris
826 5451 1162 5506 nascentibus
1179 5453 1332 5506 bellis
1349 5460 1404 5506 et
1419 5451 1599 5506 multis
1625 5451 1792 5520 ipsam
1819 5454 2211 5510 incursantibus

639 5539 881 5596 barbaris
903 5581 917 5606 ,
949 5550 1213 5610 tamquam
1253 5557 1409 5596 muro
1437 5557 1502 5596 ex
1541 5541 1822 5596 adamante
1847 5543 2170 5598 circumdata
2195 5585 2210 5610 ,

637 5633 718 5689 sic
740 5647 924 5686 omnes
953 5631 1070 5686 illos
1095 5647 1306 5701 semper
1329 5633 1535 5694 derisit.
1563 5643 1617 5688 et
1645 5634 1860 5704 regione
1886 5643 1992 5687 tota
2015 5633 2210 5703 deleta,

642 5725 772 5784 nihil
803 5739 962 5798 grave
993 5738 1146 5798 passa
1176 5733 1276 5780 est.
1307 5723 1412 5781 Nec
1441 5723 1540 5782 hoc
1565 5725 1734 5784 solum
1763 5735 1842 5783 est
1862 5723 2174 5784 admirabile
2195 5768 2210 5797 ,

1365 333 1420 386 s.
1463 331 1738 386 JOANNIS
1775 307 2245 386 cnnvsosrout
2285 325 2597 382 AltCIllEP.
2638 328 3166 387 consumma
3681 339 3748 396 πρε

2306 458 2489 524 venum
2507 451 2560 496 et
2585 443 2723 512 quod
2741 460 2954 514 gravem
2977 462 3118 514 stupe
3139 447 3327 516 plagam
3349 449 3740 528 bostibuslul‘cretn,

2300 533 2377 586 sic
2417 548 2510 586 eos
2544 534 2818 588 emittebat
2849 554 2860 590 :
2891 545 3087 590 tantam
3129 553 3154 588 a
3199 539 3297 592 Deo
3337 554 3466 595 nacta
3498 555 3590 600 erat
3622 553 3744 616 pravi.

2301 623 2573 688 dentiam,
2617 633 2672 677 ut
2715 625 2828 694 ipse
2875 627 3015 680 Deus
3062 628 3294 682 diceret:
3335 629 3460 683 Velut
3485 637 3658 689 ιωαηιίη
3687 641 3747 692 de-

2300 725 2428 767 serto
2471 715 2634 768 inveni
2679 715 2844 770 Israel
2865 758 2880 782 ,
2909 727 2956 770 et
3003 719 3130 771 velut
3170 720 3391 788 signum‘
3417 723 3462 776 in
3499 725 3580 791 βαι
3615 737 3749 794 tenipo-

2300 821 2508 858 rnneum
2557 806 2658 860 vidi
2699 819 2863 877 patres
2901 811 3124 877 ipsorum
3167 811 3320 882 (Osee
3374 814 3421 868 9.
3463 816 3566 885 l0).
3609 819 3658 872 Et
3685 821 3749 874 ite-

2303 912 2420 950 rum
2464 897 2528 951 de
2574 899 2685 967 ipsa
2732 899 2942 954 civitate
2975 916 2992 952 :
3025 899 3166 954 Velut
3205 919 3354 972 grana
3397 905 3521 958 oliva
3551 907 3594 959 in
3621 925 3754 962 summa

2301 988 2516 1054 excelsi,
2557 999 2604 1042 et
2651 990 2852 1056 dicent,
2909 991 2992 1046 Ne
3016 1010 3194 1047 noceas
3244 996 3358 1065 ipsis
3405 995 3548 1066 (Isai.
3586 999 3654 1053 65.
3687 1003 3756 1070 8).

2305 1079 2677 1136 Verumtamen
2703 1082 2892 1136 civitas
2916 1083 3024 1138 Deo
3047 1099 3187 1150 cara,
3203 1095 3276 1139 tot
3299 1087 3458 1156 elapsa
3483 1091 3701 1158 periculis,
3724 1095 3759 1146 in

2304 1174 2482 1226 multis
2530 1174 2758 1242 peccatis
2803 1175 3010 1229 veniam
3053 1185 3356 1246 assequuta,
3399 1187 3447 1232 et
3479 1195 3576 1248 qua:
3605 1185 3686 1234 sola
3715 1199 3762 1238 et

2303 1263 2549 1318 omnibus
2580 1265 2696 1318 aliis
2732 1266 3090 1334 captivitatem
3132 1266 3351 1336 eﬂugere
3391 1273 3572 1336 potuit,
3613 1275 3762 1336 sentel,

2305 1355 2386 1410 bis
2409 1398 2424 1415 .
2457 1367 2512 1412 et
2535 1358 2730 1426 smpius
2757 1359 2874 1410 solo
2896 1358 3196 1432 jnramento
3223 1369 3462 1436 prostrata
3487 1371 3558 1414 Cal
3577 1380 3590 1416 ε
3612 1373 3654 1416 et
3672 1379 3764 1432 quo-

2311 1449 2472 1504 modo
2505 1450 2556 1504 id
2588 1449 2750 1506 fuerit
2776 1493 2791 1516 ,
2823 1453 3015 1507 dicam.
3059 1453 3179 1510 Fuit
3203 1455 3402 1526 quidam
3437 1453 3649 1512 Sedecias
3671 1453 3770 1525 apud

2307 1539 2448 1608 ipsos
2489 1555 2578 1593 rex
2613 1557 2626 1592 :
2661 1541 2746 1594 hic
2788 1543 3036 1598 Sedecias
3063 1546 3406 1614 juramentum
3431 1547 3557 1600 dedit
3581 1547 3769 1600 barbaru-

2303 1647 2420 1684 rnm
2465 1633 2572 1700 regi
2611 1629 3126 1703 Nabuchodonosor,
3175 1652 3232 1691 se
3275 1639 3321 1689 in
3359 1637 3506 1706 ipsius
3539 1639 3772 1692 commilitio

2307 1739 2706 1788 permansurum
2737 1742 2750 1776 :
2783 1737 2963 1794 postea
3007 1728 3198 1782 deiecit
3241 1739 3295 1782 et
3327 1729 3390 1782 ad
3431 1729 3613 1800 JEgypti
3646 1746 3772 1799 regem

2305 1811 2610 1880 transfugit,
2638 1813 2936 1882 juramenta
2969 1817 3114 1884 parvi
3139 1819 3370 1887 pendens
3393 1858 3406 1882 ,
3433 1827 3482 1870 et
3504 1829 3620 1870 tanta
3643 1833 3774 1886 passus

2303 1913 2382 1956 est
2408 1941 2426 1968 ,
2466 1913 2662 1972 quanta
2701 1907 2877 1958 statim
2911 1907 3158 1961 audietis.
3189 1907 3338 1962 Prius
3361 1923 3476 1962 vero
3501 1910 3774 1963 necessarium

2302 2005 2384 2048 est
2417 1995 2686 2064 prophetae
2713 1997 3014 2065 parabolam
3039 1998 3238 2066 dicere,
3269 2015 3360 2069 per
3377 2015 3516 2068 quam
3541 2001 3633 2053 haec
3651 2001 3778 2054 omnia

2301 2085 2638 2156 signiﬁcavit.
2671 2087 2886 2142 Factum
2913 2098 2984 2142 est
3009 2089 3230 2155 verbum,
3264 2091 3442 2160 inquit,
3469 2089 3644 2143 Domni
3661 2091 3712 2142 ad
3727 2107 3782 2142 nte

2305 2178 2478 2232 dicens
2505 2194 2524 2232 :
2549 2177 2654 2232 Fili
2677 2180 2890 2234 hominis
2909 2221 2924 2244 ,
2952 2197 3107 2234 narra
3138 2186 3464 2236 uenationem
3483 2223 3498 2248 ,
3525 2192 3566 2236 et
3587 2183 3654 2234 dic
3675 2197 3782 2250 para-

2301 2269 2468 2322 bolam
2489 2281 2591 2332 ,-et
2619 2272 2791 2326 dices:
2833 2270 2958 2325 Ha'c
2997 2273 3120 2326 dicit
3151 2273 3350 2342 Adonqi
3378 2272 3596 2327 Dominus
3617 2288 3632 2326 :
3651 2273 3784 2340 Aquila

2301 2363 2525 2432 grandis,
2551 2381 2847 2434 magnarum
2867 2365 3088 2431 alarum,
3109 2366 3262 2435 longa
3285 2357 3576 2430 extensione;
3586 2365 3700 2435 plena
3718 2379 3782 2414 tm-

2301 2455 2480 2524 guibus
2511 2455 2732 2526 (Bacch.
2765 2458 2851 2510 Π.
2885 2459 2980 2514 1-3
3004 2458 3048 2527 ).
3081 2459 3323 2527 Aquilam
3355 2458 3437 2512 hic
3463 2456 3784 2528 Babyloniorum

2303 2561 2482 2614 regem
2514 2549 2720 2602 vocavit
2749 2565 2762 2600 :
2789 2563 3032 2618 magnam
3071 2558 3256 2604 autem
3295 2551 3454 2618 ipsam
3477 2557 3526 2603 et
3549 2559 3784 2615 ungularum

2302 2639 2502 2690 alarum
2531 2638 2702 2707 dixit,
2734 2649 2788 2694 et
2823 2641 3032 2712 longam
3069 2643 3386 2696 extensione
3425 2642 3688 2711 plenamque
3717 2653 3790 2689 uu-

2300 2729 2492 2798 gnibus
2522 2731 2847 2796 nominavit,
2875 2741 3092 2802 propter
3117 2735 3386 2788 exercitus
3413 2729 3732 2786 multitudinem
3753 2733 3790 2776 rt

2301 2819 2715 2888 magnitudinem
2755 2823 3004 2890 potentia:
3041 2833 3096 2878 et
3136 2823 3452 2878 incursionis
3489 2821 3788 2876 velocitatem;

2302 2911 2440 2964 sicut
2482 2912 2620 2964 enim
2665 2913 2854 2980 aquilis
2911 2923 3036 2966 sunt
3085 2913 3192 2968 ala:
3243 2925 3296 2967 et
3341 2928 3526 2984 ungues
3561 2923 3706 2970 anna,
3737 2905 3792 2956 sic

2302 2999 2496 3053 milites
2523 3000 2734 3070 regibus
2759 3009 2813 3056 et
2838 3003 2979 3070 equi.
3011 3001 3136 3056 Haec
3165 3003 3328 3078 igitur
3349 3001 3514 3072 aquila
3545 2997 3702 3060 liabet,
3727 2995 3786 3045 in-

2301 3093 2452 3160 quit,
2481 3093 2689 3146 ductum
2713 3095 2936 3147 intrandi
2973 3095 3025 3147 in
3059 3093 3312 3148 Libanum
3343 3095 3494 3163 (Ibid.
3541 3108 3582 3144 ιι.
3609 3089 3670 3158 5).
3693 3084 3791 3150 Quid

2301 3194 2402 3250 est,
2434 3183 2650 3238 Ductum
2675 3185 2701 3238 ?
2730 3184 3042 3250 Consilium,
3071 3189 3391 3242 sententiam
3419 3203 3432 3252 ;
3463 3185 3680 3240 Libanum
3702 3191 3793 3232 vero

2301 3274 2535 3328 .ludteam
2569 3278 2810 3340 vocavit,
2851 3278 2971 3346 quia
3017 3293 3188 3346 prope
3217 3290 3444 3332 montem
3475 3278 3600 3331 ilituu
3623 3277 3699 3326 sita
3723 3277 3794 3323 est.

2305 3368 2492 3422 Postea
2521 3368 2816 3436 iuramenta
2847 3371 3031 3424 volens
3057 3379 3110 3424 et
3137 3370 3344 3426 fcedera
3375 3371 3570 3432 dicere,
3597 3364 3720 3423 Tulit.
3744 3361 3796 3412 in-

2303 3460 2435 3528 quit,
2463 3461 2526 3512 de
2549 3463 2736 3515 semine
2751 3473 2899 3516 teme
2915 3503 2932 3526 ,
2960 3473 3006 3516 et
3031 3463 3172 3516 dedit
3197 3465 3250 3516 in
3271 3479 3446 3533 campo
3467 3463 3622 3518 sativa,
3643 3465 3685 3509 ut
3703 3452 3800 3505 atti-

2304 3561 2436 3620 peret
2465 3553 2824 3606 radicationem
2861 3570 3011 3623 super
3036 3569 3226 3624 aquam
3261 3554 3463 3606 multant
3489 3567 3506 3604 :
3531 3560 3577 3602 ut
3601 3545 3802 3614 respicere

2304 3654 2385 3696 tur
2410 3645 2577 3714 posuit
2599 3645 2730 3698 illud
2755 3661 2774 3698 :
2793 3661 3002 3714 cumque
3021 3646 3372 3715 germinasset,
3393 3645 3534 3696 creuit
3551 3641 3596 3692 in
3619 3639 3730 3690 citem
3746 3633 3804 3682 in.

2304 3736 2504 3804 ﬁrmam
2529 3745 2574 3788 et
2600 3752 2806 3805 parvam
2835 3737 3186 3805 magnitudine
3213 3777 3228 3800 ,
3255 3747 3302 3789 et
3331 3733 3539 3789 extendit
3563 3741 3698 3782 ramos
3719 3734 3804 3774 suos

2304 3831 2371 3882 ad
2395 3830 2533 3882 illaut
2555 3871 2568 3892 ,
2591 3841 2636 3882 ct
2666 3831 2860 3883 radices
2883 3831 2992 3895 eius
3017 3829 3108 3882 sub
3129 3831 3227 3882 illa
3251 3838 3396 3882 erant
3421 3825 3579 3895 (Ibid.
3599 3839 3638 3873 υ.
3661 3815 3807 3884 5)·(ίί⁹

2306 3923 2521 3975 vitatem
2544 3937 2672 3976 vero
2691 3921 2984 3975 Jerusalem
3013 3921 3176 3974 vitem
3205 3921 3294 3973 hic
3319 3915 3618 3987 appellavit;
3638 3903 3810 3962 dicendo

2305 4023 2480 4067 autem
2507 4011 2648 4081 quod
2678 4026 2854 4065 ramos
2879 4025 3006 4065 suos
3033 4009 3100 4064 ad
3133 4012 3308 4080 ipsam
3337 4008 3512 4064 emisit
3533 4001 3748 4072 aquilam,
3773 4001 3810 4044 tl

2305 4103 2512 4156 radices
2534 4102 2648 4170 ejus
2677 4101 2775 4155 sub
2808 4101 2896 4154 illa
2927 4109 3082 4155 erant
3101 4141 3116 4165 ,
3149 4099 3358 4156 ﬁndera
3385 4093 3666 4166 signiﬁcavit
3687 4095 3808 4142 otto-

2306 4195 2546 4248 cictatem
2574 4208 2693 4245 cum
2727 4195 2840 4261 ipso
2877 4191 3096 4256 initam,
3123 4203 3180 4245 et
3219 4191 3362 4259 quod
3405 4189 3616 4258 seipsam
3641 4182 3684 4235 in
3707 4178 3814 4231 illum

2309 4285 2510 4351 rejetrit.
2531 4283 2653 4337 Mox
2677 4283 3006 4352 iniquitatem
3039 4282 3330 4337 ostendere
3349 4282 3544 4340 volens,
3565 4277 3630 4327 ait
3651 4292 3662 4324 :
3683 4269 3732 4322 Iit
3748 4265 3818 4337 fuit

2307 4374 2476 4442 aquila
2497 4374 2676 4436 altera,
2702 4373 2768 4426 de
2789 4387 2911 4441 rege
2938 4373 3160 4440 loquens
3183 4371 3322 4442 Egy
3333 4373 3458 4440 ptio,
3485 4363 3666 4438 grandis
3683 4368 3720 4412 et
3743 4369 3820 4406 ma-

2308 4465 2419 4534 gnis
2449 4465 2544 4516 olis
2574 4465 2838 4533 multisque
2863 4465 3136 4533 unguibus;
3166 4473 3214 4516 et
3239 4479 3354 4516 ecce
3386 4463 3494 4514 ritis
3520 4459 3606 4510 ista
3623 4451 3820 4519 implicata

2313 4566 2416 4607 erat
2443 4555 2510 4608 ad
2535 4572 2642 4608 eam
2667 4595 2682 4618 ,
2715 4567 2762 4608 et
2788 4555 3056 4624 pampinus
3084 4555 3194 4622 ejus
3223 4555 3278 4607 in
3309 4571 3370 4608 ea
3397 4595 3411 4618 ,
3447 4564 3490 4603 et
3518 4545 3715 4619 palmites
3735 4549 3822 4590 suos

2309 4647 2528 4700 extendit
2553 4689 2566 4710 ,
2599 4657 2651 4698 ut
2690 4647 2918 4716 trrigarct
2945 4663 3056 4699 eam
3079 4663 3100 4700 δ
3131 4655 3402 4715 propterea
3426 4644 3526 4696 dixi
3551 4681 3564 4704 ,
3607 4635 3708 4690 Ηίεε
3735 4625 3826 4680 dit“

2311 4738 2446 4792 Deus
2472 4754 2490 4792 :
2519 4739 2580 4792 Si
2599 4739 2932 4808 prosperabit,
2971 4739 3072 4792 ltoe
3095 4747 3219 4803 est,
3251 4753 3376 4806 qua:
3400 4736 3724 4805 jurameutnut
3747 4731 3824 4772 non

2311 4833 2600 4886 servaverit
2630 4841 2682 4884 et
2719 4831 2918 4886 foedera
2941 4871 2953 4893 ,
2995 4831 3038 4883 si
3077 4831 3261 4900 poterit
3295 4844 3500 4882 manere
3525 4834 3568 4878 et
3593 4813 3826 4910 ωιιεατὶἶει

2312 4941 2410 4977 non
2451 4925 2627 4976 cadere
2653 4924 2668 4986 (
2693 4924 2827 4978 Ibid.
2857 4940 2902 4977 υ.
2935 4923 3034 4978 7-9
3137 4923 3258 4977 Mox
3287 4923 3648 4976 demonsu'ans
3668 4921 3755 4966 non
3777 4909 3828 4954 ιιι

2315 5016 2545 5068 futurum
2589 5033 2706 5069 esse
2728 5055 2742 5078 ,
2771 5015 2864 5069 sed
2890 5014 3106 5068 omnino
3141 5021 3366 5081 prOpter
3388 5011 3716 5080 juramentutu
3738 5007 3826 5063 per-

2314 5109 2524 5168 ituram,
2553 5106 2620 5160 de
2649 5123 2798 5174 ptent:
2831 5107 2940 5173 ip~a
2968 5105 3214 5168 disserit,
3236 5113 3294 5157 et
3323 5117 3536 5157 causam
3563 5094 3691 5168 poni!
3715 5105 3726 5141 ε
3751 5085 3824 5139 ⁸⁵·

2314 5201 2448 5252 dices
2474 5201 2604 5251 enim
2640 5201 2748 5268 ejus
2775 5197 3117 5252 teneritudinis
3141 5237 3156 5262 ,
3196 5206 3248 5249 et
3288 5202 3486 5266 fructus
3526 5191 3768 5262 putrescat.
3797 5181 3832 5226 τέ

2315 5300 2534 5344 arescent
2554 5305 2666 5359 qua:
2692 5305 2753 5342 ex
2776 5307 2834 5343 ea
2861 5290 3140 5358 germinant
3165 5285 3184 5356 (
3205 5285 3351 5339 Ibid.
3381 5303 3434 5340 υ.
3463 5283 3554 5355 9
3585 5279 3644 5334 Et
3665 5275 3840 5359 dctum:

2316 5393 2485 5437 strare
2513 5383 2695 5436 volens
2736 5381 2874 5450 quod
2925 5397 3028 5433 non
3073 5379 3303 5432 humana
3341 5379 3396 5432 vi
3433 5377 3738 5430 destruetur,
3765 5357 3839 5412 sed

2315 5473 2562 5542 quoniam
2593 5489 2686 5542 per
2707 5473 2794 5524 illa
2817 5471 3116 5538 iuramenta
3143 5471 3310 5523 Deum
3333 5469 3437 5524 sibi
3458 5465 3578 5520 fecit
3597 5456 3842 5514 inimicum.

2317 5565 2585 5633 subjunxit
2617 5583 2628 5617 :
2661 5563 2781 5617 Non
2823 5565 2876 5616 in
2921 5563 3126 5616 brachio
3155 5561 3381 5632 grandi,
3424 5573 3577 5628 neque
3613 5555 3660 5606 in
3695 5549 3848 5618 μοι)ωο

2380 5677 2396 5708 ί
2429 5675 2677 5744 εἰοιωρτςει.
2708 5683 2760 5724 et
2779 5675 2972 5737 quidam
3001 5681 3106 5726 itas.
3143 5671 3282 5724 savii.
3309 5679 3361 5721 et
3392 5671 3490 5728 alii,
3531 5661 3846 5724 ιἰἰιειΐηεηυπ*

2315 5749 2423 5800 pro,
2445 5737 2566 5790 velut
2591 5737 2794 5800 signum.
