4020 6216
328 316 423 373 193

315 428 492 489 multo,
523 434 575 476 ut
605 421 829 476 evelleret
848 438 957 476 eam
987 422 1228 476 radicitus
1251 422 1470 495 (Esccli.
1498 426 1582 478 l7.
1608 426 1684 493 9).
1718 423 1783 477 Et
1806 440 1893 492 pa-

314 516 493 571 raboia
533 513 743 583 quidem
790 512 901 565 inec
929 530 942 578 ;
977 530 1186 567 rursum
1228 532 1353 568 vero
1378 516 1611 570 declarat
1635 531 1749 569 eam
1772 556 1786 577 ,
1820 516 1897 569 sic

313 607 557 675 inquiens
583 623 595 658 :
624 604 755 656 Ecce
775 604 928 656 veniet
951 621 1040 657 rex
1063 605 1334 675 Babylonis
1355 608 1405 659 in
1426 606 1711 659 Jerusalem
1730 604 1894 676 (Ibid.

313 716 359 751 υ.
396 694 463 748 12
485 696 523 764 ).
557 696 747 749 Postea
773 709 891 749 cum
922 695 971 747 in
1003 695 1178 749 medio
1202 697 1443 764 quaedam
1487 696 1589 749 alia
1628 695 1892 758 dixisset,

308 788 610 856 jnramcnta
648 785 777 838 dicit
817 793 870 838 et
914 783 1151 840 foedera:
1186 783 1452 854 Ferietque
1493 801 1605 837 cum
1646 801 1702 836 eo
1733 784 1896 851 {tedas

313 880 332 937 ί
351 878 488 932 Ibid.
515 895 562 931 v.
595 878 706 948 εδ).
730 876 853 930 Mox
881 885 935 930 et
963 877 1308 930 rebellionem
1335 877 1518 931 dicens
1542 895 1554 928 :
1588 876 1654 929 Et
1683 876 1892 939 recedet,

313 971 517 1040 inquit,
556 969 618 1023 ab
656 986 714 1022 eo
754 970 993 1031 mittendo
1031 972 1234 1023 nuntios
1260 970 1312 1021 in
1342 968 1649 1039 rEgyptum,
1674 978 1730 1020 ut
1757 969 1897 1021 daret

311 1062 403 1116 sibi
444 1079 593 1128 equos
619 1072 667 1115 et
697 1061 937 1130 populum
981 1061 1192 1119 multum
1233 1061 1251 1133 (
1278 1060 1414 1116 Ibid.
1440 1078 1487 1115 υ.
1526 1063 1591 1116 15
1619 1064 1657 1128 ).
1688 1061 1753 1114 Ει
1780 1070 1898 1129 post

236 1210 241 1213 τ
316 1153 428 1204 Ιιίιιο
453 1151 649 1215 infert,
682 1151 1053 1204 demmistrans
1084 1160 1299 1219 prepter
1322 1152 1684 1220 jurameutmn
1715 1152 1896 1220 perni-

230 1220 242 1236 ’
311 1243 447 1295 ciem
489 1252 652 1295 totam
693 1243 969 1306 accidisse,
1007 1241 1122 1296 Nisi
1150 1244 1166 1274 ³
1196 1244 1247 1295 in
1288 1243 1398 1296 loco
1426 1245 1574 1312 regis,
1603 1245 1686 1309 qni
1707 1244 1895 1297 consti-

310 1333 406 1383 tuit
426 1349 538 1384 eum
564 1348 751 1401 regem,
777 1332 863 1401 qui
892 1333 1073 1400 sprevit
1100 1332 1499 1385 maledictioncm
1529 1350 1711 1398 meum,
1738 1342 1784 1386 ιιι
1810 1334 1895 1402 qui

314 1433 654 1492 transgressus
681 1432 750 1477 est
777 1432 1127 1476 testamentum
1151 1440 1341 1489 nteant,
1364 1426 1416 1477 in
1444 1425 1605 1477 medio
1625 1424 1894 1495 Babylonis

314 1513 572 1578 morietur,
596 1522 645 1567 et
662 1529 762 1565 non
787 1512 838 1565 in
857 1514 1073 1566 exercitu
1088 1513 1293 1583 grandi,
1323 1530 1413 1566 nec
1435 1514 1484 1565 in
1512 1514 1697 1583 populo
1714 1515 1890 1574 multo,

311 1606 430 1674 quia
462 1606 649 1674 sprevit
684 1604 1028 1674 juramentunt
1057 1605 1433 1674 praevaricando
1463 1615 1665 1674 pactum
1693 1622 1894 1670 meum;

313 1697 651 1765 iuramentum
679 1711 838 1748 meum
862 1696 980 1765 quia
1004 1696 1212 1764 sprevit,
1230 1706 1274 1749 et
1301 1695 1464 1765 [tedas
1488 1695 1625 1762 quod
1650 1698 1894 1767 prazvari-

311 1797 453 1841 catus
482 1796 554 1841 est
579 1828 593 1851 ,
624 1787 753 1840 dabo
786 1789 839 1841 in
867 1798 1019 1854 caput
1049 1789 1177 1857 ejus,
1210 1798 1257 1842 et
1285 1789 1570 1857 expandam
1607 1806 1760 1859 super
1782 1807 1894 1843 eum

311 1891 414 1932 rete
434 1895 596 1931 meum
625 1878 785 1949 (Ibid.
799 1895 846 1932 v.
876 1877 1084 1948 16-20}.
1105 1878 1266 1934 Vides
1288 1879 1554 1949 quomodo
1581 1896 1685 1934 non
1708 1883 1892 1946 semel,

312 1985 413 2023 nec
452 1968 532 2024 bis
555 2010 569 2033 ,
596 1982 779 2023 verum
805 1979 859 2024 et
882 1970 1076 2039 smpius
1104 1968 1275 2034 dixit,
1315 1969 1461 2023 illum
1496 1980 1713 2039 propter
1744 1972 1895 2037 jura-

312 2071 551 2114 mentum
582 2060 697 2115 hmc
721 2062 896 2114 omnia
921 2076 1136 2131 passum
1163 2076 1283 2115 esse
1309 2061 1333 2115 ’ἲ
1378 2062 1727 2131 implacabilis
1751 2064 1892 2117 enim

310 2165 397 2207 est
427 2154 592 2214 Deus.
618 2153 936 2222 contemptis
955 2153 1292 2222 iuramentis.
1325 2152 1509 2223 Neque
1536 2169 1662 2208 vero
1691 2163 1893 2208 tantum

309 2260 377 2299 ex
406 2244 606 2299 ultione
646 2244 845 2298 civitati
874 2244 1015 2299 illata
1053 2253 1271 2314 prepter
1294 2244 1652 2314 juramentum
1685 2246 1784 2300 hoc
1811 2247 1895 2299 in-

311 2336 550 2405 telligcre
591 2335 749 2400 licet,
779 2350 962 2413 verum
988 2343 1043 2390 et
1065 2350 1130 2389 ex
1158 2336 1496 2389 cunctatione
1522 2344 1577 2389 et
1601 2335 1854 2390 dilatione
1875 2375 1890 2400 ,

310 2436 565 2494 quantum
598 2426 737 2481 Deus
774 2425 1005 2481 studium
1034 2426 1228 2480 habeat
1251 2466 1266 2487 ,
1312 2441 1381 2481 ne
1414 2427 1717 2501 juramenta
1760 2442 1894 2481 con-

310 2518 611 2572 culcentur.
642 2516 857 2571 Factum
884 2528 957 2571 est
985 2517 1126 2573 enim
1145 2559 1159 2583 ,
1189 2517 1387 2587 inquit,
1414 2518 1465 2572 in
1496 2534 1630 2571 anno
1659 2532 1794 2571 nono
1817 2535 1898 2571 re-

309 2610 400 2678 gni
414 2608 541 2678 ejus,
560 2609 611 2660 in
630 2606 1043 2672 mense’secundo,
1063 2609 1115 2661 in
1137 2608 1328 2661 decima
1344 2608 1544 2669 mensis,
1567 2609 1697 2661 venit
1711 2607 1896 2662 Nabu-

319 2698 655 2764 chodonosor,
678 2714 768 2752 rea:
785 2696 1081 2768 Babylonis,
1110 2707 1156 2752 et
1175 2699 1335 2752 omnis
1359 2700 1603 2752 exercitus
1619 2700 1728 2769 ejus
1745 2716 1899 2767 super

309 2786 614 2853 Jerusalem,
634 2796 680 2840 et
694 2787 1011 2841 circumsedit
1025 2804 1156 2854 eam,
1173 2798 1218 2841 et
1232 2788 1475 2841 exstruxit
1495 2787 1547 2840 in
1560 2789 1772 2841 circuitu
1789 2790 1897 2859 ejus

313 2880 632 2943 munitiones,
650 2889 696 2932 et
710 2879 883 2932 clausa
901 2886 971 2931 est
983 2879 1176 2943 civitas,
1195 2889 1341 2947 atque
1356 2879 1542 2932 vallata
1563 2894 1716 2944 usque
1729 2877 1796 2930 ad
1810 2894 1910 2931 un-

310 2970 560 3020 decimum
571 2985 757 3021 annum
772 2969 902 3037 regis
922 2967 1165 3033 Sedeciw,
1184 2985 1316 3021 nona
1329 2969 1410 3021 die
1429 2970 1630 3029 mensis,
1642 2979 1693 3022 et
1711 2984 1896 3036 prama-

310 3061 407 3112 luit
427 3060 583 3127 [ornes
602 3059 654 3112 in
674 3060 783 3129 ipsa
806 3059 1021 3123 civitate,
1046 3075 1135 3113 nec
1156 3068 1262 3112 erat
1293 3060 1437 3128 panis
1460 3061 1647 3128 pOpulo
1669 3059 1737 3112 ad
1759 3076 1894 3111 com-

310 3152 575 3213 edendum,
607 3159 651 3201 et
673 3151 827 3203 scissa
847 3160 915 3203 est
936 3150 1108 3203 civitas
1127 3150 1202 3218 (4.
1231 3151 1354 3218 Reg.
1386 3150 1594 3205 25.1-4
1618 3153 1655 3218 ).
1680 3150 1894 3203 Poterat

311 3255 503 3308 nempe
522 3241 697 3294 statim
721 3255 749 3293 a
770 3241 934 3308 prima
954 3240 1042 3295 die
1066 3223 1208 3309 ipsos
1231 3242 1457 3306 tradere,
1476 3241 1717 3296 etfacere
1737 3241 1895 3295 hosti-

310 3330 408 3383 bus
436 3328 674 3383 subditos
705 3345 720 3394 ;
753 3329 844 3385 sed
881 3338 1157 3398 propterea
1189 3331 1396 3385 interim
1435 3331 1591 3385 trium
1632 3347 1893 3386 annorum

312 3430 519 3485 tempus
534 3421 732 3475 conteri
767 3421 1024 3488 permisit,
1043 3430 1096 3475 et
1120 3422 1261 3489 ipsos
1286 3421 1559 3476 obsidione
1580 3423 1745 3490 premi
1768 3438 1890 3491 gra-

310 3510 546 3569 vissima,
564 3521 619 3561 ut
632 3511 1025 3564 etcxtrinsecus
1043 3511 1265 3564 militum
1283 3511 1490 3575 timore,
1508 3520 1560 3564 et
1578 3512 1892 3565 intrinsecus

309 3600 445 3651 tuine
467 3599 733 3651 civitatem
764 3610 1036 3664 premente
1060 3600 1322 3668 castigati,
1351 3602 1432 3654 vel
1459 3601 1683 3655 invitum
1708 3614 1890 3671 regem

304 3682 549 3737 barbaris
569 3680 723 3735 subdi
745 3688 1017 3751 cogerent,
1040 3688 1095 3733 et
1117 3677 1329 3749 aliquod
1353 3684 1567 3746 peccato
1595 3677 1894 3731 remedium

303 3774 442 3827 ﬁeri.
470 3772 539 3826 Et
562 3771 705 3840 quod
748 3771 851 3826 lioc
891 3771 961 3826 sit
996 3786 1176 3824 verum
1199 3811 1214 3835 ,
1245 3785 1418 3840 neque
1459 3784 1574 3825 mea
1611 3770 1680 3823 sit
1707 3768 1892 3841 Conie-

302 3873 491 3928 ctura,
521 3861 646 3917 audi
675 3862 801 3932 quid
833 3877 927 3931 per
953 3862 1269 3932 prophetam
1306 3861 1373 3915 ad
1412 3861 1585 3931 ipsum
1618 3860 1760 3915 dicat
1788 3880 1802 3916 :
1831 3860 1895 3916 Si

305 3954 488 4008 exieris
510 3952 580 4005 ad
605 3952 757 4006 duces
788 3952 921 4023 regis
958 3951 1233 4022 Babylonis
1259 3992 1276 4017 ,
1318 3952 1444 4005 vivet
1480 3951 1652 4004 anima
1691 3940 1816 4016 tua,
1846 3960 1892 4004 et

304 4046 482 4100 civitas
512 4045 619 4098 Iuec
656 4062 757 4098 non
791 4045 1117 4097 succendetur
1148 4044 1252 4113 igni
1279 4085 1292 4106 ,
1334 4054 1381 4096 et
1410 4045 1540 4097 vives
1565 4053 1618 4096 tu
1642 4053 1688 4097 et
1713 4044 1892 4098 domus

305 4148 411 4189 tua.
437 4136 501 4191 Si
523 4146 690 4189 autem
713 4153 814 4190 non
837 4137 1016 4190 exieris
1039 4136 1107 4188 ad
1125 4137 1376 4206 principes
1394 4138 1415 4166 ’
1439 4136 1570 4207 regis
1591 4135 1889 4207 Babylonis,

306 4229 533 4280 tradetur
550 4228 724 4279 civitas
738 4228 845 4279 liatc
860 4228 913 4279 in
928 4243 1108 4280 manus
1131 4226 1506 4293 Chaldaeorum,
1532 4236 1577 4281 et
1594 4229 1894 4281 succendent

304 4334 415 4370 eam
440 4317 588 4388 igni,
629 4327 676 4370 et
712 4333 814 4371 non
852 4315 1060 4387 eﬂugies
1090 4317 1152 4371 de
1178 4317 1407 4371 manibus
1436 4335 1628 4373 eorum.
1672 4317 1738 4372 Et
1763 4319 1893 4373 dixit

305 4423 393 4461 rex
412 4406 655 4461 Sedecias
674 4408 741 4459 ad
760 4406 1033 4462 Jeremiam
1056 4424 1074 4461 :
1100 4406 1365 4461 Rationem
1392 4409 1549 4462 habeo
1567 4408 1890 4474 Judworum,

302 4501 388 4570 qui
421 4501 660 4571 fugerunt
688 4500 755 4553 ad
782 4500 1047 4555 Clialdteos
1070 4541 1083 4561 .
1124 4516 1184 4554 ne
1222 4505 1351 4571 forte
1376 4500 1576 4555 tradant
1607 4519 1683 4555 me
1706 4503 1758 4554 in
1788 4520 1894 4556 ma-

306 4609 397 4647 nus
423 4609 617 4655 eorum,
643 4602 691 4646 et
716 4592 933 4646 illudant
956 4593 1098 4646 mihi.
1128 4593 1405 4662 Respondit
1434 4602 1602 4646 autem
1622 4592 1890 4658 Jeremias,

304 4696 350 4738 et
372 4686 508 4738 dixit
534 4684 582 4738 ei
601 4725 617 4749 ,
646 4682 767 4738 Non
790 4695 838 4738 te
856 4685 1053 4737 tradent
1083 4698 1103 4737 :
1128 4684 1251 4738 audi
1279 4699 1445 4737 vocem
1474 4682 1712 4749 Domini,
1742 4701 1895 4754 quam

302 4793 395 4849 ego
424 4778 608 4845 loquor
628 4776 697 4829 ad
721 4786 796 4839 te,
819 4790 866 4829 et
894 4776 1075 4830 melius
1095 4776 1185 4829 tibi
1211 4776 1303 4829 erit
1320 4817 1334 4839 ,
1362 4784 1409 4828 et
1433 4775 1557 4830 vivet
1582 4777 1753 4830 anima
1781 4788 1889 4831 tua.

307 4868 457 4933 Quod
491 4869 536 4922 si
571 4868 793 4921 nolueris
821 4868 1028 4938 egredi,
1068 4869 1162 4921 iste
1201 4877 1273 4920 est
1305 4883 1467 4921 sermo
1499 4883 1645 4937 quem
1681 4868 1894 4922 ostendit

307 4960 431 5014 mihi
454 4958 709 5013 Dominus
739 4975 758 5011 :
790 4958 923 5012 Ecce
949 4975 1120 5013 omnes
1151 4958 1382 5011 mulieres
1408 4973 1523 5029 qua:
1546 4969 1894 5014 remanserunt

304 5055 357 5108 in
382 5053 536 5107 domo
560 5051 693 5122 regis
717 5049 751 5104 Ι
756 5051 857 5105 uda
880 5091 897 5118 ,
937 5050 1211 5103 educentur
1234 5049 1303 5103 ad
1335 5051 1588 5121 principes
1629 5051 1759 5121 regis
1786 5050 1894 5104 Ba-

305 5146 526 5216 bylonis,
551 5154 602 5199 et
634 5145 714 5198 Ita:
740 5144 903 5197 dicent
928 5158 946 5197 :
974 5141 1299 5197 Seduxerunt
1337 5151 1413 5205 te,
1449 5152 1494 5196 et
1522 5142 1894 5211 prtevaluerunt

305 5238 572 5291 adversum
605 5244 652 5290 te
675 5235 766 5289 viri
794 5233 993 5305 paciﬁci
1024 5234 1097 5287 tui
1120 5275 1136 5298 ,
1165 5243 1212 5288 et
1238 5233 1579 5301 praevalebunt
1605 5236 1658 5288 in
1687 5234 1894 5288 lubricis

306 5338 482 5380 contra
513 5327 663 5394 pedes
689 5337 799 5379 tuos
829 5340 848 5379 :
873 5335 1190 5379 recesserunt
1219 5343 1251 5379 a
1281 5335 1329 5379 te
1353 5365 1369 5391 ,
1397 5336 1444 5379 et
1465 5325 1486 5357 ³
1515 5341 1685 5381 omnes
1712 5341 1891 5379 uxores

307 5430 352 5473 st
377 5420 515 5487 ﬁlios
534 5428 646 5471 tuos
665 5416 871 5471 educent
892 5417 958 5470 ad
979 5414 1267 5483 Chaldaeos,
1286 5427 1333 5471 et
1358 5433 1458 5470 non
1484 5414 1691 5488 e/fugies
1714 5432 1893 5471 manus

372 5537 385 5563 ι
423 5532 563 5594 Legit
583 5514 747 5586 δαῖε..
770 5537 924 5580 Certe.
950 5538 999 5581 tn
1017 5529 1133 5579 Bibl.
1159 5544 1279 5594 vero
1299 5544 1313 5580 :
1347 5530 1459 5582 rivo
1481 5543 1568 5593 ego
1590 5531 1633 5581 si
1655 5542 1767 5594 non.

368 5594 389 5625 ⁸
425 5592 575 5663 mitia
594 5600 793 5651 Veneta,
816 5604 928 5700 qua:
950 5606 1060 5664 cum
1082 5592 1201 5642 Bibl.
1217 5594 1440 5663 quadrat,
1461 5592 1600 5656 legit,
1618 5592 1896 5656 principes;

378 5656 605 5700 numinis
621 5662 783 5700 autem
804 5668 833 5700 a
854 5658 913 5700 iis
932 5654 1127 5700 lantur.
1148 5667 1432 5700 rrmcmem.

314 5655 359 5704 i5
378 5656 605 5703 «imitans
621 5662 783 5703 autem
804 5654 913 5703 aliis
932 5654 1128 5716 legitur,
1148 5654 1432 5717 principem.

371 5718 395 5749 ³
422 5717 514 5765 alii
534 5718 607 5766 sic
628 5717 842 5767 habent:
871 5725 969 5766 Non
993 5722 1303 5775 revertentur,
1323 5722 1388 5776 et.
1414 5724 1511 5768 etc.

1163 314 1254 367 Al)
1292 292 1627 371 poemati
1651 308 2129 366 ANTIOCHENUM
2195 310 2424 366 llOMlL.
2463 308 2582 366 xnt

3478 308 3578 363 li‘i

2005 440 2197 489 eorum,
2223 425 2343 493 quia
2363 427 2413 477 in
2442 441 2593 477 manu
2623 426 2753 494 regis
2779 425 3049 494 Babylonis
3073 427 3307 496 capieris,
3334 437 3384 481 et
3405 429 3578 481 civitas

2001 515 2109 567 [nec
2150 514 2466 569 comburetar
2507 517 2613 586 igni
2646 515 2854 585 (Jerem.
2881 518 2969 571 '58.
2999 518 3063 572 l7
3113 518 3183 572 2-3
3212 520 3251 588 ).
3294 518 3398 574 Sed
3432 528 3575 590 post-

2001 622 2157 675 quam
2206 620 2310 660 non
2338 609 2599 675 persuasit
2627 606 2742 661 hzec
2770 607 2951 661 dicens
2976 648 2990 672 ,
3032 608 3125 661 sed
3151 611 3343 665 mansit
3370 611 3420 664 in
3450 628 3578 679 pec-

2002 707 2120 749 cato
2145 707 2199 752 et
2229 698 2503 765 iniquitate
2531 739 2545 764 ,
2591 708 2709 768 post
2745 708 2851 752 tres
2876 713 3044 751 annos
3067 699 3335 755 civitatem
3367 702 3584 759 tradidit

2004 786 2143 841 Deus
2166 829 2180 852 ,
2209 798 2261 842 et
2290 789 2627 842 clementiam
2656 804 2806 842 suam
2835 789 3208 843 demonstrans
3236 800 3289 844 ct
3330 792 3469 847 illius
3497 794 3581 847 in-

1999 887 2204 944 gratum
2240 877 2494 931 animum.
2541 879 2604 931 Et
2644 878 2864 947 ingrcssi
2898 894 3017 932 cum
3062 894 3248 949 magna
3295 881 3578 948 facilitate,

2003 967 2092 1020 Dei
2123 978 2175 1020 et
2202 968 2338 1037 regis
2364 968 2578 1022 domum
2605 968 2951 1022 incenderunt
2974 977 3027 1022 ct
3054 968 3242 1023 domos
3269 969 3579 1037 JeruSalem,

2001 1065 2054 1110 et
2080 1073 2288 1112 omnem
2316 1075 2557 1129 magnam
2586 1059 2799 1113 domum
2832 1060 3063 1115 incendit
3108 1062 3355 1131 princeps
3385 1078 3578 1133 coquov

1999 1163 2116 1201 rum
2145 1158 2200 1203 et
2228 1165 2434 1203 murum
2461 1149 2758 1204 Jerusalem
2784 1150 3044 1206 subvertit
3068 1194 3084 1219 ,
3124 1163 3177 1207 et
3215 1154 3409 1224 ubique
3449 1155 3587 1223 ignis

1999 1240 2342 1304 grassabatur
2371 1240 2699 1304 barbaricus,
2720 1240 3027 1309 iuramento
3063 1242 3235 1311 ignem
3275 1245 3501 1299 ducente
3529 1255 3585 1300 et

1999 1326 2264 1382 ﬂammam
2295 1331 2487 1397 passim
2514 1333 2907 1400 circumagente
2935 1350 2948 1386 :
2977 1342 3029 1387 et
3075 1334 3326 1403 populum
3369 1337 3419 1388 in
3456 1336 3582 1390 civi-

2001 1429 2106 1474 tate
2128 1421 2367 1474 relictum
2391 1430 2445 1474 et
2465 1423 2551 1491 qui
2577 1423 2895 1477 transierant
2915 1424 2980 1477 ad
3002 1440 3179 1494 regem
3204 1428 3581 1494 transitortavit

2002 1510 2244 1580 princeps
2272 1526 2559 1581 coquorum
2592 1513 2676 1584 (4.
2706 1513 2828 1584 Reg.
2857 1513 2981 1584 23).
3011 1514 3078 1567 Et
3107 1516 3364 1570 columnas
3387 1534 3545 1573 cereas
3565 1558 3584 1584 ,

1998 1619 2110 1672 qua:
2136 1613 2277 1656 erant
2305 1604 2356 1656 in
2383 1604 2529 1657 domo
2568 1602 2776 1658 Domini
2800 1647 2814 1670 ,
2855 1615 2900 1660 et
2934 1606 3095 1671 bases,
3128 1617 3173 1660 et
3199 1624 3337 1661 mare
3364 1625 3582 1675 cuneum,

1998 1695 2134 1764 quod
2161 1705 2266 1748 erat
2286 1696 2338 1749 in
2360 1697 2509 1749 domo
2533 1695 2756 1761 Domini,
2779 1702 3128 1768 confregerunt
3158 1696 3387 1753 Chaldwi
3416 1718 3434 1755 :
3457 1701 3587 1754 ollas

1999 1801 2193 1854 quoque
2213 1801 2390 1851 cereas,
2414 1795 2460 1839 et
2484 1786 2784 1857 fuscinulas,
2808 1796 2853 1839 et
2879 1787 3098 1857 phialas,
3117 1796 3165 1841 et
3194 1790 3504 1854 mortariola,
3536 1801 3588 1845 et

2000 1875 2168 1928 omnia
2207 1891 2324 1928 vasa
2360 1891 2493 1930 terea
2533 1876 2783 1946 inquibus
2820 1876 3210 1944 ministrabant,
3252 1880 3470 1933 tulerunt
3496 1897 3515 1934 :
3543 1889 3590 1933 et

2000 1968 2273 2032 tliuribula,
2296 1978 2341 2020 et
2366 1968 2564 2038 phialas
2582 1984 2761 2022 aureas
2790 1977 2837 2021 et
2856 1979 3118 2038 argenteas
3145 1972 3364 2025 tulerunt
3395 1987 3414 2025 :
3433 1981 3479 2026 et
3498 1989 3588 2026 co-

2000 2060 2198 2113 lumnas
2215 2059 2339 2112 duns
2356 2069 2400 2110 et
2416 2058 2574 2119 bases.
2589 2068 2634 2112 et
2647 2076 2787 2114 mare
2801 2060 2938 2130 quod
2953 2061 3071 2128 [erit
3096 2061 3341 2116 Salomon
3360 2064 3413 2117 in
3436 2064 3588 2118 domo

2000 2149 2224 2213 Domini,
2254 2151 2365 2203 tulit
2398 2148 2762 2216 Nabuzurdan,
2793 2150 3026 2218 princeps
3050 2167 3324 2221 coquorum
3346 2170 3365 2207 :
3391 2164 3436 2207 et
3462 2156 3584 2207 tule-

1999 2249 2116 2294 runt
2138 2256 2334 2309 quoque
2353 2238 2565 2293 Saream
2592 2240 2810 2308 primum
2831 2240 3160 2305 sacerdotem,
3190 2250 3237 2294 et
3262 2242 3476 2311 Sapban
3500 2260 3588 2298 sa-

1998 2331 2247 2386 cerdotem
2274 2331 2568 2395 secundum,
2591 2341 2635 2385 et
2662 2340 2759 2385 tres
2781 2331 2866 2402 qui
2890 2331 3233 2385 custodiebant
3258 2331 3429 2399 limen,
3452 2334 3589 2390 etde

1998 2425 2198 2477 civitate
2220 2424 2501 2477 eunuchum
2526 2439 2702 2488 unum,
2721 2423 2806 2491 qui
2832 2431 2937 2476 erat
2971 2425 3237 2493 praefectus
3262 2439 3413 2494 super
3428 2424 3590 2479 bella-

1999 2523 2130 2567 tores
2152 2514 2304 2577 viros,
2330 2522 2375 2566 et
2394 2513 2611 2583 quinque
2627 2512 2759 2566 viros
2778 2512 2841 2566 de
2864 2511 2942 2565 liis
2956 2512 3041 2580 qui
3061 2512 3292 2566 videbant
3311 2514 3490 2584 faciem
3504 2531 3589 2569 re-

1998 2604 2095 2675 gis,
2110 2614 2155 2657 et
2175 2603 2387 2674 Saphan
2404 2602 2679 2673 principem
2695 2603 3012 2665 erercitus,et
3024 2602 3310 2667 scribam,et
3326 2603 3590 2674 sexaginta

1999 2695 2129 2747 viros
2146 2736 2160 2758 ,
2183 2703 2229 2747 et
2246 2694 2357 2746 tulit
2374 2709 2475 2759 eos,
2504 2702 2549 2746 et
2573 2691 2784 2745 abduxit
2800 2690 2868 2744 ad
2887 2708 3053 2761 regem
3070 2690 3366 2761 Babylonis,
3387 2708 3589 2761 percus-

1999 2785 2159 2854 sitque
2172 2800 2254 2838 eos
2269 2799 2359 2837 rex
2381 2781 2654 2853 Babylonis
2667 2789 2715 2834 et
2734 2780 2980 2851 interfecit
2994 2797 3080 2835 eos
3094 2779 3260 2851 (Ibid.
3288 2798 3338 2836 υ.
3368 2782 3532 2838 15-21
3547 2787 3586 2851 ).

1999 2874 2180 2944 Itaque
2206 2874 2488 2928 recordare
2504 2873 2627 2927 milii
2659 2872 2808 2927 falcis
2824 2872 3048 2927 volantis
3063 2880 3113 2927 et
3133 2873 3515 2942 requiescentis
3534 2875 3588 2930 in

2000 2966 2161 3021 domo
2184 2966 2410 3035 jurantis
2432 3007 2446 3028 ,
2486 2974 2539 3019 et
2571 2964 2804 3034 parietes
2828 2962 3151 3018 destruentis
3174 2971 3231 3017 et
3273 2963 3413 3034 ligna
3434 2975 3488 3020 et
3513 2965 3590 3019 la-

2000 3058 2152 3127 pides
2180 3076 2193 3110 :
2222 3058 2502 3111 recordare
2528 3057 2656 3110 mihi
2681 3055 2948 3126 quomodo
2968 3055 3331 3124 juramentum
3362 3056 3463 3111 hoc
3488 3073 3581 3111 nr-

1999 3150 2119 3202 bein
2150 3149 2476 3216 ingressum,
2521 3157 2680 3215 atque
2719 3148 2909 3201 domos
2936 3157 2988 3200 et
3010 3148 3265 3216 templum
3297 3156 3352 3202 et
3388 3150 3584 3205 moenia

1999 3240 2324 3305 mdiﬁciaquc
2353 3238 2625 3306 splendida
2655 3238 2934 3302 destruxit,
2966 3245 3020 3290 et
3045 3239 3327 3291 maceriem
3360 3237 3484 3293 fecit
3506 3240 3585 3294 ci-

2000 3339 2232 3393 \‘ll:tlt‘.l]l,
2255 3340 2307 3383 et
2328 3344 2496 3397 neque
2518 3338 2700 3382 sancta
2723 3337 3047 3391 sanctorum,
3072 3342 3241 3396 neque
3262 3343 3412 3382 sacra
3434 3344 3585 3395 vasa,

1999 3437 2096 3475 nec
2122 3421 2259 3473 aliud
2278 3421 2561 3490 quidquam
2587 3435 2795 3489 ptenam
2818 3428 2873 3474 et
2899 3419 3153 3473 ulliOnem
3190 3418 3335 3472 illam
3364 3420 3580 3484 avertit,

1996 3511 2117 3579 quia
2148 3511 2395 3563 violatum
2435 3509 2607 3563 fuerat
2641 3510 3020 3577 juramentum.
3058 3508 3124 3561 Et
3145 3508 3330 3563 civitas
3358 3509 3576 3578 quidem

1994 3608 2101 3653 tam
2131 3598 2503 3652 miserabiliter
2523 3596 2845 3659 solvebatur,
2872 3612 2963 3650 rex
2989 3603 3167 3649 autem
3197 3597 3279 3650 bis
3301 3597 3583 3652 miserabi-

1973 3674 2129 3734 lliora
2156 3684 2210 3730 et
2238 3677 2467 3729 tristiora
2497 3674 2829 3745 patiebatur:
2858 3682 2909 3728 et
2940 3675 3076 3729 sicut
3099 3675 3320 3729 mdilicia
3351 3675 3453 3729 falx
3482 3676 3582 3729 ista

1997 3770 2184 3823 volans
2216 3766 2514 3830 destruxit,
2558 3765 2634 3820 sic
2668 3774 2724 3819 ct
2766 3764 2907 3819 hunc
2945 3763 3232 3835 fugientem
3270 3764 3584 3835 absumpsit.

1997 3857 2243 3927 Egressus
2289 3855 2433 3910 enim
2476 3864 2545 3908 est
2582 3870 2670 3908 rea:
2693 3894 2707 3916 .
2751 3853 2962 3923 inquit,
3008 3863 3150 3908 nocte
3180 3854 3244 3908 de
3271 3855 3468 3909 civitate
3496 3872 3588 3926 per

1998 3949 2128 4001 viam
2171 3956 2331 4015 porta:
2357 3986 2372 4009 ,
2404 3954 2452 3999 et
2491 3944 2720 3999 Chalda'i
2762 3945 3198 3999 circumdederunt
3226 3946 3473 3999 civitatem
3496 3988 3511 4013 ,
3540 3955 3589 4000 et

1998 4047 2322 4109 persequutus
2341 4047 2412 4092 est
2438 4038 2683 4091 exercitus
2704 4034 3059 4091 Cltaldceorum
3086 4046 3199 4105 post
3224 4053 3410 4108 regem,
3432 4045 3479 4092 et
3503 4055 3590 4092 ce-

1998 4141 2177 4201 perunt
2206 4147 2316 4184 eum
2343 4171 2359 4195 ,
2403 4139 2449 4183 et
2486 4129 2966 4199 comprehenderunt
3012 4145 3211 4199 regem,
3250 4138 3294 4183 et
3335 4130 3588 4184 duxerunt

1997 4224 2163 4293 ipsum
2186 4222 2255 4275 ad
2280 4238 2446 4291 regem
2473 4219 2769 4291 Babylonis.
2802 4218 2868 4272 Et
2890 4220 3124 4287 loquutus
3152 4230 3225 4274 est
3250 4237 3339 4273 rex
3369 4219 3588 4292 Babylo-

1997 4315 2076 4368 nis
2103 4330 2217 4367 cum
2244 4313 2457 4367 Sedecia
2476 4311 2752 4381 judicium,
2770 4319 2818 4364 et
2838 4311 3019 4364 occidit
3047 4311 3181 4379 ﬁlios
3205 4311 3363 4382 ipsius
3386 4313 3440 4365 in
3461 4328 3588 4366 ocu-

1999 4405 2062 4459 lis
2087 4409 2217 4475 ejus,
2245 4414 2293 4459 et
2319 4405 2489 4458 oculos
2516 4404 2741 4458 Sedeciae
2759 4404 3046 4469 exctecavit,
3070 4413 3116 4457 et
3136 4404 3291 4457 vinxit
3310 4420 3424 4457 eum
3445 4421 3586 4458 com-

1998 4498 2203 4568 pedibus
2224 4537 2239 4563 ,
2271 4507 2317 4550 et
2348 4495 2556 4549 abduxit
2580 4495 2631 4548 in
2661 4493 2966 4565 Babylonem
3003 4493 3023 4566 (
3047 4495 3099 4548 4.
3131 4494 3261 4565 Reg.
3290 4494 3381 4549 25.
3410 4496 3509 4549 4-7
3531 4496 3576 4565 ).

1997 4588 2135 4655 Quid
2158 4596 2261 4650 est,
2284 4585 2545 4655 Loquuttts
2568 4594 2642 4639 est
2667 4601 2781 4637 cum
2809 4586 2919 4655 ipso
2938 4584 3238 4654 judicium?
3258 4585 3339 4639 Ab
3365 4587 3480 4655 ipso
3501 4601 3587 4639 ra-

1998 4685 2170 4733 tiones
2195 4676 2458 4746 repetivit,
2489 4674 2744 4730 rationem
2773 4675 2949 4743 posuit
2967 4690 3086 4729 cum
3116 4675 3251 4744 ipso,
3278 4686 3331 4730 et
3354 4674 3582 4744 primum

1999 4771 2163 4840 ipsius
2191 4768 2329 4822 ﬁlios
2354 4766 2614 4837 jngulavit
2632 4806 2648 4832 ,
2678 4777 2734 4821 ut
2772 4768 2998 4837 propriae
3026 4767 3341 4821 calamitatis
3368 4774 3583 4834 specta-

2000 4872 2082 4914 tor
2107 4862 2253 4913 lierct
2282 4876 2295 4911 :
2323 4868 2376 4911 et
2408 4868 2685 4926 postquam
2710 4858 3020 4923 tragmdiam
3051 4858 3193 4912 illam
3222 4856 3580 4910 miserabilem

1995 4947 2146 5014 vidit,
2167 4956 2295 5001 tunc
2314 4947 2461 5001 illum
2479 4951 2788 5005 excaecavit.
2807 4949 2924 5016 Qua
2943 4949 3009 5005 de
3028 4965 3190 5005 causa
3215 4964 3431 5004 rursum
3451 4948 3566 5006 hoc

1996 5035 2207 5107 agitur?
2233 5035 2300 5091 Ut
2325 5039 2582 5106 magister
2608 5038 2856 5093 barbaris
2885 5040 3061 5104 abeat,
3091 5047 3147 5093 et
3174 5038 3284 5093 illic
3313 5038 3561 5093 habitan-

1998 5129 2140 5183 tibus
2170 5128 2373 5184 Judwis
2392 5169 2407 5194 ,
2434 5140 2493 5185 ut
2520 5142 2807 5186 cernentes
2830 5146 2926 5201 per
2948 5141 3277 5186 excmcatum
3308 5131 3561 5200 discant,

1995 5230 2261 5291 quantum
2286 5221 2411 5274 mali
2441 5221 2925 5292 sitjnramentum;
2949 5238 3047 5277 nec
3069 5222 3144 5277 illi
3170 5237 3297 5278 vero
3320 5232 3556 5288 tantum,

1997 5327 2184 5366 verum
2202 5321 2255 5366 et
2272 5327 2428 5367 SCCUS
2442 5314 2584 5366 viam
2602 5328 2791 5368 omnes
2808 5313 3382 5378 habitantes,vinctum
3395 5327 3448 5372 ει
3463 5333 3562 5374 CRB.

1997 5413 2178 5458 calum
2201 5403 2489 5468 intuentes,
2507 5418 2603 5473 per
2624 5404 2949 5461 calamitatis
2976 5408 3402 5479 magnitudincm
3431 5426 3563 5481 pec-

1997 5496 2101 5549 cati
2117 5496 2326 5565 pondus
2339 5495 2570 5551 discant.
2582 5495 2870 5566 Propterea
2889 5499 3274 5570 prophetarum
3292 5502 3425 5558 alter
3436 5504 3561 5573 qui-

1997 5588 2122 5642 dam
2139 5591 2219 5643 sic
2235 5589 2428 5658 inquit,
2448 5586 2570 5642 Non
2583 5588 2775 5644 videbit
2792 5589 3111 5661 Babylonem
3128 5592 3558 5663 (EzecIt.l‘2.i5;:

2015 5682 2151 5739 alter
2172 5693 2319 5749 vero,
2344 5677 2367 5733 Ι
2375 5696 2406 5733 ιι
2432 5677 2743 5751 Babylonem
2768 5675 3045 5734 abducetur
3070 5678 3281 5753 (lerant.
3310 5682 3398 5739 δί.
3426 5684 3504 5756 5).
3519 5687 3591 5744 Et
