4020 6216
249 407 516 483 ἁμαρτίας
540 406 604 460 :6
645 402 894 476 μέγεθος.
948 401 1044 453 Διὰ
1069 402 1229 455 τοῦτο
1263 406 1291 456 ό
1332 405 1429 474 μὲν
1458 405 1566 457 τῶν
1614 406 1912 476 προφητῶν

248 513 431 570 φησιν,
460 497 583 549 οὐκ
614 493 824 560 ὄψεται
848 489 1190 545 Βαϐυλῶνα·
1225 494 1254 543 ό
1283 490 1339 542 δὲ
1366 491 1537 559 λέγει,
1563 493 1641 544 ὅτι
1662 493 1767 557 Εἰς
1801 494 1919 545 Βα-

248 582 487 641 ϐυλῶνα
521 579 955 649 ἀπαχθήσεται.
990 578 1099 630 Καὶ
1133 578 1283 632 δοκεῖ
1325 579 1424 647 μὲν
1457 579 1674 631 ἐναντία
1713 574 1855 630 εἶναι
1886 579 1919 649 ἡ

250 658 574 746 προφητεία’
626 670 728 722 οὐκ
764 666 883 719 ἔστι
925 666 1015 729 δὲ,
1053 665 1170 719 ἀλλ’
1204 665 1491 736 ἀμφότερα
1522 665 1691 719 ταῦτα
1719 665 1918 734 ἀληθῆ.

247 762 357 815 Καὶ
382 760 495 829 γὰρ
519 755 811 812 Βαϐυλῶνα
840 755 939 808 οὐκ
963 749 1093 817 εἶδε,
1110 753 1203 807 καί⁵
1234 755 1314 816 εἰς
1348 753 1644 806 Βαϐυλῶνα
1670 753 1917 823 ἀπήχθη.

248 848 372 911 Πῶς
403 844 497 899 οὖν
527 842 824 897 Βαϐυλῶνα
845 842 946 895 ούκ
976 837 1144 907 εἷδεν;
1188 841 1310 893 Ὅτι
1340 843 1396 893 ἐν
1434 842 1499 911 τῇ
1559 839 1791 910 Ἰουδαίᾳ
1823 838 1921 909 τὴν

247 938 497 1008 πήρωσιν
525 934 754 1001 ὑπέστη*
794 929 925 984 ἔνθα
961 929 1071 1001 γὰρ
1102 931 1131 982 6
1174 929 1338 999 ὅρκος
1368 927 1631 998 ὴθετήθη,
1679 928 1798 979 ἐκεῖ
1828 926 1922 979 καὶ

247 1022 538 1088 ἐξεδικεῖτο
577 1021 675 1074 καὶ
712 1018 813 1089 τὴν
858 1016 1129 1088 τιμωρίαν
1166 1016 1330 1079 αὐτὸς
1387 1016 1668 1086 ὑπέμεινε.
1707 1014 1832 1076 Πῶς
1864 1014 1922 1066 δὲ

248 1109 470 1181 ἀπήχθη
496 1110 575 1172 εἰς
606 1103 933 1170 Βαϐυλῶνα;
964 1102 1322 1173 Αἰχμάλωτος
1347 1101 1658 1172 γενόμενος.
1702 1099 1920 1171 Ἐπειδὴ

247 1196 361 1268 γὰρ
390 1195 485 1247 δύο
514 1190 655 1265 ἦσαν
702 1193 758 1245 αἱ
818 1191 1102 1262 τιμωρίαι,
1143 1192 1392 1260 πήρωσις
1421 1189 1515 1241 καὶ
1539 1187 1886 1258 αίχμαλωσία
1905 1226 1921 1250 ,

246 1284 589 1354 διενείμαντο
613 1279 785 1341 αὑτὰς
811 1281 860 1332 οἰ
893 1278 1189 1348 προφῆται,
1215 1277 1309 1329 καὶ
1337 1278 1365 1329 6
1394 1276 1513 1346 μὲν,
1539 1278 1659 1329 Οὐκ
1691 1275 1922 1341 ὄψεται,

247 1374 407 1442 φησὶ,
427 1368 778 1429 Βαϐυλῶνα,
798 1368 900 1439 τὴν
929 1368 1177 1439 πήρωσιν
1195 1364 1361 1418 αὐτοῦ
1385 1365 1578 1430 λέγων·
1604 1367 1632 1416 6
1652 1364 1708 1417 δέ
1736 1380 1918 1435 φησιν’

247 1462 355 1525 ΕΙς
382 1454 713 1512 Βαϐυλῶνα
743 1452 1158 1523 ἀπαχθήσεται
1176 1466 1192 1482 ο
1220 1450 1319 1522 τὴν
1349 1450 1724 1522 αἰχμαλωσίαν
1754 1449 1920 1503 αὐτοῦ

246 1546 644 1613 αἰνιττόμενος.

313 1634 382 1689 δ’.
402 1630 587 1685 Ταῦτα
610 1625 702 1684 οὖν
720 1628 942 1692 εἰδότες,
957 1626 1196 1696 ἀδελφοὶ,
1228 1627 1324 1680 καὶ
1345 1625 1413 1679 τά
1443 1625 1706 1698 εἰρημένα
1730 1624 1824 1678 καὶ
1851 1624 1923 1678 τὰ

246 1718 357 1791 πρὸ
386 1721 593 1772 τούτων
621 1717 884 1788 λεχθέντα
920 1715 1288 1784 συλλέγοντες,
1309 1712 1646 1785 παυσώμεθά
1673 1729 1803 1764 ποτε
1827 1711 1927 1781 τῆς

247 1808 496 1879 πονηρᾶς
527 1804 735 1876 ταύτης
784 1802 1104 1874 συνηθείας,
1147 1802 1238 1856 ναὶ
1283 1800 1473 1871 δέομαι
1520 1800 1615 1852 καὶ
1663 1795 1927 1852 ἀντιϐολῶ

248 1895 473 1947 πάντων
505 1893 681 1964 ὑμῶν.
716 1892 778 1945 Εἰ
812 1890 923 1962 γὰρ
956 1892 1014 1944 ἐν
1038 1892 1104 1961 τῇ
1140 1889 1372 1959 Παλαιᾷ,
1401 1889 1488 1941 ὅτε
1514 1887 1574 1941 οὐ
1601 1886 1698 1958 τὴν
1722 1885 1927 1957 ἀκριϐῆ

247 1980 573 2048 φιλοσοφίαν
604 1977 913 2050 άπῃτοῦντο
933 1980 982 2032 οἰ
1006 1978 1271 2039 Ἰουδαῖοι,
1290 1976 1426 2029 ἀλλὰ
1455 1975 1622 2046 πολλὴ
1655 1973 1929 2045 συγκατά-

247 2069 411 2131 ϐασις
437 2063 506 2138 ἦν
525 2108 541 2131 ,
576 2066 817 2136 τοσαύτη
866 2065 1004 2137 ὀργὴ
1042 2064 1233 2134 γέγονε
1261 2065 1329 2118 δι’
1358 2066 1521 2136 ὅρκον
1548 2064 1665 2129 ἕνα,
1691 2060 1928 2132 τοσαύτη

247 2158 461 2221 ἅλωσις
489 2157 585 2211 καὶ
615 2155 1056 2228 αἰχμαλωσίαοτί
1085 2155 1232 2218 εἰκὸς
1257 2152 1660 2224 ὑποστήσεσθαι
1681 2150 1777 2205 νῦν
1805 2151 1931 2215 τοὺς

246 2244 550 2316 ὀμνύοντας
565 2245 702 2316 μετὰ
712 2245 875 2317 νόμον
895 2240 1173 2298 κωλύοντα
1188 2243 1346 2296 τοῦτο
1361 2244 1533 2295 ποιεῖν
1547 2241 1642 2295 καὶ
1659 2238 1931 2312 τοσαύτην

247 2334 485 2390 ἐντολῶν
510 2334 861 2407 προσθήκηνς
895 2333 988 2405 Μὴ
1007 2332 1118 2404 γὰρ
1140 2332 1299 2386 τοῦτό
1334 2333 1451 2385 ἐστι
1479 2331 1540 2384 :6
1567 2330 1922 2402 ζητούμενον,

246 2424 404 2487 ὅπως
421 2424 503 2486 είς
521 2421 741 2489 σύναξιν
761 2420 1008 2493 ἔλθωμεν
1022 2421 1116 2473 καὶ
1130 2418 1454 2490 ἀκούσωμεν
1471 2417 1581 2472 τῶν
1597 2417 1929 2489 λεγομένων;

247 2509 426 2563 Τοῦτο
452 2509 551 2580 μὲν
576 2504 670 2563 οὗν
689 2509 783 2562 καὶ
804 2510 980 2579 κρῖμα
1010 2506 1193 2579 μεῖζόν
1218 2507 1334 2560 ἐστι
1369 2505 1464 2560 καὶ¹
1500 2505 1724 2568 κόλασις
1745 2504 1931 2575 ἀπαρ-

246 2597 494 2668 αίτητος.
528 2597 657 2649 ὅταν
688 2594 928 2667 συνεχῶς
960 2593 1255 2657 ἀκούοντες
1295 2593 1371 2665 μὴ
1401 2591 1645 2664 ποιῶμεν
1691 2590 1759 2645 τὰ
1779 2590 1932 2661 λεγό-

252 2700 415 2752 μενα.
441 2683 578 2736 Τίνα
606 2682 716 2754 γὰρ
740 2682 938 2753 ἕξομεν
965 2682 1286 2750 ἀπολογίαν,
1329 2681 1451 2734 τίνα
1478 2680 1536 2734 δέ
1560 2679 1893 2751 συγγνώμην
1913 2718 1930 2745 ,

248 2771 387 2823 ὅταν
408 2773 475 2823 ἐκ
497 2768 723 2840 πρώτης
745 2768 963 2840 ἡλικίας
991 2769 1152 2839 ἡμεῖς
1179 2767 1340 2837 ἄχρις
1370 2767 1607 2837 ἐσχάτης
1630 2767 1821 2829 πολιᾶς
1849 2769 1934 2819 ἐν·

249 2856 433 2909 ταῦοα
460 2856 817 2925 συναγόμενοι
846 2856 942 2908 καὶ
976 2854 1245 2925 τοσαύτης
1291 2853 1657 2917 ἀπολαύοντες
1684 2853 1936 2906 διδασκα-

248 2932 401 3008 λίας,
452 2946 630 3016 ὅμοιοι
680 2945 930 3016 μένωμεν
973 2946 1224 3008 ἐκείνοις,
1279 2944 1370 2998 καὶ
1407 2944 1540 3015 μηδὲ
1569 2943 1626 2996 ἒν
1650 2945 1935 3013 ἐλάττωμα

249 3031 657 3104 διορθώσασθαι
704 3031 1127 3103 σπουδάζωμεν;
1189 3033 1278 3102 Μή
1325 3030 1414 3102 μοί
1453 3049 1535 3093 τις
1579 3030 1764 3085 λοιπόν
1813 3049 1936 3084 συν-

250 3120 452 3192 ήθειαν
486 3119 887 3191 προϐαλλέσθω·
911 3119 1001 3173 διὰ
1029 3120 1138 3191 γὰρ
1167 3119 1323 3173 τοῦτο
1344 3118 1637 3188 ἀγανακτῶ
1670 3119 1763 3171 καὶ
1788 3118 1937 3189 ὀργί-

254 3207 451 3280 ζομαι,
475 3209 557 3261 ὅτι
580 3207 870 3278 συνηθείας
899 3206 1287 3279 περιγενέσθαι
1314 3207 1376 3259 οὐ
1412 3206 1691 3276 δυνάμεθα
1709 3247 1724 3269 ,
1765 3208 1860 3259 καὶ
1888 3208 1935 3260 εἰ

255 3296 558 3368 συνηθείας
596 3296 670 3367 μὴ
708 3294 1149 3368 περιγενώμεθα,
1196 3294 1317 3357 πῶς
1348 3294 1718 3366 περιεσόμεθα
1744 3296 1934 3347 ἐπιθυ-

259 3385 425 3457 μίας;
474 3384 721 3455 Ἐκείνης
747 3385 780 3455 ἡ
815 3383 939 3453 ῥίζα
968 3382 1077 3436 ἀπὸ
1108 3383 1209 3452 τῆς
1237 3383 1451 3451 φύσεως
1476 3383 1587 3453 ἔχει
1614 3382 1714 3453 τὴν
1741 3385 1936 3453 άρχὴνο

254 3474 319 3525 :6
357 3472 461 3544 μὲν
481 3473 588 3545 γὰρ
616 3471 925 3540 ἐπιθυμεῖν,
961 3470 1210 3540 φυσικόνο
1234 3470 1293 3523 :6
1315 3470 1372 3523 δέ
1404 3469 1588 3533 κακῶς
1618 3469 1937 3540 ἐπιθυμεῖν,

255 3561 364 3632 τῆς
389 3561 767 3632 προαιρέσεως
797 3559 1006 3611 λοιπὸνσ
1042 3560 1103 3612 :6
1129 3560 1312 3629 μέντοι
1335 3558 1564 3628 ὀμνύναι
1583 3558 1701 3610 οὐδὲ
1721 3558 1819 3630 τὴν
1850 3560 1943 3629 6:9-

257 3648 366 3723 χὴν
385 3648 559 3717 ἐκτῆς
578 3645 954 3718 προαιρέσεως
968 3658 993 3686 ιι
1019 3644 1234 3719 ἐλαϐεν,
1253 3643 1366 3697 ἀλλ’
1383 3646 1448 3697 ἐκ
1461 3645 1598 3715 ῥᾳθυ
1607 3643 1731 3715 μίας
1753 3646 1938 3715 μόνης.

333 3735 453 3789 Καὶ
483 3734 573 3788 ἵνα
596 3733 796 3805 μάθῃς,
824 3733 1022 3787 ὅτιούκ
1041 3734 1105 3785 ἐκ
1125 3733 1224 3802 τῆς
1242 3732 1528 3794 δυσκολίας
1558 3731 1650 3784 τοῦ
1684 3733 1943 3802 πράγμα-

256 3839 380 3888 τος,
413 3821 550 3875 ἀλλὰ
584 3821 738 3893 παρὰ
768 3821 868 3892 τὴν
891 3820 1184 3891 ὀλιγωρίαν
1223 3820 1321 3892 τὴν
1356 3820 1635 3891 ἡμετέραν
1668 3819 1830 3891 μέχρι
1857 3838 1945 3873 το-

256 3908 460 3963 σούτον
485 3909 547 3963 :6
580 3909 885 3979 ἁμάρτημα
939 3906 1152 3980 προύϐη
1184 3908 1366 3974 τοῦτο,
1409 3909 1757 3979 ἐννοήσωμεν
1801 3908 1946 3962 πόσα

255 3996 452 4069 πολλῷ
479 3996 684 4050 τούτων
709 3994 1094 4067 δυσκολώτερα
1134 3993 1494 4067 κατορθοῦσιν
1520 3995 1824 4067 ἄνθρωποι,
1850 3996 1947 4049 καὶ

254 4083 444 4140 ταῦτα
500 4082 770 4156 μηδεμίαν
810 4082 1046 4155 ἀμοιϐὴν
1104 4083 1512 4152 προσδοκῶντες
1564 4084 1807 4137 ἐκεῖθεν·
1860 4086 1943 4137 ὲν-

256 4174 556 4244 νοήσωμεν
580 4171 703 4226 τίνα
739 4172 768 4224 6
794 4171 1040 4235 διάϐολος
1078 4172 1333 4239 ἐπέταξε,
1371 4171 1489 4236 πῶς
1526 4171 1786 4236 ἐπίπονα,
1828 4171 1945 4235 πῶς

256 4257 565 4329 ἐπίμοχθα.
590 4258 685 4311 καὶ
718 4258 818 4311 ούκ
842 4258 1060 4327 ἐγένετο
1088 4258 1317 4328 κώλυμα
1342 4260 1375 4330 ἡ
1407 4258 1662 4313 δυσκολία
1690 4261 1801 4323 τοῖς
1826 4260 1947 4312 ἐπι-

256 4347 533 4415 τάγμασι.
569 4344 634 4397 Τί
658 4345 768 4417 γάρ
800 4344 867 4399 ἂν
920 4346 1131 4414 γένοιτο
1177 4344 1603 4417 δυσκολώτερον,
1648 4346 1771 4399 εἰπέ
1828 4362 1943 4416 μοι,

257 4432 387 4488 ἀλλ’
426 4432 461 4503 ἢ
490 4432 620 4486 ὅταν
659 4449 744 4497 τις
790 4433 911 4497 νέος
957 4436 1067 4496 τοῖς
1118 4432 1462 4504 βουλομένοις
1506 4434 1946 4503 καταμαλάττειν

258 4518 431 4572 αὑτὸν
452 4518 550 4571 καὶ
577 4518 821 4588 λυγίζειν
842 4519 1009 4572 αὑτοῦ
1041 4520 1108 4573 τά
1143 4519 1279 4591 μέλη
1309 4521 1585 4592 παραδοὺς
1616 4521 1826 4584 ἐαυτὸν,
1860 4538 1949 4589 φι-

259 4606 540 4678 λονεικοίη
595 4607 732 4677 1:96;
767 4607 1056 4679 ἀκρίϐειαν
1087 4607 1283 4679 τροχοῦ
1313 4608 1472 4679 δίκην
1509 4608 1572 4661 τὸ
1614 4608 1771 4677 σῶμα
1800 4608 1946 4663 ἅπαν

262 4694 552 4765 κάμπτειν
586 4696 683 4749 καὶ
709 4695 1036 4766 στρέφεσθαι
1072 4697 1165 4748 ἐπὶ
1206 4694 1302 4748 τοῦ
1331 4694 1581 4764 ἐδάφους,
1609 4695 1705 4748 καὶ
1732 4694 1820 4748 διὰ
1839 4694 1947 4748 τῶν

260 4782 569 4853 ὀφθαλμῶν
598 4782 695 4835 καὶ
711 4781 802 4835 διὰ
818 4782 920 4852 τῆς
948 4783 1055 4836 τῶν
1083 4782 1282 4855 χειρῶν
1302 4783 1658 4854 περιαγωγῆς
1682 4781 1834 4855 [I97]
1853 4784 1949 4837 καὶ

257 4870 368 4940 τῆς
401 4869 571 4941 ἄλλης
590 4869 857 4940 δινήσεως
884 4872 965 4933 είς
984 4871 1044 4923 :6
1060 4870 1195 4942 θῆλυ
1229 4872 1385 4939 γένος
1408 4872 1637 4941 ἐκϐῆναι
1669 4871 1945 4943 βιάζηται,

260 4960 366 5014 καὶ
421 4960 563 5029 μήτε
611 4958 712 5029 τὴν
762 4958 1050 5012 δυσκολίαν
1110 4960 1220 5013 τῶν
1274 4960 1605 5029 γινομένων,
1662 4960 1800 5031 μήτε
1847 4960 1947 5032 τὴν

259 5044 537 5115 αἰσχύνην
563 5043 664 5109 τὴν
698 5043 807 5097 ἀπὸ
858 5044 1063 5096 τούτων
1109 5042 1428 5113 λογίζηταις
1460 5046 1587 5106 τοὺς
1640 5044 1697 5097 δὲ
1728 5044 1821 5096 ἐπὶ
1849 5045 1947 5115 τῆς

258 5126 584 5196 ὀρχήστρας
613 5125 775 5179 πάλιν
807 5126 1259 5197 ἐπισυρομένους,
1290 5128 1383 5179 καὶ
1439 5125 1692 5195 καθάπερ
1729 5130 1948 5199 πτεροῖς

265 5209 382 5271 τοῖς
409 5208 611 5271 κώλοις
637 5210 1014 5283 κεχρημένους
1041 5208 1134 5263 τοῦ
1164 5209 1436 5280 σώματος,
1462 5210 1546 5273 τίς
1579 5210 1678 5262 οὐκ
1707 5208 1773 5263 ἂν
1806 5210 1948 5281 ὀρῶν

260 5291 573 5361 ἐκπλαγείη
593 5310 607 5358 ;
629 5296 678 5346 οἰ
698 5294 756 5346 δὲ
789 5293 1064 5363 μαχαίρας
1091 5293 1319 5357 ἐναλλὰξ
1340 5295 1420 5356 εἰς
1441 5293 1532 5346 τὸν
1561 5294 1697 5366 ἀέρα
1730 5294 1948 5346 ἀκοντί-

259 5373 479 5440 ζοντες,
508 5377 602 5428 καὶ
630 5376 813 5439 πάσας
840 5376 951 5429 ἀπὸ
970 5376 1070 5446 τῆς
1091 5376 1267 5446 λαϐῆς
1291 5376 1572 5446 δεχόμενοι
1602 5376 1783 5441 πάλιν,
1824 5376 1946 5430 τίνα

258 5458 373 5514 οὐκ
394 5458 463 5512 ἂν
487 5458 900 5529 καταισχύνοιεν
932 5460 1040 5513 τῶν
1073 5461 1212 5532 ὑπὲρ
1245 5460 1346 5528 τῆς
1373 5461 1573 5531 ἀρετῆς
1602 5460 1789 5514 οὐδένα
1825 5459 1950 5530 βου-

260 5536 515 5610 λομένων
544 5542 906 5609 ἀναδέξασθαι
932 5543 1091 5597 πόνον
1111 5543 1177 5615 ;ἥ
1200 5544 1253 5597 τί
1280 5544 1344 5598 ἄν
1367 5561 1452 5607 τις
1481 5544 1627 5596 εἴποι
1657 5546 1783 5615 περί
1807 5546 1949 5598 ἐκεί-

336 5646 365 5676 ⁶
388 5646 564 5715 ὶιοςθί.
593 5655 650 5715 σε
666 5650 854 5715 aliquot
873 5663 991 5715 m_ss.
1030 5651 1084 5700 ἐκ
1104 5657 1187 5709 τῆς
1216 5650 1556 5715 προαιρέσεωςἱ
1576 5650 1657 5699 alii
1684 5651 1736 5715 ἐκ
1761 5656 1844 5709 τῆς
1864 5652 1950 5715 φύ-

262 5722 423 5774 «ειυς.Δ
468 5708 768 5774 lnfra_Suvi_l_‘.
793 5718 847 5760 el
884 5713 1072 5774 aliquot
1108 5708 1228 5774 mss.
1256 5708 1432 5774 ’πολλῷ
1476 5711 1656 5759 τούτων
1701 5708 1949 5760 δυσκολώ-

262 5784 386 5837 τερα
408 5770 462 5829 (ιι
489 5771 617 5833 quod
650 5771 786 5837 nobis
816 5770 1034 5837 recipc're
1066 5773 1222 5837 visum
1252 5780 1319 5824 est
1347 5770 1544 5837 pr'opter
1581 5786 1739 5837 tjocem
1770 5775 1947 5822 δυσκο-

262 5831 377 5903 λόξί
399 5831 513 5890 qua?
544 5845 693 5903 κείρω
729 5831 929 5903 (egi_lur'
948 5835 997 5903 in
1022 5835 1230 5903 promi.
1263 5851 1278 5884 ι
1312 5831 1479 5896 E'mr')
1523 5834 1644 5884 Infra
1673 5836 1818 5884 iidem
1847 5838 1946 5891 πῶς

264 5895 493 5953 crium,
517 5895 615 5949 πῶς
636 5895 864 5961 μοχθηρὰ,
890 5899 965 5947 καί
987 5899 1087 5949 οὐκ.

1217 292 1308 342 AD
1346 291 1671 347 I’OPULUM
1711 291 2211 351 ANTIOCIIENL‘M
2281 297 2507 357 IIOMIL.
2543 301 2683 358 XIX.

3584 291 3683 348 196

2021 426 2128 462 νων
2151 412 2260 464 τῶν
2294 415 2522 485 ἀνδρῶν,
2548 417 2598 470 οῖ
2633 414 2820 471 κοντὸν
2854 419 2944 471 ἐπὶ
2975 418 3066 471 τοῦ
3100 419 3348 489 μετώπου
3386 419 3686 491 βαστάζον-

2018 513 2130 559 τες,
2165 499 2416 581 καθάπερ
2447 503 2659 575 δένδρον
2704 503 3073 575 ἐρριζωμένον
3097 507 3187 559 ἐπὶ
3215 506 3313 576 τῆς
3348 508 3473 577 γῆς,
3512 507 3686 570 οὕτως

2021 582 2277 654 ἀκίνητον
2297 588 2451 659 διατη
2461 590 2644 660 ροῦσι;
2678 589 2787 644 Καὶ
2807 591 2867 644 ού
2901 590 3059 644 τοῦτο
3084 592 3242 662 μόνον
3265 594 3381 647 ἐστὶ
3400 595 3460 647 τὸ
3482 595 3688 664 θαυμα-

2022 670 2167 735 στὸν,
2199 673 2312 726 ἀλλ’
2343 675 2424 728 ὅτι
2454 678 2550 730 καὶ
2575 677 2762 731 παιδία
2801 678 2974 749 μικρὰ
3005 680 3092 730 ἐπ’
3126 680 3297 751 ἄκρου
3330 680 3423 733 τοῦ
3461 680 3618 745 ξύλου
3652 682 3680 720 δ

2024 758 2276 812 παλαίειν
2324 761 2574 832 ἀλλήλοις
2634 764 3151 835 παρασκευάζουσι,
3201 768 3296 818 καὶ
3329 765 3452 819 οὒτε
3506 769 3687 838 χεῖρες

2021 844 2144 898 οὗτε
2166 847 2291 900 ἄλλο
2316 866 2369 901 τι
2391 849 2486 903 τοῦ
2517 850 2765 922 σώματος
2794 851 2977 923 μέρος,
3002 853 3139 906 ἀλλὰ
3159 851 3220 906 :6
3244 852 3489 923 μέτωπον
3528 854 3687 923 μόνον

2021 929 2221 1002 δεσμοῦ
2261 935 2462 998 παντὸς
2510 936 2915 1007 ἀσφαλέστερον
2961 938 3118 1008 φέρει
3148 939 3239 990 τὸν
3268 938 3457 991 κοντὸν
3482 938 3688 990 ἐκεῖνον

2022 1017 2295 1074 ἄσειστον.
2325 1022 2555 1094 ’Έτερος
2588 1024 2751 1077 πάλιν
2792 1025 2884 1078 ἐπὶ⁵
2920 1026 3133 1094 σχοίνου
3181 1023 3520 1094 στενωτάτης
3553 1022 3690 1092 μετὰ

2021 1106 2290 1180 τοσαύτης
2317 1110 2503 1175 ἀδείας
2535 1110 2761 1180 βαδίζει,
2802 1112 2919 1183 μεθ’
2943 1113 3077 1183 ὅσης
3129 1114 3179 1165 οἰ
3220 1112 3290 1165 τὰ
3334 1110 3501 1163 ὕπτια
3534 1109 3693 1163 πεδία

2023 1197 2473 1267 κατατρέχοντες.
2512 1199 2651 1251 Ἀλλ’
2671 1200 2822 1270 ὅμως
2844 1199 3016 1253 ταῦτα
3047 1200 3116 1253 τὰ
3160 1200 3255 1253 καὶ
3294 1200 3415 1262 ταῖς
3461 1196 3694 1258 ἐννοίαις

2023 1278 2275 1351 ἀφόρητα
2307 1279 2446 1337 εἶναι
2479 1284 2770 1351 δοκοῦντα,
2823 1288 2888 1355 τῇ
2925 1285 3090 1356 τέχνῃ
3130 1283 3323 1353 γέγονε
3374 1282 3596 1337 δυνατά.
3629 1281 3695 1333 Τί

2020 1365 2228 1421 τούτων
2256 1368 2450 1440 ἔχομεν
2480 1373 2650 1424 εἰπεῖν
2702 1372 2794 1425 ἐπὶ
2822 1372 2928 1425 τῶν
2975 1375 3174 1442 ὅρκων,
3218 1371 3340 1424 είπέ
3374 1387 3500 1440 μοι;
3533 1367 3695 1421 ποίαν

2022 1451 2339 1523 δυσκολίαν;
2374 1462 2525 1511 ποῖον
2558 1459 2786 1530 ἱδρῶτας
2811 1460 2973 1513 ποίαν
3002 1460 3197 1530 τέχνην
3218 1476 3232 1525 ;
3256 1461 3406 1510 ποῖον
3430 1456 3694 1517 κίνδυνον;

2039 1541 2257 1615 ὐλίγης
2284 1546 2444 1616 χρεία
2474 1548 2708 1618 σπουδῆς
2746 1548 2904 1619 μόνον
2933 1550 3085 1619 ἡμῖν,
3128 1548 3223 1601 καὶ
3254 1547 3463 1616 ταχέως
3489 1544 3551 1597 τὸ
3588 1544 3696 1596 πᾶν

2025 1634 2155 1704 ἡμῖν
2181 1635 2560 1708 ἀνυσθήσεται.
2598 1639 2708 1691 Καὶ
2748 1639 2820 1709 μή
2861 1655 2950 1708 μοι
2985 1637 3131 1706 λέγε,
3168 1637 3249 1690 ὅτι
3286 1636 3347 1689 τὸ
3371 1634 3530 1687 πλέον
3565 1649 3700 1685 κατ-

2024 1720 2279 1791 ώρθωσα,
2304 1724 2415 1776 ἀλλ’
2453 1727 2501 1777 εἰ
2525 1725 2601 1795 μὴ
2629 1725 2689 1778 :6
2718 1727 2823 1778 πᾶν
2850 1723 3239 1796 κατώρθωσας.
3277 1722 3443 1792 μηδὲν
3472 1720 3699 1791 μηδέπω

2029 1812 2385 1882 πεποιηκέναι
2411 1813 2619 1885 νόμιζε·
2651 1814 2712 1867 τὸ
2744 1814 2851 1885 γάρ
2897 1814 3080 1881 ὀλίγον
3111 1811 3274 1866 τοῦτο
3307 1809 3577 1881 ἀμεληθὲν
3603 1808 3701 1862 καὶ

2027 1900 2087 1953 :6
2115 1900 2300 1954 λοιπὸν
2323 1901 2469 1956 ἃπαν
2503 1903 2775 1973 καθαιρεῖ.
2821 1902 3090 1966 Πολλάκις
3123 1900 3256 1970 γοῦν
3278 1899 3457 1962 οἰκίας
3493 1896 3701 1951 οἰκοδο-

2032 1990 2306 2058 μήσαντες
2345 1989 2641 2060 ἄνθρωποι,
2706 1992 2801 2044 καὶ
2852 1990 2945 2044 τὸν
2990 1991 3186 2063 ὄροφον
3224 1987 3532 2050 ἐπιθέντες,
3573 1986 3704 2055 μιᾶς

2029 2076 2322 2146 κεραμίδος
2353 2077 2840 2148 ἁποτιναχθείσης,
2898 2078 2973 2148 μὴ
3025 2076 3386 2147 ποιησάμενοι
3430 2071 3702 2142 σπουδὴν,

2030 2162 2323 2234 ὁλόκληρον
2361 2163 2452 2216 τὸν
2489 2159 2635 2217 οἶκον
2665 2164 2978 2218 ἀπώλεσαν.
3025 2165 3137 2217 Καὶ
3179 2164 3271 2217 ἐπὶ
3302 2161 3535 2234 ἱματίων
3556 2161 3613 2213 δὲ
3643 2157 3705 2212 :6

2030 2251 2161 2304 αὐτὸ
2180 2250 2338 2304 τοῦτο
2372 2250 2667 2321 συμϐαῖνον
2703 2251 2801 2304 ἴδοι
2833 2268 2918 2316 τις
2960 2251 3046 2304 ἄν’
3079 2253 3175 2303 καὶ
3211 2249 3320 2319 γὰρ
3344 2248 3441 2301 καὶ
3468 2247 3588 2299 ἐκεῖ
3617 2262 3707 2315 μι-

2031 2338 2163 2411 κρὸν
2191 2338 2377 2410 ῥῆγμα
2397 2339 2689 2410 γενόμενον
2719 2339 2814 2392 καὶ
2864 2339 2940 2410 μὴ
2977 2336 3179 2408 ραφέν,
3217 2335 3353 2388 πολὺ
3397 2333 3458 2386 :6
3497 2332 3705 2402 σχίσμα

2032 2425 2275 2496 ἐποίησε.
2310 2423 2483 2479 Τοῦτο
2513 2426 2607 2478 καὶ
2638 2424 2732 2478 ἐπὶ
2773 2424 2883 2477 τῶν
2914 2423 3231 2495 χειμάρρων
3263 2419 3553 2492 συμϐαίνει
3576 2415 3708 2470 πολ-

2032 2513 2211 2577 λάκις⁶
2236 2511 2466 2583 καὶγὰρ
2514 2513 2713 2565 ἐκεῖνοι
2761 2513 2965 2584 μικρᾶς
3019 2510 3085 2564 ἂν
3143 2508 3510 2563 ἐπιλάϐωνται
3545 2505 3707 2576 μόνον

2034 2601 2262 2664 εἰσόδου,
2294 2600 2590 2672 ὀλόκληρον
2620 2599 2683 2653 :6
2729 2599 2907 2672 ῥεῦμα
2941 2600 3244 2668 εἰσάγουσι.
3279 2596 3386 2651 Καὶ
3422 2597 3486 2649 σὺ
3523 2593 3705 2648 τοίνυν

2034 2692 2084 2744 εἰ
2117 2690 2211 2744 καὶ
2231 2687 2499 2743 πάντοθεν
2527 2687 2724 2741 σαυτὸν
2749 2687 3045 2757 ἐτείχισας,
3067 2685 3262 2758 μικρὸν
3278 2684 3336 2738 δέ
3358 2681 3708 2737 ὑπολείπεται

2041 2779 2203 2850 μέρος
2222 2777 2430 2843 λοιπὸν,
2444 2777 2711 2831 καὶτοῦτο
2731 2775 3045 2848 ἀπόφραξον
3067 2773 3144 2845 τῷ
3172 2772 3426 2844 διαϐόλῳ,
3448 2772 3535 2824 ἴνα
3557 2773 3711 2839 ἐστη-

2040 2866 2296 2939 ριγμένος
2329 2862 2395 2936 ᾗς
2422 2864 2708 2918 πάντοθεν.
2751 2861 2903 2927 Εἶδες
2942 2863 3039 2934 τὴν
3082 2862 3395 2933 δρεπάνην;
3435 2855 3576 2921 εἶδες
3611 2856 3710 2927 τῆν

2037 2953 2278 3023 κεφαλὴν
2318 2954 2596 3019 ἰωάννους
2631 2952 2872 3023 ἤκουσας
2910 2952 3010 3021 τῆς
3046 2950 3288 3019 ἱστορίας
3316 2947 3415 3017 τῆς
3445 2946 3584 2999 κατὰ
3621 2944 3711 2996 τὸν

2037 3040 2244 3105 Σαούλ;
2285 3041 2525 3111 ῆκουσας
2572 3041 2670 3108 τῆς
2713 3037 3092 3109 αἰχμαλωσίας
3140 3039 3240 3107 τῆς
3287 3034 3583 3103 Ἰουδαϊκῆς
3620 3034 3712 3084 τὸν

2038 3127 2268 3198 τρόπον;
2296 3125 2433 3197 μετὰ
2454 3125 2510 3178 δὲ
2530 3124 2736 3178 τούτων
2756 3124 2974 3177 πάντων
2993 3124 3234 3194 ἤκουσας
3256 3122 3356 3191 τῆς
3383 3121 3713 3190 ἀποφάσεως

2038 3213 2132 3266 τοῦ
2164 3212 2403 3284 Χριστοῦ
2423 3211 2709 3284 λεγούσης,
2738 3213 2821 3264 ὅτι
2851 3212 2911 3264 ού
2952 3211 3014 3264 τὸ
3054 3212 3332 3282 ἐπιορκεῖν
3364 3208 3544 3279 μόνον,
3580 3205 3715 3259 ἀλλὰ

2040 3302 2135 3355 καὶ
2168 3301 2228 3353 :6
2264 3299 2485 3371 ὀμνύειν
2534 3299 2784 3353 ὁπωσοῦν
2815 3299 3119 3352 διαϐολικόν
3171 3299 3306 3359 ἐστι,
3344 3298 3439 3349 καὶ
3465 3295 3585 3347 ὅλον
3620 3290 3714 3347 τοῦ

2043 3388 2284 3461 πονηροῦ
2315 3390 2377 3442 τὸ
2424 3388 2897 3458 κατασκεύασμα;
2940 3385 3144 3456 ἔμαθες
3177 3387 3260 3438 ὅτι
3298 3380 3580 3452 πανταχοῦ
3605 3382 3718 3442 τοῖς

2042 3478 2226 3546 ὅρκοις
2258 3476 2481 3528 ἕπονται
2509 3474 2817 3545 ἐπιορκίαι;
2860 3472 3046 3525 Ταῦτα
3076 3472 3139 3543 δὴ
3185 3470 3364 3524 πάντα
3393 3464 3719 3535 συναγαγὼν

2044 3561 2319 3632 ἔγγραψον
2358 3565 2422 3631 τῇ
2466 3562 2673 3631 διανοίᾳ
2705 3580 2819 3614 σου.
2872 3561 2984 3630 Οὐχ
3014 3561 3164 3630 ὁρᾷς,
3199 3557 3316 3621 πῶς
3358 3557 3415 3609 αἱ
3462 3557 3721 3625 γυναῖκες

2045 3650 2139 3701 καὶ
2189 3648 2258 3700 τὰ
2305 3646 2478 3719 μικρὰ
2537 3648 2724 3701 παιδία
2772 3648 2894 3701 ἀντὶ
2952 3645 3201 3716 φυλακῆς
3254 3643 3497 3715 μεγάλης
3538 3640 3716 3705 Εὐαγ-

2046 3737 2202 3807 γέλια
2232 3736 2499 3808 ἐξαρτῶσι
2541 3737 2635 3788 τοῦ
2666 3736 2937 3806 τραχήλου
2962 3773 2977 3797 ,
3027 3734 3120 3787 καὶ
3166 3730 3447 3801 πανταχοῦ
3494 3729 3723 3801 περιφέ-

2049 3845 2268 3900 ρουσιν,
2320 3828 2565 3898 ὅπουπερ
2608 3826 2674 3881 ἂν
2724 3826 2996 3893 ἀπίωσιν;
3057 3824 3129 3876 Σὺ
3178 3822 3247 3876 τὰ
3285 3819 3722 3891 παραγγέλματα
3788 3808 3797 3819 ’

2043 3915 2138 3967 τοῦ
2176 3926 2197 3953 ο
2253 3914 2587 3983 Εὐαγγελίου
2639 3914 2733 3967 καὶ
2785 3912 2913 3976 τοὺς
2958 3911 3157 3981 νόμους
3200 3907 3478 3980 έγγραψόν
3531 3923 3624 3960 σου
3653 3907 3725 3979 τῇ

2042 4001 2272 4071 διανοίᾳ.
2299 4001 2375 4055 Ού
2409 4000 2569 4072 χρεία
2594 4000 2820 4073 χρυσίου
2857 3999 2950 4053 καὶ
2979 3997 3276 4069 κτημάτων
3307 3991 3566 4056 ἐνταῦθα,
3593 3990 3723 4049 οὔτε

2050 4088 2251 4159 βιϐλίον
2278 4088 2565 4161 πρίασθαι,
2595 4087 2969 4160 προαιρέσεως
2993 4086 3050 4139 δὲ
3085 4085 3253 4156 μόνης
3292 4083 3388 4136 καὶ
3419 4079 3719 4141 διαθέσεως

2047 4178 2228 4249 ψυχῆς
2261 4175 2713 4248 διεγηγερμένης,
2741 4175 2836 4227 καὶ
2863 4173 3267 4243 ἀσφαλέστερον
3287 4170 3430 4234 ἕξεις
3453 4168 3515 4221 :6
3540 4167 3723 4234 Εὐαγ-

2048 4266 2250 4336 γέλιον,
2284 4263 2564 4337 [1981ούκ
2608 4262 2810 4330 ἔξωθεν
2855 4261 3193 4334 περιφέρων,
3241 4258 3356 4313 ἀλλ’
3394 4256 3542 4310 ἐνδον
3592 4253 3732 4312 αὐτὰ

2049 4357 2161 4418 τοῖς
2204 4354 2303 4425 τῆς
2361 4353 2541 4423 ψυχῆς
2579 4351 2973 4423 άποτιθέμενος
3025 4348 3292 4420 ταμείοις.
3344 4345 3729 4414 Ἀνιστάμενος

2048 4443 2226 4496 τοίνυν
2269 4441 2378 4496 ἀπὸ
2424 4440 2526 4511 τῆς
2582 4439 2794 4508 κλίνης,
2841 4439 2937 4493 καὶ
2969 4437 3068 4509 τὴν
3106 4435 3285 4490 οἰκίαν
3325 4432 3593 4488 ἐκϐαίνων
3627 4428 3731 4498 τὴν

2050 4529 2299 4591 σεαυτοῦ,
2328 4530 2421 4582 τὸν
2449 4528 2612 4598 νόμον
2633 4528 2850 4595 ἐπίλεγέ
2882 4526 3093 4591 τοῦτον,
3124 4524 3265 4595 Ἐ
3292 4521 3361 4576 δὲ
3386 4519 3541 4590 λέγω
3562 4516 3725 4586 ὑμῖν,

2045 4618 2130 4688 μὴ
2172 4618 2391 4687 ὀμόσαι
2426 4616 2603 4679 ὅλως,
2634 4616 2728 4668 καὶ
2756 4615 2911 4669 ἔσται
2952 4632 3034 4667 σοι
3077 4609 3395 4667 διδασκαλία
3438 4609 3499 4661 :6
3541 4608 3726 4678 ῥῆμαι

2046 4705 2170 4759 οὐδὲ
2201 4704 2310 4774 γὰρ
2337 4701 2533 4757 πολλοῦ
2565 4702 2648 4755 δεῖ
2669 4702 2854 4767 πόνου,
2888 4702 3024 4756 ἀλλὰ
3066 4701 3269 4772 μικρᾶς
3302 4694 3577 4769 προσοχῆς
3616 4692 3714 4763 p.6—

2047 4812 2158 4849 νον.
2189 4792 2293 4846 Καὶ
2333 4793 2414 4846 ὃτι
2448 4791 2609 4844 τοῦτό
2644 4792 2792 4844 ἐστιν
2831 4790 3051 4863 ἀληθὲς,
3082 4786 3305 4858 εὔδηλον
3339 4783 3550 4837 ἐκεῖθεν
3572 4798 3586 4812 ’
3623 4781 3729 4833 Τὸν

2049 4883 2164 4938 υἱόν
2195 4899 2287 4935 σου
2318 4879 2557 4943 καλέσας
2588 4880 2847 4950 φόϐησον,
2885 4879 2980 4932 καὶ
3012 4877 3306 4946 άπείλησον
3349 4870 3496 4941 αὐτῷ
3533 4868 3723 4939 ἐπιθής

2050 4988 2164 5024 σειν
2192 4969 2406 5040 πληγὰς
2440 4968 2650 5037 ὀλίγας,
2685 4969 2733 5020 εί
2775 4968 2852 5041 μὴ
2882 4963 3251 5036 κατορθώσειε
3289 4960 3382 5013 τὸν
3415 4959 3579 5029 νόμον
3606 4957 3728 5009 τοῦς

2047 5076 2161 5123 τον,
2199 5060 2295 5112 καὶ
2335 5058 2456 5127 ὄψει
2495 5057 2572 5119 ὼς
2610 5056 2815 5119 εὐθέως
2850 5057 3219 5124 ἀποστήσεται
3263 5048 3364 5119 τῆς
3411 5046 3725 5119 συνηθείας.

2053 5148 2177 5210 Πῶς
2205 5142 2297 5201 οὖν
2326 5147 2427 5200 ούκ
2460 5145 2682 5207 ἄτοπον,
2712 5146 2763 5196 εί
2805 5142 2874 5197 τὰ
2920 5140 3019 5211 μὲν
3059 5138 3231 5210 μικρὰ
3261 5134 3450 5190 παιδία
3473 5134 3565 5188 τὸν
3598 5138 3727 5207 παρ’

2048 5234 2207 5306 ἡμῶν
2236 5233 2513 5287 δεδοικότα
2560 5231 2727 5299 φόϐον
2766 5228 3104 5301 περιγένοιτο
3154 5226 3255 5296 τῆς
3303 5222 3545 5294 ἐντολῆς,
3571 5224 3730 5294 ἡμεῖς

2046 5323 2103 5376 δὲ
2133 5321 2268 5393 μηδέ
2302 5320 2444 5374 ούτω
2468 5319 2789 5388 φοϐούμεθα
2822 5316 2914 5371 τὸν
2945 5314 3098 5379 Θεὸν,
3131 5314 3206 5377 ὡς
3232 5314 3381 5385 ἡμᾶς
3405 5314 3454 5366 οἱ
3495 5312 3602 5365 υἱοὶ
3641 5311 3729 5364 δε-

2049 5411 2329 5474 δοίκασιν;
2361 5410 2539 5477 Ὅπερ
2586 5404 2684 5462 οὖν
2731 5407 2827 5459 καὶ
2870 5402 3062 5475 πρώην
3112 5397 3290 5464 εἷπον,
3321 5400 3482 5456 τοῦτο
3507 5400 3603 5453 καλ⁸
3634 5399 3729 5453 νῦν

2048 5498 2214 5567 λέγω.
2252 5497 2435 5567 Νόμον
2460 5496 2670 5558 ἐαυτοῖς
2705 5493 2909 5564 θῶμεν,
2941 5492 3015 5563 μὴ
3041 5490 3308 5561 πρότερον
3334 5489 3408 5561 μὴ
3432 5486 3725 5558 δημοσίων,

2058 5587 2134 5659 μὴ
2176 5584 2463 5640 ἰδιωτικῶν
2492 5581 2742 5653 ἅψασθαι
2789 5581 3154 5651 πραγμάτων,
3190 5579 3295 5641 ἓως
3334 5577 3401 5632 ἂν
3431 5576 3617 5629 τοῦτον
3638 5576 3731 5626 ἐκ·

2118 5717 2148 5757 ι)
2168 5718 2265 5767 Alii
2288 5715 2453 5765 παιδία
2476 5722 2627 5780 μικρὰ
2651 5715 2699 5764 ἐν
2722 5715 2854 5779 μέσῳ
2876 5711 2964 5763 τοῦ
2982 5713 3135 5770 ξύλου.
3157 5710 3313 5761 Paulo
3336 5713 3448 5772 post
3468 5709 3615 5756 iidem
3628 5707 3730 5756 σώ-

2053 5797 2201 5890 μαέοιξ
2387 5853 2501 5889 mss.
2529 5848 2594 5893 σ⁴υ
2616 5838 2939 5902 τάγρσίμματα
2962 5833 3200 5902 τοῦηὶίοκ
3223 5831 3314 5902 31ἰὶ
3342 5832 3434 5902 τῶν
3455 5829 3724 5887 κτημάτων,

2055 5903 2135 5955 alii
2157 5906 2249 5951 τῶν
2269 5894 2549 5966 χρημάτων.
2585 5894 3204 5962 Ηιὶιίὲιίηάίίἰπροαιρέσεως
3220 5894 3289 5941 δεῖ
3315 5894 3469 5953 χιό-νος,
3509 5902 3599 5936 (Ἴος
