4020 6216
391 244 495 300 197

389 359 535 426 prius
560 356 764 427 privata
795 364 1021 410 tractare
1047 358 1252 427 negotia
1278 400 1294 425 ,
1324 359 1495 413 donec
1518 362 1652 416 hanc
1679 362 1845 431 legem
1876 367 1980 417 im-

388 449 650 515 pleamus,
676 455 733 500 et
756 446 973 500 omnino
1000 448 1317 503 necessitate
1341 451 1620 519 compulsi,
1648 453 1795 507 facile
1820 467 1977 521 supe-

390 536 665 601 rabimus,
697 545 751 590 et
775 537 1083 591 ornabimus
1124 552 1221 591 nos
1259 539 1401 607 ipsos
1426 580 1441 604 ,
1471 541 1779 596 ornabimns
1803 552 1978 599 autem

387 637 439 682 et
465 644 678 682 omnem
703 629 992 683 civitatem.
1019 629 1200 699 Cogita
1229 647 1457 701 namque
1478 634 1635 702 quale
1655 643 1755 700 est,
1783 635 1978 705 ubique

391 732 656 775 terrarum
690 720 804 775 haec
827 722 1011 777 audire
1030 764 1045 787 ,
1082 722 1374 778 Antiochiae
1401 726 1742 793 prtevaluisse
1771 743 1978 784 morem

384 809 701 865 Christianis
741 822 1119 880 congruentem
1157 830 1172 867 :
1221 822 1275 868 et
1318 814 1387 868 ibi
1442 817 1711 871 neminem
1771 817 1975 887 audies,

391 899 515 953 licet
541 900 773 955 maxima
799 902 1089 956 necessitas
1110 904 1270 958 instet
1293 947 1308 971 ,
1334 906 1691 973 juramentum
1713 909 1975 964 emittere.

388 991 615 1046 Prorsus
659 992 775 1047 hare
801 993 1017 1049 audient
1057 989 1242 1049 vicime
1283 997 1559 1052 civitates:
1594 1000 1830 1069 quinimo
1873 1018 1976 1056 non

389 1093 592 1138 tantum
620 1084 809 1139 vicitue
833 1087 1095 1151 civitates,
1126 1103 1307 1142 verum
1334 1098 1386 1142 et
1408 1091 1472 1143 ad
1501 1092 1644 1161 ipsos
1672 1102 1825 1146 terrre
1844 1094 1978 1149 ﬁnes

386 1176 607 1231 verbum
637 1178 911 1247 perveniet
953 1179 1194 1234 :etenim
1230 1183 1522 1238 verisimile
1565 1194 1646 1239 est
1688 1186 1836 1240 vobis
1881 1188 1976 1240 ad-

388 1269 581 1322 mixtos
622 1278 975 1336 mercatores,
1009 1280 1063 1325 et
1104 1271 1227 1326 hinc
1252 1273 1359 1326 alio
1397 1274 1827 1342 proﬁciscentes,
1859 1278 1977 1331 aliis
2020 1312 2025 1315 Α

387 1373 601 1428 quoque
633 1358 747 1414 luce
775 1361 952 1414 omnia
979 1363 1313 1417 nuntiaturos
1339 1378 1476 1418 esse.
1504 1364 1634 1420 Cum
1666 1366 1822 1436 igitur
1848 1368 1977 1421 alias

389 1449 631 1506 civitates
650 1451 927 1507 laudantes
948 1453 1120 1521 multi,
1150 1465 1334 1524 portus
1362 1467 1675 1522 memorant,
1702 1468 1753 1511 et
1781 1460 1972 1526 forum,

388 1548 441 1595 et
469 1542 733 1597 venalium
766 1544 1004 1612 copiam,
1038 1544 1162 1599 hinc
1204 1547 1659 1614 proﬁciscentibus
1694 1548 1974 1602 dicendum

393 1632 623 1691 tradite.
677 1632 818 1701 quod
865 1642 947 1688 est
991 1635 1326 1701 Antiochiae,
1380 1637 1430 1690 id
1483 1638 1534 1691 in
1587 1639 1706 1691 aliis
1761 1640 1977 1702 urbibus

390 1738 647 1792 nusquam
686 1739 906 1780 cernere
944 1726 1104 1780 licere
1138 1746 1151 1782 ι
1198 1730 1415 1783 mallent
1453 1731 1595 1783 enim
1640 1731 1785 1784 urbis
1833 1731 1977 1786 illius

389 1812 714 1871 habitatores
742 1817 888 1885 prius
913 1817 1144 1887 linguam
1172 1820 1429 1886 abscindi,
1450 1837 1683 1891 quamex
1711 1838 1804 1877 ore
1825 1822 1977 1892 jura-

1224 243 1318 298 AD
1356 244 1674 302 POPUI.U.\i
1714 246 2199 307 ANTIOCllENUM
2264 249 2487 309 HOMIL.
2531 255 2648 309 XX.

3568 270 3672 324 198

2088 376 2323 422 mentum
2353 370 2617 426 emittere.
2644 372 2753 426 lloc
2771 375 2982 443 quidem
3007 377 3156 434 vobis
3176 378 3667 440 eritornamentum

2086 463 2140 508 et
2184 460 2497 525 nntuimen;
2539 475 2638 515 nec
2678 461 2728 515 id
2778 471 2998 529 tantum,
3033 484 3217 524 verum
3260 481 3312 523 et
3364 475 3666 529 mercedem

2087 545 2272 601 aﬁ'cret
2301 565 2543 620 magnam
2573 552 2590 583 ι
2618 570 2633 604 :
2660 553 2855 607 etenim
2886 571 3072 611 omnes
3119 574 3214 614 vos
3252 560 3339 614 alii
3366 564 3663 619 mmulaturi

2086 646 2211 692 sunt
2245 649 2402 709 atque
2439 640 2712 696 imitaturi.
2758 644 2813 699 Si
2860 646 2978 715 quis
3023 648 3162 703 enim
3207 667 3365 706 unum
3406 657 3486 709 vel
3533 656 3669 712 duos

2086 728 2338 793 lucratus,
2390 746 2419 785 a
2465 732 2575 785 Deo
2622 734 2883 790 mercedis
2925 746 3125 791 tantum
3181 742 3395 810 capiet:
3450 760 3665 801 omnem

2092 821 2346 875 mundum
2379 825 2682 880 erudientes
2704 869 2719 893 ,
2749 838 2970 898 quantas
3000 832 3220 901 capietis
3249 835 3669 896 retributiones?

2084 909 2306 979 Oportet
2350 913 2509 982 igitur
2554 917 2768 973 studere
2815 928 2869 973 et
2909 920 3127 989 vigilare
3173 933 3226 978 ct
3270 928 3476 983 sobrios
3521 946 3662 997 esse,

2083 1001 2310 1056 scientes
2341 1019 2444 1057 non
2490 1008 2819 1077 propriorum
2861 1019 3061 1066 tantum
3109 1016 3663 1086 profectuum,verum

2082 1100 2138 1145 et
2159 1092 2452 1149 alienorum
2481 1098 2764 1153 maximam
2796 1105 3105 1157 meritorum
3138 1108 3538 1165 retributionem
3578 1127 3668 1166 ac-

2083 1193 2330 1251 cepturos
2356 1203 2454 1240 nos
2482 1203 2621 1252 ease,
2650 1199 2703 1243 et
2732 1192 2950 1246 multam
2978 1196 3115 1263 apud
3146 1197 3310 1252 Deum
3343 1201 3664 1256 benevolen-

2084 1274 2210 1326 tiam
2233 1288 2627 1346 assequnturos.
2651 1280 2817 1346 Quam
2842 1284 2993 1336 nobis
3011 1286 3255 1342 omnibus
3277 1289 3327 1341 itt
3352 1301 3663 1360 perpetuum

2082 1367 2286 1436 adeptis
2325 1369 2480 1424 detur
2522 1371 2621 1425 frui
2663 1389 2825 1442 regno
2867 1376 3116 1430 cmlorntn
3141 1420 3155 1442 ,
3185 1379 3237 1432 in
3274 1380 3486 1435 Christo
3537 1383 3662 1438 Jesu

2082 1457 2306 1512 Domino
2334 1469 2516 1515 nostro
2535 1504 2549 1526 ,
2579 1463 2664 1517 cui
2693 1465 2856 1533 gloria
2888 1475 2942 1520 et
2971 1468 3246 1536 imperium
3277 1485 3395 1525 cum
3428 1473 3584 1528 Patre
3611 1484 3667 1528 et

2082 1558 2266 1602 sancto
2292 1550 2509 1620 Spiritu,
2544 1569 2683 1608 nunc
2717 1566 2766 1609 et
2792 1570 3004 1626 semper
3024 1600 3038 1623 ,
3065 1569 3119 1614 et
3143 1560 3194 1614 itt
3220 1564 3411 1617 smcula
3439 1565 3664 1621 sarculu-

2081 1656 2219 1694 rum.
2246 1644 2436 1698 Amen.

2147 1775 2163 1805 ι
2200 1781 2301 1847 Hoc
2329 1774 2454 1824 vobis
2485 1789 2579 1847 nou
2593 1780 2749 1828 solum
2771 1776 2864 1828 erit
2884 1787 3212 1833 ornamentum
3228 1790 3273 1835 et
3296 1784 3556 1847 munimen,
3584 1801 3658 1839 ισθ-

2081 1847 2192 1883 rum
2215 1836 2358 1885 etiam
2378 1839 2671 1903 mercedem,
2696 1848 2805 1895 etc.

2175 1957 2351 1971 *-

2357 1959 2610 1972 ~—_—

396 2035 567 2088 QUOD
609 2035 762 2079 SOLO
832 2037 1381 2090 QUADRAGESIMALI
1450 2042 1711 2086 JEJUNIO
1779 2044 1905 2088 NON
1948 2046 2119 2088 SATIS
2167 2048 2610 2093 PREPAREMUR
2651 2055 2737 2095 AD
2779 2055 3273 2115 COMMUNIONEM,
3331 2061 3446 2105 SE!)
3507 2065 3665 2110 OPUS

468 2134 564 2176 SIT
606 2135 789 2178 ANIMI
831 2136 1153 2193 VIBTUTE;
1200 2140 1280 2180 ET
1321 2139 1429 2192 QUI
1472 2142 1644 2183 FIERI
1699 2142 1931 2197 POSSII',
1970 2144 2056 2186 UT
2099 2145 2489 2191 INJURIARUM
2534 2151 2875 2195 MEMORIAM
2922 2156 3318 2213 DEPONAMUS,
3364 2161 3662 2215 QUODQUE

475 2235 634 2278 DEUS
679 2236 875 2279 HUJUS
917 2236 1091 2279 LEGIS

474 2338 672 2380 ΕΤῙΔΜ
714 2338 879 2380 ANTE
920 2338 1273 2381 GEHENNAM
1315 2340 1586 2383 CRUCIET

1151 2238 1423 2281 MAGNAM
1481 2241 1735 2283 ΗΔΒΕΔΤ
1794 2241 2121 2285 ΕΔΤΙΟΝΕΜ
2168 2246 2183 2284 2

2233 2246 2311 2287 ΕΤ
2353 2247 2522 2298 QUOD
2573 2250 2963 2294 INJURIARUM
3026 2255 3324 2300 MEMORIA
3385 2260 3663 2307 BOMINES

1631 2343 1647 2382 ἓ
1692 2341 2021 2385 POSTREMO
2062 2344 2145 2385 DE
2190 2345 2480 2391 VITANDIS
2529 2349 2940 2407 JURAMENTIS,
2974 2355 3054 2397 ET
3096 2356 3181 2398 DE
3224 2357 3325 2407 IIS.
3358 2359 3465 2412 ρυι
3491 2362 3664 2405 NON-

472 2439 609 2483 DUM
651 2439 724 2483 SE
767 2439 870 2481 ΙΤΔ
915 2438 1387 2496 CORREXERINT,
1432 2441 1516 2483 UT
1558 2440 1681 2484 NON
1723 2442 1994 2485 AMPLIUS
2044 2443 2309 2486 JURENT.

1910 2583 2170 2633 809638,

950 2712 1167 2753 BOIIILIA
1204 2714 1293 2753 xx.
1307 2697 1407 2770 (a).

463 2791 515 2845 I.
556 2788 637 2844 Ad
663 2788 828 2844 ﬁnem
846 2788 1037 2859 jejunii
1056 2790 1165 2859 jam
1194 2800 1402 2860 tempus
1427 2789 1747 2861 deproperat
1770 2808 1784 2844 :
1807 2805 1975 2861 quare

388 2892 444 2938 et
468 2897 569 2937 nos
592 2881 781 2951 majori
808 2881 985 2937 studio
1004 2882 1191 2937 virtuti
1216 2898 1434 2953 operam
1460 2882 1649 2939 demus
1676 2885 1727 2950 ¹;
1751 2892 1810 2938 ut
1829 2885 1971 2939 enim

388 2972 727 3028 currentibus
766 2972 934 3027 multa
976 2972 1145 3027 stadia
1186 2974 1421 3029 emensis
1469 2973 1601 3029 nihil
1647 2973 1804 3041 lucri,
1848 2973 1896 3029 si
1942 2990 1971 3029 a

389 3062 613 3133 praemio
641 3061 889 3118 excidant
919 3082 934 3117 :
979 3063 1048 3117 ita
1077 3062 1206 3117 nihil
1235 3063 1389 3118 nobis
1414 3063 1545 3118 lucri
1570 3062 1673 3119 erit
1699 3080 1763 3117 ex
1796 3065 1975 3118 multis

390 3152 664 3208 laboribus
702 3160 757 3207 et
796 3152 1082 3208 sudoribus
1119 3151 1325 3221 jejunio
1360 3153 1662 3223 insumptis,
1705 3152 1804 3207 nisi
1851 3168 1970 3208 cum

391 3257 523 3311 pura
545 3241 873 3306 conscientia
918 3257 1067 3296 sacra
1098 3258 1281 3297 mensa
1312 3242 1412 3296 frui
1440 3245 1721 3312 possimus.
1754 3242 1834 3298 0b
1874 3243 1974 3298 hoc

390 3332 533 3386 enim
557 3330 814 3401 jejunium
831 3330 1303 3402 etQuadragesima
1326 3341 1382 3387 et
1402 3341 1479 3387 tot
1496 3333 1698 3388 dierum
1722 3348 1970 3405 synaxes,

390 3420 707 3488 auditiones,
739 3437 924 3491 preces
951 3432 1006 3477 et
1027 3422 1285 3476 doctrinae
1313 3433 1579 3491 susceptae
1608 3433 1751 3490 sunt,
1772 3433 1828 3478 ut
1848 3425 1967 3477 abs-

391 3510 553 3566 tersis
590 3510 881 3567 sceleribus
915 3525 1013 3580 per
1035 3511 1328 3565 istiusmodi
1354 3513 1580 3566 studium
1608 3515 1662 3579 ³,
1684 3529 1800 3582 quae
1823 3515 1974 3568 nobis

393 3602 497 3656 hoc
538 3616 680 3656 anno
708 3616 1043 3672 quocumque
1072 3602 1230 3656 modo
1283 3602 1426 3657 allita
1463 3604 1820 3667 inhteserunt,
1851 3620 1971 3658 cum

391 3691 656 3761 spirituali
700 3691 891 3745 ﬁducia
930 3692 1071 3745 illius
1115 3693 1371 3746 incruenti
1417 3694 1658 3748 sacriﬁcii
1688 3694 1976 3762 participes

393 3781 751 3837 efﬁceremur.
780 3782 912 3847 Quia
939 3782 1038 3835 nisi
1063 3780 1115 3834 id
1141 3796 1505 3850 assequamur,
1535 3792 1733 3837 temere
1759 3783 1977 3838 frustm-

392 3887 498 3941 que
540 3880 740 3927 etcum
770 3872 913 3925 nulla
939 3872 1161 3924 utilitate
1192 3872 1324 3925 tanti
1358 3871 1568 3927 labores
1599 3873 1804 3927 tolerati
1831 3884 1972 3928 sunt.

393 3962 631 4033 Quisque
664 3962 823 4032 igitur
858 3976 1040 4016 secum
1079 3970 1309 4030 reputet,
1353 3977 1508 4032 quem
1553 3963 1815 4018 defectum
1855 3979 1977 4018 cor-

394 4054 537 4108 rexit
556 4093 573 4115 .
605 4067 763 4122 quam
790 4051 1037 4105 virtutem
1067 4052 1379 4119 acquisivit,
1411 4052 1550 4120 quod
1579 4062 1851 4120 peccatum
1882 4053 1977 4108 de-

391 4143 608 4213 posuit,
657 4157 814 4212 quem
850 4157 1060 4196 ncevum
1100 4142 1263 4207 eluit,
1314 4142 1605 4197 secundum
1635 4143 1761 4212 quid
1795 4145 1983 4199 melior

392 4234 570 4288 factus
591 4234 664 4288 sit
686 4251 699 4287 :
728 4234 867 4305 quod
891 4234 934 4288 si
958 4235 1217 4288 invenerit
1243 4233 1486 4303 pulchras
1508 4234 1632 4288 istas
1654 4251 1858 4291 merces
1882 4238 1979 4291 sibi

388 4342 459 4380 ex
488 4324 688 4394 jejunio
726 4325 976 4380 adauctas
1003 4341 1142 4388 esse,
1181 4333 1463 4394 certusque
1504 4326 1574 4379 sit
1618 4327 1894 4394 plurimam
1921 4343 1980 4382 se

390 4417 708 4471 vulneribus
732 4416 1040 4472 adhibuisse
1064 4432 1278 4483 curam,
1306 4417 1544 4472 accedat.
1575 4418 1726 4482 Quod
1754 4420 1797 4472 si
1827 4420 1982 4475 isthic

391 4508 692 4579 negligens,
714 4509 884 4564 solum
901 4509 1159 4578 jejunium
1176 4518 1440 4564 ostentare
1457 4512 1669 4579 poterit,
1683 4526 1781 4566 nec
1798 4511 1982 4565 inullis

391 4603 519 4656 aliis
544 4601 702 4657 rebus
740 4616 800 4655 se
839 4602 1227 4670 castigatiorem
1275 4600 1469 4655 factum
1514 4601 1737 4669 probare
1766 4605 1980 4671 poterit,

394 4693 531 4748 toris
550 4702 779 4757 maneat,
801 4708 865 4748 ac
886 4703 994 4747 tum
1018 4694 1262 4758 introeat,
1285 4708 1404 4746 cum
1431 4708 1489 4747 se
1508 4694 1573 4746 ab
1597 4695 1843 4751 omnibus
1865 4708 1992 4763 pec-

400 4784 543 4837 catis
564 4785 887 4854 expurgaril.
921 4782 1145 4854 (Nullus
1175 4784 1224 4836 in
1254 4784 1368 4837 solo
1390 4783 1591 4852 jejunio
1620 4783 1862 4839 ﬁduciam
1889 4784 1984 4838 ha-

406 4875 565 4940 beat,
594 4874 684 4943 qui
717 4874 858 4928 vitiis
903 4874 1018 4927 sine
1057 4872 1432 4928 emendatione
1478 4873 1703 4928 inhaesit.
1734 4874 1752 4944 )
1783 4875 1853 4944 (b)
1883 4874 1986 4928 Fas

404 4965 550 5019 enim
579 4973 662 5020 est
682 4980 837 5030 eum,
858 4964 948 5033 qui
987 4978 1089 5018 non
1113 4964 1453 5033 jejunaverit,
1497 4965 1702 5018 veniam
1732 4963 1984 5033 conqutti

473 5142 491 5171 ί
522 5148 627 5202 sav.
653 5140 702 5189 in
724 5140 945 5202 margine
971 5145 1021 5187 et
1042 5137 1225 5202 aliquot
1246 5144 1373 5196 Mss.,
1399 5135 1737 5201 compellamus
1759 5147 1859 5195 τιω,
1890 5136 1987 5196 vel,

405 5198 1033 5268 wudteuutaadniajorein
1053 5198 1299 5268 virtutem.
1364 5258 1396 5268 η

472 5265 494 5293 ¹
525 5261 691 5313 iure].
711 5268 764 5312 et
784 5258 977 5325 quidam
997 5267 1125 5319 Mss,
1149 5273 1235 5323 per
1258 5258 1479 5309 studium
1501 5258 1775 5310 divinorum
1790 5259 1993 5308 numda-

407 5329 584 5373 torum.

477 5385 550 5453 ξε)
578 5391 694 5453 uss
713 5381 1102 5453 messallam
1138 5388 1215 5431 εει
1385 5381 1642 5453 αξςῐίσίιλιξξ
1667 5381 1989 5453 ηοεί.ί.θ.¹⁸έ⁸ι

411 5441 553 5501 1958,
573 5446 717 5504 2m,
731 5445 874 5505 2429,
895 5445 1036 5505 5055,
1059 5451 1241 5495 etcum
1261 5441 1537 5493 colbertino
1552 5442 1663 5502 ΞΠ,
1698 5441 1872 5493 additis
1887 5453 1989 5493 sar.

412 5514 469 5557 et
490 5506 668 5558 litorelii
692 5501 998 5556 lectionibus.

475 5566 549 5631 (b)
580 5575 693 5627 Quae
715 5569 845 5632 intra
863 5563 1514 5632 parentheStmclauduntur,
1541 5564 1667 5632 savii
1728 5571 1779 5615 et
1814 5563 1996 5632 aliquot

416 5625 817 5691 “(posuerunt
838 5625 887 5678 in
910 5641 1060 5691 marg.
1085 5642 1099 5689 ;
1124 5626 1214 5676 sed
1235 5627 1397 5676 omisit
1413 5625 1577 5675 Merci.

2086 2709 2333 2756 excusata
2356 2702 2602 2758 nimirum
2636 2709 2880 2776 corporis
2908 2708 3271 2768 imbecillitate
3293 2732 3307 2767 :
3328 2715 3373 2770 is
3397 2731 3544 2782 vero,
3571 2719 3659 2787 qui

2087 2806 2192 2844 non
2227 2794 2564 2863 castigaverit
2605 2797 2800 2852 delicta
2826 2841 2841 2866 ,
2894 2799 3222 2872 impossibile
3249 2816 3331 2861 est
3353 2847 3368 2873 ,
3413 2819 3470 2863 ut
3499 2810 3659 2865 ullam

2085 2884 2479 2939 excusationem
2508 2887 2763 2942 instituat.

2156 2973 2199 3026 Α
2231 2976 2409 3042 quibus
2433 2981 2698 3049 preceptir
2743 2982 3005 3037 servandis
3028 2995 3233 3039 excusat
3265 2990 3488 3060 corporis
3513 2992 3659 3061 infir-

2083 3065 2327 3117 mitas.—-
2344 3065 2456 3121 Non
2470 3068 2720 3138 jejunasti
2745 3072 2813 3126 ob
2832 3075 3073 3144 corporis
3097 3076 3456 3136 inﬁrmitatem
3485 3084 3498 3115 ¹
3521 3100 3537 3150 ;
3564 3086 3657 3140 sed

2081 3153 2167 3209 die
2193 3157 2321 3210 mihi
2343 3198 2356 3220 ,
2383 3174 2479 3213 cur
2507 3160 2735 3216 inimicis
2773 3164 2877 3217 tuis
2920 3169 3293 3224 reconciliatus
3323 3187 3427 3227 non
3454 3174 3556 3228 es?
3593 3191 3660 3230 an

2083 3245 2171 3301 hic
2221 3246 2387 3304 habes
2436 3252 2578 3307 unde
2625 3257 2925 3324 prietendas
2967 3262 3207 3329 corporis
3262 3242 3661 3323 inﬁrmitatem?

2081 3336 2313 3394 Rursum
2343 3342 2387 3396 si
2429 3343 2610 3399 odium
2657 3347 3012 3419 invidiamque
3039 3353 3270 3408 retineas
3293 3396 3309 3420 ,
3336 3356 3461 3424 quid
3493 3362 3663 3425 possis

2079 3434 2435 3491 excusationis
2484 3437 2753 3508 allegare?
2804 3456 3064 3512 nusquam
3092 3444 3233 3499 enim
3262 3445 3316 3500 in
3363 3447 3659 3505 istiusmodi

2080 3520 2316 3587 delictis,
2345 3525 2411 3579 ad
2444 3530 2684 3596 corporis
2727 3530 3141 3589 imbecillitatem
3182 3540 3468 3608 confugere
3507 3541 3650 3598 licet.

2082 3615 2257 3685 Atque
2278 3616 2328 3670 id
2350 3616 2550 3673 Christi
2581 3620 2926 3676 humanitatis
2949 3640 3084 3694 opus
3101 3637 3204 3692 est,
3235 3632 3375 3699 quod
3398 3637 3660 3703 praecipua

2082 3716 2135 3759 et
2165 3707 2321 3761 vitam
2352 3718 2592 3764 nostram
2641 3712 2965 3767 continentia
3012 3729 3276 3789 praecepta
3325 3721 3452 3775 nihil
3481 3739 3509 3774 a
3538 3740 3659 3779 cor-

2088 3799 2233 3867 poris
2259 3799 2567 3856 inﬁrmitate
2610 3802 2887 3856 laedantur.
2928 3803 3192 3862 Caeterum
3224 3814 3470 3878 quoniam
3511 3830 3662 3884 mque

2085 3889 2335 3943 omnibus
2359 3891 2527 3945 sacris
2559 3892 2761 3962 legibus
2802 3893 3131 3964 indigemus,
3158 3913 3220 3953 ac
3248 3901 3298 3954 in
3326 3901 3511 3969 primis
3531 3903 3618 3958 illa
3643 3946 3658 3968 ,

2084 3996 2205 4049 qua:
2252 3982 2523 4037 interdicit
2552 3984 2854 4040 inimicitias
2884 3989 3187 4060 irarumque
3212 3998 3658 4064 perpetuitatem,

2085 4069 2177 4123 Sed
2211 4073 2698 4130 reconciliationem
2742 4079 2919 4132 statim
2954 4081 3067 4135 ﬁeri
3091 4080 3263 4150 jubet,
3295 4100 3422 4154 age,
3454 4087 3523 4142 de
3562 4090 3661 4145 hoc

2092 4174 2357 4231 prmcepto
2393 4181 2532 4219 nunc
2576 4166 2626 4219 in
2675 4171 2954 4236 prteScntia
3009 4172 3356 4241 disputemus.
3403 4177 3473 4233 Ut
3511 4183 3656 4235 enim

2092 4252 2436 4310 fornicantem
2465 4257 3018 4331 blasphemantemqne
3046 4263 3368 4333 impossibile
3394 4279 3477 4324 est
3494 4286 3661 4327 sacrae

1988 4391 2009 4400 -
2093 4364 2292 4402 mensae
2321 4351 2629 4418 participem
2662 4351 2795 4413 ﬁeri,
2825 4354 2895 4407 ita
2922 4371 3130 4423 quoque
3156 4358 3243 4426 qtti
3270 4359 3569 4415 inimicitias
3588 4361 3663 4417 fo-

2081 4448 2190 4502 vet,
2232 4448 2327 4493 aut
2360 4440 2415 4494 in
2455 4442 2533 4495 ira
2567 4443 2817 4514 pertinax
2845 4452 2951 4506 est,
2975 4460 3085 4499 non
3130 4434 3311 4516 polest
3343 4449 3451 4503 frui
3478 4459 3669 4506 sancta

2082 4533 2503 4600 communione;
2543 4550 2720 4605 neque
2755 4536 2808 4590 id
2848 4538 3142 4594 immerito.
3171 4538 3275 4606 Qui
3316 4542 3460 4595 enim
3495 4558 3669 4597 mere-

2081 4624 2310 4679 tricattts
2340 4633 2452 4687 est,
2477 4635 2569 4680 aut
2594 4628 2924 4683 adulterium
2946 4632 3244 4698 commisit,
3270 4634 3433 4688 simul
3460 4643 3518 4688 ut
3548 4636 3670 4688 ani-

2081 4730 2234 4769 mum
2260 4717 2516 4786 explevit,
2539 4718 2696 4772 linem
2730 4732 2951 4789 peccato
2982 4723 3237 4793 imposuit
3265 4742 3278 4778 :
3304 4726 3447 4793 quod
3466 4727 3513 4780 si
3533 4728 3669 4780 resi-

2080 4809 2298 4878 piscens
2316 4825 2373 4863 se
2391 4826 2420 4863 a
2439 4810 2591 4880 lapsu
2612 4815 2849 4868 excitare
2864 4815 3089 4870 voluerit
3108 4831 3467 4887 magnamque
3484 4829 3669 4873 osten-

2080 4900 2222 4955 derit
2259 4902 2656 4971 paenitentiam,
2690 4917 3019 4976 assequetur
3045 4908 3281 4977 aliquam
3324 4910 3665 4964 consolatio-

2081 5006 2205 5045 nctn
2226 5007 2240 5055 ;
2259 4992 2352 5062 qui
2380 5003 2561 5048 autem
2584 4997 2882 5052 simultatis
2903 5006 3063 5051 tenax
3090 5006 3194 5058 est.
3220 4999 3666 5068 singulisdiebus

2081 5090 2361 5151 peccatum
2382 5081 2530 5147 facit,
2550 5101 2651 5139 nec
2668 5102 2923 5156 umquam
2945 5087 3073 5141 illud
3090 5089 3341 5143 absolvit.
3363 5090 3481 5147 Illic
3501 5094 3665 5149 simul

2094 5177 2216 5217 cum
2262 5162 2460 5234 ﬂagitio
2488 5164 2756 5235 expletum
2803 5175 2886 5219 est
2937 5175 3207 5234 peccatum
3233 5173 3276 5231 ’,
3301 5169 3386 5223 hic
3429 5175 3667 5239 quotidie

2095 5256 2236 5311 idem
2267 5256 2442 5311 scelus
2490 5265 2722 5309 tentatur
2754 5274 2767 5309 :
2800 5272 2954 5325 quam
2998 5258 3153 5327 igitur
3191 5263 3397 5313 veniant
3431 5265 3663 5330 sperabi-

2104 5361 2240 5415 mus,
2268 5349 2356 5416 qui
2387 5363 2484 5402 nos
2526 5347 2616 5401 tali
2645 5347 2830 5402 bellua:
2870 5348 3011 5402 ultro
3056 5349 3345 5407 dedimus?
3391 5352 3666 5420 Quomodo

2164 5505 2182 5535 ι
2216 5501 2353 5565 Savil.
2381 5509 2432 5565 et
2446 5500 2628 5563 aliquot
2641 5500 2805 5558 Codd.,
2824 5500 2885 5565 ob_
2900 5504 3114 5565 corporis
3137 5503 3209 5554 tui
3228 5510 3468 5556 naturam.

2167 5567 2188 5597 ⁸
2210 5563 2356 5629 ,ξω-ει.
2382 5564 2431 5610 in
2452 5564 2669 5624 margine
2695 5576 2708 5611 :
2735 5572 2790 5613 Et
2804 5563 2998 5629 quidem
3019 5564 3067 5614 in
3089 5566 3341 5629 (olultert‘o,
3365 5581 3476 5629 cum
3492 5566 3673 5629 ﬂagitio

2104 5626 2347 5690 aptatum
2358 5630 2430 5676 est
2455 5631 2717 5688 peccatum.
2745 5632 2797 5675 Et
2817 5627 2885 5675 sic
2909 5626 3097 5676 videtur
3121 5625 3303 5691 legisse
3327 5628 3545 5678 Nannius.
3560 5625 3585 5703 ’⁸
