4020 6216
395 269 432 320 ιε
457 265 486 310 Τ)

391 375 680 448 pustuiabis
715 375 876 428 Deum
911 373 1000 426 tibi
1029 383 1362 426 mansuetum
1393 380 1448 424 et
1473 371 1654 424 mitem
1681 369 1816 430 tieri,
1849 383 1970 424 cum

395 480 450 522 tu
481 481 740 520 conservo
769 475 862 518 tuo
887 473 994 518 tam
1017 465 1194 532 gravis
1228 463 1304 515 sis
1333 472 1388 516 et
1414 459 1796 515 inexorabilis?
1819 459 1970 526 Esto,

395 559 716 614 contumelia
751 569 802 612 te
833 555 1008 611 aﬂ'ecit
1045 570 1340 610 conservus
1367 571 1382 608 :
1411 569 1588 607 nonne
1615 561 1667 606 tu
1693 567 1838 619 same
1865 551 1974 603 Deo

390 651 744 710 contumelias
773 649 1074 716 f.tcis?Quid
1089 649 1288 718 mquale
1309 647 1448 700 inter
1473 645 1746 698 dominum
1773 652 1828 696 ct
1855 657 1972 694 scr-

393 765 412 794 ι
429 746 542 800 um?
563 743 720 813 Atqui
743 741 830 796 hic
851 739 1114 794 interdum
1141 739 1524 794 ccutumeliose
1551 737 1976 802 hahitus,cmnn-

395 839 606 893 inetiam
639 835 778 889 forte
807 833 1062 904 reposuit,
1091 840 1504 898 etexasperatus
1520 845 1610 894 es;
1639 839 1692 882 tu
1721 829 1976 880 adversus

399 931 680 984 [taurinum
707 926 1090 982 cantumelinsc
1119 925 1252 990 agis,
1275 926 1400 977 nihil
1427 925 1636 990 quidem
1665 923 1734 976 ab
1765 923 1855 976 iilo
1887 923 1980 974 lar-

393 1040 488 1078 sns
509 1065 526 1086 ,
557 1021 648 1076 sed
679 1019 944 1090 perpetuis
967 1019 1204 1087 quotidie
1235 1017 1502 1070 beneﬁciis
1531 1015 1771 1070 affectus.
1793 1015 1978 1084 Cogita

397 1129 524 1182 ergo
539 1111 676 1182 quod
699 1111 742 1166 si
759 1111 1072 1164 velletDeus
1089 1109 1344 1162 adversus
1360 1123 1418 1162 se
1443 1109 1724 1160 Commissa
1751 1109 1978 1175 diligen-

401 1214 484 1258 ter
511 1205 789 1271 exquirere
813 1242 828 1266 ,
859 1215 924 1252 ne
951 1199 1016 1252 ad
1037 1215 1196 1252 imum
1227 1201 1440 1267 quidem
1467 1200 1608 1250 diem
1657 1200 1946 1252 viveremus
1965 1235 1978 1251 .

401 1294 632 1359 Peream,
663 1293 826 1358 enim,
851 1292 1097 1360 inquit,si
1123 1293 1475 1356 observaveris,
1493 1289 1725 1350 Domine,
1749 1290 1978 1354 Domine,

399 1389 512 1457 quis
559 1386 820 1441 sustinebit
865 1385 884 1455 (
925 1383 1068 1438 Prol.
1099 1383 1220 1439 129.
1249 1383 1364 1452 3)?
1405 1384 1472 1436 Et
1507 1395 1562 1435 ut
1609 1385 1850 1436 omittam
1880 1383 1980 1434 alia

401 1481 578 1534 omnia
627 1488 876 1548 peccata,
909 1493 1030 1545 qua:
1074 1477 1188 1528 sola
1231 1475 1490 1545 cujusque
1535 1474 1830 1544 peccatoris
1857 1489 1984 1526 con-

405 1571 620 1626 scientia
651 1569 860 1638 cognita
895 1567 1086 1628 habet,
1117 1577 1166 1620 et
1199 1567 1288 1620 ubi
1335 1577 1532 1636 prteter
1579 1567 1743 1621 Deum
1781 1567 1980 1619 nullum

399 1673 590 1718 testem
619 1659 956 1723 reformidat,
981 1657 1026 1711 si
1053 1657 1120 1712 de
1145 1657 1406 1712 confessis
1451 1657 1568 1710 istis
1593 1666 1650 1710 et.
1675 1657 1876 1726 apertis
1903 1671 1990 1708 ra-

403 1755 606 1808 tionem
633 1765 1062 1821 reposceremur,
1083 1765 1240 1820 quam
1261 1749 1472 1804 veniam
1497 1789 1514 1812 ,
1537 1763 1738 1818 qnaaso,
1769 1761 1986 1816 sperare

401 1841 1074 1914 pOssemusﬁinostramin
1089 1841 1334 1908 precibus
1363 1839 1604 1892 inertiam
1633 1849 1688 1892 ct
1713 1839 1980 1906 negligen-

407 1937 532 1992 tiam
561 1932 1070 2002 expenderetzquod
1097 1947 1276 1986 coram
1305 1945 1370 1984 eo
1399 1929 1986 2000 consistentcsipsum-

407 2044 510 2099 que
537 2030 864 2089 iuvoeantes,
881 2039 948 2078 ne
973 2033 1171 2077 tantum
1191 2023 1404 2092 quidem
1421 2021 1638 2092 pudoris
1666 2030 1718 2074 et
1739 2037 1990 2074 reveren-

407 2119 492 2172 tiae
513 2117 842 2180 exhibemus,
867 2123 1118 2184 quantum
1133 2114 1270 2168 servi
1289 2113 1518 2166 dominis
1532 2115 1662 2177 suis,
1685 2121 1776 2165 aut
1795 2111 1990 2165 milites

407 2209 650 2274 ducibus,
665 2217 756 2261 aut
777 2207 930 2261 amici
949 2207 1068 2258 amii
1089 2206 1166 2258 is?
1183 2205 1486 2258 cumamiCo
1500 2205 1640 2258 enim
1657 2203 1988 2270 colloquens,

409 2317 528 2356 cum
557 2299 846 2353 attentione
873 2297 998 2350 illud
1023 2295 1173 2360 facis;
1195 2309 1314 2348 cum
1339 2295 1446 2348 Deo
1475 2303 1650 2348 autem
1669 2293 1736 2348 de
1757 2293 1992 2362 peccatis

409 2393 512 2445 tuis
525 2388 1222 2460 agens,etcondonatiouem
1239 2388 1510 2455 postulans
1525 2398 1576 2439 et
1591 2388 1795 2440 veniam
1811 2401 1990 2450 orans,

413 2481 638 2535 subinde
669 2480 1294 2548 torpescis,genibusque
1323 2477 1466 2532 humi
1499 2479 1702 2546 positis,
1733 2493 1874 2546 Sa-pe.
1903 2493 1994 2544 per

418 2573 611 2634 forum,
644 2585 786 2637 smpe
817 2585 908 2637 per
938 2569 1081 2620 mdes
1111 2578 1342 2620 menti-nt
1375 2579 1518 2620 tuam
1555 2567 1790 2634 divagari
1819 2567 1950 2620 sinis
1975 2607 1991 2628 ,

415 2679 508 2716 ore
539 2675 628 2715 tuo
659 2663 868 2714 interim
901 2669 1104 2714 temere
1133 2659 1466 2728 inaniterqne
1501 2661 1768 2728 garriente
1795 2678 1808 2712 :
1839 2659 1996 2728 idque

415 2771 519 2810 non
545 2755 706 2808 semel
731 2763 820 2806 aut
847 2755 948 2818 his,
978 2752 1070 2806 sed
1101 2752 1404 2822 frequenter
1424 2755 1580 2807 nobis
1599 2753 1826 2808 accidit:
1846 2760 1990 2824 quod

415 2848 460 2901 si
503 2847 586 2902 vel
641 2845 766 2898 illud
811 2845 985 2898 solum
1021 2845 1318 2914 ponderare
1351 2845 1482 2898 velit
1505 2844 1673 2912 Deus,
1701 2861 1768 2900 an
1789 2847 1995 2900 veniam

417 2949 571 3010 putas
595 2937 1002 2992 obtinehimus?
1047 2952 1114 2990 an
1159 2938 1524 3006 purgationem
1567 2939 1796 3008 aliquam
1841 2939 2000 2993 ador-

419 3047 548 3086 narc
569 3027 1040 3100 poterimnsibiihi
1062 3037 1206 3082 certe
1225 3027 1276 3082 id
1307 3027 1420 3083 fieri
1452 3043 1556 3084 non
1585 3045 1740 3098 posse
1767 3029 1996 3086 videtur.

493 3121 552 3176 2.
581 3120 716 3188 Quid
763 3121 808 3174 si
837 3119 948 3190 jam
979 3120 1216 3174 convicia
1259 3119 1452 3190 quibus
1484 3119 1718 3190 quotidie
1745 3119 1836 3176 alii
1867 3122 2000 3178 alios

419 3213 756 3274 incessimus,
789 3211 842 3264 in
873 3209 1108 3266 medium
1149 3207 1482 3280 produxerit,
1507 3210 1812 3281 iudiciaque
1841 3213 1999 3282 in0p-

419 3311 640 3374 portnna
672 3343 688 3366 ,
743 3301 934 3372 quibus
979 3301 1296 3369 proximum
1341 3300 1760 3358 condenmamus
1781 3341 1800 3370 ,
1843 3301 2002 3372 idque

419 3394 566 3449 nulla
591 3391 694 3447 alia
715 3391 784 3448 de
807 3407 988 3475 causa,
1010 3407 1168 3462 quam
1193 3391 1334 3462 quod
1363 3391 1608 3448 maledici
1631 3407 1852 3460 sumus;
1875 3393 2002 3462 quid

421 3485 713 3556 poterimus
737 3523 756 3552 ,
784 3499 999 3553 qumso,
1047 3499 1144 3552 pro
1188 3481 1502 3538 defensione
1544 3491 1724 3538 nostra
1767 3483 2002 3539 ail'erre?

423 3575 651 3630 Rursum
703 3573 749 3628 si
797 3575 1070 3629 exarniuet
1132 3573 1374 3628 curiosos
1424 3585 1636 3630 nostros
1685 3575 1906 3630 intuitus
1949 3583 2006 3630 et

419 3665 582 3720 animi
611 3679 804 3736 pravas
825 3664 1162 3734 cupiditates,
1184 3664 1408 3720 subinde
1435 3665 1676 3735 turpibus
1698 3677 1752 3721 et
1776 3665 2004 3720 immun-

421 3759 506 3814 dis
532 3757 936 3828 cogitationibus
965 3755 1192 3811 imbutas
1214 3798 1230 3824 ,
1257 3757 1382 3812 dum
1413 3758 1600 3812 oculos
1623 3758 1860 3828 quolibet
1885 3759 2002 3814 sine

423 3853 526 3906 ulla
573 3851 944 3906 observatione
995 3851 1250 3905 aberrare
1297 3851 1558 3918 sinimus,
1588 3867 1745 3922 quam
1791 3869 2002 3922 paruam

429 3943 658 3998 luemus?
678 3941 827 4008 Quod
849 3942 892 3994 si
924 3941 1132 3995 ineatur
1153 3941 1290 3996 ratio
1313 3951 1613 3996 nostrorum
1635 3944 2002 3998 conviciorum

425 4033 585 4100 (nam
620 4029 720 4096 Qui
746 4031 890 4099 fratri
909 4047 1000 4084 suo
1025 4031 1207 4085 dixerit
1231 4072 1248 4097 ,
1279 4031 1468 4096 Fatue,
1493 4049 1609 4086 reus
1633 4034 1728 4088 erit
1765 4037 2006 4106 gehenna:

425 4124 558 4192 ignis
579 4119 788 4194 [Matth
817 4123 868 4177 5.
901 4121 1041 4195 22]),
1067 4139 1192 4177 num
1220 4123 1302 4178 vel
1323 4139 1385 4178 os
1411 4124 1664 4181 diducere
1691 4128 1770 4181 vel
1799 4127 2004 4182 hiscere

429 4213 624 4276 licebit,
653 4221 745 4266 aut
789 4227 1015 4283 parvum
1062 4223 1153 4269 aut
1199 4231 1446 4286 magnum
1496 4217 2002 4285 reSpondere'tJam

434 4303 618 4356 inanes
637 4311 845 4357 nostras
869 4304 1210 4373 gloriationes
1231 4306 1298 4360 de
1323 4307 1566 4376 precibus
1587 4307 1662 4360 vel
1681 4306 1899 4376 jejuniis
1921 4311 2005 4363 vel

431 4392 790 4462 cleemosynis
817 4395 1037 4460 nostris,
1067 4395 1112 4449 si
1141 4397 1192 4449 in
1221 4395 1638 4466 disquisitionem
1671 4409 2002 4464 revocentur,

431 4499 538 4538 non
566 4499 596 4538 a
625 4483 756 4550 Deo,
789 4485 880 4539 sed
909 4501 938 4538 a
972 4487 1124 4540 nobis
1155 4487 1283 4558 ipsis
1307 4490 1392 4557 qui
1420 4491 1756 4554 peccavimus
1789 4509 1801 4544 :
1827 4509 1892 4546 an
1914 4509 2008 4547 au-

431 4576 675 4630 debimus
703 4575 789 4630 vel
813 4577 1000 4630 ca-lum
1029 4579 1330 4646 respicere?
1363 4580 1526 4634 Porro
1549 4583 1590 4635 si
1614 4583 1681 4638 de
1707 4583 1844 4636 tlnlis
1867 4585 2008 4652 judi-

430 4669 569 4724 cium
601 4667 710 4734 fiat,
742 4683 876 4737 quos
909 4669 998 4723 alii
1047 4669 1100 4722 in
1129 4670 1264 4724 alios
1291 4673 1598 4726 censuimus
1619 4716 1632 4737 ,
1683 4693 1821 4730 llllttC
1867 4692 2005 4746 prte-

431 4775 636 4817 sentem
663 4761 936 4816 laudantes
953 4761 1268 4824 fratrem,ac
1283 4779 1402 4818 cum
1426 4783 1489 4818 eo
1518 4768 1666 4836 quasi
1693 4784 1812 4822 cum
1835 4771 2006 4826 :unico

430 4853 695 4925 colloquia
728 4854 1038 4920 miscentes,
1061 4871 1203 4910 nunc
1231 4857 1504 4912 absentem
1537 4861 2004 4917 criminanteszan

433 4960 587 5014 pares
613 4944 812 5000 erimus
841 4945 1144 5002 istiusmodi
1177 4947 1386 5017 pinnae?
1411 4950 1545 5018 Quid
1575 4951 1746 5006 dicam
1771 4952 1836 5008 de
1859 4953 2005 5023 jura-

431 5035 650 5102 mentis,
683 5036 995 5102 mendaciis,
1027 5037 1278 5109 perjuriis
1298 5085 1314 5109 ,
1345 5043 1542 5110 injusto
1569 5045 1768 5112 furore,
1801 5047 2001 5110 livore,

436 5147 536 5200 pro
569 5147 710 5201 sarpe
751 5133 1059 5188 invidemus
1099 5133 1232 5188 viris
1270 5131 1586 5201 conspicuis
1619 5150 1724 5188 non
1771 5135 2014 5192 inimicis

433 5221 614 5286 modo,
648 5227 740 5278 sed
765 5227 992 5281 amicis?
1014 5225 1144 5295 quid
1162 5224 1306 5294 quod
1333 5223 1877 5282 oblectamuralicnis
1899 5247 2014 5284 ma-

433 5313 522 5377 lis,
545 5315 988 5388 arbitramurque
1012 5319 1246 5375 alienam
1267 5318 1634 5376 infelicitatem
1657 5323 1824 5376 nostri
1847 5323 2015 5376 infor-

433 5405 572 5457 tunii
603 5405 852 5461 solatium
876 5411 1034 5464 esse?

503 5495 974 5560 Confabulationes
1007 5503 1060 5554 in
1083 5503 1306 5558 ecclesia
1347 5491 1641 5574 prohibitis.
1677 5537 1744 5548 -—
1768 5507 1923 5574 Quod
1965 5508 2008 5561 si

431 5589 672 5658 torporis
696 5591 866 5643 nostri
901 5592 954 5644 in
985 5608 1136 5648 sacra
1164 5597 1386 5652 collecta
1413 5599 1552 5654 ratio
1568 5601 1836 5672 exigatur,
1855 5601 2013 5671 quid-

433 5697 554 5734 nam
576 5679 882 5751 patiemur?
909 5681 1041 5736 illud
1065 5685 1266 5754 quippe
1291 5702 1396 5741 non
1416 5688 1697 5759 ignoratis,
1725 5693 1868 5762 quod
1893 5693 2010 5762 ipso

1133 254 1190 310 s.
1230 253 1508 310 JO.\.\'NIS
1547 251 2014 308 (:unvsosront
2059 252 2374 308 ARCEIIEP.
2415 253 2946 312 coxsust'txor.
3555 265 3632 319 Quae

2081 369 2190 422 Deo
2217 385 2359 438 sa-pe
2387 387 2482 440 per
2513 373 2824 440 prophetam
2851 390 2968 426 cum
3013 374 3258 430 erunibus
3303 375 3456 434 nobis
3495 381 3638 436 Collo.

2077 471 2292 527 quente,
2327 465 2518 515 muttas
2547 479 2873 532 magnasque
2899 463 3250 520 tabulationes
3265 483 3384 521 cuni
3407 473 3639 536 proximis

2081 551 2392 612 habeamus,
2438 553 2502 606 dc
2543 555 2701 608 rebus
2743 555 2810 608 ad
2849 571 2948 608 nos
2995 557 3214 611 minime
3255 561 3640 627 pertinentibus.

2079 643 2230 709 Quod
2277 645 2322 698 si
2365 645 2544 712 igitur,
2589 647 2802 701 omissis
2841 649 3049 700 ett-teris
3095 649 3380 713 omnibus,
3433 667 3526 720 par
3577 653 3646 706 isti

2079 735 2274 788 delicto
2322 737 2636 804 supplicium
2679 739 2978 806 postuletur
3011 780 3026 802 ,
3061 738 3188 806 quid
3237 741 3498 808 reliquum
3541 745 3648 806 erit,

2083 826 2220 894 quod
2265 826 2332 878 de
2372 828 2544 880 salute
2591 831 2867 895 speretur?
2906 829 2984 882 Ne
3033 833 3308 884 existimes
3353 831 3404 886 id
3449 848 3650 900 parvum

2083 919 2282 970 crintcn
2313 933 2432 971 (δεςο
2461 937 2472 969 :
2503 921 2616 988 ejus
2653 921 2794 974 enim
2843 923 3256 990 magnitudinem
3285 925 3328 977 si
3359 927 3652 996 perspicere

2083 1011 2352 1076 cupias,in
2379 1011 2537 1064 rebus
2569 1013 2811 1065 immanis
2839 1013 3262 1082 perspiciendum
3288 1025 3390 1068 est.
3421 1017 3568 1069 Aude
3595 1019 3656 1070 sis

2087 1113 2312 1168 pnetore
2333 1113 2506 1155 tecum
2531 1103 2686 1155 verba
2712 1102 2960 1168 habente,
2981 1105 3088 1157 imo
3111 1107 3188 1158 vel
3205 1107 3378 1159 amico
3396 1107 3657 1176 aliquanto

2085 1191 2414 1258 honestiore,
2461 1207 2526 1246 eo
2567 1193 2770 1247 omisso
2809 1209 3110 1248 sermonem
3157 1203 3300 1249 tuum
3347 1197 3414 1250 ad
3457 1212 3658 1252 servum

2085 1283 2394 1349 transferre,
2429 1299 2490 1337 ac
2529 1293 2640 1337 tum
2687 1283 2894 1339 videbis
2931 1295 3186 1356 quantum
3229 1287 3402 1340 scelus
3445 1289 3660 1354 audeas,

2087 1395 2206 1433 cmn
2251 1379 2478 1449 idipsnm
2511 1379 2560 1431 in
2592 1379 2756 1432 Deum
2801 1377 2948 1432 facis.
2997 1381 3148 1446 Quod
3177 1381 3222 1433 si
3251 1380 3528 1434 honestior
3571 1383 3665 1434 ali-

2087 1470 2204 1539 quis
2219 1468 2518 1538 hujnsmodi
2535 1469 2912 1523 contumeliam
2933 1471 3266 1538 neglecturus
3291 1486 3394 1524 non
3411 1482 3515 1538 est,
3533 1472 3667 1526 Dens

2091 1571 2266 1614 tamen
2323 1559 2508 1614 iisdem
2565 1560 2956 1629 majoribusque
3005 1561 3210 1629 injuriis
3259 1561 3498 1631 pulsatus
3543 1577 3668 1631 qua.

2093 1653 2240 1717 tidie,
2269 1667 2370 1707 nec
2395 1653 2464 1706 ab
2493 1667 2600 1708 uno
2625 1662 2718 1706 aut
2743 1655 2914 1706 altera
2929 1653 3008 1705 vel
3028 1669 3058 1704 a
3087 1653 3256 1706 tribus
3291 1653 3486 1718 solum,
3517 1655 3610 1708 sed
3642 1670 3668 1706 a

2091 1745 2246 1796 nobis
2269 1743 2438 1796 ferme
2459 1744 2730 1810 euntibus,
2745 1743 2796 1796 in
2821 1743 3226 1797 mansuetudine
3247 1759 3342 1797 sua
3363 1755 3422 1798 et
3445 1743 3672 1799 toleran-

2093 1835 2162 1888 tia
2189 1845 2526 1904 perseverat,
2555 1851 2714 1903 quam
2747 1852 2852 1888 non
2879 1837 3050 1889 solum
3077 1835 3330 1890 adversus
3357 1837 3670 1902 istiusmodi,

2092 1929 2188 1983 sed
2217 1937 2272 1983 et
2298 1928 2398 1980 alia
2429 1929 2594 1980 multo
2627 1927 2871 1997 graviora
2901 1937 3202 1980 conservat.
3231 1927 3356 1981 llic
3381 1929 3522 1982 enim
3549 1945 3674 1981 con-

2095 2022 2234 2076 fessa
2263 2031 2316 2075 et
2341 2021 2628 2076 manifesta
2657 2031 2780 2076 sunt
2807 2022 3000 2076 delicta
3045 2039 3162 2090 qua!
3201 2023 3582 2091 propemodum
3611 2025 3674 2078 ab

2095 2115 2344 2167 (uttnihus
2382 2115 2756 2182 designantur;
2787 2123 2912 2166 sunt
2953 2125 3130 2167 autem
3179 2125 3232 2166 et
3281 2115 3405 2180 alia,
3451 2131 3671 2183 quorum

2095 2208 2350 2276 cujusque
2375 2208 2670 2276 peccatoris
2695 2207 2904 2260 animus
2928 2215 3008 2260 est
3033 2209 3296 2260 conscius.
3321 2208 3472 2274 Quod
3498 2209 3542 2260 si
3567 2209 3670 2261 hzcc

2095 2301 2270 2354 οιιιιιὶει
2299 2311 2476 2353 tuente
2501 2299 2906 2364 revnlverimus,
2925 2299 3130 2352 etiamsi
3153 2301 3384 2352 omnium
3423 2301 3672 2354 crudelzs-

2099 2395 2222 2448 simi
2249 2408 2310 2446 ac
2339 2393 2708 2446 innnanissimi
2737 2394 2922 2459 simus,
2953 2392 3110 2446 modo
3139 2385 3528 2446 tiiultitttdirient
3563 2408 3672 2460 pce-

2097 2495 2333 2537 catorum
2357 2493 2660 2536 nostrorum
2683 2483 3097 2544 Consideremus,
3133 2497 3240 2550 pra:
3261 2493 3402 2535 tuettt
3427 2491 3480 2534 et
3501 2483 3672 2534 anxie-

2101 2585 2208 2627 tate
2235 2589 2301 2627 ne
2328 2573 2632 2626 mentinissc
2659 2573 2874 2640 quidem
2903 2573 3112 2624 vacabit
3151 2581 3492 2636 acceptarum
3539 2571 3671 2637 inju-

2100 2667 2318 2718 riarnm.
2343 2663 2644 2718 Rccovdare
2681 2663 2818 2732 ignei
2846 2661 3010 2727 ﬂuvii,
3035 2663 3228 2716 vermis
3259 2663 3526 2722 venenati,
3559 2663 3674 2715 hor-

2101 2757 2251 2810 rendi
2297 2757 2500 2826 jndicii,
2535 2756 2588 2810 in
2637 2771 2742 2824 quo
2780 2757 2955 2808 omnia
2983 2755 3120 2808 nuda
3169 2765 3222 2808 ct
3249 2764 3428 2821 aperta
3477 2763 3672 2808 erunt:

2103 2850 2276 2920 cogita
2301 2848 2442 2917 quod
2471 2865 2587 2914 qu:e
2613 2863 2752 2900 nunc
2777 2849 2830 2900 in
2861 2848 3038 2900 abdito
3069 2847 3252 2910 latent,
3277 2855 3402 2900 tunc
3429 2847 3478 2899 in
3507 2847 3672 2900 lui-em

2103 2939 2460 3010 proferentur.
2505 2939 2656 3006 Quod
2687 2939 2730 2992 si
2759 2941 2998 3008 proximo
3038 2938 3306 2992 remiseris
3353 2949 3587 3006 peccata,
3617 2953 3674 2990 ea

2101 3045 2220 3098 quae
2249 3037 2358 3083 tum
2387 3028 2674 3100 relegendo
2696 3037 2876 3091 erunt,
2903 3043 3042 3082 nunc
3071 3029 3123 3082 in
3155 3029 3258 3082 hoc
3285 3029 3480 3096 seculo
3505 3029 3680 3082 abole-

2099 3119 2325 3184 bantur,
2353 3119 2632 3188 exibisque
2661 3119 2792 3174 nihil
2821 3129 2996 3173 tecum
3027 3117 3246 3174 trahens
3271 3133 3337 3173 ex
3369 3119 3473 3173 tuis
3497 3135 3680 3189 pecca-

2103 3211 2190 3278 tis,
2221 3211 2358 3268 adeo
2387 3217 2448 3266 ut
2473 3211 2640 3266 multo
2671 3211 2788 3281 plus
2817 3210 3064 3280 recipias,
3095 3225 3250 3280 quam
3277 3209 3490 3264 dedisti.
3517 3209 3678 3265 Multa

2103 3317 2248 3372 saepe
2271 3302 2574 3358 istiusmodi
2605 3301 2946 3372 deliquimus,
2977 3316 3200 3372 quorum
3243 3303 3510 3358 neminem
3549 3314 3682 3356 con-

2103 3393 2274 3449 scium
2319 3393 2584 3450 habemus
2613 3411 2626 3448 :
2657 3393 2852 3448 deinde
2875 3409 2992 3448 cum
3021 3394 3314 3463 cogitamus
3335 3393 3478 3464 quod
3507 3409 3575 3448 eo
3595 3394 3682 3449 die

2105 3491 2230 3539 ante
2269 3483 2456 3540 oculos
2507 3484 2745 3538 omnium
2787 3493 3004 3553 peccaui
3051 3495 3234 3538 nostra
3273 3495 3607 3552 exponentur
3629 3485 3680 3538 in

2107 3575 2316 3645 publico
2336 3575 2482 3630 orbis
2505 3583 2768 3630 terrarum
2791 3575 3020 3642 theatro,
3045 3577 3248 3630 tristius
3263 3577 3312 3630 id
3327 3591 3486 3645 quam
3513 3579 3679 3646 ipsum

2107 3669 2680 3738 supplicium,augente
2709 3683 2806 3724 nos
2829 3677 2888 3724 et
2911 3669 3144 3724 elidente
3167 3670 3518 3737 conscientia,
3537 3670 3680 3724 arbi-

2111 3759 2570 3814 tramur.'l‘antum
2617 3759 2856 3830 pudoris,
2885 3769 2964 3814 tot
2991 3769 3229 3829 peccata,
3261 3768 3402 3813 tanta
3429 3761 3680 3828 supplicia

2109 3852 2295 3906 eluere
2325 3851 2450 3905 licet
2481 3867 2574 3921 per
2619 3851 3062 3906 condonationem
3103 3851 3318 3904 offensa:
3351 3866 3364 3901 :
3395 3850 3524 3902 nihil
3543 3850 3681 3904 enim

2107 3953 2190 3998 est
2217 3945 2338 3998 huic
2367 3945 2544 3998 virtuti
2575 3945 2798 4014 aequale.
2836 3944 2922 3996 Vis
2950 3957 3272 4012 cognoscere
3309 3943 3464 4011 hujus
3505 3942 3682 3998 vires?

2109 4037 2170 4090 Si
2199 4037 2386 4090 steterit
2415 4036 2636 4107 Moyses,
2663 4046 2710 4090 et
2733 4036 2942 4090 Samuel
2969 4045 3085 4088 ante
3104 4035 3282 4106 faciem
3303 4035 3678 4104 meam,inquit,

2109 4144 2208 4182 non
2229 4138 2300 4184 est
2319 4129 2490 4181 anima
2511 4145 2623 4182 mea
2647 4127 2716 4180 ad
2741 4145 2826 4182 eos
2851 4125 3062 4197 (larem.
3085 4126 3264 4197 15.1).
3281 4129 3524 4180 Attamen
3555 4140 3683 4195 quos

2111 4237 2216 4273 non
2245 4229 2528 4289 potuerunt
2553 4220 2760 4291 Moyses
2785 4231 2840 4274 et
2869 4219 3082 4274 Samuel
3121 4220 3332 4288 eripere
3355 4220 3422 4272 ab
3451 4221 3526 4272 ira
3559 4219 3642 4273 Dei
3661 4259 3676 4282 ,

2115 4312 2269 4380 lmjus
2295 4313 2544 4383 praecepti
2571 4313 2872 4367 observatio
2901 4315 3108 4380 eripere
3145 4311 3312 4381 potuit
3339 4329 3354 4366 :
3381 4325 3444 4364 ac
3469 4310 3680 4380 proinde

2113 4404 2223 4457 illis
2267 4405 2458 4473 quibus
2503 4405 2602 4458 ista
2641 4404 2808 4467 dixit,
2851 4403 3064 4457 assidue
3110 4403 3358 4472 pra'cepit
3399 4401 3680 4470 inquiens:

2113 4493 2366 4566 Nequitia:
2407 4497 2577 4564 fratris
2619 4497 2765 4548 vestri
2791 4495 2976 4566 singuli
2999 4511 3064 4548 ne
3085 4481 3420 4548 recordamini
3437 4495 3490 4546 in
3519 4494 3680 4546 cordi—

2113 4587 2203 4642 bus
2225 4590 2394 4642 uestris
2425 4589 2605 4662 (Zaclt.
2627 4589 2676 4641 7.
2709 4588 2829 4656 i0):
2857 4587 2935 4641 De
2961 4589 3241 4658 malefactis
3267 4587 3484 4658 proximi
3507 4585 3684 4657 singuli

2114 4694 2176 4731 ne
2215 4679 2548 4748 cogitaveritis
2577 4677 2684 4748 (1d.
2717 4677 2769 4733 8.
2797 4678 2907 4749 17).
2941 4677 3056 4732 Non
3077 4678 3420 4742 dixitsolutn,
3443 4678 3683 4740 Remitte,

2113 4767 2227 4834 sed,
2259 4768 2336 4824 Ne
2361 4769 2442 4823 vel
2473 4771 2524 4822 in
2557 4778 2736 4824 mente
2769 4771 2988 4834 habeas,
3023 4785 3090 4825 ne
3109 4771 3325 4839 cogites,
3359 4771 3545 4823 omitte
3573 4770 3687 4822 uni-

2115 4877 2326 4916 versam
2353 4862 2509 4926 iram,
2531 4863 2686 4917 ulcus
2718 4863 2842 4918 tolle
2872 4881 2884 4917 :
2913 4863 3041 4918 dum
3067 4863 3206 4916 enim
3227 4863 3510 4918 vindictam
3539 4865 3686 4916 ador-

2115 4967 2233 5020 nas,
2262 4953 2491 5023 primum
2517 4955 2744 5024 teipsum
2793 4965 3058 5010 tormento
3099 4955 3285 5020 al'ticis,
3319 4957 3482 5009 veluti
3509 4957 3552 5009 si
3579 4969 3687 5008 ear-

2115 5045 2324 5099 uilicem
2371 5045 2504 5099 iram
2553 5047 2644 5100 tibi
2693 5049 3058 5118 apposuisses,
3089 5043 3350 5102 dilanians
3395 5058 3482 5102 tua
3531 5049 3686 5118 ipsius

2115 5136 2340 5188 viscera.

2187 5227 2287 5290 Qui
2331 5227 2458 5279 iram
2503 5245 2606 5281 non
2649 5233 2892 5301 refrenat,
2919 5229 2970 5284 in
3015 5231 3240 5284 cruciatu
3281 5230 3418 5284 uiuit.
3453 5259 3528 5270 —
3559 5229 3686 5298 Quid

2114 5317 2254 5368 enim
2285 5317 2532 5372 miserius
2558 5319 2772 5375 homine
2802 5321 3010 5376 assidue
3033 5321 3206 5374 irato?
3231 5321 3683 5388 Quemadmodum

2117 5405 2298 5462 furiosi
2327 5425 2612 5478 tnnnquam
2657 5411 2902 5466 fruuntur
2943 5414 3318 5482 tranquillitate
3347 5431 3360 5466 :
3393 5413 3464 5466 ita
3499 5413 3588 5483 qui
3613 5413 3684 5466 si-

2117 5499 2391 5552 multatem
2417 5505 2641 5570 gerit,et
2669 5503 2936 5558 inimicum
2963 5503 3142 5570 habet,
3171 5519 3456 5575 numquam
3497 5504 3677 5558 fruitur

2119 5591 2220 5642 ulla
2247 5603 2396 5661 pace,
2433 5601 2686 5660 perpetuo
2727 5602 2956 5648 testuans
2984 5595 3022 5662 ',
3059 5605 3528 5664 tempestatemque
3553 5593 3680 5662 cogi-

2181 5699 2206 5734 ⁸
2233 5699 2346 5764 Alii,
2367 5701 2604 5758 incensus.
