4020 6216
296 231 394 289 ΞΟΙ

291 355 555 404 talionum
603 349 654 402 in
695 333 818 403 dies
863 353 1139 417 aggravat,
1193 352 1354 405 verba
1400 352 1638 426 factaque
1686 372 1868 415 secum

293 448 526 506 reputat.
556 438 725 505 ipsius
753 452 961 506 quoque
998 439 1196 493 nomini
1235 439 1474 510 infosms,
1498 445 1586 515 qui
1627 447 1871 516 injuriam

295 531 463 586 dedit.
502 529 558 585 Si
584 530 764 585 audiat
787 530 930 584 illum
955 541 1154 586 tantum
1177 535 1458 602 nominari,
1477 536 1727 592 ell'eratur
1747 555 1873 594 con-

295 623 466 687 tinuo,
494 632 684 692 magno
727 637 845 675 cum
875 623 1033 676 animi
1063 624 1317 691 cruciatu,
1351 635 1404 680 et
1423 627 1489 681 ad
1515 628 1686 683 solum
1732 631 1867 686 illius

294 724 637 781 conspectum
670 713 892 782 trepidat
912 723 965 769 et
980 714 1178 780 horret,
1209 726 1473 787 tamquam
1499 720 1540 773 si
1565 720 1745 774 ultima
1783 737 1872 790 pa-

296 805 475 859 tiatur.
499 806 649 872 Quod
676 806 866 874 siquid
897 807 1053 873 illius,
1075 808 1155 862 vel
1179 819 1402 873 vestem,
1427 811 1509 865 vel
1530 811 1764 877 domttm,
1791 815 1869 867 vel

295 896 629 966 angiportum
663 898 856 961 videat,
889 900 1122 953 omnium
1171 900 1390 954 istorum
1429 901 1623 958 intuitu
1657 913 1869 973 torque-

293 995 379 1038 tur
409 1003 422 1039 :
446 1001 508 1040 ac
537 987 980 1056 quemadmodum
1012 989 1326 1044 dilectorttm
1346 1007 1409 1046 ac
1427 1008 1668 1048 carorum
1691 994 1866 1050 homi-

292 1091 421 1130 num
449 1088 645 1140 vestes,
675 1078 867 1143 vultus,
897 1079 1271 1145 calceameuta,
1302 1082 1509 1149 domus,
1540 1085 1664 1138 item
1695 1095 1748 1140 et
1775 1102 1869 1140 an-

285 1167 547 1235 giportus,
595 1183 715 1222 mox
747 1177 805 1222 ut
833 1172 943 1223 visa
991 1169 1206 1236 fuerint,
1233 1173 1465 1228 excitare
1512 1188 1608 1228 nos
1653 1176 1864 1231 solent:

289 1258 360 1311 ita
381 1273 592 1328 quoque
613 1259 948 1315 inimicorum
969 1270 1020 1316 et
1042 1262 1344 1317 odiosorum
1367 1265 1638 1322 hominum
1655 1284 1862 1335 servus,

287 1350 512 1414 amicus,
540 1350 752 1416 domus,
781 1353 1088 1422 angiportus
1116 1354 1166 1407 in
1198 1365 1539 1425 conspectum
1577 1359 1748 1422 datus,
1777 1371 1868 1416 aut

286 1442 659 1514 quodcumque
686 1444 850 1510 aliud,
875 1445 1080 1500 animos
1109 1446 1328 1511 arrodit,
1357 1455 1514 1518 atque
1539 1450 1671 1505 alias
1707 1467 1867 1522 super

283 1533 436 1600 alias,
456 1543 515 1588 ut
539 1535 786 1605 quodque
809 1536 979 1590 visum
1003 1535 1182 1604 fuerit,
1210 1538 1390 1607 plagas
1410 1541 1562 1596 nobis
1586 1541 1792 1598 incutit.

358 1646 411 1699 ὁ.
437 1643 700 1711 Quorsum
726 1659 861 1714 opus
889 1646 1046 1716 igitur
1072 1655 1155 1702 est
1181 1647 1479 1703 istiusmodi
1523 1651 1687 1706 animi
1723 1653 1867 1708 obsi-

282 1733 461 1801 dione‘,
492 1737 652 1790 tantis
694 1737 971 1791 tormentis
995 1751 1058 1792 ac
1084 1737 1176 1791 tali
1204 1739 1500 1809 supplicio?
1521 1740 1672 1809 Quod
1695 1743 1740 1797 si
1766 1759 1866 1800 nec

281 1825 524 1895 gebenna
545 1827 843 1883 immineret
865 1829 987 1883 odio
1007 1829 1387 1896 laborantibus,
1406 1833 1590 1887 saltem
1611 1834 1680 1889 ob
1701 1834 1864 1904 ipsius

282 1914 388 1969 odii
416 1917 710 1971 cruciatum
741 1927 954 1987 peccata
983 1920 1343 1988 proximorum
1385 1922 1732 1980 condonanda
1779 1941 1865 1981 es-

279 2015 432 2068 sent;
464 2021 585 2060 cum
606 2016 781 2063 autem
810 2017 1006 2064 interna
1036 2011 1288 2080 supplicia
1323 2027 1420 2066 nos
1450 2023 1717 2082 maneant,
1737 2018 1862 2086 quid

279 2095 492 2150 stultius
508 2113 666 2167 quam
685 2107 737 2152 et
758 2098 843 2153 hic
863 2107 917 2154 et
949 2099 1058 2154 illic
1076 2102 1416 2172 semetipsum
1440 2105 1714 2172 muletare,
1737 2108 1860 2162 dum

275 2185 346 2241 de
369 2187 538 2241 altero
565 2203 623 2242 se
647 2188 815 2243 credit
843 2190 1098 2246 ultionem
1129 2193 1378 2260 sumere?
1404 2191 1462 2248 Si
1486 2195 1628 2250 enim
1658 2195 1860 2252 ﬂoren-

279 2289 385 2335 tem
431 2281 579 2336 illum
619 2281 910 2349 videamus,
930 2298 1159 2339 mterore
1186 2285 1448 2354 perimus;
1477 2287 1558 2341 sin
1588 2287 1859 2358 afflictum,

273 2388 526 2428 veremur
547 2390 614 2429 ne
639 2373 844 2429 fortuna
869 2391 928 2430 se
949 2375 1002 2429 in
1029 2375 1215 2430 melius
1241 2385 1564 2432 commutet:
1589 2379 1861 2450 utriusque

277 2463 450 2533 culpae
494 2464 646 2518 nobis
692 2480 849 2535 pmna
895 2465 1299 2534 indeprecabilis
1344 2467 1628 2522 constituta
1660 2481 1760 2524 est.
1790 2469 1859 2524 In

275 2554 689 2623 supplantatione
731 2557 919 2609 inimici
961 2573 1021 2610 ne
1040 2566 1086 2608 te
1109 2553 1289 2624 efferas
1311 2555 1492 2628 (Prov.
1515 2557 1604 2613 9.4.
1633 2558 1748 2630 i7),
1781 2560 1857 2614 in-

275 2645 393 2715 quit:
418 2645 708 2714 Scriptura.
729 2645 808 2701 Ne
830 2647 956 2700 mihi
974 2646 1490 2718 allegesinjuriarum
1515 2659 1855 2721 acceptarum

273 2737 446 2792 moles
479 2754 492 2790 :
523 2753 627 2791 non
657 2738 796 2792 enim
820 2738 946 2793 illud
974 2739 1025 2792 in
1052 2748 1101 2793 te
1122 2737 1247 2793 facit
1269 2740 1614 2808 pertinaciam
1636 2729 1854 2808 irarum,

271 2826 370 2881 sed
399 2827 538 2898 quod
565 2843 748 2898 parum
781 2844 985 2884 memor
1008 2845 1064 2883 es
1087 2839 1294 2885 tuorum
1320 2830 1658 2899 delictorum,
1687 2848 1857 2902 neque

267 2917 572 2988 gehennam
613 2927 738 2974 ante
779 2919 961 2974 oculos
1007 2919 1171 2974 babes
1216 2929 1307 2975 aut
1354 2921 1448 2976 Dei
1496 2908 1758 2977 timorem.
1789 2923 1858 2979 Ut

273 3023 454 3070 autem
503 3016 776 3071 condiscas
822 3017 875 3072 id
917 3033 1098 3072 verum
1142 3032 1294 3083 esse,
1343 3034 1406 3073 ex
1451 3019 1661 3074 casibus
1704 3019 1856 3074 istius

271 3110 423 3164 urbis
449 3109 764 3164 documenta
794 3124 1050 3178 promam.
1082 3109 1218 3164 Cum
1247 3111 1391 3165 enim
1417 3111 1494 3166 rei
1522 3111 1744 3168 istorum
1773 3111 1855 3165 fa-

270 3199 514 3252 cinorum
552 3199 618 3253 ad
657 3199 913 3269 judicium
956 3199 1331 3263 trahebantur,
1363 3216 1426 3255 ac
1455 3201 1668 3256 flamma
1713 3203 1855 3259 intus

273 3289 677 3358 incendebatur,
723 3292 1188 3346 circumstantibus
1235 3293 1574 3348 carniﬁcibus
1600 3309 1660 3348 ac
1684 3294 1852 3350 latera

267 3381 714 3450 discerpentibus,
748 3387 790 3437 si
820 3384 938 3452 quis
965 3383 1033 3437 ibi
1062 3383 1350 3450 assistens,
1374 3383 1445 3437 ita
1471 3399 1562 3439 eos
1587 3400 1649 3439 ex
1679 3394 1851 3439 trans-

270 3487 430 3526 verso
479 3474 776 3543 alloquutus
800 3474 1005 3540 fuisset,
1034 3473 1088 3529 Si
1119 3473 1324 3530 habetis
1367 3474 1630 3540 inimicos,
1659 3477 1852 3530 mittite

268 3564 616 3630 simultatem,
646 3573 700 3619 et
723 3581 787 3619 ex
815 3565 918 3620 isto
946 3565 1205 3634 supplicio
1246 3579 1342 3620 vos
1387 3565 1614 3621 liberare
1650 3567 1849 3636 poteri-

267 3668 392 3707 mus
417 3670 433 3707 :
461 3670 526 3708 an
558 3669 662 3708 non
688 3671 808 3710 cum
838 3657 1031 3710 osculis
1059 3656 1125 3711 ad
1153 3656 1291 3711 illius
1317 3655 1478 3724 pedes
1501 3670 1558 3711 se
1587 3656 1850 3712 devolviso

267 3746 423 3799 sent?
447 3744 556 3799 lmo
580 3730 704 3816 quid
731 3745 797 3801 de
826 3747 1044 3816 pedibus
1073 3746 1292 3816 loquor?
1318 3747 1360 3800 si
1391 3748 1507 3816 quis
1544 3747 1849 3803 servitutem

268 3836 377 3890 illis
419 3837 821 3906 proposuisset,
870 3853 975 3891 non
1020 3852 1135 3892 eam
1182 3838 1538 3893 conditionem
1585 3839 1849 3908 aspernati

267 3926 514 3982 fuissent.
547 3927 696 3992 Quod
725 3929 769 3982 si
801 3927 1026 3982 humana
1057 3943 1236 3998 paena,
1267 3944 1383 3998 qua:
1426 3931 1708 3984 terminum
1752 3930 1849 3984 lia-

267 4019 380 4078 bet,
408 4017 670 4087 quaslibet
694 4019 799 4072 iras
827 4027 1062 4087 superat,
1093 4018 1257 4072 multo
1285 4019 1450 4088 magis
1472 4019 1702 4074 futurum
1723 4036 1850 4091 sup—

268 4106 507 4176 plicium,
549 4108 594 4160 si
635 4109 888 4162 memoria
935 4108 1048 4176 ejus
1087 4118 1341 4177 perpetuo
1389 4118 1597 4164 nostras
1644 4121 1849 4166 mentes

267 4205 498 4262 teneret,
530 4213 633 4250 non
659 4198 826 4252 solum
856 4199 1196 4265 simultatem,
1229 4199 1320 4253 sed
1349 4210 1402 4254 et
1430 4215 1616 4256 omnes
1659 4218 1848 4270 pravas

265 4287 618 4356 cogitationes
645 4288 713 4342 ab
741 4289 917 4342 animo
942 4289 1264 4343 excluderet.
1290 4289 1423 4358 Quid
1454 4292 1594 4346 enim
1622 4291 1844 4358 facilius,

264 4379 375 4438 dic,
405 4392 606 4447 quaeso,
637 4394 791 4449 quam
824 4379 1044 4444 homini,
1075 4380 1162 4448 qui
1195 4390 1246 4432 te
1273 4380 1486 4444 laeserit,
1506 4381 1638 4436 iram
1660 4383 1846 4436 remit-

265 4465 431 4520 tere‘.
463 4464 578 4519 Non
628 4468 770 4522 enim
814 4467 985 4536 longis
1007 4467 1072 4521 ad
1100 4468 1149 4520 id
1183 4469 1688 4538 peregrinationibus
1712 4485 1846 4540 opus

265 4565 374 4618 est,
410 4570 515 4610 non
542 4557 883 4626 pecuniarum
924 4559 1211 4627 insumptu,
1240 4575 1346 4612 non
1391 4560 1613 4613 aliorum
1657 4577 1844 4616 exora-

265 4646 538 4710 tionibus;
568 4646 761 4701 sufﬁcit
789 4655 844 4700 ut
873 4655 1074 4700 tantum
1123 4648 1286 4712 velis,
1311 4663 1373 4704 ac
1394 4648 1502 4716 jam
1549 4649 1716 4705 virtus
1758 4653 1844 4707 illa

263 4751 423 4790 suum
445 4750 580 4805 opus
610 4736 857 4805 explevit.
885 4737 998 4806 Qua
1025 4737 1182 4807 igitur
1207 4753 1360 4808 ptena
1387 4738 1528 4809 digni
1554 4754 1660 4795 non
1685 4741 1848 4798 fueri-

263 4841 412 4890 mus,
441 4829 487 4882 si
515 4829 845 4883 saecularium
887 4845 1062 4884 rerum
1101 4845 1256 4884 causa
1282 4839 1336 4885 et
1363 4832 1574 4886 servilia
1615 4835 1846 4890 sustine-

264 4933 392 4971 mus
416 4917 726 4981 ministeria,
753 4925 810 4972 et
835 4927 1027 4987 prmter
1049 4919 1354 4988 dignitatem
1381 4919 1717 4988 inservimus,
1751 4939 1840 4993 pe-

261 5007 454 5061 cunias
473 5007 840 5076 expendimus,
873 5024 993 5062 cum
1019 5008 1331 5077 janitoribus
1350 5011 1768 5078 eonfabulamur,
1788 5025 1846 5069 ut

261 5097 508 5152 scelestis
529 5091 830 5152 hominibus
846 5098 1144 5163 adulemur,
1187 5101 1361 5154 omnia
1380 5099 1608 5171 denique
1635 5113 1688 5157 et
1716 5104 1842 5158 dici-

262 5201 391 5241 mus
412 5197 467 5241 et
492 5187 730 5252 facimus,
745 5198 801 5243 ut
819 5189 1086 5259 proposita
1107 5189 1425 5257 efficiamus;
1446 5209 1540 5262 pro
1563 5195 1736 5250 divina
1758 5213 1844 5252 au-

261 5287 376 5331 tem
395 5276 509 5346 lege
533 5276 748 5332 fratrem
771 5278 860 5348 qui
886 5279 1159 5344 laesit,nou
1185 5279 1357 5334 solum
1385 5297 1491 5336 non
1519 5287 1842 5345 sustinemus

262 5382 515 5434 exorare,
547 5367 640 5424 sed
684 5377 740 5424 et
783 5370 924 5426 inter
963 5369 1154 5440 probra
1182 5371 1427 5428 ducimus
1467 5389 1588 5430 eum
1638 5379 1843 5448 priore'

332 5521 528 5590 ‘usavil.
555 5523 782 5590 inmarg:
825 5536 1022 5590 senatu)
1058 5531 1354 5590 sequentem
1377 5527 1552 5577 indicat
1585 5543 1596 5577 :
1624 5529 1749 5590 Quid
1772 5537 1842 5582 est

264 5583 480 5643 [ητίίιιιε.
500 5584 678 5635 homini
699 5583 782 5646 (nti
797 5592 841 5636 te
855 5585 1050 5648 texerit,
1068 5583 1194 5639 inim
1206 5587 1464 5649 remittere,
1478 5596 1560 5640 aut
1575 5583 1846 5645 omnimodo

266 5643 436 5696 uicini
455 5651 478 5696 2'
494 5655 595 5698 .von
615 5647 758 5697 enim.

582 5729 851 5791 l’nnoe.
894 5731 1009 5794 Gtt.
1057 5731 1281 5796 XLIX.

1188 235 1279 290 AD
1320 235 1635 292 PCPULUM
1676 237 2169 298 ANTIOCHENUM
2233 243 2457 300 HOMIL.
2503 244 2617 299 XX.

3448 259 3556 315 ειη

1977 353 2162 411 adire?
2184 356 2266 410 An
2290 371 2418 412 vero
2449 357 2542 413 tibi
2570 357 2764 428 probro
2789 375 2907 417 esse
2932 372 3084 433 putas
3107 409 3120 433 ,
3154 368 3198 423 si
3223 378 3272 424 tu
3304 371 3448 441 prior
3475 375 3553 429 lu-

1977 458 2125 498 crum
2152 449 2430 514 reportes?
2455 448 2564 503 lmo
2610 464 2738 504 vero
2782 457 3111 512 verecundia!
3153 475 3270 516 esse
3295 462 3472 533 debet,
3504 467 3551 521 si

1977 533 2028 586 in
2055 548 2119 588 eo
2143 533 2332 589 affectu
2351 537 2622 604 persistas,
2647 553 3027 613 exspectesque
3046 547 3214 605 donec
3243 553 3446 622 injurim
3465 573 3554 611 au-

1975 632 2090 678 ctor
2134 640 2231 692 pro
2279 627 2708 684 reconciliatione
2756 640 2807 686 te
2848 633 3042 689 adeat:
3077 637 3128 690 id
3175 641 3421 708 probrum
3450 685 3466 709 ,
3499 646 3550 700 id

1979 714 2182 781 vitium,
2217 715 2266 768 id
2294 716 2478 785 ingens
2521 718 2791 773 damnum.
2817 721 2914 789 Qui
2945 725 3084 778 enim
3131 728 3276 794 prinr
3316 733 3475 798 venit,
3507 735 3553 788 is

1979 812 2141 857 totum
2193 805 2394 859 lucrum
2441 809 2712 877 anticipat.
2743 811 2798 866 Si
2839 812 2981 867 enim
3021 815 3088 869 ab
3131 817 3235 871 alio
3281 831 3549 887 exoratus,

1975 896 2106 950 iram
2138 896 2413 965 relinquis,
2436 899 2510 952 illi
2537 900 2733 955 bonum
2762 917 2897 971 Opus
2927 905 3214 975 imputatur
3242 928 3257 963 :
3285 926 3388 965 non
3410 914 3552 968 enim

1976 985 2086 1039 Deo
2128 987 2520 1056 obtemperans,
2551 990 2642 1044 sed
2688 991 2765 1045 illi
2811 993 3133 1062 gratificans,
3163 998 3332 1071 legem
3379 1001 3553 1056 adim-

1976 1075 2216 1145 plevisti;
2241 1078 2380 1147 quod
2407 1079 2452 1134 si
2481 1081 2692 1136 nemine
2718 1082 3098 1154 intercedente,
3141 1105 3318 1161 neque
3343 1093 3432 1147 illo
3459 1095 3550 1164 qui

1974 1166 2109 1221 ltBSil
2126 1177 2176 1222 te
2195 1168 2422 1223 adeunte
2442 1180 2497 1225 et
2517 1186 2701 1240 preces
2722 1175 3026 1242 adhibente,
3053 1179 3165 1248 ipse
3186 1182 3386 1252 rejects
3405 1186 3548 1239 omni

1973 1255 2174 1324 pudore
2201 1256 2331 1311 nihil
2360 1266 2656 1327 cunctatus,
2683 1261 2749 1316 ad
2780 1263 2984 1333 injuriae
3011 1277 3278 1324 auctorem
3306 1287 3551 1330 accurre-

1972 1346 2065 1409 ris,
2087 1346 2241 1416 eique
2260 1348 2367 1402 iras
2396 1357 2511 1405 tuas
2546 1352 2847 1418 resolveris,
2887 1363 3033 1410 tuum
3075 1372 3142 1414 ex
3179 1369 3289 1416 toto
3324 1361 3381 1416 fit
3420 1363 3552 1418 illud

1971 1435 2224 1502 ofﬁcium,
2243 1439 2652 1510 universamque
2671 1443 2970 1500 mercedem
2999 1446 3111 1515 ipse
3134 1449 3377 1519 recipies.
3400 1451 3456 1508 Si
3473 1452 3551 1508 di-

1973 1543 2120 1591 xero,
2138 1529 2348 1594 Jejuna,
2364 1533 2604 1600 corporis
2622 1534 3028 1592 imbecillitatem
3049 1539 3173 1594 mibi
3203 1543 3434 1598 subinde
3463 1547 3552 1601 ob-

1971 1617 2222 1675 tendis:sl
2235 1621 2439 1687 dixero,
2455 1622 2556 1678 Des
2573 1626 3011 1696 pauperi,allegas
3027 1641 3208 1685 contra
3228 1640 3368 1687 tuam
3387 1636 3553 1690 tenui-

1972 1715 2154 1773 tatem,
2170 1721 2224 1764 et
2245 1725 2378 1768 onus
2394 1711 2790 1769 eduCandorum
2807 1717 3089 1773 liberorum
3121 1738 3135 1773 :
3163 1722 3206 1775 si
3223 1724 3425 1790 dixero,
3446 1726 3550 1782 Des

1969 1813 2183 1868 operam
2215 1816 2380 1856 sacrae
2401 1805 2609 1874 synaxi,
2628 1809 2909 1864 sccculares
2943 1825 3098 1867 curas
3122 1830 3134 1866 :
3154 1813 3199 1868 si
3228 1813 3432 1880 dixero,
3451 1819 3547 1872 At-

1969 1892 2128 1948 tende
2156 1896 2500 1951 concionibus
2525 1912 2588 1952 ac
2613 1899 2865 1956 doctrina:
2891 1903 2996 1957 vim
3041 1905 3297 1979 intelligo,
3331 1909 3548 1982 imperi-

1970 1985 2094 2039 tiam
2129 2004 2141 2039 :
2174 1987 2218 2040 si
2245 1987 2450 2053 dixero,
2479 1989 2586 2044 Fac
2631 2001 2688 2046 ut
2733 1994 2893 2048 alium
2937 1999 3210 2067 emendes,
3257 2005 3549 2072 rcSpondes

1969 2077 2115 2132 illum
2135 2079 2235 2134 tuis
2254 2081 2466 2135 monitis
2496 2098 2602 2138 non
2633 2085 3154 2156 obtemperaturum;
3184 2108 3325 2163 sazpe
3346 2109 3466 2150 eum
3491 2106 3542 2152 te

1967 2167 2106 2222 inter
2129 2169 2409 2224 dicendum
2452 2181 2790 2240 aspernatum
2839 2175 3020 2232 fuisse.
3060 2177 3288 2250 Frigida:
3331 2185 3543 2254 quidem

1967 2258 2081 2312 ista:
2107 2268 2232 2314 sunt
2271 2262 2711 2328 causiﬁcationes,
2743 2265 2835 2319 sed
2876 2268 3297 2326 causificatioues
3345 2281 3544 2329 tamen.

1965 2349 2114 2414 Quod
2139 2352 2182 2404 si
2207 2351 2412 2416 dixero,
2443 2353 2578 2408 iram
2627 2354 2855 2422 dimitte,
2883 2359 3009 2428 quid
3056 2360 3274 2416 istorum
3318 2365 3547 2436 allegare

1967 2440 2339 2508 poteris?Non
2369 2445 2607 2513 corporis
2638 2446 3073 2516 imbecillitatem,
3119 2467 3224 2507 nou
3266 2466 3548 2525 pauperta-

1965 2539 2092 2597 tem,
2145 2547 2249 2585 non
2297 2532 2635 2603 imperitiam,
2686 2553 2788 2590 non
2837 2540 3231 2609 occupationes,
3279 2545 3352 2598 nil
3399 2555 3545 2602 certe

1965 2619 2183 2674 istorum
2211 2622 2423 2677 obtendi
2447 2633 2620 2693 potest
2656 2626 2696 2679 ‘z
2726 2639 3047 2698 quapropter
3068 2632 3283 2688 minime
3307 2636 3543 2691 omnium

1965 2709 2066 2763 hoc
2087 2721 2358 2778 peccatum
2391 2715 2597 2767 veniam
2623 2725 2877 2770 meretur.

2041 2779 2178 2833 Deus
2225 2799 2324 2835 non
2351 2785 2556 2836 remittit
2583 2784 2742 2849 nobis,
2775 2789 2818 2840 si
2847 2805 2948 2841 non
2979 2791 3294 2847 remittamus-
3314 2795 3447 2850 aliis.
3473 2827 3545 2838 --

1965 2869 2244 2938 Quomodo
2273 2876 2472 2941 poteris
2499 2889 2684 2929 manus
2703 2877 2753 2929 in
2775 2878 2960 2931 ca-lum
2979 2882 3297 2948 extendere,
3330 2894 3422 2939 aut
3441 2887 3544 2941 lin-

1959 2974 2115 3028 guam
2138 2976 2378 3030 movere,
2405 2972 2496 3018 aut
2514 2965 2719 3020 veniam
2748 2968 3049 3035 postulare?
3072 2971 3125 3025 Si
3147 2973 3288 3026 enim
3319 2975 3544 3032 voluerit

1961 3051 2056 3104 tibi
2085 3051 2224 3106 Deus
2253 3063 2467 3122 peccata
2494 3056 2823 3124 condonare,
2875 3068 2928 3114 tu
2958 3061 3009 3116 id
3053 3078 3157 3116 non
3196 3066 3459 3133 permittis
3482 3071 3502 3100 ³
3523 3109 3539 3133 ,

1959 3155 2078 3194 cum
2106 3140 2361 3198 adversus
2381 3158 2694 3200 conservum
2718 3146 2981 3204 offensum
3012 3154 3248 3206 animum
3287 3157 3536 3212 retineas.

1961 3231 2065 3287 Sed
2086 3235 2315 3289 crudelis
2339 3244 2441 3301 est,
2469 3237 2661 3306 inquis,
2680 3249 2732 3291 et
2757 3238 2972 3304 efferus,
2997 3257 3170 3312 poena:
3191 3245 3541 3316 vindietznque

1958 3323 2165 3379 avidus.
2207 3326 2343 3391 Quin
2370 3327 2439 3382 ob
2464 3327 2690 3397 idipsum
2715 3342 2930 3400 peccata
2962 3335 3190 3388 remitte.
3223 3334 3414 3391 lliult'as
3455 3341 3536 3392 in-

1955 3413 2126 3481 jurias
2157 3417 2341 3481 tulisti,
2375 3417 2556 3472 multis
2578 3421 2836 3488 spoliatus
2864 3437 2952 3489 cs,
2985 3439 3128 3493 saepe
3160 3428 3394 3483 convicia
3439 3445 3536 3483 au-

1960 3503 2105 3568 disti,
2132 3504 2182 3557 in
2204 3507 2446 3560 maximis
2472 3510 2630 3562 rebus
2650 3509 2901 3565 damnum
2929 3528 3115 3580 passus
3131 3532 3208 3581 es,
3236 3532 3297 3572 ac
3314 3520 3537 3588 proinde

1956 3593 2227 3648 desideras
2254 3611 2461 3663 pmnam
2480 3598 2865 3670 inimici.Atqui
2887 3602 2937 3656 in
2965 3603 3066 3658 hoc
3085 3605 3254 3674 ipsum
3278 3609 3420 3662 utilis
3439 3612 3530 3664 tibi

1957 3681 2276 3737 condonatio
2301 3685 2645 3744 offensarum.
2679 3689 2732 3742 Si
2763 3692 2903 3745 enim
2934 3693 3045 3761 ipse
3072 3697 3316 3752 vindictae
3335 3699 3536 3754 incum-

1955 3770 2049 3826 bas
2069 3773 2427 3843 ultionemque
2445 3790 2646 3842 sumas,
2670 3780 2780 3834 sive
2796 3796 2890 3849 per
2908 3784 3090 3850 verba,
3120 3787 3231 3841 sive
3252 3803 3348 3857 per
3371 3791 3525 3855 facta,

1953 3863 2064 3917 sive
2100 3877 2195 3930 per
2220 3864 2674 3934 imprecationem,
2694 3871 2834 3926 Deus
2856 3873 2968 3943 ipse
2992 3889 3021 3928 a
3049 3878 3306 3934 sumenda
3333 3880 3534 3937 ultione

1956 3954 2344 4022 supersedebit,
2380 3966 2559 4026 utpote
2588 3969 2638 4013 te
2668 3972 2941 4032 satagente
2962 3967 3098 4022 circa
3130 3970 3201 4022 tui
3226 3970 3389 4040 ipsius
3411 3975 3531 4027 vin-

1953 4041 2146 4096 dictam
2180 4061 2194 4096 :
2227 4045 2334 4098 imo
2363 4061 2466 4100 non
2491 4047 2660 4102 solum
2690 4066 2793 4104 non
2818 4066 3162 4125 persequetur
3186 4073 3370 4127 poenas
3394 4062 3531 4133 inju-

1954 4131 2151 4185 riarum
2195 4132 2285 4187 tibi
2313 4135 2598 4205 illatarum,
2626 4140 2720 4194 sed
2742 4156 2770 4193 a
2794 4143 2961 4212 teipse
2979 4146 3229 4202 mulctam
3252 4131 3457 4220 exiget,
3473 4164 3530 4209 ut

1954 4220 2206 4290 injuriose
2251 4239 2281 4278 a
2314 4233 2365 4280 te
2382 4224 2608 4281 habitus.

2022 4311 2076 4366 4.
2117 4311 2268 4378 Quod
2293 4315 2338 4369 si
2369 4315 2421 4370 in
2452 4316 2754 4374 hominibus
2778 4323 2828 4377 id
2858 4322 2934 4389 fit,
2968 4336 3024 4380 ut
3051 4329 3331 4386 verberato
3366 4349 3397 4389 a
3427 4351 3526 4391 no-

1952 4400 2034 4456 bis
2060 4401 2238 4458 alieuo
2263 4420 2438 4472 servo,
2465 4409 2706 4464 dominus
2736 4412 2875 4468 illius
2897 4417 3212 4486 indignetur,
3235 4431 3289 4477 et
3317 4421 3418 4480 hoc
3442 4426 3526 4481 in-

1948 4490 2141 4560 juriam
2162 4509 2283 4550 esse
2309 4495 2482 4563 dicat;
2527 4500 2627 4568 ipsi
2653 4519 2866 4573 quoque
2897 4508 2940 4560 si
2978 4508 3187 4578 injuriis
3227 4515 3525 4579 aﬂiciamur

1953 4584 2038 4638 vel
2064 4599 2093 4636 a
2123 4587 2313 4651 servis,
2339 4589 2422 4644 vel
2448 4605 2477 4643 a
2509 4591 2707 4658 liberis,
2739 4601 2996 4653 sententia
3018 4601 3254 4670 judicum
3278 4616 3332 4662 et
3357 4608 3519 4665 domi-

1953 4687 2142 4728 norum
2189 4680 2540 4746 exspectanda
2572 4692 2693 4736 est:
2723 4685 2768 4738 si
2807 4687 2967 4757 igitur
2992 4691 3043 4746 in
3091 4694 3250 4750 rebus
3276 4695 3525 4756 humanis

1952 4779 2108 4818 nemo
2127 4765 2225 4820 sibi
2254 4776 2366 4822 tuto
2387 4768 2640 4826 ultionem
2660 4776 2840 4841 sumit,
2863 4792 3059 4847 quanto
3079 4786 3246 4855 magis
3263 4787 3315 4840 id
3339 4787 3524 4844 obser-

1950 4855 2176 4910 vandum
2196 4858 2248 4912 in
2271 4858 2430 4913 rebus
2451 4860 2572 4926 illis,
2592 4862 2679 4916 ubi
2700 4863 2840 4922 Deus
2860 4868 2974 4939 ipse
2993 4871 3181 4927 vindex
3199 4877 3520 4937 constitutus

1949 4945 2056 4998 est?
2071 4945 2147 5001 Te
2160 4963 2284 5002 vero
2299 4948 2489 5019 injuria
2510 4953 2752 5010 affecitet
2773 4958 2926 5023 itesit,
2944 4976 3005 5015 ac
3022 4963 3294 5020 innumera
3323 4967 3417 5022 tibi
3435 4969 3520 5024 fe-

1941 5026 2014 5080 cit
2033 5029 2317 5096 proximus
2337 5034 2476 5085 mala
2497 5047 2510 5081 :
2541 5046 2673 5091 cave
2691 5052 2906 5104 prs-naut
2927 5035 3073 5096 tuam
3095 5062 3522 5120 pet'sequare,ne

1938 5118 2221 5174 dominum
2241 5133 2392 5176 tuum
2413 5128 2810 5189 contumeliose
2831 5138 3028 5189 tractes
3051 5154 3062 5195 :
3084 5139 3215 5194 cede
3236 5118 3377 5210 Deo;
3399 5150 3517 5220 ipse

1937 5213 2214 5306 negotium
2283 5219 2456 5276 multo
2501 5221 2698 5279 melius
2750 5225 3190 5298 administrabit,
3234 5213 3509 5306 quam-tu

1939 5296 2107 5365 cupis.

2013 5391 2086 5442 De
2099 5405 2201 5443 non
2218 5392 2474 5458 faciendis
2491 5407 2677 5451 contra
2693 5415 2931 5460 mimicas
2949 5420 3513 5490 tittprecationibus.—

2009 5536 2036 5606 ι.
2061 5544 2165 5586 ειν.
2190 5537 2380 5610 quodsi
2403 5541 2591 5613 direre.
2625 5563 2646 5590 ι
2672 5555 2796 5598 Imm
2823 5551 3026 5617 dimitte,
3041 5574 3065 5605 ι
3093 5572 3186 5613 non
3203 5566 3416 5633 αιὶεοηνε
3437 5585 3524 5638 ρο.

2009 5609 2060 5638 ’13
2082 5611 2295 5638 rm'mru
2316 5602 2682 5638 ιηώρηηηηιοη.
2726 5620 2804 5638 ο...

1943 5602 2295 5668 τυρίονροώ
2315 5602 2700 5668 imbecillitatem,
2725 5620 2820 5662 etc.

2009 5661 2030 5691 ³
2064 5666 2189 5720 δεῖ..
2215 5667 2266 5711 tu
2280 5675 2370 5713 neu
2390 5667 2638 5717 censentis.

3135 5750 3211 5814 13
