4020 6216
438 194 545 246 205

432 302 554 354 ’l‘ibi
574 295 1144 363 solutmnodojussum
1164 301 1266 354 est,
1291 299 1347 343 ut
1368 306 1466 359 pro
1479 305 1544 344 eo
1559 290 1653 360 qui
1667 298 1716 344 te
1732 289 2018 357 laesit,pre-

438 408 532 446 ces
549 385 903 456 fundas;quid
919 394 1099 439 autem
1117 384 1184 438 de
1195 397 1260 437 eo
1273 381 1619 437 statuendum
1633 380 1834 446 sit,sibi
1852 395 2021 434 reser-

438 482 553 536 vari
582 480 765 553 jussit.
799 475 1110 546 Numquam
1141 474 1240 528 tibi
1265 473 1402 527 tales
1431 473 1669 527 ultiones
1702 485 2014 541 assequere,

437 575 626 644 quales
648 587 744 643 pro
764 581 814 626 te
832 571 923 626 ille
944 569 1242 634 instruxit;
1267 567 1428 622 modo
1449 567 1522 620 illi
1539 565 1630 635 jus
1651 574 1803 620 tuum
1821 579 1990 620 conce
2005 591 2020 603 ο

437 669 556 729 das,
572 680 671 719 nec
688 665 1110 733 imprecationes
1130 659 1300 715 facias
1316 659 1578 713 adversus
1595 657 1902 720 inimicum,
1924 653 2019 710 sed

437 759 512 812 illi
529 758 810 825 relinquas
823 754 1111 809 arbitrium
1125 751 1408 821 judicandi
1433 768 1445 803 :
1469 750 1582 805 sive
1601 749 1745 802 enim
1764 761 1862 801 nos
1877 745 2022 816 inju-

438 851 549 905 rias
565 846 1082 912 condonemus,sive
1096 841 1655 908 reconciliemur,sive
1673 855 1770 909 pro
1785 838 2020 892 inimicis

441 938 866 1010 precemur,nisi
889 937 990 1006 ipsi
1009 935 1257 990 conversi
1279 932 1479 988 fuerint
1496 940 1660 1001 atque
1678 931 1733 984 in
1750 930 1945 985 melius
1963 942 2021 984 se-

449 1027 787 1090 mutaverint,
811 1025 952 1079 Deus
972 1023 1088 1094 ipse
1111 1038 1218 1077 non
1243 1021 1500 1084 dimittet;
1529 1032 1633 1072 non
1660 1015 1891 1070 dimittet
1916 1029 2015 1066 au-

449 1131 554 1173 tem
584 1133 768 1173 eorum
794 1116 1003 1172 utilitati
1031 1114 1271 1169 studens.
1303 1112 1379 1167 Te
1399 1110 1593 1181 quippe
1611 1108 1808 1172 laudat,
1842 1116 2016 1160 tuam-

444 1226 546 1280 que
575 1207 961 1279 philosophiam
995 1204 1352 1275 amplectitur,
1381 1203 1526 1256 illum
1557 1215 1685 1255 vero
1716 1198 1900 1268 punit,
1952 1211 2017 1250 ne

448 1314 532 1355 tua
559 1298 892 1370 philosophia
917 1298 1150 1352 deterior
1170 1294 1437 1350 reddatur.
1462 1291 1816 1360 Quamobrem
1847 1287 2018 1342 inanis

447 1404 527 1448 est
555 1392 641 1446 illa
671 1390 812 1461 vulgi
850 1388 1134 1444 sententia.
1182 1385 1326 1439 Multi
1355 1385 1496 1438 enim
1522 1398 1550 1435 a
1581 1381 1734 1436 nobis
1763 1377 2016 1433 admoniti

445 1497 604 1551 super
619 1479 1070 1542 reconciliatione,
1109 1475 1198 1529 tibi
1221 1474 1588 1542 obtemperare
1612 1485 1714 1522 non
1751 1467 2015 1538 placebat,

448 1572 582 1624 hanc
598 1569 991 1625 excusationem
1011 1563 1420 1635 praetenderant,
1445 1575 1561 1630 quae
1583 1559 1710 1612 nihil
1734 1557 1873 1611 aliud
1900 1556 2014 1620 fuit,

445 1679 602 1728 quam
633 1666 905 1730 pretextus
931 1658 1164 1726 ipsorum
1192 1652 1434 1706 malitiae:
1469 1649 1608 1704 nolle
1633 1648 1833 1702 scilicet
1856 1661 1914 1701 se
1936 1661 2019 1700 re-

447 1753 894 1812 conciliationem,
919 1762 984 1801 ne
1011 1745 1332 1800 deteriorem
1377 1741 1644 1794 inimicum
1677 1738 1868 1793 faciant
1891 1779 1905 1802 ,
1951 1750 2019 1791 ne

447 1841 772 1894 acerbiorem
805 1845 984 1906 postea
1013 1843 1068 1889 el.
1092 1832 1344 1902 majorem
1373 1829 1486 1899 ejus
1527 1835 1885 1896 contemptum
1922 1840 2017 1880 ex-

448 1932 742 2000 periantur.
772 1926 851 1981 Ad
876 1927 991 1980 hate
1032 1923 1160 1978 illud
1187 1937 1396 1992 quoque
1422 1920 1694 1989 adjiciunt,
1721 1917 1877 1986 vulgo
1904 1915 2019 1970 exi-

448 2023 717 2075 stimatum
748 2017 809 2072 iri
832 2059 845 2080 ,
876 2017 1018 2086 ipsos
1047 2022 1263 2085 pr0pter
1285 2011 1696 2065 imbecillitatem
1725 2009 1926 2076 priores
1953 2005 2020 2060 ad

447 2109 930 2164 reconciliationem
957 2106 1409 2175 placationemque
1431 2100 1626 2155 inimici
1650 2100 1873 2154 venisse.
1898 2097 2024 2153 llmc

445 2204 623 2255 omnia
650 2213 781 2252 vana
811 2207 968 2252 sunt:
1001 2195 1190 2249 oculus
1211 2194 1356 2249 enim
1389 2193 1475 2247 ille
1507 2206 1790 2261 numquam
1820 2188 2022 2243 dormi-

452 2305 569 2346 tans
592 2290 737 2344 novit
761 2297 995 2343 mentem
1022 2296 1185 2352 tuam,
1207 2300 1270 2338 ac
1292 2283 1513 2354 proinde
1537 2297 1915 2337 conservorum
1935 2296 2024 2333 ru-

450 2381 720 2436 musculos
747 2392 935 2435 curare
963 2391 1068 2431 non
1092 2375 1348 2432 debemus
1372 2416 1388 2440 ,
1419 2373 1577 2428 modo
1611 2372 1773 2442 judiei
1798 2385 2023 2443 persna-

448 2473 596 2537 deas,
627 2471 718 2543 qui
743 2470 808 2526 de
831 2484 990 2525 causa
1017 2477 1100 2521 tua
1122 2465 1450 2536 judicaturus
1479 2474 1578 2520 est.
1611 2465 1667 2519 Si
1697 2473 1872 2518 autem
1896 2461 2023 2517 illud

449 2564 543 2617 tibi
567 2577 710 2616 cura:
735 2570 835 2624 est,
864 2574 932 2613 ne
961 2574 1082 2612 eum
1109 2556 1428 2611 deteriorem
1453 2564 1538 2609 tua
1572 2555 1804 2608 bonitate
1833 2553 2020 2617 iacias;

448 2654 587 2708 scias
611 2651 792 2717 velim,
822 2665 942 2704 eum
966 2648 1067 2702 hoc
1089 2656 1244 2717 pacto
1272 2646 1596 2701 deteriorem
1628 2661 1731 2700 non
1763 2644 2022 2710 futurum,

450 2745 542 2800 sed
574 2744 893 2798 deteriorem
927 2741 1105 2812 potius
1135 2738 1366 2794 futurum
1389 2781 1404 2805 ,
1435 2739 1478 2793 si
1510 2755 1630 2794 eum
1661 2754 1767 2793 non
1805 2739 1979 2808 places
2007 2754 2022 2791 :

453 2852 574 2890 nam
593 2835 693 2890 etsi
717 2833 1016 2888 mortalium
1060 2831 1298 2886 omnium
1336 2830 1744 2886 scelestissimus
1785 2830 1882 2896 sit,
1925 2829 2026 2884 etsi

453 2943 556 2980 non
587 2925 731 2982 dicat
753 2938 924 2993 neque
945 2922 1118 2992 palam
1148 2935 1256 2991 prce
1283 2936 1342 2976 se
1371 2919 1523 2987 lerat,
1556 2930 1787 2975 attamen
1839 2921 2026 2974 tacitus

457 3017 772 3087 approbabit
787 3025 918 3070 tuos
940 3014 1333 3085 philosophicas
1362 3027 1538 3067 mores
1556 3054 1572 3079 ,
1601 3012 2028 3081 conscientiaque

452 3124 545 3161 sua
579 3118 719 3163 tuam
746 3105 1079 3162 reverebitur
1099 3103 1576 3158 mansuetudinem.
1607 3102 1759 3170 Quod
1789 3103 1833 3156 si
1856 3102 1908 3155 in
1935 3118 2027 3155 ea-

452 3199 573 3252 dem
603 3197 932 3268 malignitate
954 3194 1270 3265 perstiterit,
1293 3209 1389 3248 nec
1411 3193 1678 3247 blanditiis
1707 3192 2025 3256 emolliatnr,

456 3290 966 3358 maximam-patiam
997 3301 1026 3340 a
1058 3285 1168 3340 Deo
1188 3284 1484 3338 sustinebit.
1512 3282 1579 3338 Ut
1599 3291 1772 3336 autem
1791 3282 2026 3344 discatis,

456 3383 665 3438 tametsi
694 3396 792 3436 nos
813 3395 1028 3435 oremus
1059 3393 1155 3447 pro
1171 3377 1396 3431 inimicis
1431 3385 1483 3430 et
1512 3373 1815 3443 iujuriosis,
1862 3373 2027 3427 Deum

456 3491 558 3528 non
589 3473 854 3528 dimittere
876 3471 982 3526 illis
1009 3478 1244 3540 peccata,
1273 3469 1315 3522 si
1343 3483 1409 3522 ex
1439 3476 1617 3522 nostra
1641 3467 1917 3521 tolerantia
1940 3465 2032 3518 de-

457 3566 676 3621 teriores
697 3565 842 3628 ﬁant,
864 3571 1096 3618 veterem
1120 3558 1392 3614 historiam
1419 3559 1566 3613 vobis
1588 3557 1896 3613 reccnsebo.
1925 3556 2029 3611 0b-

456 3660 696 3714 trectavit
715 3657 882 3728 Moysi
907 3655 1068 3710 Maria
1097 3673 1112 3708 :
1140 3653 1266 3723 quid
1288 3652 1375 3707 hic
1396 3651 1574 3707 Deus?
1597 3651 1882 3720 Leprosam
1911 3665 2028 3704 eam

457 3761 511 3805 et
532 3750 855 3806 immundam
876 3748 1022 3811 fecit,
1042 3747 1258 3814 probam
1291 3745 1494 3814 alioqui
1517 3753 1569 3799 et
1592 3753 1816 3808 castam;
1840 3743 2032 3798 deinde

458 3842 638 3912 Moyse
667 3840 1010 3909 deprecante,
1042 3837 1130 3906 qui
1159 3851 1274 3890 eam
1299 3835 1542 3904 injuriam
1575 3849 1762 3904 passus
1791 3845 1904 3889 erat
1929 3877 1942 3899 ,
1974 3843 2032 3887 ut

459 3933 660 3986 crimen
681 3928 1004 3991 remitteret,
1038 3926 1206 3982 noluit
1233 3927 1390 3990 Deus,
1420 3925 1514 3979 sed
1557 3926 1682 3993 quid
1727 3925 1932 3996 inquit?
1972 3925 2033 3979 Si

461 4023 1014 4093 inspuensinsputasset
1035 4026 1175 4089 pater
1201 4017 1252 4069 in
1278 4016 1436 4084 ipsius
1460 4015 1661 4083 faciem,
1689 4033 1791 4069 non
1821 4015 2033 4084 confusa

463 4112 672 4181 fuisset?
697 4110 921 4176 Maneat,
940 4108 1128 4177 inquit,
1153 4116 1296 4161 extra
1317 4115 1480 4158 castra
1509 4114 1694 4174 septem
1715 4106 1818 4160 dies
1846 4104 2030 4176 (Num.

467 4204 554 4258 12.
589 4202 698 4272 li).
724 4200 875 4270 Quod
897 4209 1073 4254 autem
1102 4196 1230 4251 dicit
1256 4195 1356 4251 tale
1386 4204 1498 4250 est:
1526 4195 1581 4250 Si
1601 4203 1800 4263 patrem
1823 4195 2036 4249 habuis-

461 4303 562 4359 set,
592 4295 744 4362 isque
785 4307 903 4347 eam
928 4307 958 4345 a
987 4296 1273 4358 conspectu
1290 4301 1391 4341 suo
1415 4285 1748 4350 removisset,
1781 4286 2034 4355 numquid

466 4401 573 4440 non
607 4384 854 4437 toleraret
891 4395 1007 4436 eam
1035 4375 1593 4447 increpationem?'Te
1623 4375 1833 4445 quidem
1881 4375 2036 4430 laudo

465 4477 534 4530 de
555 4473 784 4527 fraterna
812 4471 1028 4540 pietate,
1074 4466 1476 4522 mansuetudine
1511 4474 1565 4520 et
1606 4464 1859 4530 bonitate,
1908 4465 2035 4519 mihi

464 4574 644 4620 autem
671 4572 870 4626 notum,
894 4559 1105 4631 quando
1135 4558 1280 4612 illam
1307 4564 1549 4626 oporteat
1569 4555 1761 4610 ab'hac
1789 4570 1940 4624 pmna
1971 4555 2036 4608 li-

468 4655 658 4713 berari.
674 4641 1027 4720 Quamobrem
1044 4657 1097 4704 et
1115 4657 1170 4702 tu
1195 4662 1403 4718 quoque
1423 4646 1923 4701 omnemhumanita
1933 4655 2035 4701 tem

466 4744 690 4801 ostende
716 4757 839 4814 erga
870 4743 1106 4804 fratrem,
1139 4753 1310 4807 neque
1335 4737 1550 4806 majoris
1579 4737 1823 4791 vindicta:
1838 4737 2040 4808 cupidi-

467 4849 578 4893 tate
607 4836 798 4891 delicta
827 4832 1081 4890 dimittas.
1111 4828 1203 4883 sed
1234 4828 1450 4882 caritate
1477 4836 1529 4881 et
1575 4827 1802 4896 benigno
1838 4828 2036 4881 animo.

471 4931 526 4983 ιιι
552 4927 652 4982 tibi
679 4935 881 4981 eertum
933 4921 1069 4977 habe
1089 4963 1102 4986 ,
1135 4919 1274 4990 quod
1305 4928 1500 4988 quanto
1529 4919 1695 4988 magis
1723 4927 2038 4988 aspernatus

472 5019 630 5073 Fuerit
660 5027 760 5071 tua:
777 5000 1100 5085 placationis
1125 5008 1459 5074 industriam,
1493 5016 1639 5061 tanto
1661 5008 1914 5074 majorem
1939 5009 2039 5063 sibi

473 5123 683 5178 pmnam
705 5113 1000 5161 coacervat.
1023 5100 1159 5169 Quid
1191 5100 1304 5153 ais?
1331 5098 1563 5153 deterior
1590 5097 1648 5152 ﬁt
1685 5097 1942 5152 colendo?
1988 5098 2040 5151 ld

470 5203 672 5255 crimen
719 5199 917 5269 ipsius,
953 5204 1115 5250 .tuum
1153 5201 1331 5248 autem
1377 5190 1698 5254 eneomium,
1745 5188 1884 5259 quod
1919 5205 2039 5242 eum

473 5305 594 5343 eum
612 5289 770 5342 talem
798 5288 1006 5342 videres
1032 5284 1285 5347 futurum,
1319 5298 1424 5337 non
1459 5291 1631 5336 tamen
1657 5281 1723 5335 ab
1739 5297 1802 5336 eo
1817 5281 2041 5334 colendo

473 5377 760 5442 abstiteris,
784 5387 840 5432 ut
867 5379 1055 5432 divinae
1072 5375 1329 5431 voluntati
1364 5374 1694 5429 satisfaceres
1719 5391 1731 5425 :
1758 5373 1919 5442 ipsius
1939 5373 2042 5426 cri-

473 5485 619 5533 men,
648 5468 785 5538 quod
801 5477 884 5522 tua
913 5467 1326 5523 bonitatenihilo
1347 5483 1502 5538 quam
1524 5476 1676 5521 antea
1705 5467 1892 5520 melior
1920 5465 2042 5520 red-

523 5593 538 5626 ³
567 5594 620 5648 in
650 5596 816 5661 SaviL,
844 5597 988 5650 stulto
1008 5605 1166 5650 amem
1188 5599 1440 5663 aptabit'ius
1474 5605 1562 5658 est,
1609 5599 1796 5651 caussis
1820 5597 1895 5651 his
1917 5601 2042 5650 voci-

1142 187 1197 242 S.
1238 186 1512 242 JOANNIS
1546 180 2016 241 GllRYSOSTOMl
2053 179 2371 236 ARClllEP.
2413 175 2938 234 CONSTANTiNOP.

3577 171 3653 226 9ο
3664 174 3686 226 ὅ

2122 289 2284 346 ditur.
2319 290 2512 344 Paulus
2534 303 2658 342 vero
2683 288 2789 352 ait,
2820 286 2984 340 multo
3022 284 3304 354 optabilius
3331 287 3346 315 ⁸
3375 283 3506 338 alios
3538 286 3693 339 incu-

2120 382 2225 436 sari
2251 390 2464 450 propter
2489 394 2607 443 nos,
2631 393 2788 448 quam
2821 391 2919 430 nos
2943 385 3157 445 propter
3181 375 3333 428 alios.
3355 374 3431 428 Nc
3459 375 3585 430 mihi
3605 377 3695 429 dio

2121 473 2262 526 xeris
2289 469 2473 541 frigida
2497 469 2594 523 ista
2619 469 2777 523 verba
2795 511 2810 534 ,
2839 466 3139 522 Verendum
3185 481 3254 519 ne
3277 465 3348 519 ob
3377 476 3575 519 metum
3604 481 3695 520 mo

2119 570 2268 631 putet
2297 561 2363 615 ad
2389 576 2447 615 se
2474 561 2787 623 accurrisse,
2818 573 2880 612 ac
2903 558 3121 626 proinde
3145 557 3373 626 majores
3402 557 3568 610 fastus
3596 573 3691 612 su-

2122 661 2266 705 mat:
2299 653 2516 720 puerilis
2542 651 2640 704 ista
2661 651 2821 704 animi
2853 658 2974 705 sunt
2997 658 3050 704 et
3069 649 3304 712 stulti,et
3331 649 3395 703 ad
3419 649 3691 703 hominum

2120 743 2564 797 existimationem
2592 742 3030 810 obstupescentis.
3063 740 3217 795 Putet
3257 757 3384 796 sane
3431 743 3570 812 quod
3624 745 3694 797 ob

2123 845 2318 889 metum
2348 835 2650 920 accessisti:
2677 850 2796 889 nam
2815 843 2870 888 et
2893 833 2962 888 ita
2995 849 3198 888 merces
3217 843 3302 888 tua
3325 835 3495 904 major
3518 835 3694 890 futura

2122 934 2223 986 est,
2251 940 2369 978 cum
2397 933 2450 978 et
2478 924 2616 979 istud
2640 937 3058 994 praecognoscas,
3079 934 3132 978 et
3157 932 3332 979 tamen
3353 926 3421 980 ob
3449 927 3692 981 timorem

2126 1014 2217 1068 Dei
2246 1016 2421 1068 omnia
2457 1014 2739 1068 sustineas.
2768 1013 2868 1080 Qui
2907 1013 3047 1067 enim
3081 1014 3270 1067 famam
3295 1015 3564 1069 hominum
3594 1032 3692 1069 au-

2123 1121 2342 1176 cupans,
2366 1106 2848 1160 reconciliationem
2876 1106 3104 1160 instituit
3133 1148 3150 1172 ,
3189 1106 3517 1161 abscinditur
3539 1123 3570 1161 a
3604 1123 3692 1162 re-

2124 1199 2436 1253 munerandi
2460 1200 2608 1254 lucro
2641 1217 2655 1254 :
2685 1199 2774 1268 qui
2803 1209 2980 1252 autem
3010 1198 3112 1252 hoc
3134 1199 3301 1267 ipsmn
3322 1199 3478 1267 plane
3507 1201 3690 1269 cogni-

2123 1301 2232 1346 tum
2255 1291 2434 1357 habet,
2463 1291 2602 1362 quod
2633 1290 2783 1344 multi
2809 1300 2866 1344 et
2893 1290 3186 1344 irridebunt
3218 1299 3272 1344 et
3302 1291 3692 1360 vituperabunt,

2125 1397 2295 1452 neque
2321 1389 2497 1436 tamen
2517 1380 2600 1435 vel
2622 1383 2688 1434 ita
2707 1380 2913 1434 absistit
2929 1396 2958 1433 a
2986 1381 3432 1446 reconciliatione,
3455 1381 3696 1450 duplica-

2126 1481 2231 1526 tam
2262 1480 2317 1528 et
2347 1472 2663 1541 triplicatam
2689 1470 2907 1526 habebit
2932 1485 3201 1525 coronam.
3252 1472 3317 1524 Et
3363 1470 3450 1524 hic
3488 1472 3700 1539 potissi-

2124 1579 2268 1618 mum
2291 1565 2334 1618 is
2354 1571 2456 1630 est,
2479 1563 2564 1632 qui
2589 1570 2804 1632 propter
2832 1561 3000 1615 Deum
3018 1562 3068 1615 id
3090 1561 3229 1614 fecit.
3259 1561 3335 1615 Ne
3375 1561 3502 1614 mihi
3527 1561 3697 1624 dicas,

2124 1654 2221 1708 has
2249 1662 2304 1709 et
2331 1653 2449 1708 illas
2479 1653 2694 1722 injurias
2724 1652 2900 1706 intulit
2929 1670 2944 1706 :
2976 1667 3096 1705 nam
3138 1651 3182 1704 si
3228 1651 3479 1720 quidquid
3526 1652 3697 1706 malo-

2125 1760 2242 1798 rum
2271 1752 2355 1799 est
2383 1743 2436 1797 in
2461 1743 2782 1808 hominibus,
2817 1741 2869 1796 id
2898 1741 3154 1795 adversus
3177 1751 3228 1795 te
3255 1741 3697 1811 deprompsisset,

2125 1835 2284 1889 etiam
2313 1834 2384 1888 ita
2406 1833 2566 1906 jussit
2593 1833 2730 1887 Deus
2749 1830 2980 1886 offensas
3009 1833 3300 1887 remittere.

2200 1926 2251 1980 5.
2269 1924 2568 1979 Inimicitias
2588 1941 2819 1978 exercens
2843 1941 2906 1978 ne
2925 1924 2992 1977 ad
3011 1941 3207 1978 sacram
3226 1940 3447 1978 mensam
3471 1926 3699 1978 accedat.

2124 2019 2338 2073 -—Eece
2364 2017 2614 2087 prmdico,
2644 2027 2698 2072 et
2726 2026 3018 2082 contestor,
3032 2024 3087 2071 et
3107 2017 3249 2070 clara
3272 2031 3401 2070 voce
3437 2017 3702 2079 exclamo,

2129 2126 2285 2165 nemo
2314 2111 2403 2180 qui
2420 2110 2691 2165 inimicum
2713 2109 2905 2164 haheat
2929 2150 2943 2173 ,
2967 2109 3032 2163 ad
3059 2123 3262 2162 sacram
3284 2124 3522 2163 mensam
3547 2110 3707 2164 adeat

2127 2211 2181 2257 et
2207 2217 2397 2271 corpus
2425 2201 2625 2256 Christi
2645 2200 2904 2272 accipiat'
2944 2218 2958 2265 ;
2987 2201 3248 2270 nemoqui
3269 2201 3402 2264 adit,
3432 2202 3702 2256 inimicum

2131 2293 2339 2346 habeat.
2375 2291 2651 2346 Inimicum
2680 2291 2880 2344 habes?
2909 2305 2975 2344 ne
3002 2291 3248 2346 accedas.
3293 2289 3386 2344 Vis
3412 2291 3706 2345 accedere?

2130 2381 2498 2447 rectmciliare,
2519 2390 2574 2436 et
2602 2389 2713 2435 tum
2741 2396 2950 2436 sacrum
2967 2381 3183 2450 attinge.
3211 2370 3438 2436 lmo'non
3461 2396 3577 2451 ego,
3606 2381 3704 2435 sed

2132 2473 2305 2541 potius
2338 2471 2589 2526 Dominus
2636 2480 2854 2541 pr0pter
2879 2484 2976 2524 nos
3000 2471 3303 2544 ’crucilixus
3333 2471 3429 2524 ista
3459 2471 3614 2537 dicit;
3648 2480 3706 2524 ut

2130 2561 2499 2617 reconciliaret
2543 2571 2595 2618 te
2641 2561 2802 2626 Patri,
2833 2577 2899 2616 ne
2929 2561 3147 2615 mactari
3190 2560 3402 2630 quidem
3444 2563 3707 2616 recusavit

2131 2664 2220 2708 aut
2246 2655 2555 2725 sanguinem
2587 2653 2890 2715 emtndere;
2936 2663 2989 2708 tu
3031 2662 3207 2707 autem
3252 2664 3309 2708 ut
3343 2655 3708 2709 reconcilieris

2131 2758 2410 2810 conservo,
2446 2759 2544 2799 nec
2575 2745 2792 2799 verbum
2818 2744 2897 2798 vis
2926 2744 3202 2810 emittere,
3229 2753 3321 2798 aut
3363 2745 3508 2813 prior
3549 2760 3707 2799 arce-

2131 2837 2260 2891 dere
2280 2837 2302 2889 ?
2320 2836 2478 2902 Audi,
2505 2837 2632 2906 quid
2654 2836 2720 2891 de
2744 2837 2934 2890 talibus
2960 2837 3192 2905 l0quitur
3211 2837 3466 2892 Dominus
3499 2855 3512 2891 :
3540 2837 3600 2891 Si
3623 2837 3708 2905 of-

2133 2927 2234 2996 fers
2256 2943 2436 2980 munus
2461 2936 2598 2979 tuum
2616 2927 2682 2978 ad
2698 2928 2877 2992 altare,
2898 2937 2943 2980 et
2961 2927 3065 2980 illic
3087 2927 3376 2981 recordatus
3402 2929 3556 2997 fueris
3573 2928 3710 2998 quod

2132 3016 2288 3082 frater
2333 3025 2448 3069 tuus
2495 3015 2689 3087 aliquid
2718 3017 2862 3070 habet
2891 3018 3154 3072 adversum
3179 3027 3225 3070 te
3258 3016 3466 3088 (Matth.
3497 3019 3549 3073 5.
3575 3015 3705 3088 $5);

2136 3121 2238 3158 non
2283 3105 2416 3159 dixit
2441 3147 2454 3171 ,
2501 3115 2782 3176 exspecta,
2811 3108 2980 3161 donec
3007 3108 3095 3160 ille
3119 3107 3298 3161 veniat
3326 3107 3393 3162 ad
3421 3117 3504 3174 te,
3535 3117 3624 3161 aut
3652 3118 3710 3161 ut

2134 3196 2312 3264 aliquo
2337 3197 2442 3249 alio
2470 3197 2825 3251 intercessore
2857 3198 3047 3261 utaris,
3083 3205 3172 3250 aut
3199 3197 3596 3267 deprecatorem
3631 3199 3714 3251 al.

2135 3287 2300 3354 leges,
2332 3287 2447 3351 sed,
2481 3298 2534 3341 tu
2565 3288 2698 3357 ipse,
2733 3289 2922 3357 inquit,
2951 3288 3016 3341 ad
3049 3287 3191 3342 illum
3218 3303 3454 3343 accurre.
3480 3289 3593 3353 Abi,
3625 3290 3713 3342 in-

2135 3377 2267 3444 quit,
2295 3376 2431 3445 prius
2451 3377 2781 3430 reconciliare
2799 3377 2948 3447 fratri
2979 3387 3064 3429 tuo
3093 3376 3302 3444 (Matth.
3327 3378 3380 3431 ὅ.
3408 3376 3518 3445 24).
3550 3376 3595 3430 Ο
3630 3377 3713 3430 Ωιι

2136 3477 2277 3518 etum
2296 3465 2633 3521 incredibile!
2664 3451 2776 3537 ipse
2795 3482 2900 3520 non
2923 3467 3113 3535 accipit
3127 3482 3222 3536 pro
3244 3467 3552 3536 ignominia,
3567 3467 3714 3537 quod

2136 3557 2332 3612 donum
2372 3559 2471 3612 sibi
2513 3558 2834 3613 destinatum
2873 3557 3219 3628 relinquatur,
3251 3569 3307 3613 et
3347 3568 3401 3612 tu
3431 3569 3713 3612 contume—

2138 3650 2262 3703 liam
2294 3659 2464 3718 putas,
2496 3649 2540 3702 si
2585 3649 2728 3717 prior
2751 3650 2910 3704 abeas
2950 3648 3015 3702 ad
3042 3649 3563 3704 reconciliationem?
3594 3649 3710 3716 Dic,

2136 3758 2339 3811 quaeso,
2368 3758 2484 3812 qua:
2499 3743 2652 3796 venia
2671 3742 2892 3796 debetur
2908 3742 3022 3797 istis
3043 3742 3236 3796 rebus?
3252 3743 3306 3796 Si
3329 3741 3525 3795 videris
3545 3757 3714 3795 mem-

2137 3833 2292 3886 brum
2315 3832 2630 3898 abscissum,
2663 3848 2841 3887 annon
2882 3834 3061 3887 omnia
3087 3833 3212 3887 lacis
3232 3874 3246 3897 ,
3275 3841 3331 3886 ut
3379 3833 3716 3902 conglutines

2137 3925 2380 3994 corpori?
2429 3923 2570 3979 Idem
2601 3925 2681 3980 lac
2707 3926 2758 3980 in
2787 3925 3036 3982 fratribus
3087 3927 3227 3980 tuis:
3260 3925 3470 3996 quando
3517 3925 3717 3979 videris

2137 4030 2230 4070 eos
2263 4015 2530 4070 abscissos
2577 4031 2606 4068 a
2669 4025 2757 4070 tua
2789 4018 3048 4084 amicitia,
3079 4033 3300 4088 propera
3351 4017 3606 4071 celeriter
3647 4016 3717 4069 ad

2139 4107 2434 4176 amplexus,
2463 4122 2530 4160 ne
2556 4116 2832 4175 exspectes
2878 4107 3047 4161 donec
3078 4108 3174 4176 ipsi
3204 4107 3412 4178 priores
3434 4107 3500 4161 ad
3544 4119 3596 4162 te
3626 4124 3722 4162 νεα

2139 4197 2306 4262 niant,
2335 4197 2427 4251 sed
2461 4198 2572 4266 ipse
2601 4198 2744 4265 prior
2768 4198 3004 4251 bravium
3033 4197 3277 4267 accipere
3303 4197 3517 4251 festina.

2215 4307 2357 4363 Unus
2399 4308 2628 4360 inimicus
2664 4317 2766 4361 esto
2792 4309 2929 4361 nobis
2955 4307 3204 4362 diabolus.
3230 4337 3302 4348 -—
3327 4307 3500 4366 Unum
3534 4308 3714 4361 inimi-

2141 4416 2259 4456 Cum
2283 4400 2415 4468 jnssi
2441 4414 2622 4453 sumus
2643 4399 2838 4455 habere
2861 4399 3146 4464 diabolum,
3171 4415 3289 4454 cum
3311 4400 3398 4454 illo
3426 4416 3718 4471 numquam

2145 4493 2195 4546 in
2226 4492 2444 4561 gratiam
2484 4489 2700 4555 redeas;
2731 4490 2986 4545 adversus
3014 4489 3230 4544 fratrem
3261 4506 3386 4544 vero
3427 4507 3716 4561 numquam

2144 4583 2216 4635 sis
2241 4582 2452 4635 inimico
2479 4581 2686 4646 animo,
2713 4580 2803 4634 sed
2829 4584 2872 4634 si
2896 4591 3012 4634 nata
3044 4579 3201 4636 fuerit
3222 4581 3394 4649 aliqua
3420 4580 3717 4635 oﬂ'eusiun-

2143 4673 2280 4733 cola,
2308 4673 2512 4742 longior
2540 4688 2644 4725 uno
2667 4672 2752 4726 die
2781 4688 2846 4725 ne
2868 4683 3002 4737 esto,
3027 4687 3196 4741 neque
3222 4673 3447 4741 spatium
3466 4673 3718 4728 diurnum

2145 4764 2404 4818 excedito.
2436 4762 2566 4828 Sol,
2601 4764 2798 4833 inquit,
2827 4781 2926 4817 non
2970 4766 3164 4817 occidat
3205 4781 3358 4833 super
3397 4766 3718 4819 iracundiam

2145 4863 2353 4906 vestram
2385 4853 2594 4925 (liphes.
2623 4855 2678 4908 4.
2709 4854 2820 4923 26).
2851 4853 2906 4908 Si
2931 4864 3056 4908 ante
3083 4869 3356 4923 vesperam
3384 4857 3718 4910 stamaelnun

2147 4944 2320 5012 ponis,
2349 4942 2510 4996 habes
2536 4957 2564 4996 a
2597 4943 2707 4997 Deo
2731 4945 2959 5012 aliquam
2989 4944 3192 4998 veniam
3219 4961 3230 4996 :
3253 4944 3392 5011 quod
3425 4945 3468 4997 si
3497 4946 3718 4999 ulterius

2147 5045 2231 5089 tua
2273 5035 2393 5089 bilis
2417 5035 2653 5100 durarit,
2683 5050 2787 5089 non
2816 5050 2883 5089 ex
2926 5035 3000 5088 ira
3041 5043 3095 5090 et
3135 5034 3493 5105 indignatione
3531 5038 3716 5105 raptim

2146 5171 2254 5226 bus,
2295 5169 2472 5219 Paulus
2501 5182 2611 5220 vero
2631 5168 2716 5220 ait.
2741 5171 2949 5219 Nannius
2985 5181 3013 5217 a
3047 5167 3191 5218 Paulo
3228 5170 3374 5218 etiam
3408 5168 3720 5216 memorando

2147 5232 2357 5281 abstinet
2381 5231 2427 5278 in
2452 5233 2582 5293 redit.
2609 5231 2793 5293 Morel.,
2819 5239 2871 5280 et
2906 5227 3078 5280 Paulus
3092 5232 3198 5293 ipse
3219 5231 3514 5279 sententiam
3532 5230 3610 5278 hic
3631 5243 3718 5278 ex-

2147 5304 2360 5354 pressam
2383 5292 2549 5341 nullibi
2575 5291 2784 5351 protulit.

2187 5358 2211 5386 "
2236 5356 2295 5404 -ln
2315 5358 2468 5406 Gavii.
2495 5364 2547 5406 et
2571 5361 2620 5406 in
2657 5372 2754 5406 uno
2783 5358 2973 5409 Codice.
3017 5357 3140 5416 haec,
3174 5359 3238 5408 ad
3266 5373 3459 5408 sacrant
3501 5376 3714 5411 mensam

2131 5423 2272 5487 atterit
2289 5425 2333 5487 et
2367 5432 2541 5481 corpus
2564 5419 2742 5487 Qlu'isti
2758 5418 2981 5487 accipiat,
3006 5419 3200 5487 desunt.
3229 5422 3326 5487 Sed
3354 5422 3443 5487 alii
3464 5432 3517 5470 et
3543 5425 3713 5472 Morel.

2129 5481 2203 5530 sic
2244 5481 2442 5539 habent,
2489 5481 2786 5547 etSavitins
2824 5481 2875 5530 in
2917 5481 3143 5547 margine
3172 5483 3348 5531 azlfert.
3404 5483 3520 5532 [hec
3573 5499 3717 5547 porro

2133 5555 2364 5610 germana
2409 5556 2520 5610 esse
2549 5545 2652 5610 ipsa
2677 5542 2836 5593 series
2863 5541 3058 5607 arguit;
3104 5544 3182 5594 his
3219 5547 3349 5595 enim
3375 5541 3597 5610 demptis
3621 5547 3712 5596 im-

2136 5606 2357 5667 perfecta
2405 5606 2624 5657 clausula
2666 5612 2760 5658 est.
