4020 6216
164 401 268 458 205

165 512 451 570 invadente
494 512 595 566 ista
637 510 881 566 simultas
907 551 922 574 ,
953 509 1160 564 sed-er
1203 509 1402 564 malitia
1426 552 1442 578 ,
1468 523 1531 564 ac
1577 518 1755 564 mente

163 605 446 669 scelerata,
475 613 532 658 et
554 602 812 657 scelerum
841 598 1175 656 meditatrice
1203 601 1460 656 exoritur.
1485 599 1602 655 Non
1627 598 1756 654 illud

164 696 338 750 solum
365 709 526 764 grave
555 701 665 754 est,
697 691 838 761 quod
866 701 918 746 te
948 693 1097 746 \cnia
1125 693 1341 760 spolias,
1373 691 1467 747 sed
1493 691 1632 760 quod
1657 690 1760 745 dif-

169 788 445 842 ticiliorem
488 785 578 839 tibi
625 783 804 838 reddis
844 799 996 838 usum
1046 784 1348 838 istiusmodi
1372 784 1579 837 virtutis
1605 799 1758 837 excr-

167 878 354 932 eendze
379 895 391 931 :
417 892 536 930 nam
557 891 658 930 una
679 875 764 930 die
785 876 960 944 elapsa
989 875 1289 944 grandescit
1311 876 1514 940 vitium,
1539 886 1760 945 augetur

165 984 237 1022 ex
282 965 514 1021 secunda
565 967 651 1020 die
680 965 859 1034 :quod
904 966 949 1018 si
993 966 1144 1019 tertia
1187 974 1237 1018 et
1267 973 1451 1034 quarta
1477 965 1761 1019 accesserit

164 1063 256 1114 lus
286 1101 302 1124 ,
332 1059 558 1114 addetur
598 1058 801 1127 quinta.
835 1057 1042 1111 Rursus
1088 1057 1320 1127 quinque
1364 1056 1496 1110 fiunt
1531 1055 1754 1119 decem,

162 1154 356 1207 decem
381 1159 558 1206 autem
590 1150 794 1220 viginti,
830 1149 1008 1219 viginti
1039 1159 1286 1215 centum,
1314 1163 1375 1202 ae
1407 1149 1459 1202 in
1489 1159 1758 1218 posterum

165 1245 362 1298 vulnus
390 1244 606 1298 omnino
636 1241 1022 1296 immedicabile
1047 1250 1126 1296 est
1149 1257 1162 1293 :
1187 1249 1241 1295 et
1263 1251 1460 1310 quanto
1492 1241 1606 1308 plus
1630 1249 1772 1294 tem-

165 1337 320 1402 {uiris
343 1334 666 1404 adjungitur,
701 1341 849 1387 tanto
877 1333 1044 1402 magis
1069 1331 1420 1401 disjungimnr
1442 1330 1755 1385 intervallis.

161 1429 314 1482 Cave
356 1427 485 1490 tibi,
519 1425 716 1490 homo,
751 1424 818 1477 ab
857 1424 970 1478 istis
1010 1422 1403 1476 irrationalibus
1444 1420 1759 1481 affectibus.

163 1535 344 1588 neque
373 1518 639 1588 pudefias,
671 1532 848 1586 neque
872 1515 1178 1581 erubescas,
1204 1531 1376 1585 neque
1403 1515 1470 1567 ita
1498 1516 1714 1584 loquare
1743 1530 1756 1566 :

101 1611 113 1620 ’
164 1613 329 1666 Modo
366 1611 508 1664 inter.
554 1624 650 1663 nos
692 1608 846 1662 rixati
889 1622 1114 1670 smnus,
1149 1606 1300 1660 fanda
1352 1615 1510 1674 atque
1549 1604 1785 1658 infanda~

169 1702 413 1756 diximus
465 1702 741 1755 innumera
776 1718 787 1752 :
819 1714 880 1753 ac
930 1699 1109 1754 statim
1159 1697 1224 1752 ad
1278 1696 1758 1751 reconciliationem

164 1794 485 1848 occurram?
514 1793 632 1862 quis
679 1808 784 1846 non
826 1791 1147 1861 vituperabit
1190 1806 1364 1844 meam
1417 1789 1780 1844 facilitatem?-

169 1887 341 1940 Nemo
387 1883 641 1939 cordatus
691 1883 960 1937 damnabit
1009 1891 1150 1936 tuam
1195 1880 1664 1945 facilitatem,sed
1717 1881 1762 1934 si

169 1977 436 2032 manseris
458 1974 825 2045 implacabilis,
857 1984 964 2028 tum
995 1981 1044 2028 te
1069 1988 1256 2027 omnes
1285 1973 1580 2027 irridebunt
1600 2013 1615 2037 ,
1651 1981 1760 2025 tum

170 2082 424 2138 magnum
473 2065 627 2120 dabis
667 2066 880 2120 diabolo
919 2065 1147 2134 Spatium
1178 2081 1192 2117 :
1223 2081 1326 2118 non
1357 2065 1498 2120 enim
1534 2079 1597 2118 ex
1628 2072 1763 2118 lem—

171 2174 304 2230 pore
333 2159 506 2213 solum
551 2155 817 2212 difficilior
848 2159 935 2211 fiet
966 2158 1328 2212 reconciliatio
1349 2199 1363 2222 ,
1389 2155 1482 2212 sed
1512 2173 1576 2212 ex
1607 2158 1763 2212 rebus

173 2257 376 2308 interea
426 2251 810 2306 oborientibus.
846 2250 914 2307 Ut
939 2249 1136 2304 Caritas
1178 2252 1338 2318 aperit
1391 2248 1765 2303 multitudinem

175 2356 501 2416 peccatorum
532 2343 610 2414 (l.
645 2343 758 2399 Pet.
786 2344 840 2398 4.
873 2344 962 2414 8),
993 2344 1063 2397 ita
1095 2343 1366 2397 inimicitia
1394 2357 1455 2398 ea
1477 2383 1492 2409 ,
1521 2358 1639 2412 qlne
1669 2341 1766 2396 dc-

174 2440 283 2494 licti
317 2448 562 2492 naturam
591 2451 696 2490 non
723 2435 918 2490 habent
942 2476 957 2502 ,
988 2434 1182 2492 delicta
1215 2433 1339 2489 facit
1361 2452 1374 2488 ε
1399 2433 1534 2488 adeo
1562 2443 1623 2487 ut
1649 2447 1767 2488 om:-

173 2546 271 2586 nes
299 2528 496 2584 deinde
523 2528 916 2593 criminatores,
945 2527 1034 2597 qui
1059 2525 1127 2581 de
1146 2524 1338 2580 alienis
1362 2524 1513 2580 malis
1536 2524 1766 2595 gaudent

173 2632 227 2675 et
251 2622 481 2675 aliorum
510 2620 634 2673 vitia
660 2619 975 2682 traducunt,
1008 2617 1164 2672 fidem
1194 2615 1333 2686 apud
1361 2615 1657 2670 istiusmodi
1688 2615 1769 2668 in.»

174 2713 413 2767 veniant.
440 2711 558 2764 Istis
579 2710 735 2780 igitur
749 2709 994 2779 cognitis,
1021 2721 1332 2776 prmoccupa
1359 2705 1600 2769 fratrem,
1617 2721 1762 2759 eum-

173 2816 282 2870 que
305 2801 488 2855 detiue
511 2839 528 2862 ,
558 2801 862 2869 priusquam
893 2799 1102 2867 penitus
1127 2797 1354 2862 resiliat,
1380 2796 1538 2851 etiam
1566 2796 1610 2849 si
1636 2809 1769 2863 opus

173 2896 268 2959 sit,
297 2903 357 2948 ut
377 2908 445 2948 eo
468 2893 556 2948 die
582 2893 885 2947 universam
914 2891 1182 2946 civitatem
1206 2905 1508 2960 percurras,
1536 2889 1694 2943 etiam
1721 2888 1766 2942 si

174 2994 326 3038 extra
360 2984 557 3038 mnia
580 2983 926 3054 pergendum,
949 2983 1109 3037 etiam
1130 2982 1174 3035 si
1193 2983 1404 3049 longum
1429 2980 1529 3034 iter
1547 2993 1768 3046 carpen-

174 3076 330 3138 dum;
360 3073 560 3128 relictis
583 3073 834 3128 omnibus
859 3087 978 3142 qua:
1006 3071 1058 3126 in
1082 3071 1326 3126 manibus
1353 3079 1496 3137 sunt,
1527 3069 1575 3124 id
1608 3086 1767 3124 unum

175 3181 331 3230 cura,
360 3173 417 3219 ut
441 3179 562 3220 cum
589 3164 754 3219 fratre
779 3164 1164 3220 reconcilieris.
1195 3163 1348 3229 Quod
1376 3163 1420 3218 si
1447 3163 1672 3217 arduum
1703 3164 1772 3218 sit

177 3260 480 3328 negotium,
508 3259 678 3327 cogita
709 3258 850 3328 quod
873 3259 944 3312 ob
975 3260 1142 3314 Deum
1173 3259 1294 3312 talia
1324 3260 1542 3328 pateris,
1575 3267 1630 3313 et
1657 3259 1770 3328 ple-

180 3366 308 3405 nam
359 3351 621 3420 percipies
649 3351 1068 3405 consolationem
1094 3368 1107 3403 :
1135 3350 1472 3418 animamque
1499 3348 1770 3404 subterfu-

179 3443 440 3511 gicntcm,
473 3441 933 3504 rcformidantcm,
965 3441 1366 3496 erubescentem
1398 3442 1589 3502 excita,
1618 3441 1771 3510 eique

181 3535 436 3587 wntinuo
477 3534 575 3587 ista
603 3534 785 3588 aocine
813 3550 826 3587 :
857 3533 996 3598 Quid
1021 3533 1237 3587 cessas?
1263 3532 1388 3601 quid
1417 3531 1771 3600 subterfugis?

180 3626 307 3697 quid
326 3626 626 3680 detrectas?
643 3640 746 3678 non
765 3626 832 3678 de
847 3626 1200 3695 pecunia,non
1213 3623 1280 3678 de
1292 3624 1410 3678 aliis
1422 3623 1574 3677 ﬂuxis
1589 3624 1770 3689 rebus,

181 3719 276 3774 sed
292 3719 363 3774 de
385 3727 562 3772 nostra
588 3720 820 3788 ipsorum
843 3718 1016 3772 salute
1039 3717 1230 3786 agitur.
1253 3717 1393 3772 Deus
1413 3717 1510 3770 ista
1534 3715 1772 3772 facienda

183 3813 448 3882 pnecipit,
461 3813 636 3866 omnia
652 3813 810 3881 igitur
827 3810 966 3867 illius
980 3811 1244 3867 mandatis
1260 3818 1661 3880 postponantur.
1682 3809 1778 3864 Est

185 3905 269 3959 hic
298 3905 518 3975 quidam
545 3904 835 3973 spiritualis
874 3912 1141 3958 mercatus
1172 3920 1184 3956 :
1218 3917 1285 3956 ne
1315 3910 1674 3966 cunctatores,
1709 3916 1776 3957 ne

184 3997 316 4052 lenti
344 3997 535 4062 simus;
553 3997 809 4066 intelligat
833 3997 1078 4051 inimicus
1094 4011 1337 4066 magnam
1365 4010 1395 4049 a
1418 3994 1571 4049 nobis
1591 4008 1774 4048 curam

185 4091 507 4156 adhibitam,
537 4100 591 4143 ut
612 4091 805 4144 divinis
831 4089 1038 4159 placitis
1063 4103 1159 4144 nos
1185 4099 1600 4158 attemperemus
1624 4104 1638 4140 :
1663 4087 1776 4142 sive

185 4183 366 4235 denuo
395 4183 744 4236 contumelias
773 4180 966 4236 inferat
990 4221 1006 4247 ,
1034 4181 1148 4236 sive
1175 4180 1462 4246 verberet,
1494 4179 1606 4232 sive
1651 4176 1776 4246 quid

189 4273 328 4326 aliud
354 4273 602 4327 acerbius
629 4271 806 4335 faciat,
829 4273 1006 4326 omnia
1037 4271 1266 4326 feramus
1290 4284 1568 4341 generose,
1598 4277 1779 4337 utpote

191 4367 275 4434 qui
306 4380 415 4419 non
444 4375 648 4418 tantum
681 4365 779 4430 illi,
810 4377 1064 4436 quantum
1094 4363 1490 4434 nobismetipsis
1516 4364 1780 4433 gratifice-

193 4474 347 4524 mur;
380 4473 490 4527 pra:
517 4459 766 4514 omnibus
790 4459 1072 4513 virtutibus
1103 4458 1152 4512 id
1183 4458 1247 4513 ad
1274 4459 1531 4527 majorem
1570 4472 1779 4512 merce-

191 4551 312 4606 dem
344 4552 502 4606 nobis
532 4551 878 4621 imputabitur
907 4551 960 4606 in
988 4551 1082 4605 illo
1107 4550 1214 4604 die.
1245 4549 1403 4604 Multa
1425 4549 1778 4619 deliquimus,

195 4641 245 4694 in
275 4643 486 4711 magnis
509 4640 830 4695 offendimus
849 4683 864 4705 ,
893 4650 948 4695 et
977 4641 1255 4696 Dominum
1282 4649 1522 4694 nostrum
1554 4639 1783 4693 irritavi-

195 4748 343 4797 mus;
371 4732 520 4786 dedit
542 4748 609 4787 ex
638 4748 732 4786 sua
765 4733 1090 4787 humanitate
1131 4733 1266 4786 hanc
1296 4732 1436 4785 viam
1466 4731 1779 4786 reconciliao

195 4825 358 4878 tionis
388 4843 402 4877 :
432 4839 501 4878 ne
531 4825 691 4894 igitur
715 4824 1024 4878 deseramus
1068 4823 1207 4878 hunc
1238 4823 1516 4894 pulchrum
1563 4822 1780 4877 thesau-

195 4930 336 4968 rum.
368 4914 636 4984 Numquid
668 4931 772 4969 non
803 4915 854 4968 in
887 4915 1030 4969 illius
1057 4923 1319 4984 potestate
1344 4913 1460 4979 fuit,
1493 4912 1783 4983 prmcipere

195 5007 692 5062 reconciliationem
728 5008 848 5063 sine
882 5009 984 5062 ulla
1039 5007 1305 5078 proposita
1348 5004 1639 5061 mercede?
1668 5004 1781 5059 Non

194 5099 336 5149 enim
367 5104 452 5150 est
477 5097 565 5166 qui
594 5097 693 5166 ipsi
722 5098 1085 5165 contradicat,
1118 5106 1207 5152 aut
1243 5098 1332 5168 qui
1371 5097 1484 5166 ejus
1521 5104 1782 5166 prrcccpt-a

195 5188 459 5254 rorrigat;
486 5196 716 5243 attamen
739 5204 804 5244 ex
831 5189 994 5243 multa
1018 5204 1111 5243 sua
1139 5188 1457 5259 benignitate
1485 5188 1784 5242 mercedem

199 5279 353 5332 nobis
382 5281 669 5349 spopondit
709 5292 764 5336 et
787 5297 1029 5351 magnam
1060 5292 1113 5336 ct
1139 5282 1458 5336 ineffabilem
1488 5323 1501 5344 ,
1526 5291 1580 5336 et
1628 5295 1784 5350 quam

201 5374 433 5426 niaximc
447 5371 836 5440 desideramus,
850 5376 1095 5428 nimirum
1110 5375 1314 5429 veniam
1338 5385 1638 5429 nostrorum
1661 5389 1785 5442 pec-

203 5472 464 5526 calorum,
487 5474 537 5517 et
557 5463 694 5518 hanc
721 5467 1119 5536 obsequentium
1143 5467 1297 5520 nobis
1314 5465 1622 5520 facillimam
1641 5467 1784 5521 fecit.

272 5555 328 5608 fi.
359 5555 530 5621 Quam
571 5557 730 5625 igitur
751 5557 958 5612 veniam
984 5558 1294 5613 habebimus
1319 5599 1332 5621 ,
1355 5574 1475 5613 cum
1506 5566 1562 5612 et
1585 5566 1786 5612 tantum

207 5647 408 5710 prrenuii
431 5647 698 5716 accepturi
725 5689 739 5713 ,
771 5664 837 5703 ne
861 5649 936 5703 sic
963 5650 1181 5720 quidem
1207 5649 1554 5719 obseqnimur
1583 5649 1789 5717 legisla-

208 5737 307 5787 tm-i
334 5777 350 5797 ,
373 5737 465 5790 sed
496 5737 845 5806 perduramus
872 5740 923 5794 in
959 5756 1024 5796 eo
1052 5743 1402 5811 contemptu?
1433 5741 1581 5809 Quod
1613 5751 1788 5794 autem

211 5835 546 5896 contemptus
572 5831 679 5896 sit,
709 5829 829 5884 hinc
869 5839 1032 5901 patet.
1060 5833 1112 5890 Si
1155 5833 1323 5904 legem
1365 5832 1654 5904 Imperator
1685 5841 1792 5888 sta-

1057 398 1148 452 ΑΙ)
1187 395 1510 455 ιδυιδυιωι
1551 394 2037 452 ΑΝΤΙΟΟΙΙΕΝΗΜ
2102 396 2331 453 llOMlL.
2376 398 2490 452 XX.

3343 401 3448 458 206

1869 509 2079 577 tulsset,
2111 520 2170 566 ut
2193 527 2381 567 omnes
2413 511 2611 566 inimici
2641 513 2692 564 in
2715 512 2936 581 gratiam
2965 512 3217 580 redirent,
3247 525 3337 570 aut
3355 531 3447 570 ca-

1866 602 1975 670 pite
2003 601 2359 671 plecterentur
2389 620 2400 655 :
2434 618 2501 657 an
2531 618 2636 658 non
2664 617 2851 656 omnes
2885 603 3199 659 festinarent
3231 603 3298 660 ad
3326 619 3447 660 mu-

1870 703 1987 746 tuas
2015 694 2477 749 reconciliationes
2494 695 2517 748 ?
2534 693 2646 764 Ego
2671 693 2883 763 quidem
2906 695 2984 748 sic
3008 694 3256 749 arbitror.
3279 695 3445 764 Quam

1865 785 2073 838 veniam
2127 785 2284 854 igitur
2325 785 2663 849 habebimus,
2691 799 2810 839 eum
2839 799 2906 839 ne
2937 783 3264 840 tantumdem
3295 799 3454 840 reveo

1867 877 2052 930 renti-.e
2081 877 2374 931 tribuamus
2403 877 2647 942 Domino,
2677 885 2930 946 quantum
2957 876 3231 930 conservis
3253 879 3452 931 nostris

1865 968 2180 1022 tribuimus?
2207 967 2286 1022 0b
2309 967 2408 1023 hoc
2440 969 2609 1036 ipsum
2635 968 2769 1036 jussi
2794 983 2977 1022 sumus
3004 968 3182 1023 dicere
3208 985 3220 1020 :
3246 967 3451 1022 Dimitte

1867 1059 2006 1112 nobis
2043 1058 2205 1112 debita
2233 1069 2406 1113 nostra
2425 1101 2440 1123 ,
2472 1063 2598 1113 sicut
2628 1069 2672 1113 et
2706 1075 2798 1114 nos
2825 1060 3123 1113 dimittimus
3149 1059 3466 1114 debitoribus

1867 1151 2048 1202 nostris
2073 1149 2281 1221 (Matth.
2311 1150 2363 1204 6.
2397 1150 2509 1222 1‘2).

1939 1241 2379 1296 Reconciliationis
2432 1243 2631 1298 modus.
2661 1273 2732 1282 —
2760 1242 2897 1311 Quid
2956 1258 3021 1298 eo
3075 1243 3254 1296 mitius
3282 1284 3298 1308 ,
3325 1244 3450 1313 quid

1867 1337 2197 1390 mansuetius
2224 1337 2524 1407 praecepto]!
2545 1337 2620 1392 Te
2629 1335 2864 1406 judicem
2893 1335 3084 1391 fecitin
3109 1335 3450 1392 condonatio-

1867 1445 1933 1483 ne
1961 1438 2168 1484 tuorum
2191 1430 2496 1494 criminum;
2524 1431 2568 1484 si
2599 1445 2766 1500 pauca
2795 1430 3041 1498 dimittis,
3073 1445 3241 1502 pauca
3271 1429 3450 1484 dimit-

1868 1529 2050 1574 tuntur
2079 1538 2091 1572 :
2126 1521 2170 1574 si
2218 1520 2366 1590 plura
2417 1521 2640 1575 dimittis
2661 1563 2674 1586 ,
2701 1521 2852 1591 plura
2898 1521 3235 1576 dimittuntur
3263 1537 3277 1575 :
3311 1521 3355 1576 si
3384 1535 3449 1577 es

1868 1610 2028 1665 corde
2073 1611 2296 1664 dimittis
2344 1620 2400 1665 et
2444 1612 2692 1678 sincere,
2726 1611 2913 1667 eodem
2970 1622 3122 1682 pacto
3167 1612 3261 1667 tibi
3313 1611 3456 1666 Deus

1867 1702 2092 1755 remittit
2120 1720 2132 1756 :
2157 1703 2202 1755 si
2230 1711 2422 1770 praeter
2442 1702 2652 1756 veniam
2677 1703 2854 1757 datam
2877 1705 3036 1758 etiam
3057 1719 3178 1757 eum
3204 1719 3302 1774 pro
3320 1705 3454 1757 ami-

1868 1809 1930 1848 co
1957 1795 2175 1860 habeas,
2195 1795 2381 1850 eodem
2405 1795 2563 1850 modo
2591 1810 2716 1866 erga
2748 1805 2798 1851 te
2824 1796 2964 1851 Deus
2991 1795 3254 1851 afficietur
3279 1813 3292 1849 :
3319 1795 3456 1851 adeo

1869 1896 1927 1939 ut
1967 1897 2166 1956 quanto
2215 1886 2382 1955 magis
2411 1886 2529 1954 quis
2557 1885 2813 1942 adversus
2844 1895 2895 1942 te
2941 1887 3273 1957 peccaverit,
3305 1895 3454 1941 tanto

1869 1977 2036 2047 magis
2055 1978 2145 2031 tibi
2167 1977 2234 2032 ad
2257 1978 2740 2033 reconciliationem
2768 1979 3158 2049 properandum
3181 1979 3268 2042 sit,
3286 1993 3455 2049 quan-

1869 2067 2170 2138 doquidcm
2188 2069 2301 2138 ipse
2331 2069 2434 2123 hoc
2463 2077 2618 2138 pacto
2656 2070 2707 2123 in
2737 2085 2897 2125 causa
2923 2079 3044 2136 est,
3073 2079 3130 2124 ut
3161 2069 3314 2124 nobis
3339 2083 3451 2122 ma-

1864 2161 1980 2228 jora
2004 2162 2224 2215 crimina
2247 2161 2633 2216 continuentur.
2663 2162 2752 2218 Vis
2773 2176 3095 2231 cognoscere
3118 2161 3313 2215 nullam
3335 2175 3455 2215 esse
3489 2201 3498 2209 .

1871 2251 2077 2307 veniam
2103 2252 2277 2317 nobis,
2307 2252 2349 2305 si
2376 2267 2641 2307 memores
2670 2254 2836 2306 simus
2865 2255 3084 2315 irarum,
3110 2266 3282 2322 neque
3310 2265 3452 2318 esse,

1870 2347 2096 2415 quinos,
2125 2347 2168 2400 si
2197 2347 2330 2402 tales
2355 2347 2541 2413 simus,
2559 2345 2944 2415 eripiat?Quod
2971 2345 3091 2401 dico
3114 2343 3463 2400 manifestum

1871 2439 2078 2493 faciam.
2109 2439 2270 2493 Ixcsit
2298 2446 2348 2491 te
2372 2439 2650 2508 proximus
2675 2479 2690 2502 ,
2719 2438 2856 2492 bona
2889 2437 3101 2506 rapuit,
3127 2435 3416 2506 publicavit
3437 2473 3453 2496 ,

1874 2527 2166 2594 fraudavit;
2197 2543 2302 2582 non
2333 2527 2462 2582 illud
2492 2528 2666 2582 solum
2697 2527 2854 2592 dico,
2881 2526 2976 2581 sed
3001 2535 3056 2581 et
3079 2526 3179 2579 alia
3220 2525 3304 2580 bis
3342 2538 3456 2578 ma-

1867 2619 1984 2688 jora
2015 2619 2274 2689 adiungo,
2301 2628 2355 2674 et
2381 2627 2805 2688 quantacumque
2831 2618 3044 2672 tandem
3075 2617 3156 2670 vis
3178 2633 3192 2667 :
3213 2613 3459 2670 occidero

1875 2725 1926 2768 te
1956 2713 2160 2776 voluit,
2193 2723 2443 2768 sexcenta
2475 2713 2708 2782 pericula
2740 2711 2833 2765 tibi
2860 2711 3051 2765 obtulit
3074 2751 3089 2775 ,
3114 2710 3260 2764 omni
3297 2720 3350 2764 te
3373 2709 3456 2764 in-

1869 2807 2004 2876 juris
2033 2806 2190 2871 lzesit,
2219 2815 2274 2860 et
2303 2805 2431 2859 nihil
2463 2805 2682 2859 onniino
2713 2803 3067 2873 improbitatis
3105 2803 3350 2857 humana:
3372 2800 3459 2855 in-

1876 2905 2133 2952 tentatum
2157 2895 2368 2966 reliquit
2398 2897 2435 2947 ¹.
2470 2895 2545 2949 Ne
2572 2898 2712 2949 enim
2744 2895 2921 2947 omnia
2949 2894 3212 2964 sigillatim
3246 2907 3462 2963 percur-

1875 3002 2076 3052 ramus,
2108 3002 2246 3057 pone
2273 2996 2418 3040 tanta
2446 2985 2615 3055 ipsum
2649 2995 2699 3040 te
2733 2985 2976 3039 affecisse
3001 2985 3192 3054 injuria
3215 3025 3229 3049 ,
3261 2991 3460 3053 quanta

1877 3081 2054 3134 nullus
2081 3093 2330 3149 umquam
2357 3092 2676 3148 quemquam
2703 3076 2880 3132 affecit
2908 3095 2922 3129 :
2952 3091 3019 3131 ne
3049 3077 3120 3131 ita
3148 3075 3384 3146 quidem,
3414 3075 3460 3128 si

1877 3172 2008 3226 iram
2042 3170 2271 3225 retineas
2290 3212 2307 3237 ,
2334 3170 2487 3225 venia
2516 3169 2706 3239 dignus
2733 3170 2861 3226 eris.
2887 3168 3002 3236 Quo
3033 3177 3186 3238 pacto
3224 3168 3276 3222 id
3317 3166 3410 3222 tiat
3437 3209 3452 3231 ,

1876 3278 1976 3333 ego
2004 3263 2196 3318 dicam.
2241 3260 2298 3318 Si
2327 3276 2518 3317 servus
2543 3270 2663 3315 tuus
2685 3260 2778 3316 tibi
2799 3260 2864 3314 ad
2892 3270 3106 3315 centum
3131 3273 3322 3314 aureos
3354 3258 3460 3312 ob".

1875 3365 2071 3411 atratus
2085 3363 2248 3422 esset,
2267 3355 2351 3410 cui
2373 3355 2508 3409 alius
2535 3368 2730 3424 paucos
2745 3362 3024 3424 argenteos
3053 3353 3289 3412 deberet,
3310 3351 3460 3420 isque

1876 3447 2038 3502 debiti
2065 3446 2506 3502 condonationem
2535 3445 2856 3516 ﬂagitasset:
2881 3447 2923 3499 si
2950 3453 3003 3498 tu
3032 3443 3221 3498 deinde
3247 3457 3458 3497 servum

1871 3538 2123 3607 jussisscs
2151 3537 2442 3592 debitorem
2469 3553 2626 3594 suum
2657 3537 2979 3607 obligatione
3011 3528 3238 3590 liberare
3257 3576 3271 3599 ,
3304 3543 3461 3604 teque

1879 3630 1952 3683 iiii
1981 3627 2214 3684 vicissim
2245 3628 2408 3683 debiti
2446 3629 2568 3692 sui,
2597 3627 2738 3698 quod
2781 3636 2864 3682 est
2900 3635 3113 3680 centum
3140 3639 3459 3690 aureorum,

1877 3718 2102 3788 gratiam
2146 3716 2319 3773 facere
2343 3759 2358 3783 ,
2391 3717 2542 3788 isque
2583 3715 2779 3772 deinde
2803 3758 2818 3781 ,
2853 3726 2912 3770 ut
2951 3715 3229 3786 impudens
3266 3724 3320 3769 et
3363 3715 3461 3769 im-

1881 3807 2120 3877 probus,
2147 3806 2444 3862 debitorem
2485 3821 2640 3861 suum
2668 3806 3058 3876 strangularet,
3090 3821 3156 3858 an
3200 3804 3458 3876 quispiam

1883 3900 2028 3953 illum
2053 3914 2084 3954 e
2107 3899 2214 3953 tuis
2232 3900 2476 3955 manibus
2496 3899 2783 3954 eximeret?
2803 3913 2981 3952 annon
3010 3898 3265 3966 plurimas
3285 3901 3464 3967 plagas

1882 3992 1956 4046 illi
1981 3993 2271 4058 incuteres,
2291 3992 2440 4062 quasi
2469 4001 2713 4047 extrema
2738 3991 2930 4062 injuria
2948 3991 3013 4047 ab
3034 4006 3098 4045 eo
3119 3989 3377 4047 affectus?
3403 4005 3465 4045 ac

1882 4084 2073 4138 merito
2098 4083 2330 4153 quidem.

1957 4174 2160 4238 Quanta
2203 4190 2391 4228 merces
2430 4172 3123 4228 reconciliationis.—-Deus
3172 4173 3332 4228 etiam
3388 4173 3465 4226 id-

1885 4268 2056 4337 ipsum
2079 4267 2234 4323 faciet
2257 4285 2270 4322 :
2295 4268 2435 4322 dicet
2453 4267 2595 4322 enim
2619 4265 2712 4322 tibi
2741 4267 2792 4321 in
2819 4267 2904 4321 illa
2921 4265 3031 4331 die,
3047 4266 3290 4336 improbe
3313 4280 3467 4320 serve

1883 4370 1938 4415 et
1969 4374 2220 4428 perquam
2257 4359 2514 4414 scelerate
2534 4401 2548 4424 ,
2582 4375 2686 4413 non
2717 4358 2785 4414 de
2812 4367 2904 4413 tuo
2929 4358 3004 4412 illi
3033 4357 3350 4422 remisisses;
3373 4358 3467 4411 sed

1884 4450 1954 4506 de
1978 4465 2118 4514 meo,
2141 4449 2279 4519 quod
2312 4459 2366 4505 tu
2391 4449 2522 4504 mihi
2551 4449 2783 4506 debebas
2801 4491 2818 4515 ,
2844 4449 3026 4520 jussus
3047 4465 3108 4504 es
3135 4449 3210 4503 illi
3237 4463 3312 4504 ais
3336 4451 3470 4504 alie-

1887 4557 2011 4596 num
2044 4543 2282 4596 relaxare
2311 4559 2324 4596 :
2355 4541 2568 4597 Dimitte
2589 4543 2733 4596 enim
2753 4583 2768 4607 ,
2798 4542 2969 4610 inquit
2993 4583 3006 4606 ,
3029 4549 3084 4596 ct
3113 4541 3324 4595 dimitto
3351 4541 3467 4594 tibi.

1888 4633 2046 4702 Atqui
2067 4632 2112 4686 si
2141 4647 2312 4701 neque
2333 4632 2462 4686 illud
2492 4631 2834 4697 addidissem,
2859 4632 3128 4688 dimittere
3149 4631 3427 4701 oportebat
3450 4671 3467 4696 ,

1889 4733 1945 4777 ut
1969 4722 2340 4791 obsequereris
2365 4721 2604 4787 domino;
2636 4737 2778 4777 nunc
2803 4731 2984 4778 autem
3013 4737 3118 4776 non
3143 4731 3199 4774 ut
3222 4719 3468 4774 dominus

1889 4814 2164 4884 imperavi,
2186 4811 2280 4868 sed
2307 4819 2366 4867 ut
2388 4812 2457 4868 ab
2475 4813 2648 4868 amico
2669 4813 2986 4870 beneficium
3013 4810 3291 4884 postulavi,
3312 4808 3470 4878 idque

1889 4926 1953 4967 ex
1982 4924 2122 4974 meo,
2153 4919 2209 4964 et
2231 4908 2432 4979 majora
2460 4924 2546 4964 me
2575 4909 2957 4964 redonaturum
2984 4904 3242 4976 spopondi
3269 4921 3283 4957 :
3309 4912 3468 4957 cane-

1890 5017 2005 5056 rum
2029 5017 2096 5056 ne
2125 5001 2196 5055 ita
2220 5000 2432 5069 quidem
2462 5001 2651 5056 melior
2672 5002 2838 5056 factus
2867 5010 2968 5055 est.
3013 4997 3266 5052 Homines
3289 5004 3468 5050 autem

1889 5110 2011 5149 cum
2046 5093 2171 5148 talia
2203 5093 2403 5149 faciunt
2424 5136 2440 5160 ,
2473 5103 2676 5149 tantum
2728 5095 2901 5150 servis
2939 5093 3052 5147 suis
3075 5099 3352 5158 acceptum
3401 5091 3472 5144 fe-

1892 5193 2016 5241 runt
2042 5228 2057 5251 ,
2083 5193 2339 5256 quantum
2367 5186 2539 5255 ipsum
2568 5186 2805 5242 debitum
2835 5183 2935 5238 fuit
2963 5202 2976 5238 :
3005 5182 3234 5251 exempli
3264 5195 3424 5235 causa
3460 5223 3472 5243 ,

1891 5277 2077 5332 debuit
2104 5278 2234 5331 hero
2261 5293 2450 5332 servus
2477 5286 2687 5332 centum
2716 5287 2904 5330 aureos
2923 5316 2938 5336 ,
2972 5273 3093 5328 huic
3116 5271 3351 5326 vicissim
3381 5270 3473 5326 de-

1895 5370 2033 5423 bitor
2060 5367 2246 5424 decem
2273 5383 2556 5423 aureorum
2581 5367 2676 5421 fuit
2706 5385 2719 5420 :
2753 5367 2796 5420 si
2827 5364 2926 5435 ipsi
2951 5363 3187 5419 debitum
3218 5363 3473 5426 remittat,

1895 5478 1998 5517 non
2021 5470 2232 5517 centum
2250 5475 2438 5516 aureos
2465 5459 2684 5515 remittit
2710 5459 2888 5522 herus,
2913 5457 3006 5511 scd
3031 5455 3216 5511 decem
3248 5465 3476 5519 tantum,
3498 5501 3502 5504 ,

1895 5563 2224 5623 caeterosque
2260 5569 2446 5608 omnes
2489 5553 2699 5622 repetit.
2732 5551 2871 5606 Deus
2896 5565 3024 5605 vero
3053 5565 3158 5604 non
3182 5550 3349 5613 item;
3382 5549 3474 5604 sed

1896 5648 1938 5700 si
1993 5662 2156 5715 pauca
2199 5645 2470 5701 condones
2511 5654 2602 5699 tuo
2642 5659 2901 5699 conservo
2925 5683 2941 5709 ,
2973 5641 3152 5696 omnia
3193 5640 3283 5694 tibi
3325 5641 3374 5693 in
3407 5650 3478 5693 to.

1961 5781 1993 5842 ¹ν
2012 5779 2153 5828 Savil.
2180 5788 2229 5830 ct
2252 5779 2431 5842 aliquot
2453 5780 2594 5828 Codd.
2607 5820 2618 5838 ,
2634 5785 2677 5830 et
2694 5779 2814 5830 nihil
2830 5777 2914 5842 tibi
2929 5775 3120 5842 reliquit
3134 5775 3321 5842 cumino
3333 5779 3362 5812 α
3373 5789 3430 5823 aa
3441 5773 3492 5820 ἐς·

1903 5840 1953 5894 lii
1977 5841 2188 5902 humani,
2215 5856 2318 5905 pro,
2335 5836 2462 5894 'm'ltil
2484 5836 2674 5894 omnino
2697 5836 3069 5907 improbitatis...
3096 5836 3304 5888 retinnit.
