  <div class='ocr_page' id='page_1' title='image "/cluster/home/n/w/nwhite01/storage/ocr_20150623/49/hvd.32044054086806/210.png"; bbox 0 0 4020 6216; ppageno 0'>
   <div class='ocr_carea' id='block_1_1' title="bbox 171 286 280 343">
    <p class='ocr_par' dir='ltr' id='par_1_1' title="bbox 171 286 280 343">
     <span class='ocr_line' id='line_1_1' title="bbox 171 286 280 343; baseline 0.018 -2"><span class='ocrx_word' id='word_1_1' title='bbox 171 286 280 343; x_wconf 71' lang='grc'><strong>200</strong></span> 
     </span>
    </p>
   </div>
   <div class='ocr_carea' id='block_1_2' title="bbox 169 392 1767 467">
    <p class='ocr_par' dir='ltr' id='par_1_2' title="bbox 169 392 1767 467">
     <span class='ocr_line' id='line_1_2' title="bbox 169 392 1767 467; baseline -0.001 -17"><span class='ocrx_word' id='word_1_2' title='bbox 169 395 302 466; x_wconf 87' lang='lat' dir='ltr'><strong>quid</strong></span> <span class='ocrx_word' id='word_1_3' title='bbox 329 402 475 450; x_wconf 80' lang='lat' dir='ltr'><strong>recte</strong></span> <span class='ocrx_word' id='word_1_4' title='bbox 494 393 837 450; x_wconf 82' lang='lat' dir='ltr'><strong>efficiendum</strong></span> <span class='ocrx_word' id='word_1_5' title='bbox 863 401 966 463; x_wconf 86' lang='lat' dir='ltr'><strong>est,</strong></span> <span class='ocrx_word' id='word_1_6' title='bbox 993 393 1135 465; x_wconf 88' lang='lat' dir='ltr'><strong>quod</strong></span> <span class='ocrx_word' id='word_1_7' title='bbox 1155 409 1187 450; x_wconf 88' lang='lat' dir='ltr'><strong>a</strong></span> <span class='ocrx_word' id='word_1_8' title='bbox 1207 395 1318 451; x_wconf 85' lang='lat' dir='ltr'><strong>Deo</strong></span> <span class='ocrx_word' id='word_1_9' title='bbox 1345 394 1670 467; x_wconf 63' lang='lat' dir='ltr'><strong>praecipitur,</strong></span> <span class='ocrx_word' id='word_1_10' title='bbox 1693 392 1767 449; x_wconf 92' lang='lat' dir='ltr'><strong>ibi</strong></span> 
     </span>
    </p>
   </div>
   <div class='ocr_carea' id='block_1_3' title="bbox 170 485 1770 558">
    <p class='ocr_par' dir='ltr' id='par_1_3' title="bbox 170 485 1770 558">
     <span class='ocr_line' id='line_1_3' title="bbox 170 485 1770 558; baseline -0.001 -16"><span class='ocrx_word' id='word_1_11' title='bbox 170 502 278 542; x_wconf 84' lang='lat' dir='ltr'><strong>non</strong></span> <span class='ocrx_word' id='word_1_12' title='bbox 309 499 442 556; x_wconf 86' lang='lat' dir='ltr'><strong>opus</strong></span> <span class='ocrx_word' id='word_1_13' title='bbox 484 499 604 541; x_wconf 87' lang='lat' dir='ltr'><strong>esse</strong></span> <span class='ocrx_word' id='word_1_14' title='bbox 633 486 719 540; x_wconf 91' lang='lat' dir='ltr'><strong>vel</strong></span> <span class='ocrx_word' id='word_1_15' title='bbox 747 485 1002 558; x_wconf 88' lang='lat' dir='ltr'><strong>temporis</strong></span> <span class='ocrx_word' id='word_1_16' title='bbox 1028 486 1114 542; x_wconf 81' lang='lat' dir='ltr'><strong>vel</strong></span> <span class='ocrx_word' id='word_1_17' title='bbox 1159 485 1364 542; x_wconf 90' lang='lat' dir='ltr'><strong>dierum</strong></span> <span class='ocrx_word' id='word_1_18' title='bbox 1403 500 1650 554; x_wconf 88' lang='lat' dir='ltr'><strong>numero,</strong></span> <span class='ocrx_word' id='word_1_19' title='bbox 1679 494 1770 540; x_wconf 91' lang='lat' dir='ltr'><strong>aut</strong></span> 
     </span>
    </p>
   </div>
   <div class='ocr_carea' id='block_1_4' title="bbox 170 561 1772 649">
    <p class='ocr_par' dir='ltr' id='par_1_4' title="bbox 170 561 1772 649">
     <span class='ocr_line' id='line_1_4' title="bbox 170 561 1772 649; baseline -0.001 -18"><span class='ocrx_word' id='word_1_20' title='bbox 170 578 363 647; x_wconf 78' lang='lat' dir='ltr'><strong>spatiis</strong></span> <span class='ocrx_word' id='word_1_21' title='bbox 392 591 676 642; x_wconf 89' lang='lat' dir='ltr'><strong>annorum,</strong></span> <span class='ocrx_word' id='word_1_22' title='bbox 705 576 801 632; x_wconf 90' lang='lat' dir='ltr'><strong>sed</strong></span> <span class='ocrx_word' id='word_1_23' title='bbox 833 561 1022 633; x_wconf 81' lang='lat' dir='ltr'><strong>timore</strong></span> <span class='ocrx_word' id='word_1_24' title='bbox 1048 577 1165 632; x_wconf 92' lang='lat' dir='ltr'><strong>solo</strong></span> <span class='ocrx_word' id='word_1_25' title='bbox 1191 587 1245 632; x_wconf 91' lang='lat' dir='ltr'><strong>et</strong></span> <span class='ocrx_word' id='word_1_26' title='bbox 1263 577 1540 649; x_wconf 88' lang='lat' dir='ltr'><strong>religione,</strong></span> <span class='ocrx_word' id='word_1_27' title='bbox 1574 585 1629 632; x_wconf 83' lang='lat' dir='ltr'><strong>et</strong></span> <span class='ocrx_word' id='word_1_28' title='bbox 1656 592 1772 630; x_wconf 85' lang='lat' dir='ltr'><strong>om-</strong></span> 
     </span>
    </p>
   </div>
   <div class='ocr_carea' id='block_1_5' title="bbox 173 666 1766 741">
    <p class='ocr_par' dir='ltr' id='par_1_5' title="bbox 173 666 1766 741">
     <span class='ocr_line' id='line_1_5' title="bbox 173 666 1766 741; baseline 0.001 -18"><span class='ocrx_word' id='word_1_29' title='bbox 173 669 322 724; x_wconf 87' lang='lat' dir='ltr'><strong>nium</strong></span> <span class='ocrx_word' id='word_1_30' title='bbox 353 678 630 739; x_wconf 86' lang='lat' dir='ltr'><strong>compotes</strong></span> <span class='ocrx_word' id='word_1_31' title='bbox 658 666 976 736; x_wconf 84' lang='lat' dir='ltr'><strong>efticiemur,</strong></span> <span class='ocrx_word' id='word_1_32' title='bbox 1004 669 1163 741; x_wconf 92' lang='lat' dir='ltr'><strong>idque</strong></span> <span class='ocrx_word' id='word_1_33' title='bbox 1189 669 1326 724; x_wconf 86' lang='lat' dir='ltr'><strong>intra</strong></span> <span class='ocrx_word' id='word_1_34' title='bbox 1352 670 1602 741; x_wconf 79' lang='lat' dir='ltr'><strong>exiguum</strong></span> <span class='ocrx_word' id='word_1_35' title='bbox 1636 677 1766 724; x_wconf 82' lang='lat' dir='ltr'><strong>tem-</strong></span> 
     </span>
    </p>
   </div>
   <div class='ocr_carea' id='block_1_6' title="bbox 173 775 296 832">
    <p class='ocr_par' dir='ltr' id='par_1_6' title="bbox 173 775 296 832">
     <span class='ocr_line' id='line_1_6' title="bbox 173 775 296 832; baseline 0 -17"><span class='ocrx_word' id='word_1_36' title='bbox 173 775 296 832; x_wconf 73' lang='lat' dir='ltr'><strong>pus.</strong></span> 
     </span>
    </p>
   </div>
   <div class='ocr_carea' id='block_1_7' title="bbox 246 850 1768 922">
    <p class='ocr_par' dir='ltr' id='par_1_7' title="bbox 246 850 1768 922">
     <span class='ocr_line' id='line_1_7' title="bbox 246 850 1768 922; baseline -0.001 -16"><span class='ocrx_word' id='word_1_37' title='bbox 246 852 302 908; x_wconf 90' lang='lat'><strong>8.</strong></span> <span class='ocrx_word' id='word_1_38' title='bbox 347 850 532 905; x_wconf 79' lang='lat' dir='ltr'><strong>Contra</strong></span> <span class='ocrx_word' id='word_1_39' title='bbox 561 851 748 905; x_wconf 81' lang='lat' dir='ltr'><strong>malam</strong></span> <span class='ocrx_word' id='word_1_40' title='bbox 767 852 984 922; x_wconf 82' lang='lat' dir='ltr'><strong>jurandi</strong></span> <span class='ocrx_word' id='word_1_41' title='bbox 1019 853 1445 907; x_wconf 71' lang='lat' dir='ltr'><strong>consuetudinem.</strong></span> <span class='ocrx_word' id='word_1_42' title='bbox 1475 883 1550 895; x_wconf 87' lang='lat'><strong>-—-</strong></span> <span class='ocrx_word' id='word_1_43' title='bbox 1576 851 1768 906; x_wconf 73' lang='lat' dir='ltr'><strong>Verum</strong></span> 
     </span>
    </p>
   </div>
   <div class='ocr_carea' id='block_1_8' title="bbox 175 942 1860 1010">
    <p class='ocr_par' dir='ltr' id='par_1_8' title="bbox 175 942 1860 1010">
     <span class='ocr_line' id='line_1_8' title="bbox 175 942 1860 1010; baseline -0.002 -12"><span class='ocrx_word' id='word_1_44' title='bbox 175 959 246 998; x_wconf 77' lang='lat' dir='ltr'><strong>ne</strong></span> <span class='ocrx_word' id='word_1_45' title='bbox 273 942 592 998; x_wconf 89' lang='lat' dir='ltr'><strong>existimetis</strong></span> <span class='ocrx_word' id='word_1_46' title='bbox 621 958 705 998; x_wconf 91' lang='lat' dir='ltr'><strong>me</strong></span> <span class='ocrx_word' id='word_1_47' title='bbox 735 943 784 997; x_wconf 88' lang='lat' dir='ltr'><strong>id</strong></span> <span class='ocrx_word' id='word_1_48' title='bbox 817 953 1017 998; x_wconf 85' lang='lat' dir='ltr'><strong>temere</strong></span> <span class='ocrx_word' id='word_1_49' title='bbox 1043 944 1241 1007; x_wconf 87' lang='lat' dir='ltr'><strong>dicere,</strong></span> <span class='ocrx_word' id='word_1_50' title='bbox 1266 943 1531 997; x_wconf 83' lang='lat' dir='ltr'><strong>hominem</strong></span> <span class='ocrx_word' id='word_1_51' title='bbox 1561 942 1625 998; x_wconf 89' lang='lat' dir='ltr'><strong>ad</strong></span> <span class='ocrx_word' id='word_1_52' title='bbox 1654 943 1769 1010; x_wconf 84' lang='lat' dir='ltr'><strong>jus-</strong></span> <span class='ocrx_word' id='word_1_53' title='bbox 1805 997 1812 1000; x_wconf 97' lang='lat'>_</span> <span class='ocrx_word' id='word_1_54' title='bbox 1841 963 1860 999; x_wconf 67' lang='grc' dir='ltr'><em>ς</em></span> 
     </span>
    </p>
   </div>
   <div class='ocr_carea' id='block_1_9' title="bbox 171 1035 1771 1106">
    <p class='ocr_par' dir='ltr' id='par_1_9' title="bbox 171 1035 1771 1106">
     <span class='ocr_line' id='line_1_9' title="bbox 171 1035 1771 1106; baseline 0.001 -18"><span class='ocrx_word' id='word_1_55' title='bbox 171 1035 458 1106; x_wconf 84' lang='lat' dir='ltr'><strong>jurandum</strong></span> <span class='ocrx_word' id='word_1_56' title='bbox 505 1037 960 1105; x_wconf 83' lang='lat' dir='ltr'><strong>promptissimum</strong></span> <span class='ocrx_word' id='word_1_57' title='bbox 1009 1045 1062 1091; x_wconf 92' lang='lat' dir='ltr'><strong>et</strong></span> <span class='ocrx_word' id='word_1_58' title='bbox 1105 1053 1263 1106; x_wconf 89' lang='lat' dir='ltr'><strong>quem</strong></span> <span class='ocrx_word' id='word_1_59' title='bbox 1309 1053 1403 1090; x_wconf 83' lang='lat' dir='ltr'><strong>vos</strong></span> <span class='ocrx_word' id='word_1_60' title='bbox 1441 1037 1771 1092; x_wconf 87' lang='lat' dir='ltr'><strong>arbitramini</strong></span> 
     </span>
    </p>
   </div>
   <div class='ocr_carea' id='block_1_10' title="bbox 174 1125 1770 1199">
    <p class='ocr_par' dir='ltr' id='par_1_10' title="bbox 174 1125 1770 1199">
     <span class='ocr_line' id='line_1_10' title="bbox 174 1125 1770 1199; baseline 0 -19"><span class='ocrx_word' id='word_1_61' title='bbox 174 1127 347 1181; x_wconf 82' lang='lat' dir='ltr'><strong>multo</strong></span> <span class='ocrx_word' id='word_1_62' title='bbox 373 1126 519 1196; x_wconf 90' lang='lat' dir='ltr'><strong>plura</strong></span> <span class='ocrx_word' id='word_1_63' title='bbox 550 1125 845 1194; x_wconf 81' lang='lat' dir='ltr'><strong>iuramenta</strong></span> <span class='ocrx_word' id='word_1_64' title='bbox 870 1127 1107 1198; x_wconf 86' lang='lat' dir='ltr'><strong>proferre</strong></span> <span class='ocrx_word' id='word_1_65' title='bbox 1131 1144 1287 1199; x_wconf 89' lang='lat' dir='ltr'><strong>quam</strong></span> <span class='ocrx_word' id='word_1_66' title='bbox 1313 1129 1498 1195; x_wconf 86' lang='lat' dir='ltr'><strong>verba,</strong></span> <span class='ocrx_word' id='word_1_67' title='bbox 1518 1144 1639 1183; x_wconf 87' lang='lat' dir='ltr'><strong>eum</strong></span> <span class='ocrx_word' id='word_1_68' title='bbox 1667 1128 1770 1181; x_wconf 91' lang='lat' dir='ltr'><strong>mi-</strong></span> 
     </span>
    </p>
   </div>
   <div class='ocr_carea' id='block_1_11' title="bbox 173 1212 1772 1290">
    <p class='ocr_par' dir='ltr' id='par_1_11' title="bbox 173 1212 1772 1290">
     <span class='ocr_line' id='line_1_11' title="bbox 173 1212 1772 1290; baseline 0.002 -20"><span class='ocrx_word' id='word_1_69' title='bbox 173 1216 232 1271; x_wconf 74' lang='lat' dir='ltr'><strong>lii</strong></span> <span class='ocrx_word' id='word_1_70' title='bbox 257 1218 384 1274; x_wconf 89' lang='lat' dir='ltr'><strong>date</strong></span> <span class='ocrx_word' id='word_1_71' title='bbox 412 1219 478 1272; x_wconf 90' lang='lat' dir='ltr'><strong>ad</strong></span> <span class='ocrx_word' id='word_1_72' title='bbox 508 1217 698 1273; x_wconf 88' lang='lat' dir='ltr'><strong>decem.</strong></span> <span class='ocrx_word' id='word_1_73' title='bbox 723 1212 868 1286; x_wconf 68' lang='lat' dir='ltr'><strong>dics&#39;,</strong></span> <span class='ocrx_word' id='word_1_74' title='bbox 915 1231 967 1274; x_wconf 91' lang='lat' dir='ltr'><strong>et</strong></span> <span class='ocrx_word' id='word_1_75' title='bbox 996 1221 1095 1274; x_wconf 88' lang='lat' dir='ltr'><strong>nisi</strong></span> <span class='ocrx_word' id='word_1_76' title='bbox 1141 1221 1214 1273; x_wconf 85' lang='lat' dir='ltr'><strong>illi</strong></span> <span class='ocrx_word' id='word_1_77' title='bbox 1247 1222 1380 1276; x_wconf 90' lang='lat' dir='ltr'><strong>intra</strong></span> <span class='ocrx_word' id='word_1_78' title='bbox 1412 1234 1607 1290; x_wconf 88' lang='lat' dir='ltr'><strong>paucos</strong></span> <span class='ocrx_word' id='word_1_79' title='bbox 1642 1220 1772 1274; x_wconf 89' lang='lat' dir='ltr'><strong>istos</strong></span> 
     </span>
    </p>
   </div>
   <div class='ocr_carea' id='block_1_12' title="bbox 173 1309 1774 1380">
    <p class='ocr_par' dir='ltr' id='par_1_12' title="bbox 173 1309 1774 1380">
     <span class='ocr_line' id='line_1_12' title="bbox 173 1309 1774 1380; baseline -0.002 -16"><span class='ocrx_word' id='word_1_80' title='bbox 173 1309 295 1364; x_wconf 75' lang='lat' dir='ltr'><strong>dies</strong></span> <span class='ocrx_word' id='word_1_81' title='bbox 324 1309 764 1365; x_wconf 87' lang='lat' dir='ltr'><strong>consuetudinem</strong></span> <span class='ocrx_word' id='word_1_82' title='bbox 789 1311 1002 1380; x_wconf 91' lang='lat' dir='ltr'><strong>jurandi</strong></span> <span class='ocrx_word' id='word_1_83' title='bbox 1028 1311 1300 1366; x_wconf 79' lang='lat' dir='ltr'><strong>abstulero</strong></span> <span class='ocrx_word' id='word_1_84' title='bbox 1318 1352 1341 1377; x_wconf 60' lang='grc' dir='ltr'><strong>ι</strong></span> <span class='ocrx_word' id='word_1_85' title='bbox 1365 1322 1603 1367; x_wconf 89' lang='lat' dir='ltr'><strong>extremo</strong></span> <span class='ocrx_word' id='word_1_86' title='bbox 1641 1326 1774 1380; x_wconf 82' lang='lat' dir='ltr'><strong>sup-</strong></span> 
     </span>
    </p>
   </div>
   <div class='ocr_carea' id='block_1_13' title="bbox 173 1403 1770 1474">
    <p class='ocr_par' dir='ltr' id='par_1_13' title="bbox 173 1403 1770 1474">
     <span class='ocr_line' id='line_1_13' title="bbox 173 1403 1770 1474; baseline -0.001 -17"><span class='ocrx_word' id='word_1_87' title='bbox 173 1404 342 1474; x_wconf 74' lang='lat' dir='ltr'><strong>plicio</strong></span> <span class='ocrx_word' id='word_1_88' title='bbox 363 1419 450 1459; x_wconf 90' lang='lat' dir='ltr'><strong>me</strong></span> <span class='ocrx_word' id='word_1_89' title='bbox 477 1403 826 1458; x_wconf 85' lang='lat' dir='ltr'><strong>condemnate</strong></span> <span class='ocrx_word' id='word_1_90' title='bbox 857 1422 869 1458; x_wconf 91' lang='lat'>:</span> <span class='ocrx_word' id='word_1_91' title='bbox 899 1414 952 1459; x_wconf 89' lang='lat' dir='ltr'><strong>et</strong></span> <span class='ocrx_word' id='word_1_92' title='bbox 975 1404 1116 1474; x_wconf 90' lang='lat' dir='ltr'><strong>quod</strong></span> <span class='ocrx_word' id='word_1_93' title='bbox 1145 1405 1244 1458; x_wconf 87' lang='lat' dir='ltr'><strong>ista</strong></span> <span class='ocrx_word' id='word_1_94' title='bbox 1271 1404 1428 1459; x_wconf 87' lang='lat' dir='ltr'><strong>verba</strong></span> <span class='ocrx_word' id='word_1_95' title='bbox 1457 1419 1560 1458; x_wconf 92' lang='lat' dir='ltr'><strong>non</strong></span> <span class='ocrx_word' id='word_1_96' title='bbox 1583 1417 1770 1457; x_wconf 86' lang='lat' dir='ltr'><strong>vanam</strong></span> 
     </span>
    </p>
   </div>
   <div class='ocr_carea' id='block_1_14' title="bbox 171 1493 1773 1564">
    <p class='ocr_par' dir='ltr' id='par_1_14' title="bbox 171 1493 1773 1564">
     <span class='ocr_line' id='line_1_14' title="bbox 171 1493 1773 1564; baseline -0.002 -13"><span class='ocrx_word' id='word_1_97' title='bbox 171 1495 524 1564; x_wconf 82' lang='lat' dir='ltr'><strong>jactationem</strong></span> <span class='ocrx_word' id='word_1_98' title='bbox 555 1495 819 1561; x_wconf 81' lang='lat' dir='ltr'><strong>habeant,</strong></span> <span class='ocrx_word' id='word_1_99' title='bbox 867 1511 927 1550; x_wconf 74' lang='lat' dir='ltr'><strong>ex</strong></span> <span class='ocrx_word' id='word_1_100' title='bbox 961 1496 1121 1551; x_wconf 89' lang='lat' dir='ltr'><strong>rebus</strong></span> <span class='ocrx_word' id='word_1_101' title='bbox 1148 1506 1271 1551; x_wconf 90' lang='lat' dir='ltr'><strong>ante</strong></span> <span class='ocrx_word' id='word_1_102' title='bbox 1299 1496 1430 1550; x_wconf 90' lang='lat' dir='ltr'><strong>actis</strong></span> <span class='ocrx_word' id='word_1_103' title='bbox 1461 1497 1661 1549; x_wconf 88' lang='lat' dir='ltr'><strong>clarum</strong></span> <span class='ocrx_word' id='word_1_104' title='bbox 1691 1493 1773 1548; x_wconf 83' lang='lat' dir='ltr'><strong>fa-</strong></span> 
     </span>
    </p>
   </div>
   <div class='ocr_carea' id='block_1_15' title="bbox 175 1584 1774 1654">
    <p class='ocr_par' dir='ltr' id='par_1_15' title="bbox 175 1584 1774 1654">
     <span class='ocr_line' id='line_1_15' title="bbox 175 1584 1774 1654; baseline -0.003 -13"><span class='ocrx_word' id='word_1_105' title='bbox 175 1588 342 1641; x_wconf 81' lang='lat' dir='ltr'><strong>ciam.</strong></span> <span class='ocrx_word' id='word_1_106' title='bbox 372 1585 507 1652; x_wconf 83' lang='lat' dir='ltr'><strong>Quid</strong></span> <span class='ocrx_word' id='word_1_107' title='bbox 534 1586 782 1640; x_wconf 82' lang='lat' dir='ltr'><strong>Ninivitis</strong></span> <span class='ocrx_word' id='word_1_108' title='bbox 804 1587 1236 1652; x_wconf 79' lang='lat' dir='ltr'><strong>irrationabilius,</strong></span> <span class='ocrx_word' id='word_1_109' title='bbox 1270 1585 1395 1654; x_wconf 90' lang='lat' dir='ltr'><strong>quid</strong></span> <span class='ocrx_word' id='word_1_110' title='bbox 1417 1584 1663 1639; x_wconf 80' lang='lat' dir='ltr'><strong>stultius?</strong></span> <span class='ocrx_word' id='word_1_111' title='bbox 1689 1592 1774 1637; x_wconf 88' lang='lat' dir='ltr'><strong>at-</strong></span> 
     </span>
    </p>
   </div>
   <div class='ocr_carea' id='block_1_16' title="bbox 175 1676 1774 1746">
    <p class='ocr_par' dir='ltr' id='par_1_16' title="bbox 175 1676 1774 1746">
     <span class='ocr_line' id='line_1_16' title="bbox 175 1676 1774 1746; baseline -0.003 -14"><span class='ocrx_word' id='word_1_112' title='bbox 175 1686 358 1732; x_wconf 84' lang='lat' dir='ltr'><strong>tamen</strong></span> <span class='ocrx_word' id='word_1_113' title='bbox 389 1677 601 1731; x_wconf 83' lang='lat' dir='ltr'><strong>barbari</strong></span> <span class='ocrx_word' id='word_1_114' title='bbox 651 1677 738 1731; x_wconf 85' lang='lat' dir='ltr'><strong>isti</strong></span> <span class='ocrx_word' id='word_1_115' title='bbox 787 1686 838 1732; x_wconf 89' lang='lat' dir='ltr'><strong>et</strong></span> <span class='ocrx_word' id='word_1_116' title='bbox 877 1676 1045 1742; x_wconf 85' lang='lat' dir='ltr'><strong>stulti,</strong></span> <span class='ocrx_word' id='word_1_117' title='bbox 1095 1677 1184 1746; x_wconf 87' lang='lat' dir='ltr'><strong>qui</strong></span> <span class='ocrx_word' id='word_1_118' title='bbox 1232 1676 1493 1730; x_wconf 88' lang='lat' dir='ltr'><strong>neminem</strong></span> <span class='ocrx_word' id='word_1_119' title='bbox 1523 1689 1774 1744; x_wconf 86' lang='lat' dir='ltr'><strong>umquam</strong></span> 
     </span>
    </p>
   </div>
   <div class='ocr_carea' id='block_1_17' title="bbox 178 1767 1772 1840">
    <p class='ocr_par' dir='ltr' id='par_1_17' title="bbox 178 1767 1772 1840">
     <span class='ocr_line' id='line_1_17' title="bbox 178 1767 1772 1840; baseline -0.001 -17"><span class='ocrx_word' id='word_1_120' title='bbox 178 1770 560 1840; x_wconf 86' lang='lat' dir='ltr'><strong>philosophum</strong></span> <span class='ocrx_word' id='word_1_121' title='bbox 605 1769 899 1833; x_wconf 82' lang='lat' dir='ltr'><strong>audierant,</strong></span> <span class='ocrx_word' id='word_1_122' title='bbox 928 1770 1119 1840; x_wconf 87' lang='lat' dir='ltr'><strong>quibus</strong></span> <span class='ocrx_word' id='word_1_123' title='bbox 1150 1785 1436 1839; x_wconf 82' lang='lat' dir='ltr'><strong>numquam</strong></span> <span class='ocrx_word' id='word_1_124' title='bbox 1469 1767 1589 1823; x_wconf 88' lang='lat' dir='ltr'><strong>talia</strong></span> <span class='ocrx_word' id='word_1_125' title='bbox 1632 1784 1772 1838; x_wconf 81' lang='lat' dir='ltr'><strong>pra:-</strong></span> 
     </span>
    </p>
   </div>
   <div class='ocr_carea' id='block_1_18' title="bbox 175 1858 1774 1930">
    <p class='ocr_par' dir='ltr' id='par_1_18' title="bbox 175 1858 1774 1930">
     <span class='ocr_line' id='line_1_18' title="bbox 175 1858 1774 1930; baseline -0.003 -14"><span class='ocrx_word' id='word_1_126' title='bbox 175 1861 558 1930; x_wconf 87' lang='lat' dir='ltr'><strong>ccpta.lradita</strong></span> <span class='ocrx_word' id='word_1_127' title='bbox 585 1870 754 1924; x_wconf 89' lang='lat' dir='ltr'><strong>erant,</strong></span> <span class='ocrx_word' id='word_1_128' title='bbox 793 1861 989 1915; x_wconf 88' lang='lat' dir='ltr'><strong>auditis</strong></span> <span class='ocrx_word' id='word_1_129' title='bbox 1017 1861 1097 1915; x_wconf 89' lang='lat' dir='ltr'><strong>his</strong></span> <span class='ocrx_word' id='word_1_130' title='bbox 1125 1859 1396 1930; x_wconf 68' lang='lat' dir='ltr'><strong>propheta:</strong></span> <span class='ocrx_word' id='word_1_131' title='bbox 1435 1859 1629 1923; x_wconf 81' lang='lat' dir='ltr'><strong>verbis,</strong></span> <span class='ocrx_word' id='word_1_132' title='bbox 1663 1858 1774 1912; x_wconf 73' lang='lat' dir='ltr'><strong>Atl-</strong></span> 
     </span>
    </p>
   </div>
   <div class='ocr_carea' id='block_1_19' title="bbox 178 1950 1774 2022">
    <p class='ocr_par' dir='ltr' id='par_1_19' title="bbox 178 1950 1774 2022">
     <span class='ocr_line' id='line_1_19' title="bbox 178 1950 1774 2022; baseline -0.001 -17"><span class='ocrx_word' id='word_1_133' title='bbox 178 1952 278 2005; x_wconf 72' lang='lat' dir='ltr'><strong>huc</strong></span> <span class='ocrx_word' id='word_1_134' title='bbox 309 1961 410 2005; x_wconf 86' lang='lat' dir='ltr'><strong>tres</strong></span> <span class='ocrx_word' id='word_1_135' title='bbox 435 1952 562 2016; x_wconf 86' lang='lat' dir='ltr'><strong>dies,</strong></span> <span class='ocrx_word' id='word_1_136' title='bbox 593 1959 638 2004; x_wconf 89' lang='lat' dir='ltr'><strong>et</strong></span> <span class='ocrx_word' id='word_1_137' title='bbox 659 1950 848 2004; x_wconf 80' lang='lat' dir='ltr'><strong>Ninive</strong></span> <span class='ocrx_word' id='word_1_138' title='bbox 873 1951 1184 2005; x_wconf 83' lang='lat' dir='ltr'><strong>subvertetur</strong></span> <span class='ocrx_word' id='word_1_139' title='bbox 1221 1950 1380 2022; x_wconf 87' lang='lat' dir='ltr'><strong>(.Ion.</strong></span> <span class='ocrx_word' id='word_1_140' title='bbox 1410 1953 1461 2007; x_wconf 79' lang='grc'><strong>5.</strong></span> <span class='ocrx_word' id='word_1_141' title='bbox 1490 1951 1564 2022; x_wconf 70' lang='grc'>4)</span> <span class='ocrx_word' id='word_1_142' title='bbox 1591 1964 1604 2004; x_wconf 92' lang='lat'>:</span> <span class='ocrx_word' id='word_1_143' title='bbox 1638 1951 1774 2004; x_wconf 85' lang='lat' dir='ltr'><strong>intra</strong></span> 
     </span>
    </p>
   </div>
   <div class='ocr_carea' id='block_1_20' title="bbox 176 2041 1774 2110">
    <p class='ocr_par' dir='ltr' id='par_1_20' title="bbox 176 2041 1774 2110">
     <span class='ocr_line' id='line_1_20' title="bbox 176 2041 1774 2110; baseline -0.002 -13"><span class='ocrx_word' id='word_1_144' title='bbox 176 2050 291 2097; x_wconf 74' lang='lat' dir='ltr'><strong>tres</strong></span> <span class='ocrx_word' id='word_1_145' title='bbox 318 2041 434 2096; x_wconf 84' lang='lat' dir='ltr'><strong>dies</strong></span> <span class='ocrx_word' id='word_1_146' title='bbox 461 2041 821 2110; x_wconf 84' lang='lat' dir='ltr'><strong>deposuerunt</strong></span> <span class='ocrx_word' id='word_1_147' title='bbox 849 2041 1040 2096; x_wconf 89' lang='lat' dir='ltr'><strong>malam</strong></span> <span class='ocrx_word' id='word_1_148' title='bbox 1061 2042 1501 2097; x_wconf 75' lang='lat' dir='ltr'><strong>consuetudinem</strong></span> <span class='ocrx_word' id='word_1_149' title='bbox 1529 2058 1542 2094; x_wconf 92' lang='lat'><strong>:</strong></span> <span class='ocrx_word' id='word_1_150' title='bbox 1571 2053 1774 2097; x_wconf 91' lang='lat' dir='ltr'><strong>scorta-</strong></span> 
     </span>
    </p>
   </div>
   <div class='ocr_carea' id='block_1_21' title="bbox 179 2133 1777 2204">
    <p class='ocr_par' dir='ltr' id='par_1_21' title="bbox 179 2133 1777 2204">
     <span class='ocr_line' id='line_1_21' title="bbox 179 2133 1777 2204; baseline 0 -15"><span class='ocrx_word' id='word_1_151' title='bbox 179 2145 264 2189; x_wconf 90' lang='lat' dir='ltr'><strong>tor</strong></span> <span class='ocrx_word' id='word_1_152' title='bbox 291 2145 505 2198; x_wconf 84' lang='lat' dir='ltr'><strong>castus,</strong></span> <span class='ocrx_word' id='word_1_153' title='bbox 555 2133 704 2188; x_wconf 78' lang='lat' dir='ltr'><strong>ferox</strong></span> <span class='ocrx_word' id='word_1_154' title='bbox 736 2145 1078 2201; x_wconf 86' lang='lat' dir='ltr'><strong>mansuetus,</strong></span> <span class='ocrx_word' id='word_1_155' title='bbox 1119 2133 1462 2189; x_wconf 70' lang='lat' dir='ltr'><strong>defraudator</strong></span> <span class='ocrx_word' id='word_1_156' title='bbox 1503 2143 1558 2189; x_wconf 90' lang='lat' dir='ltr'><strong>et</strong></span> <span class='ocrx_word' id='word_1_157' title='bbox 1595 2143 1777 2204; x_wconf 87' lang='lat' dir='ltr'><strong>raptor</strong></span> 
     </span>
    </p>
   </div>
   <div class='ocr_carea' id='block_1_22' title="bbox 177 2225 1773 2296">
    <p class='ocr_par' dir='ltr' id='par_1_22' title="bbox 177 2225 1773 2296">
     <span class='ocr_line' id='line_1_22' title="bbox 177 2225 1773 2296; baseline -0.003 -14"><span class='ocrx_word' id='word_1_158' title='bbox 177 2225 459 2282; x_wconf 84' lang='lat' dir='ltr'><strong>modestus</strong></span> <span class='ocrx_word' id='word_1_159' title='bbox 483 2234 539 2279; x_wconf 92' lang='lat' dir='ltr'><strong>et</strong></span> <span class='ocrx_word' id='word_1_160' title='bbox 562 2225 824 2294; x_wconf 84' lang='lat' dir='ltr'><strong>benignus</strong></span> <span class='ocrx_word' id='word_1_161' title='bbox 842 2265 858 2292; x_wconf 93' lang='lat'><strong>,</strong></span> <span class='ocrx_word' id='word_1_162' title='bbox 887 2226 1108 2296; x_wconf 82' lang='lat' dir='ltr'><strong>ignavus</strong></span> <span class='ocrx_word' id='word_1_163' title='bbox 1148 2225 1436 2280; x_wconf 85' lang='lat' dir='ltr'><strong>industrius</strong></span> <span class='ocrx_word' id='word_1_164' title='bbox 1465 2225 1634 2280; x_wconf 86' lang='lat' dir='ltr'><strong>factus</strong></span> <span class='ocrx_word' id='word_1_165' title='bbox 1671 2233 1773 2278; x_wconf 86' lang='lat' dir='ltr'><strong>est.</strong></span> 
     </span>
    </p>
   </div>
   <div class='ocr_carea' id='block_1_23' title="bbox 177 2318 1778 2388">
    <p class='ocr_par' dir='ltr' id='par_1_23' title="bbox 177 2318 1778 2388">
     <span class='ocr_line' id='line_1_23' title="bbox 177 2318 1778 2388; baseline -0.003 -14"><span class='ocrx_word' id='word_1_166' title='bbox 177 2319 364 2388; x_wconf 77' lang='lat' dir='ltr'><strong>Neque</strong></span> <span class='ocrx_word' id='word_1_167' title='bbox 391 2335 572 2383; x_wconf 90' lang='lat' dir='ltr'><strong>unum,</strong></span> <span class='ocrx_word' id='word_1_168' title='bbox 596 2327 687 2372; x_wconf 89' lang='lat' dir='ltr'><strong>aut</strong></span> <span class='ocrx_word' id='word_1_169' title='bbox 711 2319 956 2382; x_wconf 80' lang='lat' dir='ltr'><strong>aiterum,</strong></span> <span class='ocrx_word' id='word_1_170' title='bbox 981 2327 1073 2372; x_wconf 86' lang='lat' dir='ltr'><strong>aut</strong></span> <span class='ocrx_word' id='word_1_171' title='bbox 1114 2318 1347 2379; x_wconf 90' lang='lat' dir='ltr'><strong>tertium,</strong></span> <span class='ocrx_word' id='word_1_172' title='bbox 1377 2327 1468 2371; x_wconf 90' lang='lat' dir='ltr'><strong>aut</strong></span> <span class='ocrx_word' id='word_1_173' title='bbox 1489 2325 1733 2386; x_wconf 86' lang='lat' dir='ltr'><strong>quartum</strong></span> <span class='ocrx_word' id='word_1_174' title='bbox 1750 2355 1778 2386; x_wconf 69' lang='lat'><strong>,</strong></span> 
     </span>
    </p>
   </div>
   <div class='ocr_carea' id='block_1_24' title="bbox 177 2408 1776 2480">
    <p class='ocr_par' dir='ltr' id='par_1_24' title="bbox 177 2408 1776 2480">
     <span class='ocr_line' id='line_1_24' title="bbox 177 2408 1776 2480; baseline -0.003 -12"><span class='ocrx_word' id='word_1_175' title='bbox 177 2414 272 2468; x_wconf 75' lang='lat' dir='ltr'><strong>sed</strong></span> <span class='ocrx_word' id='word_1_176' title='bbox 304 2413 486 2467; x_wconf 85' lang='lat' dir='ltr'><strong>omnia</strong></span> <span class='ocrx_word' id='word_1_177' title='bbox 517 2413 639 2466; x_wconf 87' lang='lat' dir='ltr'><strong>vitia</strong></span> <span class='ocrx_word' id='word_1_178' title='bbox 669 2411 826 2466; x_wconf 84' lang='lat' dir='ltr'><strong>simul</strong></span> <span class='ocrx_word' id='word_1_179' title='bbox 855 2419 1223 2466; x_wconf 78' lang='lat' dir='ltr'><strong>correxerunt.</strong></span> <span class='ocrx_word' id='word_1_180' title='bbox 1249 2409 1304 2464; x_wconf 89' lang='lat' dir='ltr'><strong>ld</strong></span> <span class='ocrx_word' id='word_1_181' title='bbox 1327 2409 1466 2466; x_wconf 90' lang='lat' dir='ltr'><strong>unde</strong></span> <span class='ocrx_word' id='word_1_182' title='bbox 1489 2409 1668 2480; x_wconf 85' lang='lat' dir='ltr'><strong>patet?</strong></span> <span class='ocrx_word' id='word_1_183' title='bbox 1695 2408 1776 2463; x_wconf 84' lang='lat' dir='ltr'><strong>Ex</strong></span> 
     </span>
    </p>
   </div>
   <div class='ocr_carea' id='block_1_25' title="bbox 177 2500 1774 2574">
    <p class='ocr_par' dir='ltr' id='par_1_25' title="bbox 177 2500 1774 2574">
     <span class='ocr_line' id='line_1_25' title="bbox 177 2500 1774 2574; baseline -0.003 -16"><span class='ocrx_word' id='word_1_184' title='bbox 177 2505 359 2560; x_wconf 75' lang='lat' dir='ltr'><strong>verbis</strong></span> <span class='ocrx_word' id='word_1_185' title='bbox 409 2505 708 2574; x_wconf 63' lang='lat' dir='ltr'><strong>prophetae,</strong></span> <span class='ocrx_word' id='word_1_186' title='bbox 756 2505 869 2573; x_wconf 88' lang='lat' dir='ltr'><strong>ipse</strong></span> <span class='ocrx_word' id='word_1_187' title='bbox 922 2503 1062 2558; x_wconf 90' lang='lat' dir='ltr'><strong>enim</strong></span> <span class='ocrx_word' id='word_1_188' title='bbox 1115 2511 1393 2558; x_wconf 84' lang='lat' dir='ltr'><strong>accusator</strong></span> <span class='ocrx_word' id='word_1_189' title='bbox 1437 2516 1644 2567; x_wconf 88' lang='lat' dir='ltr'><strong>eorum,</strong></span> <span class='ocrx_word' id='word_1_190' title='bbox 1684 2500 1774 2570; x_wconf 91' lang='lat' dir='ltr'><strong>qui</strong></span> 
     </span>
    </p>
   </div>
   <div class='ocr_carea' id='block_1_26' title="bbox 175 2594 1773 2651">
    <p class='ocr_par' dir='ltr' id='par_1_26' title="bbox 175 2594 1773 2651">
     <span class='ocr_line' id='line_1_26' title="bbox 175 2594 1773 2651; baseline -0.002 0"><span class='ocrx_word' id='word_1_191' title='bbox 175 2596 389 2651; x_wconf 81' lang='lat' dir='ltr'><strong>dixerat</strong></span> <span class='ocrx_word' id='word_1_192' title='bbox 417 2594 724 2650; x_wconf 86' lang='lat' dir='ltr'><strong>ascendisse</strong></span> <span class='ocrx_word' id='word_1_193' title='bbox 747 2596 812 2649; x_wconf 89' lang='lat' dir='ltr'><strong>ad</strong></span> <span class='ocrx_word' id='word_1_194' title='bbox 835 2597 996 2650; x_wconf 71' lang='lat' dir='ltr'><strong>cmlos</strong></span> <span class='ocrx_word' id='word_1_195' title='bbox 1021 2596 1312 2650; x_wconf 89' lang='lat' dir='ltr'><strong>clamorem</strong></span> <span class='ocrx_word' id='word_1_196' title='bbox 1343 2595 1558 2648; x_wconf 70' lang='lat' dir='ltr'><strong>malitia:</strong></span> <span class='ocrx_word' id='word_1_197' title='bbox 1587 2609 1773 2648; x_wconf 90' lang='lat' dir='ltr'><strong>eorum</strong></span> 
     </span>
    </p>
   </div>
   <div class='ocr_carea' id='block_1_27' title="bbox 179 2665 1774 2760">
    <p class='ocr_par' dir='ltr' id='par_1_27' title="bbox 179 2665 1774 2760">
     <span class='ocr_line' id='line_1_27' title="bbox 179 2665 1774 2760; baseline 0 -19"><span class='ocrx_word' id='word_1_198' title='bbox 179 2686 331 2760; x_wconf 79' lang='lat' dir='ltr'><strong>(Jan.</strong></span> <span class='ocrx_word' id='word_1_199' title='bbox 363 2688 415 2741; x_wconf 82' lang='grc'><strong>1.</strong></span> <span class='ocrx_word' id='word_1_200' title='bbox 445 2686 482 2741; x_wconf 76' lang='grc'>2</span> <span class='ocrx_word' id='word_1_201' title='bbox 505 2688 544 2756; x_wconf 85' lang='grc'><strong>),</strong></span> <span class='ocrx_word' id='word_1_202' title='bbox 579 2688 630 2756; x_wconf 89' lang='lat' dir='ltr'><strong>ip</strong></span> <span class='ocrx_word' id='word_1_203' title='bbox 660 2702 690 2742; x_wconf 92' lang='lat' dir='ltr'><strong>e</strong></span> <span class='ocrx_word' id='word_1_204' title='bbox 715 2728 728 2752; x_wconf 91' lang='lat'><strong>,</strong></span> <span class='ocrx_word' id='word_1_205' title='bbox 765 2680 1001 2757; x_wconf 83' lang='lat' dir='ltr'><strong>inquam,</strong></span> <span class='ocrx_word' id='word_1_206' title='bbox 1034 2665 1439 2741; x_wconf 40' lang='lat' dir='ltr'><strong>inOCOntrarium</strong></span> <span class='ocrx_word' id='word_1_207' title='bbox 1468 2685 1535 2740; x_wconf 91' lang='lat' dir='ltr'><strong>de</strong></span> <span class='ocrx_word' id='word_1_208' title='bbox 1565 2685 1668 2748; x_wconf 85' lang='lat' dir='ltr'><strong>illis</strong></span> <span class='ocrx_word' id='word_1_209' title='bbox 1695 2694 1774 2741; x_wconf 89' lang='lat' dir='ltr'><strong>te-</strong></span> 
     </span>
    </p>
   </div>
   <div class='ocr_carea' id='block_1_28' title="bbox 176 2776 1776 2846">
    <p class='ocr_par' dir='ltr' id='par_1_28' title="bbox 176 2776 1776 2846">
     <span class='ocr_line' id='line_1_28' title="bbox 176 2776 1776 2846; baseline -0.004 -12"><span class='ocrx_word' id='word_1_210' title='bbox 176 2789 355 2834; x_wconf 79' lang='lat' dir='ltr'><strong>status</strong></span> <span class='ocrx_word' id='word_1_211' title='bbox 373 2786 475 2845; x_wconf 87' lang='lat' dir='ltr'><strong>est,</strong></span> <span class='ocrx_word' id='word_1_212' title='bbox 499 2777 708 2844; x_wconf 87' lang='lat' dir='ltr'><strong>dicens,</strong></span> <span class='ocrx_word' id='word_1_213' title='bbox 739 2776 877 2830; x_wconf 77' lang='lat' dir='ltr'><strong>Vidit</strong></span> <span class='ocrx_word' id='word_1_214' title='bbox 892 2776 1038 2831; x_wconf 77' lang='lat' dir='ltr'><strong>Deus.</strong></span> <span class='ocrx_word' id='word_1_215' title='bbox 1055 2776 1319 2846; x_wconf 80' lang='lat' dir='ltr'><strong>quemlibet</strong></span> <span class='ocrx_word' id='word_1_216' title='bbox 1341 2777 1589 2830; x_wconf 77' lang='lat' dir='ltr'><strong>obstitisse</strong></span> <span class='ocrx_word' id='word_1_217' title='bbox 1604 2792 1636 2829; x_wconf 88' lang='lat' dir='ltr'><strong>a</strong></span> <span class='ocrx_word' id='word_1_218' title='bbox 1655 2792 1776 2846; x_wconf 80' lang='lat' dir='ltr'><strong>pra-</strong></span> 
     </span>
    </p>
   </div>
   <div class='ocr_carea' id='block_1_29' title="bbox 177 2866 1774 2937">
    <p class='ocr_par' dir='ltr' id='par_1_29' title="bbox 177 2866 1774 2937">
     <span class='ocr_line' id='line_1_29' title="bbox 177 2866 1774 2937; baseline -0.004 -13"><span class='ocrx_word' id='word_1_219' title='bbox 177 2870 249 2924; x_wconf 72' lang='lat' dir='ltr'><strong>uis</strong></span> <span class='ocrx_word' id='word_1_220' title='bbox 271 2869 369 2923; x_wconf 73' lang='lat' dir='ltr'><strong>viis</strong></span> <span class='ocrx_word' id='word_1_221' title='bbox 386 2869 493 2922; x_wconf 77' lang='lat' dir='ltr'><strong>suis</strong></span> <span class='ocrx_word' id='word_1_222' title='bbox 517 2866 633 2928; x_wconf 75' lang='lat' dir='ltr'><strong>(Id.</strong></span> <span class='ocrx_word' id='word_1_223' title='bbox 663 2869 718 2923; x_wconf 81' lang='lat'><strong>5.</strong></span> <span class='ocrx_word' id='word_1_224' title='bbox 753 2867 864 2937; x_wconf 72' lang='grc' dir='ltr'><strong>ιθ.)</strong></span> <span class='ocrx_word' id='word_1_225' title='bbox 888 2908 904 2932; x_wconf 85' lang='grc'><em>,</em></span> <span class='ocrx_word' id='word_1_226' title='bbox 934 2883 1038 2921; x_wconf 90' lang='lat' dir='ltr'><strong>non</strong></span> <span class='ocrx_word' id='word_1_227' title='bbox 1079 2866 1382 2936; x_wconf 78' lang='lat' dir='ltr'><strong>singulatim</strong></span> <span class='ocrx_word' id='word_1_228' title='bbox 1413 2866 1543 2920; x_wconf 83' lang='lat' dir='ltr'><strong>dixit</strong></span> <span class='ocrx_word' id='word_1_229' title='bbox 1568 2880 1598 2918; x_wconf 91' lang='lat' dir='ltr'><strong>a</strong></span> <span class='ocrx_word' id='word_1_230' title='bbox 1622 2879 1774 2920; x_wconf 85' lang='lat' dir='ltr'><strong>scor-</strong></span> 
     </span>
    </p>
   </div>
   <div class='ocr_carea' id='block_1_30' title="bbox 179 2955 1775 3025">
    <p class='ocr_par' dir='ltr' id='par_1_30' title="bbox 179 2955 1775 3025">
     <span class='ocr_line' id='line_1_30' title="bbox 179 2955 1775 3025; baseline -0.004 -9"><span class='ocrx_word' id='word_1_231' title='bbox 179 2961 404 3025; x_wconf 73' lang='lat' dir='ltr'><strong>tatiene,</strong></span> <span class='ocrx_word' id='word_1_232' title='bbox 436 2958 698 3014; x_wconf 84' lang='lat' dir='ltr'><strong>adulterio</strong></span> <span class='ocrx_word' id='word_1_233' title='bbox 725 2967 818 3012; x_wconf 89' lang='lat' dir='ltr'><strong>aut</strong></span> <span class='ocrx_word' id='word_1_234' title='bbox 843 2957 1003 3022; x_wconf 82' lang='lat' dir='ltr'><strong>furto,</strong></span> <span class='ocrx_word' id='word_1_235' title='bbox 1029 2955 1142 3021; x_wconf 88' lang='lat' dir='ltr'><strong>sed,</strong></span> <span class='ocrx_word' id='word_1_236' title='bbox 1178 2956 1221 3009; x_wconf 80' lang='grc' dir='ltr'><em>Α</em></span> <span class='ocrx_word' id='word_1_237' title='bbox 1250 2956 1340 3009; x_wconf 78' lang='lat' dir='ltr'><strong>viis</strong></span> <span class='ocrx_word' id='word_1_238' title='bbox 1357 2956 1461 3011; x_wconf 83' lang='lat' dir='ltr'><strong>suis</strong></span> <span class='ocrx_word' id='word_1_239' title='bbox 1487 2955 1672 3025; x_wconf 85' lang='lat' dir='ltr'><strong>pravis.</strong></span> <span class='ocrx_word' id='word_1_240' title='bbox 1705 2955 1775 3009; x_wconf 81' lang='lat' dir='ltr'><strong>At</strong></span> 
     </span>
    </p>
   </div>
   <div class='ocr_carea' id='block_1_31' title="bbox 178 3045 1772 3122">
    <p class='ocr_par' dir='ltr' id='par_1_31' title="bbox 178 3045 1772 3122">
     <span class='ocr_line' id='line_1_31' title="bbox 178 3045 1772 3122; baseline -0.005 -14"><span class='ocrx_word' id='word_1_241' title='bbox 178 3050 452 3122; x_wconf 83' lang='lat' dir='ltr'><strong>quomodo</strong></span> <span class='ocrx_word' id='word_1_242' title='bbox 479 3050 832 3106; x_wconf 85' lang='lat' dir='ltr'><strong>abstiterunt?</strong></span> <span class='ocrx_word' id='word_1_243' title='bbox 865 3048 931 3104; x_wconf 87' lang='lat' dir='ltr'><strong>Ut</strong></span> <span class='ocrx_word' id='word_1_244' title='bbox 978 3049 1119 3104; x_wconf 89' lang='lat' dir='ltr'><strong>Deus</strong></span> <span class='ocrx_word' id='word_1_245' title='bbox 1163 3047 1338 3114; x_wconf 85' lang='lat' dir='ltr'><strong>novit,</strong></span> <span class='ocrx_word' id='word_1_246' title='bbox 1379 3061 1485 3101; x_wconf 89' lang='lat' dir='ltr'><strong>non</strong></span> <span class='ocrx_word' id='word_1_247' title='bbox 1513 3055 1571 3100; x_wconf 92' lang='lat' dir='ltr'><strong>ut</strong></span> <span class='ocrx_word' id='word_1_248' title='bbox 1613 3045 1772 3100; x_wconf 89' lang='lat' dir='ltr'><strong>homo</strong></span> 
     </span>
    </p>
   </div>
   <div class='ocr_carea' id='block_1_32' title="bbox 177 3139 1775 3212">
    <p class='ocr_par' dir='ltr' id='par_1_32' title="bbox 177 3139 1775 3212">
     <span class='ocr_line' id='line_1_32' title="bbox 177 3139 1775 3212; baseline -0.004 -12"><span class='ocrx_word' id='word_1_249' title='bbox 177 3145 408 3200; x_wconf 75' lang='lat' dir='ltr'><strong>censuit.</strong></span> <span class='ocrx_word' id='word_1_250' title='bbox 457 3144 622 3198; x_wconf 88' lang='lat' dir='ltr'><strong>Porro</strong></span> <span class='ocrx_word' id='word_1_251' title='bbox 665 3157 841 3198; x_wconf 88' lang='lat' dir='ltr'><strong>annon</strong></span> <span class='ocrx_word' id='word_1_252' title='bbox 884 3141 1186 3212; x_wconf 84' lang='lat' dir='ltr'><strong>pudendum</strong></span> <span class='ocrx_word' id='word_1_253' title='bbox 1226 3139 1480 3195; x_wconf 88' lang='lat' dir='ltr'><strong>barbaros</strong></span> <span class='ocrx_word' id='word_1_254' title='bbox 1509 3140 1646 3193; x_wconf 88' lang='lat' dir='ltr'><strong>intra</strong></span> <span class='ocrx_word' id='word_1_255' title='bbox 1679 3139 1775 3193; x_wconf 88' lang='lat' dir='ltr'><strong>tri-</strong></span> 
     </span>
    </p>
   </div>
   <div class='ocr_carea' id='block_1_33' title="bbox 181 3231 1767 3300">
    <p class='ocr_par' dir='ltr' id='par_1_33' title="bbox 181 3231 1767 3300">
     <span class='ocr_line' id='line_1_33' title="bbox 181 3231 1767 3300; baseline -0.003 -9"><span class='ocrx_word' id='word_1_256' title='bbox 181 3235 347 3292; x_wconf 81' lang='lat' dir='ltr'><strong>duum</strong></span> <span class='ocrx_word' id='word_1_257' title='bbox 370 3250 465 3290; x_wconf 85' lang='lat' dir='ltr'><strong>sua</strong></span> <span class='ocrx_word' id='word_1_258' title='bbox 490 3235 614 3289; x_wconf 88' lang='lat' dir='ltr'><strong>vitia</strong></span> <span class='ocrx_word' id='word_1_259' title='bbox 635 3249 832 3289; x_wconf 87' lang='lat' dir='ltr'><strong>exuere</strong></span> <span class='ocrx_word' id='word_1_260' title='bbox 850 3276 866 3300; x_wconf 85' lang='lat'><strong>,</strong></span> <span class='ocrx_word' id='word_1_261' title='bbox 903 3249 1000 3287; x_wconf 89' lang='lat' dir='ltr'><strong>nos</strong></span> <span class='ocrx_word' id='word_1_262' title='bbox 1027 3248 1094 3287; x_wconf 91' lang='lat' dir='ltr'><strong>ne</strong></span> <span class='ocrx_word' id='word_1_263' title='bbox 1121 3247 1279 3287; x_wconf 88' lang='lat' dir='ltr'><strong>unam</strong></span> <span class='ocrx_word' id='word_1_264' title='bbox 1306 3231 1516 3299; x_wconf 89' lang='lat' dir='ltr'><strong>quidem</strong></span> <span class='ocrx_word' id='word_1_265' title='bbox 1544 3246 1767 3286; x_wconf 83' lang='lat' dir='ltr'><strong>consue-</strong></span> 
     </span>
    </p>
   </div>
   <div class='ocr_carea' id='block_1_34' title="bbox 181 3322 1772 3395">
    <p class='ocr_par' dir='ltr' id='par_1_34' title="bbox 181 3322 1772 3395">
     <span class='ocr_line' id='line_1_34' title="bbox 181 3322 1772 3395; baseline -0.003 -14"><span class='ocrx_word' id='word_1_266' title='bbox 181 3325 418 3381; x_wconf 80' lang='lat' dir='ltr'><strong>tudinem</strong></span> <span class='ocrx_word' id='word_1_267' title='bbox 440 3325 632 3381; x_wconf 88' lang='lat' dir='ltr'><strong>malam</strong></span> <span class='ocrx_word' id='word_1_268' title='bbox 662 3340 913 3395; x_wconf 86' lang='lat' dir='ltr'><strong>superare</strong></span> <span class='ocrx_word' id='word_1_269' title='bbox 940 3339 1115 3394; x_wconf 88' lang='lat' dir='ltr'><strong>posse,</strong></span> <span class='ocrx_word' id='word_1_270' title='bbox 1143 3323 1232 3393; x_wconf 86' lang='lat' dir='ltr'><strong>qui</strong></span> <span class='ocrx_word' id='word_1_271' title='bbox 1258 3338 1352 3392; x_wconf 90' lang='lat' dir='ltr'><strong>per</strong></span> <span class='ocrx_word' id='word_1_272' title='bbox 1380 3331 1456 3377; x_wconf 91' lang='lat' dir='ltr'><strong>tot</strong></span> <span class='ocrx_word' id='word_1_273' title='bbox 1479 3322 1594 3376; x_wconf 89' lang='lat' dir='ltr'><strong>dies</strong></span> <span class='ocrx_word' id='word_1_274' title='bbox 1617 3322 1772 3377; x_wconf 81' lang='lat' dir='ltr'><strong>inSti-</strong></span> 
     </span>
    </p>
   </div>
   <div class='ocr_carea' id='block_1_35' title="bbox 182 3412 1776 3485">
    <p class='ocr_par' dir='ltr' id='par_1_35' title="bbox 182 3412 1776 3485">
     <span class='ocr_line' id='line_1_35' title="bbox 182 3412 1776 3485; baseline -0.003 -14"><span class='ocrx_word' id='word_1_275' title='bbox 182 3417 382 3471; x_wconf 82' lang='lat' dir='ltr'><strong>tuimur</strong></span> <span class='ocrx_word' id='word_1_276' title='bbox 399 3425 558 3485; x_wconf 86' lang='lat' dir='ltr'><strong>atque</strong></span> <span class='ocrx_word' id='word_1_277' title='bbox 583 3415 870 3471; x_wconf 86' lang='lat' dir='ltr'><strong>docemur?</strong></span> <span class='ocrx_word' id='word_1_278' title='bbox 890 3415 1048 3484; x_wconf 84' lang='lat' dir='ltr'><strong>Atqui</strong></span> <span class='ocrx_word' id='word_1_279' title='bbox 1066 3415 1140 3467; x_wconf 90' lang='lat' dir='ltr'><strong>illi</strong></span> <span class='ocrx_word' id='word_1_280' title='bbox 1159 3412 1228 3468; x_wconf 88' lang='lat' dir='ltr'><strong>ad</strong></span> <span class='ocrx_word' id='word_1_281' title='bbox 1248 3421 1484 3467; x_wconf 84' lang='lat' dir='ltr'><strong>extrema</strong></span> <span class='ocrx_word' id='word_1_282' title='bbox 1508 3413 1630 3467; x_wconf 89' lang='lat' dir='ltr'><strong>vitia</strong></span> <span class='ocrx_word' id='word_1_283' title='bbox 1651 3427 1776 3467; x_wconf 85' lang='lat' dir='ltr'><strong>eve-</strong></span> 
     </span>
    </p>
   </div>
   <div class='ocr_carea' id='block_1_36' title="bbox 183 3503 1758 3570">
    <p class='ocr_par' dir='ltr' id='par_1_36' title="bbox 183 3503 1758 3570">
     <span class='ocr_line' id='line_1_36' title="bbox 183 3503 1758 3570; baseline -0.006 -6"><span class='ocrx_word' id='word_1_284' title='bbox 183 3508 254 3564; x_wconf 83' lang='lat' dir='ltr'><strong>cti</strong></span> <span class='ocrx_word' id='word_1_285' title='bbox 289 3514 449 3563; x_wconf 88' lang='lat' dir='ltr'><strong>erant</strong></span> <span class='ocrx_word' id='word_1_286' title='bbox 480 3525 494 3561; x_wconf 91' lang='lat'><strong>:</strong></span> <span class='ocrx_word' id='word_1_287' title='bbox 525 3521 648 3562; x_wconf 89' lang='lat' dir='ltr'><strong>cum</strong></span> <span class='ocrx_word' id='word_1_288' title='bbox 688 3507 839 3560; x_wconf 89' lang='lat' dir='ltr'><strong>enim</strong></span> <span class='ocrx_word' id='word_1_289' title='bbox 878 3504 1054 3570; x_wconf 83' lang='lat' dir='ltr'><strong>audis,</strong></span> <span class='ocrx_word' id='word_1_290' title='bbox 1086 3503 1299 3560; x_wconf 75' lang='lat' dir='ltr'><strong>Clamor</strong></span> <span class='ocrx_word' id='word_1_291' title='bbox 1328 3505 1550 3558; x_wconf 78' lang='lat' dir='ltr'><strong>malitia:</strong></span> <span class='ocrx_word' id='word_1_292' title='bbox 1578 3519 1758 3558; x_wconf 87' lang='lat' dir='ltr'><strong>eorum</strong></span> 
     </span>
    </p>
   </div>
   <div class='ocr_carea' id='block_1_37' title="bbox 186 3595 1759 3666">
    <p class='ocr_par' dir='ltr' id='par_1_37' title="bbox 186 3595 1759 3666">
     <span class='ocr_line' id='line_1_37' title="bbox 186 3595 1759 3666; baseline -0.004 -14"><span class='ocrx_word' id='word_1_293' title='bbox 186 3599 418 3652; x_wconf 78' lang='lat' dir='ltr'><strong>ascendit</strong></span> <span class='ocrx_word' id='word_1_294' title='bbox 449 3598 521 3650; x_wconf 82' lang='lat' dir='ltr'><strong>ad</strong></span> <span class='ocrx_word' id='word_1_295' title='bbox 555 3613 636 3650; x_wconf 91' lang='lat' dir='ltr'><strong>me</strong></span> <span class='ocrx_word' id='word_1_296' title='bbox 665 3598 702 3661; x_wconf 78' lang='grc' dir='ltr'><strong>ί,</strong></span> <span class='ocrx_word' id='word_1_297' title='bbox 733 3612 804 3650; x_wconf 88' lang='lat' dir='ltr'><strong>ne</strong></span> <span class='ocrx_word' id='word_1_298' title='bbox 831 3596 966 3650; x_wconf 91' lang='lat' dir='ltr'><strong>mihi</strong></span> <span class='ocrx_word' id='word_1_299' title='bbox 992 3596 1138 3650; x_wconf 86' lang='lat' dir='ltr'><strong>aliud</strong></span> <span class='ocrx_word' id='word_1_300' title='bbox 1167 3595 1434 3666; x_wconf 80' lang='lat' dir='ltr'><strong>intelligas</strong></span> <span class='ocrx_word' id='word_1_301' title='bbox 1460 3609 1623 3664; x_wconf 89' lang='lat' dir='ltr'><strong>quam</strong></span> <span class='ocrx_word' id='word_1_302' title='bbox 1655 3595 1759 3647; x_wconf 78' lang='lat' dir='ltr'><strong>im-</strong></span> 
     </span>
    </p>
   </div>
   <div class='ocr_carea' id='block_1_38' title="bbox 185 3685 1764 3758">
    <p class='ocr_par' dir='ltr' id='par_1_38' title="bbox 185 3685 1764 3758">
     <span class='ocr_line' id='line_1_38' title="bbox 185 3685 1764 3758; baseline -0.004 -14"><span class='ocrx_word' id='word_1_303' title='bbox 185 3705 434 3744; x_wconf 79' lang='lat' dir='ltr'><strong>mensam</strong></span> <span class='ocrx_word' id='word_1_304' title='bbox 460 3687 749 3752; x_wconf 86' lang='lat' dir='ltr'><strong>malit—iam;</strong></span> <span class='ocrx_word' id='word_1_305' title='bbox 773 3695 1011 3742; x_wconf 84' lang='lat' dir='ltr'><strong>attamen</strong></span> <span class='ocrx_word' id='word_1_306' title='bbox 1032 3694 1328 3758; x_wconf 89' lang='lat' dir='ltr'><strong>potuerunt</strong></span> <span class='ocrx_word' id='word_1_307' title='bbox 1355 3686 1495 3740; x_wconf 87' lang='lat' dir='ltr'><strong>intra</strong></span> <span class='ocrx_word' id='word_1_308' title='bbox 1520 3685 1764 3739; x_wconf 85' lang='lat' dir='ltr'><strong>triduum.</strong></span> 
     </span>
    </p>
   </div>
   <div class='ocr_carea' id='block_1_39' title="bbox 182 3777 1748 3848">
    <p class='ocr_par' dir='ltr' id='par_1_39' title="bbox 182 3777 1748 3848">
     <span class='ocr_line' id='line_1_39' title="bbox 182 3777 1748 3848; baseline 0.006 -21"><span class='ocrx_word' id='word_1_309' title='bbox 182 3777 247 3828; x_wconf 82' lang='lat' dir='ltr'><strong>ad</strong></span> <span class='ocrx_word' id='word_1_310' title='bbox 273 3777 538 3848; x_wconf 74' lang='lat' dir='ltr'><strong>integram</strong></span> <span class='ocrx_word' id='word_1_311' title='bbox 557 3779 808 3835; x_wconf 81' lang='lat' dir='ltr'><strong>virtutem</strong></span> <span class='ocrx_word' id='word_1_312' title='bbox 825 3797 944 3836; x_wconf 84' lang='lat' dir='ltr'><strong>sese</strong></span> <span class='ocrx_word' id='word_1_313' title='bbox 961 3781 1275 3836; x_wconf 80' lang='lat' dir='ltr'><strong>transferre.</strong></span> <span class='ocrx_word' id='word_1_314' title='bbox 1300 3779 1400 3835; x_wconf 91' lang='lat' dir='ltr'><strong>Ubi</strong></span> <span class='ocrx_word' id='word_1_315' title='bbox 1417 3782 1561 3836; x_wconf 91' lang='lat' dir='ltr'><strong>enim</strong></span> <span class='ocrx_word' id='word_1_316' title='bbox 1583 3781 1748 3836; x_wconf 90' lang='lat' dir='ltr'><strong>timor</strong></span> 
     </span>
    </p>
   </div>
   <div class='ocr_carea' id='block_1_40' title="bbox 183 3861 1745 3940">
    <p class='ocr_par' dir='ltr' id='par_1_40' title="bbox 183 3861 1745 3940">
     <span class='ocr_line' id='line_1_40' title="bbox 183 3861 1745 3940; baseline 0.006 -22"><span class='ocrx_word' id='word_1_317' title='bbox 183 3861 412 3929; x_wconf 82' lang='lat' dir='ltr'><strong>Dei,non</strong></span> <span class='ocrx_word' id='word_1_318' title='bbox 431 3882 568 3936; x_wconf 89' lang='lat' dir='ltr'><strong>opus</strong></span> <span class='ocrx_word' id='word_1_319' title='bbox 582 3878 666 3924; x_wconf 90' lang='lat' dir='ltr'><strong>est</strong></span> <span class='ocrx_word' id='word_1_320' title='bbox 680 3870 873 3925; x_wconf 89' lang='lat' dir='ltr'><strong>diebus</strong></span> <span class='ocrx_word' id='word_1_321' title='bbox 889 3872 1172 3940; x_wconf 86' lang='lat' dir='ltr'><strong>autspatio</strong></span> <span class='ocrx_word' id='word_1_322' title='bbox 1189 3872 1464 3940; x_wconf 90' lang='lat' dir='ltr'><strong>temporis;</strong></span> <span class='ocrx_word' id='word_1_323' title='bbox 1482 3881 1745 3927; x_wconf 71' lang='lat' dir='ltr'><strong>utcontra</strong></span> 
     </span>
    </p>
   </div>
   <div class='ocr_carea' id='block_1_41' title="bbox 179 3956 1769 4024">
    <p class='ocr_par' dir='ltr' id='par_1_41' title="bbox 179 3956 1769 4024">
     <span class='ocr_line' id='line_1_41' title="bbox 179 3956 1769 4024; baseline 0 -14"><span class='ocrx_word' id='word_1_324' title='bbox 179 3956 266 4011; x_wconf 81' lang='lat' dir='ltr'><strong>ubi</strong></span> <span class='ocrx_word' id='word_1_325' title='bbox 295 3967 477 4013; x_wconf 87' lang='lat' dir='ltr'><strong>metus</strong></span> <span class='ocrx_word' id='word_1_326' title='bbox 507 3973 616 4012; x_wconf 90' lang='lat' dir='ltr'><strong>non</strong></span> <span class='ocrx_word' id='word_1_327' title='bbox 643 3966 744 4024; x_wconf 89' lang='lat' dir='ltr'><strong>est,</strong></span> <span class='ocrx_word' id='word_1_328' title='bbox 777 3958 906 4011; x_wconf 84' lang='lat' dir='ltr'><strong>nihil</strong></span> <span class='ocrx_word' id='word_1_329' title='bbox 932 3956 1196 4012; x_wconf 86' lang='lat' dir='ltr'><strong>commodi</strong></span> <span class='ocrx_word' id='word_1_330' title='bbox 1239 3971 1303 4011; x_wconf 79' lang='lat' dir='ltr'><strong>ex</strong></span> <span class='ocrx_word' id='word_1_331' title='bbox 1332 3956 1520 4010; x_wconf 88' lang='lat' dir='ltr'><strong>diebus</strong></span> <span class='ocrx_word' id='word_1_332' title='bbox 1560 3969 1769 4010; x_wconf 77' lang='lat' dir='ltr'><strong>enasci-</strong></span> 
     </span>
    </p>
   </div>
   <div class='ocr_carea' id='block_1_42' title="bbox 180 4047 1766 4118">
    <p class='ocr_par' dir='ltr' id='par_1_42' title="bbox 180 4047 1766 4118">
     <span class='ocr_line' id='line_1_42' title="bbox 180 4047 1766 4118; baseline -0.001 -15"><span class='ocrx_word' id='word_1_333' title='bbox 180 4059 282 4104; x_wconf 89' lang='lat' dir='ltr'><strong>tur.</strong></span> <span class='ocrx_word' id='word_1_334' title='bbox 315 4048 386 4105; x_wconf 89' lang='lat' dir='ltr'><strong>Ut</strong></span> <span class='ocrx_word' id='word_1_335' title='bbox 415 4049 558 4104; x_wconf 91' lang='lat' dir='ltr'><strong>enim</strong></span> <span class='ocrx_word' id='word_1_336' title='bbox 591 4064 713 4103; x_wconf 81' lang='lat' dir='ltr'><strong>vasa</strong></span> <span class='ocrx_word' id='word_1_337' title='bbox 741 4049 1036 4118; x_wconf 81' lang='lat' dir='ltr'><strong>aeruginosa</strong></span> <span class='ocrx_word' id='word_1_338' title='bbox 1056 4089 1073 4116; x_wconf 93' lang='lat'><strong>,</strong></span> <span class='ocrx_word' id='word_1_339' title='bbox 1099 4049 1142 4102; x_wconf 90' lang='lat' dir='ltr'><strong>si</strong></span> <span class='ocrx_word' id='word_1_340' title='bbox 1165 4062 1298 4118; x_wconf 89' lang='lat' dir='ltr'><strong>aqua</strong></span> <span class='ocrx_word' id='word_1_341' title='bbox 1324 4048 1494 4102; x_wconf 92' lang='lat' dir='ltr'><strong>solum</strong></span> <span class='ocrx_word' id='word_1_342' title='bbox 1514 4047 1766 4114; x_wconf 86' lang='lat' dir='ltr'><strong>ablueris,</strong></span> 
     </span>
    </p>
   </div>
   <div class='ocr_carea' id='block_1_43' title="bbox 178 4137 1770 4208">
    <p class='ocr_par' dir='ltr' id='par_1_43' title="bbox 178 4137 1770 4208">
     <span class='ocr_line' id='line_1_43' title="bbox 178 4137 1770 4208; baseline -0.001 -14"><span class='ocrx_word' id='word_1_343' title='bbox 178 4141 276 4194; x_wconf 80' lang='lat' dir='ltr'><strong>etsi</strong></span> <span class='ocrx_word' id='word_1_344' title='bbox 304 4141 531 4194; x_wconf 89' lang='lat' dir='ltr'><strong>multum</strong></span> <span class='ocrx_word' id='word_1_345' title='bbox 561 4140 817 4208; x_wconf 87' lang='lat' dir='ltr'><strong>temporis</strong></span> <span class='ocrx_word' id='word_1_346' title='bbox 836 4141 1093 4206; x_wconf 88' lang='lat' dir='ltr'><strong>insumas,</strong></span> <span class='ocrx_word' id='word_1_347' title='bbox 1120 4153 1450 4208; x_wconf 85' lang='lat' dir='ltr'><strong>nequaquam</strong></span> <span class='ocrx_word' id='word_1_348' title='bbox 1478 4137 1622 4192; x_wconf 91' lang='lat' dir='ltr'><strong>omni</strong></span> <span class='ocrx_word' id='word_1_349' title='bbox 1643 4138 1770 4192; x_wconf 86' lang='lat' dir='ltr'><strong>vitio</strong></span> 
     </span>
    </p>
   </div>
   <div class='ocr_carea' id='block_1_44' title="bbox 179 4230 1765 4301">
    <p class='ocr_par' dir='ltr' id='par_1_44' title="bbox 179 4230 1765 4301">
     <span class='ocr_line' id='line_1_44' title="bbox 179 4230 1765 4301; baseline -0.001 -16"><span class='ocrx_word' id='word_1_350' title='bbox 179 4231 530 4301; x_wconf 73' lang='lat' dir='ltr'><strong>oxpurgabis;</strong></span> <span class='ocrx_word' id='word_1_351' title='bbox 572 4232 660 4301; x_wconf 86' lang='lat' dir='ltr'><strong>qui</strong></span> <span class='ocrx_word' id='word_1_352' title='bbox 690 4241 867 4287; x_wconf 82' lang='lat' dir='ltr'><strong>autem</strong></span> <span class='ocrx_word' id='word_1_353' title='bbox 897 4247 960 4286; x_wconf 89' lang='lat' dir='ltr'><strong>ea</strong></span> <span class='ocrx_word' id='word_1_354' title='bbox 1000 4232 1051 4286; x_wconf 92' lang='lat' dir='ltr'><strong>in</strong></span> <span class='ocrx_word' id='word_1_355' title='bbox 1096 4230 1466 4286; x_wconf 84' lang='lat' dir='ltr'><strong>conﬂatorium</strong></span> <span class='ocrx_word' id='word_1_356' title='bbox 1496 4231 1765 4298; x_wconf 89' lang='lat' dir='ltr'><strong>immittit,</strong></span> 
     </span>
    </p>
   </div>
   <div class='ocr_carea' id='block_1_45' title="bbox 179 4321 1768 4395">
    <p class='ocr_par' dir='ltr' id='par_1_45' title="bbox 179 4321 1768 4395">
     <span class='ocr_line' id='line_1_45' title="bbox 179 4321 1768 4395; baseline -0.001 -15"><span class='ocrx_word' id='word_1_357' title='bbox 179 4321 326 4380; x_wconf 75' lang='lat' dir='ltr'><strong>brevi</strong></span> <span class='ocrx_word' id='word_1_358' title='bbox 347 4325 607 4393; x_wconf 88' lang='lat' dir='ltr'><strong>temporis</strong></span> <span class='ocrx_word' id='word_1_359' title='bbox 634 4337 905 4380; x_wconf 89' lang='lat' dir='ltr'><strong>momento</strong></span> <span class='ocrx_word' id='word_1_360' title='bbox 936 4324 1296 4395; x_wconf 85' lang='lat' dir='ltr'><strong>splendidiora</strong></span> <span class='ocrx_word' id='word_1_361' title='bbox 1323 4325 1409 4379; x_wconf 89' lang='lat' dir='ltr'><strong>illa</strong></span> <span class='ocrx_word' id='word_1_362' title='bbox 1435 4324 1578 4390; x_wconf 84' lang='lat' dir='ltr'><strong>facit,</strong></span> <span class='ocrx_word' id='word_1_363' title='bbox 1611 4340 1768 4394; x_wconf 90' lang='lat' dir='ltr'><strong>quam</strong></span> 
     </span>
    </p>
   </div>
   <div class='ocr_carea' id='block_1_46' title="bbox 178 4417 1768 4488">
    <p class='ocr_par' dir='ltr' id='par_1_46' title="bbox 178 4417 1768 4488">
     <span class='ocr_line' id='line_1_46' title="bbox 178 4417 1768 4488; baseline 0 -16"><span class='ocrx_word' id='word_1_364' title='bbox 178 4431 296 4485; x_wconf 63' lang='lat' dir='ltr'><strong>quae</strong></span> <span class='ocrx_word' id='word_1_365' title='bbox 324 4432 461 4471; x_wconf 85' lang='lat' dir='ltr'><strong>nova</strong></span> <span class='ocrx_word' id='word_1_366' title='bbox 487 4425 612 4472; x_wconf 88' lang='lat' dir='ltr'><strong>sunt</strong></span> <span class='ocrx_word' id='word_1_367' title='bbox 639 4436 652 4470; x_wconf 90' lang='lat'><strong>:</strong></span> <span class='ocrx_word' id='word_1_368' title='bbox 683 4418 753 4472; x_wconf 87' lang='lat' dir='ltr'><strong>ita</strong></span> <span class='ocrx_word' id='word_1_369' title='bbox 782 4419 941 4474; x_wconf 87' lang='lat' dir='ltr'><strong>etiam</strong></span> <span class='ocrx_word' id='word_1_370' title='bbox 970 4418 1146 4472; x_wconf 89' lang='lat' dir='ltr'><strong>anima</strong></span> <span class='ocrx_word' id='word_1_371' title='bbox 1175 4418 1373 4488; x_wconf 87' lang='lat' dir='ltr'><strong>peccati</strong></span> <span class='ocrx_word' id='word_1_372' title='bbox 1399 4433 1604 4474; x_wconf 85' lang='lat' dir='ltr'><strong>veneno</strong></span> <span class='ocrx_word' id='word_1_373' title='bbox 1633 4417 1768 4473; x_wconf 83' lang='lat' dir='ltr'><strong>infe-</strong></span> 
     </span>
    </p>
   </div>
   <div class='ocr_carea' id='block_1_47' title="bbox 179 4509 1770 4580">
    <p class='ocr_par' dir='ltr' id='par_1_47' title="bbox 179 4509 1770 4580">
     <span class='ocr_line' id='line_1_47' title="bbox 179 4509 1770 4580; baseline 0.003 -20"><span class='ocrx_word' id='word_1_374' title='bbox 179 4518 284 4570; x_wconf 80' lang='lat' dir='ltr'><strong>cta,</strong></span> <span class='ocrx_word' id='word_1_375' title='bbox 311 4509 359 4562; x_wconf 91' lang='lat' dir='ltr'><strong>si</strong></span> <span class='ocrx_word' id='word_1_376' title='bbox 403 4509 592 4565; x_wconf 89' lang='lat' dir='ltr'><strong>leviter</strong></span> <span class='ocrx_word' id='word_1_377' title='bbox 616 4517 670 4565; x_wconf 93' lang='lat' dir='ltr'><strong>et</strong></span> <span class='ocrx_word' id='word_1_378' title='bbox 698 4519 982 4580; x_wconf 83' lang='lat' dir='ltr'><strong>utcumque</strong></span> <span class='ocrx_word' id='word_1_379' title='bbox 1015 4510 1244 4580; x_wconf 87' lang='lat' dir='ltr'><strong>seipsam</strong></span> <span class='ocrx_word' id='word_1_380' title='bbox 1269 4510 1570 4576; x_wconf 87' lang='lat' dir='ltr'><strong>exterserit,</strong></span> <span class='ocrx_word' id='word_1_381' title='bbox 1594 4518 1648 4565; x_wconf 89' lang='lat' dir='ltr'><strong>et</strong></span> <span class='ocrx_word' id='word_1_382' title='bbox 1675 4525 1770 4580; x_wconf 87' lang='lat' dir='ltr'><strong>per</strong></span> 
     </span>
    </p>
   </div>
   <div class='ocr_carea' id='block_1_48' title="bbox 178 4598 1770 4672">
    <p class='ocr_par' dir='ltr' id='par_1_48' title="bbox 178 4598 1770 4672">
     <span class='ocr_line' id='line_1_48' title="bbox 178 4598 1770 4672; baseline 0.003 -21"><span class='ocrx_word' id='word_1_383' title='bbox 178 4598 415 4668; x_wconf 73' lang='lat' dir='ltr'><strong>singulos</strong></span> <span class='ocrx_word' id='word_1_384' title='bbox 447 4601 564 4656; x_wconf 87' lang='lat' dir='ltr'><strong>dies</strong></span> <span class='ocrx_word' id='word_1_385' title='bbox 587 4602 954 4671; x_wconf 68' lang='lat' dir='ltr'><strong>paenitentiam</strong></span> <span class='ocrx_word' id='word_1_386' title='bbox 982 4602 1350 4672; x_wconf 85' lang='lat' dir='ltr'><strong>assumpserit,</strong></span> <span class='ocrx_word' id='word_1_387' title='bbox 1380 4601 1514 4656; x_wconf 87' lang='lat' dir='ltr'><strong>nihil</strong></span> <span class='ocrx_word' id='word_1_388' title='bbox 1541 4601 1770 4671; x_wconf 85' lang='lat' dir='ltr'><strong>amplius</strong></span> 
     </span>
    </p>
   </div>
   <div class='ocr_carea' id='block_1_49' title="bbox 177 4691 1766 4764">
    <p class='ocr_par' dir='ltr' id='par_1_49' title="bbox 177 4691 1766 4764">
     <span class='ocr_line' id='line_1_49' title="bbox 177 4691 1766 4764; baseline 0.001 -19"><span class='ocrx_word' id='word_1_389' title='bbox 177 4693 704 4764; x_wconf 73' lang='lat' dir='ltr'><strong>nancisceturzquod</strong></span> <span class='ocrx_word' id='word_1_390' title='bbox 731 4695 777 4748; x_wconf 89' lang='lat' dir='ltr'><strong>si</strong></span> <span class='ocrx_word' id='word_1_391' title='bbox 802 4694 961 4749; x_wconf 87' lang='lat' dir='ltr'><strong>veluti</strong></span> <span class='ocrx_word' id='word_1_392' title='bbox 992 4695 1046 4749; x_wconf 91' lang='lat' dir='ltr'><strong>in</strong></span> <span class='ocrx_word' id='word_1_393' title='bbox 1068 4692 1336 4749; x_wconf 87' lang='lat' dir='ltr'><strong>fornacem</strong></span> <span class='ocrx_word' id='word_1_394' title='bbox 1375 4693 1470 4747; x_wconf 91' lang='lat' dir='ltr'><strong>Dei</strong></span> <span class='ocrx_word' id='word_1_395' title='bbox 1516 4691 1766 4747; x_wconf 87' lang='lat' dir='ltr'><strong>timorem</strong></span> 
     </span>
    </p>
   </div>
   <div class='ocr_carea' id='block_1_50' title="bbox 175 4782 1764 4856">
    <p class='ocr_par' dir='ltr' id='par_1_50' title="bbox 175 4782 1764 4856">
     <span class='ocr_line' id='line_1_50' title="bbox 175 4782 1764 4856; baseline 0 -20"><span class='ocrx_word' id='word_1_396' title='bbox 175 4794 236 4836; x_wconf 82' lang='lat' dir='ltr'><strong>se</strong></span> <span class='ocrx_word' id='word_1_397' title='bbox 254 4784 520 4852; x_wconf 74' lang='lat' dir='ltr'><strong>iniecerit,</strong></span> <span class='ocrx_word' id='word_1_398' title='bbox 537 4785 682 4842; x_wconf 91' lang='lat' dir='ltr'><strong>brevi</strong></span> <span class='ocrx_word' id='word_1_399' title='bbox 709 4785 968 4856; x_wconf 83' lang='lat' dir='ltr'><strong>temporis</strong></span> <span class='ocrx_word' id='word_1_400' title='bbox 985 4793 1256 4840; x_wconf 91' lang='lat' dir='ltr'><strong>momento</strong></span> <span class='ocrx_word' id='word_1_401' title='bbox 1280 4782 1530 4853; x_wconf 89' lang='lat' dir='ltr'><strong>quidquid</strong></span> <span class='ocrx_word' id='word_1_402' title='bbox 1549 4782 1660 4836; x_wconf 91' lang='lat' dir='ltr'><strong>vitii</strong></span> <span class='ocrx_word' id='word_1_403' title='bbox 1687 4791 1764 4836; x_wconf 91' lang='lat' dir='ltr'><strong>est</strong></span> 
     </span>
    </p>
   </div>
   <div class='ocr_carea' id='block_1_51' title="bbox 175 4872 1765 4946">
    <p class='ocr_par' dir='ltr' id='par_1_51' title="bbox 175 4872 1765 4946">
     <span class='ocr_line' id='line_1_51' title="bbox 175 4872 1765 4946; baseline -0.003 -16"><span class='ocrx_word' id='word_1_404' title='bbox 175 4877 381 4930; x_wconf 77' lang='lat' dir='ltr'><strong>abluet.</strong></span> <span class='ocrx_word' id='word_1_405' title='bbox 424 4875 502 4931; x_wconf 76' lang='lat' dir='ltr'><strong>Ne</strong></span> <span class='ocrx_word' id='word_1_406' title='bbox 535 4877 692 4946; x_wconf 88' lang='lat' dir='ltr'><strong>igitur</strong></span> <span class='ocrx_word' id='word_1_407' title='bbox 719 4878 772 4930; x_wconf 91' lang='lat' dir='ltr'><strong>in</strong></span> <span class='ocrx_word' id='word_1_408' title='bbox 803 4876 1100 4946; x_wconf 80' lang='lat' dir='ltr'><strong>proximum</strong></span> <span class='ocrx_word' id='word_1_409' title='bbox 1121 4875 1262 4930; x_wconf 90' lang='lat' dir='ltr'><strong>diem</strong></span> <span class='ocrx_word' id='word_1_410' title='bbox 1282 4872 1765 4943; x_wconf 87' lang='lat' dir='ltr'><strong>procrastinemnr:</strong></span> 
     </span>
    </p>
   </div>
   <div class='ocr_carea' id='block_1_52' title="bbox 175 4962 1764 5038">
    <p class='ocr_par' dir='ltr' id='par_1_52' title="bbox 175 4962 1764 5038">
     <span class='ocr_line' id='line_1_52' title="bbox 175 4962 1764 5038; baseline -0.002 -18"><span class='ocrx_word' id='word_1_411' title='bbox 175 4967 449 5022; x_wconf 72' lang='lat' dir='ltr'><strong>Nescimus</strong></span> <span class='ocrx_word' id='word_1_412' title='bbox 477 4968 608 5022; x_wconf 87' lang='lat' dir='ltr'><strong>enim</strong></span> <span class='ocrx_word' id='word_1_413' title='bbox 633 4969 754 5038; x_wconf 84' lang='lat' dir='ltr'><strong>quid</strong></span> <span class='ocrx_word' id='word_1_414' title='bbox 777 4983 988 5038; x_wconf 80' lang='lat' dir='ltr'><strong>sequens</strong></span> <span class='ocrx_word' id='word_1_415' title='bbox 1012 4967 1120 5021; x_wconf 83' lang='lat' dir='ltr'><strong>dies</strong></span> <span class='ocrx_word' id='word_1_416' title='bbox 1146 4966 1306 5035; x_wconf 86' lang='lat' dir='ltr'><strong>pariet</strong></span> <span class='ocrx_word' id='word_1_417' title='bbox 1347 4963 1528 5033; x_wconf 81' lang='lat' dir='ltr'><strong>(Prov.</strong></span> <span class='ocrx_word' id='word_1_418' title='bbox 1561 4964 1652 5017; x_wconf 72' lang='lat'><strong>27.</strong></span> <span class='ocrx_word' id='word_1_419' title='bbox 1686 4962 1764 5034; x_wconf 65' lang='lat'><strong>4);</strong></span> 
     </span>
    </p>
   </div>
   <div class='ocr_carea' id='block_1_53' title="bbox 171 5055 1772 5130">
    <p class='ocr_par' dir='ltr' id='par_1_53' title="bbox 171 5055 1772 5130">
     <span class='ocr_line' id='line_1_53' title="bbox 171 5055 1772 5130; baseline -0.002 -20"><span class='ocrx_word' id='word_1_420' title='bbox 171 5073 353 5130; x_wconf 83' lang='lat' dir='ltr'><strong>neque</strong></span> <span class='ocrx_word' id='word_1_421' title='bbox 395 5058 652 5122; x_wconf 81' lang='lat' dir='ltr'><strong>dicamus,</strong></span> <span class='ocrx_word' id='word_1_422' title='bbox 700 5058 1033 5114; x_wconf 85' lang='lat' dir='ltr'><strong>Pedetentim</strong></span> <span class='ocrx_word' id='word_1_423' title='bbox 1081 5058 1276 5112; x_wconf 86' lang='lat' dir='ltr'><strong>malam</strong></span> <span class='ocrx_word' id='word_1_424' title='bbox 1329 5055 1772 5112; x_wconf 87' lang='lat' dir='ltr'><strong>consuetudinem</strong></span> 
     </span>
    </p>
   </div>
   <div class='ocr_carea' id='block_1_54' title="bbox 169 5146 1763 5220">
    <p class='ocr_par' dir='ltr' id='par_1_54' title="bbox 169 5146 1763 5220">
     <span class='ocr_line' id='line_1_54' title="bbox 169 5146 1763 5220; baseline -0.001 -18"><span class='ocrx_word' id='word_1_425' title='bbox 169 5151 484 5205; x_wconf 86' lang='lat' dir='ltr'><strong>evincemus</strong></span> <span class='ocrx_word' id='word_1_426' title='bbox 517 5168 530 5203; x_wconf 91' lang='lat'>:</span> <span class='ocrx_word' id='word_1_427' title='bbox 573 5150 703 5206; x_wconf 88' lang='lat' dir='ltr'><strong>illud</strong></span> <span class='ocrx_word' id='word_1_428' title='bbox 737 5150 880 5205; x_wconf 87' lang='lat' dir='ltr'><strong>enim</strong></span> <span class='ocrx_word' id='word_1_429' title='bbox 907 5149 1227 5220; x_wconf 91' lang='lat' dir='ltr'><strong>pedetentim</strong></span> <span class='ocrx_word' id='word_1_430' title='bbox 1263 5164 1546 5219; x_wconf 87' lang='lat' dir='ltr'><strong>numquam</strong></span> <span class='ocrx_word' id='word_1_431' title='bbox 1573 5146 1763 5202; x_wconf 90' lang='lat' dir='ltr'><strong>deerit.</strong></span> 
     </span>
    </p>
   </div>
   <div class='ocr_carea' id='block_1_55' title="bbox 171 5238 1769 5306">
    <p class='ocr_par' dir='ltr' id='par_1_55' title="bbox 171 5238 1769 5306">
     <span class='ocr_line' id='line_1_55' title="bbox 171 5238 1769 5306; baseline 0.001 -14"><span class='ocrx_word' id='word_1_432' title='bbox 171 5238 535 5306; x_wconf 85' lang='lat' dir='ltr'><strong>Quamobrem</strong></span> <span class='ocrx_word' id='word_1_433' title='bbox 568 5240 686 5295; x_wconf 89' lang='lat' dir='ltr'><strong>istis</strong></span> <span class='ocrx_word' id='word_1_434' title='bbox 710 5240 924 5296; x_wconf 84' lang='lat' dir='ltr'><strong>omissis</strong></span> <span class='ocrx_word' id='word_1_435' title='bbox 959 5241 1087 5295; x_wconf 92' lang='lat' dir='ltr'><strong>illud</strong></span> <span class='ocrx_word' id='word_1_436' title='bbox 1120 5240 1360 5295; x_wconf 90' lang='lat' dir='ltr'><strong>dicamus</strong></span> <span class='ocrx_word' id='word_1_437' title='bbox 1405 5256 1419 5292; x_wconf 88' lang='lat'><strong>:</strong></span> <span class='ocrx_word' id='word_1_438' title='bbox 1457 5239 1564 5293; x_wconf 83' lang='lat' dir='ltr'><strong>Nisi</strong></span> <span class='ocrx_word' id='word_1_439' title='bbox 1611 5238 1769 5294; x_wconf 90' lang='lat' dir='ltr'><strong>hodie</strong></span> 
     </span>
    </p>
   </div>
   <div class='ocr_carea' id='block_1_56' title="bbox 169 5329 1773 5401">
    <p class='ocr_par' dir='ltr' id='par_1_56' title="bbox 169 5329 1773 5401">
     <span class='ocr_line' id='line_1_56' title="bbox 169 5329 1773 5401; baseline 0.001 -16"><span class='ocrx_word' id='word_1_440' title='bbox 169 5333 568 5386; x_wconf 81' lang='lat' dir='ltr'><strong>correxerimus</strong></span> <span class='ocrx_word' id='word_1_441' title='bbox 579 5331 790 5400; x_wconf 85' lang='lat' dir='ltr'><strong>jurandi</strong></span> <span class='ocrx_word' id='word_1_442' title='bbox 810 5346 1032 5396; x_wconf 89' lang='lat' dir='ltr'><strong>morem,</strong></span> <span class='ocrx_word' id='word_1_443' title='bbox 1047 5345 1334 5401; x_wconf 90' lang='lat' dir='ltr'><strong>numquam</strong></span> <span class='ocrx_word' id='word_1_444' title='bbox 1352 5329 1604 5395; x_wconf 90' lang='lat' dir='ltr'><strong>futurum,</strong></span> <span class='ocrx_word' id='word_1_445' title='bbox 1626 5338 1686 5384; x_wconf 90' lang='lat' dir='ltr'><strong>ut</strong></span> <span class='ocrx_word' id='word_1_446' title='bbox 1701 5329 1773 5386; x_wconf 26' lang='lat' dir='ltr'><strong>ab.</strong></span> 
     </span>
    </p>
   </div>
   <div class='ocr_carea' id='block_1_57' title="bbox 169 5423 1766 5494">
    <p class='ocr_par' dir='ltr' id='par_1_57' title="bbox 169 5423 1766 5494">
     <span class='ocr_line' id='line_1_57' title="bbox 169 5423 1766 5494; baseline 0.001 -18"><span class='ocrx_word' id='word_1_447' title='bbox 169 5439 232 5476; x_wconf 82' lang='lat' dir='ltr'><strong>eo</strong></span> <span class='ocrx_word' id='word_1_448' title='bbox 259 5424 606 5488; x_wconf 80' lang='lat' dir='ltr'><strong>absistamus,</strong></span> <span class='ocrx_word' id='word_1_449' title='bbox 631 5423 838 5479; x_wconf 88' lang='lat' dir='ltr'><strong>etiamsi</strong></span> <span class='ocrx_word' id='word_1_450' title='bbox 865 5423 1011 5479; x_wconf 90' lang='lat' dir='ltr'><strong>mille</strong></span> <span class='ocrx_word' id='word_1_451' title='bbox 1038 5433 1281 5494; x_wconf 90' lang='lat' dir='ltr'><strong>premant</strong></span> <span class='ocrx_word' id='word_1_452' title='bbox 1310 5424 1542 5492; x_wconf 84' lang='lat' dir='ltr'><strong>negetia,</strong></span> <span class='ocrx_word' id='word_1_453' title='bbox 1571 5423 1766 5479; x_wconf 86' lang='lat' dir='ltr'><strong>etiam-</strong></span> 
     </span>
    </p>
   </div>
   <div class='ocr_carea' id='block_1_58' title="bbox 172 5515 1761 5587">
    <p class='ocr_par' dir='ltr' id='par_1_58' title="bbox 172 5515 1761 5587">
     <span class='ocr_line' id='line_1_58' title="bbox 172 5515 1761 5587; baseline 0.002 -21"><span class='ocrx_word' id='word_1_454' title='bbox 172 5516 212 5566; x_wconf 87' lang='lat' dir='ltr'><strong>si</strong></span> <span class='ocrx_word' id='word_1_455' title='bbox 240 5516 579 5572; x_wconf 82' lang='lat' dir='ltr'><strong>moriendum</strong></span> <span class='ocrx_word' id='word_1_456' title='bbox 605 5515 693 5583; x_wconf 90' lang='lat' dir='ltr'><strong>sit,</strong></span> <span class='ocrx_word' id='word_1_457' title='bbox 722 5517 976 5587; x_wconf 84' lang='lat' dir='ltr'><strong>supplicia</strong></span> <span class='ocrx_word' id='word_1_458' title='bbox 1003 5516 1271 5572; x_wconf 90' lang='lat' dir='ltr'><strong>subeunda</strong></span> <span class='ocrx_word' id='word_1_459' title='bbox 1294 5517 1418 5581; x_wconf 83' lang='lat' dir='ltr'><strong>sint,</strong></span> <span class='ocrx_word' id='word_1_460' title='bbox 1446 5516 1621 5569; x_wconf 85' lang='lat' dir='ltr'><strong>omnia</strong></span> <span class='ocrx_word' id='word_1_461' title='bbox 1646 5530 1761 5584; x_wconf 88' lang='lat' dir='ltr'><strong>per-</strong></span> 
     </span>
    </p>
   </div>
   <div class='ocr_carea' id='block_1_59' title="bbox 241 5609 1760 5674">
    <p class='ocr_par' dir='ltr' id='par_1_59' title="bbox 241 5609 1760 5674">
     <span class='ocr_line' id='line_1_59' title="bbox 241 5609 1760 5674; baseline -0.005 -13"><span class='ocrx_word' id='word_1_462' title='bbox 241 5614 260 5644; x_wconf 82' lang='lat'><em>‘</em></span> <span class='ocrx_word' id='word_1_463' title='bbox 297 5611 414 5661; x_wconf 68' lang='lat' dir='ltr'><strong>Haec</strong></span> <span class='ocrx_word' id='word_1_464' title='bbox 436 5617 554 5660; x_wconf 83' lang='lat' dir='ltr'><strong>sunt</strong></span> <span class='ocrx_word' id='word_1_465' title='bbox 575 5611 756 5660; x_wconf 81' lang='lat' dir='ltr'><strong>Genes.</strong></span> <span class='ocrx_word' id='word_1_466' title='bbox 785 5625 918 5670; x_wconf 81' lang='lat' dir='ltr'><strong>xvut,</strong></span> <span class='ocrx_word' id='word_1_467' title='bbox 941 5613 1020 5668; x_wconf 80' lang='lat'><strong>20,</strong></span> <span class='ocrx_word' id='word_1_468' title='bbox 1040 5627 1150 5674; x_wconf 75' lang='lat' dir='ltr'><strong>qua:</strong></span> <span class='ocrx_word' id='word_1_469' title='bbox 1169 5609 1760 5674; x_wconf 64' lang='lat' dir='ltr'><strong>protulitChrysnstonrus</strong></span> 
     </span>
    </p>
   </div>
   <div class='ocr_carea' id='block_1_60' title="bbox 182 5668 1766 5782">
    <p class='ocr_par' dir='ltr' id='par_1_60' title="bbox 182 5668 1766 5782">
     <span class='ocr_line' id='line_1_60' title="bbox 182 5668 1766 5737; baseline -0.001 -16"><span class='ocrx_word' id='word_1_470' title='bbox 182 5685 271 5734; x_wconf 76' lang='lat' dir='ltr'><strong>pro</strong></span> <span class='ocrx_word' id='word_1_471' title='bbox 314 5686 376 5721; x_wconf 88' lang='lat' dir='ltr'><strong>eo</strong></span> <span class='ocrx_word' id='word_1_472' title='bbox 417 5674 548 5735; x_wconf 74' lang='grc' dir='ltr'><strong>φιοά</strong></span> <span class='ocrx_word' id='word_1_473' title='bbox 590 5678 668 5724; x_wconf 90' lang='lat' dir='ltr'><strong>est</strong></span> <span class='ocrx_word' id='word_1_474' title='bbox 712 5676 848 5726; x_wconf 67' lang='lat' dir='ltr'><strong>Jone</strong></span> <span class='ocrx_word' id='word_1_475' title='bbox 875 5668 913 5736; x_wconf 79' lang='lat' dir='ltr'><strong>t,</strong></span> <span class='ocrx_word' id='word_1_476' title='bbox 948 5676 994 5737; x_wconf 80' lang='grc'><strong>2,</strong></span> <span class='ocrx_word' id='word_1_477' title='bbox 1021 5668 1143 5734; x_wconf 72' lang='lat' dir='ltr'><strong>Quia</strong></span> <span class='ocrx_word' id='word_1_478' title='bbox 1173 5668 1404 5725; x_wconf 58' lang='lat' dir='ltr'><strong>escendit</strong></span> <span class='ocrx_word' id='word_1_479' title='bbox 1433 5668 1619 5722; x_wconf 78' lang='lat' dir='ltr'><strong>nntlitia</strong></span> <span class='ocrx_word' id='word_1_480' title='bbox 1659 5669 1766 5733; x_wconf 79' lang='lat' dir='ltr'><strong>ejus</strong></span> 
     </span>
     <span class='ocr_line' id='line_1_61' title="bbox 183 5733 1640 5782; baseline -0.002 0"><span class='ocrx_word' id='word_1_481' title='bbox 183 5748 355 5782; x_wconf 74' lang='lat' dir='ltr'><strong>coram</strong></span> <span class='ocrx_word' id='word_1_482' title='bbox 394 5748 483 5782; x_wconf 82' lang='lat' dir='ltr'><strong>me.</strong></span> <span class='ocrx_word' id='word_1_483' title='bbox 1508 5733 1640 5782; x_wconf 78' lang='lat' dir='ltr'><strong>Eutr.</strong></span> 
     </span>
    </p>
   </div>
   <div class='ocr_carea' id='block_1_61' title="bbox 183 5744 1640 5786">
    <p class='ocr_par' dir='ltr' id='par_1_61' title="bbox 183 5744 1640 5786">
     <span class='ocr_line' id='line_1_62' title="bbox 183 5744 1640 5786; baseline -0.003 -2"><span class='ocrx_word' id='word_1_484' title='bbox 183 5748 355 5784; x_wconf 73' lang='lat' dir='ltr'><strong>coram</strong></span> <span class='ocrx_word' id='word_1_485' title='bbox 394 5748 483 5786; x_wconf 80' lang='lat' dir='ltr'><strong>me.</strong></span> <span class='ocrx_word' id='word_1_486' title='bbox 1508 5744 1640 5782; x_wconf 64' lang='grc' dir='ltr'><strong>ιιοιτ.</strong></span> 
     </span>
    </p>
   </div>
   <div class='ocr_carea' id='block_1_62' title="bbox 1168 276 2598 339">
    <p class='ocr_par' dir='ltr' id='par_1_62' title="bbox 1168 276 2598 339">
     <span class='ocr_line' id='line_1_63' title="bbox 1168 276 2598 339; baseline -0.003 0"><span class='ocrx_word' id='word_1_487' title='bbox 1168 283 1260 339; x_wconf 75' lang='lat' dir='ltr'><strong>AD</strong></span> <span class='ocrx_word' id='word_1_488' title='bbox 1299 279 1616 339; x_wconf 70' lang='lat' dir='ltr'><strong>POPULUM</strong></span> <span class='ocrx_word' id='word_1_489' title='bbox 1658 276 2146 339; x_wconf 74' lang='lat' dir='ltr'><strong>ANTIOCHENUM</strong></span> <span class='ocrx_word' id='word_1_490' title='bbox 2205 277 2438 335; x_wconf 68' lang='lat' dir='ltr'><strong>llOlllL.</strong></span> <span class='ocrx_word' id='word_1_491' title='bbox 2482 276 2598 334; x_wconf 69' lang='lat' dir='ltr'><strong>XX.</strong></span> 
     </span>
    </p>
   </div>
   <div class='ocr_carea' id='block_1_63' title="bbox 3351 275 3466 330">
    <p class='ocr_par' dir='ltr' id='par_1_63' title="bbox 3351 275 3466 330">
     <span class='ocr_line' id='line_1_64' title="bbox 3351 275 3466 330; baseline -0.017 0"><span class='ocrx_word' id='word_1_492' title='bbox 3351 275 3466 330; x_wconf 64' lang='grc' dir='ltr'><strong>ςιω.</strong></span> 
     </span>
    </p>
   </div>
   <div class='ocr_carea' id='block_1_64' title="bbox 1874 386 3459 460">
    <p class='ocr_par' dir='ltr' id='par_1_64' title="bbox 1874 386 3459 460">
     <span class='ocr_line' id='line_1_65' title="bbox 1874 386 3459 460; baseline -0.005 -12"><span class='ocrx_word' id='word_1_493' title='bbox 1874 390 2048 448; x_wconf 88' lang='lat' dir='ltr'><strong>denda</strong></span> <span class='ocrx_word' id='word_1_494' title='bbox 2078 389 2184 445; x_wconf 91' lang='lat' dir='ltr'><strong>sint</strong></span> <span class='ocrx_word' id='word_1_495' title='bbox 2215 408 2228 445; x_wconf 89' lang='lat'><strong><em>:</em></strong></span> <span class='ocrx_word' id='word_1_496' title='bbox 2260 405 2365 446; x_wconf 89' lang='lat' dir='ltr'><strong>non</strong></span> <span class='ocrx_word' id='word_1_497' title='bbox 2387 388 2633 445; x_wconf 90' lang='lat' dir='ltr'><strong>dabimus</strong></span> <span class='ocrx_word' id='word_1_498' title='bbox 2652 387 2864 444; x_wconf 88' lang='lat' dir='ltr'><strong>diabolo</strong></span> <span class='ocrx_word' id='word_1_499' title='bbox 2893 386 3118 460; x_wconf 75' lang='lat' dir='ltr'><strong>ignavia:</strong></span> <span class='ocrx_word' id='word_1_500' title='bbox 3145 397 3459 457; x_wconf 78' lang='lat' dir='ltr'><strong>potestatem</strong></span> 
     </span>
    </p>
   </div>
   <div class='ocr_carea' id='block_1_65' title="bbox 1875 467 3466 551">
    <p class='ocr_par' dir='ltr' id='par_1_65' title="bbox 1875 467 3466 551">
     <span class='ocr_line' id='line_1_66' title="bbox 1875 467 3466 551; baseline -0.003 -14"><span class='ocrx_word' id='word_1_501' title='bbox 1875 495 2050 551; x_wconf 89' lang='lat' dir='ltr'><strong>neque</strong></span> <span class='ocrx_word' id='word_1_502' title='bbox 2080 478 2655 550; x_wconf 88' lang='lat' dir='ltr'><strong>comperendinationis</strong></span> <span class='ocrx_word' id='word_1_503' title='bbox 2681 477 3033 534; x_wconf 77' lang='lat' dir='ltr'><strong>occasionem.</strong></span> <span class='ocrx_word' id='word_1_504' title='bbox 3065 467 3122 535; x_wconf 84' lang='lat' dir='ltr'><strong>Si</strong></span> <span class='ocrx_word' id='word_1_505' title='bbox 3150 480 3288 535; x_wconf 90' lang='lat' dir='ltr'><strong>Deus</strong></span> <span class='ocrx_word' id='word_1_506' title='bbox 3309 480 3466 535; x_wconf 66' lang='lat' dir='ltr'><strong>vide~</strong></span> 
     </span>
    </p>
   </div>
   <div class='ocr_carea' id='block_1_66' title="bbox 1873 569 3464 642">
    <p class='ocr_par' dir='ltr' id='par_1_66' title="bbox 1873 569 3464 642">
     <span class='ocr_line' id='line_1_67' title="bbox 1873 569 3464 642; baseline -0.001 -14"><span class='ocrx_word' id='word_1_507' title='bbox 1873 573 1942 628; x_wconf 90' lang='lat' dir='ltr'><strong>rit</strong></span> <span class='ocrx_word' id='word_1_508' title='bbox 1963 583 2104 626; x_wconf 87' lang='lat' dir='ltr'><strong>tuam</strong></span> <span class='ocrx_word' id='word_1_509' title='bbox 2134 572 2366 626; x_wconf 88' lang='lat' dir='ltr'><strong>animam</strong></span> <span class='ocrx_word' id='word_1_510' title='bbox 2394 569 2614 642; x_wconf 90' lang='lat' dir='ltr'><strong>ignitam</strong></span> <span class='ocrx_word' id='word_1_511' title='bbox 2645 581 2699 625; x_wconf 89' lang='lat' dir='ltr'><strong>et</strong></span> <span class='ocrx_word' id='word_1_512' title='bbox 2727 569 3012 625; x_wconf 83' lang='lat' dir='ltr'><strong>excitatum</strong></span> <span class='ocrx_word' id='word_1_513' title='bbox 3048 571 3313 639; x_wconf 87' lang='lat' dir='ltr'><strong>studium,</strong></span> <span class='ocrx_word' id='word_1_514' title='bbox 3347 572 3464 642; x_wconf 88' lang='lat' dir='ltr'><strong>ipso</strong></span> 
     </span>
    </p>
   </div>
   <div class='ocr_carea' id='block_1_67' title="bbox 1873 659 3460 732">
    <p class='ocr_par' dir='ltr' id='par_1_67' title="bbox 1873 659 3460 732">
     <span class='ocr_line' id='line_1_68' title="bbox 1873 659 3460 732; baseline 0 -16"><span class='ocrx_word' id='word_1_515' title='bbox 1873 676 2083 732; x_wconf 91' lang='lat' dir='ltr'><strong>quoque</strong></span> <span class='ocrx_word' id='word_1_516' title='bbox 2108 660 2366 731; x_wconf 85' lang='lat' dir='ltr'><strong>profectui</strong></span> <span class='ocrx_word' id='word_1_517' title='bbox 2401 670 2492 715; x_wconf 89' lang='lat' dir='ltr'><strong>tuo</strong></span> <span class='ocrx_word' id='word_1_518' title='bbox 2519 675 2734 730; x_wconf 86' lang='lat' dir='ltr'><strong>operam</strong></span> <span class='ocrx_word' id='word_1_519' title='bbox 2758 660 2991 714; x_wconf 86' lang='lat' dir='ltr'><strong>navabit.</strong></span> <span class='ocrx_word' id='word_1_520' title='bbox 3017 659 3251 716; x_wconf 86' lang='lat' dir='ltr'><strong>Obsecro</strong></span> <span class='ocrx_word' id='word_1_521' title='bbox 3279 670 3333 717; x_wconf 90' lang='lat' dir='ltr'><strong>et</strong></span> <span class='ocrx_word' id='word_1_522' title='bbox 3359 663 3460 716; x_wconf 84' lang='lat' dir='ltr'><strong>ob-</strong></span> 
     </span>
    </p>
   </div>
   <div class='ocr_carea' id='block_1_68' title="bbox 1876 751 3462 824">
    <p class='ocr_par' dir='ltr' id='par_1_68' title="bbox 1876 751 3462 824">
     <span class='ocr_line' id='line_1_69' title="bbox 1876 751 3462 824; baseline -0.001 -15"><span class='ocrx_word' id='word_1_523' title='bbox 1876 764 2062 821; x_wconf 87' lang='lat' dir='ltr'><strong>testor,</strong></span> <span class='ocrx_word' id='word_1_524' title='bbox 2089 755 2369 824; x_wconf 85' lang='lat' dir='ltr'><strong>diligentes</strong></span> <span class='ocrx_word' id='word_1_525' title='bbox 2397 753 2583 820; x_wconf 90' lang='lat' dir='ltr'><strong>simus,</strong></span> <span class='ocrx_word' id='word_1_526' title='bbox 2609 767 2675 808; x_wconf 92' lang='lat' dir='ltr'><strong>ne</strong></span> <span class='ocrx_word' id='word_1_527' title='bbox 2695 761 2750 806; x_wconf 91' lang='lat' dir='ltr'><strong>et</strong></span> <span class='ocrx_word' id='word_1_528' title='bbox 2771 767 2868 807; x_wconf 89' lang='lat' dir='ltr'><strong>nos</strong></span> <span class='ocrx_word' id='word_1_529' title='bbox 2887 751 3183 815; x_wconf 86' lang='lat' dir='ltr'><strong>audiamus,</strong></span> <span class='ocrx_word' id='word_1_530' title='bbox 3219 753 3462 809; x_wconf 83' lang='lat' dir='ltr'><strong>Homines</strong></span> 
     </span>
    </p>
   </div>
   <div class='ocr_carea' id='block_1_69' title="bbox 1876 842 3463 914">
    <p class='ocr_par' dir='ltr' id='par_1_69' title="bbox 1876 842 3463 914">
     <span class='ocr_line' id='line_1_70' title="bbox 1876 842 3463 914; baseline -0.002 -15"><span class='ocrx_word' id='word_1_531' title='bbox 1876 844 1929 899; x_wconf 86' lang='grc' dir='ltr'><strong><em>Ν</em></strong></span> <span class='ocrx_word' id='word_1_532' title='bbox 1934 845 2120 899; x_wconf 75' lang='lat' dir='ltr'><strong>inittin</strong></span> <span class='ocrx_word' id='word_1_533' title='bbox 2141 853 2364 914; x_wconf 80' lang='lat' dir='ltr'><strong>surgent,</strong></span> <span class='ocrx_word' id='word_1_534' title='bbox 2404 852 2451 897; x_wconf 87' lang='lat' dir='ltr'><strong>et</strong></span> <span class='ocrx_word' id='word_1_535' title='bbox 2479 842 2880 897; x_wconf 76' lang='lat' dir='ltr'><strong>condemnabam</strong></span> <span class='ocrx_word' id='word_1_536' title='bbox 2913 844 3282 912; x_wconf 84' lang='lat' dir='ltr'><strong>generationem</strong></span> <span class='ocrx_word' id='word_1_537' title='bbox 3312 844 3463 896; x_wconf 84' lang='lat' dir='ltr'><strong>istam</strong></span> 
     </span>
    </p>
   </div>
   <div class='ocr_carea' id='block_1_70' title="bbox 1876 935 3465 1010">
    <p class='ocr_par' dir='ltr' id='par_1_70' title="bbox 1876 935 3465 1010">
     <span class='ocr_line' id='line_1_71' title="bbox 1876 935 3465 1010; baseline -0.002 -20"><span class='ocrx_word' id='word_1_538' title='bbox 1876 937 2026 1010; x_wconf 84' lang='lat' dir='ltr'><strong>(Luc.</strong></span> <span class='ocrx_word' id='word_1_539' title='bbox 2058 939 2141 992; x_wconf 81' lang='lat' dir='ltr'><strong>il.</strong></span> <span class='ocrx_word' id='word_1_540' title='bbox 2168 937 2236 993; x_wconf 64' lang='grc' dir='ltr'><strong>δέ).</strong></span> <span class='ocrx_word' id='word_1_541' title='bbox 2257 940 2271 1002; x_wconf 85' lang='grc'><strong>)</strong></span> <span class='ocrx_word' id='word_1_542' title='bbox 2296 979 2310 1003; x_wconf 83' lang='grc'>,</span> <span class='ocrx_word' id='word_1_543' title='bbox 2347 951 2410 992; x_wconf 86' lang='lat' dir='ltr'><strong>eo</strong></span> <span class='ocrx_word' id='word_1_544' title='bbox 2441 935 2582 1006; x_wconf 89' lang='lat' dir='ltr'><strong>quod</strong></span> <span class='ocrx_word' id='word_1_545' title='bbox 2621 935 2696 988; x_wconf 90' lang='lat' dir='ltr'><strong>illi</strong></span> <span class='ocrx_word' id='word_1_546' title='bbox 2727 935 2891 989; x_wconf 89' lang='lat' dir='ltr'><strong>semel</strong></span> <span class='ocrx_word' id='word_1_547' title='bbox 2918 935 3173 988; x_wconf 90' lang='lat' dir='ltr'><strong>admoniti</strong></span> <span class='ocrx_word' id='word_1_548' title='bbox 3199 949 3319 989; x_wconf 90' lang='lat' dir='ltr'><strong>sese</strong></span> <span class='ocrx_word' id='word_1_549' title='bbox 3343 950 3465 989; x_wconf 84' lang='lat' dir='ltr'><strong>cor-</strong></span> 
     </span>
    </p>
   </div>
   <div class='ocr_carea' id='block_1_71' title="bbox 1875 1013 3463 1098">
    <p class='ocr_par' dir='ltr' id='par_1_71' title="bbox 1875 1013 3463 1098">
     <span class='ocr_line' id='line_1_72' title="bbox 1875 1013 3463 1098; baseline -0.003 -15"><span class='ocrx_word' id='word_1_550' title='bbox 1875 1029 2128 1095; x_wconf 81' lang='lat' dir='ltr'><strong>rexerint,</strong></span> <span class='ocrx_word' id='word_1_551' title='bbox 2158 1013 2426 1098; x_wconf 38' lang='lat' dir='ltr'><strong>&#39;n—oswszepe</strong></span> <span class='ocrx_word' id='word_1_552' title='bbox 2448 1027 2702 1082; x_wconf 87' lang='lat' dir='ltr'><strong>admoniti</strong></span> <span class='ocrx_word' id='word_1_553' title='bbox 2731 1041 2837 1081; x_wconf 91' lang='lat' dir='ltr'><strong>non</strong></span> <span class='ocrx_word' id='word_1_554' title='bbox 2862 1039 3273 1081; x_wconf 85' lang='lat' dir='ltr'><strong>convertamur:</strong></span> <span class='ocrx_word' id='word_1_555' title='bbox 3308 1027 3382 1080; x_wconf 90' lang='lat' dir='ltr'><strong>illi</strong></span> <span class='ocrx_word' id='word_1_556' title='bbox 3411 1027 3463 1081; x_wconf 90' lang='lat' dir='ltr'><strong>in</strong></span> 
     </span>
    </p>
   </div>
   <div class='ocr_carea' id='block_1_72' title="bbox 1875 1116 3466 1187">
    <p class='ocr_par' dir='ltr' id='par_1_72' title="bbox 1875 1116 3466 1187">
     <span class='ocr_line' id='line_1_73' title="bbox 1875 1116 3466 1187; baseline -0.002 -14"><span class='ocrx_word' id='word_1_557' title='bbox 1875 1120 2018 1173; x_wconf 89' lang='lat' dir='ltr'><strong>omni</strong></span> <span class='ocrx_word' id='word_1_558' title='bbox 2048 1120 2242 1172; x_wconf 86' lang='lat' dir='ltr'><strong>virtute</strong></span> <span class='ocrx_word' id='word_1_559' title='bbox 2263 1118 2623 1187; x_wconf 72' lang='lat' dir='ltr'><strong>profecerunt,</strong></span> <span class='ocrx_word' id='word_1_560' title='bbox 2663 1131 2762 1171; x_wconf 88' lang='lat' dir='ltr'><strong>nos</strong></span> <span class='ocrx_word' id='word_1_561' title='bbox 2783 1132 2849 1170; x_wconf 91' lang='lat' dir='ltr'><strong>ne</strong></span> <span class='ocrx_word' id='word_1_562' title='bbox 2874 1125 3076 1186; x_wconf 87' lang='lat' dir='ltr'><strong>partem</strong></span> <span class='ocrx_word' id='word_1_563' title='bbox 3114 1116 3326 1185; x_wconf 84' lang='lat' dir='ltr'><strong>quidem</strong></span> <span class='ocrx_word' id='word_1_564' title='bbox 3353 1117 3466 1170; x_wconf 80' lang='lat' dir='ltr'><strong>vir-</strong></span> 
     </span>
    </p>
   </div>
   <div class='ocr_carea' id='block_1_73' title="bbox 1877 1206 3466 1278">
    <p class='ocr_par' dir='ltr' id='par_1_73' title="bbox 1877 1206 3466 1278">
     <span class='ocr_line' id='line_1_74' title="bbox 1877 1206 3466 1278; baseline -0.003 -16"><span class='ocrx_word' id='word_1_565' title='bbox 1877 1209 2001 1262; x_wconf 90' lang='lat' dir='ltr'><strong>tutis</strong></span> <span class='ocrx_word' id='word_1_566' title='bbox 2023 1208 2173 1262; x_wconf 88' lang='lat' dir='ltr'><strong>nobis</strong></span> <span class='ocrx_word' id='word_1_567' title='bbox 2197 1222 2448 1278; x_wconf 88' lang='lat' dir='ltr'><strong>paramus</strong></span> <span class='ocrx_word' id='word_1_568' title='bbox 2471 1227 2485 1260; x_wconf 91' lang='lat'><strong>:</strong></span> <span class='ocrx_word' id='word_1_569' title='bbox 2515 1206 2588 1260; x_wconf 85' lang='lat' dir='ltr'><strong>illi</strong></span> <span class='ocrx_word' id='word_1_570' title='bbox 2605 1206 2762 1261; x_wconf 90' lang='lat' dir='ltr'><strong>minis</strong></span> <span class='ocrx_word' id='word_1_571' title='bbox 2788 1206 3084 1261; x_wconf 86' lang='lat' dir='ltr'><strong>eversionis</strong></span> <span class='ocrx_word' id='word_1_572' title='bbox 3117 1215 3466 1275; x_wconf 83' lang='lat' dir='ltr'><strong>expaverunt,</strong></span> 
     </span>
    </p>
   </div>
   <div class='ocr_carea' id='block_1_74' title="bbox 1877 1296 3469 1366">
    <p class='ocr_par' dir='ltr' id='par_1_74' title="bbox 1877 1296 3469 1366">
     <span class='ocr_line' id='line_1_75' title="bbox 1877 1296 3469 1366; baseline -0.002 -14"><span class='ocrx_word' id='word_1_573' title='bbox 1877 1313 1976 1352; x_wconf 87' lang='lat' dir='ltr'><strong>nos</strong></span> <span class='ocrx_word' id='word_1_574' title='bbox 2003 1298 2404 1352; x_wconf 88' lang='lat' dir='ltr'><strong>denuntiatione</strong></span> <span class='ocrx_word' id='word_1_575' title='bbox 2431 1296 2692 1366; x_wconf 61' lang='lat' dir='ltr'><strong>gehennae</strong></span> <span class='ocrx_word' id='word_1_576' title='bbox 2719 1311 2822 1349; x_wconf 93' lang='lat' dir='ltr'><strong>non</strong></span> <span class='ocrx_word' id='word_1_577' title='bbox 2845 1304 3211 1350; x_wconf 77' lang='lat' dir='ltr'><strong>exterreamur</strong></span> <span class='ocrx_word' id='word_1_578' title='bbox 3242 1313 3254 1348; x_wconf 93' lang='lat'>:</span> <span class='ocrx_word' id='word_1_579' title='bbox 3289 1296 3362 1350; x_wconf 90' lang='lat' dir='ltr'><strong>illi</strong></span> <span class='ocrx_word' id='word_1_580' title='bbox 3389 1305 3469 1350; x_wconf 81' lang='lat' dir='ltr'><strong>et-</strong></span> 
     </span>
    </p>
   </div>
   <div class='ocr_carea' id='block_1_75' title="bbox 1876 1386 3467 1458">
    <p class='ocr_par' dir='ltr' id='par_1_75' title="bbox 1876 1386 3467 1458">
     <span class='ocr_line' id='line_1_76' title="bbox 1876 1386 3467 1458; baseline -0.001 -16"><span class='ocrx_word' id='word_1_581' title='bbox 1876 1387 1920 1442; x_wconf 90' lang='lat' dir='ltr'><strong>si</strong></span> <span class='ocrx_word' id='word_1_582' title='bbox 1943 1387 2317 1458; x_wconf 83' lang='lat' dir='ltr'><strong>prOphetarnm</strong></span> <span class='ocrx_word' id='word_1_583' title='bbox 2345 1386 2630 1458; x_wconf 91' lang='lat' dir='ltr'><strong>participes</strong></span> <span class='ocrx_word' id='word_1_584' title='bbox 2664 1402 2772 1441; x_wconf 92' lang='lat' dir='ltr'><strong>non</strong></span> <span class='ocrx_word' id='word_1_585' title='bbox 2799 1386 3025 1452; x_wconf 85' lang='lat' dir='ltr'><strong>fuerint,</strong></span> <span class='ocrx_word' id='word_1_586' title='bbox 3051 1401 3173 1440; x_wconf 92' lang='lat' dir='ltr'><strong>cum</strong></span> <span class='ocrx_word' id='word_1_587' title='bbox 3201 1401 3299 1440; x_wconf 89' lang='lat' dir='ltr'><strong>nos</strong></span> <span class='ocrx_word' id='word_1_588' title='bbox 3339 1401 3467 1456; x_wconf 84' lang='lat' dir='ltr'><strong>per-</strong></span> 
     </span>
    </p>
   </div>
   <div class='ocr_carea' id='block_1_76' title="bbox 1877 1470 3463 1548">
    <p class='ocr_par' dir='ltr' id='par_1_76' title="bbox 1877 1470 3463 1548">
     <span class='ocr_line' id='line_1_77' title="bbox 1877 1470 3463 1548; baseline 0 -16"><span class='ocrx_word' id='word_1_589' title='bbox 1877 1488 2032 1548; x_wconf 88' lang='lat' dir='ltr'><strong>petua</strong></span> <span class='ocrx_word' id='word_1_590' title='bbox 2061 1470 2298 1533; x_wconf 82' lang='lat' dir='ltr'><strong>dectrina</strong></span> <span class='ocrx_word' id='word_1_591' title='bbox 2327 1487 2380 1533; x_wconf 89' lang='lat' dir='ltr'><strong>et</strong></span> <span class='ocrx_word' id='word_1_592' title='bbox 2403 1479 2564 1533; x_wconf 90' lang='lat' dir='ltr'><strong>multa</strong></span> <span class='ocrx_word' id='word_1_593' title='bbox 2592 1478 2757 1548; x_wconf 80' lang='lat' dir='ltr'><strong>gratia</strong></span> <span class='ocrx_word' id='word_1_594' title='bbox 2789 1479 3139 1547; x_wconf 83' lang='lat' dir='ltr'><strong>perfruamur.</strong></span> <span class='ocrx_word' id='word_1_595' title='bbox 3171 1477 3295 1532; x_wconf 70' lang='lat' dir='ltr'><strong>Hrec</strong></span> <span class='ocrx_word' id='word_1_596' title='bbox 3323 1493 3463 1532; x_wconf 91' lang='lat' dir='ltr'><strong>nunc</strong></span> 
     </span>
    </p>
   </div>
   <div class='ocr_carea' id='block_1_77' title="bbox 1879 1568 3467 1639">
    <p class='ocr_par' dir='ltr' id='par_1_77' title="bbox 1879 1568 3467 1639">
     <span class='ocr_line' id='line_1_78' title="bbox 1879 1568 3467 1639; baseline -0.001 -16"><span class='ocrx_word' id='word_1_597' title='bbox 1879 1570 2088 1639; x_wconf 88' lang='lat' dir='ltr'><strong>loquor,</strong></span> <span class='ocrx_word' id='word_1_598' title='bbox 2121 1585 2226 1624; x_wconf 90' lang='lat' dir='ltr'><strong>non</strong></span> <span class='ocrx_word' id='word_1_599' title='bbox 2255 1583 2350 1623; x_wconf 85' lang='lat' dir='ltr'><strong>vos</strong></span> <span class='ocrx_word' id='word_1_600' title='bbox 2375 1570 2442 1624; x_wconf 91' lang='lat' dir='ltr'><strong>de</strong></span> <span class='ocrx_word' id='word_1_601' title='bbox 2489 1569 2699 1635; x_wconf 81' lang='lat' dir='ltr'><strong>vestris,</strong></span> <span class='ocrx_word' id='word_1_602' title='bbox 2729 1569 2822 1623; x_wconf 89' lang='lat' dir='ltr'><strong>sed</strong></span> <span class='ocrx_word' id='word_1_603' title='bbox 2851 1568 2919 1623; x_wconf 87' lang='lat' dir='ltr'><strong>de</strong></span> <span class='ocrx_word' id='word_1_604' title='bbox 2947 1569 3135 1623; x_wconf 89' lang='lat' dir='ltr'><strong>alienis</strong></span> <span class='ocrx_word' id='word_1_605' title='bbox 3156 1568 3467 1623; x_wconf 87' lang='lat' dir='ltr'><strong>criminibus</strong></span> 
     </span>
    </p>
   </div>
   <div class='ocr_carea' id='block_1_78' title="bbox 1879 1657 3469 1729">
    <p class='ocr_par' dir='ltr' id='par_1_78' title="bbox 1879 1657 3469 1729">
     <span class='ocr_line' id='line_1_79' title="bbox 1879 1657 3469 1729; baseline -0.001 -16"><span class='ocrx_word' id='word_1_606' title='bbox 1879 1658 2150 1714; x_wconf 85' lang='lat' dir='ltr'><strong>incusans.</strong></span> <span class='ocrx_word' id='word_1_607' title='bbox 2181 1661 2289 1729; x_wconf 83' lang='lat' dir='ltr'><strong>Ego</strong></span> <span class='ocrx_word' id='word_1_608' title='bbox 2316 1660 2476 1724; x_wconf 88' lang='lat' dir='ltr'><strong>enim,</strong></span> <span class='ocrx_word' id='word_1_609' title='bbox 2507 1660 2638 1724; x_wconf 91' lang='lat' dir='ltr'><strong>scio,</strong></span> <span class='ocrx_word' id='word_1_610' title='bbox 2665 1659 2804 1728; x_wconf 90' lang='lat' dir='ltr'><strong>quod</strong></span> <span class='ocrx_word' id='word_1_611' title='bbox 2827 1667 2880 1712; x_wconf 91' lang='lat' dir='ltr'><strong>et</strong></span> <span class='ocrx_word' id='word_1_612' title='bbox 2905 1667 3026 1712; x_wconf 91' lang='lat' dir='ltr'><strong>ante</strong></span> <span class='ocrx_word' id='word_1_613' title='bbox 3046 1658 3174 1723; x_wconf 77' lang='lat' dir='ltr'><strong>dixi,</strong></span> <span class='ocrx_word' id='word_1_614' title='bbox 3205 1659 3374 1728; x_wconf 83' lang='lat' dir='ltr'><strong>legem</strong></span> <span class='ocrx_word' id='word_1_615' title='bbox 3397 1657 3469 1713; x_wconf 89' lang='lat' dir='ltr'><strong>de</strong></span> 
     </span>
    </p>
   </div>
   <div class='ocr_carea' id='block_1_79' title="bbox 1872 1747 3464 1819">
    <p class='ocr_par' dir='ltr' id='par_1_79' title="bbox 1872 1747 3464 1819">
     <span class='ocr_line' id='line_1_80' title="bbox 1872 1747 3464 1819; baseline 0.003 -18"><span class='ocrx_word' id='word_1_616' title='bbox 1872 1749 2221 1818; x_wconf 84' lang='lat' dir='ltr'><strong>jurejurando</strong></span> <span class='ocrx_word' id='word_1_617' title='bbox 2250 1749 2470 1819; x_wconf 90' lang='lat' dir='ltr'><strong>pulchre</strong></span> <span class='ocrx_word' id='word_1_618' title='bbox 2514 1758 2569 1803; x_wconf 93' lang='lat' dir='ltr'><strong>et</strong></span> <span class='ocrx_word' id='word_1_619' title='bbox 2606 1747 2893 1804; x_wconf 83' lang='lat' dir='ltr'><strong>efficaciter</strong></span> <span class='ocrx_word' id='word_1_620' title='bbox 2941 1763 2970 1802; x_wconf 93' lang='lat' dir='ltr'><strong>a</strong></span> <span class='ocrx_word' id='word_1_621' title='bbox 3011 1748 3160 1803; x_wconf 89' lang='lat' dir='ltr'><strong>vobis</strong></span> <span class='ocrx_word' id='word_1_622' title='bbox 3204 1749 3464 1818; x_wconf 87' lang='lat' dir='ltr'><strong>praestari.</strong></span> 
     </span>
    </p>
   </div>
   <div class='ocr_carea' id='block_1_80' title="bbox 1879 1838 3470 1904">
    <p class='ocr_par' dir='ltr' id='par_1_80' title="bbox 1879 1838 3470 1904">
     <span class='ocr_line' id='line_1_81' title="bbox 1879 1838 3470 1904; baseline 0.003 -16"><span class='ocrx_word' id='word_1_623' title='bbox 1879 1838 2074 1894; x_wconf 75' lang='lat' dir='ltr'><strong>\‘erum</strong></span> <span class='ocrx_word' id='word_1_624' title='bbox 2120 1839 2171 1893; x_wconf 91' lang='lat' dir='ltr'><strong>id</strong></span> <span class='ocrx_word' id='word_1_625' title='bbox 2211 1854 2317 1894; x_wconf 93' lang='lat' dir='ltr'><strong>non</strong></span> <span class='ocrx_word' id='word_1_626' title='bbox 2355 1839 2485 1893; x_wconf 90' lang='lat' dir='ltr'><strong>satis</strong></span> <span class='ocrx_word' id='word_1_627' title='bbox 2529 1847 2612 1892; x_wconf 89' lang='lat' dir='ltr'><strong>est</strong></span> <span class='ocrx_word' id='word_1_628' title='bbox 2653 1838 2718 1892; x_wconf 91' lang='lat' dir='ltr'><strong>ad</strong></span> <span class='ocrx_word' id='word_1_629' title='bbox 2748 1847 2982 1892; x_wconf 91' lang='lat' dir='ltr'><strong>nostram</strong></span> <span class='ocrx_word' id='word_1_630' title='bbox 3013 1838 3258 1904; x_wconf 86' lang='lat' dir='ltr'><strong>salutem,</strong></span> <span class='ocrx_word' id='word_1_631' title='bbox 3286 1838 3386 1892; x_wconf 85' lang='lat' dir='ltr'><strong>nisi</strong></span> <span class='ocrx_word' id='word_1_632' title='bbox 3415 1846 3470 1893; x_wconf 89' lang='lat' dir='ltr'><strong>et</strong></span> 
     </span>
    </p>
   </div>
   <div class='ocr_carea' id='block_1_81' title="bbox 1876 1927 3468 1998">
    <p class='ocr_par' dir='ltr' id='par_1_81' title="bbox 1876 1927 3468 1998">
     <span class='ocr_line' id='line_1_82' title="bbox 1876 1927 3468 1998; baseline -0.001 -14"><span class='ocrx_word' id='word_1_633' title='bbox 1876 1930 2012 1985; x_wconf 90' lang='lat' dir='ltr'><strong>alios</strong></span> <span class='ocrx_word' id='word_1_634' title='bbox 2051 1929 2292 1984; x_wconf 91' lang='lat' dir='ltr'><strong>docendo</strong></span> <span class='ocrx_word' id='word_1_635' title='bbox 2330 1929 2722 1984; x_wconf 84' lang='lat' dir='ltr'><strong>correxerimus</strong></span> <span class='ocrx_word' id='word_1_636' title='bbox 2751 1946 2763 1982; x_wconf 90' lang='lat'><strong>:</strong></span> <span class='ocrx_word' id='word_1_637' title='bbox 2797 1927 3224 1998; x_wconf 89' lang='lat' dir='ltr'><strong>quandoquidem</strong></span> <span class='ocrx_word' id='word_1_638' title='bbox 3267 1943 3334 1982; x_wconf 89' lang='lat' dir='ltr'><strong>ne</strong></span> <span class='ocrx_word' id='word_1_639' title='bbox 3380 1929 3468 1983; x_wconf 90' lang='lat' dir='ltr'><strong>ille</strong></span> 
     </span>
    </p>
   </div>
   <div class='ocr_carea' id='block_1_82' title="bbox 1877 2020 3468 2092">
    <p class='ocr_par' dir='ltr' id='par_1_82' title="bbox 1877 2020 3468 2092">
     <span class='ocr_line' id='line_1_83' title="bbox 1877 2020 3468 2092; baseline -0.001 -16"><span class='ocrx_word' id='word_1_640' title='bbox 1877 2021 2092 2091; x_wconf 89' lang='lat' dir='ltr'><strong>quidem</strong></span> <span class='ocrx_word' id='word_1_641' title='bbox 2114 2020 2430 2092; x_wconf 88' lang='lat' dir='ltr'><strong>supplicium</strong></span> <span class='ocrx_word' id='word_1_642' title='bbox 2453 2021 2640 2087; x_wconf 82' lang='lat' dir='ltr'><strong>evasit,</strong></span> <span class='ocrx_word' id='word_1_643' title='bbox 2668 2021 2754 2090; x_wconf 89' lang='lat' dir='ltr'><strong>qui</strong></span> <span class='ocrx_word' id='word_1_644' title='bbox 2774 2021 3025 2075; x_wconf 90' lang='lat' dir='ltr'><strong>talentutn</strong></span> <span class='ocrx_word' id='word_1_645' title='bbox 3053 2020 3290 2090; x_wconf 88' lang='lat' dir='ltr'><strong>protulit,</strong></span> <span class='ocrx_word' id='word_1_646' title='bbox 3313 2031 3367 2075; x_wconf 92' lang='lat' dir='ltr'><strong>et</strong></span> <span class='ocrx_word' id='word_1_647' title='bbox 3389 2031 3468 2074; x_wconf 85' lang='lat' dir='ltr'><strong>to-</strong></span> 
     </span>
    </p>
   </div>
   <div class='ocr_carea' id='block_1_83' title="bbox 1880 2111 3467 2183">
    <p class='ocr_par' dir='ltr' id='par_1_83' title="bbox 1880 2111 3467 2183">
     <span class='ocr_line' id='line_1_84' title="bbox 1880 2111 3467 2183; baseline 0.001 -16"><span class='ocrx_word' id='word_1_648' title='bbox 1880 2122 1991 2168; x_wconf 92' lang='lat' dir='ltr'><strong>tum</strong></span> <span class='ocrx_word' id='word_1_649' title='bbox 2032 2113 2333 2182; x_wconf 84' lang='lat' dir='ltr'><strong>depositum</strong></span> <span class='ocrx_word' id='word_1_650' title='bbox 2362 2113 2594 2168; x_wconf 89' lang='lat' dir='ltr'><strong>reddidit</strong></span> <span class='ocrx_word' id='word_1_651' title='bbox 2623 2111 2832 2183; x_wconf 80' lang='lat' dir='ltr'><strong>(Matth.</strong></span> <span class='ocrx_word' id='word_1_652' title='bbox 2863 2111 2934 2167; x_wconf 65' lang='lat'><strong>$5</strong></span> <span class='ocrx_word' id='word_1_653' title='bbox 2960 2111 2978 2182; x_wconf 97' lang='lat'>)</span> <span class='ocrx_word' id='word_1_654' title='bbox 3014 2130 3028 2167; x_wconf 88' lang='lat'><strong>:</strong></span> <span class='ocrx_word' id='word_1_655' title='bbox 3054 2128 3120 2166; x_wconf 91' lang='lat' dir='ltr'><strong>eo</strong></span> <span class='ocrx_word' id='word_1_656' title='bbox 3145 2112 3283 2182; x_wconf 87' lang='lat' dir='ltr'><strong>quod</strong></span> <span class='ocrx_word' id='word_1_657' title='bbox 3313 2128 3467 2169; x_wconf 86' lang='lat' dir='ltr'><strong>acce-</strong></span> 
     </span>
    </p>
   </div>
   <div class='ocr_carea' id='block_1_84' title="bbox 1878 2205 3458 2276">
    <p class='ocr_par' dir='ltr' id='par_1_84' title="bbox 1878 2205 3458 2276">
     <span class='ocr_line' id='line_1_85' title="bbox 1878 2205 3458 2276; baseline 0.001 -18"><span class='ocrx_word' id='word_1_658' title='bbox 1878 2214 2022 2276; x_wconf 89' lang='lat' dir='ltr'><strong>ptam</strong></span> <span class='ocrx_word' id='word_1_659' title='bbox 2052 2206 2326 2274; x_wconf 88' lang='lat' dir='ltr'><strong>pecuniam</strong></span> <span class='ocrx_word' id='word_1_660' title='bbox 2366 2205 2510 2259; x_wconf 89' lang='lat' dir='ltr'><strong>nullo</strong></span> <span class='ocrx_word' id='word_1_661' title='bbox 2539 2206 2773 2259; x_wconf 89' lang='lat' dir='ltr'><strong>auctario</strong></span> <span class='ocrx_word' id='word_1_662' title='bbox 2812 2205 3204 2274; x_wconf 71' lang='lat' dir='ltr'><strong>multiplicant.</strong></span> <span class='ocrx_word' id='word_1_663' title='bbox 3257 2205 3458 2274; x_wconf 88' lang='lat' dir='ltr'><strong>Quam-</strong></span> 
     </span>
    </p>
   </div>
   <div class='ocr_carea' id='block_1_85' title="bbox 1879 2296 3466 2366">
    <p class='ocr_par' dir='ltr' id='par_1_85' title="bbox 1879 2296 3466 2366">
     <span class='ocr_line' id='line_1_86' title="bbox 1879 2296 3466 2366; baseline -0.001 -15"><span class='ocrx_word' id='word_1_664' title='bbox 1879 2296 2067 2351; x_wconf 91' lang='lat' dir='ltr'><strong>obrem</strong></span> <span class='ocrx_word' id='word_1_665' title='bbox 2095 2312 2203 2350; x_wconf 92' lang='lat' dir='ltr'><strong>non</strong></span> <span class='ocrx_word' id='word_1_666' title='bbox 2239 2296 2365 2351; x_wconf 87' lang='lat' dir='ltr'><strong>illud</strong></span> <span class='ocrx_word' id='word_1_667' title='bbox 2395 2312 2424 2350; x_wconf 91' lang='lat' dir='ltr'><strong>a</strong></span> <span class='ocrx_word' id='word_1_668' title='bbox 2452 2296 2604 2350; x_wconf 91' lang='lat' dir='ltr'><strong>nobis</strong></span> <span class='ocrx_word' id='word_1_669' title='bbox 2625 2296 2969 2365; x_wconf 85' lang='lat' dir='ltr'><strong>spectandum</strong></span> <span class='ocrx_word' id='word_1_670' title='bbox 2993 2337 3006 2360; x_wconf 87' lang='lat'><strong>,</strong></span> <span class='ocrx_word' id='word_1_671' title='bbox 3050 2311 3119 2350; x_wconf 89' lang='lat' dir='ltr'><strong>an</strong></span> <span class='ocrx_word' id='word_1_672' title='bbox 3147 2296 3242 2366; x_wconf 91' lang='lat' dir='ltr'><strong>ipsi</strong></span> <span class='ocrx_word' id='word_1_673' title='bbox 3272 2297 3338 2350; x_wconf 92' lang='lat' dir='ltr'><strong>ah</strong></span> <span class='ocrx_word' id='word_1_674' title='bbox 3365 2296 3466 2351; x_wconf 90' lang='lat' dir='ltr'><strong>hoc</strong></span> 
     </span>
    </p>
   </div>
   <div class='ocr_carea' id='block_1_86' title="bbox 1877 2387 3464 2459">
    <p class='ocr_par' dir='ltr' id='par_1_86' title="bbox 1877 2387 3464 2459">
     <span class='ocr_line' id='line_1_87' title="bbox 1877 2387 3464 2459; baseline -0.001 -16"><span class='ocrx_word' id='word_1_675' title='bbox 1877 2389 2264 2459; x_wconf 88' lang='lat' dir='ltr'><strong>peccatoliberi</strong></span> <span class='ocrx_word' id='word_1_676' title='bbox 2283 2389 2481 2454; x_wconf 89' lang='lat' dir='ltr'><strong>simus;</strong></span> <span class='ocrx_word' id='word_1_677' title='bbox 2515 2403 2698 2441; x_wconf 90' lang='lat' dir='ltr'><strong>verum</strong></span> <span class='ocrx_word' id='word_1_678' title='bbox 2725 2397 3005 2458; x_wconf 87' lang='lat' dir='ltr'><strong>antequam</strong></span> <span class='ocrx_word' id='word_1_679' title='bbox 3034 2397 3087 2441; x_wconf 92' lang='lat' dir='ltr'><strong>et</strong></span> <span class='ocrx_word' id='word_1_680' title='bbox 3108 2387 3242 2442; x_wconf 88' lang='lat' dir='ltr'><strong>alios</strong></span> <span class='ocrx_word' id='word_1_681' title='bbox 3271 2387 3464 2442; x_wconf 88' lang='lat' dir='ltr'><strong>liberos</strong></span> 
     </span>
    </p>
   </div>
   <div class='ocr_carea' id='block_1_87' title="bbox 1878 2477 3465 2547">
    <p class='ocr_par' dir='ltr' id='par_1_87' title="bbox 1878 2477 3465 2547">
     <span class='ocr_line' id='line_1_88' title="bbox 1878 2477 3465 2547; baseline -0.002 -13"><span class='ocrx_word' id='word_1_682' title='bbox 1878 2479 2184 2544; x_wconf 90' lang='lat' dir='ltr'><strong>reddamus,</strong></span> <span class='ocrx_word' id='word_1_683' title='bbox 2213 2495 2282 2534; x_wconf 93' lang='lat' dir='ltr'><strong>ne</strong></span> <span class='ocrx_word' id='word_1_684' title='bbox 2302 2479 2638 2534; x_wconf 86' lang='lat' dir='ltr'><strong>absistamus.</strong></span> <span class='ocrx_word' id='word_1_685' title='bbox 2666 2478 2898 2547; x_wconf 88' lang='lat' dir='ltr'><strong>Quisque</strong></span> <span class='ocrx_word' id='word_1_686' title='bbox 2917 2477 3103 2532; x_wconf 87' lang='lat' dir='ltr'><strong>decem</strong></span> <span class='ocrx_word' id='word_1_687' title='bbox 3132 2477 3330 2531; x_wconf 81' lang='lat' dir='ltr'><strong>amicos</strong></span> <span class='ocrx_word' id='word_1_688' title='bbox 3355 2493 3383 2529; x_wconf 91' lang='lat' dir='ltr'><strong>a</strong></span> <span class='ocrx_word' id='word_1_689' title='bbox 3406 2491 3465 2531; x_wconf 89' lang='lat' dir='ltr'><strong>se</strong></span> 
     </span>
    </p>
   </div>
   <div class='ocr_carea' id='block_1_88' title="bbox 1877 2569 3467 2636">
    <p class='ocr_par' dir='ltr' id='par_1_88' title="bbox 1877 2569 3467 2636">
     <span class='ocr_line' id='line_1_89' title="bbox 1877 2569 3467 2636; baseline -0.002 -10"><span class='ocrx_word' id='word_1_690' title='bbox 1877 2581 2148 2627; x_wconf 87' lang='lat' dir='ltr'><strong>correctos</strong></span> <span class='ocrx_word' id='word_1_691' title='bbox 2180 2572 2288 2625; x_wconf 90' lang='lat' dir='ltr'><strong>Deo</strong></span> <span class='ocrx_word' id='word_1_692' title='bbox 2325 2570 2583 2636; x_wconf 90' lang='lat' dir='ltr'><strong>adducat,</strong></span> <span class='ocrx_word' id='word_1_693' title='bbox 2616 2571 2727 2623; x_wconf 88' lang='lat' dir='ltr'><strong>sive</strong></span> <span class='ocrx_word' id='word_1_694' title='bbox 2760 2569 2866 2624; x_wconf 90' lang='lat' dir='ltr'><strong>sint</strong></span> <span class='ocrx_word' id='word_1_695' title='bbox 2890 2569 3069 2623; x_wconf 81' lang='lat' dir='ltr'><strong>famuli</strong></span> <span class='ocrx_word' id='word_1_696' title='bbox 3093 2611 3109 2635; x_wconf 92' lang='lat'><strong>,</strong></span> <span class='ocrx_word' id='word_1_697' title='bbox 3156 2570 3268 2624; x_wconf 86' lang='lat' dir='ltr'><strong>sive</strong></span> <span class='ocrx_word' id='word_1_698' title='bbox 3307 2569 3467 2623; x_wconf 87' lang='lat' dir='ltr'><strong>disci-</strong></span> 
     </span>
    </p>
   </div>
   <div class='ocr_carea' id='block_1_89' title="bbox 1879 2659 3467 2734">
    <p class='ocr_par' dir='ltr' id='par_1_89' title="bbox 1879 2659 3467 2734">
     <span class='ocr_line' id='line_1_90' title="bbox 1879 2659 3467 2734; baseline -0.004 -15"><span class='ocrx_word' id='word_1_699' title='bbox 1879 2664 2020 2734; x_wconf 66' lang='lat' dir='ltr'><strong>Nli;</strong></span> <span class='ocrx_word' id='word_1_700' title='bbox 2057 2663 2197 2734; x_wconf 89' lang='lat' dir='ltr'><strong>quod</strong></span> <span class='ocrx_word' id='word_1_701' title='bbox 2225 2662 2271 2717; x_wconf 91' lang='lat' dir='ltr'><strong>si</strong></span> <span class='ocrx_word' id='word_1_702' title='bbox 2302 2677 2399 2716; x_wconf 92' lang='lat' dir='ltr'><strong>nee</strong></span> <span class='ocrx_word' id='word_1_703' title='bbox 2426 2661 2714 2731; x_wconf 83' lang='lat' dir='ltr'><strong>discipulos</strong></span> <span class='ocrx_word' id='word_1_704' title='bbox 2739 2675 2840 2714; x_wconf 92' lang='lat' dir='ltr'><strong>nec</strong></span> <span class='ocrx_word' id='word_1_705' title='bbox 2883 2659 3106 2714; x_wconf 87' lang='lat' dir='ltr'><strong>famulos</strong></span> <span class='ocrx_word' id='word_1_706' title='bbox 3144 2659 3330 2723; x_wconf 90' lang='lat' dir='ltr'><strong>habes,</strong></span> <span class='ocrx_word' id='word_1_707' title='bbox 3361 2659 3467 2713; x_wconf 87' lang='lat' dir='ltr'><strong>sal-</strong></span> 
     </span>
    </p>
   </div>
   <div class='ocr_carea' id='block_1_90' title="bbox 1878 2749 3466 2820">
    <p class='ocr_par' dir='ltr' id='par_1_90' title="bbox 1878 2749 3466 2820">
     <span class='ocr_line' id='line_1_91' title="bbox 1878 2749 3466 2820; baseline -0.003 -11"><span class='ocrx_word' id='word_1_708' title='bbox 1878 2764 1983 2810; x_wconf 89' lang='lat' dir='ltr'><strong>tem</strong></span> <span class='ocrx_word' id='word_1_709' title='bbox 2011 2761 2211 2809; x_wconf 88' lang='lat' dir='ltr'><strong>amicos</strong></span> <span class='ocrx_word' id='word_1_710' title='bbox 2244 2753 2432 2818; x_wconf 89' lang='lat' dir='ltr'><strong>babes;</strong></span> <span class='ocrx_word' id='word_1_711' title='bbox 2481 2753 2578 2808; x_wconf 91' lang='lat' dir='ltr'><strong>hos</strong></span> <span class='ocrx_word' id='word_1_712' title='bbox 2612 2751 2863 2808; x_wconf 86' lang='lat' dir='ltr'><strong>emenda.</strong></span> <span class='ocrx_word' id='word_1_713' title='bbox 2901 2751 3082 2820; x_wconf 85' lang='lat' dir='ltr'><strong>Neque</strong></span> <span class='ocrx_word' id='word_1_714' title='bbox 3127 2749 3254 2803; x_wconf 89' lang='lat' dir='ltr'><strong>mihi</strong></span> <span class='ocrx_word' id='word_1_715' title='bbox 3283 2750 3429 2805; x_wconf 87' lang='lat' dir='ltr'><strong>dicas</strong></span> <span class='ocrx_word' id='word_1_716' title='bbox 3450 2792 3466 2816; x_wconf 90' lang='lat'><strong>,</strong></span> 
     </span>
    </p>
   </div>
   <div class='ocr_carea' id='block_1_91' title="bbox 1875 2845 3466 2918">
    <p class='ocr_par' dir='ltr' id='par_1_91' title="bbox 1875 2845 3466 2918">
     <span class='ocr_line' id='line_1_92' title="bbox 1875 2845 3466 2918; baseline -0.004 -13"><span class='ocrx_word' id='word_1_717' title='bbox 1875 2849 2128 2905; x_wconf 89' lang='lat' dir='ltr'><strong>Crebram</strong></span> <span class='ocrx_word' id='word_1_718' title='bbox 2160 2848 2306 2903; x_wconf 87' lang='lat' dir='ltr'><strong>illam</strong></span> <span class='ocrx_word' id='word_1_719' title='bbox 2331 2847 2542 2918; x_wconf 88' lang='lat' dir='ltr'><strong>jurandi</strong></span> <span class='ocrx_word' id='word_1_720' title='bbox 2569 2845 2934 2901; x_wconf 89' lang='lat' dir='ltr'><strong>assiduitatem</strong></span> <span class='ocrx_word' id='word_1_721' title='bbox 2965 2846 3278 2914; x_wconf 71' lang='lat' dir='ltr'><strong>abiecimus,</strong></span> <span class='ocrx_word' id='word_1_722' title='bbox 3310 2859 3466 2899; x_wconf 88' lang='lat' dir='ltr'><strong>raro-</strong></span> 
     </span>
    </p>
   </div>
   <div class='ocr_carea' id='block_1_92' title="bbox 1877 2935 3464 3011">
    <p class='ocr_par' dir='ltr' id='par_1_92' title="bbox 1877 2935 3464 3011">
     <span class='ocr_line' id='line_1_93' title="bbox 1877 2935 3464 3011; baseline -0.003 -15"><span class='ocrx_word' id='word_1_723' title='bbox 1877 2957 1978 3011; x_wconf 90' lang='lat' dir='ltr'><strong>que</strong></span> <span class='ocrx_word' id='word_1_724' title='bbox 2003 2941 2268 3006; x_wconf 91' lang='lat' dir='ltr'><strong>labimur;</strong></span> <span class='ocrx_word' id='word_1_725' title='bbox 2297 2955 2480 2994; x_wconf 87' lang='lat' dir='ltr'><strong>verum</strong></span> <span class='ocrx_word' id='word_1_726' title='bbox 2506 2947 2558 2993; x_wconf 81' lang='lat' dir='ltr'><strong>et</strong></span> <span class='ocrx_word' id='word_1_727' title='bbox 2587 2937 2724 2992; x_wconf 91' lang='lat' dir='ltr'><strong>hanc</strong></span> <span class='ocrx_word' id='word_1_728' title='bbox 2745 2952 2954 3008; x_wconf 90' lang='lat' dir='ltr'><strong>quoque</strong></span> <span class='ocrx_word' id='word_1_729' title='bbox 2979 2936 3248 2992; x_wconf 88' lang='lat' dir='ltr'><strong>raritatem</strong></span> <span class='ocrx_word' id='word_1_730' title='bbox 3276 2935 3464 3006; x_wconf 87' lang='lat' dir='ltr'><strong>depel-</strong></span> 
     </span>
    </p>
   </div>
   <div class='ocr_carea' id='block_1_93' title="bbox 1877 3028 3465 3099">
    <p class='ocr_par' dir='ltr' id='par_1_93' title="bbox 1877 3028 3465 3099">
     <span class='ocr_line' id='line_1_94' title="bbox 1877 3028 3465 3099; baseline -0.003 -12"><span class='ocrx_word' id='word_1_731' title='bbox 1877 3033 1975 3087; x_wconf 89' lang='lat' dir='ltr'><strong>las.</strong></span> <span class='ocrx_word' id='word_1_732' title='bbox 2000 3031 2055 3087; x_wconf 92' lang='lat' dir='ltr'><strong>Si</strong></span> <span class='ocrx_word' id='word_1_733' title='bbox 2081 3047 2241 3085; x_wconf 92' lang='lat' dir='ltr'><strong>unum</strong></span> <span class='ocrx_word' id='word_1_734' title='bbox 2264 3045 2480 3085; x_wconf 89' lang='lat' dir='ltr'><strong>aureum</strong></span> <span class='ocrx_word' id='word_1_735' title='bbox 2502 3029 2840 3099; x_wconf 88' lang='lat' dir='ltr'><strong>perdidisses,</strong></span> <span class='ocrx_word' id='word_1_736' title='bbox 2863 3028 2949 3082; x_wconf 89' lang='lat' dir='ltr'><strong>die</strong></span> <span class='ocrx_word' id='word_1_737' title='bbox 2971 3028 3118 3092; x_wconf 90' lang='lat' dir='ltr'><strong>mihi,</strong></span> <span class='ocrx_word' id='word_1_738' title='bbox 3143 3042 3319 3082; x_wconf 91' lang='lat' dir='ltr'><strong>nonne</strong></span> <span class='ocrx_word' id='word_1_739' title='bbox 3343 3044 3465 3082; x_wconf 85' lang='lat' dir='ltr'><strong>om-</strong></span> 
     </span>
    </p>
   </div>
   <div class='ocr_carea' id='block_1_94' title="bbox 1876 3116 3463 3193">
    <p class='ocr_par' dir='ltr' id='par_1_94' title="bbox 1876 3116 3463 3193">
     <span class='ocr_line' id='line_1_95' title="bbox 1876 3116 3463 3193; baseline -0.003 -16"><span class='ocrx_word' id='word_1_740' title='bbox 1876 3137 1970 3178; x_wconf 89' lang='lat' dir='ltr'><strong>nes</strong></span> <span class='ocrx_word' id='word_1_741' title='bbox 1998 3122 2174 3178; x_wconf 89' lang='lat' dir='ltr'><strong>obires</strong></span> <span class='ocrx_word' id='word_1_742' title='bbox 2202 3120 2490 3193; x_wconf 88' lang='lat' dir='ltr'><strong>quaerendo</strong></span> <span class='ocrx_word' id='word_1_743' title='bbox 2513 3128 2568 3175; x_wconf 90' lang='lat' dir='ltr'><strong>et</strong></span> <span class='ocrx_word' id='word_1_744' title='bbox 2591 3119 2901 3190; x_wconf 87' lang='lat' dir='ltr'><strong>vestigando</strong></span> <span class='ocrx_word' id='word_1_745' title='bbox 2925 3159 2940 3183; x_wconf 88' lang='lat'><strong>,</strong></span> <span class='ocrx_word' id='word_1_746' title='bbox 2980 3127 3037 3173; x_wconf 88' lang='lat' dir='ltr'><strong>ut</strong></span> <span class='ocrx_word' id='word_1_747' title='bbox 3067 3117 3368 3175; x_wconf 84' lang='lat' dir='ltr'><strong>invenires?</strong></span> <span class='ocrx_word' id='word_1_748' title='bbox 3407 3116 3463 3173; x_wconf 93' lang='lat' dir='ltr'><strong>ld</strong></span> 
     </span>
    </p>
   </div>
   <div class='ocr_carea' id='block_1_95' title="bbox 1875 3210 3464 3283">
    <p class='ocr_par' dir='ltr' id='par_1_95' title="bbox 1875 3210 3464 3283">
     <span class='ocr_line' id='line_1_96' title="bbox 1875 3210 3464 3283; baseline -0.001 -17"><span class='ocrx_word' id='word_1_749' title='bbox 1875 3228 2084 3283; x_wconf 87' lang='lat' dir='ltr'><strong>quoque</strong></span> <span class='ocrx_word' id='word_1_750' title='bbox 2126 3213 2178 3267; x_wconf 91' lang='lat' dir='ltr'><strong>in</strong></span> <span class='ocrx_word' id='word_1_751' title='bbox 2216 3213 2531 3281; x_wconf 84' lang='lat' dir='ltr'><strong>juramentis</strong></span> <span class='ocrx_word' id='word_1_752' title='bbox 2560 3211 2736 3266; x_wconf 87' lang='lat' dir='ltr'><strong>facito.</strong></span> <span class='ocrx_word' id='word_1_753' title='bbox 2777 3211 2832 3268; x_wconf 89' lang='lat' dir='ltr'><strong>Si</strong></span> <span class='ocrx_word' id='word_1_754' title='bbox 2875 3210 3073 3266; x_wconf 88' lang='lat' dir='ltr'><strong>videris</strong></span> <span class='ocrx_word' id='word_1_755' title='bbox 3102 3221 3152 3266; x_wconf 89' lang='lat' dir='ltr'><strong>te</strong></span> <span class='ocrx_word' id='word_1_756' title='bbox 3192 3211 3464 3280; x_wconf 88' lang='lat' dir='ltr'><strong>inopinato</strong></span> 
     </span>
    </p>
   </div>
   <div class='ocr_carea' id='block_1_96' title="bbox 1873 3301 3462 3374">
    <p class='ocr_par' dir='ltr' id='par_1_96' title="bbox 1873 3301 3462 3374">
     <span class='ocr_line' id='line_1_97' title="bbox 1873 3301 3462 3374; baseline -0.001 -16"><span class='ocrx_word' id='word_1_757' title='bbox 1873 3303 1941 3358; x_wconf 89' lang='lat' dir='ltr'><strong>ad</strong></span> <span class='ocrx_word' id='word_1_758' title='bbox 1967 3319 2126 3358; x_wconf 90' lang='lat' dir='ltr'><strong>unum</strong></span> <span class='ocrx_word' id='word_1_759' title='bbox 2150 3303 2522 3374; x_wconf 83' lang='lat' dir='ltr'><strong>jusjurandum</strong></span> <span class='ocrx_word' id='word_1_760' title='bbox 2549 3303 2775 3374; x_wconf 90' lang='lat' dir='ltr'><strong>lapsum,</strong></span> <span class='ocrx_word' id='word_1_761' title='bbox 2809 3301 3112 3372; x_wconf 38' lang='lat' dir='ltr'><strong>ingemisceg</strong></span> <span class='ocrx_word' id='word_1_762' title='bbox 3147 3303 3286 3371; x_wconf 84' lang='lat' dir='ltr'><strong>iuge,</strong></span> <span class='ocrx_word' id='word_1_763' title='bbox 3311 3302 3462 3370; x_wconf 88' lang='lat' dir='ltr'><strong>quasi</strong></span> 
     </span>
    </p>
   </div>
   <div class='ocr_carea' id='block_1_97' title="bbox 1873 3390 3466 3464">
    <p class='ocr_par' dir='ltr' id='par_1_97' title="bbox 1873 3390 3466 3464">
     <span class='ocr_line' id='line_1_98' title="bbox 1873 3390 3466 3464; baseline -0.002 -17"><span class='ocrx_word' id='word_1_764' title='bbox 1873 3393 1963 3464; x_wconf 85' lang='lat' dir='ltr'><strong>qui</strong></span> <span class='ocrx_word' id='word_1_765' title='bbox 1989 3395 2164 3447; x_wconf 89' lang='lat' dir='ltr'><strong>omnia</strong></span> <span class='ocrx_word' id='word_1_766' title='bbox 2205 3402 2292 3448; x_wconf 91' lang='lat' dir='ltr'><strong>tua</strong></span> <span class='ocrx_word' id='word_1_767' title='bbox 2321 3393 2457 3448; x_wconf 90' lang='lat' dir='ltr'><strong>bona</strong></span> <span class='ocrx_word' id='word_1_768' title='bbox 2485 3393 2802 3462; x_wconf 84' lang='lat' dir='ltr'><strong>perdideris.</strong></span> <span class='ocrx_word' id='word_1_769' title='bbox 2831 3392 3026 3447; x_wconf 90' lang='lat' dir='ltr'><strong>lterum</strong></span> <span class='ocrx_word' id='word_1_770' title='bbox 3055 3392 3172 3445; x_wconf 92' lang='lat' dir='ltr'><strong>dico</strong></span> <span class='ocrx_word' id='word_1_771' title='bbox 3193 3432 3207 3456; x_wconf 93' lang='lat'><strong>,</strong></span> <span class='ocrx_word' id='word_1_772' title='bbox 3234 3390 3376 3460; x_wconf 89' lang='lat' dir='ltr'><strong>quod</strong></span> <span class='ocrx_word' id='word_1_773' title='bbox 3409 3399 3466 3445; x_wconf 90' lang='lat' dir='ltr'><strong>et</strong></span> 
     </span>
    </p>
   </div>
   <div class='ocr_carea' id='block_1_98' title="bbox 1873 3483 3464 3551">
    <p class='ocr_par' dir='ltr' id='par_1_98' title="bbox 1873 3483 3464 3551">
     <span class='ocr_line' id='line_1_99' title="bbox 1873 3483 3464 3551; baseline 0.001 -14"><span class='ocrx_word' id='word_1_774' title='bbox 1873 3492 2028 3539; x_wconf 86' lang='lat' dir='ltr'><strong>antea</strong></span> <span class='ocrx_word' id='word_1_775' title='bbox 2058 3485 2164 3539; x_wconf 90' lang='lat' dir='ltr'><strong>dixi</strong></span> <span class='ocrx_word' id='word_1_776' title='bbox 2195 3502 2208 3538; x_wconf 89' lang='lat'><strong>:</strong></span> <span class='ocrx_word' id='word_1_777' title='bbox 2246 3484 2463 3539; x_wconf 84' lang='lat' dir='ltr'><strong>include</strong></span> <span class='ocrx_word' id='word_1_778' title='bbox 2493 3494 2544 3539; x_wconf 93' lang='lat' dir='ltr'><strong>te</strong></span> <span class='ocrx_word' id='word_1_779' title='bbox 2571 3487 2705 3539; x_wconf 88' lang='lat' dir='ltr'><strong>intra</strong></span> <span class='ocrx_word' id='word_1_780' title='bbox 2737 3494 2849 3540; x_wconf 85' lang='lat' dir='ltr'><strong>tuas</strong></span> <span class='ocrx_word' id='word_1_781' title='bbox 2873 3485 3036 3551; x_wconf 71' lang='lat' dir='ltr'><strong>mdes,</strong></span> <span class='ocrx_word' id='word_1_782' title='bbox 3068 3483 3464 3538; x_wconf 87' lang='lat' dir='ltr'><strong>meditationem</strong></span> 
     </span>
    </p>
   </div>
   <div class='ocr_carea' id='block_1_99' title="bbox 1875 3571 3460 3639">
    <p class='ocr_par' dir='ltr' id='par_1_99' title="bbox 1875 3571 3460 3639">
     <span class='ocr_line' id='line_1_100' title="bbox 1875 3571 3460 3639; baseline 0.001 -14"><span class='ocrx_word' id='word_1_783' title='bbox 1875 3571 2014 3628; x_wconf 88' lang='lat' dir='ltr'><strong>hanc</strong></span> <span class='ocrx_word' id='word_1_784' title='bbox 2039 3581 2095 3628; x_wconf 88' lang='lat' dir='ltr'><strong>et</strong></span> <span class='ocrx_word' id='word_1_785' title='bbox 2120 3575 2431 3629; x_wconf 92' lang='lat' dir='ltr'><strong>exercitium</strong></span> <span class='ocrx_word' id='word_1_786' title='bbox 2458 3575 2705 3629; x_wconf 88' lang='lat' dir='ltr'><strong>instituas</strong></span> <span class='ocrx_word' id='word_1_787' title='bbox 2724 3589 2844 3628; x_wconf 92' lang='lat' dir='ltr'><strong>cum</strong></span> <span class='ocrx_word' id='word_1_788' title='bbox 2873 3590 3058 3637; x_wconf 89' lang='lat' dir='ltr'><strong>uxore,</strong></span> <span class='ocrx_word' id='word_1_789' title='bbox 3088 3589 3210 3627; x_wconf 92' lang='lat' dir='ltr'><strong>eum</strong></span> <span class='ocrx_word' id='word_1_790' title='bbox 3243 3574 3460 3639; x_wconf 54' lang='lat' dir='ltr'><strong>liberisa,</strong></span> 
     </span>
    </p>
   </div>
   <div class='ocr_carea' id='block_1_100' title="bbox 1872 3663 3461 3734">
    <p class='ocr_par' dir='ltr' id='par_1_100' title="bbox 1872 3663 3461 3734">
     <span class='ocr_line' id='line_1_101' title="bbox 1872 3663 3461 3734; baseline 0.001 -16"><span class='ocrx_word' id='word_1_791' title='bbox 1872 3679 1990 3718; x_wconf 93' lang='lat' dir='ltr'><strong>cum</strong></span> <span class='ocrx_word' id='word_1_792' title='bbox 2011 3663 2398 3719; x_wconf 86' lang='lat' dir='ltr'><strong>familiaribus:</strong></span> <span class='ocrx_word' id='word_1_793' title='bbox 2429 3665 2505 3718; x_wconf 90' lang='lat' dir='ltr'><strong>sic</strong></span> <span class='ocrx_word' id='word_1_794' title='bbox 2534 3675 2705 3720; x_wconf 89' lang='lat' dir='ltr'><strong>tecum</strong></span> <span class='ocrx_word' id='word_1_795' title='bbox 2738 3664 2883 3734; x_wconf 89' lang='lat' dir='ltr'><strong>prius</strong></span> <span class='ocrx_word' id='word_1_796' title='bbox 2912 3663 3148 3732; x_wconf 89' lang='lat' dir='ltr'><strong>loquere,</strong></span> <span class='ocrx_word' id='word_1_797' title='bbox 3174 3663 3288 3717; x_wconf 85' lang='lat' dir='ltr'><strong>Non</strong></span> <span class='ocrx_word' id='word_1_798' title='bbox 3316 3665 3461 3733; x_wconf 90' lang='lat' dir='ltr'><strong>prius</strong></span> 
     </span>
    </p>
   </div>
   <div class='ocr_carea' id='block_1_101' title="bbox 1871 3755 3464 3827">
    <p class='ocr_par' dir='ltr' id='par_1_101' title="bbox 1871 3755 3464 3827">
     <span class='ocr_line' id='line_1_102' title="bbox 1871 3755 3464 3827; baseline 0.001 -19"><span class='ocrx_word' id='word_1_799' title='bbox 1871 3765 1960 3809; x_wconf 90' lang='lat' dir='ltr'><strong>aut</strong></span> <span class='ocrx_word' id='word_1_800' title='bbox 1985 3756 2209 3826; x_wconf 87' lang='lat' dir='ltr'><strong>privata,</strong></span> <span class='ocrx_word' id='word_1_801' title='bbox 2231 3766 2320 3810; x_wconf 90' lang='lat' dir='ltr'><strong>aut</strong></span> <span class='ocrx_word' id='word_1_802' title='bbox 2338 3756 2548 3827; x_wconf 81' lang='lat' dir='ltr'><strong>publica</strong></span> <span class='ocrx_word' id='word_1_803' title='bbox 2564 3757 2839 3826; x_wconf 86' lang='lat' dir='ltr'><strong>attingam,</strong></span> <span class='ocrx_word' id='word_1_804' title='bbox 2860 3771 3017 3826; x_wconf 92' lang='lat' dir='ltr'><strong>quam</strong></span> <span class='ocrx_word' id='word_1_805' title='bbox 3039 3755 3265 3809; x_wconf 86' lang='lat' dir='ltr'><strong>animam</strong></span> <span class='ocrx_word' id='word_1_806' title='bbox 3288 3771 3464 3810; x_wconf 90' lang='lat' dir='ltr'><strong>meam</strong></span> 
     </span>
    </p>
   </div>
   <div class='ocr_carea' id='block_1_102' title="bbox 1873 3846 3463 3919">
    <p class='ocr_par' dir='ltr' id='par_1_102' title="bbox 1873 3846 3463 3919">
     <span class='ocr_line' id='line_1_103' title="bbox 1873 3846 3463 3919; baseline -0.001 -17"><span class='ocrx_word' id='word_1_807' title='bbox 1873 3849 2219 3919; x_wconf 81' lang='lat' dir='ltr'><strong>castigavere.</strong></span> <span class='ocrx_word' id='word_1_808' title='bbox 2249 3848 2304 3902; x_wconf 92' lang='lat' dir='ltr'><strong>Si</strong></span> <span class='ocrx_word' id='word_1_809' title='bbox 2335 3863 2430 3903; x_wconf 89' lang='lat' dir='ltr'><strong>vos</strong></span> <span class='ocrx_word' id='word_1_810' title='bbox 2452 3848 2517 3902; x_wconf 88' lang='lat' dir='ltr'><strong>ad</strong></span> <span class='ocrx_word' id='word_1_811' title='bbox 2545 3863 2666 3902; x_wconf 93' lang='lat' dir='ltr'><strong>eum</strong></span> <span class='ocrx_word' id='word_1_812' title='bbox 2693 3847 2910 3902; x_wconf 89' lang='lat' dir='ltr'><strong>modum</strong></span> <span class='ocrx_word' id='word_1_813' title='bbox 2940 3846 3075 3901; x_wconf 85' lang='lat' dir='ltr'><strong>filios</strong></span> <span class='ocrx_word' id='word_1_814' title='bbox 3104 3855 3310 3901; x_wconf 85' lang='lat' dir='ltr'><strong>vestros</strong></span> <span class='ocrx_word' id='word_1_815' title='bbox 3337 3862 3463 3902; x_wconf 86' lang='lat' dir='ltr'><strong>eru-</strong></span> 
     </span>
    </p>
   </div>
   <div class='ocr_carea' id='block_1_103' title="bbox 1872 3939 3462 4012">
    <p class='ocr_par' dir='ltr' id='par_1_103' title="bbox 1872 3939 3462 4012">
     <span class='ocr_line' id='line_1_104' title="bbox 1872 3939 3462 4012; baseline -0.001 -18"><span class='ocrx_word' id='word_1_816' title='bbox 1872 3939 2096 4008; x_wconf 90' lang='lat' dir='ltr'><strong>dieritis,</strong></span> <span class='ocrx_word' id='word_1_817' title='bbox 2126 3940 2332 4012; x_wconf 85' lang='lat' dir='ltr'><strong>ipsique</strong></span> <span class='ocrx_word' id='word_1_818' title='bbox 2353 3956 2537 3995; x_wconf 87' lang='lat' dir='ltr'><strong>rursus</strong></span> <span class='ocrx_word' id='word_1_819' title='bbox 2566 3955 2713 4003; x_wconf 87' lang='lat' dir='ltr'><strong>suos,</strong></span> <span class='ocrx_word' id='word_1_820' title='bbox 2755 3949 2914 4010; x_wconf 88' lang='lat' dir='ltr'><strong>atque</strong></span> <span class='ocrx_word' id='word_1_821' title='bbox 2941 3940 3010 3993; x_wconf 90' lang='lat' dir='ltr'><strong>ita</strong></span> <span class='ocrx_word' id='word_1_822' title='bbox 3039 3954 3205 4009; x_wconf 89' lang='lat' dir='ltr'><strong>usque</strong></span> <span class='ocrx_word' id='word_1_823' title='bbox 3238 3939 3304 3993; x_wconf 91' lang='lat' dir='ltr'><strong>ad</strong></span> <span class='ocrx_word' id='word_1_824' title='bbox 3332 3954 3462 3994; x_wconf 82' lang='lat' dir='ltr'><strong>coa-</strong></span> 
     </span>
    </p>
   </div>
   <div class='ocr_carea' id='block_1_104' title="bbox 1871 4029 3463 4099">
    <p class='ocr_par' dir='ltr' id='par_1_104' title="bbox 1871 4029 3463 4099">
     <span class='ocr_line' id='line_1_105' title="bbox 1871 4029 3463 4099; baseline 0 -15"><span class='ocrx_word' id='word_1_825' title='bbox 1871 4031 2278 4085; x_wconf 88' lang='lat' dir='ltr'><strong>summationem</strong></span> <span class='ocrx_word' id='word_1_826' title='bbox 2307 4039 2361 4087; x_wconf 89' lang='lat' dir='ltr'><strong>et</strong></span> <span class='ocrx_word' id='word_1_827' title='bbox 2388 4031 2672 4086; x_wconf 87' lang='lat' dir='ltr'><strong>adventum</strong></span> <span class='ocrx_word' id='word_1_828' title='bbox 2695 4029 2893 4086; x_wconf 89' lang='lat' dir='ltr'><strong>Christi</strong></span> <span class='ocrx_word' id='word_1_829' title='bbox 2915 4029 3188 4099; x_wconf 90' lang='lat' dir='ltr'><strong>disciplina</strong></span> <span class='ocrx_word' id='word_1_830' title='bbox 3213 4029 3309 4084; x_wconf 91' lang='lat' dir='ltr'><strong>ista</strong></span> <span class='ocrx_word' id='word_1_831' title='bbox 3337 4045 3463 4098; x_wconf 82' lang='lat' dir='ltr'><strong>pro-</strong></span> 
     </span>
    </p>
   </div>
   <div class='ocr_carea' id='block_1_105' title="bbox 1872 4119 3461 4194">
    <p class='ocr_par' dir='ltr' id='par_1_105' title="bbox 1872 4119 3461 4194">
     <span class='ocr_line' id='line_1_106' title="bbox 1872 4119 3461 4194; baseline -0.003 -18"><span class='ocrx_word' id='word_1_832' title='bbox 1872 4134 2114 4194; x_wconf 86' lang='lat' dir='ltr'><strong>pagetur,</strong></span> <span class='ocrx_word' id='word_1_833' title='bbox 2168 4123 2270 4176; x_wconf 89' lang='lat' dir='ltr'><strong>illis</strong></span> <span class='ocrx_word' id='word_1_834' title='bbox 2319 4123 2407 4192; x_wconf 90' lang='lat' dir='ltr'><strong>qui</strong></span> <span class='ocrx_word' id='word_1_835' title='bbox 2437 4123 2636 4193; x_wconf 90' lang='lat' dir='ltr'><strong>primas</strong></span> <span class='ocrx_word' id='word_1_836' title='bbox 2685 4121 2892 4176; x_wconf 88' lang='lat' dir='ltr'><strong>radices</strong></span> <span class='ocrx_word' id='word_1_837' title='bbox 2941 4119 3187 4184; x_wconf 80' lang='lat' dir='ltr'><strong>ﬁxerunt,</strong></span> <span class='ocrx_word' id='word_1_838' title='bbox 3234 4119 3461 4174; x_wconf 90' lang='lat' dir='ltr'><strong>solidum</strong></span> 
     </span>
    </p>
   </div>
   <div class='ocr_carea' id='block_1_106' title="bbox 1873 4211 3460 4283">
    <p class='ocr_par' dir='ltr' id='par_1_106' title="bbox 1873 4211 3460 4283">
     <span class='ocr_line' id='line_1_107' title="bbox 1873 4211 3460 4283; baseline -0.003 -14"><span class='ocrx_word' id='word_1_839' title='bbox 1873 4214 2147 4283; x_wconf 71' lang='lat' dir='ltr'><strong>prmmium</strong></span> <span class='ocrx_word' id='word_1_840' title='bbox 2195 4213 2417 4270; x_wconf 87' lang='lat' dir='ltr'><strong>adferet.</strong></span> <span class='ocrx_word' id='word_1_841' title='bbox 2472 4212 2528 4269; x_wconf 91' lang='lat' dir='ltr'><strong>Si</strong></span> <span class='ocrx_word' id='word_1_842' title='bbox 2571 4211 2811 4282; x_wconf 82' lang='lat' dir='ltr'><strong>proferre</strong></span> <span class='ocrx_word' id='word_1_843' title='bbox 2859 4211 3101 4265; x_wconf 90' lang='lat' dir='ltr'><strong>didicerit</strong></span> <span class='ocrx_word' id='word_1_844' title='bbox 3151 4211 3288 4264; x_wconf 84' lang='lat' dir='ltr'><strong>filius</strong></span> <span class='ocrx_word' id='word_1_845' title='bbox 3317 4218 3460 4276; x_wconf 89' lang='lat' dir='ltr'><strong>tuus,</strong></span> 
     </span>
    </p>
   </div>
   <div class='ocr_carea' id='block_1_107' title="bbox 1872 4300 3464 4375">
    <p class='ocr_par' dir='ltr' id='par_1_107' title="bbox 1872 4300 3464 4375">
     <span class='ocr_line' id='line_1_108' title="bbox 1872 4300 3464 4375; baseline -0.003 -15"><span class='ocrx_word' id='word_1_846' title='bbox 1872 4304 2050 4373; x_wconf 85' lang='lat' dir='ltr'><strong>Crede,</strong></span> <span class='ocrx_word' id='word_1_847' title='bbox 2081 4321 2185 4359; x_wconf 90' lang='lat' dir='ltr'><strong>non</strong></span> <span class='ocrx_word' id='word_1_848' title='bbox 2216 4305 2411 4375; x_wconf 90' lang='lat' dir='ltr'><strong>poterit</strong></span> <span class='ocrx_word' id='word_1_849' title='bbox 2434 4304 2484 4358; x_wconf 92' lang='lat' dir='ltr'><strong>in</strong></span> <span class='ocrx_word' id='word_1_850' title='bbox 2514 4304 2787 4358; x_wconf 89' lang='lat' dir='ltr'><strong>theatrum</strong></span> <span class='ocrx_word' id='word_1_851' title='bbox 2811 4300 3123 4364; x_wconf 90' lang='lat' dir='ltr'><strong>ascendere,</strong></span> <span class='ocrx_word' id='word_1_852' title='bbox 3153 4309 3246 4354; x_wconf 85' lang='lat' dir='ltr'><strong>aut</strong></span> <span class='ocrx_word' id='word_1_853' title='bbox 3274 4316 3464 4371; x_wconf 82' lang='lat' dir='ltr'><strong>caupo-</strong></span> 
     </span>
    </p>
   </div>
   <div class='ocr_carea' id='block_1_108' title="bbox 1874 4391 3464 4460">
    <p class='ocr_par' dir='ltr' id='par_1_108' title="bbox 1874 4391 3464 4460">
     <span class='ocr_line' id='line_1_109' title="bbox 1874 4391 3464 4460; baseline -0.002 -10"><span class='ocrx_word' id='word_1_854' title='bbox 1874 4411 1996 4451; x_wconf 88' lang='lat' dir='ltr'><strong>nam</strong></span> <span class='ocrx_word' id='word_1_855' title='bbox 2027 4396 2240 4460; x_wconf 90' lang='lat' dir='ltr'><strong>subire,</strong></span> <span class='ocrx_word' id='word_1_856' title='bbox 2278 4404 2368 4450; x_wconf 90' lang='lat' dir='ltr'><strong>aut</strong></span> <span class='ocrx_word' id='word_1_857' title='bbox 2409 4395 2540 4450; x_wconf 78' lang='lat' dir='ltr'><strong>alea:</strong></span> <span class='ocrx_word' id='word_1_858' title='bbox 2576 4393 2869 4449; x_wconf 89' lang='lat' dir='ltr'><strong>immorari.</strong></span> <span class='ocrx_word' id='word_1_859' title='bbox 2898 4391 3131 4447; x_wconf 75' lang='lat' dir='ltr'><strong>Verbum</strong></span> <span class='ocrx_word' id='word_1_860' title='bbox 3163 4392 3304 4446; x_wconf 92' lang='lat' dir='ltr'><strong>enim</strong></span> <span class='ocrx_word' id='word_1_861' title='bbox 3337 4392 3464 4447; x_wconf 83' lang='lat' dir='ltr'><strong>illud</strong></span> 
     </span>
    </p>
   </div>
   <div class='ocr_carea' id='block_1_109' title="bbox 1873 4483 3464 4557">
    <p class='ocr_par' dir='ltr' id='par_1_109' title="bbox 1873 4483 3464 4557">
     <span class='ocr_line' id='line_1_110' title="bbox 1873 4483 3464 4557; baseline -0.004 -16"><span class='ocrx_word' id='word_1_862' title='bbox 1873 4487 1988 4557; x_wconf 91' lang='lat' dir='ltr'><strong>ejus</strong></span> <span class='ocrx_word' id='word_1_863' title='bbox 2011 4488 2087 4541; x_wconf 89' lang='lat' dir='ltr'><strong>ori</strong></span> <span class='ocrx_word' id='word_1_864' title='bbox 2117 4501 2212 4556; x_wconf 91' lang='lat' dir='ltr'><strong>pro</strong></span> <span class='ocrx_word' id='word_1_865' title='bbox 2237 4485 2389 4540; x_wconf 91' lang='lat' dir='ltr'><strong>freno</strong></span> <span class='ocrx_word' id='word_1_866' title='bbox 2423 4485 2754 4550; x_wconf 92' lang='lat' dir='ltr'><strong>incumbens,</strong></span> <span class='ocrx_word' id='word_1_867' title='bbox 2787 4483 3006 4538; x_wconf 85' lang='lat' dir='ltr'><strong>invitum</strong></span> <span class='ocrx_word' id='word_1_868' title='bbox 3037 4497 3247 4553; x_wconf 90' lang='lat' dir='ltr'><strong>quoque</strong></span> <span class='ocrx_word' id='word_1_869' title='bbox 3272 4483 3336 4536; x_wconf 91' lang='lat' dir='ltr'><strong>ad</strong></span> <span class='ocrx_word' id='word_1_870' title='bbox 3366 4499 3464 4553; x_wconf 88' lang='lat' dir='ltr'><strong>pu-</strong></span> 
     </span>
    </p>
   </div>
   <div class='ocr_carea' id='block_1_110' title="bbox 1873 4571 3461 4645">
    <p class='ocr_par' dir='ltr' id='par_1_110' title="bbox 1873 4571 3461 4645">
     <span class='ocr_line' id='line_1_111' title="bbox 1873 4571 3461 4645; baseline -0.002 -15"><span class='ocrx_word' id='word_1_871' title='bbox 1873 4575 2056 4630; x_wconf 89' lang='lat' dir='ltr'><strong>dorem</strong></span> <span class='ocrx_word' id='word_1_872' title='bbox 2087 4585 2140 4631; x_wconf 90' lang='lat' dir='ltr'><strong>et</strong></span> <span class='ocrx_word' id='word_1_873' title='bbox 2165 4575 2534 4630; x_wconf 88' lang='lat' dir='ltr'><strong>verecundiam</strong></span> <span class='ocrx_word' id='word_1_874' title='bbox 2571 4575 2832 4645; x_wconf 91' lang='lat' dir='ltr'><strong>perpellet</strong></span> <span class='ocrx_word' id='word_1_875' title='bbox 2864 4591 2878 4629; x_wconf 90' lang='lat'><strong>:</strong></span> <span class='ocrx_word' id='word_1_876' title='bbox 2910 4573 3052 4645; x_wconf 90' lang='lat' dir='ltr'><strong>quod</strong></span> <span class='ocrx_word' id='word_1_877' title='bbox 3081 4573 3127 4627; x_wconf 91' lang='lat' dir='ltr'><strong>si</strong></span> <span class='ocrx_word' id='word_1_878' title='bbox 3174 4571 3461 4643; x_wconf 88' lang='lat' dir='ltr'><strong>aliquando</strong></span> 
     </span>
    </p>
   </div>
   <div class='ocr_carea' id='block_1_111' title="bbox 1873 4653 3463 4738">
    <p class='ocr_par' dir='ltr' id='par_1_111' title="bbox 1873 4653 3463 4738">
     <span class='ocr_line' id='line_1_112' title="bbox 1873 4653 3463 4738; baseline -0.005 -17"><span class='ocrx_word' id='word_1_879' title='bbox 1873 4667 1945 4721; x_wconf 89' lang='lat' dir='ltr'><strong>ibi</strong></span> <span class='ocrx_word' id='word_1_880' title='bbox 1971 4653 2347 4738; x_wconf 49' lang='lat' dir='ltr'><strong>&#39;conspiciatur</strong></span> <span class='ocrx_word' id='word_1_881' title='bbox 2368 4709 2382 4734; x_wconf 94' lang='lat'><strong>,</strong></span> <span class='ocrx_word' id='word_1_882' title='bbox 2411 4666 2614 4721; x_wconf 89' lang='lat' dir='ltr'><strong>resiliet</strong></span> <span class='ocrx_word' id='word_1_883' title='bbox 2657 4665 2781 4721; x_wconf 91' lang='lat' dir='ltr'><strong>inde</strong></span> <span class='ocrx_word' id='word_1_884' title='bbox 2815 4665 3207 4736; x_wconf 89' lang='lat' dir='ltr'><strong>quamprimum</strong></span> <span class='ocrx_word' id='word_1_885' title='bbox 3242 4659 3463 4733; x_wconf 88' lang='lat' dir='ltr'><strong>poterit.</strong></span> 
     </span>
    </p>
   </div>
   <div class='ocr_carea' id='block_1_112' title="bbox 1873 4751 3461 4826">
    <p class='ocr_par' dir='ltr' id='par_1_112' title="bbox 1873 4751 3461 4826">
     <span class='ocr_line' id='line_1_113' title="bbox 1873 4751 3461 4826; baseline -0.006 -12"><span class='ocrx_word' id='word_1_886' title='bbox 1873 4759 1977 4815; x_wconf 89' lang='lat' dir='ltr'><strong>Sed</strong></span> <span class='ocrx_word' id='word_1_887' title='bbox 2001 4760 2088 4814; x_wconf 92' lang='lat' dir='ltr'><strong>alii</strong></span> <span class='ocrx_word' id='word_1_888' title='bbox 2117 4768 2168 4813; x_wconf 89' lang='lat' dir='ltr'><strong>te</strong></span> <span class='ocrx_word' id='word_1_889' title='bbox 2193 4759 2416 4813; x_wconf 88' lang='lat' dir='ltr'><strong>irrident</strong></span> <span class='ocrx_word' id='word_1_890' title='bbox 2449 4777 2462 4812; x_wconf 90' lang='lat'><strong>:</strong></span> <span class='ocrx_word' id='word_1_891' title='bbox 2495 4769 2547 4812; x_wconf 90' lang='lat' dir='ltr'><strong>tu</strong></span> <span class='ocrx_word' id='word_1_892' title='bbox 2573 4758 2805 4813; x_wconf 90' lang='lat' dir='ltr'><strong>vicissim</strong></span> <span class='ocrx_word' id='word_1_893' title='bbox 2831 4757 2950 4812; x_wconf 89' lang='lat' dir='ltr'><strong>illos</strong></span> <span class='ocrx_word' id='word_1_894' title='bbox 2968 4756 3209 4826; x_wconf 89' lang='lat' dir='ltr'><strong>deplora.</strong></span> <span class='ocrx_word' id='word_1_895' title='bbox 3237 4751 3383 4807; x_wconf 80' lang='lat' dir='ltr'><strong>Multi</strong></span> <span class='ocrx_word' id='word_1_896' title='bbox 3406 4757 3461 4805; x_wconf 86' lang='lat' dir='ltr'><strong>et</strong></span> 
     </span>
    </p>
   </div>
   <div class='ocr_carea' id='block_1_113' title="bbox 1871 4845 3463 4911">
    <p class='ocr_par' dir='ltr' id='par_1_113' title="bbox 1871 4845 3463 4911">
     <span class='ocr_line' id='line_1_114' title="bbox 1871 4845 3463 4911; baseline -0.005 -6"><span class='ocrx_word' id='word_1_897' title='bbox 1871 4850 1983 4905; x_wconf 87' lang='lat' dir='ltr'><strong>Noe</strong></span> <span class='ocrx_word' id='word_1_898' title='bbox 2009 4849 2237 4904; x_wconf 89' lang='lat' dir='ltr'><strong>ludibrio</strong></span> <span class='ocrx_word' id='word_1_899' title='bbox 2266 4849 2583 4911; x_wconf 86' lang='lat' dir='ltr'><strong>habuerunt,</strong></span> <span class='ocrx_word' id='word_1_900' title='bbox 2625 4864 2743 4904; x_wconf 90' lang='lat' dir='ltr'><strong>eum</strong></span> <span class='ocrx_word' id='word_1_901' title='bbox 2772 4864 2948 4904; x_wconf 91' lang='lat' dir='ltr'><strong>arcam</strong></span> <span class='ocrx_word' id='word_1_902' title='bbox 2979 4845 3270 4910; x_wconf 89' lang='lat' dir='ltr'><strong>conderet;</strong></span> <span class='ocrx_word' id='word_1_903' title='bbox 3299 4847 3463 4897; x_wconf 67' lang='lat' dir='ltr'><strong>uete-</strong></span> 
     </span>
    </p>
   </div>
   <div class='ocr_carea' id='block_1_114' title="bbox 1873 4931 3447 5009">
    <p class='ocr_par' dir='ltr' id='par_1_114' title="bbox 1873 4931 3447 5009">
     <span class='ocr_line' id='line_1_115' title="bbox 1873 4931 3447 5009; baseline -0.008 -13"><span class='ocrx_word' id='word_1_904' title='bbox 1873 4958 1990 4996; x_wconf 89' lang='lat' dir='ltr'><strong>rum</strong></span> <span class='ocrx_word' id='word_1_905' title='bbox 2021 4956 2140 4995; x_wconf 92' lang='lat' dir='ltr'><strong>cum</strong></span> <span class='ocrx_word' id='word_1_906' title='bbox 2170 4940 2311 4995; x_wconf 88' lang='lat' dir='ltr'><strong>venit</strong></span> <span class='ocrx_word' id='word_1_907' title='bbox 2349 4940 2602 4994; x_wconf 90' lang='lat' dir='ltr'><strong>diluvium</strong></span> <span class='ocrx_word' id='word_1_908' title='bbox 2623 4981 2640 5006; x_wconf 91' lang='lat'><strong>,</strong></span> <span class='ocrx_word' id='word_1_909' title='bbox 2673 4939 2786 5009; x_wconf 89' lang='lat' dir='ltr'><strong>ipse</strong></span> <span class='ocrx_word' id='word_1_910' title='bbox 2824 4953 2918 4994; x_wconf 88' lang='lat' dir='ltr'><strong>eos</strong></span> <span class='ocrx_word' id='word_1_911' title='bbox 2957 4935 3188 4991; x_wconf 86' lang='lat' dir='ltr'><strong>vicissim</strong></span> <span class='ocrx_word' id='word_1_912' title='bbox 3235 4931 3400 4986; x_wconf 85' lang='lat' dir='ltr'><strong>irrisit</strong></span> <span class='ocrx_word' id='word_1_913' title='bbox 3432 4947 3447 4985; x_wconf 91' lang='lat'><strong>:</strong></span> 
     </span>
    </p>
   </div>
   <div class='ocr_carea' id='block_1_115' title="bbox 1873 5021 3463 5102">
    <p class='ocr_par' dir='ltr' id='par_1_115' title="bbox 1873 5021 3463 5102">
     <span class='ocr_line' id='line_1_116' title="bbox 1873 5021 3463 5102; baseline -0.006 -19"><span class='ocrx_word' id='word_1_914' title='bbox 1873 5033 1957 5085; x_wconf 91' lang='lat' dir='ltr'><strong>vel</strong></span> <span class='ocrx_word' id='word_1_915' title='bbox 1986 5032 2158 5101; x_wconf 83' lang='lat' dir='ltr'><strong>potius</strong></span> <span class='ocrx_word' id='word_1_916' title='bbox 2185 5047 2278 5086; x_wconf 92' lang='lat' dir='ltr'><strong>eos</strong></span> <span class='ocrx_word' id='word_1_917' title='bbox 2309 5046 2596 5102; x_wconf 90' lang='lat' dir='ltr'><strong>numquam</strong></span> <span class='ocrx_word' id='word_1_918' title='bbox 2632 5030 2794 5084; x_wconf 89' lang='lat' dir='ltr'><strong>irrisit</strong></span> <span class='ocrx_word' id='word_1_919' title='bbox 2821 5028 2902 5081; x_wconf 84' lang='lat' dir='ltr'><strong>vir</strong></span> <span class='ocrx_word' id='word_1_920' title='bbox 2925 5027 3131 5097; x_wconf 88' lang='lat' dir='ltr'><strong>justus,</strong></span> <span class='ocrx_word' id='word_1_921' title='bbox 3162 5021 3254 5077; x_wconf 84' lang='lat' dir='ltr'><strong>sed</strong></span> <span class='ocrx_word' id='word_1_922' title='bbox 3286 5022 3463 5092; x_wconf 84' lang='lat' dir='ltr'><strong>lacry-</strong></span> 
     </span>
    </p>
   </div>
   <div class='ocr_carea' id='block_1_116' title="bbox 1877 5114 3464 5195">
    <p class='ocr_par' dir='ltr' id='par_1_116' title="bbox 1877 5114 3464 5195">
     <span class='ocr_line' id='line_1_117' title="bbox 1877 5114 3464 5195; baseline -0.006 -17"><span class='ocrx_word' id='word_1_923' title='bbox 1877 5125 1978 5179; x_wconf 88' lang='lat' dir='ltr'><strong>mis</strong></span> <span class='ocrx_word' id='word_1_924' title='bbox 2011 5133 2065 5179; x_wconf 91' lang='lat' dir='ltr'><strong>et</strong></span> <span class='ocrx_word' id='word_1_925' title='bbox 2097 5125 2379 5195; x_wconf 82' lang='lat' dir='ltr'><strong>gemitibus</strong></span> <span class='ocrx_word' id='word_1_926' title='bbox 2419 5132 2774 5194; x_wconf 87' lang='lat' dir='ltr'><strong>proscquutus</strong></span> <span class='ocrx_word' id='word_1_927' title='bbox 2799 5130 2897 5175; x_wconf 86' lang='lat' dir='ltr'><strong>est.</strong></span> <span class='ocrx_word' id='word_1_928' title='bbox 2932 5119 3062 5174; x_wconf 88' lang='lat' dir='ltr'><strong>Cum</strong></span> <span class='ocrx_word' id='word_1_929' title='bbox 3095 5116 3252 5186; x_wconf 84' lang='lat' dir='ltr'><strong>igitur</strong></span> <span class='ocrx_word' id='word_1_930' title='bbox 3271 5130 3364 5170; x_wconf 91' lang='lat' dir='ltr'><strong>eos</strong></span> <span class='ocrx_word' id='word_1_931' title='bbox 3390 5114 3464 5169; x_wconf 83' lang='lat' dir='ltr'><strong>ri-</strong></span> 
     </span>
    </p>
   </div>
   <div class='ocr_carea' id='block_1_117' title="bbox 1874 5205 3464 5286">
    <p class='ocr_par' dir='ltr' id='par_1_117' title="bbox 1874 5205 3464 5286">
     <span class='ocr_line' id='line_1_118' title="bbox 1874 5205 3464 5286; baseline -0.008 -14"><span class='ocrx_word' id='word_1_932' title='bbox 1874 5218 2062 5272; x_wconf 88' lang='lat' dir='ltr'><strong>dentes</strong></span> <span class='ocrx_word' id='word_1_933' title='bbox 2095 5216 2322 5281; x_wconf 88' lang='lat' dir='ltr'><strong>vidcris,</strong></span> <span class='ocrx_word' id='word_1_934' title='bbox 2355 5216 2558 5286; x_wconf 85' lang='lat' dir='ltr'><strong>cogita,</strong></span> <span class='ocrx_word' id='word_1_935' title='bbox 2599 5213 2740 5284; x_wconf 89' lang='lat' dir='ltr'><strong>quod</strong></span> <span class='ocrx_word' id='word_1_936' title='bbox 2780 5212 2867 5282; x_wconf 92' lang='lat' dir='ltr'><strong>qui</strong></span> <span class='ocrx_word' id='word_1_937' title='bbox 2910 5224 3050 5264; x_wconf 92' lang='lat' dir='ltr'><strong>nunc</strong></span> <span class='ocrx_word' id='word_1_938' title='bbox 3079 5205 3464 5262; x_wconf 84' lang='lat' dir='ltr'><strong>cachinnantur</strong></span> 
     </span>
    </p>
   </div>
   <div class='ocr_carea' id='block_1_118' title="bbox 1877 5299 3456 5378">
    <p class='ocr_par' dir='ltr' id='par_1_118' title="bbox 1877 5299 3456 5378">
     <span class='ocr_line' id='line_1_119' title="bbox 1877 5299 3456 5378; baseline -0.01 -13"><span class='ocrx_word' id='word_1_939' title='bbox 1877 5311 2078 5374; x_wconf 43' lang='lat' dir='ltr'><strong>dentes,</strong></span> <span class='ocrx_word' id='word_1_940' title='bbox 2105 5319 2230 5363; x_wconf 89' lang='lat' dir='ltr'><strong>tunc</strong></span> <span class='ocrx_word' id='word_1_941' title='bbox 2258 5310 2517 5378; x_wconf 89' lang='lat' dir='ltr'><strong>ploratum</strong></span> <span class='ocrx_word' id='word_1_942' title='bbox 2546 5315 2599 5361; x_wconf 92' lang='lat' dir='ltr'><strong>et</strong></span> <span class='ocrx_word' id='word_1_943' title='bbox 2629 5303 2911 5358; x_wconf 84' lang='lat' dir='ltr'><strong>stridorem</strong></span> <span class='ocrx_word' id='word_1_944' title='bbox 2943 5299 3313 5371; x_wconf 83' lang='lat' dir='ltr'><strong>gravissimum</strong></span> <span class='ocrx_word' id='word_1_945' title='bbox 3337 5311 3456 5351; x_wconf 85' lang='lat' dir='ltr'><strong>sus-</strong></span> 
     </span>
    </p>
   </div>
   <div class='ocr_carea' id='block_1_119' title="bbox 1872 5388 3459 5467">
    <p class='ocr_par' dir='ltr' id='par_1_119' title="bbox 1872 5388 3459 5467">
     <span class='ocr_line' id='line_1_120' title="bbox 1872 5388 3459 5467; baseline -0.011 -9"><span class='ocrx_word' id='word_1_946' title='bbox 1872 5403 2145 5467; x_wconf 88' lang='lat' dir='ltr'><strong>tinebunt,</strong></span> <span class='ocrx_word' id='word_1_947' title='bbox 2177 5411 2229 5456; x_wconf 89' lang='lat' dir='ltr'><strong>et</strong></span> <span class='ocrx_word' id='word_1_948' title='bbox 2258 5399 2609 5454; x_wconf 89' lang='lat' dir='ltr'><strong>lamentantes</strong></span> <span class='ocrx_word' id='word_1_949' title='bbox 2635 5395 2688 5448; x_wconf 90' lang='lat' dir='ltr'><strong>in</strong></span> <span class='ocrx_word' id='word_1_950' title='bbox 2717 5393 2805 5448; x_wconf 88' lang='lat' dir='ltr'><strong>illo</strong></span> <span class='ocrx_word' id='word_1_951' title='bbox 2831 5393 2916 5447; x_wconf 89' lang='lat' dir='ltr'><strong>die</strong></span> <span class='ocrx_word' id='word_1_952' title='bbox 2941 5407 3005 5448; x_wconf 83' lang='lat' dir='ltr'><strong>ac</strong></span> <span class='ocrx_word' id='word_1_953' title='bbox 3032 5389 3309 5446; x_wconf 87' lang='lat' dir='ltr'><strong>collisione</strong></span> <span class='ocrx_word' id='word_1_954' title='bbox 3333 5388 3459 5442; x_wconf 80' lang='lat' dir='ltr'><strong>stri-</strong></span> 
     </span>
    </p>
   </div>
   <div class='ocr_carea' id='block_1_120' title="bbox 1871 5481 3460 5561">
    <p class='ocr_par' dir='ltr' id='par_1_120' title="bbox 1871 5481 3460 5561">
     <span class='ocr_line' id='line_1_121' title="bbox 1871 5481 3460 5561; baseline -0.011 -10"><span class='ocrx_word' id='word_1_955' title='bbox 1871 5495 2082 5561; x_wconf 91' lang='lat' dir='ltr'><strong>dentes,</strong></span> <span class='ocrx_word' id='word_1_956' title='bbox 2110 5494 2250 5549; x_wconf 91' lang='lat' dir='ltr'><strong>risus</strong></span> <span class='ocrx_word' id='word_1_957' title='bbox 2293 5489 2744 5553; x_wconf 86' lang='lat' dir='ltr'><strong>recordabuntur;</strong></span> <span class='ocrx_word' id='word_1_958' title='bbox 2785 5494 2912 5540; x_wconf 92' lang='lat' dir='ltr'><strong>tunc</strong></span> <span class='ocrx_word' id='word_1_959' title='bbox 2953 5491 3007 5538; x_wconf 91' lang='lat' dir='ltr'><strong>et</strong></span> <span class='ocrx_word' id='word_1_960' title='bbox 3041 5491 3099 5538; x_wconf 92' lang='lat' dir='ltr'><strong>tu</strong></span> <span class='ocrx_word' id='word_1_961' title='bbox 3128 5483 3268 5537; x_wconf 90' lang='lat' dir='ltr'><strong>risus</strong></span> <span class='ocrx_word' id='word_1_962' title='bbox 3308 5481 3460 5536; x_wconf 85' lang='lat' dir='ltr'><strong>istius</strong></span> 
     </span>
    </p>
   </div>
   <div class='ocr_carea' id='block_1_121' title="bbox 1872 5571 3462 5650">
    <p class='ocr_par' dir='ltr' id='par_1_121' title="bbox 1872 5571 3462 5650">
     <span class='ocr_line' id='line_1_122' title="bbox 1872 5571 3462 5650; baseline -0.011 -8"><span class='ocrx_word' id='word_1_963' title='bbox 1872 5585 2259 5642; x_wconf 79' lang='lat' dir='ltr'><strong>recordaberis.</strong></span> <span class='ocrx_word' id='word_1_964' title='bbox 2299 5581 2637 5650; x_wconf 86' lang='lat' dir='ltr'><strong>Quantopere</strong></span> <span class='ocrx_word' id='word_1_965' title='bbox 2667 5576 2834 5633; x_wconf 89' lang='lat' dir='ltr'><strong>irrisit</strong></span> <span class='ocrx_word' id='word_1_966' title='bbox 2859 5575 3117 5632; x_wconf 85' lang='lat' dir='ltr'><strong>Lazarum</strong></span> <span class='ocrx_word' id='word_1_967' title='bbox 3157 5573 3246 5628; x_wconf 91' lang='lat' dir='ltr'><strong>ille</strong></span> <span class='ocrx_word' id='word_1_968' title='bbox 3275 5571 3462 5626; x_wconf 86' lang='lat' dir='ltr'><strong>dives?</strong></span> 
     </span>
    </p>
   </div>
   <div class='ocr_carea' id='block_1_122' title="bbox 1871 5662 3463 5751">
    <p class='ocr_par' dir='ltr' id='par_1_122' title="bbox 1871 5662 3463 5751">
     <span class='ocr_line' id='line_1_123' title="bbox 1871 5662 3463 5751; baseline -0.016 -13"><span class='ocrx_word' id='word_1_969' title='bbox 1871 5681 1962 5738; x_wconf 88' lang='lat' dir='ltr'><strong>sed</strong></span> <span class='ocrx_word' id='word_1_970' title='bbox 1993 5675 2330 5751; x_wconf 80' lang='lat' dir='ltr'><strong>postmodum</strong></span> <span class='ocrx_word' id='word_1_971' title='bbox 2375 5690 2441 5732; x_wconf 90' lang='lat' dir='ltr'><strong>eo</strong></span> <span class='ocrx_word' id='word_1_972' title='bbox 2479 5675 2530 5729; x_wconf 90' lang='lat' dir='ltr'><strong>in</strong></span> <span class='ocrx_word' id='word_1_973' title='bbox 2558 5673 2677 5729; x_wconf 91' lang='lat' dir='ltr'><strong>sinu</strong></span> <span class='ocrx_word' id='word_1_974' title='bbox 2705 5668 2935 5727; x_wconf 76' lang='lat' dir='ltr'><strong>Abraha:</strong></span> <span class='ocrx_word' id='word_1_975' title='bbox 2977 5673 3300 5740; x_wconf 85' lang='lat' dir='ltr'><strong>conspecto,</strong></span> <span class='ocrx_word' id='word_1_976' title='bbox 3351 5662 3463 5732; x_wconf 81' lang='lat' dir='ltr'><strong>ipse</strong></span> 
     </span>
    </p>
   </div>
  </div>
