4020 6216
146 473 310 529 αὐτὸν
333 474 391 527 ἐν
419 474 533 538 τοῖς
561 471 783 538 κόλποις
803 456 903 528 ’τοῦ
936 456 1207 545 Ἂϐραάμ,
1237 474 1427 528 ἑαυτὸν
1454 474 1670 546 ἐθρήνει
1706 474 1816 528 λοι⁴

156 565 281 621 πάν.

213 648 280 704 θ’.
315 647 501 701 Ταῦτα
530 643 623 702 οῦν
661 647 880 703 ἅπαντα
910 647 1107 702 ἐννοῶν
1132 647 1360 702 συνώθει
1382 648 1588 712 πάντας
1608 648 1817 718 ταχέως

141 736 224 799 είς
255 734 357 805 τὴν
381 735 485 805 τῆς
514 734 733 805 ἐντολῆς
761 735 1129 807 ἐκπλήρωσιν.
1164 737 1276 789 Καὶ
1305 736 1378 807 μή
1413 753 1503 806 μοι
1541 735 1690 804 λέγε,
1733 736 1816 788 ὅτι

144 822 301 876 Κατά
341 822 556 894 μικρὸν,
604 822 741 894 μηδὲ
787 823 868 886 είς
899 823 1000 894 τὴν
1032 820 1223 896 αῦριον
1269 822 1601 877 ἀναϐάλλου·
1646 822 1815 895 ήγάρ

142 908 333 981 αὔριον
369 910 626 964 οὐδέποτε
659 908 924 980 λαμϐάνει
955 910 1131 973 τέλος.
1176 909 1597 981 Τεσσαράκοντα
1628 909 1817 963 λοιπὸν

141 996 351 1067 ἡμέραι
389 996 695 1068 παρῆλθον·
752 996 821 1051 ἂν
867 996 1047 1051 τοίνυν
1100 996 1162 1050 τὸ
1208 997 1402 1068 Πάσχα
1452 998 1702 1071 παρέλθῃ
1757 999 1819 1052 τὸ

145 1084 326 1155 ἱερὸν,
394 1085 571 1139 οὐδενὶ
623 1083 1013 1155 συγγνώσομαι
1064 1085 1272 1149 λοιπὸν,
1321 1085 1442 1139 οὐδὲ
1492 1085 1817 1156 παραίνεσιν

141 1171 421 1243 προσάξω,
444 1172 561 1225 ἀλλ’
586 1172 859 1244 ἐπιταγὴν
892 1173 988 1226 καὶ
1008 1173 1316 1244 ἀποτομίαν
1340 1174 1813 1244 ἀκαταφρόνητον·

137 1260 261 1313 ούδέ
294 1259 407 1332 γάρ
443 1261 640 1332 ίσχυρά
669 1261 809 1332 αῦτη
831 1263 865 1333 ή
887 1261 1157 1332 ἀπολογία
1185 1264 1219 1335 ἡ
1252 1262 1341 1317 διά
1370 1262 1473 1333 τῆς
1500 1263 1815 1335 συνηθείας.

140 1346 237 1400 Διά
266 1348 322 1400 τί
347 1350 375 1401 ό
412 1347 662 1402 κλέπτων
693 1350 752 1402 οὐ
789 1349 1157 1421 προβάλλεται
1181 1350 1492 1422 συνήθειαν,
1520 1353 1618 1404 καὶ
1644 1351 1820 1404 ἀπαλ-

139 1434 395 1488 λάττεται
437 1435 748 1503 κολάσεως;
792 1437 882 1490 διὰ
931 1436 986 1490 τί
1029 1439 1058 1491 6
1092 1436 1333 1506 φονεύων
1378 1438 1473 1492 καὶ
1509 1437 1815 1509 μοιχεύων;

141 1512 284 1577 {Idm
324 1523 507 1578 τοίνυν
543 1524 794 1599 προλέγω
830 1525 928 1579 καὶ
958 1524 1428 1597 διαμαρτύρομαι,
1465 1526 1545 1579 ὅτι
1580 1525 1647 1579 ἂν
1690 1542 1821 1595 συγ-

1141 358 1229 414 AD
1266 356 1600 416 POPULUM
1638 356 2145 414 ANTIOCIIENUM
2210 356 2446 413 HOMIL.
2489 358 2631 411 ΧΧΙ.

3494 368 3600 428 912

1922 472 2218 543 γενόμενος
2235 473 2365 543 ύμῖν
2390 473 2510 525 κατ’
2531 472 2667 525 ἰδίαν
2694 472 2787 526 καὶ
2809 471 2989 526 λαϐὼν
3006 474 3313 550 ἀπόπειραν
3339 481 3603 555 (λήψομαι

1921 560 1979 613 δὲ
2008 559 2268 630 πάντως),
2306 559 2454 632 εῦρω
2469 560 2624 624 τινάς
2649 559 2726 631 μὴ
2761 559 3163 631 διορθώσαντας
3194 566 3256 619 τὸ
3285 567 3600 644 ἐλάττωμα,

1923 647 2213 718 ἀπαιτήσω
2253 646 2433 718 δίκην,
2469 646 2735 711 κελεύσας
2766 646 2873 714 ἔξω
2908 649 3093 718 μένειν
3125 652 3234 706 τῶν
3282 659 3601 728 μυστηρίων

1922 733 2031 786 τῶν
2056 736 2238 806 ἱερῶν,
2257 736 2354 806 οὐχ
2388 736 2476 789 ἵνα
2513 736 2749 805 μένωσιν
2773 735 2897 801 ἔξω,
2927 737 3064 791 ἀλλά
3093 739 3179 792 ἵνα
3205 741 3598 813 διορθώσαντες

1924 824 2151 886 ἑαυτοὺς
2183 820 2356 888 οὕτως
2390 824 2696 889 εἰσέλθωσι,
2734 826 2828 880 καὶ
2864 826 3003 896 μετά
3036 828 3278 899 καθαροῦ
3302 835 3601 899 συνειδότος

1924 909 2278 963 ἀπολαύσωσι
2299 914 2399 983 τῆς
2432 913 2584 983 ἱερᾶς
2616 913 2931 984 τραπέζης’
2966 914 3129 969 τοῦτο
3150 917 3259 988 γάρ
3281 920 3397 973 ἐστι
3429 938 3600 991 μετα⁴

1928 1000 2078 1067 σχεῖν
2127 1000 2440 1062 κοινωνίας.
2473 1000 2694 1053 Γένοιτο
2741 1001 2799 1054 δὲ
2824 1002 3014 1072 εὐχαῖς
3051 1003 3162 1057 τῶν
3192 1006 3472 1078 προέδρων
3508 1011 3602 1063 καὶ

1927 1085 2035 1137 τῶν
2068 1085 2237 1153 ἁγίων
2288 1086 2504 1139 πάντων
2530 1086 2821 1141 καὶταῦτα
2856 1090 2950 1141 καὶ
2975 1089 3043 1142 τά
3087 1090 3223 1145 ἄλλα
3249 1094 3428 1147 πάντα
3457 1094 3604 1168 διορ-

1926 1170 2203 1236 θώσαντας
2218 1172 2594 1244 ἐλαττώματα,
2608 1179 2790 1245 τυχεῖν
2806 1176 2905 1245 τῆς
2920 1176 3201 1247 βασιλείας
3215 1180 3323 1232 τῶν
3335 1181 3601 1252 οὐρανῶν,

1925 1260 2108 1329 χάριτι
2162 1261 2255 1314 καὶ
2304 1261 2685 1335 φιλανθρωπίᾳ
2712 1263 2804 1316 τοῦ
2836 1265 3042 1337 Κυρίου
3071 1266 3228 1337 ἡμῶν
3260 1268 3437 1340 Ἰησοῦ
3461 1272 3601 1342 Χρι-

1926 1346 2076 1407 στοῦ,
2117 1348 2234 1417 μεθ’
2261 1344 2320 1402 οὗ
2343 1349 2421 1419 τῷ
2458 1350 2636 1421 Πατρὶ
2672 1351 2771 1404 σὺν
2802 1350 2879 1422 τῷ
2935 1352 3074 1422 ἁγίῳ
3121 1354 3401 1424 Πνεύματι
3449 1357 3599 1425 δόξα,

1924 1434 2059 1507 τιμὴ
2091 1438 2185 1489 καὶ
2214 1438 2608 1509 προσκύνησις,
2636 1439 2731 1495 νῦν
2752 1440 2845 1493 καὶ
2871 1441 2980 1508 ἀεὶ,
3010 1443 3106 1495 καὶ
3140 1444 3220 1506 εἰς
3253 1443 3381 1508 τοὺς
3398 1444 3602 1511 αἰῶνας

1925 1523 2035 1577 τῶν
2071 1524 2304 1578 αἰώνων.
2347 1527 2539 1598 Ἀμήν.

144 1754 244 1821 Εἰς
267 1767 295 1796 ι
337 1754 452 1826 τὴν
477 1755 782 1811 ἐπάνοδον
810 1754 915 1809 τοῦ
940 1755 1283 1810 ἐπισκόπου
1315 1753 1677 1821 Φλαϐιιινοῦ,
1721 1753 1821 1808 καὶ
1897 1757 1986 1821 είς
2015 1757 2131 1824 τὴν
2160 1757 2267 1811 τοῦ
2324 1757 2636 1824 ,ϐασιλέως
2653 1758 2998 1830 διαλλαγὴν
3022 1760 3176 1829 πρὸς
3227 1761 3346 1830 τὴν
3384 1766 3565 1819 πόλιν
3584 1782 3600 1798 ο

705 1848 805 1902 καὶ
840 1847 994 1916 πρὸς
1020 1847 1164 1914 τοὺς
1190 1848 1751 1917 πλημμελήσαντας
1788 1848 1877 1912 εἰς
1914 1845 2030 1915 τὴν
2057 1847 2177 1901 τῶν
2206 1849 2578 1918 ἀνδριάντων
2603 1851 3047 1921 καταστροφήν.

792 2032 1027 2102 Ὀμιλία
1056 2028 1167 2087 xa'.

205 2128 281 2177 α’.
325 2120 461 2175 Ἀπὸ
490 2120 590 2193 τῆς
616 2120 847 2193 ρήσεως,
872 2120 965 2188 ἀφ’
994 2114 1062 2193 ἧς
1086 2120 1174 2173 ἀεὶ
1192 2118 1346 2191 παρά
1375 2119 1466 2173 τὸν
1495 2120 1684 2192 καιρὸν
1715 2119 1824 2174 τῶν

149 2210 410 2265 κινδύνων
435 2208 570 2280 πρὸς
590 2208 689 2279 τὴν
719 2207 993 2279 ὑμετέραν
1037 2206 1250 2261 εἰώθειν
1276 2207 1498 2278 ἀγάπην
1531 2208 1825 2279 προοιμιάο

148 2298 358 2361 ζεσθαι,
388 2297 497 2351 ἀπὸ
522 2296 624 2367 τῆς
649 2295 821 2365 αὐτῆς
852 2295 1058 2366 ταύτης
1083 2295 1179 2350 καὶ
1207 2296 1445 2367 σήμερον
1471 2294 1709 2368 ἄρξομαι
1728 2295 1824 2350 τοῦ

151 2386 277 2457 πρὸς
323 2385 471 2456 ὑμᾶς
519 2383 704 2452 λόγου,
744 2383 841 2438 καὶ
886 2382 999 2456 ἐρῶ
1046 2381 1168 2454 μεθ’
1214 2381 1400 2453 ὑμῶν’
1449 2383 1757 2454 Εὐλογητὸς
1797 2384 1827 2437 6

148 2473 293 2539 Θεὸς,
322 2474 356 2526 6
380 2471 479 2544 τὴν
512 2473 663 2545 ίεράν
692 2473 895 2542 ταύτην
925 2472 1121 2543 ἑορτὴν
1144 2470 1285 2542 μετὰ
1309 2471 1485 2541 χαρᾶς
1513 2471 1609 2525 καὶ
1628 2472 1828 2543 εὐφρο-

148 2562 310 2634 σύνης
347 2560 551 2633 πολλῆς
580 2558 929 2626 καταξιώσας
961 2561 1110 2632 ἡμᾶς
1140 2558 1289 2632 [214]
1322 2558 1631 2613 ἐπιτελέσαι
1654 2560 1827 2631 σήμε-

153 2646 255 2721 ρον,
298 2647 399 2704 καὶ
432 2648 531 2720 τὴν
573 2646 819 2720 κεφαλὴν
865 2647 1101 2712 ἀποδοὺς
1151 2646 1230 2719 τῷ
1283 2645 1533 2719 σώματι,
1588 2645 1684 2701 καὶ
1734 2646 1828 2701 τὸν

152 2737 388 2808 ποιμένα
419 2740 535 2801 τοῖς
556 2735 878 2809 προϐάτοις,
913 2736 1011 2790 καὶ
1035 2735 1128 2789 τὸν
1150 2735 1473 2789 διδάσκαλον
1490 2737 1603 2798 τοῖς
1625 2733 1826 2806 ’μαθη-

150 2827 280 2890 ταῖς,
300 2824 396 2878 τὸν
424 2822 730 2896 στρατηγὸν
756 2826 869 2887 τοῖς
895 2820 1279 2895 στρατιώταις,
1301 2823 1394 2877 τὸν
1423 2821 1687 2894 ἀρχιερέα
1714 2825 1829 2886 τοῖς

152 2911 387 2982 ἱερεῦσιν
410 2928 426 2943 ·
461 2911 754 2983 εὐλογητὸς
777 2911 806 2963 6
842 2910 977 2974 Θεὸς
1002 2912 1031 2964 6
1054 2912 1225 2964 ποιῶν
1248 2909 1727 2982 ὑπερεκπερισσοῦ
1751 2905 1828 2963 ὧν

151 2996 496 3069 αἰτούμεθαῆ
519 2998 771 3070 νοοῦμεν.
800 2999 967 3068 Ἡμῖν
994 2996 1093 3070 μὲν
1123 2997 1233 3068 γὰρ
1259 2996 1464 3068 ἀρκοῦν
1487 2992 1629 3052 εἶναι
1651 2995 1828 3051 ἐδόκει

150 3086 205 3140 τὸ
222 3086 337 3141 τῶν
369 3086 734 3157 ἐπικειμένων
765 3085 905 3149 τέως
936 3084 1320 3155 ἀπαλλαγῆναι
1338 3082 1546 3148 κακῶν,
1564 3082 1661 3137 καὶ
1689 3083 1829 3156 ὐπέρ

152 3173 340 3229 τούτου
379 3175 564 3228 πᾶσαν
595 3172 931 3244 ἐποιούμεθα
956 3171 1056 3243 τὴν
1080 3172 1111 3212 1³
1143 3170 1424 3244 ἱκετηρίαν
1444 3188 1459 3201 ·
1489 3172 1518 3224 6
1554 3171 1612 3225 δὲ
1641 3170 1831 3241 φιλάν-

154 3261 371 3333 θρωπος
394 3261 552 3327 Θεὸς,
571 3263 666 3315 καὶ
688 3263 756 3333 τῇ
786 3261 933 3314 δόσει
968 3259 1068 3323 τάς
1090 3260 1334 3330 αἰτήσεις
1360 3259 1518 3331 ἡμῶν
1548 3261 1635 3313 ἀεὶ
1661 3260 1828 3314 νικῶν

157 3349 286 3419 μετά
311 3348 519 3420 πολλῆς
536 3349 635 3419 τῆς
656 3346 987 3419 ὑπερϐολῆς,
1008 3345 1214 3400 καὶτὸν
1239 3346 1451 3416 πατέρα
1478 3346 1609 3416 ἡμῖν
1639 3346 1831 3399 θᾶττον

156 3435 365 3499 ἐλπίδος
387 3433 608 3505 ἀπάσης
634 3435 907 3489 ἀπέδωκε.
927 3434 1025 3498 Τίς
1065 3435 1174 3505 γὰρ
1197 3432 1263 3486 ἃν
1290 3432 1718 3505 προσεδόκησεν,
1749 3433 1831 3486 ὅτι

155 3524 206 3576 ἐν
248 3522 431 3587 οὕτως
475 3523 685 3592 ὀλίγαις
731 3523 973 3593 ἡμέραις
1007 3522 1100 3576 καὶ
1147 3520 1533 3584 ἀπελεύσεται,
1568 3521 1664 3574 καλ⁸
1712 3520 1832 3573 δια-

156 3609 364 3675 λέξεται
411 3610 492 3682 τῷ
545 3609 779 3680 βασιλεῖ,
829 3610 926 3663 καὶ
974 3608 1127 3663 λύσει
1166 3609 1235 3664 τά
1280 3608 1452 3669 δεινὰ,
1504 3607 1602 3660 καὶ
1669 3608 1832 3662 πάλιν

158 3699 415 3768 ἐπανήξει
449 3697 589 3771 πρὸς
622 3700 769 3769 ἡμᾶς
794 3697 940 3750 οὕτω
965 3697 1207 3768 ταχέως,
1232 3697 1310 3761 ώς
1338 3697 1431 3750 καὶ
1453 3696 1515 3749 τὸ
1552 3696 1743 3766 Πάσχα
1772 3695 1833 3749 τὸ

156 3784 290 3856 ἱερὸν
318 3784 625 3859 δυνηθῆναι
646 3785 851 3855 φθάσαι
868 3785 966 3839 καὶ
995 3785 1113 3856 μεθ’
1134 3786 1291 3855 ἡμῶν
1312 3784 1657 3851 ἐπιτελέσαι;
1692 3784 1832 3838 Ἀλλ’

158 3872 280 3939 (MD,
302 3872 504 3942 γέγονε
534 3872 596 3925 τὸ
620 3872 1028 3944 ἀπροσδόκητον
1056 3871 1234 3936 τοῦτο,
1267 3871 1469 3925 καὶτὸν
1499 3872 1712 3944 πατέρα
1727 3873 1833 3926 άπ-

157 3958 484 4030 ειλήφαμεν,
513 3959 610 4012 καὶ
629 3959 852 4029 μείζονα
875 3957 1089 4030 καρπού
1099 3958 1240 4029 μεθα
1255 3959 1354 4029 τὴν
1369 3957 1584 4028 ἡδονὴν,
1607 3957 1684 4029 τῷ
1701 3976 1776 4011 πα
1785 3959 1832 4029 ρ’

158 4045 344 4100 ἐλπίδα
369 4046 539 4099 αὐτὸν
570 4045 865 4100 ἀπολαϐεῖν
888 4045 1006 4101 νῦν.
1042 4045 1210 4117 ’Υπὲρ
1246 4046 1311 4116 δὴ
1342 4044 1551 4098 τούτων
1580 4046 1835 4100 ἀπάντων

158 4133 574 4206 εὐχαριστῶμεν
614 4132 693 4205 τῷ
735 4133 1104 4207 φιλανθρώπῳ
1139 4133 1291 4204 Θεῷ,
1332 4133 1425 4187 καὶ
1465 4132 1835 4204 θαυμάζωμεν

160 4222 319 4276 αὐτοῦ
377 4221 478 4292 τὴν
519 4221 752 4293 δύναμιν
805 4222 902 4275 καὶ
961 4220 1061 4292 τὴν
1109 4220 1542 4292 φιλανθρωπίαν,
1599 4222 1694 4274 καὶ
1736 4220 1841 4292 τὴν

161 4309 353 4378 σοφίαν
385 4308 478 4363 καὶ
508 4308 609 4380 τὴν
659 4307 987 4380 κηδεμονίαν
1014 4308 1115 4379 τὴν
1147 4308 1285 4379 ὑπὲρ
1309 4306 1411 4377 τῆς
1443 4307 1651 4371 πόλεως
1675 4325 1836 4377 γεγε-

161 4396 421 4466 νημένην.
470 4396 532 4450 '0
558 4396 656 4468 μὲν
695 4396 804 4468 γὰρ
831 4394 1097 4459 διάϐολος,
1120 4392 1420 4448 καταδῦσαι
1448 4396 1629 4449 πᾶσαν
1667 4395 1836 4467 αὐτὴν

159 4482 489 4555 ἐπεχείρησε
529 4483 623 4539 διά
655 4483 764 4537 τῶν
804 4482 1210 4554 τολμηθέντων·
1246 4483 1274 4535 6
1327 4481 1383 4535 δὲ
1426 4481 1559 4546 Θεὸς
1605 4484 1698 4537 καὶ
1739 4483 1835 4555 τὴν

161 4558 310 4624 πόλιν
339 4572 437 4625 καὶ
452 4571 546 4625 τὸν
567 4570 716 4643 ἱερέα
738 4571 831 4625 καὶ
859 4570 952 4623 τὸν
971 4569 1196 4641 βασιλέα
1210 4568 1299 4623 διὰ
1320 4568 1526 4640 ταύτης
1555 4570 1834 4641 ἐκόσμησε

158 4656 254 4728 τῆς
288 4659 605 4731 συμφορᾶς,
638 4660 732 4713 καὶ
752 4657 1170 4731 λαμπροτέρους
1209 4657 1418 4722 πάντας
1442 4656 1743 4729 ἀπέφηνεν.
1771 4658 1837 4712 Ἠ

161 4746 307 4811 πόλις
366 4747 468 4818 μὲν
520 4745 629 4818 γάρ
682 4745 1086 4818 ηὐδοκίμησεν,
1145 4745 1228 4798 ὅτι
1290 4743 1536 4798 κινδύνου
1592 4747 1836 4799 τοιούτου

160 4835 581 4899 καταλαϐόντος,
646 4833 1082 4907 παραδραμοῦσα
1130 4832 1341 4897 πάντας
1389 4833 1518 4898 τοὺς
1560 4835 1618 4889 ἐν
1674 4833 1839 4888 δυνα-

162 4921 386 4986 στείαις,
445 4921 573 4985 τούς
632 4920 860 4974 πλοῦτον
920 4920 1088 4974 πολὺν
1134 4919 1657 4991 περιϐεϐλημένους,
1710 4922 1838 4986 τοὺς

163 5005 408 5076 μεγάλην
440 5006 595 5079 παρά
624 5006 837 5077 βασιλεῖ
882 5006 1110 5077 δύναμιν
1161 5005 1405 5076 ἔχοντας,
1452 5005 1547 5059 ἐπὶ
1579 5005 1675 5078 τὴν
1715 5007 1840 5061 Ἐκ-

161 5092 392 5163 κλησίαν
424 5093 520 5147 καὶ
567 5094 660 5148 τὸν
696 5093 847 5166 ἱερέα
877 5092 972 5147 τοῦ
1020 5093 1161 5147 θεοῦ
1204 5092 1501 5163 κατέφυγε,
1543 5095 1641 5148 καὶ
1697 5092 1840 5166 μετά

163 5179 370 5250 πολλῆς
398 5181 499 5251 τῆς
537 5180 774 5244 πίστεως
816 5180 920 5251 τῆς
968 5180 1178 5235 ἀνωθεν
1226 5180 1426 5252 ἑαυτὴν
1465 5180 1841 5254 ἐξεκρέμασεν

164 5264 401 5330 ἐλπίδος.
431 5265 651 5321 Πολλῶν
685 5266 816 5335 γοῦν
854 5267 995 5339 μετά
1049 5267 1147 5340 τὴν
1190 5267 1502 5339 ἀποδημίαν
1528 5267 1623 5321 τοῦ
1656 5267 1839 5321 κοινοῦ

167 5353 407 5425 πατέρος
434 5355 563 5419 τούς
585 5355 649 5409 τὸ
684 5355 1063 5427 δεσμωτήριον
1096 5354 1382 5419 οἰκοῦντας
1421 5354 1799 5427 θορυϐούντων
1823 5401 1837 5425 ,

166 5438 258 5494 καὶ
287 5439 586 5510 λεγόντων,
608 5441 684 5506 ὡς
703 5443 776 5497 Οὐ
807 5441 1108 5514 καθυφίησι
1129 5453 1152 5483 ι
1183 5443 1283 5514 τῆς
1304 5441 1476 5515 ὀργῆς
1505 5445 1533 5496 6
1565 5441 1841 5513 βασιλεὺς»

224 5590 253 5620 ⁸
274 5589 432 5655 εζνὶι.
456 5599 510 5642 ει
533 5593 730 5655 quidam
754 5593 840 5642 alii
865 5593 936 5642 sic
972 5594 1169 5642 liluium
1189 5592 1375 5642 habent
1397 5613 1409 5641 :
1434 5593 1515 5649 Εἰς
1540 5593 1625 5650 τήν
1647 5594 1844 5642 διαλλκσ·

166 5658 247 5729 τῂν
626 5656 749 5729 πρὸς
767 5657 854 5714 τήν
882 5656 1039 5712 πόλιν,
1062 5657 1143 5729 καὶ
1173 5657 1238 5729 εἰς
1272 5655 1382 5729 τοὺς
1411 5656 1844 5729 πλημμελήσαντας

166 5716 231 5783 gi;
252 5715 339 5787 τὴν
362 5716 457 5762 τῶν
480 5715 767 5793 ἀνδριάντων
786 5718 1138 5793 καταστροφὴν,
1157 5719 1239 5765 καὶ
1281 5719 1345 5790 εἰς
1384 5719 1471 5775 τὴν
1495 5715 1722 5793 ἐπάνοδον
1755 5715 1844 5793 τοῦ

168 5775 454 5841 ἐπισκόπου.
497 5775 652 5841 Path
681 5786 793 5841 post
822 5781 932 5829 init.
955 5775 1107 5829 Sav'il.
1135 5787 1189 5828 el
1209 5781 1406 5839 quidam
1437 5792 1535 5827 mss
1558 5780 1655 5841 359..
1679 5780 1839 5830 εἴωθα.

226 5836 433 5904 βδαῖη.
446 5836 806 5904 ειμιιιιωειῐὶισιίἱ
824 5842 1128 5904 ἐπικειμένων
1148 5836 1372 5889 κινὸἇνων
1392 5836 1623 5903 ἐκφυγεῖν,
1642 5841 1758 5904 ὑπὲρ
1778 5842 1845 5889 ὢν

171 5901 328 5962 πᾶσα-ί
354 5897 636 5962 ἐποιούμεθα
655 5903 757 5960 τήν.

230 5960 254 5990 ⁸
296 5959 742 6015 δατὶιλῐαυίιιειηι
767 5978 865 6015 mss
908 5966 960 6016 οὐ
991 5964 1433 6030 καθυςίησιθίοιοι
1488 5963 1573 6013 οὐκ
1600 5962 1781 6027 ἀφίησι.

1927 2023 2064 2082 ἀλλά
2110 2017 2476 2092 παροξύνεται
2537 2019 2839 2089 μειζόνως,
2893 2019 2987 2073 καὶ
3052 2023 3182 2094 περὶ
3239 2028 3608 2096 κατασκαφῆς

1925 2111 2220 2182 ὁλοκλήρου
2257 2108 2357 2177 τῆς
2405 2105 2615 2169 πόλεως
2662 2105 2978 2176 βουλεύεται
2998 2102 3033 2172 ,’
3063 2109 3158 2162 καὶ
3212 2110 3377 2181 ἕτερα
3424 2111 3608 2182 πολλῷ

1928 2198 2151 2254 πλείονα
2193 2193 2401 2249 τούτων
2450 2191 2845 2265 θρυλλούντων,
2883 2195 2933 2247 οί
2969 2194 3243 2265 δεδεμένοι
3285 2198 3409 2251 τότε
3452 2198 3607 2252 οὐδὲν

1927 2288 2168 2358 ἐγίνοντο
2217 2285 2283 2338 ἐκ
2327 2282 2428 2352 τῆς
2463 2280 2653 2351 φήμης
2699 2280 2905 2351 ταύτης
2937 2281 3252 2353 δειλότεροι,
3290 2283 3406 2337 ἀλλ’
3443 2284 3609 2355 ἡμῶν

1934 2375 2226 2444 λεγόντων,
2279 2370 2356 2432 ὼς
2403 2367 2588 2439 Ψευδῆ
2639 2366 2813 2420 ταῦτα
2858 2368 2959 2421 καὶ
2996 2368 3244 2422 διαϐόλου
3275 2371 3610 2441 μαγγανείας

1927 2461 2075 2516 ἐστὶν
2101 2458 2259 2530 ἔργα,
2290 2453 2615 2526 βουλομένου
2634 2453 2960 2507 καταϐαλεῖν
2983 2454 3137 2525 ὑμῶν
3156 2455 3225 2508 τά
3257 2458 3606 2528 φρονήματα,

1929 2546 2091 2601 Οὐδὲν
2133 2541 2369 2613 δεόμεθα
2415 2543 2517 2612 τῆς
2569 2539 2659 2593 διὰ
2708 2540 2932 2608 λόγωνά
2992 2540 3423 2613 παρακλήσεως,
3471 2545 3610 2615 πρὸς

1928 2634 2078 2706 ἡμᾶς
2124 2631 2342 2700 ἔλεγον
2398 2630 2557 2699 ἴσμεν
2601 2628 2713 2699 γάρ
2761 2620 2823 2681 οὐ
2861 2628 2959 2701 τὴν
2993 2630 3171 2701 ἀρχὴν
3199 2630 3607 2701 κατεφύγομεν,

1928 2722 2026 2776 καὶ
2051 2719 2212 2783 ποίας
2244 2717 2459 2780 ἐλπίδος
2503 2717 2733 2779 ἑαυτοὺς
2787 2713 3272 2787 ἐξεκρεμάσαμεν·
3309 2716 3409 2787 τῆς
3457 2718 3611 2789 ἱερᾶς

1929 2808 2180 2880 ἀγκύρας
2200 2805 2302 2877 τὴν
2320 2803 2594 2876 σωτηρίαν
2617 2802 2774 2873 ἡμῶν
2798 2802 2891 2875 ἑξη
2902 2804 3204 2875 ρτήσαμεψ
3222 2804 3323 2858 οὐκ
3338 2804 3611 2876 ἀνθρώπῳ

1928 2896 2131 2967 ταύτην
2181 2892 2681 2961 ἐνεπιστεύσαμεν,
2731 2890 2864 2945 ἀλλά
2907 2890 2990 2961 τῷ
3032 2892 3430 2964 παντοδυνάμῳ
3470 2894 3608 2965 θεῷ.

1930 2984 2021 3038 Διὸ
2064 2983 2130 3055 δὴ
2173 2981 2268 3036 καὶ
2306 2979 2619 3053 θαρροῦμεν
2652 2980 2891 3051 χρηστὸν
2927 2978 3148 3034 ἔσεσθαι
3187 2980 3250 3035 τὸ
3281 2982 3436 3047 τέλος
3477 2985 3613 3039 πάν-

1929 3084 2039 3135 τως
2059 3088 2074 3104 ·
2127 3070 2188 3124 οὐ
2228 3069 2339 3141 γὰρ
2382 3067 2558 3133 ἐστιν,
2604 3066 2708 3120 οὐκ
2740 3066 2857 3120 ἐστι
2881 3066 2981 3138 τὴν
3013 3067 3206 3123 ἐλπίδα
3240 3067 3446 3140 ταύτην
3476 3088 3613 3125 κατ-

1929 3158 2283 3231 αισχυνθῆναί
2320 3173 2473 3212 ποτε.
2529 3154 2703 3211 Τοῦτο
2748 3156 2871 3210 ἀντὶ⁵
2905 3157 3088 3210 πόσων
3136 3158 3450 3229 στεφάνων,
3488 3161 3614 3215 ἀντὶ

1934 3246 2117 3301 πόσων
2147 3245 2438 3316 ἐγκωμίων
2463 3243 2690 3314 ἀρκέσει
2721 3245 2790 3315 τῇ
2822 3243 3010 3310 πόλεις
3042 3243 3219 3317 πόσην
3247 3246 3614 3302 ἐπισπάσεται

1932 3332 2028 3388 τοῦ
2073 3333 2211 3388 Θεοῦ
2254 3334 2355 3404 τὴν
2383 3330 2623 3395 εὔνοιαν,
2653 3330 2749 3385 καὶ
2777 3333 2837 3384 ἐν
2866 3334 2979 3396 τοῖς
3010 3331 3219 3397 λοιποῖς
3245 3335 3571 3406 πράγμασιν
3595 3354 3610 3402 ;

1934 3420 2010 3473 Οὐ
2032 3419 2142 3490 γάρ
2172 3418 2340 3481 ἐστιν,
2376 3418 2477 3472 οὐκ
2502 3417 2619 3471 ἐστι
2657 3418 2757 3489 τῆς
2789 3417 3063 3489 τυχούσης
3090 3419 3289 3490 ψυχῆς,
3317 3421 3375 3473 ἐν
3399 3423 3465 3491 τῇ
3497 3422 3609 3475 τῶν

1935 3503 2262 3576 πειρασμῶν
2296 3504 2561 3572 ἐπαγωγῇ
2588 3504 2802 3574 νήφειν,
2826 3505 2923 3556 καὶ
2950 3504 3091 3575 πρὸς
3108 3504 3201 3558 τὸν
3218 3503 3351 3558 Θεὸν
3369 3504 3610 3576 βλέπειν,

1935 3590 2029 3644 καὶ
2086 3592 2304 3644 πάντων
2359 3589 2816 3657 καταγελάσασαν
2865 3590 2976 3644 τῶν
3027 3591 3390 3663 ἀνθρωπίνων
3410 3634 3424 3659 ,
3476 3593 3615 3664 πρὸς

1934 3678 2149 3748 ἐκείνην
2188 3676 2479 3747 κεχηνέναι
2497 3676 2597 3746 τὴν
2622 3676 2962 3745 συμμαχίαν.

2016 3768 2082 3822 Ἠ
2139 3768 2239 3838 μὲν
2288 3762 2383 3820 οὐν
2425 3764 2580 3827 πόλις
2606 3775 2631 3804 ε
2661 3764 2835 3828 οὕτως
2872 3765 3259 3837 εὐδοκίμησεν·
3289 3769 3319 3821 6
3347 3768 3405 3822 δὲ
3436 3771 3615 3842 ίερεύς

1934 3858 2099 3913 πάλιν
2124 3858 2224 3928 οὐχ
2254 3853 2420 3930 ἦττον
2447 3857 2592 3928 ἥπερ
2626 3857 2660 3927 ἡ
2699 3856 2883 3921 πόλις·
2915 3858 3017 3929 τὴν
3045 3857 3155 3930 γὰρ
3200 3860 3397 3916 ἑαυτοῦ
3435 3863 3615 3936 ψυχὴν

1936 3946 2077 4017 ὑπὲρ
2111 3946 2329 3999 πάντων
2376 3944 2568 4009 ἔδωκε,
2602 3945 2753 4018 [215]
2775 3947 2871 3999 καὶ
2897 3946 3109 4002 πολλῶν
3148 3947 3318 4003 ὄντων
3357 3949 3469 4004 τῶν
3506 3968 3617 4006 κω-

1934 4033 2192 4099 λυόντων,
2232 4030 2326 4086 τοῦ
2384 4032 2674 4103 χειμῶνος,
2712 4033 2815 4102 τῆς
2855 4033 3094 4104 ἡλικίας,
3128 4034 3230 4106 τῆς
3269 4036 3486 4109 ἑορτῆς,
3522 4042 3619 4093 καὶ

1934 4120 2035 4174 οὐκ
2067 4120 2287 4174 ἔλαττον
2301 4120 2400 4191 τῆς
2420 4119 2655 4191 ἀδελφῆς
2690 4121 2826 4192 πρὸς
2855 4122 3093 4192 ἐσχάτας
3119 4122 3287 4195 οὐοης
3308 4126 3616 4196 ἀναπνοὰς,

1935 4208 2195 4261 ἀπάντων
2233 4206 2568 4278 ὑψηλότερος
2600 4207 2819 4275 ἐγένετο
2844 4208 2955 4262 τῶν
2988 4208 3352 4281 κωλυμάτων,
3386 4212 3482 4266 καὶ
3514 4216 3619 4269 οὐκ

1937 4290 2057 4348 εἷπε
2083 4294 2221 4366 πρὸς
2246 4295 2438 4347 ἑαυτόν
2454 4311 2468 4325 ο
2500 4294 2566 4347 Τί
2598 4293 2790 4361 τοῦτο;
2818 4296 2851 4365 ἡ
2876 4295 3015 4367 μόνη
3040 4297 3454 4369 περιλειφθεῖσα
3484 4302 3619 4373 ἡμῖν

1937 4380 2165 4454 ἀδελφὴ,
2194 4381 2289 4436 καὶ
2329 4384 2446 4454 μετ’
2476 4382 2613 4454 ἐμοῦ
2638 4382 2731 4436 τὸν
2757 4382 2919 4453 ζυγὸν
2947 4383 3182 4439 ἕλκουσα
3224 4386 3321 4441 τοῦ
3355 4389 3618 4461 Χριστοῦ.

1938 4470 2035 4524 καὶ
2053 4470 2309 4525 τοσοῦτόν
2335 4488 2425 4542 μοι
2454 4471 2821 4543 συνοικήσασα
2851 4471 3063 4543 χρόνον,
3083 4473 3221 4545 πρὸς
3248 4476 3484 4547 ἐσχάτας
3504 4480 3621 4531 ἐστί

1940 4556 2036 4611 νῦν
2064 4558 2339 4621 ἀναπνοάς
2362 4575 2376 4589 ·
2408 4560 2572 4629 ἡμεῖς
2593 4558 2651 4611 δέ
2668 4560 2841 4630 αὐτὴν
2867 4560 3301 4632 καταλείψαντες
3319 4564 3620 4618 ἀπελευσό-

1945 4644 2106 4716 μεθα,
2141 4646 2238 4701 καὶ
2274 4646 2375 4700 οὐκ
2419 4645 2665 4718 ὀψόμεθα
2695 4648 3031 4703 ἐκπνέουσαν
3056 4650 3152 4703 καὶ
3179 4648 3279 4715 τάς
3303 4650 3621 4714 τελευταίας

1939 4732 2172 4801 ἀφεῖσαν
2187 4733 2402 4801 φωνάς;
2606 4733 2746 4804 αὐτὴ
2771 4733 2870 4805 μὲν
2890 4734 3011 4788 καθ’
3040 4736 3280 4807 ἑκάστην
3302 4735 3500 4806 ηὔχετο
3519 4735 3620 4808 τὴν

1939 4820 2158 4891 ἡμέραν
2181 4821 2332 4891 ἡμᾶς
2346 4820 2443 4874 καὶ
2469 4819 2784 4891 ὀφθαλμοὺς
2806 4821 3057 4877 καθελεῖν
3076 4824 3171 4877 καὶ
3190 4823 3365 4894 στόμα
3378 4823 3620 4879 συνελεῖν

1942 4910 2035 4963 καὶ
2069 4909 2428 4981 περιστεῖλαι,
2460 4910 2557 4964 καὶ
2582 4909 2655 4964 τά
2685 4910 2823 4966 ἀλλα
2849 4911 3027 4965 πάντα
3062 4911 3130 4965 τὰ
3169 4910 3308 4983 πρὸς
3332 4911 3423 4965 τὸν
3447 4912 3619 4982 τάφον

1942 4995 2402 5069 ἐπιμελήσασθαι’
2433 4998 2551 5052 νυνὶ
2565 4997 2623 5051 δὲ
2640 4997 2893 5070 καθάπερ
2908 4998 3111 5070 ἔρημός
3126 5013 3210 5060 τις
3225 4999 3322 5051 καὶ
3343 4999 3618 5069 ἀπροστά-

1942 5101 2135 5149 τευτος
2172 5085 2390 5150 οὐδενὸς
2426 5085 2772 5151 ἐπιτεύξεται
2805 5085 3013 5139 τούτων
3042 5084 3195 5157 παρὰ
3233 5083 3329 5138 τοῦ
3358 5084 3619 5157 ἀδελφοῦ,

1943 5175 2078 5246 παρ’
2108 5166 2172 5228 οὗ
2223 5174 2463 5246 μάλιστα
2505 5175 2772 5247 ἐπεθύμει
2815 5177 3020 5246 τυχεῖν,
3076 5174 3194 5228 ἀλλ’
3241 5174 3467 5245 ἀφιεῖσα
3521 5176 3622 5249 τὴν

1942 5262 2145 5335 ψυχὴν,
2177 5264 2279 5319 οὐκ
2311 5264 2502 5336 ὄψεται
2531 5265 2624 5319 τὸν
2658 5264 2878 5319 πάντων
2908 5263 3048 5336 αὐτῇ
3090 5261 3368 5317 ποθεινότε
3378 5280 3502 5336 ρον;
3526 5266 3624 5319 καὶ

1945 5351 2131 5407 πόσων
2152 5354 2254 5408 οὐκ
2285 5354 2439 5409 ἔσται
2463 5353 2712 5408 θανάτων
2735 5353 2873 5425 αὐτῇ
2896 5350 3054 5407 τοῦτο
3082 5349 3488 5423 βαρύτερον;Εί
3514 5352 3624 5426 γὰρ

1945 5440 2043 5495 καὶ
2071 5441 2359 5515 πόρρωθεν
2403 5443 2726 5514 ἀφεστήκει,
2756 5441 2858 5496 οὐκ
2903 5440 3013 5495 ἔδει
3053 5441 3285 5513 δραμεῖν
3323 5440 3419 5495 καὶ
3445 5440 3624 5495 πάντα

1947 5530 2172 5602 ποιῆσαι
2215 5529 2311 5584 καὶ
2358 5529 2573 5596 παθεῖν,
2605 5527 2749 5583 ὥστε
2780 5528 2987 5601 ταύτην
3021 5530 3159 5601 αὐτῇ
3190 5530 3502 5601 παρασχεῖν
3527 5529 3625 5600 τὴν

1946 5621 2140 5693 χάριν;
2192 5620 2287 5674 νῦν
2334 5620 2394 5673 δέ
2433 5619 2664 5692 πλησίον
2701 5619 2780 5675 ὣν
2833 5619 3254 5691 ἐγκαταλείψω,
3317 5619 3414 5672 καὶ
3466 5610 3626 5686 ἀφεὶς

1950 5708 2361 5780 ἀπελεύσομαις
2396 5708 2493 5763 καὶ
2540 5709 2660 5779 πῶς
2687 5710 2825 5764 οίσει
2851 5709 2950 5774 τὰς
2985 5706 3127 5782 μετά
3158 5704 3335 5760 ταῦτα
3378 5704 3625 5775 ἡμέραςς

1963 5794 2105 5848 Ἀλλ’
2131 5797 2287 5851 οὐδὲν
2313 5795 2521 5851 τούτων
2576 5797 2640 5852 οὐ
2698 5799 2860 5869 μόνον
2886 5797 2984 5853 οὐκ
3025 5792 3209 5861 εἶπεν,
3235 5791 3352 5847 ἀλλ’
3381 5789 3502 5844 οὐδέ
3536 5789 3628 5845 ἐν-

2021 5903 2048 5945 ἀ
2198 5905 2276 5969 διὰ
2297 5904 2470 5969 λόγων,
2495 5905 2583 5956 alii
2607 5904 2685 5953 διὰ
2705 5906 2872 5969 λόγον.

2027 5968 2049 5994 ⁸⁸
2076 5964 2173 6017 Alii
2209 5965 2348 6032 Ἠεσῖν
2367 5964 2455 6016 ὀὐν
2476 5969 2507 6028 ἡ
2531 5968 2697 6049 πόλις..
