4020 6216
219 194 328 249 215

221 319 412 359 verum
441 304 589 359 omni
615 305 1058 376 consanguinitati
1087 308 1183 364 Dei
1212 310 1457 368 timorem
1503 313 1812 382 praeferens,

222 399 364 453 bene
390 413 451 452 se
479 411 640 452 nosse
679 398 1032 464 monstravit,
1063 399 1206 469 quod
1240 400 1379 456 sicut
1401 402 1815 472 gubernatorem

219 499 602 559 tempestates,
633 498 689 545 et
732 490 924 546 ducem
974 493 1226 560 pericula,
1256 495 1334 548 sic
1387 504 1441 550 et
1484 503 1817 551 sacerdotem

217 583 456 637 tentatio
507 582 840 650 comprobet.
883 583 1108 648 Omnes,
1142 584 1340 654 inquit,
1372 585 1438 639 ad
1494 602 1593 640 nos
1644 589 1817 653 respi-

211 673 374 726 ciunt
403 681 460 728 et
483 671 654 728 Judmi
681 682 736 726 et
766 672 934 728 Graeci
972 691 984 727 :
1017 690 1084 729 ne
1114 677 1275 745 igitur
1303 677 1540 745 ipsorum
1572 679 1640 733 de
1667 679 1819 734 nobis

215 766 658 835 exspectationes
693 763 1046 831 frustrcmus,
1074 782 1174 822 nec
1208 777 1414 822 tantum
1445 771 1592 838 parvi
1617 769 1819 840 penda-

216 873 342 913 mus
379 857 711 928 naufragium
737 899 751 923 ,
783 858 875 912 sed
912 869 1092 931 nostra
1123 859 1233 914 Deo
1260 861 1576 916 mandantcs
1604 864 1814 927 omnia,

217 952 397 1018 ipsam
449 950 680 1004 animam
733 951 1022 1004 tradamus.
1081 951 1148 1006 Et
1201 951 1481 1006 considera
1552 954 1818 1022 pontificis

207 1043 744 1114 magnanimitatem,
779 1053 834 1098 et
866 1043 956 1098 Dei
999 1043 1380 1113 benignitatem
1412 1060 1427 1109 ;
1457 1045 1705 1098 otnuibus
1735 1047 1817 1100 his

211 1152 348 1204 qua:
375 1136 623 1205 despexit
644 1136 846 1205 potitus
874 1147 956 1190 est
983 1176 998 1201 ,
1032 1145 1088 1190 ut
1117 1145 1171 1191 et
1213 1136 1507 1193 alacritatis
1540 1139 1815 1207 prmmium

209 1237 472 1297 raperet,
501 1238 556 1282 et
580 1227 830 1298 potiendo
853 1237 1049 1297 pra-ter
1073 1230 1526 1298 exspectationem
1558 1231 1814 1298 majorem

213 1333 607 1392 assequeretur
651 1323 1001 1390 voluptatem.
1076 1323 1252 1392 Elegit
1305 1324 1699 1378 solemnitatem
1763 1325 1816 1378 in

206 1412 399 1467 aliena
424 1424 597 1476 terra,
637 1421 693 1468 ct
721 1415 912 1483 procul
941 1430 969 1467 a
1002 1417 1113 1470 suis
1153 1426 1374 1486 propter
1399 1417 1635 1472 civitatis
1671 1417 1816 1471 salu-

205 1514 337 1561 1cm
368 1505 641 1558 celebrare
665 1521 679 1567 ς
711 1505 851 1559 Deus
878 1514 1056 1560 autem
1085 1517 1208 1560 ante
1232 1507 1432 1562 Pascha
1461 1509 1632 1578 ipsum
1663 1507 1816 1562 nobis

215 1595 474 1657 reddidit,
505 1603 562 1647 ut
586 1610 925 1650 communem
955 1596 1229 1651 nobiscum
1267 1597 1662 1652 solemnitatem
1692 1613 1817 1666 age-

219 1699 349 1753 ret,
384 1700 441 1742 ut
483 1695 546 1742 et
587 1688 843 1758 pr0positi
893 1690 1197 1744 mercedem
1250 1689 1502 1754 haberet;
1529 1698 1584 1744 et
1627 1689 1813 1759 majori

220 1778 418 1832 Iretitia
465 1777 751 1831 frueretur.
785 1776 900 1831 Non
951 1778 1124 1831 timuit
1174 1780 1298 1831 anni
1353 1789 1596 1848 tempus,
1630 1789 1682 1833 et
1725 1795 1817 1847 per

211 1879 395 1922 totum
420 1868 866 1938 peregrinationis
890 1878 1097 1938 tempus
1122 1880 1281 1924 :rstas
1313 1870 1408 1924 fuit
1432 1889 1443 1923 :
1476 1886 1579 1924 non
1603 1873 1812 1926 curavit

221 1969 462 2024 :rtatem,
503 1968 558 2013 et
603 1969 876 2029 tamquam
917 1960 1132 2028 juvenis
1180 1969 1234 2015 et
1276 1962 1478 2032 vigens,
1523 1962 1600 2016 sic
1651 1972 1813 2016 totam

219 2052 365 2107 hanc
393 2054 529 2109 viam
552 2053 704 2108 facile
732 2054 994 2122 percurrit
1019 2071 1031 2105 :
1064 2055 1264 2108 sororis
1293 2063 1517 2109 mortem
1542 2070 1646 2108 non
1672 2055 1816 2125 cogi-

211 2148 380 2212 tavit,
413 2162 511 2202 nec
534 2147 715 2201 carnis
740 2146 1023 2202 affectione
1063 2149 1235 2202 victus
1270 2159 1350 2203 est
1386 2166 1400 2201 :
1434 2159 1488 2204 et
1535 2164 1814 2219 regressus

214 2241 496 2294 viventem
519 2240 692 2309 ipsam
722 2240 1099 2311 deprehendit,
1122 2251 1173 2296 et
1200 2243 1378 2296 omnia
1402 2257 1521 2312 qua:
1543 2243 1809 2314 despexit,

210 2343 545 2402 assequutus
566 2342 668 2388 est.

287 2425 346 2477 2.
389 2425 455 2478 Et
483 2424 715 2493 pontifex
742 2424 958 2494 quidem
1008 2425 1079 2479 ita
1128 2427 1470 2495 splendorem
1499 2437 1552 2482 et
1579 2428 1805 2484 celebri-

224 2522 390 2570 tatem
435 2531 556 2569 cum
602 2516 740 2584 apud
787 2516 974 2584 Deum,
1010 2525 1118 2572 tum
1152 2519 1287 2587 apud
1335 2519 1576 2574 homines
1619 2536 1808 2575 conse-

211 2619 419 2680 quutus
449 2617 570 2674 est;
604 2609 986 2678 Imperatorem
1035 2627 1163 2665 vero
1204 2613 1471 2682 negotium
1520 2613 1621 2666 hoc
1668 2612 1812 2666 omni

211 2703 519 2758 diademate
543 2702 872 2772 splendidius
891 2704 1119 2758 ornavit.
1153 2704 1387 2759 Primum
1409 2706 1642 2775 quidem,
1668 2705 1812 2776 quod

215 2804 331 2847 tum
365 2795 537 2862 ralam
584 2794 778 2848 factum
808 2803 912 2860 est,
940 2810 1062 2849 eum
1090 2811 1207 2865 qua:
1247 2797 1376 2850 nulli
1419 2798 1569 2851 alteri
1615 2812 1811 2852 conce-

207 2887 367 2941 deret
392 2929 407 2953 ,
445 2886 557 2941 hmc
587 2887 952 2941 sacerdotibus
976 2888 1396 2944 condonaturum
1419 2905 1570 2945 esse:
1596 2891 1809 2955 deinde,

210 2993 338 3032 cum
368 2979 533 3032 multa
584 2979 858 3033 celeritate
908 2981 1131 3049 gratiam
1181 2980 1411 3044 dedisse,
1440 2990 1491 3034 et
1528 2981 1682 3035 irasci
1715 2982 1810 3036 de-

207 3073 397 3126 siisse.
426 3071 533 3127 Sed
562 3081 615 3126 ut
645 3073 976 3127 manifestius
1005 3082 1058 3127 et
1079 3072 1423 3142 Imperatoris
1453 3075 1806 3144 magnanimi-

208 3172 404 3228 tatem,
431 3171 484 3216 et
511 3163 802 3218 sacerdotis
829 3164 1142 3234 sapientiam
1167 3206 1180 3228 ,
1212 3172 1266 3217 et
1295 3174 1418 3218 ante
1443 3163 1558 3218 hinc
1589 3177 1812 3236 utraque

212 3253 311 3308 Dei
335 3253 555 3308 discatis
585 3253 987 3323 benignitatem,
1011 3255 1134 3308 date
1159 3254 1288 3308 mihi
1312 3264 1368 3308 ut
1393 3270 1556 3324 pauca
1587 3271 1648 3310 ex
1681 3271 1809 3310 con-

207 3349 373 3402 cione
399 3347 506 3402 illic
533 3346 708 3401 habita
739 3347 890 3402 vobis
914 3362 1199 3416 exponam.

287 3438 526 3495 Flaviani
547 3439 808 3493 modestia.
837 3467 913 3480 -—
947 3439 1122 3494 Dicam
1151 3447 1326 3493 autem
1372 3455 1490 3509 quae
1519 3455 1548 3493 a
1579 3439 1808 3510 quodam

205 3549 427 3599 eorum,
454 3533 543 3603 qui
592 3532 734 3586 intus
777 3530 1132 3594 adstiterunt,
1179 3530 1339 3584 didici
1374 3548 1388 3584 :
1423 3539 1572 3600 pater
1619 3546 1810 3601 nempe

209 3624 374 3690 nihil,
403 3638 575 3693 neque
605 3637 824 3692 parvum
857 3636 1028 3691 neque
1059 3636 1327 3690 magnum,
1361 3621 1513 3676 nobis
1535 3621 1689 3688 dixit,
1712 3621 1808 3676 sed

209 3714 369 3770 Pauli
399 3729 612 3782 semper
638 3711 1126 3783 magnanimitatem
1159 3712 1396 3776 imitans,
1432 3711 1643 3780 propria
1671 3711 1811 3766 celat

204 3809 431 3873 merita,
466 3815 520 3860 ct
555 3805 790 3875 undique
842 3805 1291 3874 interrogantibus
1317 3804 1441 3874 quid
1490 3803 1809 3873 Imperatori

199 3900 436 3963 dixerit,
464 3907 518 3953 et
554 3897 822 3968 quomodo
853 3896 1199 3967 persuaserit,
1244 3904 1296 3950 et
1325 3895 1597 3965 quomodo
1641 3894 1808 3964 ipsius

199 4005 435 4045 omnem
478 3989 766 4044 excluserit
795 3987 948 4054 iram,
979 3987 1095 4042 hate
1126 3986 1288 4042 verba
1318 3986 1585 4042 referebat
1617 4004 1629 4038 :
1663 3985 1806 4040 Nihil

206 4097 314 4137 nos
339 4081 407 4136 ad
439 4096 555 4136 rem
585 4079 926 4146 contulimus,
961 4078 1056 4134 sed
1085 4079 1198 4149 ipse
1223 4077 1538 4147 Imperator,
1578 4077 1808 4131 leniente

203 4174 326 4229 Deo
353 4189 452 4228 cor
479 4171 666 4241 ipsius,
697 4179 750 4226 et
776 4179 900 4225 ante
923 4169 1085 4224 verba
1134 4178 1314 4223 nostra
1359 4183 1573 4222 omnem
1603 4166 1809 4222 remisit

202 4267 345 4320 iram
370 4262 634 4332 solvitque
658 4261 889 4316 furorem
929 4277 942 4312 :
968 4269 1021 4315 et
1049 4259 1118 4314 de
1147 4259 1314 4329 gestis
1349 4258 1640 4321 disserens,
1675 4267 1809 4311 tam-

202 4370 372 4425 quam
398 4354 504 4409 alio
531 4351 850 4408 contumelia
873 4350 1085 4418 aﬂ'ecto,
1115 4351 1184 4404 ita
1211 4360 1402 4405 cuncta
1433 4366 1552 4419 qua:
1590 4348 1805 4404 accide-

201 4457 336 4503 runt
362 4449 483 4502 sine
510 4445 588 4499 ira
615 4443 1092 4500 commemorabat.
1130 4440 1235 4497 Sed
1262 4457 1382 4512 quae
1409 4442 1603 4496 celavit
1626 4440 1713 4496 hic
1740 4455 1807 4495 ex

204 4537 540 4600 humilitate,
570 4535 686 4590 lure
717 4535 859 4591 Deus
895 4535 949 4589 in
979 4533 1212 4588 medium
1245 4533 1485 4603 protulit.
1516 4532 1645 4600 Qua:
1674 4547 1804 4586 vero

203 4639 335 4682 sunt
359 4627 516 4682 lucc?
545 4625 713 4681 Paulo
754 4625 1001 4696 superius
1029 4639 1331 4680 sermonem
1373 4632 1618 4692 repetens
1656 4622 1806 4677 vobis

203 4719 468 4776 referam.
489 4718 774 4787 Postquam
799 4716 942 4771 enim
969 4731 1033 4771 ex
1056 4715 1188 4769 urbe
1212 4728 1456 4785 egressus
1485 4724 1587 4779 est,
1617 4726 1805 4768 omnes

201 4812 253 4864 in
270 4820 424 4864 tanta
451 4807 754 4878 relinquens
769 4807 1002 4874 tristitia,
1020 4807 1187 4861 multo
1210 4805 1452 4876 graviora
1485 4805 1800 4874 patiebatur,

195 4918 367 4972 quam
395 4902 487 4971 qui
517 4901 569 4954 in
599 4900 728 4969 ipsis
763 4908 918 4955 erant
947 4899 1228 4954 molestiis.
1261 4898 1497 4952 Primum
1529 4913 1721 4966 nempe
1751 4899 1802 4954 in

198 4997 286 5048 via
321 4993 502 5049 media
529 4993 855 5049 conveniens
894 5008 1010 5059 eos,
1039 4993 1130 5063 qui
1164 4992 1229 5046 ad
1267 4999 1538 5062 gestorqu
1577 5007 1801 5047 examen

197 5089 274 5142 ab
301 5085 632 5154 Imperatore
653 5084 801 5139 missi
823 5091 995 5147 erant,
1019 5092 1072 5138 et
1095 5083 1163 5138 ab
1190 5083 1292 5138 illis
1318 5082 1523 5148 doctus,
1546 5099 1801 5154 quorsum

195 5186 390 5233 essent
419 5175 596 5243 missi,
645 5185 700 5231 et
729 5175 866 5230 mala
896 5175 1166 5230 civitatem
1206 5175 1476 5241 invasura,
1521 5175 1798 5241 tumultus,

195 5269 564 5334 turbationes,
600 5267 800 5339 fugam,
848 5267 1116 5333 timorem,
1168 5267 1514 5334 anxietatem,
1563 5267 1796 5338 pericula

194 5363 472 5434 cegitans,
504 5360 864 5432 lacrymarum
905 5363 1080 5415 fontes
1109 5360 1406 5428 emittebat,
1439 5375 1561 5415 cum
1595 5361 1799 5414 viscera

201 5458 304 5528 ipsi
339 5456 778 5511 dissecarentur:
808 5453 1047 5525 patribus
1070 5455 1213 5509 enim
1245 5468 1360 5508 mos
1384 5461 1468 5509 est
1491 5452 1657 5508 multo
1687 5467 1801 5506 ma.

197 5551 282 5619 gis
310 5547 522 5614 dolere,
552 5561 673 5602 cum
697 5545 816 5601 filiis
842 5546 954 5602 suis
979 5545 1116 5601 male
1133 5545 1456 5601 habentibus
1483 5559 1583 5601 nec
1609 5544 1799 5600 adesse

200 5642 412 5711 possint
439 5658 452 5694 :
485 5638 627 5711 quod
670 5645 725 5695 et
751 5638 1021 5710 piissimus
1051 5639 1136 5695 hic
1164 5653 1353 5710 passus
1394 5645 1496 5706 est,
1527 5653 1632 5694 non
1659 5638 1794 5693 mala

1218 197 1308 252 AI)
1348 199 1669 257 I‘OPULUM
1707 199 2196 260 ANTIOCIIENUII
2263 203 2490 258 IIOMIL.
2536 203 2672 258 XXI.

3405 217 3513 272 2H

1927 327 2129 374 tantum
2155 334 2254 375 nos
2301 302 2548 375 invasura
2582 321 2888 390 deplorans,
2927 326 3020 381 sed
3057 335 3114 383 et
3159 333 3300 398 quod
3359 339 3514 392 nobis

1924 408 2042 465 haec
2067 410 2391 479 patientibus
2430 413 2612 481 procul
2643 415 2889 482 abesset;
2923 434 3107 475 verum
3158 431 3214 478 et
3258 423 3364 480 hoc
3415 443 3512 498 pro

1927 511 2111 556 nostra
2140 501 2316 558 salute
2341 502 2534 558 factum
2564 515 2665 560 est.
2697 505 2766 561 Ut
2810 506 2926 562 hzec
2968 513 3110 566 enim
3141 515 3207 569 ab
3235 516 3339 571 illis
3378 518 3515 574 didi-

1923 594 2017 659 cit,
2049 595 2330 650 calidiores
2375 597 2727 669 lacrymatum
2774 599 2948 656 fontes
2979 605 3271 673 emittebat,
3308 618 3506 664 etcum

1926 686 2117 754 majori
2148 687 2539 756 supplicatione
2565 689 2631 742 ad
2654 691 2818 744 Deum
2841 692 3196 763 confugiebat,
3231 707 3285 750 et
3328 709 3512 757 noctes

1925 779 2195 834 insomnes
2225 781 2454 836 ducebat
2482 784 2803 853 supplicans,
2830 793 2887 838 ut
2914 785 3026 840 haec
3049 789 3265 855 patienti
3299 804 3518 845 succur~

1925 883 2063 926 reret
2087 873 2306 939 civitati,
2339 884 2391 929 et
2417 883 2475 928 ut
2497 874 2841 944 Imperatoris
2874 888 3105 934 mentem
3137 881 3386 936 redderet
3410 885 3512 936 mi-

1929 964 2137 1016 tiorem.
2174 963 2243 1019 Ut
2275 981 2400 1018 vero
2431 981 2677 1036 magnam
2702 969 2968 1022 civitatem
3016 971 3160 1025 illam
3186 971 3427 1027 ascendit
3465 983 3520 1027 et

1925 1055 2096 1123 regias
2124 1055 2396 1124 ingressus
2420 1058 2682 1123 estaulas,
2720 1060 2904 1128 procul
2933 1059 3258 1130 lmperatore
3280 1063 3519 1118 constitit

1924 1157 2122 1212 mutus,
2155 1147 2475 1218 lacrymans,
2501 1149 2748 1204 deorsum
2777 1151 3079 1217 inclinatus,
3111 1155 3348 1223 latitans,
3373 1163 3511 1209 tam-

1923 1253 2079 1305 quam
2105 1239 2215 1305 ipse
2237 1223 2376 1292 esset
2407 1240 2495 1308 qui
2525 1241 2701 1294 omnia
2735 1241 2822 1294 illa
2849 1253 3129 1310 patrassct.
3177 1245 3288 1299 lloe
3332 1256 3510 1302 autem

1925 1327 2167 1393 faciebat,
2195 1327 2393 1391 habitu,
2422 1339 2657 1398 aspectu,
2689 1331 2913 1386 luctibus
2965 1333 3111 1401 prius
3164 1350 3382 1390 n-overe
3421 1351 3514 1388 νη-

1923 1417 2038 1472 lens
2067 1419 2237 1487 ipsum
2269 1419 2333 1473 ad
2375 1419 2821 1487 misericordiam,
2878 1433 2932 1476 et
2982 1433 3089 1476 tum
3144 1424 3512 1480 defensionem

1922 1526 2018 1578 pro
2038 1510 2192 1565 nobis
2216 1512 2469 1581 incipere.
2511 1510 2634 1567 Sola
2679 1528 2908 1582 namque
2956 1517 3299 1584 peccantibus
3345 1517 3513 1570 relin-

1920 1602 2099 1668 quitur
2125 1602 2295 1666 venia,
2329 1609 2504 1656 tacere
2528 1613 2580 1657 et
2614 1603 2742 1656 nihil
2768 1620 2863 1672 pro
2903 1605 3066 1674 gestis
3091 1605 3256 1675 loqui.
3287 1604 3513 1661 Volebat

1922 1694 2062 1748 enim
2095 1692 2340 1747 affectum
2389 1693 2529 1748 hunc
2573 1695 2786 1764 quidem
2819 1696 3032 1765 ejicere,
3066 1697 3217 1752 illum
3246 1713 3373 1752 vero
3422 1698 3506 1752 in-

1922 1784 2202 1838 troducere
2232 1801 2245 1837 :
2279 1785 2475 1854 ejicere
2496 1787 2691 1856 quippe
2720 1787 2876 1853 iram,
2911 1789 3178 1842 tristitiam
3226 1799 3401 1844 autem
3431 1793 3515 1844 in-

1922 1874 2221 1941 troducere,
2252 1885 2308 1930 ut
2337 1876 2407 1929 ita
2425 1878 2562 1931 viam
2590 1889 2913 1948 pra‘pararet
2935 1877 3262 1934 defensionis
3292 1881 3468 1936 verbis
3497 1898 3511 1933 :

1919 1967 2059 2035 quod
2086 1967 2297 2035 quidem
2325 1977 2377 2024 et
2406 1968 2599 2024 factum
2628 1979 2731 2025 est.
2763 1971 2828 2026 Et
2875 1971 3013 2026 sicut
3044 1971 3218 2027 Moses
3263 1972 3312 2025 in
3355 1988 3511 2028 mon-

1921 2065 2026 2111 tem
2055 2058 2371 2123 ascendens,
2405 2060 2600 2129 populo
2649 2061 2820 2130 lapso,
2877 2072 3052 2114 mutus
3093 2062 3206 2132 ipse
3250 2064 3511 2127 constitit,

1919 2151 2088 2205 donec
2114 2151 2284 2219 ipsum
2333 2152 2472 2206 Deus
2499 2153 2808 2220 provocavit
2836 2153 3058 2207 dicens:
3092 2153 3298 2208 Dimitte
3329 2170 3426 2218 me,
3464 2164 3513 2208 et

1919 2242 2092 2296 delebo
2124 2245 2366 2312 populum
2396 2242 2742 2316 Imnc(E.rod.
2767 2243 2853 2299 59..
2895 2244 2985 2314 l0)
3021 2263 3033 2298 :
3069 2246 3135 2297 ita
3165 2255 3217 2300 et
3249 2246 3331 2299 hic
3367 2245 3510 2299 fecit.

1988 2331 2260 2387 Theodosii
2308 2335 2377 2386 ad
2423 2333 2727 2388 Flavianum
2776 2336 2941 2390 verba.
2992 2367 3060 2376 -——
3108 2337 3282 2406 Ipsum
3335 2337 3512 2406 itaque

1919 2423 2212 2492 Imperator
2241 2428 2578 2495 conspicatus
2617 2427 2885 2497 Ingentem
2930 2437 2983 2482 et
3011 2429 3259 2482 deorsum
3290 2427 3511 2482 inclina-

1920 2527 2052 2580 tum,
2080 2520 2304 2573 accessit
2337 2520 2469 2588 ipse,
2504 2521 2712 2589 etquod
2738 2522 3035 2590 patiebatur
3064 2532 3279 2588 propter
3327 2535 3511 2576 sacer-

1917 2609 2058 2664 dotis
2086 2610 2362 2681 lacrymas,
2391 2610 2491 2666 hoc
2521 2613 2697 2667 verbis
2723 2613 2788 2666 ad
2811 2614 2980 2682 ipum
3013 2613 3229 2666 directis
3255 2612 3509 2666 ostendit.

1917 2702 2032 2757 Non
2062 2703 2204 2758 enim
2232 2703 2553 2774 indignant's
2579 2719 2678 2758 nec
2705 2704 2998 2764 irascentis,
3028 2703 3120 2756 sed
3150 2703 3427 2758 manentis
3452 2712 3509 2756 et

1917 2793 2102 2848 dolore
2127 2795 2294 2863 magis
2321 2793 2522 2849 detenti
2559 2811 2573 2846 :
2605 2803 2657 2850 et
2682 2795 2822 2865 quod
2857 2794 2958 2849 hoc
3012 2795 3081 2849 sit
3129 2810 3336 2857 verum,
3393 2795 3506 2862 ipsa

1916 2885 2190 2940 audientes
2215 2885 2377 2941 verba
2405 2888 2603 2941 scietis.
2658 2887 2772 2942 Non
2817 2887 2956 2940 enim
3008 2887 3178 2940 dixit:
3229 2886 3363 2954 Quid
3391 2896 3510 2940 tan-

1914 2975 2037 3043 dem
2069 2976 2171 3031 hoc
2199 2985 2281 3031 est
2305 2977 2329 3030 ?
2357 2992 2455 3047 pro
2481 2978 2785 3032 hominibus
2812 2978 3051 3033 scelestis
3100 2988 3152 3031 ct
3202 2978 3509 3032 sceleratis-

1916 3069 2084 3135 simis,
2109 3081 2160 3125 et
2188 3084 2322 3140 quos
2368 3086 2468 3126 nec
2511 3073 2746 3142 Oportuit
2777 3071 2978 3136 vivere,
3009 3073 3155 3126 venis
3187 3071 3508 3142 legationem

1916 3161 2124 3229 obiens,
2156 3163 2418 3234 tyrannis,
2450 3164 2818 3229 novatoribus,
2849 3163 2993 3217 omni
3021 3161 3283 3230 supplicio
3309 3161 3508 3232 dignis?

1914 3251 2021 3307 Sed
2052 3252 2166 3307 lucc
2189 3253 2366 3306 omnia
2396 3252 2670 3307 dimittens
2695 3252 2858 3307 verba
2878 3294 2891 3316 ,
2948 3251 3316 3308 defensionem
3364 3267 3511 3307 com-

1916 3343 2411 3413 posuitrevcrcntia
2443 3344 2649 3412 plenam
2677 3344 3031 3414 etgravitate.
3060 3350 3113 3396 et
3141 3359 3168 3395 a
3213 3357 3271 3396 se
3319 3342 3510 3396 collata

1914 3436 2370 3490 commemorabat
2419 3435 2697 3501 beneficia,
2745 3436 2937 3504 quibus
2980 3450 3076 3505 per
3135 3449 3294 3489 omne
3359 3435 3509 3503 regni

1917 3535 2125 3595 tempus
2150 3527 2417 3583 civitatem
2447 3537 2681 3581 uestram
2711 3537 3062 3596 proscquutns
3089 3534 3192 3591 est,
3229 3533 3283 3580 et
3309 3525 3373 3579 ad
3401 3527 3511 3580 sin-

1915 3618 2034 3687 gula
2067 3618 2179 3672 hcce
2202 3617 2514 3687 repetebat:
2558 3617 2802 3671 "(IECCiUe
2825 3633 2910 3670 me
2938 3632 3035 3684 pro
3059 3617 3161 3669 illis
3204 3615 3310 3684 pati
3351 3631 3510 3686 opor-

1916 3707 2015 3761 tuit
2034 3709 2059 3762 ?
2077 3723 2302 3779 quarum
2330 3724 2359 3762 a
2386 3723 2472 3762 me
2501 3707 2813 3777 injuriarum
2847 3709 2941 3761 has
2967 3722 3151 3776 prenas
3173 3705 3508 3775 exegerunt?

1915 3799 2040 3869 quid
2069 3814 2306 3869 parvum,
2338 3799 2531 3869 quidve
2554 3814 2800 3868 magnum
2831 3796 3190 3852 accusandum
3221 3796 3502 3862 habentes,

1913 3904 2020 3944 non
2041 3905 2125 3944 me
2155 3890 2349 3956 solum,
2377 3905 2562 3944 verum
2584 3898 2639 3946 et
2662 3889 2946 3944 defunctos
2990 3887 3329 3942 contumeliis
3366 3886 3502 3942 affe-

1913 3980 2147 4035 cerunt?
2172 3995 2348 4034 annon
2372 3981 2501 4035 satis
2531 3987 2648 4034 erat
2687 3980 2737 4034 in
2788 3980 2926 4033 vivis
2981 3979 3215 4032 furorem
3262 3977 3456 4032 satiare
3479 3975 3508 4030 Υ

1913 4070 2010 4126 sed
2062 4072 2163 4126 nisi
2217 4073 2454 4142 sepultos
2493 4087 2705 4142 quoque
2747 4071 3131 4126 contumeliose
3183 4075 3503 4136 tractarent,

1913 4161 1991 4216 nil
2021 4177 2269 4234 magnum
2313 4165 2490 4218 facere
2536 4171 2803 4232 putarunt.
2860 4160 3026 4230 Iniqui
3081 4159 3338 4213 fuerimus
3383 4173 3502 4222 nos,

1915 4260 1972 4306 ut
1996 4252 2094 4322 ipsi
2123 4253 2532 4322 putant:igitur
2578 4253 2800 4306 mortuis
2852 4265 3090 4320 parcere,
3147 4249 3236 4319 qui
3297 4249 3495 4302 nullam

1914 4343 2211 4399 intulerunt
2238 4345 2509 4412 injuriam,
2535 4343 2812 4414 oportebat
2846 4361 2858 4394 :
2889 4357 2993 4396 non
3017 4339 3158 4394 enim
3180 4349 3234 4394 et
3264 4340 3367 4394 illis
3390 4340 3506 4394 lucc

1914 4436 2178 4507 imputare
2220 4437 2491 4490 valebant.
2565 4435 2753 4491 Nonne
2801 4449 3014 4503 semper
3064 4432 3202 4487 hanc
3257 4431 3506 4486 omnibus

1912 4529 2179 4598 pneposui
2201 4529 2497 4593 civitatem,
2527 4539 2581 4582 et
2620 4527 2789 4596 patria
2839 4523 3333 4580 desiderabiliorem
3384 4537 3506 4577 esse

1914 4621 2166 4690 putabam
2194 4629 2282 4674 :et
2305 4630 2483 4674 votum
2517 4619 2644 4672 mihi
2671 4618 2982 4673 continuum
3006 4627 3120 4672 erat
3144 4618 3327 4670 urbem
3358 4614 3502 4668 illam

1911 4723 2176 4782 spectare,
2209 4723 2263 4768 ct
2295 4714 2397 4768 hoc
2425 4711 2566 4782 apud
2598 4727 2786 4766 omnes
2812 4710 3070 4765 faciebam
3096 4705 3504 4778 juramentum?

1990 4806 2044 4860 5.
2077 4806 2316 4864 Flaviani
2358 4806 2426 4860 ad
2453 4806 2814 4874 Imperatorem
2835 4803 2995 4857 oratio
3024 4818 3114 4871 pro
3154 4796 3498 4853 Antiocltenis.

1908 4935 1980 4946 —
1997 4903 2093 4958 Hic
2114 4915 2294 4956 amare
2316 4899 2590 4968 ingemens
2607 4893 2868 4967 pontifex,
2889 4903 2944 4949 et
2966 4891 3314 4947 ferventiores
3337 4887 3500 4943 emit-

1911 5006 2031 5052 tens
2078 4995 2362 5064 lacrymas,
2415 5006 2523 5045 non
2567 4989 2795 5061 amplius
2841 4989 3046 5044 tacuit:
3096 4983 3308 5038 videbat
3355 4981 3500 5035 enim

1910 5087 2253 5158 Imperatoris
2297 5084 2664 5140 defensionem
2691 5083 2901 5152 culpam
2952 5081 3210 5149 majorem
3262 5086 3500 5130 nostram

1908 5180 2083 5234 facere
2108 5195 2122 5245 ;
2147 5177 2241 5234 sed
2277 5178 2510 5248 graviter
2537 5185 2591 5231 et
2618 5189 2800 5230 amare
2843 5172 2911 5227 de
2943 5168 3206 5241 profundo
3254 5181 3497 5239 gemens,

1909 5270 2261 5337 Confitentur,
2290 5269 2480 5340 inquit,
2512 5269 2826 5338 Imperator,
2852 5278 2952 5319 nec
2979 5277 3178 5332 negare
3207 5271 3494 5332 possumus

1906 5377 2142 5417 amorem
2174 5361 2332 5416 istum
2380 5375 2539 5430 quem
2565 5373 2690 5429 erga
2721 5355 2947 5427 patriam
2995 5363 3237 5410 nostram
3266 5352 3496 5408 demon-

1905 5453 2107 5520 strasti,
2135 5460 2189 5507 et
2208 5450 2327 5507 ideo
2347 5450 2577 5504 maxime
2619 5449 2881 5518 legemus,
2921 5444 3171 5518 quoniam
3201 5444 3277 5499 sic
3304 5451 3497 5496 amatze

1906 5544 2178 5601 daemones
2199 5542 2523 5604 inviderunt,
2547 5548 2602 5596 et
2625 5554 2751 5611 erga
2772 5538 3168 5596 benefactorem
3191 5535 3378 5607 ingrati
3403 5550 3494 5587 sn-

1911 5653 2030 5692 mus
2060 5637 2177 5705 visi,
2220 5651 2280 5692 ac
2310 5647 2651 5704 summopere
2691 5647 2788 5688 nos
2829 5639 3096 5687 amantem
3143 5627 3484 5684 exacerbavi-
