4020 6216
435 152 538 205 iis

442 275 581 316 mins.
613 257 737 311 Sive
761 254 962 316 diruas,
985 249 1106 305 sive
1155 246 1425 310 incendas,
1455 245 1568 300 sive
1621 239 1853 303 occidas,
1904 250 2018 290 sive

1143 134 1202 188 S.
1240 129 1520 189 JOANNIS
1553 119 2036 183 CHRYSOSTOHI
2066 117 2375 174 AllCﬂlEP.
2413 115 2938 172 CONSIUTLVOP.

2126 235 2376 288 versione
2397 243 2522 289 sunt
2546 234 2662 286 hac
2680 231 2841 287 verb
2883 229 3154 286 acerbiora
3178 271 3193 296 ,
3221 244 3340 299 qum
3369 231 3712 301 respondens

3600 113 3708 173 916

446 349 817 418 quodcumque
851 341 994 396 aliud
1021 338 1444 406 facias,nondum
1495 336 1708 406 dignam
1747 332 1814 386 de
1867 329 2022 384 nobis
2124 325 2379 379 dicebas?
2403 324 2552 378 Nunc
2581 333 2633 379 te
2655 323 2972 377 contumelia
2995 320 3238 375 alectnm
3263 320 3418 418 dicis,
3442 331 3503 377 et
3526 332 3712 391 pertu~

449 455 660 510 pinnam
687 435 968 504 exegeris:
999 447 1123 487 nam
1153 445 1250 484 nos
1279 431 1423 498 ipsos
1445 427 1831 497 praevenientes
1857 422 2018 476 innuo

451 534 614 585 meris
638 527 898 584 mortibus
927 524 1174 578 miserius
1203 520 1498 575 affecimus.
1529 517 1666 585 Quid
1695 517 1840 570 enim
1872 526 2024 566 ama-

455 623 565 675 rius
580 635 701 675 esse
729 617 916 688 possit,
946 629 1104 684 quam
1133 627 1252 665 cum
1280 601 1673 664 benefactorem
1702 612 1755 660 et
1775 605 1854 658 sic
1903 602 2027 654 dili-

456 721 670 780 gentem
719 710 912 778 injuste
948 703 1327 760 exacerbantes
1356 714 1726 770 appareamus,
1764 704 1820 750 et
1856 693 2032 748 omnis

454 803 558 855 hoc
576 800 804 854 mundus
825 800 1013 860 discat,
1041 805 1096 850 et
1122 809 1220 848 nos
1247 803 1304 847 ut
1329 790 1614 846 admodum
1645 789 1876 857 ingratos
1895 800 2028 838 con-

453 888 712 944 demuet?
741 889 795 942 Si
825 887 1032 940 barbari
1073 884 1342 938 civitatem
1387 889 1621 934 nostram
1670 879 2033 936 incursantes,

459 979 659 1034 monia
687 978 992 1041 diruissent,
1021 982 1077 1028 et
1105 972 1462 1027 incendissent
1487 968 1694 1029 domos,
1722 977 1775 1021 et
1797 963 2039 1019 abductis

2127 416 2254 470 lisse
2279 431 2400 484 qua
2425 416 2603 470 nullus
2639 429 2888 483 umquam
2914 414 3246 482 superiorum
3271 411 3666 480 lmperatorum
3698 434 3714 468 :

2129 507 2223 560 sed
2248 507 2293 560 si
2321 507 2452 559 velis
2470 547 2488 570 ,
2514 521 2548 559 ο
2567 505 2946 558 humanissime
2969 512 3025 558 et
3043 504 3438 570 sapientissime
3462 513 3521 558 et
3549 505 3717 560 multa

2133 599 2329 666 pietate
2352 599 2543 666 plene,
2569 597 2863 650 diademate
2901 595 3002 648 isto
3046 594 3327 648 clariorem
3355 602 3413 648 et
3455 595 3719 664 majorem

2137 691 2228 744 tibi
2271 704 2524 745 coronam
2577 690 2691 742 lucc
2734 688 2920 742 afferet
2960 687 3304 741 contumelia.
3357 687 3476 741 lloc
3523 703 3723 757 nempe

2139 781 2382 836 diadema
2407 790 2491 835 est
2517 791 2570 834 et
2595 789 2697 834 tua
2721 780 2928 833 virtutis
2956 779 3160 848 insigne
3177 819 3193 844 ,
3227 789 3283 834 et
3306 779 3422 848 ejus
3453 779 3550 849 qui
3576 780 3726 835 dedit

2143 876 2469 930 liberalitatis
2494 876 2775 937 indicium;
2805 877 2897 928 sed
2927 890 3120 930 corona
3159 892 3227 931 ex
3256 876 3360 932 hac
3391 877 3728 934 humanitate

2143 976 2390 1021 contexta
2433 976 2582 1020 tuum
2625 967 2791 1020 solius
2814 966 2916 1020 erit
2952 976 3007 1021 et
3045 967 3394 1036 philosophia:
3415 978 3525 1024 tua:
3561 972 3730 1025 metio

464 1070 686 1138 captivis
711 1069 993 1131 abiissent,
1024 1067 1199 1118 minus
1219 1073 1334 1118 erat
1365 1061 1583 1116 malum.
1611 1060 1784 1126 Quare
1826 1057 2039 1110 tandem
2147 1067 2297 1110 tum:
2331 1072 2429 1110 nec
2473 1066 2524 1109 te
2569 1065 2768 1110 tantum
2815 1071 3000 1111 omnes
3045 1057 3450 1113 admirabuntur
3501 1070 3732 1130 propter

467 1159 576 1212 ita!
603 1158 862 1226 Quoniam
900 1165 952 1210 te
975 1157 1180 1209 vivente
1208 1165 1262 1208 et
1302 1162 1497 1206 tantam
1525 1151 1576 1203 in
1605 1165 1703 1204 nos
1723 1147 2043 1203 benevolen-

2149 1148 2279 1202 istos
2331 1149 2533 1216 lapides
2576 1149 2833 1217 pretiosos
2852 1189 2866 1211 ,
2889 1159 3142 1217 quantum
3187 1158 3404 1218 propter
3446 1151 3729 1206 victoriam

469 1249 593 1302 tiam
621 1248 904 1301 exhibente
927 1288 941 1310 ,
971 1260 1094 1315 spes
1126 1253 1242 1298 erat
1267 1244 1351 1296 illa
1381 1252 1572 1296 cuncta
1605 1239 1786 1310 gravia
1812 1237 2045 1291 solutum
2150 1236 2218 1291 de
2257 1237 2613 1307 indignatione
2659 1246 2902 1306 superata
2930 1248 3248 1307 reportatam
3289 1239 3606 1294 laudabunt.
3637 1244 3735 1295 Deo

470 1338 532 1391 iri
553 1380 566 1400 ,
593 1349 647 1391 et
671 1352 768 1390 nos
805 1337 998 1390 iterum
1028 1334 1094 1388 ad
1134 1335 1363 1402 priorem
1401 1331 1624 1386 formam
1660 1328 1924 1383 redituros
1945 1367 1961 1391 ,
1994 1334 2048 1379 et

469 1428 748 1481 clariorem
789 1435 1095 1494 recepturos
1123 1425 1453 1484 libertatem;
1476 1435 1616 1474 nunc
1635 1430 1844 1483 autem,
1877 1417 2048 1470 ablata

473 1517 841 1572 benevolentia
883 1526 1002 1581 tua,
1049 1527 1103 1570 et
1151 1515 1351 1568 amoris
1387 1513 1595 1566 vinculo
1637 1510 1870 1582 violato,
1911 1507 2052 1576 quod

476 1607 623 1663 omni
653 1623 806 1661 muro
834 1607 984 1659 nobis
1009 1614 1123 1660 erat
1152 1606 1311 1657 tutius
1331 1644 1344 1668 ,
1373 1602 1439 1656 ad
1466 1616 1621 1670 quem
1642 1600 1751 1668 jam
1779 1597 2051 1666 confugie-

478 1701 629 1754 mus?
648 1715 753 1768 quo
779 1699 1068 1768 poterimus
1091 1697 1194 1748 alio
1222 1696 1506 1764 respicere,
1541 1703 1646 1747 tam
1670 1692 1810 1745 dulci
1839 1689 2056 1743 domino

479 1801 533 1845 et
557 1791 693 1843 facili
716 1789 1030 1842 exacerbato
1057 1786 1246 1856 patre?
1270 1787 1447 1855 Itaque
1478 1784 1721 1838 videntur
1740 1782 1956 1851 quidem
1980 1781 2060 1832 in-

482 1880 777 1935 tolerabilia
809 1878 1014 1944 fecisse,
1038 1879 1128 1932 sed
1155 1879 1292 1947 passi
1325 1886 1445 1931 sunt
1465 1877 1700 1930 omnium
1725 1874 2057 1944 gravissima,

482 1973 549 2027 ad
582 1973 784 2025 nullum
829 1973 1095 2024 hominem
1129 1969 1384 2022 audentes
1423 1968 1719 2036 reSpicere,
1753 1980 1849 2019 nec
1889 1964 2061 2033 ipsum

489 2072 730 2133 spectare
773 2061 938 2115 solem
971 2060 1150 2114 liberis
1178 2060 1414 2112 valentes
1434 2058 1630 2121 oculis,
1661 2057 1861 2125 pudore
1902 2055 2062 2108 undi-

488 2170 593 2224 que
635 2154 911 2223 palpebras
945 2155 1292 2207 contrahente
1332 2159 1386 2204 et
1410 2151 1659 2204 occultari
1699 2159 1920 2219 cogente
1952 2165 1966 2202 :
2000 2148 2065 2200 li-

491 2246 696 2301 bertate
725 2247 852 2316 ipsis
872 2247 1076 2311 ablata,
1111 2246 1330 2314 captivis
1363 2246 1608 2299 omnibus
1651 2259 1792 2298 nunc
1824 2242 2068 2296 miserius

489 2336 663 2393 aﬂ‘ecti
693 2347 846 2403 sunt,
879 2348 932 2392 et
973 2347 1262 2392 extremam
1305 2337 1572 2390 sustinent
1606 2335 1946 2405 ignominiam
1977 2342 2071 2387 :et

494 2430 753 2483 malorum
801 2428 1217 2497 magnitudinem
1259 2428 1581 2494 cogitantes,
1625 2436 1680 2480 et
1718 2428 1769 2478 in
1815 2435 2070 2494 quantum

495 2520 829 2575 contumelia:
858 2520 1186 2582 resilierunt,
1231 2533 1329 2570 nec
1373 2519 1635 2586 respirare
1672 2525 1920 2584 possunt,
1949 2529 2070 2568 cum

499 2626 687 2663 omnes
719 2620 910 2662 terram
944 2609 1241 2661 habitantes
1268 2609 1317 2660 in
1343 2609 1422 2660 sui
1449 2608 1897 2661 vehementiorem
1925 2620 2075 2658 accu-

496 2701 755 2753 sationem
784 2699 852 2752 ob
871 2713 991 2752 eum
1031 2699 1121 2767 qui
1152 2697 1342 2766 injuria
1371 2696 1591 2751 affectus
1618 2705 1699 2751 est
1741 2695 2071 2749 attraxerint.

499 2789 604 2844 Sed
630 2790 672 2843 si
703 2789 864 2854 velis,
891 2789 1203 2856 Imperator,
1232 2797 1313 2841 est
1341 2788 1545 2841 vulneri
1583 2787 1842 2841 medicina
1881 2794 1936 2840 et
1962 2795 2078 2839 tan-

502 2883 570 2934 tis
599 2880 751 2934 malis
787 2879 1099 2933 remedium.
1144 2878 1350 2946 Saepius
1389 2887 1442 2932 et
1471 2876 1609 2946 apud
1649 2878 1878 2945 privatos
1908 2875 2080 2928 homi-

504 2988 598 3025 nes
623 2973 724 3023 hoc
751 2969 943 3024 factum
974 2978 1090 3033 est;
1119 2985 1321 3038 magna:
1359 2979 1413 3024 et
1436 2968 1796 3022 intolerabiles
1823 2967 2076 3021 offensio-

505 3076 602 3115 ncs
642 3075 844 3129 magna:
870 3060 1104 3113 caritatis
1146 3059 1364 3112 materia
1412 3058 1564 3112 factae
1609 3067 1772 3112 sunt:
1802 3058 1880 3111 sic
1935 3065 1989 3110 et
2027 3057 2079 3109 in

506 3162 691 3206 natura
716 3161 891 3205 nostra
929 3152 1125 3206 evenit.
1148 3152 1278 3205 Cum
1305 3151 1444 3204 enim
1473 3149 1742 3203 hominem
1773 3149 1913 3202 Deus
1933 3147 2077 3211 fecit,

505 3254 560 3298 et
601 3246 653 3298 in
681 3243 979 3313 paradisum
1028 3242 1265 3307 induxit,
1297 3250 1351 3295 et
1372 3241 1538 3294 multo
1565 3240 1782 3308 dignum
1821 3240 1947 3294 fecit
1984 3239 2082 3293 ho-

510 3350 673 3400 nore,
729 3343 924 3386 tantam
973 3333 1217 3387 diabolus
1264 3332 1667 3400 prosperitatem
1717 3345 1823 3384 non
1871 3329 2081 3395 ferens,

510 3426 693 3478 invidit
721 3441 733 3476 :
765 3433 821 3478 et
847 3424 992 3477 illum
1021 3438 1051 3476 a
1090 3422 1208 3476 data
1236 3421 1438 3491 expulit
1475 3421 1748 3490 dignitate.
1791 3419 1896 3475 Sed
1945 3420 2084 3474 Deus

510 3533 614 3570 non
641 3524 841 3570 tantum
886 3515 1057 3584 ipsum
1095 3529 1201 3568 non
1228 3513 1432 3584 reliquit
1457 3553 1472 3577 ,
1498 3527 1680 3566 verum
1709 3519 1764 3566 et
1801 3525 1898 3580 pro
1927 3523 2086 3579 para-

513 3607 630 3661 diso
655 3609 840 3662 ca-lnm
861 3608 1089 3676 aperuit,
1123 3607 1222 3660 hoc
1250 3607 1363 3675 ipso
1389 3605 1545 3659 simul
1572 3605 1836 3674 propriam
1861 3603 2086 3659 demon-

513 3707 687 3753 strans
714 3699 1107 3767 benignitatem,
1136 3707 1190 3752 et
1213 3697 1479 3751 diabolum
1505 3697 1671 3766 magis
1700 3697 1944 3765 puniens.
1978 3695 2090 3749 [loc

513 3800 568 3845 et
597 3801 649 3844 tu
694 3792 854 3844 facias
899 3809 912 3843 :
954 3805 1093 3844 nunc
1141 3790 1317 3844 omnia
1362 3799 1642 3844 moverunt
1682 3789 1992 3855 dmmones,
2036 3796 2091 3842 ut

514 3881 751 3933 omnium
794 3880 886 3932 tibi
931 3881 1283 3949 gratissimam
1331 3881 1597 3933 civitatem
1647 3895 1678 3933 a
1727 3880 2090 3935 benevolentia

518 3981 603 4024 tua
656 3979 998 4041 separarent;
1043 3969 1145 4023 hoe
1186 3985 1312 4023 vero
1367 3981 1421 4024 tu
1464 3987 1603 4024 nunc
1649 3973 1843 4037 sciens,
1883 3986 2091 4041 pmnam

517 4062 756 4128 quamvis
783 4061 984 4129 exigas,
1017 4061 1175 4128 priori
1207 4061 1433 4113 amicitia
1463 4076 1528 4114 ne
1555 4076 1651 4115 nos
1682 4062 1951 4116 extrudas.
1981 4062 2086 4117 Sed

521 4161 574 4204 ct
604 4151 646 4204 si
671 4161 861 4219 prteter
902 4151 1202 4220 opinionem
1242 4151 1439 4220 aliquid
1483 4166 1620 4205 nunc
1664 4153 1843 4207 dicere
1872 4153 1949 4207 fas
1978 4162 2092 4220 est,

521 4240 680 4293 etiam
704 4256 840 4294 nunc
866 4241 1002 4294 inter
1042 4242 1348 4294 dilectarum
1395 4242 1590 4309 primas
1619 4243 1785 4311 ipsam
1813 4245 1985 4299 scribe
2004 4285 2019 4306 ,
2051 4245 2095 4298 si

521 4329 680 4384 modo
707 4331 973 4383 dzntnonas
999 4333 1111 4384 hxc
1147 4344 1396 4400 operatus
1441 4333 1518 4385 vis
1563 4333 1764 4386 ulcisci.
1805 4333 1861 4387 Si
1907 4350 2098 4403 nempe

521 4418 764 4474 destruas
784 4430 836 4473 et
851 4421 1072 4474 subruas
1096 4430 1150 4474 et
1171 4421 1370 4487 deleas,
1390 4438 1508 4491 qua:
1534 4423 1678 4491 prius
1703 4423 1775 4477 illi
1797 4424 2094 4492 voluerunt,

523 4511 636 4564 hzec
665 4510 885 4575 efﬁcies;
913 4511 958 4565 si
988 4527 1111 4565 vero
1141 4513 1271 4566 iram
1301 4513 1532 4569 dimittes
1556 4524 1610 4569 et
1635 4524 1684 4570 te
1713 4531 1896 4570 rursus
1929 4517 2095 4586 ipsam

521 4619 724 4670 amare,
750 4604 886 4658 sicut
908 4605 1053 4672 prius
1067 4606 1303 4671 amabas,
1334 4607 1633 4662 confitearis
1652 4650 1666 4672 ,
1699 4608 1946 4662 lethalem
1973 4610 2100 4678 ipsis

525 4695 729 4765 plagam
779 4694 1050 4759 intuleris,
1082 4705 1136 4749 et
1166 4696 1400 4750 ultimam
1444 4697 1512 4750 ab
1550 4699 1676 4766 ipsis
1707 4699 1961 4754 ultionem
2002 4715 2102 4754 cx-

527 4788 733 4858 egeris,
762 4786 1133 4840 demonstrans
1157 4801 1260 4840 non
1292 4796 1492 4842 tantum
1522 4788 1653 4842 nihil
1691 4790 1914 4857 amplius
1959 4791 2102 4859 ipsos

521 4895 618 4949 per
639 4877 855 4932 insidias
881 4875 1164 4946 perfecisse
1186 4917 1202 4942 ,
1232 4893 1414 4932 verum
1446 4890 1499 4933 et
1527 4890 1711 4933 cuncta
1750 4879 1878 4949 ipsis
1893 4889 2104 4935 contra-

525 4972 632 5038 ria,
665 4986 821 5040 quam
850 4969 1128 5034 volebant,
1152 4969 1429 5024 accidisse.
1459 4969 1690 5040 Equum
1719 4981 1894 5025 autem
1921 4971 2099 5036 fuerit,

525 5075 582 5117 ut
613 5063 726 5118 ltrec
752 5064 914 5118 facias
940 5073 993 5116 et
1021 5062 1249 5117 civitatis
1273 5064 1592 5130 miserearis,
1617 5066 1701 5120 cui
1730 5076 1944 5135 prOpter
1971 5065 2104 5118 ami-

526 5153 705 5204 citiam
756 5162 897 5206 tuam
944 5151 1217 5207 daemones
1262 5153 1589 5218 inviderunt;
1623 5156 1720 5208 nisi
1763 5157 1902 5209 enim
1936 5157 2106 5225 ipsam

529 5254 632 5295 tam
666 5245 1006 5300 vehementer
1030 5261 1264 5300 amasses
1283 5288 1300 5312 ,
1340 5262 1437 5300 nec
1469 5249 1632 5316 ipsam
1661 5248 1733 5300 illi
1762 5257 1904 5300 tanta
1958 5247 2105 5301 inse-

529 5335 654 5386 ctati
685 5335 906 5391 fuissent
933 5338 1146 5390 invidia.
1176 5339 1354 5408 Itaque
1392 5339 1489 5393 etsi
1521 5340 1813 5393 mirandum
1851 5349 1934 5394 est
1967 5337 2106 5406 quod

529 5423 742 5489 dicitur,
774 5435 854 5478 est
877 5433 1052 5477 tamen
1079 5442 1295 5492 verum,
1329 5429 1466 5497 quod
1517 5444 1729 5500 propter
1763 5443 1812 5486 te
1840 5441 1893 5486 et
1921 5433 2107 5486 atnici-

534 5515 656 5570 t’mn
687 5526 827 5570 tuam
859 5516 971 5570 lucc
1003 5532 1152 5585 passa
1183 5521 1272 5574 sit.
1305 5521 1444 5588 Quot
1469 5525 1745 5590 incendiis,
1771 5533 1962 5596 quanta
1984 5526 2108 5580 sub-

2149 1328 2393 1398 jecerunt
2428 1338 2629 1382 statuas
2670 1329 2819 1382 tuas?
2857 1328 2951 1383 sed
2992 1329 3098 1383 illis
3146 1329 3401 1384 clariores
3445 1333 3735 1386 restituere

2158 1421 2248 1473 tibi
2291 1420 2431 1475 licet.
2464 1421 2519 1474 Si
2548 1421 2689 1475 enim
2721 1421 2925 1490 injuria:
2961 1423 3268 1476 auctoribus
3296 1423 3523 1477 crimina
3550 1426 3739 1479 remit-

2158 1521 2239 1566 tas
2261 1553 2276 1576 ,
2305 1525 2354 1566 et
2379 1513 2576 1566 nullam
2606 1513 2733 1582 ipsis
2770 1512 2965 1568 inferas
3000 1529 3210 1582 penam
3236 1515 3276 1579 ί,
3305 1530 3410 1568 non
3454 1531 3658 1571 :et-eam
3687 1518 3738 1572 in

2160 1605 2273 1658 foro
2325 1605 2415 1659 tibi
2447 1615 2670 1658 statuam
2718 1605 2954 1673 erigent,
2992 1619 3090 1658 nec
3133 1619 3347 1658 auream
3370 1647 3384 1669 ,
3415 1620 3516 1660 nec
3544 1607 3744 1676 lapillis

2159 1706 2579 1766 coagmentatum
2603 1714 2618 1749 :
2642 1696 2736 1750 sed
2768 1696 2911 1749 omni
2954 1696 3172 1749 materia
3220 1694 3523 1764 pretiosiori
3578 1699 3741 1753 indu-

2163 1796 2301 1852 tam,
2344 1788 2668 1840 humanitate
2711 1787 2912 1840 scilicet
2933 1795 2987 1839 et
3033 1785 3419 1840 misericordia.
3472 1787 3660 1842 Talem
3691 1788 3746 1843 in

2166 1889 2341 1933 mente
2371 1880 2593 1948 quisque
2618 1894 2712 1932 sua
2743 1888 2795 1933 te
2819 1880 3045 1948 erigent,
3075 1887 3131 1932 et
3162 1888 3238 1932 tot
3265 1878 3486 1933 habebis
3516 1888 3747 1947 statuas,

2166 1978 2296 2040 quot
2339 1971 2525 2026 orbem
2567 1969 2804 2024 habitant
2854 1970 3097 2026 homines
3133 1981 3187 2026 et
3239 1971 3576 2026 habitabunt.
3633 1973 3752 2029 Non

2169 2063 2311 2116 enim
2352 2077 2450 2117 nos
2476 2072 2675 2116 tantum
2697 2104 2713 2128 ,
2747 2078 2931 2116 verum
2958 2071 3016 2117 et
3045 2071 3166 2132 post
3189 2077 3287 2117 nos
3312 2063 3512 2128 futuri,
3545 2072 3601 2118 et
3631 2075 3753 2134 post

2172 2154 2292 2209 illos
2313 2169 2497 2208 omnes
2544 2155 2658 2208 hac
2681 2153 2929 2220 audient,
2951 2161 3008 2207 et
3030 2162 3298 2223 tamquam
3345 2154 3445 2222 ipsi
3471 2154 3614 2210 bene
3643 2155 3756 2208 fue-

2177 2245 2284 2298 rint
2309 2244 2471 2298 habiti
2496 2287 2510 2310 ,
2543 2245 2620 2299 sic
2647 2253 2698 2299 te
2717 2243 3117 2298 admirabuntur
3143 2253 3198 2298 et
3223 2244 3498 2298 amabunt.
3527 2247 3594 2299 Et
3611 2247 3756 2314 quod

2175 2334 2290 2390 haec
2314 2351 2418 2389 non
2443 2345 2717 2390 assentans
2737 2335 2906 2388 dicam
2922 2375 2937 2400 ,
2980 2335 3073 2389 sed
3112 2335 3190 2387 sic
3215 2331 3454 2389 futurum
3480 2335 3550 2390 sit
3579 2335 3755 2390 omni-

2175 2441 2273 2490 no,
2311 2427 2586 2494 antiquum
2614 2425 2704 2478 tibi
2745 2424 2972 2479 referam
3019 2439 3320 2479 sermonem
3348 2425 3634 2492 quemdam
3655 2464 3673 2492 ,
3698 2437 3758 2479 ut

2177 2518 2351 2573 discas
2380 2533 2484 2572 non
2515 2527 2714 2571 tantum
2744 2517 3037 2581 exercitus,
3065 2530 3243 2581 arma,
3275 2517 3544 2584 pecunias,
3565 2518 3762 2572 subdi-

2180 2619 2354 2663 torum
2377 2607 2768 2663 multitudinem
2794 2617 2847 2661 et
2879 2607 2979 2660 alia
3015 2607 3318 2676 hujusmodi
3342 2607 3655 2676 splendidos
3683 2607 3760 2659 fa-

2179 2715 2301 2755 cere
2326 2714 2479 2769 reges
2503 2698 2863 2763 consuevisse,
2896 2706 3148 2766 quantum
3181 2696 3345 2750 animi
3369 2695 3760 2766 philos0phiam

2181 2799 2236 2846 et
2263 2791 2738 2845 mansuetudinem.

2254 2880 2531 2935 Pulchrum
2552 2877 2861 2934 Constantini
2883 2879 3092 2932 dictum.
3109 2908 3182 2918 —
3198 2877 3389 2933 Fertur
3406 2878 3592 2932 beatus
3616 2879 3761 2932 Cett-

2188 2973 2472 3036 stantinus,
2495 2971 2668 3039 effigie
2690 2985 2780 3023 sua
2803 2968 3085 3038 aliquando
3108 2968 3356 3038 lapidata,
3380 2968 3560 3022 multis
3590 2969 3764 3038 ipsum

2187 3062 2558 3131 instigantibus
2580 3061 2645 3114 ad
2674 3059 2988 3128 supplicium
3009 3059 3075 3114 de
3095 3060 3402 3113 auctoribus
3424 3062 3770 3114 contumelia:

2187 3154 2500 3211 sumendum
2522 3194 2537 3217 ,
2577 3162 2632 3208 et
2673 3153 2973 3207 dicentibus
3009 3167 3102 3207 eos
3137 3167 3349 3207 omnem
3383 3153 3548 3220 ipsius
3580 3153 3770 3208 faciem

2191 3244 2336 3298 saxis
2359 3244 2668 3296 vulnerasse
2687 3283 2703 3308 ,
2747 3257 2905 3295 manu
2938 3241 3123 3296 faciem
3154 3241 3371 3310 palpans
3401 3253 3454 3296 et
3479 3242 3674 3296 leniter
3701 3244 3774 3296 ri-

2190 3336 2323 3390 dens
2367 3334 2606 3388 dixisse:
2638 3335 2748 3403 Ego
2791 3347 2921 3387 vero
2963 3347 3222 3403 nusquam
3263 3332 3455 3387 vulnus
3500 3334 3552 3387 in
3599 3333 3773 3388 fronte

2193 3427 2386 3480 factum
2415 3426 2596 3488 video,
2626 3425 2720 3480 sed
2747 3440 2932 3479 sanum
2963 3424 3172 3494 quidem
3201 3434 3381 3494 caput,
3405 3439 3535 3478 sana
3562 3441 3694 3480 vero
3721 3435 3778 3481 et

2195 3516 2355 3570 facies
2381 3525 2508 3570 tota.
2546 3514 2624 3569 llli
2665 3529 2791 3569 vero
2817 3515 3027 3568 reveriti
3061 3521 3115 3568 et
3137 3513 3341 3568 confusi
3365 3514 3434 3567 ab
3463 3513 3566 3569 hoc
3594 3516 3777 3584 iniquo

2194 3609 2444 3663 destitero
2481 3608 2744 3661 consilio:
2775 3615 2828 3661 et
2871 3606 2971 3659 hoc
3009 3605 3225 3660 verbum
3277 3606 3534 3658 hactenus
3576 3616 3778 3661 canunt

2195 3713 2421 3752 omnes:
2453 3713 2552 3752 nec
2598 3707 2802 3750 tantum
2849 3697 3104 3764 temporis
3153 3695 3431 3761 labefecit,
3480 3707 3572 3751 aut
3618 3698 3778 3765 hujus

2199 3789 2547 3858 philosophi-3
2591 3788 2899 3841 memoriam
2942 3786 3216 3841 exstinxit.
3255 3788 3393 3854 Quot
3429 3802 3535 3841 non
3575 3788 3648 3842 sit
3678 3788 3779 3843 hoc

2199 3881 2411 3948 tropreis
2455 3878 2813 3947 splendidius?
2857 3877 3046 3931 Multas
3085 3879 3447 3946 magnasque’
3493 3878 3657 3933 urbes
3694 3880 3782 3933 ille

2199 3971 2435 4026 condidit
2459 3981 2514 4025 et
2539 3971 2732 4023 multos
2768 3969 3022 4024 barbaros
3066 3969 3366 4038 superavit,
3408 3967 3502 4022 sed
3531 3971 3781 4026 memini-

2201 4081 2320 4119 mus
2351 4065 2558 4118 illorum
2590 4062 2750 4126 nihil;
2783 4061 2883 4115 hoc
2909 4069 3085 4114 autem
3117 4059 3336 4114 verbum
3366 4075 3535 4129 usque
3563 4062 3616 4115 iu
3649 4079 3785 4131 pra:-

2203 4165 2410 4210 sentem
2457 4155 2595 4208 diem
2641 4154 2870 4216 canitur,
2915 4163 2970 4206 et
3015 4153 3212 4222 posteri
3261 4152 3430 4206 nostri
3478 4160 3534 4206 et
3581 4155 3785 4222 posteri

2203 4249 2419 4302 illorum
2445 4261 2630 4301 omnes
2660 4246 2885 4314 idipsum
2912 4243 3148 4298 audient.
3182 4243 3289 4296 Nec
3311 4244 3483 4297 solum
3509 4252 3590 4297 est
3619 4245 3787 4297 admi-

2203 4341 2448 4403 randum,
2474 4338 2612 4409 quod
2640 4338 2875 4397 audient,
2915 4336 3262 4391 verutnetiam
3292 4334 3437 4403 quod
3463 4335 3714 4389 laudibus
3735 4345 3790 4390 et

2205 4431 2390 4486 faustis
2413 4431 2591 4484 verbis
2618 4438 3034 4498 prosequentur,
3079 4426 3423 4493 dicentesque
3456 4424 3785 4489 laudabunt,

2207 4532 2260 4578 et
2288 4523 2563 4577 audientes
2591 4530 2736 4590 grate
2765 4519 3055 4589 suscipient
3079 4536 3093 4571 :
3121 4533 3219 4572 nec
3264 4515 3404 4572 nllus
3443 4525 3530 4571 est
3557 4517 3649 4586 qui
3679 4517 3789 4589 hsce

2206 4613 2451 4678 audiens,
2496 4613 2656 4667 silere
2687 4610 2888 4681 possit,
2919 4611 3045 4680 quin
3078 4608 3275 4679 pariter
3299 4608 3567 4662 exclamet
3589 4618 3644 4662 et
3672 4609 3788 4662 talia

2209 4707 2471 4762 dicentem
2499 4706 2708 4766 laudet,
2741 4715 2796 4759 et
2827 4705 3103 4757 innumera
3132 4701 3229 4770 ipsi
3255 4701 3339 4756 vel
3366 4700 3623 4760 defuncto
3657 4701 3786 4754 bona

2210 4809 2476 4870 precetur.
2502 4798 2653 4865 Quod
2680 4797 2723 4850 si
2751 4805 2965 4864 propter
2989 4794 3116 4848 illud
3138 4794 3356 4848 verbum
3382 4792 3524 4862 apud
3550 4793 3790 4847 homines

2211 4899 2353 4944 tanta
2393 4889 2588 4960 potitus
2613 4897 2695 4943 est
2722 4888 2886 4957 gloria
2908 4925 2923 4951 ,
2968 4895 3098 4956 quot
3125 4885 3263 4954 apud
3309 4884 3596 4954 benignum
3627 4883 3786 4938 Deum

2212 4997 2440 5041 coronas
2466 4979 2820 5049 assequetur‘l

2283 5075 2553 5131 Theodosii
2584 5073 2886 5127 humanitas.
2917 5101 2986 5113 -—
3005 5069 3141 5138 Quid
3171 5077 3350 5122 autem
3379 5081 3515 5137 opus
3544 5074 3626 5122 est
3649 5065 3785 5120 Con-

2211 5168 2499 5223 stantinum
2527 5174 2580 5220 et
2606 5164 2777 5218 aliena
2805 5160 3048 5231 exempla
3089 5173 3512 5214 commemorare
3536 5199 3552 5221 ,
3594 5171 3707 5211 cum
3735 5162 3791 5206 te

2214 5261 2280 5315 de
2308 5258 2536 5329 propriis
2561 5256 2764 5313 meritis
2790 5255 2894 5309 tuis
2916 5267 3050 5322 opus
3069 5252 3139 5305 sit
3159 5249 3432 5305 exhortari
3446 5248 3471 5300 τ
3491 5246 3790 5303 Recordare

2213 5355 2448 5424 priorum
2474 5391 2490 5416 ,
2519 5348 2729 5420 quando
2755 5345 3092 5401 solemnitate
3129 5342 3228 5395 hac
3253 5339 3662 5409 superveniente
3700 5349 3790 5405 per

2279 5470 2295 5500 ι
2332 5463 2470 5515 savil.
2494 5477 2507 5511 :
2537 5467 2588 5510 Et
2615 5458 2723 5510 illos
2747 5454 2931 5508 nullam
2953 5454 3073 5504 dare
3094 5465 3282 5515 prenmn
3305 5451 3455 5501 sinas.

2279 5531 2301 5562 ι
2334 5536 2525 5587 vacem,
2546 5536 2757 5588 magnas,
2783 5533 2812 5570 c
2829 5518 2998 5570 Sav‘tlio
3021 5516 3302 5578 adiecimus.
