4020 6216
108 221 205 280 215

104 336 374 411 εὐεργέτην
400 330 715 404 ἀγνώμονες
755 328 1053 400 ἐφάνημεν,
1082 330 1177 405 καὶ
1202 331 1294 385 τὸν
1328 334 1553 405 σφοδρὸν
1592 335 1749 406 ἡμῶν

106 423 481 496 παρωξύναμεν
500 420 758 491 ἐραστήν.
775 417 896 473 Κᾶν
911 417 1292 490 κατασκάψῃς,
1308 418 1410 473 κάν
1434 421 1749 495 ἐμπρήσῃς,

106 516 197 569 κᾶν
229 510 572 580 ἀποκτείνῃς,
608 506 711 561 κᾶν
739 505 920 559 ὁτιοῦν
940 507 1127 576 ἕτερον
1150 506 1385 579 πράξῃς,
1419 506 1635 561 οὐδέπω
1655 508 1754 580 τὴν

105 602 244 668 ἀξίαν
262 598 404 669 ἡμᾶς
435 596 724 667 ἀπῄτησας
747 594 932 664 δίκην
966 593 1274 662 φθάσαντες
1302 592 1412 664 γάρ
1441 595 1602 664 ἡμεῖς
1629 596 1754 647 ἐαυ.

106 692 216 752 τοὺς
249 687 453 759 μυρίων
487 684 735 738 θανάτων
759 680 1114 753 χαλεπώτερα
1143 681 1498 754 διεθήκαμεν.
1543 682 1609 735 Τί
1646 682 1752 753 γὰρ

105 777 160 829 ἂν
179 775 378 844 γένοιτο
416 771 762 841 πικρότερον,
814 767 930 821 ἀλλ’
964 768 997 838 ἢ
1036 770 1166 822 ὃταν
1197 768 1290 822 τὸν
1333 770 1630 841 εὐεργέτην
1658 770 1753 823 καὶ

104 861 231 913 οῦτω
245 858 500 928 φιλοῦντα
523 856 787 928 φανῶμεν
809 855 1012 919 ἀδίκως
1032 874 1109 909 πα
1116 856 1461 928 ροξύναντες,
1479 856 1755 910 καὶτοῦτο

104 950 239 1001 πᾶσα
267 948 300 1016 ἡ
348 945 639 1017 οἰκουμένη
695 944 965 1016 μανθάνῃ,
1018 945 1113 997 καὶ
1164 945 1268 1015 τὴν
1320 945 1557 1015 ἐσχάτην
1595 944 1753 1015 ἡμῶν

104 1034 476 1105 ἀγνωμοσύνην
537 1031 959 1103 καταγινώσκῃ;
1022 1033 1087 1085 Εἰ
1144 1032 1410 1104 βάρϐαροι
1455 1032 1553 1104 την
1598 1033 1754 1086 πόλιν

104 1122 243 1193 ἡμῶν
293 1120 740 1194 καταδραμόντες
781 1120 1136 1191 κατέσκαψαν
1176 1121 1246 1175 τά
1277 1120 1468 1192 τείχη,
1527 1121 1623 1174 καὶ
1656 1120 1755 1184 τάς

103 1211 260 1274 οἰκίας
289 1209 622 1279 ἐνέπρησαν,
661 1207 758 1262 καὶ
787 1207 1044 1272 λαϐόντες
1076 1208 1459 1279 αἰχμαλώτους
1490 1208 1753 1280 ἀπῆλθον,

104 1298 302 1351 ἔλαττον
322 1293 392 1368 ἦν
424 1310 449 1337 ι
484 1297 545 1350 τὸ
571 1296 762 1350 δεινόν.
786 1295 852 1348 Τί
881 1295 1079 1367 δήποτε
1101 1312 1116 1359 ;
1136 1296 1260 1350 Ὀτι
1287 1295 1379 1349 σοῦ
1415 1295 1638 1361 ζῶντος,
1662 1296 1755 1349 καὶ

102 1384 350 1456 τοσαύτην
394 1384 838 1455 ἐπιδεικνυμένου
876 1384 1002 1454 περὶ
1048 1385 1195 1454 ἡμᾶς
1226 1383 1462 1451 εὔνοιαν,
1494 1383 1649 1447 ἐλπὶς
1686 1379 1755 1454 ἦν

103 1475 265 1526 ἐκεῖνα
297 1472 478 1527 πάντα
509 1471 835 1543 λυθήσεσθαι
866 1470 932 1525 τὰ
957 1470 1126 1535 δεινὰ,
1167 1472 1263 1524 καὶ
1292 1471 1454 1526 πάλιν
1484 1474 1515 1543 ἠ
1526 1474 1633 1542 μᾶς
1662 1473 1757 1525 ἐπὶ

104 1562 154 1614 τὸ
191 1559 453 1632 πρότερον
482 1559 774 1632 ἐπανήξειν
810 1560 1013 1631 σχῆμα,
1066 1561 1161 1615 καὶ
1188 1558 1571 1631 λαμπροτέραν
1618 1561 1754 1613 ἀπο-

106 1647 345 1718 λήψεσθαι
397 1646 497 1719 τὴν
548 1646 894 1719 ἐλευθερίαν·
948 1645 1043 1700 νῦν
1092 1646 1181 1710 δὲ,
1246 1648 1339 1716 τῆς
1392 1644 1491 1715 σῆς
1543 1646 1756 1711 εὐνοίας

106 1736 447 1810 ἀφῃρημένης
501 1734 729 1789 καὶτοῦ
786 1736 1013 1807 φίλτρου
1076 1734 1433 1798 σϐεσθέντος,
1487 1733 1516 1786 ὃ
1554 1734 1756 1798 παντὸς

105 1824 288 1892 τείχους
328 1817 403 1893 ἦν
443 1824 580 1893 ἡμῖν
608 1821 1045 1893 ἀσφαλέστερον,
1096 1820 1233 1891 πρὸς
1272 1820 1392 1873 τίνα
1437 1820 1623 1874 λοιπὸν
1658 1837 1759 1874 κα-

107 1910 465 1981 ταφευξόμεθα
486 1928 501 1978 ;
522 1909 624 1963 ποῦ
645 1910 987 1981 δυνησόμεθα
1007 1910 1135 1962 ἰδεῖν
1161 1909 1416 1981 ἑτέρωσε,
1444 1908 1535 1962 τὸν
1552 1908 1757 1978 γλυκὺν

109 1997 226 2051 οὕτω
247 1998 517 2070 δεσπότην
555 1998 650 2052 καὶ
707 1998 919 2069 πατέρα
970 1997 1219 2069 προσηνῆ
1271 1996 1754 2067 παροργίσαντες;

112 2086 249 2137 Ὠστι
299 2085 527 2139 δοκοῦσι
578 2084 680 2156 μὲν
721 2085 970 2156 ἀφόρητα
1027 2085 1429 2153 πεποιηκέναι’
1466 2083 1663 2137 ἔπαθον
1700 2084 1757 2138 δὲ

113 2173 295 2225 πάντων
334 2172 641 2243 δεινότερα,
687 2172 825 2244 πρὸς
852 2170 1041 2225 οὐδένα
1085 2171 1389 2243 ἀνθρώπων
1439 2170 1758 2241 ἀντιϐλέψαι

113 2261 382 2331 τολμῶντες
409 2298 425 2323 ,
478 2260 601 2313 οὐδὲ
631 2260 796 2313 αὑτὸν
829 2259 956 2312 ἰδεῖν
986 2258 1274 2330 δυνάμενοι
1303 2259 1396 2313 τὸν
1430 2259 1581 2331 ἥλιον
1609 2259 1760 2313 ἐλευ-

117 2348 262 2417 θέροις
310 2347 641 2420 ὀφθαλμοῖς,
689 2348 789 2419 τῆς
834 2345 989 2420 [218]
1036 2346 1299 2419 αἰσχύνης
1334 2347 1611 2418 πανταχοῦ
1660 2366 1761 2403 κα-

120 2436 483 2506 ταστελλούσης
545 2435 614 2489 τά
662 2434 908 2506 βλέφαρα
973 2436 1067 2488 καὶ
1130 2435 1568 2503 ἐγκαλύπτεσθαι
1629 2452 1762 2489 κατ-

120 2523 506 2593 αναγκαζούσης
526 2538 540 2553 ·
579 2521 676 2589 τῆς
706 2522 1017 2594 παρρησίας
1049 2517 1142 2575 οὖν
1168 2523 1350 2585 αὐτοῖς
1379 2523 1759 2594 ἀνῃρημένης,

121 2612 297 2665 πάντων
320 2609 695 2681 αἰχμαλώτων
724 2608 1050 2681 ἀθλιώτερον
1068 2609 1369 2663 διάκεινται
1393 2610 1510 2673 νῦν,
1544 2611 1639 2664 καὶ
1662 2610 1761 2682 τὴν

119 2699 313 2769 ἐσχάτην
365 2698 742 2769 ὑπομένουσιν
795 2697 1053 2769 ἀτιμίαν,
1112 2699 1210 2751 καὶ
1263 2698 1328 2751 τὸ
1389 2698 1623 2769 μέγεθος
1653 2698 1762 2751 τῶν

119 2785 269 2837 κακῶν
297 2785 635 2849 ἐννοοῦντες,
669 2787 764 2838 καὶ
791 2787 871 2849 εἰς
919 2786 1045 2838 ὅσον
1079 2786 1495 2857 ἀπεσκίρτησαν
1529 2785 1760 2857 ὕϐρεως,

118 2871 211 2925 οὐδὲ
240 2875 503 2927 ἀναπνεῖν
527 2872 782 2926 δύνανται
815 2872 909 2926 τοῦ
934 2872 1223 2937 δοκοῦντος
1248 2873 1505 2946 ὑϐρίσθαι
1541 2875 1766 2946 σφοδρο-

120 2960 275 3029 τέρους
299 2963 435 3025 τοὺς
461 2962 563 3033 τὴν
591 2961 920 3034 οἰκουμένην
965 2960 1251 3025 οἰκοῦντας
1280 2963 1528 3026 ἅπαντας
1557 2962 1768 3034 ἀνθρώ-

122 3065 225 3114 πους
250 3052 693 3123 ἐπισπασάμενοι
744 3051 1105 3121 κατηγόρους.
1144 3050 1284 3103 Ἀλλ’
1340 3050 1436 3105 ἐὰν
1491 3050 1672 3125 θέλῃς,
1721 3045 1768 3105 ῶ

121 3133 328 3204 βασιλεῦ,
365 3139 523 3193 ἔστιν
576 3139 721 3202 ἴασις
748 3137 827 3207 τῷ
854 3137 1154 3210 τραύματι,
1186 3138 1281 3191 καὶ
1333 3137 1626 3210 φάρμακον
1653 3143 1767 3203 τοῖς

120 3225 358 3291 τοσούτοις
382 3228 605 3291 κακοῖς.
634 3225 903 3289 Πολλάκις
933 3227 1029 3279 καὶ
1080 3227 1174 3279 ἐπὶ
1206 3225 1434 3280 ἰδιωτῶν
1481 3225 1639 3281 τοῦτο
1668 3226 1767 3296 γέ-

119 3326 243 3376 γονε·
268 3314 333 3367 τά
375 3313 597 3384 μεγάλα
626 3313 721 3367 καὶ
752 3313 1001 3384 ἀφόρητα
1033 3313 1502 3384 προσκρούσματα
1523 3316 1769 3387 μεγάλης

120 3397 376 3465 διαθέσεως
410 3402 639 3469 γέγονεν
669 3401 956 3463 ὑπόθεσις·
990 3400 1135 3454 οὑτω
1173 3401 1267 3455 καὶ
1297 3402 1391 3454 ἐπί
1428 3404 1526 3474 τῆς
1552 3402 1769 3471 φύσεως

123 3486 289 3558 συνέϐη
312 3490 420 3560 τῆς
441 3488 741 3560 ἡμετέρας.
779 3489 909 3541 Ὅτε
933 3488 1040 3559 γάρ
1090 3489 1179 3541 τὸν
1200 3488 1489 3560 ἄνθρωπον
1512 3490 1768 3562 ἐποίησεν

122 3572 146 3621 ὁ
170 3572 284 3638 Θεὸς
319 3575 422 3629 καὶ
472 3578 554 3639 εἰς
605 3575 699 3629 τὸν
743 3575 1076 3647 παράδεισον
1129 3578 1389 3646 εἰσήγαγε
1434 3577 1530 3631 καὶ
1568 3578 1770 3649 πολλῆς

121 3656 287 3726 ἠξίωσε
327 3662 528 3735 τιμῆς,
584 3663 645 3716 οὐ
706 3664 887 3736 φέρων
933 3664 1033 3735 τὴν
1080 3665 1351 3736 τοσαύτην
1403 3666 1703 3737 εὐημερίαν
1744 3670 1773 3720 ὁ

119 3746 335 3815 διάϐολος
389 3752 702 3823 ἐϐάσκηνέν
747 3769 806 3804 τε
862 3752 1012 3823 αὐτῷ
1069 3754 1162 3806 καὶ
1218 3754 1317 3824 τῆς
1381 3753 1627 3825 δοθείσης
1688 3754 1773 3819 ἐξ·

126 3833 257 3891 ίϐαλε
287 3838 603 3911 προεδρίας.
640 3839 779 3892 Ἀλλ’
808 3841 836 3893 ό
866 3839 995 3903 Θεὸς
1020 3841 1080 3893 οὑ
1107 3842 1264 3912 μόνον
1288 3842 1447 3895 αὐτὸν
1473 3842 1531 3894 ού
1562 3843 1775 3897 κατέλι-

120 3938 219 3983 πεν.
244 3926 380 3980 ἀλλά
405 3928 503 3980 καὶ
528 3926 647 3980 ἀντὶ
665 3928 991 4001 παραδείσου
1016 3929 1107 3982 τὸν
1136 3929 1361 4000 οὐρανὸν
1389 3931 1519 4001 ἡμῖν
1550 3931 1772 4002 ἀνέῳξε,

122 4012 268 4084 τούτῳ
294 4032 353 4068 τε
386 4014 543 4086 αὐτῷ
570 4016 667 4086 τήν
695 4033 754 4069 τε
796 4018 1002 4071 οἰκείαν
1034 4017 1439 4089 φιλανθρωπίαν
1467 4020 1773 4074 ἐπιδεικνύ-

124 4116 276 4166 μενος,
306 4104 403 4157 καὶ
440 4103 534 4157 τὸν
564 4103 808 4158 διάϐολον
835 4104 1094 4175 μειζόνως
1115 4105 1374 4170 κολάζων.
1396 4106 1564 4161 Τοῦτο
1589 4110 1683 4162 καὶ
1710 4112 1773 4164 σὺ

123 4191 339 4259 ποίησον
371 4193 561 4247 πάντα
588 4193 847 4263 ἐκίνησαν
892 4194 939 4245 οἰ
964 4192 1216 4264 δαίμονες
1244 4194 1359 4260 νῦν,
1388 4195 1529 4249 ὥστε
1547 4197 1645 4268 τὴν
1668 4215 1775 4253 πα-

120 4275 301 4332 σῶνσοι
334 4280 606 4352 φιλτάτην
634 4281 790 4334 πόλιν
825 4282 1132 4353 ἀπορρῆξαί
1161 4299 1255 4335 σου
1280 4282 1376 4353 τῆς
1404 4284 1632 4348 εὐνοίας·
1656 4286 1779 4340 τοῦ·

121 4381 170 4417 το
199 4370 367 4424 τοίνυν
402 4368 589 4432 εἰδὼς,
611 4369 768 4441 δίκην
797 4369 896 4441 μὲν
940 4370 1005 4441 ἢν
1031 4368 1203 4433 θέλεις
1244 4372 1567 4442 ἀπαίτησον,
1601 4373 1699 4442 τῆς
1721 4373 1778 4429 δὲ

121 4454 278 4521 φιλίας
312 4461 388 4531 μὴ
436 4457 673 4530 ἐκϐάλῃς
703 4460 853 4530 ἡμᾶς
885 4458 985 4527 τῆς
1020 4459 1309 4530 προτέρας.
1360 4461 1501 4515 Ἀλλ’
1534 4464 1583 4515 εί
1614 4461 1695 4515 δεῖ
1724 4482 1777 4518 τι

121 4545 198 4596 καὶ
221 4545 539 4618 θαυμαστὸν
595 4548 790 4611 εἰπεῖν,
824 4547 1043 4617 μείζονα
1092 4550 1222 4619 ἡμῖν
1267 4548 1530 4615 ἐπίδειξαι
1562 4550 1659 4622 τὴν
1689 4551 1780 4605 εύ-

122 4647 246 4685 νοιαν
269 4634 386 4700 νῦν,
410 4636 510 4689 καὶ
542 4634 702 4689 πάλιν
726 4637 805 4699 εἰς
830 4634 929 4699 τάς
950 4636 1170 4706 πρώτας
1201 4637 1306 4690 τῶν
1323 4636 1660 4709 φιλουμένων
1679 4643 1779 4693 αὐε-

119 4718 202 4788 τῇν
225 4721 526 4796 εγγραψον,
554 4724 608 4777 εί
630 4739 692 4792 γε
722 4721 899 4793 βούλει
928 4725 1054 4788 τοὺς
1069 4723 1245 4777 ταῦτα
1263 4727 1780 4794 κατασκευάσαντας

119 4805 413 4876 ἀμύνασθαι
443 4812 723 4881 δαίμονας.
745 4814 843 4864 Ἂν
877 4812 974 4883 μὲν
995 4811 1104 4883 γάρ
1124 4810 1357 4883 καθέλῃς
1387 4812 1481 4865 καὶ
1504 4817 1781 4870 κατασκά-

118 4893 210 4965 κίῃς
236 4901 332 4953 καὶ
366 4902 665 4974 ἀφανίσῃς.
699 4901 843 4971 άπερ
870 4904 1066 4954 ἐκεῖνοι
1091 4900 1256 4954 πάλαι
1283 4900 1584 4966 ἐϐούλοντο,
1608 4904 1781 4959 ταῦτα

120 4982 331 5060 ἐργάσῃ
354 4988 428 5042 ἂν
451 4989 508 5041 δὲ
535 4991 681 5060 ἀφῇς
708 4989 805 5057 τὴν
826 4990 995 5060 ὀργὴν
1014 4990 1108 5042 καὶ
1131 4989 1291 5042 πάλιν
1319 4990 1662 5065 ὁμολογήσῃς
1689 5012 1782 5064 φι-

118 5071 213 5126 λεῖν
236 5077 416 5147 αὐτὴν
444 5077 637 5148 ὥσπερ
663 5078 927 5149 πρότερον
955 5077 1175 5146 ἐφίλεις.
1203 5078 1416 5148 καιρίαν
1443 5080 1624 5145 αὐτοῖς
1653 5082 1784 5136 ἐδω-

120 5177 206 5224 u;
232 5164 332 5234 τὴν
355 5165 591 5237 πληγὴν,
622 5166 719 5219 καὶ
756 5166 853 5237 τὴν
882 5165 1116 5236 ἐσχάτην
1143 5166 1336 5225 αὐτοὺς
1367 5167 1655 5241 ἀπῄτησας
1701 5169 1775 5222 δίο

119 5265 226 5318 κην.
257 5250 452 5317 δείξας
477 5254 554 5317 ώς
589 5253 652 5307 οὑ
675 5254 834 5323 μόνον
859 5254 1041 5317 αὑτοῖς
1057 5253 1209 5307 οὐδὲν
1236 5253 1395 5306 πλέον
1423 5255 1646 5324 γέγονεν
1676 5257 1786 5311 ἀπὺ

119 5334 204 5403 τῆς
260 5338 581 5410 ἐπιϐουλῆς.
639 5339 773 5394 ἀλλά
826 5341 920 5394 καὶ
969 5341 1038 5394 τά
1086 5340 1304 5395 ἐναντία
1342 5341 1530 5405 αὐτοῖς
1569 5342 1787 5398 ἅπαντα

118 5422 304 5499 ἀπέϐη,
338 5429 492 5500 ἥπερ
522 5429 819 5484 ἐϐούλοντο.
845 5431 1066 5495 Δίκαιος
1088 5430 1133 5485 δ’
1162 5431 1229 5484 ἂν
1269 5432 1387 5502 είης
1417 5431 1587 5485 ταῦτα
1631 5434 1788 5505 ποιῆ-

123 5522 201 5561 ca:
227 5513 322 5565 καὶ
362 5512 587 5584 ἐλεῆσαι
626 5509 860 5588 πόλιν,
886 5514 975 5569 διά
998 5513 1098 5586 τὴν
1127 5514 1227 5585 σὴν
1265 5514 1567 5585 ἐφθόνησαν
1604 5516 1787 5585 φιλίαν

120 5595 163 5649 οἰ
198 5596 478 5671 δαίμονες·
510 5603 557 5655 εἰ
582 5602 691 5674 γάρ
723 5602 798 5673 μὴ
842 5601 1046 5673 σφόδρα
1081 5600 1248 5671 αὐτὴν
1270 5600 1443 5665 οὕτως
1468 5602 1783 5675 ἠγάπησας,

118 5690 208 5741 οὐκ
233 5690 297 5742 ἂν
324 5690 502 5760 αὐτὴν
520 5691 637 5744 οὐδὲ
666 5692 863 5746 ἐκεῖνοι
880 5689 1130 5746 τοσοῦτον
1163 5689 1473 5761 ἐϐάσκηναν
1504 5691 1589 5746 ἀν.
1622 5691 1783 5748 Ὥστε

175 5842 201 5871 ι
219 5837 372 5892 Sam.
411 5841 467 5891 In
486 5855 642 5909 marg.
662 5847 716 5897 ει
737 5844 821 5896 alii
838 5842 1107 5907 ἀπήλασαν,
1128 5841 1321 5893 ἐλαττον
1343 5829 1415 5906 av:

1084 215 1173 269 AD
1211 214 1540 272 POPULUM
1580 212 2072 278 ANTIOCHENUM
2131 216 2362 274 HOMIL.
2398 221 2533 277 XXI.

3400 227 3505 285 2M

1858 339 1905 390 εί
1945 337 2039 390 καὶ
2068 336 2377 406 θαυμαστὸν
2397 336 2782 409 τὸλεγόμενον,
2814 340 2925 394 ἀλλ’
2956 341 3105 412 ὅμως
3127 341 3271 395 ἐστὶν
3302 341 3518 410 ἀληθὲς,

1854 424 1935 476 ὃτι
1968 421 2054 476 διά
2100 423 2160 475 σὲ
2192 424 2284 476 καὶ
2311 423 2410 495 τὴν
2439 423 2537 495 σὴν
2577 424 2756 493 φιλίαν
2779 425 2950 480 ταῦτα
2981 428 3169 484 ἔπαθε.
3204 430 3390 483 Πόσων
3419 428 3522 500 ip.-

1855 511 2146 583 πρησμῶν,
2180 513 2352 582 πόσης
2393 516 2773 585 καταστροφῆς
2802 515 2831 554 δ
2855 512 2926 567 τά
2967 516 3184 586 ῥήματα
3209 515 3379 570 ταῦτα
3427 530 3525 569 πι-

1852 600 2110 671 γρότερα,
2129 599 2272 671 άπερ
2293 599 2725 671 ἀπολογούμενος
2745 602 2960 670 ἔλεγες;
2981 603 3095 656 Νῦν
3126 604 3372 674 ὑϐρίσθαι
3395 603 3523 676 φὴς,

1852 686 1944 738 καὶ
1971 686 2295 739 πεπονθέναι
2318 681 2408 739 οἷα
2439 686 2625 755 μηδεὶς
2658 686 2877 740 πώποτε
2919 688 3026 740 τῶν
3065 689 3342 759 προτέρων
3373 689 3525 754 βασι-

1852 771 2013 826 λέων⁸
2048 772 2163 827 ἀλλ’
2186 773 2281 827 ἐὰν
2307 773 2487 844 θέλῃς,
2522 767 2566 826 ὧ
2596 773 3073 843 φιλανθρωπότατε
3110 775 3203 827 καὶ
3238 775 3527 843 φιλοσοφώ-

1852 876 1983 912 τατε
2008 861 2102 913 καὶ
2124 860 2321 939 πολλῇς
2340 860 2619 922 εὐσεϐείας
2639 860 2843 930 γέμων,
2865 859 2958 912 τοῦ
2986 859 3314 930 διαδήματος
3334 860 3525 913 τούτου

1857 945 2079 1013 μείζονά
2129 962 2207 998 σοι
2245 946 2339 1000 καὶ
2387 946 2764 1017 λαμπρότερον
2793 947 2826 1015 ἡ
2866 944 3020 1016 ὕϐρις
3059 946 3199 1014 αὕτη
3244 945 3526 1016 περιθήσει

1856 1034 2140 1101 στέφανον.
2172 1034 2341 1086 Τοῦτο
2378 1033 2476 1104 μὲν
2519 1033 2629 1105 γάρ
2655 1033 2716 1086 τὸ
2738 1034 2975 1104 διάδημά
3018 1036 3133 1088 ἐστι
3171 1036 3265 1087 καὶ
3298 1035 3395 1105 μὲν
3430 1034 3529 1105 τῆς

1857 1122 1960 1192 σῆς
1980 1122 2185 1193 ἀρετῆς
2207 1120 2499 1185 ἀπόδειξιςο
2524 1120 2637 1173 ἔστι
2664 1121 2722 1173 δέ
2757 1120 2850 1173 καὶ
2872 1121 2969 1191 τῆς
3007 1120 3101 1174 τοῦ
3123 1121 3413 1185 δεδωκότος
3444 1139 3531 1191 φι-

1855 1207 2101 1279 λοτιμίας
2120 1208 2436 1279 τεκμήριον·
2468 1207 2495 1258 ὁ
2523 1207 2579 1259 δὲ
2613 1206 2721 1260 ἀπὸ
2734 1207 2832 1276 τῆς
2856 1205 3265 1277 φιλανθρωπίας
3293 1225 3374 1261 σοι
3406 1208 3539 1261 ταύ-

1855 1313 1955 1366 της
1992 1297 2322 1366 πλεκόμενος
2362 1296 2623 1364 στέφανος
2670 1294 2760 1347 σὺν
2807 1296 2964 1365 μόνον
3015 1295 3165 1349 ἔσται
3202 1296 3532 1366 κατόρθωμα

1852 1385 1952 1445 ,καὶ
1981 1384 2079 1454 τῆς
2106 1382 2421 1452 φιλοσοφίας
2450 1382 2548 1452 τῆς
2578 1381 2696 1451 σῆς·
2728 1383 2820 1434 καὶ
2843 1382 2941 1453 οὐχ
2968 1381 3110 1435 οὑτω
3134 1398 3191 1434 σε
3221 1381 3527 1453 θαυμάσαν-

1854 1486 1945 1523 ται
1992 1472 2191 1534 πάντες
2233 1469 2320 1522 διὰ
2355 1470 2480 1532 τοὺς
2523 1468 2704 1532 λίθους
2747 1469 2875 1532 τοὺς
2915 1468 3131 1540 τιμίους
3163 1468 3405 1532 τούτους,
3453 1469 3529 1533 ὡς

1855 1555 2231 1609 ἐπαινέσονται
2259 1554 2350 1607 διὰ
2387 1554 2486 1625 τὴν
2532 1554 2833 1627 ὑπεροψίαν
2871 1555 2970 1625 τὴν
3015 1555 3154 1608 κατά
3198 1555 3297 1624 τῆς
3339 1554 3527 1624 ὀργῆς.

1852 1641 2123 1697 Καθείλόν
2148 1658 2243 1694 σου
2286 1642 2415 1704 τοὺς
2441 1640 2794 1712 ἀνδριάντας;
2836 1641 2949 1695 ἀλλ’
2971 1640 3148 1705 ἔξεστί
3177 1658 3258 1695 σοι
3286 1640 3532 1712 λαμπρο-

1854 1728 2049 1799 τέρους
2091 1727 2393 1797 ἀναστῆσαι
2447 1727 2693 1781 ἐκείνων.
2737 1726 2889 1800 [219]
2941 1728 3040 1781 Ἂν
3094 1727 3203 1798 γὰρ
3232 1729 3376 1799 ἀφῇς
3418 1732 3533 1792 τοῖς

1854 1815 2142 1885 ἠδικηκόσι
2183 1814 2252 1868 τὰ
2285 1812 2627 1885 ἐγκλήματα,
2683 1815 2779 1867 καὶ
2813 1814 3083 1885 μηδεμίαν
3114 1814 3423 1886 ἀπαιτήσῃς
3450 1814 3531 1867 δί-

1856 1918 1960 1971 κην
1983 1913 2006 1941 °
2041 1902 2259 1965 αὐτοὺς,
2289 1902 2350 1954 οὐ
2386 1901 2618 1971 χαλκοῦν
2650 1918 2710 1954 σε
2732 1902 2823 1955 ἐπὶ
2855 1903 2954 1971 τῆς
2976 1902 3180 1973 ἀγορᾶς
3214 1902 3537 1972 ἀναστήσουο

1859 2005 1964 2048 σιν.
2001 1988 2123 2043 οὐδὲ
2170 1988 2428 2060 χρυσοῦν,
2462 1988 2584 2041 οὐδέ
2618 1988 3020 2060 λιθοκόλλητον,
3063 1988 3202 2042 ἀλλά
3228 1988 3327 2056 τὴν
3356 1987 3535 2057 πάσης

1858 2074 1992 2146 ὓλης
2016 2075 2345 2146 τιμιωτέραν
2372 2075 2591 2146 στήλην,
2618 2074 3025 2145 φιλανθρωπίαν
3055 2074 3149 2129 καὶ
3169 2073 3537 2145 ἐλεημοσύνην

1856 2163 2312 2233 ἀναϐεϐλημένον.
2368 2161 2553 2225 Οῦτως
2594 2162 2686 2215 ἐπὶ
2718 2163 2818 2233 τῆς
2861 2162 3101 2225 διανοίας
3146 2161 3378 2225 ἕκαστος
3409 2161 3536 2215 ἀνα·

1860 2252 2118 2324 στήσουσί
2149 2267 2209 2303 σε
2231 2249 2331 2320 τῆς
2357 2250 2587 2315 ἑαυτῶν,
2607 2249 2702 2303 καὶ
2733 2249 3019 2313 τοσούτους
3038 2250 3179 2315 ἔξεις
3196 2248 3535 2319 ἀνδριάντας,

1856 2341 1971 2393 ὅσοι
2007 2338 2102 2409 τὴν
2135 2334 2458 2408 οἰκουμένην
2483 2336 2724 2389 οἰκοῦσιν
2754 2335 3051 2407 ἄνθρωποι,
3080 2336 3175 2390 καὶ
3200 2337 3532 2405 οἰκήσουσιν.

1859 2427 1934 2481 υύ
1950 2425 2057 2497 γὰρ
2072 2427 2233 2497 ἡμεῖς
2246 2425 2425 2497 μόνον,
2441 2423 2578 2478 ἀλλὰ
2593 2423 2687 2477 καὶ
2705 2424 2754 2477 οἰ
2772 2422 2891 2494 μεθ’
2907 2425 3078 2494 ἡμᾶς,
3099 2425 3192 2477 καὶ
3203 2425 3251 2476 οἰ
3268 2422 3385 2494 μετ’
3401 2424 3535 2477 ἐκεί-

1858 2531 1983 2578 νους
2016 2513 2253 2576 ἅπαντες
2267 2512 2443 2566 ταῦτα
2475 2511 2819 2566 ἀκούσονται’
2846 2512 2940 2565 καὶ
2979 2510 3230 2581 καθάπερ
3249 2507 3307 2565 εὖ
3341 2510 3537 2565 παθόν-

1858 2619 1951 2666 τες
1975 2602 2152 2666 αὑτοί,
2193 2600 2335 2654 οὓτω
2364 2617 2424 2653 σε
2456 2600 2829 2670 θαυμάσονται
2876 2599 2972 2652 καὶ
2997 2598 3304 2669 φιλήσουσι.
3328 2599 3437 2652 Kal
3454 2599 3537 2652 ὅτι

1859 2688 2036 2744 ταῦτα
2062 2688 2122 2741 οὐ
2154 2687 2467 2741 κολακεύων
2488 2686 2649 2755 λέγω,
2673 2685 2788 2739 ἀλλ’
2804 2683 2976 2748 οὕτως
2993 2685 3145 2739 ἔσται
3176 2685 3407 2748 πάντως,
3427 2684 3538 2757 ἐρῶ

1863 2791 1946 2826 σοι
1980 2773 2209 2826 παλαιόν
2232 2790 2352 2825 τινα
2396 2772 2572 2841 λόγον,
2605 2772 2693 2826 ἴνα
2728 2771 2929 2845 μάθῃς,
2964 2771 3048 2824 ὅτι
3080 2771 3179 2841 οὐχ
3202 2768 3346 2823 οὕτω
3379 2786 3538 2841 στρα-

1861 2862 2064 2915 τόπεδα
2091 2862 2186 2914 καί
2211 2861 2351 2915 ὅπλα
2376 2861 2471 2913 καὶ
2509 2861 2768 2931 χρήματα
2803 2859 2897 2913 καὶ
2920 2857 3177 2928 ὑπηκόων
3207 2856 3410 2929 πλῆθος
3446 2858 3539 2911 καὶ

1862 2950 1933 3003 τά
1954 2949 2088 3003 ἄλλα
2124 2949 2188 3015 δὴ
2222 2949 2290 3002 τά
2322 2948 2546 3001 τοιαῦτα
2578 2947 2864 3018 λαμπροὺς
2905 2947 3079 2999 ποιεῖν
3122 2943 3247 3008 τοῦς
3302 2943 3539 3014 βασιλεῖς

1865 3037 2073 3100 εἴωθεν,
2101 3036 2175 3099 ὡς
2202 3036 2491 3105 φιλοσοφία
2518 3035 2697 3105 ψυχῆς
2732 3035 2825 3090 καὶ
2845 3034 3138 3105 ἡμερότης.

1949 3123 2005 3176 Ὀ
2032 3121 2300 3193 μακάριος
2330 3122 2548 3189 λέγεται
2569 3122 2995 3184 Κωνσταντίνος,
3021 3121 3120 3190 τῆς
3154 3119 3360 3182 εἰκόνος
3376 3115 3539 3173 αὑτοῦ

1869 3207 2334 3278 καταλευσθείσης
2363 3208 2515 3273 ποτὲ,
2565 3206 2974 3279 παροξυνόντων
3022 3206 3181 3259 αὐτὸν
3217 3204 3426 3258 πολλῶν
3451 3206 3542 3258 ἐπ-

1867 3296 2100 3363 εξελθεῖν
2127 3299 2239 3360 τοῖς
2268 3295 2519 3366 ὑϐρικόσι
2548 3296 2641 3348 καὶ
2686 3295 2842 3366 δίκην
2872 3294 3197 3363 ἀπαιτῆσαι,
3232 3294 3327 3346 καὶ
3356 3292 3541 3360 λεγόνο

1866 3401 1995 3443 των.
2024 3384 2105 3436 ὃτι
2135 3385 2316 3437 πᾶσαν
2346 3383 2511 3437 αὑτοῦ
2533 3382 2632 3454 τὴν
2656 3383 2778 3453 ϐψιν
2805 3382 3049 3454 ἔτρωσαν
3081 3384 3206 3444 τοὺς
3242 3381 3421 3444 λίθους
3454 3379 3542 3447 ἐε-

1868 3469 2262 3534 ακοντίζοντες,
2319 3469 2647 3539 ιζηλαφήσας
2696 3471 2761 3539 τῇ
2812 3469 2959 3539 χειρί
3006 3467 3066 3521 τὸ
3098 3468 3413 3538 πρόσωπον,
3449 3468 3542 3521 καὶ

1869 3558 2057 3630 ἠρέμα
2104 3558 2413 3629 μειδιάσας,
2447 3554 2619 3621 εἶπεν,
2657 3558 2738 3611 ὃτι
2783 3556 3035 3627 Οὑδαμοῦ
3066 3556 3280 3629 πληγὴν
3308 3556 3400 3609 ἐπὶ
3445 3556 3539 3610 τοῦ

1873 3643 2126 3714 μετώπου
2157 3644 2532 3714 γεγενημένην
2572 3643 2703 3715 ὁρῶ,
2739 3642 2854 3696 ἀλλ’
2913 3642 3069 3713 ὑγιὴς
3106 3644 3204 3713 μέν
3238 3645 3269 3712 ἡ
3307 3643 3541 3713 κεφαλὴ,

1870 3732 2029 3803 ὑγιὴς
2049 3733 2107 3787 δὲ
2130 3736 2162 3804 ή
2186 3733 2309 3801 ὄψις
2337 3732 2546 3796 άπασα,
2564 3732 2850 3794 κάκείνους
2880 3729 3311 3801 ἐρυθριάσαντας
3337 3730 3429 3783 καὶ
3457 3731 3544 3782 αἰ-

1874 3819 2204 3892 σχυνθέντας
2237 3819 2538 3889 ἀποστῆναι
2593 3817 2693 3887 τῆς
2738 3818 2924 3871 ἀδίκου
2969 3817 3174 3887 ταύτης
3209 3817 3538 3887 συμϐουλῆς.

1873 3908 1985 3961 Καὶ
2016 3905 2078 3961 τὸ
2107 3908 2259 3977 ῥῆμα
2286 3905 2444 3960 τοῦτο
2480 3905 2641 3977 μέχρι
2676 3903 2771 3958 νῦν
2799 3904 3015 3977 ᾄδουσιν
3046 3904 3303 3967 ἅπαντες,
3326 3903 3419 3957 καὶ
3456 3921 3544 3957 το-

1876 3994 2063 4059 σοῦτος
2088 3992 2277 4065 χρόνος
2300 3994 2402 4047 οὑκ
2423 3993 2719 4063 ἐμάρανεν,
2749 3992 2847 4045 οὑκ
2879 3990 3067 4044 ἔσϐεσε
3099 3991 3200 4060 τῆς
3226 3991 3544 4060 φιλοσοφίας

1874 4083 2080 4153 ταύτης
2110 4082 2210 4153 τὴν
2238 4081 2479 4152 μνήμην.
2514 4080 2701 4134 Πόσων
2724 4080 2823 4132 οὐκ
2857 4079 2925 4133 ἂν
2954 4080 3037 4150 εἴη
3077 4078 3234 4132 τοῦτο
3269 4078 3546 4149 τροπαίων

1875 4169 2282 4242 λαμπρότερον;
2309 4167 2517 4229 Πολλὰς
2551 4168 2645 4221 καὶ
2674 4167 2914 4237 μεγάλας
2942 4164 2969 4206 (ι
3009 4166 3191 4229 πόλεις
3219 4167 3426 4229 ἐκεῖνος
3447 4168 3545 4220 άν-

1877 4256 2094 4328 έστησε,
2127 4256 2221 4309 καὶ
2245 4255 2472 4319 πολλοὺς
2519 4253 2826 4325 βαρϐάρους
2859 4253 3130 4323 ἐνίκησεν,
3175 4251 3291 4305 ἀλλ’
3330 4252 3546 4315 οὐδενὸς

1878 4344 2101 4397 ἐκείνων
2132 4341 2475 4414 μεμνήμεθα·
2507 4340 2567 4393 τὸ
2591 4340 2648 4393 δὲ
2678 4340 2828 4412 ῥῆμα
2855 4338 3015 4392 τοῦτο
3055 4338 3216 4408 μέχρι
3249 4338 3349 4407 τῆς
3380 4340 3546 4409 σήμε-

1884 4447 1974 4500 ρον
2000 4430 2206 4502 ᾀδεται,
2242 4429 2335 4483 καὶ
2365 4430 2414 4482 οί
2445 4428 2561 4499 μεθ’
2602 4428 2753 4499 ἡμᾶς
2797 4427 2930 4480 αὐτὸ
2958 4427 3053 4479 καὶ
3071 4427 3121 4479 οἱ
3160 4426 3278 4496 μετ’
3308 4426 3548 4489 ἐκείνους

1879 4518 2203 4573 ἀκούσονται
2233 4518 2453 4580 πάντες.
2487 4517 2597 4569 Καὶ
2619 4516 2679 4569 οὐ
2703 4514 2862 4568 τοῦτο
2899 4515 3058 4585 μόνον
3091 4515 3207 4567 ἐστὶ
3233 4514 3295 4567 τὸ
3333 4513 3547 4584 θαυμα-

1881 4606 2025 4671 στὸν,
2054 4607 2137 4659 ϐτι
2163 4605 2506 4670 ἀκούσονται,
2538 4602 2652 4656 ἀλλ’
2686 4604 2766 4656 ὅτι
2805 4602 2899 4655 καὶ
2933 4601 3049 4671 μετ’
3078 4601 3315 4654 ἐπαίνων
3340 4601 3433 4654 καὶ
3458 4601 3550 4655 εὑ-

1880 4694 2091 4765 φημίας
2119 4692 2175 4745 οἰ
2202 4709 2261 4744 τε
2289 4691 2539 4760 λέγοντες
2573 4690 2844 4759 λέγουσιν,
2877 4689 2931 4742 οἵ
2954 4705 3012 4741 τε
3038 4687 3328 4751 ἀκούοντες
3361 4686 3546 4757 δέχονο

1877 4794 1991 4835 ται·
2016 4779 2112 4833 καὶ
2159 4779 2260 4832 οὐκ
2306 4777 2453 4830 ἐστιν
2478 4777 2673 4840 οὐδεὶς,
2712 4776 2771 4840 δς
2818 4775 3063 4842 ἀνέξεται
3120 4774 3342 4844 σιγῆσαι
3390 4771 3549 4826 τοῦτο

1881 4865 2139 4929 ἀκούσας,
2164 4865 2276 4919 ἀλλ’
2304 4864 2439 4937 όμοῦ
2485 4882 2545 4917 τε
2578 4863 2867 4937 ἀνέκραξε,
2903 4864 2996 4916 καὶ
3024 4862 3114 4916 τὸν
3159 4859 3416 4931 εἰρηκότα
3445 4861 3546 4914 ἐπα

1880 4954 2061 5027 ῄνεσε,
2090 4953 2187 5009 καὶ
2240 4952 2410 5025 μυρία
2442 4953 2590 5023 αὑτῷ
2622 4952 2715 5007 καὶ
2760 4950 3044 5005 ἀπελθόντι
3074 4947 3320 5016 γίνεσθαι
3348 4945 3549 5017 ηὔξατο

1881 5039 2081 5109 ἀγαθά.
2111 5040 2172 5092 Εἰ
2198 5038 2256 5091 δὲ
2285 5038 2437 5109 παρά
2461 5036 2768 5112 ἀνθρώποις
2786 5034 3055 5106 τοσαύτης
3079 5033 3358 5103 ἀπήλαυσε
3389 5031 3548 5102 δόξης

1880 5127 1947 5181 δι’
1978 5128 2153 5180 ἐκεῖνο
2175 5127 2234 5180 το
2257 5128 2431 5198 ῥῆμα,
2461 5126 2644 5181 πόσων
2677 5124 3044 5181 ἀπολαύσεται
3082 5119 3236 5193 παρά
3261 5120 3339 5192 τῷ
3362 5119 3549 5191 φιλαν-

1883 5212 2087 5285 θρώπῳ
2117 5213 2235 5284 Θεῷ
2270 5215 2548 5283 στεφάνων
2567 5230 2582 5280 ;

1956 5300 2066 5352 Kal
2124 5300 2178 5353 τί
2230 5299 2338 5372 χρὴ
2365 5300 2545 5369 λέγειν
2582 5299 2991 5353 Κωνσταντῖνον
3024 5294 3121 5350 καὶ
3174 5293 3245 5348 τά
3299 5293 3551 5365 ἀλλότρια

1886 5388 2324 5459 παραδείγματα,
2346 5388 2463 5441 δέον
2492 5386 2701 5442 οἴκοθέν
2730 5402 2788 5439 σε
2818 5386 2911 5440 καὶ
2935 5387 3000 5438 ἐκ
3030 5383 3139 5438 τῶν
3169 5381 3279 5437 σῶν
3304 5398 3555 5453 παρακα-

1946 5473 1975 5513 b
1998 5475 2148 5524 Sa'sil.
2174 5481 2227 5523 et
2264 5473 2346 5523 alii
2384 5475 2537 5532 πόσης
2566 5479 2890 5536 κατασκαφῆς.
2918 5471 3041 5521 Infra
3066 5470 3215 5522 iidem
3241 5469 3335 5518 ὅσα
3374 5468 3551 5531 μηδείς,

1888 5542 1942 5585 et
1953 5550 2068 5611 ρει
2090 5538 2337 5611 σοφώτατε
2357 5549 2445 5611 pro
2465 5537 2839 5611 φιλοσοφώτατε.

1900 5622 1913 5664 -_
1949 5600 1975 5664 ξ
2005 5591 2177 5664 Meg-91'.
2204 5591 2433 5664 μηδεμίαν
2475 5591 2743 5664 ἆπαιτῆσῃς
2778 5597 2933 5664 δίκην,
2976 5594 3134 5664 Sat“;
3158 5592 3387 5664 μηδεμίαν
3410 5591 3553 5664 ἐρσζςρξ

1891 5656 2055 5708 δοῦναι
2079 5649 2232 5720 arma
2257 5649 2445 5720 ilihuol
2487 5671 2602 5707 ωδε·
2642 5649 2885 5721 μήδεμίαν·
2906 5649 3027 5719 ἆφῇς
3055 5649 3219 5721 δοῦναι
3237 5649 3388 5721 δίκην.
3404 5649 3556 5721 “Inﬁt-:1

1894 5725 2135 5784 trqumAss.
2159 5709 2440 5784 τιμιωτέραν
2479 5709 2675 5780 στήλην,
2700 5709 2897 5768 ’ωὲιίυε
2939 5709 3084 5780 ᾴῦεηι
3115 5717 3284 5765 Morel.
3325 5709 3379 5762 οι
3402 5709 3551 5761 Savil.

1890 5779 1976 5845 qui
1998 5780 2181 5829 habent
2201 5779 2390 5845 στολήν.

1949 5826 1980 5883 ί
2448 5855 2538 5894 nos
2555 5855 2585 5895 c
2607 5826 2791 5895 Saxrilio
2804 5843 3097 5903 rccopimus.
3126 5839 3256 5889 Enn.
