4020 6216
259 303 369 356 ΞΠ

254 405 433 450 totout
484 394 668 449 orbem
716 402 975 450 terrarum
1020 393 1296 463 epistolam
1342 392 1531 447 misisti
1572 392 1845 462 jnbentem

253 504 480 546 carcere
509 488 757 543 detentus
781 484 1000 552 dimitti,
1031 485 1160 554 ipsis
1185 484 1384 553 ignosci
1411 484 1630 538 crimina
1657 501 1670 537 :
1693 493 1851 554 atque

254 582 370 637 illis
403 578 788 636 humanitatem
833 587 976 631 tuam
1002 575 1368 631 demonstrare
1406 589 1511 628 non
1540 572 1851 628 sufficienti-

260 673 386 740 bus,
418 688 512 745 per
537 672 740 726 litteras
772 668 1023 724 dicebas:
1049 666 1260 722 Utinam
1305 666 1431 744 1111111
1464 665 1650 721 liceret
1681 676 1734 718 et
1761 666 1854 719 de-

263 765 482 818 functos
508 775 762 816 revocate
799 768 854 814 et
877 757 1199 813 resuscitare
1218 799 1232 819 ,
1260 765 1313 811 et
1342 756 1408 810 ad
1432 756 1663 826 priorem
1694 755 1851 808 vitam

261 854 525 909 reducere
556 853 570 907 Ξ
614 852 812 906 [lorum
835 865 975 905 nunc
1012 850 1357 904 reminiscere
1385 848 1667 904 verborum
1692 864 1704 900 :
1728 861 1855 901 ecce

267 953 484 1013 tempus
527 941 897 997 defunctorum
939 938 1357 994 revocandorum
1382 947 1436 992 et
1463 936 1853 992 rcsuscitandoa

266 1053 392 1091 rum
435 1044 489 1090 ct
532 1035 597 1088 ad
645 1034 809 1085 vitam
860 1030 1281 1086 reducendorum
1328 1029 1625 1098 pristinam.
1683 1029 1750 1082 Et
1802 1026 1854 1082 hi

265 1142 503 1198 namque
524 1126 632 1195 jam
662 1124 854 1178 mortui
881 1131 1024 1185 sunt,
1052 1131 1105 1177 et
1129 1122 1435 1191 priusquam
1454 1119 1708 1188 judicium
1733 1135 1855 1187 11111-

265 1220 495 1285 feratur,
527 1218 591 1273 ad
632 1219 773 1288 ipsas
801 1216 978 1271 tartari
1012 1214 1152 1269 fores
1177 1213 1287 1283 jam
1319 1227 1461 1268 nunc
1484 1212 1670 1267 civitas
1691 1213 1855 1266 collo~

266 1321 394 1367 cata
423 1320 524 1365 est.
555 1309 723 1378 ipsam
775 1308 931 1379 igitur
965 1305 1087 1362 inde
1130 1306 1385 1360 resuscita
1423 1306 1539 1359 sine
1582 1306 1818 1374 pecuniis
1841 1346 1855 1369 ,

267 1404 396 1459 sine
444 1401 732 1472 impendio,
784 1401 900 1455 sine
948 1408 1188 1469 tempore
1239 1406 1295 1453 et
1351 1398 1458 1451 ullo
1500 1397 1701 1452 labore.
1742 1397 1858 1451 Tibi

272 1509 509 1562 namque
534 1493 666 1546 satis
690 1502 772 1546 est
810 1500 1011 1544 tantutn
1043 1489 1209 1558 loqui,
1237 1498 1291 1542 et
1317 1501 1566 1543 revocare
1594 1488 1858 1542 civitatem

271 1587 329 1638 111
366 1584 596 1639 tenebris
622 1581 944 1650 jacentem‘.
986 1580 1137 1635 Nunc
1165 1581 1331 1649 ipsam
1356 1579 1483 1648 jube
1510 1583 1577 1633 ah
1614 1578 1859 1633 humani-

269 1685 392 1730 tate
423 1687 505 1730 tua
536 1674 756 1744 posthac
783 1672 1038 1742 appellari
1064 1689 1076 1726 :
1101 1687 1199 1727 nec
1227 1671 1368 1725 enim
1407 1679 1604 1724 tantam
1649 1669 1860 1724 habebit

273 1767 503 1837 gratiam
531 1764 603 1818 illi
630 1806 643 1827 ,
675 1764 763 1833 qui
794 1764 863 1817 ab
895 1763 1045 1816 initio
1069 1776 1127 1816 se
1150 1760 1422 1826 condidit,
1459 1769 1707 1830 quantam
1734 1775 1858 1813 scn-

273 1858 463 1911 tentia:
493 1866 595 1910 111111
623 1873 636 1905 :
668 1871 766 1910 nec
805 1854 1088 1908 immerito.
1136 1852 1228 1908 Ille
1272 1853 1415 1908 enim
1463 1852 1723 1921 principio
1762 1852 1860 1921 ipsi

274 1947 409 2002 dato
432 1947 687 2011 recessit;
721 1957 773 2000 tu
806 1960 931 2000 vero
957 1954 1165 2000 auctam
1206 1953 1262 1999 et
1300 1960 1543 2015 magnam
1589 1944 1858 2009 effectam,

270 2049 331 2093 et
367 2047 486 2106 post
522 2038 740 2091 multam
773 2036 911 2091 hanc
946 2036 1375 2104 tranquillitatem
1419 2034 1738 2090 destructant
1773 2051 1862 2089 re-

270 2129 580 2185 suscitabis.
628 2127 742 2182 Non
790 2127 975 2183 fuisset
1017 2126 1153 2181 adeo
1194 2125 1490 2180 mirandum
1536 2125 1580 2178 si
1623 2124 1863 2180 hostibus
1930 2122 1935 2133 ’

271 2223 452 2292 ipsam
467 2221 819 2290 capientibus,
839 2228 894 2274 et
910 2219 1147 2273 barbaris
1166 2218 1556 2287 populantibus,
1578 2232 1606 2270 a
1626 2217 1864 2286 periculo

276 2313 599 2373 liberasscs,
653 2326 810 2381 quam
853 2319 936 2364 e~t
982 2308 1293 2364 admirabile
1339 2323 1479 2362 nunc
1527 2308 1860 2378 pcpcrri~se;

274 2403 411 2458 illud
452 2404 590 2457 enim
636 2417 779 2472 sa‘pe
825 2401 975 2456 multi
1018 2401 1188 2455 fecere
1236 2414 1421 2470 rcges,
1459 2399 1562 2453 hoc
1602 2407 1776 2453 autem
1809 2407 1864 2451 tu

275 2498 432 2551 solus
457 2495 764 2567 operaberis
799 2504 853 2549 et
883 2494 1085 2564 primus
1116 2504 1309 2562 prieter
1333 2507 1546 2547 omnem
1584 2499 1863 2561 exspecta-

278 2587 507 2641 tionem.
532 2586 595 2641 Et
619 2586 749 2640 illud
775 2585 987 2655 quidem
1011 2584 1227 2640 minimc
1249 2583 1571 2650 mirandum,
1604 2598 1701 2637 nec
1733 2597 1868 2652 pra:-

280 2689 373 2733 Icr
398 2678 704 2747 opinionem
729 2717 745 2741 ,
787 2677 882 2733 sed
924 2686 1008 2733 est
1036 2677 1397 2747 quotidianum
1429 2690 1565 2746 opus
1587 2717 1603 2743 ,
1642 2675 1867 2754 subditis

277 2784 546 2839 messe;
576 2768 716 2840 quod
741 2779 916 2825 autem
949 2778 1093 2824 totet
1114 2768 1231 2822 talia
1256 2783 1444 2839 passus
1461 2769 1590 2822 iram
1606 2766 1862 2837 deponas,

276 2861 389 2916 hoc
411 2876 622 2916 omnem
653 2870 894 2916 naturam
923 2861 1138 2916 excedit
1179 2861 1485 2914 humanam.
1510 2858 1693 2929 Cogita
1724 2874 1866 2913 nunc

276 2968 392 3008 non
421 2952 490 3007 de
516 2952 731 3007 civitate
773 2962 971 3007 tantum
1016 2952 1101 3006 illa
1152 2951 1243 3005 tibi
1285 2949 1687 3005 consultandum
1714 2963 1860 3014 esse,

274 3057 471 3097 verum
514 3051 569 3097 et
603 3042 669 3097 de
703 3043 872 3112 gloria
900 3051 984 3095 tua
1008 3082 1024 3106 ,
1072 3042 1178 3095 into
1214 3056 1341 3095 vero
1368 3040 1436 3095 de
1465 3039 1867 3095 Christianismo

274 3144 419 3189 toto.
446 3132 597 3188 Nunc
622 3142 676 3188 et
701 3132 871 3188 Judaei
898 3142 950 3187 et
979 3132 1168 3195 Cmci,
1197 3140 1253 3186 et
1273 3140 1412 3185 totus
1437 3139 1698 3184 terrarum
1721 3129 1865 3185 orbis

274 3234 334 3276 et
370 3224 577 3277 barbari
606 3225 823 3294 (etenim
844 3232 900 3278 et
940 3224 1012 3277 illi
1041 3224 1154 3277 haec
1183 3221 1481 3291 audierunt)
1512 3222 1578 3276 ad
1620 3231 1671 3276 te
1700 3220 1867 3290 respi-

275 3316 454 3376 ciunt,
487 3326 858 3384 exspectantes
884 3322 941 3368 ut
966 3314 1198 3379 videant,
1223 3313 1429 3383 qualem
1459 3314 1526 3368 de
1551 3312 1714 3382 gestis
1740 3329 1866 3368 scn-

280 3406 505 3459 tentiatn
530 3405 668 3459 feras
685 3422 697 3457 :
716 3419 905 3475 nempe
921 3404 965 3459 si
984 3404 1263 3458 humanam
1285 3403 1568 3473 protuleris
1588 3411 1643 3456 et
1662 3403 1864 3468 mitem,

280 3511 478 3550 uinttes
504 3497 774 3550 decretum
815 3495 1133 3559 laudabunt,
1180 3504 1232 3549 et
1272 3495 1435 3549 Deum
1466 3494 1864 3564 glorifieabunt,

279 3600 339 3642 et
371 3588 507 3641 inter
534 3602 592 3641 se
630 3588 845 3642 dicent:
872 3589 1028 3657 Pop-.e
1051 3629 1063 3650 ,
1113 3597 1306 3656 quanta
1347 3585 1732 3640 Christianismi
1771 3602 1867 3653 po-

282 3679 488 3734 tentia?
534 3678 800 3733 hominem
846 3695 1005 3748 super
1051 3688 1243 3734 terram
1292 3679 1569 3734 habentem
1610 3680 1866 3748 aqualem

283 3771 576 3834 neminem,
605 3770 782 3824 omnia
809 3770 1017 3825 delendi
1044 3780 1099 3825 et
1124 3769 1376 3840 perdendi
1397 3770 1689 3834 dominum,
1714 3771 1865 3825 enhi-

282 3861 403 3915 buit
430 3873 484 3915 et
510 3860 814 3924 refrenavit,
844 3871 893 3915 et
924 3861 1101 3915 docuit
1130 3860 1548 3930 philosophiam,
1580 3877 1736 3929 quam
1770 3876 1868 3916 nec

283 3952 450 4005 homo
474 3953 704 4021 privatus
724 3951 1019 4006 exhiberet.
1043 3950 1180 4005 Vere
1203 3966 1425 4021 magnus
1444 3950 1867 4005 CltriStiannrnm

284 4044 452 4111 Deus,
484 4046 573 4114 qui
600 4061 664 4098 ex
693 4044 996 4098 hominibus
1020 4044 1236 4115 angelos
1262 4043 1416 4109 facit,
1446 4053 1497 4098 et
1519 4044 1659 4097 omni
1684 4059 1869 4098 ncces-

282 4134 447 4188 sitate
476 4134 698 4188 naturali
739 4135 1046 4206 superiores
1089 4133 1381 4188 constituit.
1424 4134 1499 4187 Ne
1524 4148 1749 4203 namque
1775 4150 1866 4188 suo

285 4226 552 4295 perflatum
583 4229 825 4282 timorem
855 4228 1002 4281 illum
1030 4228 1236 4292 timeas,
1267 4243 1365 4281 nec
1395 4227 1590 4281 toleres
1615 4228 1866 4295 quosdam

282 4318 547 4380 dicentes,
572 4318 801 4388 reliquas
821 4318 1060 4373 civitates
1083 4318 1289 4388 pejores
1309 4318 1509 4372 futuras
1529 4333 1670 4383 esse,
1692 4328 1748 4375 et
1772 4319 1870 4372 hac

284 4423 394 4459 non
425 4408 607 4476 punita
630 4449 646 4473 ,
687 4408 965 4478 imperium
997 4420 1141 4463 tuum
1172 4410 1336 4479 magis
1365 4420 1782 4479 contempturas.
1814 4410 1868 4465 Si

285 4498 432 4551 enim
460 4497 527 4551 ad
563 4499 814 4554 ultionem
847 4498 1089 4554 infirmus
1113 4499 1332 4565 fuiSses,
1366 4511 1421 4555 et
1446 4498 1560 4554 lucc
1587 4501 1787 4569 operati
1820 4509 1870 4554 te

284 4603 339 4641 1η
383 4598 758 4657 superassem,
808 4606 863 4644 et
908 4594 1005 4658 par
1045 4599 1185 4645 esset
1217 4591 1470 4659 potentia,
1520 4602 1872 4661 congruenter

284 4680 407 4732 haec
452 4681 711 4752 suspicari
754 4681 1071 4750 oportebat:
1099 4680 1144 4734 si
1185 4696 1311 4735 vero
1358 4682 1613 4750 pavefacti
1659 4696 1871 4750 przeque

285 4772 483 4827 timore
510 4773 816 4841 111-31111111·ιυί
852 4781 1007 4837 sunt,
1036 4782 1093 4828 et
1116 4772 1182 4827 ad
1214 4782 1331 4828 tuos
1358 4789 1452 4843 per
1477 4789 1563 4828 tne
1591 4789 1872 4830 cucurrere

282 4861 476 4932 pedes,
497 4878 596 4917 nec
611 4862 754 4916 aliud
776 4863 1011 4932 quotidie
1031 4872 1343 4933 exspectant
1362 4879 1516 4934 quam
1541 4864 1866 4931 barathrum,

278 4962 339 5005 et
366 4953 776 5021 supplicationes
802 4952 997 5008 faciunt
1019 4955 1365 5009 eommnnes’
1400 4955 1450 5008 111
1481 4955 1670 5008 caelum
1700 4956 1869 5024 respi-

279 5046 528 5107 cientes,
563 5054 617 5100 et
648 5046 810 5100 Deum
839 5046 1022 5100 venire
1062 5046 1392 5116 supplicant,
1432 5056 1485 5101 et
1511 5047 1665 5101 simul
1693 5046 1872 5101 nobis-

276 5155 411 5193 cum
444 5140 759 5210 legationem
791 5139 960 5206 obire,
988 5149 1043 5196 et
1068 5140 1203 5194 siettt
1233 5141 1285 5194 in
1307 5140 1559 5194 extremis
1579 5140 1868 5205 constituti,

277 5233 354 5285 de
384 5230 542 5285 rebus
570 5231 682 5285 suis
701 5231 890 5300 singuli
919 5231 1206 5285 consulunt
1231 5247 1245 5284 :
1268 5229 1536 5299 quomodo
1557 5246 1661 5284 non
1687 5246 1873 5298 super-

279 5325 425 5378 flnus
449 5324 537 5378 bic
567 5324 761 5379 timor?
787 5325 842 5379 Si
868 5323 1096 5394 jugulari
1124 5322 1346 5378 fuissent
1371 5321 1527 5391 jnssi,
1560 5332 1703 5377 tanta
1733 5323 1870 5392 passi

280 5434 394 5472 non
422 5416 684 5483 fuissent,
722 5427 918 5487 quanta
962 5417 1231 5485 patiuntur
1261 5430 1399 5470 nunc
1421 5456 1438 5479 ,
1490 5424 1567 5468 tot
1603 5414 1789 5469 diebu‘.
1811 5412 1868 5469 in

282 5512 482 5563 timore
504 5517 557 5562 ct
580 5518 813 5562 tremore
839 5508 1097 5574 viventes,
1126 5517 1177 5561 et
1198 5508 1605 5575 superveniente
1628 5522 1866 5583 vespere,

349 5644 366 5676 ¹
403 5642 542 5693 Savil.
572 5650 623 5693 et
646 5641 826 5695 March.
845 5642 933 5692 sub
954 5638 1103 5691 oculis
1114 5648 1372 5704 Jacmtem.

348 5704 371 5737 ³
402 5705 543 5755 9111111.
572 5714 620 5753 et
640 5704 735 5751 duo
760 5713 865 5752 uss.
888 5718 900 5754 ε
928 5702 1298 5760 Suppurationes
1323 5702 1500 5759 facium
1518 5703 1803 5767 ﬁepa‘nm.

611 5789 877 5848 1³11111111..
927 5792 1040 5850 (in.
1088 5792 1313 5853 XLIX.

1085 296 1177 353 AD
1218 293 1540 353 POPL’LL‘M
1606 294 2095 353 ANTIOCHENUM
2158 299 2387 356 HOMIL.
2431 300 2568 357 XXI.

3429 307 3529 360 218

1958 410 2205 451 auroram
2252 398 2432 453 videre
2480 415 2583 453 non
2635 408 3007 470 exspectantes
3041 408 3136 455 :et
3176 397 3263 454 die
3306 405 3424 452 orto
3469 400 3534 452 ad

1959 502 2233 557 vesperam
2277 494 2554 561 pervenire
2596 507 2699 546 non
2744 503 2979 562 sperant.
3020 491 3167 546 Multi
3209 500 3262 545 et
3300 492 3353 545 111
3398 489 3537 545 feras

1961 579 2280 643 inciderunt,
2313 582 2436 635 dum
2464 593 2736 637 sectantur
2763 582 2996 646 deserta,
3028 583 3080 636 in
3111 583 3249 636 invia
3277 582 3533 641 translati.

1962 684 2061 725 nec
2086 670 2183 725 viri
2211 679 2412 725 tantum
2438 712 2454 736 ,
2486 688 2666 727 verum
2695 682 2745 726 et
2769 672 2973 741 pueruli
3000 672 3178 740 parvi,
3210 681 3260 726 et
3290 671 3539 726 mulieres

1960 760 2144 814 libera:
2185 771 2240 816 et
2282 762 2490 817 decorae
2530 778 2626 832 per
2663 764 2855 817 multas
2893 772 3077 817 noctes
3106 769 3161 815 et
3188 761 3301 816 dies
3329 762 3379 814 111
3421 777 3538 830 spc-

1961 852 2132 907 luncis
2167 862 2220 908 ct
2259 855 2587 910 convallibus
2614 864 2669 910 et
2696 855 2892 910 deserti
2920 853 3267 908 foraminibus
3295 852 3538 907 latentes.

1964 942 2029 996 Et
2056 958 2223 998 novus
2250 945 2568 1012 captivitatis
2595 945 2787 999 modus
2812 944 3079 999 civitatem
3107 943 3311 998 detinet
3334 942 3542 998 111111111-

1962 1035 2058 1088 ciis
2085 1044 2140 1090 et
2166 1037 2332 1091 muris
2359 1038 2656 1101 stantibus,
2704 1036 2932 1091 incensis
2970 1035 3271 1091 civitatibus
3299 1035 3544 1104 graviora

1966 1128 2270 1196 patiuntur;
2312 1129 2456 1184 nullo
2484 1128 2825 1183 incumbente
2851 1127 3108 1191 barbaro,
3140 1140 3242 1180 nec
3266 1125 3420 1179 hoste
3450 1139 3543 1193 ap~

1967 1229 2201 1287 parente,
2232 1221 2400 1291 captis
2429 1221 2675 1275 miserius
2702 1219 2875 1274 affecti
2906 1228 3065 1283 sunt,
3097 1227 3150 1272 et
3177 1218 3264 1272 vel
3293 1216 3475 1270 folium
3505 1216 3547 1266 si

1965 1323 2262 1378 moveatur,
2293 1328 2480 1370 omnes
2509 1315 2654 1383 ipsos
2686 1330 2778 1383 per
2805 1314 3042 1382 singulos
3070 1320 3231 1366 terret
3259 1309 3393 1364 dies.
3423 1309 3548 1362 "ac

1965 1419 2153 1460 omnes
2187 1407 2395 1461 sciunt:
2417 1416 2471 1460 et
2505 1407 2549 1460 si
2580 1405 2887 1460 subversam
2920 1407 3087 1475 ipsam
3116 1402 3403 1465 vidissent,
3443 1416 3547 1454 tton

1965 1498 2044 1551 sic
2083 1505 2262 1551 essent
2297 1497 2538 1567 castigati
2561 1539 2575 1564 ,
2602 1505 2660 1550 ut
2688 1511 2827 1549 nunc
2856 1511 2976 1549 cum
3020 1496 3112 1547 has
3140 1492 3304 1562 ipsius
3330 1491 3550 1545 audiere

1966 1587 2228 1642 miserias.
2255 1586 2334 1642 Ne
2360 1587 2519 1657 igitur
2545 1588 2646 1642 hoc
2671 1588 2875 1656 cogites
2898 1628 2911 1650 ,
2954 1586 3164 1654 pejores
3192 1584 3392 1637 futuras
3433 1597 3551 1636 esse

1966 1680 2209 1736 civitates
2242 1681 2496 1751 reliquas.
2547 1680 2662 1735 Non
2707 1680 2849 1734 enim
2890 1679 2934 1733 si
2974 1679 3212 1733 civitates
3239 1676 3372 1730 alias
3396 1690 3551 1729 ever-

1968 1774 2159 1840 tisses,
2192 1774 2269 1829 sic
2298 1790 2390 1830 eas
2416 1774 2768 1843 castigasscs,
2801 1783 2857 1827 ut
2888 1786 3027 1825 nunc
3058 1786 3150 1841 per
3183 1770 3434 1824 incertam
3468 1766 3549 1822 fu.

1970 1874 2206 1919 tnrorum
2237 1866 2689 1936 exspectationem
2720 1864 2863 1919 omni
2895 1862 3153 1932 supplicio
3184 1858 3552 1915 vehementius

1970 1957 2111 2026 ipsos
2141 1956 2316 2026 punis.
2355 1955 2431 2010 Ne
2470 1956 2627 2025 igitur
2656 1955 2787 2024 ipsis
2816 1954 3037 2008 ttlterius
3077 1951 3403 2006 calamitates
3434 1964 3554 2019 pro-

1969 2048 2131 2101 ducas
2150 2088 2164 2110 ,
2204 2046 2302 2102 sed
2338 2046 2447 2115 jam
2474 2047 2738 2115 respirare
2768 2044 3051 2099 concedas.
3081 2041 3335 2097 Subditos
3363 2054 3554 2109 nempe

1968 2138 2228 2205 castigare
2267 2144 2321 2191 et
2346 2146 2616 2207 gestorum
2646 2137 2856 2205 exigere
2882 2148 3095 2204 pinnas,
3142 2131 3295 2186 facile
3343 2130 3555 2200 penitus

1969 2238 2022 2283 ct
2048 2237 2387 2299 promptum;
2418 2228 2482 2283 iis
2518 2243 2645 2282 vero
2687 2227 2780 2297 qui
2827 2225 3176 2281 contumelias
3231 2224 3551 2283 intulerunt,

1969 2337 2209 2391 parcere,
2238 2330 2293 2376 et
2322 2321 2387 2376 iis
2408 2322 2497 2391 qui
2528 2321 2680 2375 venia
2708 2320 2922 2389 indigna
2953 2326 3313 2388 patraverunl,
3342 2316 3550 2370 veniam

1969 2412 2121 2478 dare,
2152 2412 2311 2467 unius
2340 2421 2395 2466 et
2421 2412 2504 2465 vix
2532 2411 2750 2467 alterius
2775 2418 2878 2476 est,
2907 2419 2956 2465 et
2983 2409 3211 2463 maxime
3236 2424 3356 2463 cum
3385 2408 3554 2476 impe-

1970 2515 2118 2558 rator
2140 2504 2211 2557 sit
2238 2504 2614 2558 contumeliam
2660 2517 2867 2572 passus.
2914 2501 2982 2556 Et
3027 2501 3292 2556 civitatem
3337 2499 3550 2569 quidem

1970 2606 2116 2650 metu
2145 2596 2377 2652 subdere
2405 2596 2590 2659 facile;
2621 2610 2809 2650 omnes
2839 2604 3015 2649 autem
3046 2594 3125 2647 sui
3156 2602 3396 2646 amantes
3421 2608 3554 2646 con-

1971 2689 2226 2753 stituere,
2270 2688 2440 2756 iisque
2481 2686 2805 2758 persuadere
2852 2694 2910 2765 ut
2952 2685 3005 2739 in
3049 2699 3267 2754 regnum
3311 2693 3455 2736 tnmn
3496 2696 3554 2736 se

1971 2778 2226 2834 benevole
2251 2778 2482 2833 habeant
2501 2820 2515 2844 ,
2559 2788 2610 2833 et
2638 2793 2741 2831 non
2775 2785 2972 2830 tantum
2998 2789 3307 2829 communes
3327 2815 3340 2836 ,
3366 2788 3550 2826 verum

1970 2878 2025 2924 et
2055 2871 2283 2940 privatas
2318 2885 2413 2940 pro
2443 2879 2532 2924 tuo
2560 2884 2749 2941 preces
2780 2868 3003 2936 imperio
3031 2866 3271 2931 fundant,
3301 2863 3550 2918 difficile:

1972 2960 2095 3015 licet
2119 2960 2351 3014 infinitas
2379 2962 2495 3030 quis
2524 2959 2793 3030 expendat
2828 2958 3078 3028 pecunias
3099 2998 3112 3021 ,
3155 2966 3209 3011 et
3246 2957 3553 3009 inmnneros

1972 3052 2238 3105 exercitus
2278 3061 2525 3114 moveat,
2570 3058 2626 3104 et
2663 3048 2917 3119 quidquid
2946 3058 3195 3115 Operetnr
3218 3087 3233 3112 ,
3268 3062 3370 3099 nott
3402 3044 3553 3099 facile

1973 3153 2049 3197 tot
2079 3142 2350 3196 hominum
2382 3139 2629 3195 affectum
2661 3139 2726 3193 ad
2762 3140 2992 3210 seipsum
3024 3138 3293 3192 attrahere
3322 3137 3551 3206 poterit,

1971 3232 2110 3303 quod
2142 3247 2284 3287 nunc
2323 3232 2413 3285 tibi
2445 3231 2601 3286 facile
2645 3231 2746 3285 erit
2784 3238 2839 3285 et
2883 3229 3074 3283 nullius
3101 3227 3316 3297 negotii.
3347 3226 3475 3281 Nam
3501 3235 3553 3281 et

1975 3325 2247 3379 beneficiis
2282 3323 2454 3378 affecti
2481 3366 2495 3387 ,
2538 3332 2592 3377 et
2639 3323 2728 3392 qui
2776 3321 3039 3376 audierint
3079 3323 3274 3389 pariter
3300 3334 3419 3372 cum
3450 3319 3551 3384 iis,

1973 3418 2059 3486 qni
2092 3415 2344 3469 beneficia
2370 3415 2692 3483 acceperint,
2722 3428 2845 3482 erga
2876 3423 2924 3465 te
2954 3411 3208 3464 benevole
3230 3409 3547 3463 afficientur.

1974 3508 2112 3577 Quot
2143 3506 2378 3575 poenitiis
2405 3508 2649 3570 emisses,
2680 3514 2809 3574 quot
2836 3503 3059 3556 emisses
3086 3500 3374 3563 labet-ibus,
3407 3498 3551 3553 brevi

1976 3598 2231 3666 temporis
2261 3605 2529 3649 momento
2562 3603 2727 3648 totum
2759 3593 2943 3646 urbem
2971 3590 3265 3660 aequirere,
3296 3599 3352 3643 ct
3377 3589 3551 3642 omni-

1974 3690 2071 3742 bus
2098 3688 2186 3757 qui
2215 3702 2353 3740 uunc
2390 3695 2512 3739 sunt
2542 3685 2834 3753 futurisque
2874 3683 3214 3752 persuadere,
3274 3689 3329 3733 111
3356 3688 3551 3750 quanta

1974 3780 2094 3832 [illis
2123 3778 2233 3832 suis
2262 3785 2464 3847 optant,
2491 3785 2632 3829 tanta
2656 3775 2879 3844 eteapiti
2905 3784 2991 3828 tuo
3013 3782 3276 3842 optarent.
3299 3771 3352 3826 Si
3375 3780 3549 3825 autem

1972 3872 2039 3924 ab
2068 3870 2367 3925 hominibus
2392 3871 2523 3935 haec,
2548 3868 2716 3938 cogita
2740 3878 2987 3937 quautam
3012 3882 3040 3919 a
3072 3866 3177 3919 Deo
3207 3865 3385 3933 capies
3411 3881 3553 3919 mer-

1974 3961 2182 4025 cedem,
2229 3976 2333 4014 non
2375 3967 2576 4012 tantum
2605 3972 2789 4012 eorum
2816 3998 2830 4023 ,
2863 3972 2979 4026 qua!
3012 3971 3151 4009 nunc
3182 3957 3330 4017 fiunt,
3371 3969 3551 4007 verum

1975 4062 2026 4105 et
2068 4067 2183 4121 qua:
2231 4057 2351 4120 post
2394 4050 2508 4104 hare
2541 4048 2607 4103 ab
2648 4049 2768 4102 aliis
2815 4057 3151 4117 peragentur.
3200 4046 3254 4099 Si
3307 4059 3551 4114 umquam

1976 4146 2115 4199 enim
2143 4146 2414 4214 cootingat
2441 4142 2553 4197 fieri
2581 4126 2683 4197 tale
2709 4141 2852 4211 quid,
2885 4141 3038 4209 quale
3070 4153 3206 4192 nunc
3235 4138 3427 4190 factum
3449 4145 3552 4197 est,

1976 4236 2115 4306 quod
2165 4235 2302 4289 Deus
2330 4242 2567 4297 avertat,
2613 4244 2665 4288 et
2713 4230 2955 4299 injuriam
2994 4244 3264 4298 passorum
3313 4225 3470 4296 aliqui
3503 4225 3553 4279 in

1978 4330 2353 4386 contumeliam
2382 4336 2630 4398 operatus
2658 4327 2934 4394 insurgere
2964 4323 3151 4388 velint,
3183 4320 3479 4389 benignitas
3504 4329 3557 4373 ct

1978 4420 2312 4491 philosophia
2358 4429 2445 4473 tua
2489 4434 2583 4488 pro
2618 4417 2761 4470 ontni
2809 4404 2937 4485 ipsis
2962 4415 3064 4470 erit
3090 4413 3361 4482 disciplina
3388 4420 3442 4465 et
3464 4410 3557 4464 ad-

1979 4512 2269 4566 monitione
2295 4528 2308 4563 :
2332 4510 2526 4564 rubore
2556 4508 2859 4577 pudoreqne
2896 4504 3228 4570 afficientur,
3262 4504 3367 4558 tale
3394 4502 3555 4555 disci-

1979 4604 2133 4671 plinae
2154 4601 2456 4671 exemplum
2482 4600 2756 4663 habentes,
2780 4598 3059 4652 inferiores
3079 4612 3352 4666 apparere.
3379 4596 3557 4659 Itaque

1976 4693 2213 4746 omnium
2246 4699 2577 4760 posterorum
2607 4690 2713 4744 eris
2742 4699 3057 4759 przrceptor,
3104 4698 3157 4753 et
3184 4689 3408 4756 palmam
3431 4691 3558 4755 ipsis

1978 4782 2249 4853 pt'mripics
2269 4823 2284 4848 ,
2330 4783 2448 4836 licet
2479 4782 2544 4835 ad
2576 4781 2747 4851 ipsum
2777 4779 3127 4851 philosophia:
3157 4780 3407 4834 verticem
3441 4790 3558 4844 pcr-

1977 4874 2210 4927 veniant.
2236 4873 2348 4927 Non
2372 4873 2511 4927 enim
2538 4888 2631 4942 par
2650 4883 2753 4935 est,
2778 4873 3077 4943 quempiam
3104 4880 3301 4925 tantam
3325 4868 3557 4934 incipere

1978 4964 2354 5035 benignitatem
2386 4966 2635 5034 primum,
2663 4974 2718 5020 et
2737 4965 2802 5019 ad
2825 4964 2961 5019 alios
2985 4961 3351 5030 respicientem
3372 4973 3556 5014 eorum

1977 5069 2092 5111 arta
2129 5057 2344 5112 imitari.
2376 5058 2631 5124 Quocirca
2658 5057 2977 5127 quicumque
3004 5065 3119 5123 post
3166 5063 3216 5107 te
3261 5050 3557 5105 humanita-

1981 5160 2087 5205 tem
2116 5158 2171 5203 et
2198 5149 2656 5203 mansuetudinem
2686 5158 3168 5218 quantamcumque
3193 5142 3551 5204 exbibuerint,

1979 5251 2034 5295 111
2072 5256 2191 5295 cum
2235 5240 2338 5296 illis
2385 5241 2685 5296 mercedem
2713 5240 2970 5309 accipies;
3010 5238 3099 5307 qui
3138 5236 3281 5291 ettim
3327 5237 3559 5290 radicem

1929 5361 1938 5377 ι
1979 5332 2222 5403 prmbnit,
2252 5330 2337 5385 hic
2363 5332 2545 5401 utique
2574 5338 2630 5386 et
2653 5330 2913 5385 fructuum
2936 5339 3121 5381 auctor
3141 5336 3244 5382 est.
3271 5325 3560 5395 Propterea

1979 5440 2118 5479 nunc
2165 5422 2377 5493 quidem
2428 5437 2584 5477 nemo
2639 5433 2810 5475 tecum
2864 5420 3208 5474 humanitatis
3258 5415 3559 5473 mercedem

1979 5516 2158 5585 partiri
2185 5525 2388 5583 potest:
2413 5524 2556 5568 tuum
2576 5514 2717 5567 enim
2748 5511 2912 5566 solius
2938 5512 3185 5564 meritum
3218 5519 3333 5564 est:
3358 5521 3412 5563 tu
3435 5522 3562 5562 vero

1976 5621 2095 5659 cum
2140 5604 2385 5658 omnibus
2424 5604 2650 5672 posteris
2674 5644 2690 5667 ,
2730 5603 2773 5657 si
2823 5603 2910 5672 qui
2944 5601 3077 5657 tales
3107 5615 3353 5671 umquam
3398 5613 3561 5669 appa-

1978 5705 2129 5750 reant
2150 5736 2165 5763 ,
2193 5710 2260 5751 ex
2289 5710 2441 5766 aequo
2473 5692 2718 5749 meritum
2747 5694 3217 5761 dividere-puteris
3237 5732 3253 5755 ,
3280 5700 3332 5747 et
3362 5700 3561 5746 tantam

3127 5782 3199 5844 111
