4020 6216
604 194 705 245 219

602 317 873 373 reportare
901 322 1123 380 partem,
1149 329 1398 387 quantam
1423 322 1473 378 in
1494 324 1765 397 discipulis
1789 344 2169 406 prmceptores:

600 406 651 450 et
681 398 725 452 si
756 416 911 456 nemo
949 406 1065 460 talis
1092 406 1247 465 fuerit
1270 453 1284 478 ,
1317 429 1526 470 rursum
1565 419 1655 474 tibi
1685 428 2174 489 commendationes

598 494 652 539 et
680 487 859 546 laudes
889 508 982 561 per
1008 497 1242 567 singulas
1267 507 1583 571 proveniunt
1607 516 1996 582 generationes.
2032 522 2173 577 Con-

600 575 772 632 sidera
800 596 1025 653 namque
1054 588 1209 656 quale
1233 592 1302 646 sit
1328 606 1566 663 posteros
1593 575 1778 658 omnes
1806 608 2010 676 audire,
2035 614 2172 682 quod

596 673 701 719 tam
742 684 927 739 magna
969 675 1180 734 civitate
1209 696 1380 750 pcenrc
1409 694 1463 739 et
1493 687 1679 743 ultioni
1707 692 1933 750 obnoxia
1954 739 1968 763 ,
2016 715 2167 769 pave-

599 755 747 810 factis
775 764 1021 821 erunibus
1041 808 1055 831 ,
1098 778 1152 823 et
1190 770 1502 831 horrefactis
1548 779 1801 849 ducibus,
1833 788 2093 855 prmfcctis
2122 803 2175 847 et

593 842 897 916 judicibus,
950 869 1013 909 ac
1060 873 1127 913 ne
1180 876 1361 918 vocem
1409 868 1619 936 quidem
1664 887 1760 941 pro
1812 877 2019 932 miseris
2072 881 2173 937 illis

597 937 841 995 emittere
870 945 1207 1016 audentibus,
1238 969 1373 1010 unus
1399 960 1658 1016 accedens
1686 978 1850 1021 senex
1875 968 1967 1029 Dei
1993 986 2173 1027 sacer-

599 1022 800 1080 dotinm
830 1045 1018 1100 gerens
1040 1078 1054 1102 ,
1097 1054 1161 1095 ex
1188 1041 1300 1114 ipso
1328 1058 1543 1117 aspectu
1574 1052 1690 1107 solo
1731 1063 1785 1109 et
1812 1058 2078 1129 colloquio
2105 1064 2171 1118 ad

600 1122 944 1178 reverentiam
1012 1127 1386 1198 Imperatorem
1456 1132 1667 1198 movit:
1701 1150 1921 1217 etquod
1975 1155 2170 1210 nemini

597 1218 810 1263 suorum
834 1214 1163 1274 subditorum
1192 1228 1475 1295 concessit,
1506 1233 1593 1286 uni
1621 1234 1722 1291 hoc
1745 1240 1858 1293 seni
1884 1246 2169 1314 concessit,

598 1294 690 1314 η.
741 1298 753 1314 .
1078 1311 1088 1314 -

598 1294 691 1351 Dei
738 1298 881 1371 leges
921 1311 1197 1367 reveritus.
1232 1315 1437 1373 Etenim
1464 1294 1583 1378 hoc
1607 1341 1817 1397 quoque
1845 1330 1960 1400 ipso
1988 1350 2091 1391 non
2121 1347 2172 1393 te

598 1404 799 1459 parum,
832 1395 1141 1470 imperator,
1184 1407 1369 1464 civitas
1402 1411 1715 1483 honoravit,
1746 1424 1884 1492 quod
1915 1441 2000 1481 me
2024 1428 2088 1481 ad
2119 1437 2171 1485 te

598 1480 819 1550 legatum
858 1490 1100 1561 miserit;
1145 1504 1461 1558 sententiam
1503 1508 1643 1563 enim
1670 1510 1737 1566 de
1762 1521 1810 1566 te
1838 1516 2088 1584 optimam
2118 1528 2171 1574 et

595 1573 1005 1638 pulcherrimam
1057 1589 1431 1660 protulerunt,
1479 1598 1621 1666 quod
1672 1604 1816 1657 omni
1858 1573 2167 1680 principatui

595 1660 685 1714 tibi
716 1666 956 1735 subjecto
984 1672 1075 1728 Dei
1104 1679 1407 1737 sacerdotes
1427 1660 1741 1758 anteponas,
1765 1694 1868 1747 etsi
1897 1696 2026 1752 viles
2051 1713 2169 1755 esse

591 1754 878 1825 contingat.
921 1758 1037 1816 Non
1088 1765 1155 1819 ab
1202 1768 1309 1824 illis
1363 1788 1489 1829 vero
1537 1785 1736 1833 tantum
1788 1799 1929 1839 nunc
1974 1789 2163 1853 venio,

593 1854 774 1896 verum
808 1855 861 1900 et
903 1859 1025 1906 aute
1068 1854 1187 1911 illos
1215 1873 1242 1911 a
1274 1866 1540 1919 communi
1587 1871 1895 1939 angelorum
1944 1877 2167 1936 Domino

593 1928 786 1986 missus
810 1950 949 2001 sum,
973 1952 1029 1992 ut
1052 1942 1164 1999 lucc
1184 1947 1352 2003 dicam
1379 1955 1670 2013 mitissima.-
1691 1975 1753 2015 ac
1776 1961 2166 2036 benignissima:

592 2023 784 2078 animo:
808 2037 909 2082 tua:
929 2049 941 2079 .-
961 2032 1109 2100 Quod
1132 2038 1177 2092 si
1206 2039 1503 2101 hominibus
1527 2048 1761 2119 ipsorum
1792 2055 1965 2113 debita
1982 2060 2161 2117 dimit-

595 2115 716 2168 tatis
736 2157 751 2181 ,
799 2128 849 2173 et
881 2121 1039 2179 Pater
1068 2130 1292 2186 caelestis
1314 2133 1488 2205 lapsus
1515 2115 1664 2198 vobis
1693 2143 1921 2203 dimittet
1952 2150 2159 2223 (Matth.

590 2202 638 2256 fi.
691 2207 801 2273 ιι).
847 2212 1144 2274 Recordare
1175 2222 1333 2292 igitur
1365 2202 1517 2283 illius
1558 2231 1696 2300 diei,
1739 2252 1845 2306 quo
1881 2202 2163 2300 omnes—de

587 2296 719 2350 actis
744 2302 1001 2358 rationem
1034 2310 1320 2369 reddemus
1344 2334 1358 2371 :
1380 2322 1549 2389 cogita
1589 2296 1728 2394 quod
1757 2296 1932 2386 etiam
1964 2334 2007 2388 si
2036 2337 2160 2406 quid

1444 2381 1473 2389 ν
1606 2381 1620 2394 ι
1784 2381 1932 2386 """"
1964 2381 2007 2388 "
2038 2381 2160 2406 1"".

589 2381 640 2435 in
674 2393 725 2439 te
756 2403 1028 2459 peceatum
1056 2407 1140 2452 est
1164 2440 1178 2465 ,
1233 2419 1421 2460 omnes
1452 2410 1670 2469 abluere
1698 2421 2160 2485 przevaricationes

587 2488 682 2540 per
722 2476 980 2545 judicium
1033 2497 1085 2543 et
1132 2497 1448 2553 sententiam
1500 2501 1653 2559 istam
1707 2512 1908 2577 poteris
1959 2514 2159 2585 absque

588 2560 775 2585 I_L-_-9l
942 2575 953 2585 ·
1207 2581 1219 2585 ‘

1707 2560 1724 2577 ι
1752 2560 1767 2562 ν
1786 2560 1907 2567 τν--τ
1959 2560 2155 2585 *νυ-νη

588 2560 880 2635 laboribus,
906 2575 1103 2645 absque
1124 2581 1425 2641 sudoribus.
1448 2591 1547 2645 Alii
1570 2608 1765 2665 nempe
1786 2599 1943 2670 legati
1967 2619 2155 2661 aurum

583 2662 637 2706 et
662 2670 935 2726 argentum
961 2674 1013 2717 et
1038 2668 1138 2721 alia
1166 2669 1464 2741 hujusmodi
1495 2680 1630 2735 dona
1659 2683 1837 2743 ferunt
1860 2708 1875 2757 ;
1909 2708 2007 2763 ego
2031 2711 2156 2752 vero

584 2757 703 2798 eum
745 2751 913 2804 sacris
937 2754 1001 2807 ad
1033 2755 1309 2828 imperium
1355 2774 1501 2823 tuum
1545 2771 1746 2843 legibus
1782 2782 1930 2848 veni,
1966 2794 2019 2839 et
2057 2802 2156 2855 pro

586 2832 733 2855 ,μμ
776 2854 783 2855 γ
893 2842 925 2855 ..
1040 2846 1052 2855 .

1594 2832 1623 2843 υ
1825 2832 1930 2848 ----ν
1970 2832 2019 2839 ν’
2060 2832 2153 2855 r'"

583 2832 737 2891 donis
763 2842 1008 2897 omnilms
1038 2846 1131 2902 has
1161 2855 1433 2918 przeteudo
1458 2900 1472 2925 ,
1523 2872 1574 2916 et
1617 2873 1665 2919 te
1695 2867 1973 2926 Dominum
2006 2884 2153 2932 tuum

580 3123 647 3162 ne
671 3112 965 3170 confundas
986 3136 1133 3190 spem
1160 3137 1416 3197 nostram,
1441 3148 1538 3189 nec
1566 3142 1945 3205 promissiones
1974 3146 2151 3203 irritas

582 3197 986 3263 faciaszetenim
1017 3221 1070 3266 et
1096 3213 1195 3270 hoc
1223 3233 1341 3273 cum
1373 3223 1491 3279 aliis
1517 3234 1567 3281 te
1595 3230 1733 3285 scire
1754 3234 1900 3300 volo,
1936 3239 2074 3306 quod
2103 3244 2147 3296 si

581 3294 911 3351 reconciliari
941 3301 1072 3356 vilis
1102 3315 1151 3359 et
1178 3308 1454 3376 pristinam
1494 3316 1692 3373 civitati
1726 3320 2145 3384 benevolentiam

573 3386 1000 3457 communicare,
1033 3405 1085 3448 et
1115 3394 1253 3454 hanc
1293 3404 1562 3461 remittere
1593 3408 1790 3478 justam
1835 3414 2147 3485 indignatio-

576 3487 717 3538 nem,
750 3491 868 3530 cum
902 3483 1065 3537 multa
1092 3498 1328 3545 revertar
1352 3493 1574 3563 fiducia;
1606 3501 1651 3555 si
1680 3518 1806 3558 vero
1845 3519 2026 3565 mente
2056 3519 2143 3565 tua

572 3561 838 3621 civitatem
868 3578 1190 3645 asperneris,
1213 3596 1316 3636 non
1342 3592 1545 3642 tantum
1569 3590 1733 3661 ipsam
1758 3611 1860 3651 non
1882 3610 2141 3669 repetam,

570 3670 669 3711 nec
699 3659 862 3728 ipsius
890 3667 1061 3722 solum
1094 3671 1305 3742 videbo,
1336 3692 1517 3734 verum
1548 3693 1602 3738 et
1630 3684 1682 3739 in
1709 3688 1965 3759 reliquum
1994 3708 2144 3761 pror-

566 3760 658 3802 sus
700 3755 935 3821 negabo,
983 3768 1037 3813 et
1080 3760 1130 3814 in
1174 3764 1331 3819 aliam
1363 3785 1447 3822 me
1490 3773 1754 3829 civitatem
1784 3781 2137 3837 conscribam.

564 3834 642 3889 Nc
670 3839 795 3892 mihi
838 3858 1064 3914 namque
1103 3852 1305 3908 accidat
1351 3857 1402 3911 in
1442 3860 1583 3917 illam
1625 3881 1871 3937 umquam
1908 3871 2135 3927 adscribi

565 3926 786 3990 patriam
807 3968 821 3993 ,
852 3947 975 4001 erga
1007 3952 1163 4003 quam
1208 3941 1624 4017 humanissimus
1663 3963 1749 4020 tu,
1780 3968 1834 4013 et
1864 3962 2134 4018 hominum

560 4023 872 4073 cunctorum
892 4022 1201 4081 mitissimus
1214 4034 1388 4098 pacari
1408 4042 1845 4114 reconciliarique
1860 4064 1962 4102 non
1980 4053 2132 4109 velis.

629 4106 682 4159 4.
725 4107 867 4165 Mitis
896 4110 1151 4184 responsio
1170 4117 1520 4193 Imperatoris,
1549 4131 1634 4197 qui
1670 4106 1832 4200 parcit
1860 4106 2131 4197 Antioche;

559 4193 656 4246 nis.
679 4225 749 4236 —
786 4197 911 4256 Haec
937 4214 990 4258 ct
1031 4206 1112 4260 his
1142 4208 1287 4278 plura
1319 4193 1589 4283 loquutus,
1639 4193 1717 4274 sic
1755 4222 2129 4293 Imperatorem

560 4283 840 4354 pudefecit,
863 4301 921 4345 ut
938 4294 1076 4349 idem
1107 4297 1279 4366 fieret,
1305 4304 1445 4372 quod
1470 4316 1524 4360 et
1551 4308 1601 4362 in
1628 4283 1974 4382 Joseph'olim
1998 4283 2128 4375 con-—

560 4373 694 4441 tigit.
744 4375 889 4435 Sicut
918 4387 1059 4438 enim
1084 4386 1170 4442 ille
1199 4398 1324 4446 tunc
1355 4393 1544 4451 fratres
1570 4403 1921 4471 conspicatus,
1952 4408 2130 4479 lugere

552 4464 764 4531 quidem
786 4460 1016 4540 volebat,
1038 4477 1130 4531 sed
1148 4479 1387 4538 dolorem
1408 4489 1637 4558 tegebat,
1655 4460 1719 4547 ne
1734 4460 2125 4559 simulationem

554 4555 799 4621 proderet
827 4579 840 4615 :
874 4562 949 4618 sic
964 4576 1017 4619 et
1033 4567 1327 4639 Imperator
1344 4555 1889 4654 lacrimabatquidem
1921 4601 2121 4660 mente,

550 4660 653 4698 non
680 4646 1080 4713 demonstrabat
1121 4671 1320 4731 autem,
1355 4646 1593 4726 omnium
1630 4646 1718 4745 qui
1747 4685 1871 4734 tunc
1904 4682 2127 4740 aderant

545 4750 725 4794 causa.
756 4739 1057 4801 Nectamen
1071 4764 1239 4820 usque
1257 4755 1308 4807 in
1337 4756 1495 4813 finem
1519 4772 1705 4819 aestum
1732 4768 1909 4824 celare
1924 4774 2117 4841 potuit,

545 4841 731 4883 verum
759 4841 814 4885 et
833 4833 1026 4893 invitus
1050 4842 1420 4909 superabatur.
1443 4848 1571 4905 Post
1597 4851 1732 4909 hanc
1749 4859 1889 4913 enim
1906 4864 2121 4916 concio-

541 5105 709 5172 magis
734 5111 961 5165 ornavit.
989 5113 1125 5182 Quid
1156 5127 1332 5173 autem
1360 5119 1459 5176 hoc
1489 5126 1611 5178 est?
1642 5127 1705 5181 Et
1733 5130 1857 5199 quid
1885 5133 2115 5191 admira-

540 5187 643 5247 bile
667 5204 721 5250 et
738 5215 986 5271 magnum
1022 5216 1126 5275 est,
1158 5209 1346 5282 inquit,
1369 5212 1414 5269 si
1439 5214 1522 5281 iis,
1551 5219 1758 5286 quinos
1782 5227 2115 5284 contumeliis

539 5281 829 5343 affecerunt
849 5332 863 5356 ,
894 5293 1025 5349 iram
1053 5281 1386 5358 remittamus
1417 5304 1717 5365 hominibus
1743 5313 2110 5382 existentibus,

539 5384 665 5428 cum
682 5384 736 5430 et
750 5378 846 5447 ipsi
862 5383 1101 5445 homines
1118 5393 1302 5459 simus;
1322 5413 1441 5451 cum
1462 5401 1641 5455 mundi
1662 5403 1975 5462 Dominusin
2007 5418 2113 5465 ter-

543 5479 658 5518 ram
682 5466 1030 5544 descendens,
1059 5490 1115 5535 et
1143 5496 1356 5556 prepter
1383 5505 1481 5545 nos
1518 5506 1704 5549 servus
1736 5498 1925 5564 factus,
1976 5510 2029 5555 et
2079 5517 2108 5555 a

541 5554 801 5617 beneﬁcio
830 5563 1031 5623 adectis
1070 5554 1380 5642 crucifixus,
1429 5597 1525 5651 pro
1553 5585 1957 5644 crucifixoribus
1998 5592 2107 5647 suis

1331 207 1385 261 S.
1427 208 1704 271 JOANNlS
1740 215 2213 283 CHRYSOSTOMI
2252 232 2567 297 ARCHIEP.
2608 247 3135 323 CONSTANTINOP.

3647 297 3725 354 2'30

2282 352 2491 412 Patrem
2547 366 2798 431 oraverit,
2853 371 3080 434 dicens:
3125 381 3322 453 Ignosce
3360 392 3465 460 illis,
3509 417 3588 458 non
3635 414 3725 467 enim

2282 448 2450 502 sciunt
2478 454 2604 523 quid
2626 458 2816 526 faciunt
2842 464 2863 533 (
2883 464 3008 523 Luc.
3036 470 3124 529 25.
3154 448 3219 531 ΞΗ
3246 479 3297 549 )?
3319 448 3588 561 quidigilu;

2280 538 2469 607 rabile,
2502 544 2546 597 si
2573 562 2671 603 nos
2694 559 2967 613 conservis
3016 538 3728 655 ignoscamusil'It-oquodwltl;

2280 632 2443 687 verba
2472 651 2573 690 non
2602 639 2709 695 sint
2734 644 3020 719 simulatio,
3069 656 3464 727 demonstrarunt
3498 632 3663 745 quidem
3695 696 3731 740 et

2280 723 2473 745 “um”
2519 742 2534 745 Α
2845 739 2877 745 _-

3416 723 3463 727 ~~v
3501 723 3663 745 Ί---νιιι
3695 723 3731 740 ιι

2280 723 2479 794 reliqua
2509 742 2691 797 opera,
2720 750 2818 791 nec
2843 739 2909 793 iis
2936 746 3107 802 minus
3134 750 3254 807 illud
3276 760 3402 826 quod
3426 779 3543 821 nunc
3563 784 3651 826 sum
3669 792 3731 829 re-

2280 809 2347 829 ,J
2548 818 2565 829 .

3289 809 3402 826 Ie-..
3428 809 3540 821 ..π-ιν.
3563 809 3651 826 ausu
3669 809 3731 829 ἰΰ-

2280 809 2499 871 laturus.
2548 818 2720 889 Ipsum
2758 830 2900 884 enim
2948 833 3086 892 hunc
3134 846 3436 907 sacerdotem
3459 870 3605 913 secum
3638 862 3735 921 hanc

2280 902 2384 921 --ΙΑ
2412 920 2418 921 κ
2491 907 2523 921 ⁸-
2571 920 2577 921 ί
2767 918 2781 921 “
2823 919 2831 921 “

3322 902 3325 903 ν
3369 902 3436 907 ἡ---
3460 902 3605 913 ---_.u
3638 902 3734 921 ulllb

2277 902 2669 966 solemnitatem
2701 918 2978 981 celebrare
2998 929 3274 999 volentem,
3313 940 3504 999 invitum
3523 963 3734 1020 properare

2279 1002 2327 1020 ΑΙ
2363 997 2604 1020 'A-IE—‘—“
2767 1010 2779 1020 .

3263 997 3270 999 _
3523 997 3733 1020 ,,-,,-.-.ν

2278 1002 2332 1047 et
2360 997 2611 1058 festinare
2631 1010 2805 1079 coegit
2825 1023 2877 1067 et
2897 1030 2955 1071 se
2968 1020 3168 1080 civibus
3183 1028 3430 1088 exhibere.
3451 1037 3580 1106 Novi,
3597 1043 3736 1115 inquit,

2277 1099 2417 1142 nunc
2443 1089 2675 1158 ipsorum
2696 1100 2902 1159 animos
2921 1115 3276 1182 conturbatos,
3314 1132 3362 1176 et
3403 1128 3568 1183 multas
3604 1089 3737 1202 su‘per-

2277 1191 2395 1234 esse
2411 1183 2730 1245 calamitatis
2760 1194 3047 1268 reliquias;
3078 1206 3184 1273 alii,
3209 1214 3476 1271 consolare.
3516 1218 3562 1275 Si
3596 1225 3739 1293 guber-

2276 1280 2516 1327 natorem
2533 1277 2784 1352 viderint,
2804 1302 2901 1342 nec
2918 1297 3197 1358 przeteritas
3214 1303 3577 1365 reminisceutur
3590 1324 3738 1384 tempe-

2274 1371 2446 1431 statis,
2479 1383 2662 1426 verum
2692 1384 2747 1429 et
2780 1377 2949 1447 ipsam
2995 1386 3218 1443 tristium
3276 1398 3549 1454 memoriam
3584 1418 3737 1460 omnem

2273 1449 2546 1513 delebunt.
2577 1459 2647 1515 Ut
2668 1475 2841 1522 autem
2867 1470 3056 1528 institit
3082 1481 3313 1547 pontifex
3337 1449 3738 1555 pet—ens,"ut‘

2272 1555 2426 1599 suum
2450 1546 2707 1616 mitteret,
2742 1559 2926 1615 volens
2954 1563 3044 1620 ille
3066 1546 3336 1629 manifeste
3362 1575 3683 1649 demonstrare,
3700 1599 3740 1639 se

2272 1638 2479 1703 penitus
2511 1640 2641 1697 iram
2672 1658 2851 1705 mente
2894 1652 3196 1716 delevisse:
3226 1662 3375 1720 Orate
3400 1708 3414 1733 ,
3456 1670 3629 1740 inquit,
3664 1638 3743 1731 line

2271 1725 2468 1783 auferri
2499 1732 2790 1805 obstacula,
2823 1741 2937 1796 hate
2981 1744 3116 1804 bella
3145 1754 3388 1824 extingui,
3414 1768 3461 1812 et
3484 1725 3567 1829 ego
3588 1765 3743 1819 veniat:

2274 1818 2512 1874 omnino.
2537 1822 2672 1890 Quid
2693 1829 2871 1884 anima
2901 1835 3081 1892 mitius
3104 1839 3192 1895 illa
3219 1818 3333 1900 esse
3358 1818 3544 1915 possit;
3565 1818 3742 1907 Confer;

2268 1904 2462 1963 dantur
2483 1915 2713 1982 gentiles
2736 1919 2803 1975 de
2824 1924 3051 1995 reliquo,
3073 1931 3307 2001 quinimo
3332 1904 3395 1991 ne
3416 1904 3744 2005 confundant—Ir.

2267 1999 2359 2053 sed
2387 2004 2729 2077 erudiuntur,
2776 2021 2832 2067 et
2875 1999 3142 2087 proprium
3173 2026 3460 2083 omittentes
3484 2046 3677 2087 errorem
3697 2033 3744 2086 ad

2265 2087 2655 2151 Christianismi
2672 2101 2917 2159 virtutem
2938 2109 3175 2178 redeant,
3200 2125 3423 2173 uestram
3450 2119 3511 2175 ab
3534 2120 3747 2199 Imperato-

2267 2194 2325 2233 re
2343 2191 2395 2234 et
2413 2186 2664 2253 pontifice
2680 2191 2821 2248 docti
2841 2195 3249 2271 philosophiam.
3278 2206 3388 2263 Non
3408 2211 3533 2265 enim
3554 2186 3746 2267 hactenus

2267 2278 2391 2328 tunc
2410 2275 2642 2334 substitit
2667 2284 2936 2350 piissimus
2965 2289 3280 2364 Imperator,
3303 2300 3394 2355 sed
3441 2310 3491 2356 et
3533 2312 3745 2373 postquam

2262 2375 2327 2416 ex
2358 2365 2492 2423 urbe
2508 2374 2760 2430 sacerdos
2780 2378 2943 2435 exivit
2963 2391 3015 2437 et
3044 2390 3350 2454 pertransiit
3374 2406 3526 2458 mare,
3567 2394 3679 2447 misit
3697 2393 3743 2450 ad

2261 2467 2381 2510 eum
2394 2461 2674 2532 quosdam,
2695 2469 2970 2528 sciscitans
2998 2483 3053 2530 et
3080 2489 3344 2551 satagens,
3373 2497 3436 2537 ne
3460 2483 3579 2540 forte
3595 2493 3744 2552 tempus

2263 2559 2525 2610 tereretur
2577 2567 2633 2612 et
2675 2560 2876 2619 civitati
2924 2568 3248 2639 voluptatem
3297 2574 3603 2639 diminueret,
3637 2582 3745 2628 extra

2260 2645 2444 2701 urbem
2465 2650 2861 2713 solemnitatem
2892 2675 3168 2733 peragens.
3201 2667 3330 2737 Quis
3360 2677 3500 2739 pater
3519 2669 3637 2724 mitis
3660 2678 3747 2721 tan-

2261 2743 2364 2789 tam
2392 2737 2460 2793 de
2485 2746 2862 2803 contumeliam
2892 2751 3245 2813 inferentibus
3270 2737 3444 2814 curam
3468 2759 3591 2831 egit?
3614 2760 3745 2813 Dicam

2257 2836 2311 2880 et
2336 2829 2491 2885 aliam
2511 2832 2640 2902 justi
2666 2837 2897 2896 laudem.
2929 2844 3020 2900 llis
3045 2848 3188 2904 enim
3218 2852 3471 2922 expeditis
3511 2868 3599 2909 non
3637 2851 3748 2908 festi-

2257 2919 2421 2990 navit,
2446 2934 2505 2979 ut
2523 2926 2659 2983 alius
2680 2930 2861 3000 gloria:
2880 2936 3121 3006 cupidus,
3145 2941 3262 3012 ipse
3286 2919 3459 2999 literas
3478 2945 3599 3000 illam
3623 2942 3746 2997 tristi.

2257 3012 2380 3068 tiam
2408 3017 2680 3077 solventes
2708 3022 2950 3093 deferre;
2995 3029 3091 3086 sed
3134 3038 3381 3104 quoniam
3425 3038 3596 3093 lentius
3638 3036 3747 3096 ibat.

2255 3105 2416 3160 alium
2441 3113 2724 3178 quemdam
2756 3119 3010 3176 velociter
3039 3125 3283 3194 equitare
3319 3128 3520 3184 doctum
3559 3142 3608 3183 se
3646 3140 3747 3196 prx-

2252 3205 2462 3254 vertcre
2483 3203 2706 3272 rogavit,
2738 3214 2792 3261 et
2814 3208 2947 3264 bona
2969 3213 3171 3270 civitati
3200 3219 3384 3274 nuntia
3406 3218 3597 3285 alferre,
3633 3229 3687 3270 ne
3704 3230 3751 3268 ει

2251 3290 2453 3347 reditus
2470 3295 2551 3350 sui
2596 3298 2889 3358 tardatione
2945 3307 3154 3363 tristitia
3206 3312 3601 3383 prolongaretur.
3640 3306 3752 3374 Ουοιί

2249 3383 2392 3436 enim
2436 3386 2552 3454 ipse
2575 3392 2864 3460 quaerebat,
2891 3397 3062 3453 solum
3090 3412 3226 3467 erat,
3252 3418 3357 3457 non
3397 3412 3451 3457 ut
3476 3404 3576 3472 ipse
3599 3398 3754 3454 veniret

2247 3473 2383 3531 bona
2410 3476 2522 3534 haec
2547 3480 2792 3540 deferens
2838 3487 3120 3558 voluptatis
3167 3495 3350 3549 multa:
3396 3494 3559 3565 plena,
3598 3490 3674 3547 sed
3712 3497 3753 3541 ω

2246 3583 2411 3639 oeyus
2433 3573 2584 3629 nobis
2606 3577 2773 3643 patria
2803 3582 3111 3649 respirarct.

2315 3660 2639 3719 Lectisternia
2663 3668 2716 3721 in
2742 3670 2886 3725 rebus
2924 3672 3072 3729 ltztis.
3096 3707 3169 3718 —
3190 3678 3348 3745 Quod
3387 3680 3536 3750 igitur
3563 3687 3665 3732 tunc
3700 3672 3757 3725 fe-

2242 3752 2411 3819 cistis,
2442 3754 2612 3812 forum
2636 3774 2975 3834 coronantes,
3003 3778 3056 3823 et
3083 3770 3332 3828 lucernas
3358 3771 3693 3833 acccndcutes,
3717 3774 3757 3818 cl

2242 3841 2410 3899 lectos
2429 3857 2555 3902 ante
2580 3848 2821 3909 officinas
2846 3871 3252 3928 componentes,
3285 3874 3339 3919 et
3367 3873 3612 3933 tamquam
3629 3869 3758 3924 nulla?

2239 3934 2455 3992 civitate
2485 3949 2605 3995 nata
2629 3983 2645 4009 ,
2672 3943 2863 4002 festum
2888 3960 3143 4021 agentes,
3190 3954 3298 4011 hoc
3342 3957 3495 4011 aliter
3533 3969 3616 4025 per
3636 3960 3759 4005 omne

2240 4023 2398 4081 facite
2426 4036 2658 4101 tempus,
2690 4050 2796 4090 non
2826 4039 3071 4106 ﬂoribus,
3098 4045 3193 4100 sed
3214 4047 3417 4104 virtute
3434 4061 3523 4101 vos
3547 4055 3760 4100 coronan-

2180 4124 2207 4173 ’ς
2238 4121 2341 4183 ⁸⁸⁸,
2370 4117 2546 4176 llimen
2573 4138 2670 4193 per
2708 4140 2867 4198 opera
2897 4133 2949 4186 in
2978 4135 3151 4189 anima
3195 4148 3379 4194 vestra
3424 4136 3758 4193 accendentes.

2240 4207 2500 4276 spirituali
2526 4216 2817 4282 gaudentes
2844 4220 3046 4287 hetitia,
3090 4236 3145 4281 et
3171 4228 3285 4284 Deo
3334 4230 3547 4285 assidue
3586 4241 3667 4295 pro
3699 4223 3763 4276 bis

2235 4298 2481 4355 omnibus
2509 4306 2707 4372 gratias
2732 4323 2889 4379 agere
2915 4328 3023 4367 non
3041 4314 3357 4377 desinamus
3399 4338 3416 4373 :
3466 4334 3565 4373 non
3591 4324 3763 4411 tantoa!-

2234 4392 2483 4458 quoniam
2510 4397 2689 4466 gravia
2718 4401 2896 4469 solvit,
2928 4419 3109 4461 verum
3139 4411 3396 4480 quoniam
3437 4420 3492 4466 et
3530 4410 3631 4479 ipsa
3675 4404 3765 4458 fieri

2232 4484 2492 4553 permisit,
2516 4490 2565 4544 ei
2596 4493 2818 4547 multum
2850 4496 2946 4565 ipsi
2977 4513 3075 4553 nos
3099 4499 3301 4558 debere
3321 4502 3672 4561 confitcarnur;
3689 4507 3763 4565 Ρετ

2230 4589 2455 4650 utraque
2482 4583 2624 4637 enim
2667 4585 2819 4640 nobis
2864 4589 3126 4645 civitatem
3182 4596 3419 4649 ornavit.
3470 4594 3586 4685 ilice
3619 4597 3764 4685 autern
3803 4606 3811 4614 ’

2229 4674 2430 4737 omnia,
2458 4674 2749 4731 secundum
2772 4678 3140 4748 propheticum
3168 4683 3596 4754 eloquium,filiis
3611 4686 3764 4733 vestris

2230 4764 2563 4830 annuntiate,
2592 4774 2647 4821 et
2668 4766 2759 4821 filii
2789 4770 2951 4824 vestri
2978 4771 3100 4824 filiis
3120 4774 3250 4838 suis,
3283 4784 3341 4829 et
3364 4775 3442 4829 illi
3476 4785 3669 4828 rursum
3692 4781 3762 4835 ge-

2227 4854 2488 4909 nerationi
2517 4868 2743 4926 posterae
2768 4859 2906 4928 (Ιοει
2950 4863 3003 4917 1.
3030 4862 3119 4935 3),
3152 4873 3210 4919 ut
3258 4880 3452 4921 omnes
3503 4866 3588 4936 qui
3631 4871 3767 4928 usque

2224 4945 2292 5000 ad
2312 4952 2824 5008 consummationem
2862 4953 3023 5009 futuri
3076 4965 3219 5022 sunt,
3272 4956 3379 5012 Dei
3424 4955 3767 5011 humanitatem

2222 5039 2419 5094 civitati
2445 5041 2731 5098 exhibitam
2757 5046 3044 5112 discentes,
3097 5063 3192 5104 nos
3234 5050 3455 5119 quidem
3496 5048 3765 5103 beatiticeut

2224 5139 2424 5186 tantam
2457 5143 2640 5191 nactos
2666 5137 3092 5194 benevolentiam
3118 5156 3133 5205 ;
3162 5141 3499 5197 admirentur
3524 5147 3683 5237 autem
3705 5137 3764 5237 fl

2220 5224 2493 5280 dominum
2518 5239 2777 5295 nostrum,
2800 5232 2985 5301 quisic
3005 5231 3202 5303 lapsam
3221 5234 3495 5289 civitatem
3513 5232 3766 5288 teletam;

2222 5314 2492 5371 lucrentur
2519 5328 2572 5373 et
2592 5319 2712 5389 ipsi,
2745 5335 2943 5391 perque
2966 5322 3145 5377 talium
3167 5335 3440 5394 gestorum
3462 5320 3687 5423 exempla

2220 5407 2468 5477 pietatem
2500 5410 2876 5480 impellantur:
2907 5429 3012 5467 non
3038 5416 3180 5469 enim
3202 5428 3299 5469 nos
3332 5424 3568 5479 tantum,
3595 5413 3634 5466 si
3654 5410 3767 5477 ipso

2217 5515 2333 5555 rum
2357 5516 2569 5572 semper
2598 5504 2962 5572 recordemur,
2985 5521 3169 5561 verum
3196 5515 3250 5563 et
3277 5516 3528 5576 posteros
3544 5543 3560 5570 ,
3604 5510 3767 5601 ωηιξη

2219 5608 2336 5662 qua:
2356 5593 2508 5649 nobis
2530 5606 2817 5651 evenerunt
2838 5598 3090 5665 narratio,
3112 5600 3347 5654 maxime
3364 5600 3423 5669 ju
3433 5615 3562 5653 vare
3582 5600 3767 5667 poteli-
