4020 6216
148 384 253 441 219

145 518 260 564 :0;.
297 499 459 556 πάλιν
496 517 580 555 σοι
605 498 677 554 τά
702 497 813 553 τῶν
853 497 1148 569 ἐγκωμίων
1177 497 1401 553 καὶτῶν
1422 498 1661 553 ἐπαίνων
1698 496 1821 552 καθ’

147 588 390 660 ἐκάστην
436 586 713 642 ἐπιδίδωσι
768 586 869 658 τήν
897 587 1115 657 γενεάν.
1158 586 1444 659 Ἐννόησον
1495 584 1604 659 γάρ
1639 584 1824 656 ἡλίκον

145 677 267 729 ἐστὶ
293 677 420 740 τους
458 675 599 748 μετά
622 675 800 729 ταῦτα
834 674 1044 743 πάντας
1071 674 1312 741 ἀκούειν,
1342 676 1423 729 ὅτι
1450 675 1657 738 πόλεως
1683 673 1825 727 οὕτω

148 765 395 835 μεγάλης
415 765 510 818 καὶ
541 762 844 818 ύπευθύνου
872 763 1090 819 κολάσει
1117 764 1211 817 καὶ
1236 762 1477 836 τιμωρίᾳ
1502 761 1822 832 γενομένης,

147 853 519 924 πεφρικότων
556 852 839 916 ἁπάντων,
873 852 968 906 καὶ
1007 851 1324 906 δεδοικότων
1358 849 1681 922 στρατηγῶν
1727 848 1825 903 καὶ

146 939 413 1010 ὑπάρχων
442 940 536 993 καὶ
568 937 860 1002 δικαστῶν,
905 938 1000 993 καλ⁸
1030 938 1152 992 ούδέ
1184 937 1367 1009 φωνὴν
1399 940 1558 1009 ῥῆξαι
1584 936 1823 1006 τολμών-

144 1043 258 1079 των
290 1027 428 1098 ὑπὲρ
456 1026 564 1079 τῶν
586 1025 787 1080 ἀθλίων
812 1025 1059 1090 ἐκείνων,
1078 1020 1159 1090 εἷς
1192 1025 1477 1097 παρελθὼν
1509 1022 1824 1095 πρεσϐύτης

144 1112 242 1166 τοῦ
264 1112 402 1166 Θεοῦ
430 1113 529 1183 τήν
561 1111 864 1184 ἱερωσύνην
888 1111 1365 1183 ἐγκεχειρισμένος
1388 1109 1503 1168 ἀπὸ⁵
1521 1110 1619 1181 τῆς
1648 1107 1824 1178 ὅψεως

144 1201 324 1273 μόνης
343 1201 536 1271 αὐτῆς,
556 1201 651 1254 καὶ
679 1199 844 1271 ψιλῆς
860 1200 959 1269 τῆς
992 1200 1281 1270 συντυχίας
1301 1197 1555 1270 ἐνέτρεψε
1575 1196 1668 1250 τὸν
1686 1212 1825 1266 κρα-

140 1288 349 1342 τοῦντα
368 1305 381 1317 ·
411 1290 506 1342 καὶ
526 1288 555 1342 6
588 1288 780 1360 μηδενὶ
804 1288 913 1341 τῶν
953 1288 1044 1341 ὑπ’
1073 1288 1236 1341 αύτδν
1277 1285 1592 1357 ἐχαρίσατο,
1619 1283 1701 1337 ἐνὶ
1733 1281 1824 1352 γέ-

143 1395 301 1449 ροντι
328 1377 487 1431 τοῦτο
516 1376 682 1431 ἔδωκε
715 1378 841 1441 τοὺς
869 1374 964 1430 τοῦ
993 1375 1129 1430 Θεοῦ
1161 1376 1357 1446 νόμους
1394 1372 1677 1436 αἰδεσθείς.
1714 1372 1820 1429 Καὶ

140 1464 257 1537 γάρ
287 1465 386 1518 καὶ
408 1464 583 1535 τούτῳ
598 1463 746 1536 αὐτῷ
766 1465 825 1518 ού
854 1463 1066 1537 μικρῶς
1087 1481 1168 1527 σε,
1189 1457 1235 1517 ῶ
1260 1460 1501 1533 βασιλεύ,
1526 1462 1818 1532 τετίμηκεν

138 1555 173 1624 ή
203 1553 387 1617 πόλις,
417 1553 516 1625 ἐμὲ
549 1552 686 1625 πρὸς
713 1552 812 1625 τὴν
850 1552 1148 1624 πρεσϐείαν
1175 1550 1381 1621 ταύτην
1421 1542 1814 1603 ἀποστείλασα’

139 1640 330 1711 ψῆφον
350 1640 460 1713 γὰρ
486 1640 714 1712 ἀρίστην
746 1639 1047 1711 ἐξήνεγκαν
1075 1639 1203 1711 περὶ
1240 1637 1331 1691 σοῦ
1360 1637 1455 1691 καὶ
1492 1636 1783 1706 καλλίστην
1801 1674 1818 1693 .

141 1728 224 1781 ὅτι
292 1729 398 1797 τῆς
439 1726 615 1797 ἀρχῆς
675 1725 895 1797 ἀπάσης
948 1724 1049 1793 τῆς
1108 1723 1215 1778 61:6
1263 1724 1322 1776 σέ
1354 1734 1381 1764 ι
1414 1723 1693 1793 κειμένης,
1726 1719 1820 1774 τοῦ

142 1814 285 1869 Θεοῦ
309 1815 438 1878 τοξις
461 1815 644 1886 ἱερέας
680 1814 971 1886 προτιμᾷς,
990 1812 1095 1865 κᾶν
1116 1811 1353 1875 εύτελεῖς
1382 1812 1532 1873 δντες
1564 1808 1819 1879 τύχωσιν.

142 1904 218 1957 U6
254 1902 392 1973 παρ’
420 1902 646 1956 ἐκείνων
676 1901 734 1955 δέ
756 1902 877 1972 ήκω
909 1900 1005 1955 νύν
1034 1901 1214 1972 μόνον,
1256 1899 1392 1954 ἀλλά
1420 1898 1515 1952 καὶ
1547 1897 1653 1969 πρὸ
1675 1896 1823 1950 ἐκεί-

141 2006 252 2044 νων
286 1986 441 2059 παρά
461 1986 559 2041 τοῦ
586 1986 767 2041 κοινοῦ
794 1986 903 2041 τῶν
931 1986 1179 2057 ἀγγέλων
1221 1983 1567 2054 ἀπέσταλμαι
1615 1980 1822 2035 Δεσπό-

142 2091 261 2139 του,
299 2075 477 2130 ταῦτα
503 2077 678 2128 εἰπεῖν
704 2075 840 2146 πρὸς
872 2075 971 2146 τήν
993 2073 1356 2147 ήμερωτάτην
1403 2087 1496 2124 σου
1526 2069 1621 2123 καὶ
1655 2086 1825 2141 πραο-

142 2159 321 2231 τάτην
337 2162 537 2233 ψυχὴν,
551 2160 632 2215 ὅτι
646 2161 744 2215 Ἂν
758 2160 932 2232 ἀφῆτε
947 2164 1061 2224 τοῖς
1070 2156 1458 2231 ἀνθρώποιςτά
1480 2156 1823 2227 ὀφειλήματα

144 2246 347 2310 αὐτῶν,
366 2246 463 2299 καὶ
489 2246 518 2298 6
542 2244 695 2316 Πατὴ
704 2261 734 2315 ρ
751 2244 780 2297 6
788 2245 905 2317 μῶν
924 2246 953 2297 6
971 2246 1222 2316 οὐράνιος
1243 2245 1442 2314 ἀφήσει
1471 2244 1600 2315 ὑμῖν
1622 2243 1691 2296 τά
1719 2259 1825 2295 πα-

147 2331 497 2403 ραπτώματα
522 2331 699 2403 ὑμῶν.
753 2333 1161 2405 ’Δναμνὴσθητι
1217 2333 1397 2387 τοίνυν
1456 2332 1555 2403 τῆς
1608 2330 1825 2401 ἡμέρας

144 2420 381 2489 ἐκείνης,
413 2419 535 2474 καθ’
569 2420 636 2492 ἡν
651 2421 891 2484 ἅπαντες
908 2420 1064 2492 δίκην
1079 2418 1325 2492 δώσομεν
1345 2418 1595 2489 περὶτῶν
1611 2435 1825 2489 πεπραο

144 2506 365 2575 γμένων
384 2526 398 2537 ·
439 2507 694 2577 ἐννόησον
715 2547 731 2574 ,
759 2510 916 2562 ότιεὶ
957 2509 1052 2563 καί
1080 2509 1131 2564 τί
1167 2525 1251 2562 σοι
1289 2509 1623 2580 ἡμάρτηται,
1646 2508 1824 2562 πάντα

145 2592 511 2662 ἀπονίψασθαι
533 2596 562 2635 Β
580 2596 785 2669 δυνήσῃ
802 2597 870 2650 τά
909 2596 1356 2667 πλημμελήματα
1388 2595 1476 2649 διά
1511 2594 1611 2666 τῆς
1640 2593 1822 2666 ψήφου

145 2683 231 2734 καὶ
263 2682 373 2751 τῆς
406 2681 631 2757 γνώμης
657 2683 881 2756 ταύτης,
915 2686 1085 2758 χωρὶς
1115 2685 1314 2748 πόνων,
1354 2682 1526 2755 χωρὶς
1559 2682 1821 2755 ἱδρώτων.

149 2772 333 2826 ⁸Ἀλλοι
363 2773 463 2844 μέν
480 2771 574 2829 οὖν
606 2775 1033 2846 πρεσϐευόμενοι
1062 2774 1284 2847 χρυσίον
1313 2775 1409 2829 καὶ
1435 2772 1699 2846 ἀργύριον
1728 2771 1823 2826 καὶ

144 2859 308 2932 ἐτερα
331 2861 560 2917 τοιαῦτα
591 2862 742 2934 δῶρα
768 2863 1108 2934 κομίζουσιν-
1139 2862 1251 2932 ἐγὼ
1272 2863 1330 2917 δέ
1356 2863 1498 2934 μετά
1530 2861 1639 2915 τῶν
1663 2860 1824 2933 ἱερῶν

147 2948 281 3018 πρὸς
317 2948 421 3021 τήν
449 2949 548 3020 σὴν
572 2949 852 3020 βασιλείαν
885 2952 1125 3022 ἀφῖγμαι
1151 2951 1356 3022 νόμων,
1385 2950 1478 3003 καὶ
1494 2948 1617 3003 ἀντὶ
1636 2947 1823 3020 δώρων

145 3039 406 3094 ἀπάντων
433 3041 657 3106 τούτους
676 3043 945 3115 προτείνω
966 3059 981 3075 ο
1012 3043 1109 3096 καὶ
1144 3042 1449 3113 παρακαλῶ
1483 3058 1544 3093 σε
1580 3041 1827 3111 μιμήσαι-

147 3129 266 3182 σθαὶ
301 3147 399 3182 σου
425 3129 518 3183 τὸν
543 3131 913 3203 Δεσπότην,δ;
941 3131 1065 3185 καθ’
1091 3131 1303 3202 ἡμέραν
1331 3128 1462 3201 παρ’
1493 3128 1651 3198 ήμῶν
1671 3127 1825 3197 ὑϐρι-

148 3214 397 3287 ζόμενος,
412 3218 475 3272 06
490 3218 837 3289 διαλιμπάνει
864 3219 933 3273 τά
962 3221 1090 3290 παρ’
1116 3218 1312 3272 ἑαυτοῦ
1342 3217 1594 3289 χορηγῶν
1626 3215 1819 3271 άπασι·

145 3305 235 3357 καὶ
266 3306 349 3376 μή
376 3306 919 3378 καταισχύνηςήμῶν
935 3306 1033 3370 τάς
1059 3306 1299 3370 ἐλπίδας,
1321 3305 1457 3376 μηδέ
1481 3303 1709 3375 ἐλέγξῃς
1724 3303 1822 3366 τὰς

149 3392 490 3463 ὑποσχέσεις.
518 3394 629 3446 Καὶ
657 3394 764 3464 γάρ
794 3394 888 3447 καὶ
916 3392 1074 3447 τοῦτό
1103 3410 1161 3447 σε
1195 3393 1333 3464 μετά
1352 3391 1461 3446 τῶν
1488 3391 1661 3447 ἄλλων
1689 3390 1825 3443 εἱδέ-

150 3496 230 3532 ναι
262 3480 554 3551 βούλομαι,
592 3481 677 3534 δτι
705 3483 754 3534 εἱ
787 3481 887 3553 μὲν
920 3480 1241 3552 βουληθείης
1280 3480 1687 3550 καταλλαγῆναι
1727 3477 1823 3530 καὶ

150 3566 240 3637 τῆς
268 3567 551 3639 προτέρας
580 3567 792 3632 εὐνοίας
836 3568 1159 3639 μεταδοῦναι
1180 3569 1246 3638 τῇ
1274 3566 1446 3629 πόλει,
1479 3566 1573 3620 καὶ
1599 3564 1697 3636 τήν
1724 3564 1824 3635 69-

148 3653 246 3723 γήν
283 3655 510 3724 ἀφεῖναι
536 3655 635 3726 τὴν
657 3654 872 3708 δικαίαν
904 3654 1131 3725 ταύτην,
1164 3654 1302 3725 μετά
1337 3653 1539 3723 πολλῆς
1584 3650 1822 3706 ἀπελεύ-

149 3756 313 3811 σομαι
336 3741 439 3812 τῆς
458 3742 771 3815 παρρησίας
791 3760 805 3773 ’
842 3743 890 3796 εἱ
914 3741 970 3795 δὲ
1004 3742 1256 3805 ἐκϐάλοις
1285 3741 1383 3811 τὴν
1407 3740 1562 3794 πόλιν
1585 3740 1682 3811 τῆς
1707 3738 1823 3792 δια-

148 3829 296 3892 νοὶας
321 3827 427 3900 τῆς
468 3832 589 3901 σῆς,
622 3830 684 3883 06
717 3829 880 3901 μόνον
914 3830 1015 3883 ούκ
1047 3829 1385 3899 ἐπιϐήσομαι
1407 3867 1423 3892 ,
1470 3826 1593 3881 ούδέ
1618 3826 1821 3898 ὂψομαι

148 3917 318 3988 αὐτῆς
342 3916 406 3972 :6
434 3917 649 3987 ἔδαφος.
676 3917 813 3975 ἀλλὰ
845 3917 939 3972 καὶ
982 3918 1294 3989 ἀρνήσομαι
1344 3914 1517 3987 αὐτὴν
1567 3914 1822 3981 καθάπαξ

148 4001 358 4069 λοιπὸν,
387 4006 485 4060 καὶ
511 4008 594 4069 εἱς
624 4007 820 4078 ἐτέραν
840 4005 1080 4077 ἐμαυτὸν
1104 4003 1366 4079 ἐγγράψω
1396 4004 1571 4058 πόλιν.
1590 4004 1683 4075 Mi}
1712 4003 1822 4075 γάρ

152 4110 240 4163 μοι
254 4094 479 4164 γένοιτο
522 4095 758 4168 πατρίδα
790 4092 1202 4165 ἐπιγράψασθαὶ
1251 4109 1384 4145 ποτε
1416 4092 1653 4162 ἐκείνην,
1685 4090 1823 4163 πρὸς

151 4183 214 4252 ἡν
247 4185 278 4237 ό
317 4183 837 4255 φιλανθρωπότατος
865 4185 929 4237 σὺ
963 4183 1058 4236 καὶ
1096 4181 1313 4236 πάντων
1346 4180 1651 4253 ἀνθρώπων
1680 4182 1821 4253 ήμε·

151 4270 391 4341 ρώτατος
428 4272 530 4328 ούκ
556 4273 625 4329 ἂν
653 4272 796 4326 ἐλοιο
831 4269 1157 4326 σπείσασθαι
1179 4270 1273 4323 καὶ
1293 4269 1724 4338 καταλλαγῆναι.

212 4359 274 4415 6‘.
300 4361 491 4415 Ταῦτα
514 4362 607 4415 καὶ
634 4361 855 4414 πλείονα
882 4358 1086 4412 τούτων
1111 4357 1299 4420 εἰπὼν,
1320 4356 1463 4411 οὕτω
1491 4356 1822 4429 τὸνβασιλέα

153 4449 423 4520 συνέχεεν,
446 4450 525 4514 ὡς
549 4449 719 4503 ταυτδ
775 4446 1049 4518 γενέσθαι,
1066 4449 1204 4518 ὅπερ
1234 4447 1329 4499 ἐπὶ
1349 4445 1445 4499 τοῦ
1485 4447 1683 4517 Ἰωσὴφ
1701 4462 1823 4500 συν-

151 4534 249 4605 έϐη
309 4536 573 4605 γενέσθαι
626 4536 779 4595 ποτέ.
826 4535 1094 4607 Καθάπερ
1142 4533 1253 4607 γάρ
1306 4536 1512 4597 ἐκεῖνος
1546 4534 1667 4587 τότε
1694 4536 1823 4599 τοὺς

151 4621 411 4693 ἀδελφοὺς
445 4622 570 4678 ἱδὼν
591 4622 845 4677 ἐϐούλετο
869 4622 968 4696 μὲν
994 4622 1254 4694 δακρύειν
1272 4663 1289 4689 ,
1314 4623 1505 4690 έστεγε
1536 4622 1593 4676 δέ
1622 4620 1683 4675 :6
1716 4622 1823 4675 πά-

148 4709 258 4776 θος,
286 4709 432 4764 ὥστε
459 4710 535 4783 μὴ
564 4709 875 4781 διαφθεῖραι
903 4708 1003 4781 τὴν
1030 4711 1319 4782 ὑπόκρισιν
1337 4726 1349 4738 ·
1378 4708 1524 4763 οὕτω
1564 4709 1630 4781 δή
1675 4710 1769 4763 καὶ
1794 4711 1823 4764 6

150 4796 405 4865 βασιλεὺς
433 4798 666 4870 ἐδάκρυε
688 4799 787 4870 μέν
807 4798 952 4852 κατά
967 4798 1227 4857 διάνοιαν.
1246 4797 1399 4870 [225]
1421 4798 1523 4851 ούκ
1549 4795 1825 4851 ἐδείκνυτο

144 4886 198 4939 δέ
220 4887 319 4961 διά
346 4889 476 4952 τοὺς
505 4887 784 4958 παρόντας
818 4885 1064 4951 άπαντας
1088 4903 1104 4917 ·
1132 4886 1193 4940 06
1233 4886 1342 4957 μὴν
1378 4887 1599 4955 ίσχυσεν
1619 4887 1701 4949 εἱς
1731 4885 1823 4941 τέ-

144 4973 233 5036 λος
255 4974 466 5055 κρύψαι
491 4974 554 5029 :6
580 4974 772 5047 πάθος,
793 4974 929 5028 ἀλλά
952 4973 1047 5028 καὶ
1066 4974 1214 5029 άκων
1234 4972 1516 5044 ἠλέγχετο.
1539 4972 1694 5027 Μετά
1716 4973 1824 5045 γάρ

143 5060 238 5132 τὴν
259 5062 616 5135 δημηγορίαν
647 5061 852 5133 ταύτην
878 5062 980 5114 οὐκ
1020 5060 1211 5131 ἐδεήθη
1241 5061 1502 5132 ῥημάτων
1530 5059 1820 5135 δευτέρων,

144 5147 259 5201 ἀλλ’
284 5148 349 5202 ἐν
378 5149 540 5220 μόνον
567 5148 870 5218 ἐφθέγξατο
900 5150 1071 5220 ῥῆμα,
1104 5148 1133 5201 6
1158 5148 1252 5201 τοῦ
1284 5148 1615 5219 διαδήματος
1657 5149 1823 5203 αὐτόν

144 5235 333 5308 πολλῷ
364 5236 631 5308 μειζόνως
663 5236 963 5308 ἐκόσμησε.
1003 5237 1068 5290 Τί
1097 5237 1156 5291 δέ
1199 5234 1361 5293 τοῦτό
1386 5239 1575 5305 ἐστιν;
1625 5239 1739 5293 Καὶ
1771 5238 1825 5293 τί

145 5323 463 5396 θαυμαστὸν
481 5326 577 5379 καὶ⁵
597 5325 759 5395 μέγα.
782 5325 969 5397 φησιν,
999 5324 1049 5378 εἱ
1074 5327 1186 5390 τοῖς
1212 5324 1496 5397 ύϐρικόσιν
1533 5326 1823 5398 ἀφήσομεν

143 5412 240 5482 τὴν
266 5412 447 5484 ὀργήν
480 5411 791 5482 ἀνθρώποις
821 5408 974 5465 οὖσιν
993 5412 1270 5484 ἄνθρωποι
1304 5413 1397 5466 καὶ
1430 5414 1586 5468 αὐτοὶ
1617 5416 1822 5487 τυγχά-

145 5517 351 5566 νοντες,
380 5503 517 5556 ὅπου
544 5519 607 5572 γε
631 5504 660 5556 6
693 5502 795 5573 τῆς
823 5501 1152 5572 οἱκουμὲνης
1181 5503 1458 5573 Δεσπότης
1482 5503 1575 5557 ἐπὶ
1601 5504 1707 5575 γῆς
1738 5505 1825 5560 ἐλ-

145 5584 251 5641 θὼν
269 5590 371 5642 καὶ
395 5589 464 5643 δι’
485 5591 638 5662 69.1;
661 5591 952 5661 γενόμενος
983 5588 1191 5654 δοῦλος,
1231 5590 1325 5644 καὶ
1348 5590 1500 5662 παρά
1526 5590 1635 5644 τῶν
1665 5593 1824 5667 εύερ-

143 5677 488 5748 τετηθέντων
519 5676 856 5751 στάνρωθεὶς
882 5678 1024 5750 ὺπέρ
1047 5677 1155 5741 τῶν
1188 5677 1619 5749 σταυρωσάντων
1662 5681 1824 5737 αὐτὸν

145 5764 448 5836 παρεκάλει
483 5768 578 5821 τὸν
623 5767 865 5840 Πατέρα,
889 5766 1088 5839 λέγων,
1128 5766 1303 5836 Ἄφες
1334 5766 1573 5834 αὐτοῖς·
1602 5768 1676 5823 οὐ
1714 5769 1824 5840 γὰρ

199 5921 229 5991 ξ
367 5926 500 5991 νεειε
523 5920 673 5991 ξενίῃ
706 5937 796 5987 pro
826 5938 888 5978 eo
909 5926 1038 5991 quod
1074 5927 1338 5990 legebatur
1358 5925 1451 5975 ὐπὸ
1473 5940 1580 5974 σου.
1617 5922 1753 5975 Enn.

204 5982 232 6021 δ
255 5983 366 6033 Am
387 5982 746 6048 amni-won}.
925 5982 941 5991 '
1127 5982 1155 5990 '
1683 6004 1691 6012 ·

1153 381 1246 437 AD
1278 381 1611 439 Ρορυιωε
1645 380 2150 440 ANTIOCHENUM
2212 384 2448 444 HOMIL.
2488 384 2631 442 XXI.

1922 498 2122 555 οἴδασι
2164 501 2223 556 τί
2257 500 2531 568 ποιοῦσις
2560 501 2612 555 τί
2655 501 2835 555 τοίνυν
2867 500 3205 574 θαυμαστὸν,
3242 501 3290 556 εἱ
3317 500 3433 565 :03;
3465 500 3592 571 δμο-

1920 587 2129 653 δούλοις
2156 590 2251 644 καὶ
2279 593 2441 663 ἡμεῖς
2462 591 2784 662 ἀφήσομεν;
2815 589 2925 642 Καὶ
2955 590 3038 643 δτι
3062 588 3237 644 ταῦτα
3273 587 3341 642 τά
3372 589 3590 660 ῥήματα

1920 676 2019 747 ούχ
2045 677 2335 749 ὑπόκρισις
2373 673 2463 750 ἦν,
2488 677 2657 743 ἔδειξε
2695 677 2797 750 μὲν
2822 677 2918 735 καὶ
2952 676 3019 730 τὰ
3055 675 3398 747 γεγενημένα
3426 674 3581 730 άπαν

1919 781 2011 828 τα,
2042 766 2143 821 ούκ
2170 766 2392 819 ἔλαττον
2410 767 2466 819 δέ
2490 765 2696 820 τούτων
2722 767 2815 819 καὶ
2842 763 3019 829 τούτο,
3045 764 3073 817 6
3092 762 3270 835 μέλλω
3297 760 3393 816 νῦν
3422 762 3585 835 ἐρεῖν·

1921 852 2083 905 αὑτὸν
2105 852 2212 925 γάρ
2231 853 2325 906 τὸν
2348 854 2501 926 ἱερέα
2534 853 2726 907 τοῦτον
2760 853 3084 924 βουλόμενον
3108 848 3227 905 ἐκεῖ
3268 845 3423 917 κοινῇ
3474 851 3594 920 μετ’

1922 937 2086 992 αύτοῦ
2117 938 2215 1008 τὴν
2240 937 2432 1010 ἑορτὴν
2467 938 2779 992 ἐπιτελέσαι
2809 936 3036 1007 ταύτην,
3083 935 3285 990 ἄκοντα
3322 935 3593 1004 κατηνάγ-

1921 1043 2057 1079 κασε
2091 1025 2517 1096 κατεπειχθῆναι
2541 1026 2636 1079 καὶ
2666 1024 2921 1089 σπεῦσαι,
2942 1024 3040 1077 καὶ
3067 1025 3184 1087 τοῖς
3218 1021 3468 1085 πολίταις
3494 1037 3595 1089 φα-

1921 1115 2098 1185 νῆναι.
2128 1110 2277 1179 Οἶδα,
2304 1114 2486 1183 φησὶν.
2520 1116 2602 1168 ὅτι
2640 1112 2734 1166 νῦν
2761 1112 2942 1167 αὐτῶν
2973 1114 3110 1165 εἰσιν
3150 1112 3204 1164 αἱ
3246 1110 3418 1181 ψυχαὶ
3446 1108 3595 1163 δεδο-

1920 1201 2173 1271 νημέναι,
2207 1203 2302 1255 καὶ
2331 1201 2500 1255 πολλά
2536 1202 2634 1273 τῆς
2661 1202 2947 1272 συμφορᾶς
2971 1200 3044 1253 τά
3068 1199 3330 1269 λείψανα·
3369 1194 3592 1260 ἄπελθε,

1920 1289 2305 1360 παρακάλεσον
2330 1302 2342 1314 ·
2377 1289 2443 1342 ἂν
2474 1288 2623 1342 ἴδωσι
2652 1287 2746 1342 τὸν
2775 1288 3141 1360 κυϐερνήτην.
3176 1286 3298 1339 ούδέ
3325 1282 3421 1338 τοῦ
3456 1299 3594 1355 παρα

1921 1376 2169 1440 ελθόντος
2202 1376 2572 1447 μεμνήσονται
2620 1375 2913 1447 χειμῶνος,
2941 1375 3078 1429 ἀλλὰ
3106 1376 3201 1429 καὶ
3240 1373 3339 1446 τὴν
3376 1374 3595 1445 μνήμην

1920 1464 2088 1536 αὐτὴν
2122 1464 2463 1535 ἐξαλείψουσι
2506 1464 2616 1518 τῶν
2652 1464 2913 1537 λυπηρῶν
2952 1463 3190 1518 ἅπασαν.
3263 1463 3353 1527 Ὦς
3391 1462 3450 1517 δέ
3496 1464 3594 1515 ἐπα

1921 1554 2097 1607 έκειτο
2120 1556 2148 1607 6
2176 1554 2372 1626 ἱερεὺς,
2393 1552 2559 1618 ἀξιῶν
2579 1553 2669 1607 τὸν
2687 1553 2800 1607 υἱὸν
2824 1552 3033 1623 πέμψαι
3067 1553 3158 1605 τὸν
3178 1549 3392 1615 ἐαυτοῦ,
3412 1549 3594 1621 βουλό-

1923 1658 2085 1711 μενος
2111 1642 2318 1704 ἐκεῖνος
2347 1640 2515 1705 δεῖξαι
2541 1640 2749 1708 σαφῶς,
2771 1640 2847 1704 ώς
2872 1640 3056 1693 πᾶσαν
3083 1637 3313 1692 καθόλου
3341 1637 3442 1709 τῆς
3478 1636 3594 1689 δια-

1920 1727 2067 1790 νοίας
2098 1726 2350 1798 ἐξήλειψε
2380 1726 2477 1799 τὴν
2506 1726 2699 1797 ὀργὴν,
2736 1725 3007 1792 Εύξασθε,
3046 1726 3202 1797 φησι,
3238 1724 3413 1778 ταῦτα
3441 1724 3594 1777 άναιο

1922 1812 2149 1885 ρεθῆναι
2164 1814 2231 1867 τὰ.
2248 1813 2571 1884 κωλύματα,
2595 1814 2889 1885 σϐεσθῆναι
2910 1813 3038 1875 τοὺς
3061 1811 3331 1882 πολέμους
3347 1808 3592 1872 τούτους,

1921 1900 2016 1955 καὶ
2040 1901 2203 1965 αὐτὸς
2231 1900 2496 1972 ἀφίξομαι
2530 1901 2767 1965 πάντως.
2802 1901 2867 1953 Τί
2888 1899 2991 1970 τῆς
3014 1900 3194 1970 ψυχῆς
3215 1898 3428 1967 ἐκείνης
3457 1898 3595 1968 ἡμε-

1925 1988 2159 2060 ρώτερον
2187 1988 2383 2057 γένοιτ’
2417 1988 2522 2053 άν;
2560 1987 3014 2059 Αίσχυνέσθωσαν
3063 1986 3327 2058 ’Έλληνες
3370 1984 3591 2039 λοιπόν·

1925 2075 2124 2146 μᾶλλον
2147 2075 2202 2129 δὲ
2242 2074 2317 2146 μὴ
2341 2074 2804 2145 αἱσχυνέσθωσαν,
2834 2074 2974 2130 ἀλλά
3003 2074 3473 2137 παιδευέσθωσαν,
3499 2071 3596 2127 καὶ

1920 2161 2023 2234 τὴν
2050 2162 2260 2216 οἰκείαν
2288 2161 2518 2231 ἀφέντες
2548 2161 2759 2231 πλάνην
2795 2162 3141 2216 ἐπανίτωσαν
3174 2163 3267 2215 ἐπὶ
3304 2161 3404 2232 τὴν
3441 2158 3534 2214 τοῦ
3567 2169 3592 2199 °

1922 2245 2356 2319 Χριστιανισμοῦ
2390 2246 2640 2319 δύναμιν,
2693 2247 2802 2303 ἀπὸ
2829 2247 2926 2301 τοῦ
2973 2248 3238 2319 βασιλέως
3265 2286 3281 2310 ,
3336 2244 3445 2299 ἀπὸ
3498 2243 3595 2299 τού

1924 2333 2114 2405 ἱερέως
2140 2332 2404 2403 μαθόντες
2451 2334 2549 2406 τὴν
2584 2335 2714 2407 παρ’
2759 2336 2894 2406 ήμῖν
2917 2333 3259 2404 φιλοσοφίαν.
3309 2332 3448 2388 ούδέ
3484 2334 3596 2405 γὰρ

1928 2422 2088 2492 μέχρι
2118 2422 2324 2475 τούτων
2352 2422 2483 2492 ἐστη
2510 2421 2633 2475 τότε
2657 2424 2687 2476 ό
2720 2421 3134 2492 θεοφιλέστατος
3163 2421 3439 2492 βασιλεὺς,
3477 2421 3596 2474 ἀλλ’

1923 2508 2110 2580 ἐπειδὴ
2143 2509 2358 2579 καὶτῆς
2385 2509 2591 2573 πόλεως
2614 2508 2876 2581 ἐξήλασεν
2911 2511 2940 2562 6
2972 2510 3152 2581 ἱερεὺς
3194 2510 3290 2563 καὶ
3313 2507 3468 2580 διέϐη
3493 2509 3597 2579 τήν

1922 2595 2219 2662 θάλασσαν,
2248 2595 2460 2668 έπεμψε
2501 2597 2595 2650 καὶ
2637 2597 2755 2650 ἐκεῖ
2776 2614 2930 2661 τινας
2969 2593 3469 2668 περιεργαζόμενος
3503 2594 3597 2648 καὶ

1924 2684 2418 2755 πολυπραγμονῶν,
2454 2686 2528 2755 μή
2567 2702 2697 2738 ποτε
2726 2684 2893 2757 τρίϐῃ
2922 2684 3013 2738 τὸν
3042 2684 3255 2756 χρόνον,
3273 2685 3369 2737 καὶ
3398 2686 3466 2754 τῇ
3497 2682 3597 2735 1:6-

1921 2770 2001 2825 λει
2030 2771 2128 2843 τὴν
2150 2771 2344 2843 ἡδονὴν
2371 2772 2432 2837 ἐξ
2457 2771 2718 2843 ἡμισείας
2749 2775 2899 2843 ποιῇ,
2934 2771 3039 2837 ἔξω
3071 2771 3170 2844 τὴν
3196 2770 3390 2843 ἐορτὴν
3414 2771 3596 2823 ἐπιτε-

1921 2854 2049 2910 λῶν.
2084 2858 2243 2921 Ποῖος
2266 2857 2449 2928 πατὴρ
2480 2858 2689 2928 ἥμερος
2725 2856 2997 2929 τοσαύτην
3034 2855 3101 2910 ἂν
3143 2856 3285 2927 ὑπὲρ
3313 2854 3421 2911 τῶν
3451 2853 3623 2929 ύϐρι-Δ

1923 2944 2099 2997 κότων
2130 2945 2428 3015 ἐποιήσατο
2464 2944 2737 3016 σπουδήνς
2774 2945 2927 2999 Εἴπω
2956 2962 3009 2998 τι
3051 2946 3145 2998 καὶ
3168 2944 3356 3015 ἕτερον
3382 2941 3478 2995 τοῦ
3525 2942 3597 2995 δι-

1922 3030 2077 3084 καίου
2109 3031 2407 3102 ἐγκώμιον.
2434 3033 2619 3086 Ταῦτα
2659 3033 2768 3105 γάρ
2812 3031 3040 3096 ἀνύσας,
3073 3032 3174 3085 ούκ
3208 3031 3490 3093 ἔσπευσεν,
3519 3028 3594 3091 ώί

1923 3118 1990 3172 ἂν
2020 3119 2074 3173 εῖ
2113 3137 2200 3181 τις
2245 3119 2435 3191 ἐτερος
2471 3119 2633 3191 δόξης
2667 3119 2808 3192 ἐρῶν
2834 3160 2850 3182 ,
2898 3118 3062 3183 αὐτὸς
3098 3118 3168 3173 τά
3196 3118 3502 3191 γράμματα
3528 3118 3590 3169 τ)

1921 3206 2116 3261 λύοντα
2140 3208 2239 3279 τήν
2265 3209 2569 3280 κατήφειαν
2593 3210 2728 3280 ἡμῖν
2757 3208 2975 3280 ἐκείνην
3000 3208 3252 3279 κομίσαι’
3275 3207 3392 3262 ἀλλ’
3409 3204 3597 3277 ἐπειδὴ

1925 3296 2302 3368 σχολαιότερον
2331 3297 2597 3361 ἐϐάδιζεν,
2632 3296 2821 3368 ἔτερόν
2848 3313 2969 3350 τινα
2990 3296 3100 3348 τῶν
3130 3296 3330 3358 ῖππους
3350 3292 3597 3346 ἐλαύνειν

1922 3383 2138 3436 εἰδότων
2195 3383 2397 3453 ἠξίωσε
2458 3383 2773 3456 προλαϐεῖν,
2814 3385 2910 3438 καὶ
2956 3382 3184 3455 κομίσαι
3226 3385 3291 3453 τῇ
3341 3380 3496 3434 πόλει
3528 3381 3597 3436 τά

1922 3470 2235 3539 εὐαγγέλια.
2265 3471 2406 3524 ῶστε
2441 3472 2517 3543 μὴ
2557 3474 2622 3543 τῇ
2653 3471 2913 3543 μελλήσει
2940 3473 3041 3540 τῆς
3073 3470 3335 3524 ἐπανόδου
3354 3468 3455 3539 τῆς
3476 3470 3598 3522 ἐαυ·

1919 3558 2018 3610 :06
2044 3560 2145 3629 τὴν
2194 3558 2435 3629 ἀθυμίαν
2480 3561 2833 3631 ἐπιταθῆναι.
2884 3562 2959 3615 T6
2997 3562 3108 3633 γὰρ
3161 3560 3598 3632 σπουδαζόμενον

1921 3645 2071 3714 αύτῷ
2106 3647 2267 3717 μόνον
2292 3642 2380 3717 ἦν,
2411 3648 2512 3718 οὐχ
2538 3648 2686 3711 ὅπως
2718 3648 2880 3712 αὐτὸς
2908 3648 3051 3702 ἐλθοι
3083 3648 3263 3720 φέρων
3295 3649 3362 3701 τά
3385 3647 3597 3720 χρηστά

1922 3732 2094 3786 ταῦτα
2128 3733 2223 3787 καὶ
2251 3734 2451 3804 πολλῆς
2476 3734 2669 3805 ήδονής
2695 3735 2958 3806 γέμοντα,
2987 3735 3102 3789 ἀλλ’
3136 3735 3284 3799 ὅπως
3312 3734 3523 3806 ταχέως
3561 3736 3595 3807 η

1922 3821 2124 3893 πατρὶς
2151 3822 2283 3891 ἡμῖν
2306 3820 2715 3875 ἀναπνεύσειεν.

1994 3908 2172 3979 Ὅπερ
2197 3903 2290 3961 ούν
2309 3907 2431 3961 τότε
2459 3908 2757 3980 ἐποιήσατε
2779 3910 3225 3980 στεφανώσαντες
3248 3910 3347 3983 τήν
3367 3911 3595 3984 ἀγορὰν,

1921 3994 2016 4047 καὶ
2044 3993 2270 4064 λύχνους
2306 3993 2575 4064 ἅψαντες,
2618 3997 2714 4049 καὶ
2748 3997 3005 4062 στιϐάδας
3053 3998 3159 4070 1:96
3184 3998 3292 4053 τῶν
3326 4001 3597 4071 ἐργαστη-

1925 4080 2058 4153 ρίων
2095 4081 2399 4146 συνθέντες,
2434 4083 2528 4135 καὶ
2552 4081 2742 4155 ῶσπερ
2774 4085 2899 4156 ἄρτι
2928 4085 3029 4155 τῆς
3056 4085 3264 4149 πόλεως
3287 4086 3594 4158 τεχθείσης,

1921 4163 2064 4218 οὕτω
2090 4166 2557 4237 πανηγυρίσαντες
2583 4184 2598 4199 θ
2628 4167 2787 4221 τούτο
2815 4169 3018 4240 ἐτέρως
3041 4167 3127 4221 διά
3165 4170 3362 4233 παντὸς
3389 4174 3595 4225 ποιεῖτε

1922 4250 2017 4303 τοῦ
2042 4251 2258 4322 χρόνου,
2286 4252 2362 4324 μή
2385 4254 2497 4316 τοῖς
2529 4253 2770 4317 ἄνθεσιν,
2805 4255 2919 4309 ἀλλ’
2950 4257 3119 4327 ἀρετῇ
3145 4257 3595 4328 στεφανούμενοι,

1921 4337 1985 4391 :6
2009 4339 2125 4408 φῶς
2154 4339 2217 4393 :6
2241 4341 2350 4393 ἀπὸ
2382 4340 2485 4394 τῶν
2514 4341 2692 4411 ἔργων
2715 4342 2979 4407 άπτοντες
2996 4343 3137 4397 κατά
3168 4344 3266 4416 τήν
3296 4345 3474 4419 ψυχὴν
3496 4346 3596 4420 τὴν

1921 4426 2218 4499 ὑμετέραν,
2249 4429 2588 4501 εὐφροσύνην
2613 4430 3031 4503 εὐφραινόμενοι
3071 4436 3472 4507 πνευματικὴν,
3499 4437 3596 4491 καὶ

1922 4513 2003 4585 τῷ
2034 4514 2155 4587 Θεῷ
2182 4515 2445 4586 διηνεκῶς
2469 4515 2621 4590 [124]
2661 4519 2801 4590 ὺπέρ
2827 4519 3034 4575 τούτων
3077 4521 3333 4576 ἁπάντων
3373 4522 3593 4595 εὐχαριο

1926 4600 2176 4665 στούντες
2215 4602 2290 4674 μή
2312 4602 2695 4676 διαλείπωμεν,
2721 4607 2843 4677 μηδ’
2862 4607 2945 4661 ὅτι
2970 4607 3131 4679 μόνον
3150 4609 3306 4663 ἔλυσε
3329 4610 3396 4664 τά
3420 4608 3590 4674 δεινά,

1923 4684 2039 4737 ἀλλ’
2059 4686 2140 4739 δτι
2162 4688 2255 4740 καὶ
2275 4687 2653 4761 συνεχώρησεν
2678 4689 2817 4744 αύτά
2836 4691 3111 4760 γενέσθαι,
3142 4693 3237 4747 καὶ
3264 4692 3461 4763 πολλήν
3490 4694 3593 4746 αύ-

1924 4772 2002 4845 τῷ
2029 4773 2190 4845 χάριν
2220 4774 2602 4846 ὁμολογῶμεν·
2642 4778 2713 4831 δι’
2732 4779 3058 4851 ἀμφοτέρων
3079 4779 3189 4851 γάρ
3208 4780 3342 4850 ⁴ἡμῖν
3370 4779 3470 4851 τὴν
3493 4778 3593 4834 πό-

1923 4859 2007 4914 λιν
2039 4861 2333 4933 ἐκόσμησε.
2364 4862 2550 4918 Ταῦτα
2580 4863 2639 4918 δέ
2671 4865 2846 4919 πάντα
2879 4865 3022 4931 κατά
3054 4865 3115 4920 :6
3143 4865 3479 4937 προφητικὸν
3503 4866 3592 4921 λό-

1923 4961 2043 5017 γιον
2070 4945 2429 5016 ἀναγγεὶλατε
2459 4950 2569 5013 τοῖς
2597 4947 3005 5021 τέκνοις¹ὑμῶν,
3032 4950 3124 5005 καὶ
3148 4948 3215 5003 τά
3243 4948 3411 5007 τέκνα
3437 4947 3593 5020 ὑμῶν

1921 5034 2035 5098 τοῖς
2075 5032 2284 5099 τέκνοις
2334 5033 2540 5099 αὐτῶν,
2587 5036 2828 5090 κάκεῖνοι
2856 5035 3019 5090 πάλιν
3046 5036 3127 5098 εἱς
3153 5034 3348 5104 γενεάν
3375 5035 3590 5109 ἐτέραν,

1923 5121 2011 5176 ῖνα
2031 5122 2267 5188 ἅπαντες
2289 5125 2341 5178 οἱ
2378 5123 2539 5195 μέχρι
2567 5126 2667 5196 τῆς
2698 5123 3007 5189 συντελείας
3051 5123 3326 5195 γινόμενοι
3354 5126 3458 5197 τὴν
3496 5126 3593 5181 τοῦ

1922 5210 2059 5267 Θεοῦ
2086 5210 2497 5285 φιλανθρωπίαν
2536 5212 2635 5286 τήν
2661 5211 2757 5273 ἐπὶ
2779 5214 2847 5283 τῇ
2888 5211 3040 5273 πόλει
3074 5212 3454 5287 γεγενημένην
3488 5232 3594 5287 μα-

1923 5298 2125 5364 θόντες,
2158 5301 2507 5373 μακαρίζωσι
2554 5301 2652 5381 μὲν
2683 5302 2833 5375 ἡμᾶς
2868 5302 2996 5366 τοὺς
3045 5299 3317 5375 τοσαύτης
3351 5302 3594 5361 ἀπολαύ-

1924 5405 2125 5443 σαντας
2153 5389 2387 5461 εὐνοίας,
2413 5390 2733 5458 θαυμάζωσι
2762 5389 2819 5443 δέ
2852 5389 3010 5463 ήμῶν
3060 5390 3152 5445 τὸν
3200 5390 3472 5466 δεσπότην
3499 5392 3592 5448 τδν

1920 5474 2064 5531 οὕτω
2092 5476 2538 5532 καταπίπτουσαν
2556 5474 2655 5549 τὴν
2677 5477 2835 5532 πόλιν
2855 5479 3259 5551 ἀναστήσαντα,
3289 5480 3589 5552 κερδάνωσι

1921 5563 1979 5629 δέ
2014 5564 2109 5619 καὶ
2141 5560 2316 5629 αὐτοὶ,
2337 5560 2426 5619 διὰ
2452 5562 2667 5619 πάντων
2697 5564 2808 5620 τῶν
2834 5565 3219 5637 γεγενημένων
3261 5569 3401 5639 πρὸς
3430 5568 3589 5624 εὐλά-

1923 5651 2075 5707 ϐειαν
2102 5650 2518 5724 συνωθούμενοι.
2543 5653 2621 5715 06
2645 5653 2753 5726 γάρ
2781 5654 2848 5730 δή
2883 5654 3044 5726 μόνον
3064 5656 3232 5727 ἡμᾶς,
3276 5657 3325 5717 εἱ
3375 5672 3589 5728 μνημο-

1922 5739 2169 5811 νεύοιμεν
2194 5738 2374 5793 αὐτῶν
2400 5740 2683 5812 διηνεκῶς,
2710 5742 2847 5797 ἀλλά
2877 5744 2970 5797 καλ⁵
2997 5745 3125 5808 τοὺς
3166 5744 3285 5814 μεθ’
3311 5744 3459 5815 ἡμᾶς
3500 5759 3591 5812 γι-

1922 5826 2203 5897 νομένους,
2236 5827 2305 5883 τά
2354 5827 2584 5899 μέγιστα
2629 5831 2739 5883 τῶν
2783 5829 3106 5901 συμϐάντων
3128 5830 3259 5901 ήμῖν
3307 5831 3339 5899 ἡ
3375 5828 3594 5901 ἱστορία

1990 5935 2013 5963 ε
2036 5932 2199 6000 Savil._
2224 5934 2489 6000 etgujdam
2514 5949 2628 6000 mss.
2668 5937 2783 6000 πρὸς
2800 5934 3019 6000 $306.;
3056 5933 3182 6000 10ft:
3204 5931 3351 6000 iidem
3378 5932 3589 5984 ὀοεοςε-

1929 5995 2157 6052 ϐέστατος
2173 5990 2447 6057 βασιλὶύς...
2477 5999 2556 6047 καὶ
2587 6005 2671 6058 τῆς
2690 5990 2873 6054 πόλεως
2892 5998 3078 6056 ἐξῆλθεν
3100 5997 3127 6044 6
3148 5990 3308 6058 ἱερεύς.
