4020 6216
466 309 561 363 22!
1247 304 1303 359 S.
1344 304 1628 361 JOANNIS
1668 303 2144 361 CHRYSOSTOMI
2184 306 2503 362 ARCHIEP.
2542 305 3086 361 CONSTANTINOP.
3684 310 3753 365 ΕΞ

461 424 739 495 ὠφελῆσαι
769 423 1073 494 δυνήσεται.
1106 421 1287 491 Ἀπερ
1306 415 1398 473 οὖν
1424 420 1636 473 ᾶπαντα
1662 420 2018 490 λογιζόμενοι,
2055 421 2128 491 μὴ
2232 428 2361 496 ἡμῖν
2377 427 2649 494 οἰκονομεῖ
2673 424 2809 494 μετὰ
2829 422 2928 490 τῆς
2950 420 3098 490 αὐτῷ
3118 418 3404 489 πρεπούπης
3426 419 3751 488 φιλανθρωπίας·

466 515 626 583 μόνον
657 512 716 563 ἐν
739 514 805 582 τῇ
832 507 986 563 λύσει
1020 508 1127 562 τῶν
1147 508 1356 572 δεινῶν,
1383 508 1515 560 ἀλλὰ
1537 508 1631 560 καὶ
1665 510 1720 560 ὲν
1751 511 1813 577 τῇ
1844 510 2128 577 συγχωρή-
2230 510 2297 585 ἦς
2334 514 2540 581 γένοιτο
2567 510 2828 581 διηνεκῶς
2863 511 3009 580 ἡμᾶς
3040 506 3411 571 ἀπολαύοντας,
3441 510 3520 559 καλ
3553 511 3631 577 τῆς
3657 511 3759 577 pan.

466 618 547 652 σει
583 598 691 651 τῶν
724 598 912 653 δεινῶν
937 595 1345 667 εὐχαριστῶμεν
1375 595 1460 647 ἀεὶ
1492 593 1569 663 τῷ
1602 592 1966 664 φιλανθρώπῳ
1987 591 2129 662 θεῷ,
2230 601 2377 665 λείας
2406 601 2512 653 τῶν
2542 598 2786 669 οὐρανῶν
2814 597 3110 665 ἐπιτυχεῖν,
3136 595 3190 647 ὲν
3218 593 3418 663 Χριστῷ
3440 593 3584 662 Ἰησοῦ
3607 594 3665 663 τῷ
3687 598 3760 649 Κυ-

465 687 571 740 ἁπό
598 705 655 741 τε
685 686 791 739 τῶν
817 686 974 738 θείων
998 683 1249 755 Γραφῶν,
1282 682 1389 734 ἀπό
1412 698 1469 733 τε
1506 680 1613 733 τῶν
1646 682 1772 749 ἡμῖν
1810 678 2128 748 συμϐάντων
2235 690 2333 761 ρεῳ
2357 690 2535 761 ἡμῶν,
2568 682 2612 756 ᾧ
2638 689 2672 757 ἡ
2702 686 2827 753 δόξα,
2855 685 2949 738 καὶ
2970 683 3031 737 τὸ
3063 682 3253 755 κράτος
3285 683 3357 744 εἰς
3385 683 3493 744 τοὺς
3518 680 3673 744 αἰῶνας
3697 680 3749 730 τιτι

467 774 597 826 αὐτὸ
628 774 690 845 δὴ
726 773 881 826 τοῦτο
915 784 939 811 ι
972 770 1251 842 μαθόντες,
1287 768 1361 832 ὡς
1400 767 1613 820 ἅπαντα
1639 767 1725 818 ἀεὶ
1768 766 1901 836 πρὸς
1926 764 1985 818 τὸ
2013 764 2130 817 δέον
2237 776 2463 830 αξώνων,
2505 775 2698 846 Ἀμήν,

534 854 658 969 “'Slie
678 862 827 909 Savil.
854 865 907 909 et
925 859 1021 908 duo
1063 858 1163 917 alii,
1187 853 1372 905 rectius
1391 868 1534 917 quam
1568 851 1735 903 Monti.
1759 852 1913 900 αὐτῶν
1939 852 1997 909 δὴ
2017 850 2130 899 τοὺ-

534 940 579 969 ιν.
627 938 741 969 ιυιτ.

468 939 579 970 των.
613 938 741 970 [ηιτ.

971 1820 1049 1879 ΙΝ
1096 1818 1603 1881 CATECHESES
1642 1817 1958 1878 PRIMAM
2010 1818 2113 1876 ET
2157 1818 2589 1880 SECUNDAM
2622 1820 2729 1880 AD
2768 1821 3370 1883 lLLUMlNANDOS

622 2253 773 2309 llzmc
812 2251 1122 2308 catcehcsin
1154 2266 1220 2305 ex
1266 2249 1426 2303 unico
1460 2246 1703 2303 chcrici
1740 2245 1944 2300 Morelli
1970 2247 2156 2303 codice
2189 2262 2248 2302 se
2276 2255 2581 2303 mutuatum
2613 2264 2733 2304 esse
2765 2251 3086 2306 testificatur
3112 2250 3166 2304 in
3213 2248 3355 2304 notis
3391 2248 3519 2303 infra
3550 2246 3628 2302 Fr.
3652 2246 3735 2301 Du-

548 2382 715 2432 czeus,
752 2381 913 2434 quem
954 2364 1198 2417 codicem
1236 2360 1499 2415 hactenus
1527 2358 1769 2414 nancisci
1804 2374 1911 2412 non
1946 2358 2246 2427 potuimus.
2300 2359 2620 2414 lnscrihitur
2667 2369 2846 2415 autem
2902 2363 3223 2433 Κατήχησις
3263 2363 3467 2434 πρώτη,
3499 2358 3733 2415 Caterhest't

549 2487 749 2556 prima,
786 2483 877 2552 qui
916 2480 1107 2535 titulus
1141 2475 1305 2529 aliam
1344 2474 1426 2526 vel
1462 2472 1599 2525 alias
1626 2470 1942 2525 catrcbcscs
1979 2470 2118 2523 hanc
2149 2469 2545 2538 subscquentcs
2583 2470 2803 2525 indicat.
2831 2469 3045 2525 Nullam
3078 2488 3248 2541 porro
3291 2473 3444 2526 aliam
3491 2468 3735 2526 catrchesin

551 2607 605 2659 in
639 2599 1015 2672 Chrysostomi
1052 2594 1312 2665 operibus
1353 2588 1593 2653 invenio,
1626 2603 1746 2656 qua:
1775 2587 1915 2639 hanc
1944 2586 2100 2654 sequi
2152 2586 2408 2655 potuerit,
2446 2588 2549 2641 nisi
2587 2588 2864 2641 bomiliam
2899 2588 3222 2643 vicesimam
3270 2586 3489 2657 primam
3525 2581 3581 2635 ad
3606 2590 3737 2648 popu-

549 2718 661 2773 lum
698 2712 1101 2767 Antiochenum
1137 2749 1152 2772 ,
1186 2722 1309 2775 quae
1346 2707 1471 2759 item
1505 2702 1842 2761 inscribitur,
1877 2703 2136 2773 Κατήχηα

2153 2719 2199 2765 ις
2224 2701 2360 2773 πρὸς
2375 2703 2501 2767 τοὺς
2532 2704 2824 2774 μέλλοντας
2868 2706 3224 2776 φωτίζεσθαι,
3259 2702 3539 2759 Cateclmis
3566 2698 3621 2753 ad
3650 2694 3740 2747 illu-

559 2832 871 2894 minandos;
911 2826 1097 2883 habita
1126 2838 1258 2878 vero
1287 2821 1387 2875 fuit
1421 2820 1566 2875 circa
1597 2819 1756 2873 linem
1792 2817 2234 2886 Quadragcsimaa
2273 2818 2425 2882 anni,
2460 2828 2517 2873 ut
2556 2830 2749 2889 putant
2776 2823 2964 2892 aliqui,
2996 2822 3120 2877 588.
3153 2821 3279 2888 Qua
3310 2821 3375 2875 de
3404 2835 3459 2874 re
3484 2816 3623 2873 inira.
3650 2811 3743 2866 Hec

557 2959 750 3018 porro,
789 2941 857 2995 de
895 2954 1002 3009 qua
1035 2951 1179 2990 nunc
1215 2937 1414 3003 agitur,
1452 2932 1636 2990 habita
1672 2950 1890 3005 quoque
1925 2934 2025 2988 fuit
2054 2934 2106 2987 in
2142 2934 2588 3007 Quadragesima,
2618 2940 2838 3009 triginta
2871 2956 3063 3010 nempe
3091 2941 3291 2995 diebus
3326 2948 3446 2995 ante
3473 2936 3676 2997 Pascha,
3701 2939 3744 2982 ut

554 3065 824 3122 indicatur
854 3078 1004 3116 num.
1036 3062 1089 3116 4.
1123 3062 1179 3114 In
1214 3062 1369 3131 cujus
1402 3076 1531 3114 vero
1562 3060 1691 3114 anni
1736 3058 2161 3130 Quadragesima
2193 3062 2541 3130 pronuntiata
2575 3061 2737 3116 fuerit
2770 3062 2881 3132 jam
2914 3064 3296 3132 quaerendum.
3326 3065 3477 3119 Certe
3506 3060 3547 3116 si
3574 3060 3746 3127 longum

556 3194 742 3237 contra
776 3182 992 3250 iurandi
1035 3183 1486 3237 consuetudinem
1532 3182 1827 3253 epilogum,
1860 3196 1969 3251 quo
2003 3181 2279 3235 clauditur
2326 3183 2527 3246 oratio,
2588 3183 2955 3245 attendamus,
2988 3182 3038 3235 in
3070 3181 3504 3253 Quadragesima
3533 3176 3641 3232 anni
3671 3169 3749 3225 387

553 3294 862 3349 catechesin
901 3294 1041 3349 hanc
1070 3294 1469 3347 constituemus
1498 3309 1510 3345 :
1548 3306 1641 3360 per
1670 3299 1836 3344 totam
1871 3288 2013 3342 enim
2039 3288 2183 3343 illam
2213 3289 2697 3360 Quadragesimam
2734 3292 2988 3346 homilias
3026 3290 3137 3346 fere
3167 3308 3385 3353 omnes,
3425 3303 3552 3360 quas
3576 3293 3754 3339 numero

554 3413 619 3465 2i
658 3412 949 3475 habemus,
987 3411 1307 3479 hujusmodi
1340 3420 1529 3465 contra
1554 3410 1863 3479 juramcnta
1892 3410 2367 3465 adhortationibus
2392 3411 2571 3465 claudi
2604 3413 2899 3474 cernimus,
2927 3412 2999 3465 ita
3037 3421 3097 3465 ut
3132 3413 3190 3466 in
3248 3412 3429 3481 aliqua
3456 3420 3623 3462 carum
3647 3400 3759 3456 circa

558 3526 715 3580 tinem
745 3524 1218 3595 Quadragesimze,
1244 3538 1310 3578 ex
1346 3523 1573 3579 curandi
1612 3521 1932 3577 assiduitate
1978 3536 2114 3591 pene
2147 3521 2433 3591 depulsum
2495 3523 2742 3577 morbum
2808 3538 2928 3577 esse
2994 3522 3327 3577 testificetur
3374 3522 3757 3590 Chrysostomus.

560 3640 747 3711 Itaque
779 3648 839 3695 ut
863 3655 984 3695 eam
1020 3640 1072 3694 in
1104 3655 1311 3693 annum
1344 3637 1449 3693 587
1482 3636 1849 3702 conferamus,
1887 3647 1999 3691 tum
2036 3638 2150 3691 ha'c
2182 3638 2322 3692 ratio
2358 3638 2581 3701 suadet.
2613 3648 2727 3693 tum
2762 3639 2923 3693 etiam
2974 3641 3078 3693 alia
3113 3656 3183 3695 ex
3237 3643 3396 3697 titulo
3451 3638 3635 3709 petita:
3669 3642 3763 3683 nam

556 3760 853 3815 Catechesis
884 3761 1059 3831 prima
1095 3770 1460 3830 congruenter
1491 3760 1829 3826 inscribitur,
1876 3760 1923 3815 si
1965 3760 2127 3815 aliam
2158 3761 2310 3830 sequi
2367 3762 2677 3817 catcchesin
2744 3763 3268 3833 deprehendamus;
3326 3775 3449 3817 cum
3497 3766 3656 3812 autem
3698 3747 3767 3801 illa

554 3876 725 3929 altera
758 3876 1063 3931 catechesis
1098 3878 1179 3931 vel
1216 3878 1268 3932 in
1301 3879 1731 3949 Quadragesima
1765 3878 1893 3932 anni
1926 3878 2030 3932 587
2054 3920 2068 3943 ,
2106 3888 2161 3932 ut
2205 3895 2302 3934 nos
2342 3881 2683 3951 probabilius
2735 3881 3138 3944 existimamus,
3172 3881 3260 3934 vel
3304 3879 3357 3932 in
3414 3870 3641 3944 sequenti
3670 3860 3770 3919 anni

556 3986 687 4054 388,
720 3999 778 4045 ut
808 3988 1191 4047 Tillemontius
1251 3990 1531 4062 opinatur,
1572 3992 1886 4061 reponenda
1923 3990 2016 4058 sit,
2053 3991 2228 4062 prima
2283 3991 2336 4045 in
2368 3990 2855 4061 Quadragesimam
2905 3992 3034 4047 anni
3070 3991 3175 4045 387
3216 3986 3462 4046 conferri
3518 3993 3661 4053 posse
3707 3973 3771 4027 νὶ-

553 4107 734 4162 detur.

630 4260 738 4315 Sed
778 4262 831 4316 in
862 4264 1002 4318 hanc
1030 4265 1291 4334 temporis
1322 4274 1510 4318 notam
1541 4280 1649 4319 non
1685 4266 1991 4336 spernenda
2022 4267 2267 4335 quaedam
2307 4269 2498 4338 objicit
2528 4268 2943 4335 Tillemontius,
2984 4271 3074 4341 qui
3128 4273 3346 4327 mavult
3402 4270 3546 4326 illam
3586 4263 3634 4316 in
3662 4258 3779 4322 Qu"

560 4376 925 4444 dragesimam
959 4375 1086 4428 anni
1124 4376 1229 4430 588
1263 4376 1555 4446 conjicere.
1588 4375 1767 4445 Hujus
1796 4378 2146 4433 catecheseos
2183 4380 2378 4434 habitae
2406 4382 2543 4445 dies,
2580 4382 2775 4451 inquit,
2813 4383 2857 4437 si
2888 4384 3109 4453 triginta
3151 4382 3278 4440 dies
3305 4400 3335 4438 ε
3365 4381 3621 4438 paschale
3666 4382 3785 4428 retro

562 4502 835 4553 numeres,
869 4487 920 4540 in
957 4487 1353 4544 bebdomadem
1385 4489 1597 4544 tertiam
1645 4497 1771 4558 post
1790 4486 2001 4544 Pascha
2036 4491 2262 4558 incidit;
2295 4493 2440 4562 atqui
2477 4508 2623 4548 anno
2662 4494 2768 4550 387
2806 4512 2901 4567 per
2930 4505 3097 4551 totam
3136 4498 3292 4552 illam
3343 4490 3714 4551 hebdomadem
3740 4494 3784 4535 se

561 4602 778 4659 siluisse
806 4610 859 4656 et
895 4616 924 4655 a
956 4601 1312 4656 concionibus
1347 4597 1677 4653 abstinuisse
1727 4596 2054 4653 testiﬁcatur
2085 4598 2514 4670 Chrysostomus
2544 4600 2700 4656 llom.
2737 4602 2805 4656 XI
2839 4604 2905 4657 ad
2936 4607 3203 4677 populum
3235 4609 3659 4667 Antiochenum,
3687 4597 3788 4668 quia

566 4726 675 4773 tota
716 4715 933 4781 civitas,
969 4715 1038 4768 ob
1088 4714 1390 4783 proximam
1430 4728 1550 4784 quae
1606 4721 1826 4782 propter
1877 4727 2095 4768 eversas
2144 4720 2353 4767 statuas
2385 4714 2800 4782 exspectabatur
2857 4717 3143 4784 ultionem,
3186 4729 3439 4776 tremore
3500 4721 3790 4782 horroreque

483 4853 505 4907 ’τε
562 4831 714 4907 [Ξῖὃ]
758 4833 913 4903 plena
944 4840 1081 4896 erat,
1118 4845 1181 4884 ac
1214 4830 1414 4899 singuli
1447 4831 1568 4899 plus
1600 4831 1668 4885 de
1701 4830 1825 4901 fuga
1860 4830 2219 4899 capessenda,
2264 4846 2427 4899 quam
2462 4832 2529 4885 de
2561 4832 2830 4889 adeundis
2864 4834 3224 4891 coneionibus
3253 4837 3593 4907 cogitabant.
3624 4824 3791 4882 Deinde

562 4952 608 5006 si
636 4950 690 5003 in
730 4954 880 5001 tanta
914 4944 1068 4999 urbis
1098 4942 1410 4999 calamitate
1436 4942 1860 4998 catechumenos
1888 4942 2160 4997 allocutus
2189 4951 2355 5006 esset,
2383 4959 2561 4999 annon
2596 4948 2874 5018 quidpiam
2902 4947 2969 5003 de
3000 4950 3089 5003 illa
3121 4949 3382 5003 omnium
3428 4949 3636 5003 animos
3660 4954 3795 4996 occu-

574 5066 734 5128 pante
765 5054 1059 5110 formidine
1096 5055 1329 5125 carptim
1356 5057 1549 5112 saltem
1581 5058 1801 5114 locutus
1832 5059 2019 5114 esset?
2050 5057 2122 5114 Ut
2149 5076 2278 5116 vero
2311 5075 2627 5131 argumenta
2661 5066 2747 5120 illa
2776 5067 3029 5124 subtilius
3060 5070 3418 5124 excutiamus
3450 5089 3464 5123 :
3505 5068 3640 5138 quod
3672 5058 3793 5131 prius

570 5172 782 5240 objicit,
825 5172 1282 5243 Cbrysostomum
1317 5186 1512 5241 nempe
1542 5186 1638 5240 per
1662 5180 1830 5225 totam
1874 5171 2265 5228 hebdomadem
2300 5175 2509 5229 tertiam
2544 5175 2983 5250 Quadragesimae
3029 5180 3296 5246 tacuisse,
3335 5192 3395 5235 ut
3430 5184 3545 5252 ipse
3581 5174 3798 5233 testiﬁca-

567 5290 654 5334 tur
685 5283 841 5337 initio
873 5283 1112 5339 homiliae
1152 5282 1452 5340 undecimae
1481 5284 1546 5337 ad
1582 5282 1843 5354 populum
1873 5283 2295 5347 Antiochenum,
2328 5294 2493 5356 atque
2530 5288 2667 5342 adeo
2704 5304 2811 5343 non
2844 5292 3090 5360 potuisse
3140 5295 3229 5348 illa
3276 5292 3625 5351 hebdomade
3682 5286 3801 5340 hanc

567 5405 873 5460 catechesin
910 5406 1150 5473 habere;
1188 5406 1263 5472 id,
1305 5404 1548 5474 inquam,
1586 5400 1671 5456 vel
1704 5400 1873 5471 ipsius
1905 5400 2237 5455 Tillemontii
2268 5403 2476 5472 judicio
2512 5404 2717 5459 nullum
2748 5416 2831 5460 est
2870 5424 2882 5460 :
2932 5422 3058 5461 nam
3101 5408 3175 5462 ait
3216 5408 3454 5476 quidem
3509 5404 3805 5470 Cbrgsosto-

569 5535 709 5584 mus,
740 5521 838 5574 Διὰ
878 5521 1035 5576 τοῦτο
1083 5526 1177 5577 καὶ
1221 5524 1382 5593 ἡμεῖς
1427 5520 1525 5583 τὰς
1572 5519 1881 5589 ἔμπροσθεν
1919 5518 2123 5582 ταύτας

2227 5522 2494 5592 ιγήσαμεν
2538 5523 2772 5594 ἡμέρας,
2824 5522 2951 5578 Ideo
2983 5540 3076 5577 nos
3124 5524 3200 5577 his
3233 5518 3611 5590 superioribus
3653 5507 3808 5565 diebus

571 5632 876 5699 tacuimus;
912 5636 1003 5690 sed
1033 5652 1141 5690 non
1177 5637 1309 5691 dicit
1336 5653 1393 5692 se
1420 5652 1517 5706 per
1554 5636 1947 5691 hebdomadem
1981 5637 2250 5708 integram
2297 5638 2514 5695 siluisse
2540 5680 2554 5704 ,
2588 5651 2750 5711 atque
2802 5643 2920 5713 ipso
2972 5641 3171 5697 fatente
3227 5638 3594 5693 Tillcmontio
3644 5647 3691 5699 ρ.
3729 5624 3806 5685 ’ῖΙν

566 5746 746 5811 potuit
779 5747 916 5802 banc
941 5750 1257 5807 concionem
1291 5752 1360 5806 XI
1389 5753 1586 5810 habere
1619 5754 1722 5809 sub
1757 5754 1917 5809 linem
1981 5756 2339 5812 hebdomadis
2379 5759 2572 5823 tertiae,
2616 5760 2695 5814 vel
2762 5762 2916 5817 initio
2951 5776 3174 5831 quarum.
3234 5756 3526 5811 Ponamus
3578 5748 3812 5806 habuisse
