4020 6216
269 269 367 323 im
1097 259 1185 313 AD
1217 252 1727 314 ILLUMINANDOS
1751 253 2175 315 CATECHESIS
2200 260 2243 313 1.
2277 288 2347 298 .-
2378 258 2708 314 nomen.
3444 278 3548 331 22,

268 381 401 449 Qua:
418 381 599 437 omnia
626 383 1025 452 ratiocinantes,
1056 398 1161 439 non
1189 393 1392 439 tantum
1411 386 1464 440 in
1484 384 1727 455 gravium
1763 396 1854 439 so—
1962 384 2291 456 benignitate
2326 385 2426 442 sibi
2451 401 2663 456 semper
2689 388 3028 443 convenienti
3058 407 3072 443 :
3105 404 3205 459 qua
3224 402 3322 443 nos
3339 402 3543 458 semper

267 475 489 541 latione,
525 491 710 531 verum
737 486 791 533 et
816 477 867 531 in
894 476 1085 532 borum
1118 478 1476 547 permissione
1504 493 1719 546 semper
1742 478 1854 532 cle-
1964 478 2220 545 fruentes,
2249 478 2502 533 caelorum
2530 493 2741 549 quoque
2760 494 2982 550 regnum
3011 481 3223 551 assequi
3245 481 3539 549 contingat,

266 567 604 622 mentissimo
633 568 743 623 Deo
772 567 970 639 gratias
998 585 1238 639 agamus,
1272 578 1383 624 tum
1405 586 1472 625 ex
1501 569 1695 624 divinis
1715 570 1860 625 Scri-
1963 572 2015 626 in
2035 570 2388 627 ChristoJesu
2417 570 2643 626 Domino
2666 579 2869 637 nostro,
2902 572 3168 643 cuigloria
3189 583 3241 628 et
3263 573 3546 644 imperium

267 660 459 727 pluris,
484 669 593 713 tum
617 675 683 714 ex
710 660 795 726 iis,
822 676 938 730 quae
960 662 1114 716 nobis
1147 661 1469 727 acciderunt,
1512 661 1687 718 edocti
1737 678 1858 717 eum
1965 667 2020 721 in
2049 665 2240 721 smcula
2272 664 2611 720 saeculorum.
2633 666 2823 719 Amen.

274 752 456 807 omnia
484 767 705 823 semper
733 753 797 807 ad
822 753 1100 809 utilitatem
1145 763 1380 810 nostram
1411 755 1724 824 dispensare
1740 768 1857 809 eum

1694 1778 2067 1839 MONITUM

276 2212 427 2269 feria
457 2217 607 2263 sexta
639 2207 809 2261 tertiae
838 2204 1232 2271 hebdomadis;
1264 2219 1388 2259 cum
1418 2204 1470 2258 in
1500 2203 1785 2259 sabbatum
1818 2218 2055 2273 sequens
2089 2200 2333 2272 ejusdem
2366 2197 2723 2254 hebdomadis
2752 2195 2912 2252 cadat
2936 2194 3212 2266 trigesima
3250 2198 3365 2253 dies
3403 2213 3530 2257 ante

274 2325 513 2390 Pascha,
544 2322 647 2376 hac
675 2320 761 2375 die
790 2317 1098 2373 catechesin
1138 2316 1409 2382 habuerit,
1441 2315 1689 2385 nihilque
1720 2322 1835 2369 tum
1870 2314 2104 2371 ollici‘ent
2137 2315 2303 2371 verba
2334 2314 2424 2369 illa
2451 2312 2691 2367 homiliae
2718 2310 2789 2365 XI
2821 2312 2907 2367 die
2942 2311 3266 2382 praecedenti
3309 2314 3523 2377 babitm,

275 2420 781 2507 Hissupcriort'bus
814 2432 997 2486 diebus
1026 2432 1309 2487 tacuimus.
1342 2429 1570 2486 Etiamsi
1603 2446 1731 2485 vero
1768 2445 2035 2500 ponamus
2058 2430 2308 2485 habitam
2342 2428 2509 2483 fuisse
2556 2427 2830 2482 homiliam
2864 2426 3204 2481 undecimam
3238 2426 3323 2481 die
3362 2426 3530 2480 Luna:

276 2552 372 2605 vel
407 2550 539 2603 feria
568 2544 806 2603 secunda
837 2544 1192 2599 hebdomadis
1222 2552 1465 2614 quartae:
1501 2558 1625 2599 cum
1671 2542 1811 2597 hanc
1843 2541 2154 2596 catechesin
2210 2539 2279 2594 ad
2333 2538 2479 2595 solos
2508 2538 2736 2608 juvenes
2798 2538 3242 2605 catechumenos,
3301 2539 3529 2595 seclusis

278 2663 549 2717 omnibus
575 2661 714 2723 aliis,
750 2657 1024 2721 habuerit,
1054 2654 1200 2725 quod
1234 2655 1418 2723 utique
1449 2652 1789 2722 exploratum
1818 2660 1925 2717 est,
1958 2659 2103 2706 recte
2131 2650 2313 2705 dicere
2342 2650 2538 2719 potuit,
2573 2646 2703 2703 feria
2731 2649 2968 2703 secunda
3010 2650 3347 2719 insequenti,
3400 2650 3527 2706 dum

268 2794 464 2839 totum
494 2780 678 2851 populi
707 2787 907 2834 cretum
941 2774 1335 2845 alloqueretur,
1377 2791 1435 2830 se
1464 2775 1700 2840 siluisse,
1734 2774 1828 2844 qui
1852 2774 2170 2829 concionem
2200 2773 2266 2829 ad
2299 2787 2395 2829 eos
2433 2772 2637 2827 nullam
2674 2771 3048 2842 superioribus
3079 2771 3271 2826 diebus
3321 2770 3531 2827 habue-

269 2908 371 2953 rat
396 2917 410 2952 :
440 2913 565 2952 nam
596 2896 870 2951 silentium
909 2889 1039 2947 illud
1067 2903 1160 2943 eos
1187 2887 1334 2942 solos
1364 2887 1604 2957 respicit,
1637 2900 1776 2956 quos
1810 2893 1923 2939 tum
1955 2883 2274 2954 alloquitur.

364 3085 474 3141 Sed
514 3084 611 3154 qui
642 3082 755 3139 ﬁeri
788 3090 988 3152 potest,
1021 3083 1196 3153 pergit
1225 3080 1627 3143 Tillemontius,
1667 3087 1725 3133 ut
1755 3086 1899 3132 tanta
1932 3078 2168 3134 instante
2197 3078 2509 3143 formidine,
2542 3093 2667 3133 cum
2702 3079 2892 3151 ingens
2924 3079 3207 3135 calamitas
3246 3090 3531 3152 exspecta-

265 3207 453 3261 retur,
486 3212 553 3251 ne
595 3197 820 3251 verbum
855 3194 1078 3265 quidem
1109 3194 1176 3248 de
1205 3195 1294 3248 illa
1332 3192 1383 3246 in
1414 3192 1515 3247 hac
1544 3191 1816 3247 catechesi
1852 3190 2061 3246 faciat?
2094 3191 2292 3246 Fateor
2328 3191 2456 3249 hinc
2482 3192 2614 3246 mihi
2641 3192 2922 3263 quidpiam
2945 3193 3188 3261 scrupuli
3224 3193 3378 3261 oriri,
3421 3209 3527 3251 non

269 3316 415 3373 tanti
459 3325 667 3380 tamen,
704 3325 763 3370 ut
789 3329 876 3368 me
912 3329 946 3367 a
975 3308 1239 3367 sententia
1268 3307 1560 3360 dimoveat.
1595 3303 1735 3358 Nam.
1769 3319 1891 3374 qua:
1923 3304 1988 3357 ad
2022 3303 2388 3358 calamitatem
2424 3302 2572 3357 illam
2610 3302 2690 3357 vel
2720 3303 3118 3370 imminentem,
3146 3304 3232 3358 vel
3264 3307 3528 3376 aliquate-

281 3444 400 3483 nus
429 3428 671 3483 sedatam
714 3427 1056 3497 spectabant,
1090 3423 1143 3477 in
1180 3430 1322 3477 coetu
1353 3420 1572 3491 quidem
1607 3429 1659 3474 et
1684 3419 1737 3472 in
1767 3420 2123 3474 concionibus
2158 3420 2420 3488 publicis,
2451 3417 2767 3492 παθητικῶς
2823 3418 3128 3475 describere
3181 3423 3385 3477 solebat.
3426 3442 3440 3478 τ
3476 3427 3528 3479 in

269 3543 556 3601 catechesi
585 3557 713 3597 vero
740 3542 808 3597 ad
836 3541 984 3597 solos
1007 3541 1261 3611 juvenes,
1293 3538 1386 3609 qui
1428 3538 1481 3591 in
1510 3536 1773 3592 Paschate
1803 3536 2147 3590 illuminandt
2182 3544 2357 3599 erant,
2397 3534 2599 3600 habita,
2666 3549 2791 3588 cum
2844 3534 2908 3589 de
2943 3535 3050 3591 illis
3081 3535 3148 3590 ad
3198 3536 3527 3605 baptismum

268 3659 660 3727 accipiendum
697 3658 1041 3716 instituendis
1079 3668 1288 3714 tantum
1334 3667 1605 3729 ageretur,
1634 3657 1811 3727 potuit
1840 3656 2269 3727 Chrysostomus
2296 3669 2327 3709 a
2377 3652 2725 3723 deplorandis
2762 3653 3076 3723 huiusmodi
3130 3656 3527 3713 calamitatibus

272 3773 579 3842 abstinere,
617 3789 819 3847 easque
847 3775 917 3831 ad
938 3777 1230 3848 populares
1262 3777 1514 3831 homilias
1546 3790 1841 3831 reservare.

344 3979 524 4034 Aliam
561 3976 689 4032 huic
721 3974 1105 4045 subjungimus
1140 3976 1470 4039 catechesin,
1500 3990 1618 4044 quae
1648 3975 1913 4029 hactenus
1948 3976 2087 4028 inter
2118 3972 2372 4028 homilias
2407 3972 2474 4027 ad
2510 3971 2770 4043 pepulum
2802 3972 3203 4029 AntiOehenum
3236 3983 3289 4031 et
3320 3976 3385 4031 de
3417 3986 3529 4032 sta-

277 4097 391 4152 tuis
427 4094 684 4149 vicesima
713 4092 887 4162 prima
920 4091 1180 4146 collocata
1211 4092 1407 4145 fuerat.
1438 4088 1793 4144 Pronuntiata
1820 4098 1999 4143 autem
2036 4086 2159 4151 fuit,
2196 4097 2252 4141 ut
2285 4087 2361 4142 ait
2396 4086 2553 4141 initio
2602 4085 3051 4156 Chrysostomus,
3112 4085 3301 4139 decem
3335 4084 3527 4143 diebus

280 4226 405 4287 ροει
439 4215 603 4268 aliam
639 4208 969 4273 catechesin,
1002 4222 1164 4276 quam
1195 4206 1249 4260 in
1277 4207 1464 4261 eadem
1502 4206 1619 4275 ipsa
1647 4203 2071 4275 Quadragesima
2107 4202 2394 4257 habuerat.
2427 4199 2543 4256 Etsi
2589 4216 2717 4257 vero
2753 4218 2861 4259 non
2906 4205 3079 4260 ausim
3121 4207 3391 4264 allirmare
3436 4224 3531 4264 ca.

266 4324 530 4382 techesin
561 4322 730 4385 illam,
765 4333 889 4389 qua:
924 4317 978 4372 in
1010 4317 1111 4373 hac
1138 4319 1294 4387 quasi
1326 4317 1513 4372 decem
1550 4325 1677 4371 ante
1702 4317 1894 4372 diebus
1926 4317 2109 4371 habita
2142 4324 2496 4380 memoratur,
2529 4330 2648 4371 eam
2689 4331 2833 4384 esse,
2884 4336 3046 4380 quam
3090 4322 3324 4392 primam
3373 4327 3529 4396 poni—

273 4460 425 4510 mus,
455 4440 596 4497 nihil
632 4448 808 4493 tamen
843 4442 1109 4506 repugnat
1137 4433 1381 4488 eamdem
1410 4433 1582 4504 ipsam
1610 4448 1768 4488 esse:
1819 4432 2091 4502 siquidem
2126 4433 2242 4487 haec
2298 4433 2524 4503 perinde
2573 4442 2736 4504 atque
2788 4434 2877 4489 illa
2918 4438 3079 4507 paulo
3126 4450 3249 4510 post
3306 4456 3527 4499 eversas

268 4573 489 4620 statuas
516 4558 701 4612 habita
731 4553 901 4610 fuisse
929 4552 1163 4617 videtur,
1202 4562 1261 4608 ut
1299 4568 1368 4607 ex
1412 4550 1479 4607 iis
1510 4568 1632 4621 quae
1682 4552 1748 4607 de
1787 4553 1879 4607 illa
1912 4554 2029 4624 ipsa
2085 4564 2391 4610 statuarum
2455 4557 2738 4613 eversione
2792 4558 3070 4629 dicuntur,
3122 4564 3278 4635 argui
3328 4574 3526 4635 potest.

261 4681 427 4749 Quod
454 4688 641 4735 autem
693 4677 761 4732 de
794 4673 1123 4747 juramentis
1160 4672 1295 4726 nihil
1335 4672 1552 4739 habeat,
1597 4681 1791 4727 contra
1837 4689 2000 4743 quam
2050 4674 2102 4727 in
2136 4675 2392 4731 omnibus
2432 4692 2528 4747 per
2575 4677 2725 4732 illam
2782 4678 3271 4756 Quadragesimam
3324 4686 3526 4741 habitis

268 4799 642 4858 concionibus
670 4799 1009 4860 observatur,
1042 4795 1133 4850 ubi
1166 4809 1380 4864 semper
1419 4794 1486 4849 de
1531 4792 1849 4865 juramento
1882 4794 2107 4849 vitando
2161 4796 2305 4851 circa
2362 4794 2523 4850 ﬁnem
2575 4798 2795 4866 agitur;
2852 4803 2926 4866 id,
2985 4802 3225 4873 inquam,
3277 4801 3525 4856 nonnihil

265 4914 528 4985 scrupuli
562 4927 780 4968 movere
810 4913 982 4983 possit
1008 4931 1023 4981 ;
1053 4914 1168 4983 sed,
1212 4925 1271 4971 ut
1295 4931 1454 4971 nemo
1486 4932 1594 4971 non
1622 4915 1789 4981 videt,
1820 4930 1931 4969 non
1965 4914 2086 4970 talis
2117 4915 2407 4984 scrupulus
2436 4926 2538 4981 est,
2601 4917 2695 4988 qui
2738 4918 2887 4974 solus
2917 4919 2970 4973 in
3030 4917 3312 4974 adversam
3344 4917 3527 4973 trahat

259 5029 623 5084 sententiam.
653 5027 789 5085 Utut
816 5046 942 5087 vero
968 5032 1060 5098 sit,
1094 5033 1233 5089 hanc
1259 5034 1568 5089 catechesin
1612 5035 1908 5089 secundam
1945 5034 2323 5102 inscribimus,
2350 5036 2477 5107 quia
2516 5047 2640 5109 post
2666 5037 2835 5101 illam,
2879 5053 3043 5108 quam
3092 5038 3328 5109 priorem
3363 5037 3521 5105 poni-

258 5161 413 5212 mus,
452 5146 655 5200 dictam
683 5146 854 5203 fuisse
882 5149 1231 5208 arbitramur.
1264 5152 1416 5209 Hanc
1469 5169 1631 5223 porro
1657 5155 1951 5209 secundam
2000 5155 2305 5212 catechesin
2373 5172 2481 5213 non
2532 5172 2655 5213 esse
2708 5155 2856 5213 illam
2908 5171 3028 5228 quae
3077 5162 3413 5211 memoratur
3465 5153 3520 5209 in

259 5263 508 5318 llomilia
550 5262 631 5320 De
653 5266 866 5321 diabolo
900 5277 1180 5337 tentalorc,
1209 5273 1262 5326 in
1291 5272 1539 5343 sequenti
1575 5271 1778 5327 Monito
1808 5274 2127 5344 probamus.

338 5459 544 5517 Prima:
575 5464 930 5522 eateelteseos
965 5466 1462 5538 interpretationem
1496 5468 1744 5525 Latinam
1787 5471 2078 5542 anonymi,
2113 5486 2234 5541 quae
2266 5472 2318 5526 in
2354 5469 2513 5526 editis
2545 5468 3045 5541 ferebatur,utpote
3080 5467 3389 5523 i..tricatam
3419 5467 3525 5522 mi-

264 5592 486 5646 nusque
519 5588 777 5634 accurate
805 5580 1212 5652 concinnatam,
1248 5585 1560 5655 rejecimus,
1602 5601 1908 5657 novamque
1930 5586 2265 5657 paravimus.
2298 5584 2811 5655 lnterpretationem
2844 5601 2974 5643 vero
2995 5586 3247 5645 secunde
3276 5584 3522 5641 cateche-

264 5705 393 5749 scos
423 5693 689 5755 Bernardi
726 5694 993 5764 Brixiani,
1026 5696 1236 5767 aliquot
1264 5696 1317 5752 in
1353 5697 1489 5755 locis
1526 5698 1893 5769 emendatam,
1926 5715 1957 5757 e
1984 5699 2205 5773 regione
2238 5698 2547 5757 Graecorum
2583 5700 2865 5772 ponimus.
