4020 6216
513 464 1690 493 ....______________

1222 168 1278 224 ὃ.
1307 169 1587 228 JOAXNIS
1612 170 2084 229 CHRYSOSTOMI
2111 171 2425 229 ARCHIEP.
2456 172 2988 233 CONSI‘ANTINOP.
3598 187 3669 241 Ὧι

1320 785 1521 894 ΟΛ
1534 785 1743 895 ΤΕ
1755 789 2302 899 CHESIS
2366 788 2912 894 PRIMA

530 1110 606 1153 ΑΙ)
650 1109 1143 1168 ιιιυΜιΝΑΝυοε,
1175 1114 1254 1155 ET
1296 1114 1420 1157 CUR
1463 1116 1803 1160 LAVACRUM
1857 1118 2106 1161 REGENE

2198 1116 2428 1169 TIONIS,
2474 1113 2597 1155 NON
2645 1113 2860 1158 ΔυΤΕΜ
2932 1112 3318 1156 BEHISSIONIS
3365 1112 3681 1156 PECCATORP!

601 1210 875 1253 DICATUR
923 1213 937 1252 ε

600 1311 799 1353 RECTE
842 1312 1051 1354 JUREM
1061 1312 1149 1358 US.

588 1753 638 1806 Ι.
678 1750 847 1817 Quam
876 1749 1245 1805 desiderabilis
1274 1749 1624 1818 amabilisque
1655 1747 1809 1803 nobis
1832 1756 1915 1803 est
1943 1747 2097 1817 juve-

516 1859 641 1897 num
669 1841 891 1896 fratrum
917 1840 1145 1897 chorus!
1176 1857 1270 1896 vos
1297 1842 1437 1896 enim
1479 1840 1669 1895 fratres
1697 1840 1779 1895 vel
1826 1848 1948 1895 ante
1978 1854 2100 1909 par-

515 1941 624 1987 tum
654 1948 810 1997 voco,
840 1948 1132 2001 eorumque
1156 1932 1243 2003 qui
1276 1930 1512 1986 nondum
1544 1931 1651 1985 nati
1678 1939 1801 1985 sunt
1825 1930 2099 2001 cognatio-

514 2041 634 2080 nem
661 2027 972 2093 amplector.
995 2024 1126 2080 Novi
1152 2026 1372 2095 quippe,
1401 2025 1651 2095 clareque
1676 2024 1818 2089 novi,
1849 2023 1899 2077 in
1921 2038 2093 2093 quau-

515 2128 622 2172 tum
682 2118 977 2184 honorem,
1031 2118 1084 2173 in
1134 2124 1387 2188 quantum
1432 2116 1783 2186 principatum
1836 2114 2097 2171 evehendt

510 2210 646 2264 sitis.
670 2209 778 2265 Eos
807 2216 1008 2276 autem,
1027 2210 1116 2280 qui
1160 2210 1513 2279 principatum
1538 2208 1807 2277 accepturi
1835 2215 1978 2273 sunt,
2012 2205 2097 2260 vel

508 2309 792 2370 antequam
820 2301 1101 2371 accipiant,
1149 2302 1323 2356 Solent
1361 2315 1548 2355 omnes
1592 2301 1877 2367 honorare,
1906 2309 1962 2353 ut
1993 2299 2096 2353 hu-

509 2391 735 2461 iusmodi
761 2391 1017 2462 obsequio
1047 2408 1231 2446 eorum
1265 2391 1363 2447 sibi
1393 2391 1814 2447 benevolentiam
1856 2390 1921 2445 ad
1953 2388 2096 2444 iutu-

509 2498 626 2536 rum
679 2482 1017 2537 commodum
1067 2491 1301 2551 captent.
1356 2482 1469 2538 Hoc
1515 2493 1569 2537 et
1615 2498 1714 2552 ego
1764 2483 1939 2547 facio;
1988 2498 2095 2536 non

508 2570 680 2626 solum
710 2572 853 2627 enim
880 2570 947 2627 ad
993 2573 1367 2642 principatum,
1416 2572 1512 2627 sed
1551 2573 1620 2627 ad
1659 2574 1830 2643 ipsum
1875 2589 2093 2644 regnum

512 2662 859 2732 promerendi
893 2664 1057 2726 estis;
1093 2668 1200 2717 imo
1237 2677 1342 2717 non
1383 2662 1449 2717 ad
1495 2678 1718 2732 regnum
1760 2663 2092 2733 simpliciter,

507 2756 603 2812 sed
628 2755 693 2810 ad
725 2771 944 2826 regnum
975 2756 1246 2811 coriorum.
1275 2756 1629 2822 Quamobrem
1666 2771 1761 2811 oro
1786 2764 1947 2826 atque
1970 2772 2096 2826 Sup-

511 2850 672 2919 plico,
727 2858 784 2904 ut
837 2865 958 2904 cum
1008 2850 1073 2903 ad
1129 2865 1349 2920 regnum
1396 2850 1527 2905 illud
1579 2836 1947 2919 perveneritis,
1991 2853 2092 2907 mei

508 2941 949 2997 reminiscamini.
974 2941 1230 3011 Quodque
1251 2942 1448 3011 Joseplr
1475 2943 1845 3010 pincernarum
1870 2944 2091 3012 principi

506 3031 736 3097 dicebat,
779 3028 1033 3085 Memento
1064 3032 1158 3083 mei
1197 3048 1310 3084 cum
1358 3030 1480 3085 bene
1518 3030 1605 3084 tibi
1635 3032 1784 3100 fuerit
1816 3032 1968 3105 (Gen.
1999 3034 2088 3096 40,

507 3124 621 3196 M),
654 3123 705 3177 id
749 3132 802 3177 et
845 3138 984 3176 uttne
1013 3122 1134 3177 dico
1160 3123 1312 3177 vobis
1340 3138 1354 3178 :
1382 3123 1648 3178 Memento
1674 3123 1781 3179 mei
1804 3138 1923 3178 cum
1958 3125 2091 3178 bene

506 3214 655 3269 vobis
684 3213 857 3269 fuerit.
887 3213 1003 3268 Non
1034 3213 1171 3269 haue
1206 3222 1265 3268 ut
1298 3210 1392 3269 ille
1411 3215 1740 3268 somniorum
1770 3214 2092 3284 interpreta-

505 3306 662 3361 tionis
684 3306 986 3361 mercedem
1019 3307 1266 3376 postulo:
1297 3322 1402 3361 non
1422 3307 1567 3361 enim
1593 3306 1744 3361 vobis
1764 3307 2089 3362 somniorum

508 3398 772 3469 interpres
801 3398 1025 3464 accessi,
1057 3397 1152 3453 sed
1181 3398 1413 3453 cmlestia
1443 3407 1774 3461 narraturus,
1805 3399 2090 3451 annuntia-

505 3500 764 3561 turusque
800 3491 936 3545 bona
980 3490 1091 3555 illa,
1124 3489 1252 3557 Qui;
1293 3506 1383 3543 nec
1421 3489 1599 3543 oculus
1640 3490 1783 3555 vidit,
1829 3507 1920 3543 nec
1953 3490 2092 3543 auris

503 3582 715 3648 audivit,
746 3598 837 3635 nec
857 3581 909 3634 in
936 3597 1024 3635 tor
1048 3580 1264 3635 hominis
1285 3579 1621 3643 ascenderunt
1657 3580 1733 3651 (1.
1765 3578 1882 3635 Cor.
1911 3579 1967 3635 2.
1990 3578 2045 3650 9)
2074 3598 2088 3634 :

506 3673 630 3729 talia
671 3682 795 3728 sunt
842 3689 925 3738 ea,
962 3672 1090 3740 Qua:
1132 3673 1437 3744 praeparavit
1475 3671 1614 3727 Deus
1656 3672 1977 3742 diligentibus
2015 3688 2086 3725 se.

503 3764 705 3836 Joseph
732 3764 944 3834 quidem
974 3767 1242 3832 pineerute
1272 3763 1348 3818 illi
1376 3763 1607 3828 dicebat,
1636 3761 1818 3816 Adhuc
1843 3763 2086 3829 triduum,

502 3865 550 3911 et
573 3856 797 3909 restituet
859 3864 912 3907 te
963 3853 1170 3906 Pharao
1224 3854 1278 3906 in
1334 3854 1676 3924 principatu»:
1739 3854 2091 3925 pincernarum

503 3944 655 4017 (Gen.
696 3945 788 4001 40.
821 3944 904 3999 12.
938 3945 1030 4017 l3)
1065 3962 1079 3999 :
1113 3959 1213 4015 ego
1252 3960 1380 3999 vero
1428 3960 1533 3999 non
1575 3945 1714 4008 dico.
1760 3946 1946 4000 Adhuc
1990 3945 2089 3999 tri-

502 4036 689 4102 duum,
735 4045 790 4091 ct
818 4036 1086 4106 pincernae
1115 4037 1322 4107 tyranni
1351 4036 1748 4091 constituemini
1772 4054 1789 4103 ;
1835 4036 1950 4103 sed,
1978 4036 2089 4091 Ad-

504 4126 607 4181 huc
632 4126 842 4197 triginta
871 4124 1012 4190 dies.
1044 4135 1099 4181 et
1143 4125 1387 4181 restituet
1422 4139 1540 4193 vos,
1583 4140 1688 4181 non
1715 4126 1945 4192 Pharao,
1993 4126 2088 4181 sed

501 4218 753 4273 caelorum
796 4218 911 4274 Rex
958 4219 1012 4274 in
1058 4234 1348 4288 supernam
1398 4219 1648 4288 patriam,
1694 4219 1747 4273 in
1793 4219 2087 4274 Jerusalem

505 4309 648 4363 illaut
693 4310 936 4373 liberam,
982 4310 1035 4363 in
1076 4310 1344 4364 civitatem
1383 4309 1675 4365 crclestem.
1721 4309 1815 4365 lilc
1857 4310 2086 4378 dicebat,

507 4396 665 4452 Dabis
711 4398 918 4452 calicem
955 4399 1009 4452 in
1054 4415 1235 4452 manus
1266 4398 1554 4454 Pharaonis
1578 4398 1797 4471 (Ibid.);
1823 4415 1923 4470 ego
1964 4417 2089 4456 vero

504 4504 609 4545 non
638 4486 759 4563 dico
788 4506 802 4545 :
834 4490 1034 4545 Dabitis
1059 4490 1280 4546 calicem
1306 4490 1361 4546 in
1406 4506 1595 4547 manus
1626 4491 1797 4562 regis;
1827 4492 1944 4558 sed,
1975 4493 2090 4563 Ipse

503 4578 615 4635 Rex
647 4580 701 4635 in
722 4594 937 4635 utauum
959 4580 1111 4635 vobis
1135 4581 1306 4637 tradet
1325 4582 1543 4638 calicem
1569 4583 1719 4638 illum
1738 4583 2086 4650 horrendum,

503 4673 668 4729 multa
694 4672 910 4743 plenum
941 4673 1135 4730 virtute
1175 4684 1337 4744 atque
1367 4684 1589 4747 utraque
1617 4683 1859 4731 creatura
1890 4678 2088 4746 pretio-

502 4768 722 4822 siorem.
763 4765 952 4822 Sciunt
978 4766 1168 4821 initiati
1194 4767 1378 4823 ealicis
1404 4766 1562 4838 hujus
1593 4769 1862 4834 virtutem,
1891 4784 2090 4838 vosque

509 4859 666 4929 paulo
719 4865 840 4929 post
887 4857 1185 4929 seietis(a).
1232 4855 1554 4913 Mementote
1592 4858 1751 4929 igitur
1793 4860 1921 4925 mei,
1965 4873 2087 4913 eum

506 4948 760 5005 veneritis
802 4949 859 5003 iu
900 4963 1122 5019 regnum
1174 4948 1301 5003 illud
1347 4963 1466 5003 cum
1504 4949 1685 5020 regale
1714 4949 2088 5005 vestimentum

506 5042 843 5112 acceperitis,
884 5058 1008 5099 cum
1038 5058 1270 5113 purpura
1310 5042 1588 5097 Dominico
1631 5042 1888 5113 sanguine
1925 5043 2088 5099 tincta

511 5130 825 5198 induemini,
871 5149 992 5189 eum
1019 5133 1319 5189 diademate
1358 5134 1450 5190 illo
1473 5134 1707 5189 redimiti
1735 5135 1902 5201 eritis,
1939 5134 2089 5203 cujus

509 5220 679 5291 fulgor
704 5226 939 5296 undique
981 5228 1215 5283 emicans
1264 5227 1529 5282 solaribus
1572 5226 1734 5282 radiis
1764 5226 2091 5296 splendidior

511 5319 612 5368 est.
641 5312 789 5368 Talia
812 5318 1002 5387 quippe
1026 5328 1150 5373 sunt
1176 5319 1358 5389 sponsi
1379 5332 1619 5382 munera,
1651 5316 1852 5386 majora
1877 5316 2091 5388 quidem

513 5401 765 5472 dignitate
788 5417 987 5475 vestra,
1016 5411 1107 5465 sed
1133 5412 1249 5481 ejus
1277 5410 1607 5482 benignitate
1634 5408 1813 5481 digna.

576 5536 648 5600 (ιι)
680 5537 1018 5590 Catedmmenl
1040 5550 1135 5591 non
1156 5542 1374 5594 sciebant
1395 5544 1675 5607 mysterium
1696 5539 1874 5593 calida.

985 1211 1284 1266 QUODQUE
1328 1215 1763 1261 νειιιρυιοεωι
1803 1217 1923 1274 SIT,
1970 1217 2095 1261 NON
2136 1215 2315 1262 M000
2357 1213 2703 1269 PEJERABE,

2769 1213 2887 1256 suo
2942 1213 3142 1256 eruat
3196 1213 3446 1268 auarae,
3502 1209 3683 1254 artua

2277 1745 2356 1800 De
2388 1746 2449 1800 iis
2478 1747 2565 1814 qui
2591 1747 2890 1816 baptismum
2926 1748 2997 1800 ad
3039 1765 3195 1820 usque
3235 1759 3429 1802 mortem
3453 1750 3690 1815 diJerebw.

2204 1866 2275 1877 —-
2300 1836 2423 1891 Ideo
2442 1837 2551 1907 jam
2570 1854 2685 1905 vos,
2709 1848 2992 1909 antequam
3019 1838 3072 1893 in
3094 1854 3303 1894 sacrum
3324 1840 3457 1894 illum
3474 1841 3692 1894 thalamum

2207 1928 2595 1997 ingrediamiui,
2622 1931 2807 1986 beatos
2829 1931 3058 2000 prmdico
3081 1950 3095 1986 :
3124 1948 3224 1988 nec
3246 1932 3419 1988 beatos
3441 1933 3583 1987 solum
3599 1948 3693 2002 pra-

2205 2019 2345 2083 dieo,
2377 2021 2468 2074 sed
2496 2022 2654 2075 etiam
2682 2022 2839 2076 laudo
2862 2032 3069 2091 gratum
3097 2032 3327 2078 vestrum
3352 2023 3575 2089 animum,
3597 2022 3694 2094 quod

2206 2129 2311 2167 non
2358 2115 2496 2168 sicut
2523 2114 2952 2185 negligentiores,
2989 2115 3054 2169 ad
3100 2116 3412 2185 baptismum
3440 2117 3486 2171 in
3518 2124 3693 2170 extremo

2208 2203 2371 2258 halitu
2401 2204 2668 2260 accedatis
2694 2223 2708 2271 ;
2737 2206 2833 2261 sed
2853 2206 2963 2276 jam
2994 2206 3117 2262 inde
3141 2209 3291 2276 quasi
3317 2208 3456 2278 probi
3473 2206 3695 2268 domestici,

2205 2293 2273 2347 ad
2304 2294 2705 2365 obsequendum
2736 2311 2924 2365 magna
2948 2297 3316 2353 benevolentia
3348 2299 3545 2354 Domino
3562 2297 3693 2371 parati,

2205 2386 2396 2439 anima:
2424 2386 2618 2441 collum
2658 2388 2821 2442 multa
2859 2403 2978 2443 cum
3012 2389 3276 2458 probitate
3302 2400 3354 2445 et
3378 2389 3605 2444 alacritate
3630 2388 3696 2441 sub

2200 2476 2386 2547 jugum
2416 2477 2613 2533 Christi
2656 2478 2993 2545 induxeritis,
3036 2482 3331 2551 jugumque
3358 2480 3476 2535 illud
3513 2494 3637 2534 suave
3659 2488 3695 2532 et

2204 2584 2340 2625 onus
2369 2571 2483 2625 leve
2510 2572 2875 2639 susceperitis.
2912 2572 3062 2627 Licet
3089 2573 3236 2627 enim
3267 2583 3371 2628 tam
3391 2587 3494 2637 vos,
3520 2585 3640 2639 quam
3658 2568 3697 2633 ἱί.

2204 2660 2291 2729 qui
2311 2660 2364 2713 in
2388 2660 2510 2714 vitae
2533 2661 2677 2715 exitu
2706 2661 2998 2726 initiantur,
3023 2677 3207 2732 parem
3233 2665 3449 2734 gratiam
3474 2660 3698 2731 accipiatis.

2202 2762 2256 2806 at
2296 2752 2582 2806 voluntatis
2634 2754 2983 2822 propositum,
3024 2765 3412 2824 apparatusque
3454 2769 3599 2808 rerum
3629 2766 3702 2803 nou

2205 2844 2317 2914 pari
2344 2844 2503 2897 modo
2530 2859 2590 2899 se
2613 2843 2832 2899 habent.
2864 2845 2946 2899 llli
2977 2860 3215 2915 namque
3252 2847 3305 2901 in
3334 2847 3467 2902 lecto
3485 2844 3701 2913 accipiunt.

2204 2953 2298 2993 vos
2333 2948 2509 2993 autem
2552 2938 2605 2992 in
2639 2939 2888 2993 Ecclesia:
2929 2940 3233 2995 communis
3271 2940 3493 2996 omnium
3526 2947 3702 2991 nostrum

2202 3031 2384 3085 matris
2423 3030 2576 3094 sinu;
2606 3030 2681 3083 illi
2707 3028 2895 3085 ﬂentes
2921 3038 2978 3085 et
3005 3031 3387 3102 lacrymantes,
3419 3045 3507 3085 vos
3528 3024 3704 3098 gaudea-
3800 3048 3803 3053 -

2202 3134 2282 3178 tes
2304 3133 2462 3194 atque
2488 3124 2760 3188 lmtantes;
2793 3123 2864 3177 illi
2883 3133 3284 3193 gementes,vos
3301 3123 3485 3195 gratias
3501 3128 3695 3190 agentes:

2201 3215 2275 3269 illi
2307 3214 2439 3270 febri
2467 3214 2752 3270 admodum
2783 3214 3107 3281 laborantes,
3144 3230 3244 3270 vos
3270 3216 3427 3269 multa
3455 3210 3575 3284 pleni
3596 3207 3707 3278 spiri-

2203 3307 2326 3360 tuali
2359 3306 2646 3375 voluptate.
2677 3306 3012 3375 Quapropter
3054 3305 3141 3360 hic
3190 3307 3371 3361 omnia
3414 3305 3522 3357 huic
3553 3296 3708 3355 muneri

2201 3400 2545 3465 conveniunt,
2572 3399 2680 3453 illic
2705 3400 2884 3454 omnia
2912 3407 3035 3454 sunt
3070 3402 3281 3454 muneri
3304 3398 3548 3454 contraria
3569 3413 3580 3447 :
3599 3393 3710 3447 ﬂetus

2201 3506 2394 3561 nempe
2446 3505 2509 3545 ac
2552 3490 2780 3560 gemitus
2826 3504 3033 3555 eorum,
3083 3491 3175 3561 qui
3224 3491 3516 3551 initiantur;
3553 3483 3710 3540 adstant

2200 3582 2349 3651 pueri
2390 3581 2650 3651 lugentes,
2699 3595 2833 3635 uxor
2859 3596 3024 3651 genas
3069 3581 3336 3649 lacerans,
3384 3581 3525 3636 amici
3561 3578 3709 3634 tristes.

2198 3674 2478 3733 domestici
2506 3675 2885 3745 lacrymantes,
2916 3684 3023 3728 tota
3048 3674 3249 3731 domus
3271 3676 3468 3745 species
3494 3673 3709 3725 hibernum

2198 3775 2252 3821 et
2287 3766 2632 3835 caliginosum
2659 3766 2802 3819 diem
2854 3766 3109 3819 imitatur.
3158 3765 3315 3831 Quod
3358 3766 3401 3821 si
3426 3760 3620 3835 jacentis
3646 3771 3712 3809 cor

2198 3858 2472 3921 scruteris,
2513 3856 2578 3911 iis
2625 3857 2872 3911 omnibus
2900 3857 3102 3911 tristius
3143 3859 3406 3929 reperies.
3434 3851 3713 3924 Quemadmo

2198 3947 2324 4002 dum
2355 3950 2497 4003 enim
2546 3948 2686 4003 venti
2718 3964 2909 4017 magno
2940 3948 3138 4016 impetu
3186 3949 3279 4002 alii
3310 3948 3425 4003 aliis
3449 3962 3507 4001 ex
3542 3942 3714 3996 adverso

2197 4038 2387 4094 flantes
2404 4039 2597 4093 multas
2626 4037 2677 4092 iu
2716 4048 2894 4108 partes
2922 4039 3139 4109 pelagus
3169 4039 3411 4093 dividunt
3441 4038 3541 4091 :sic
3564 4032 3715 4099 cogita-

2198 4131 2371 4184 tiones
2396 4138 2523 4183 tunc
2562 4127 2921 4198 ingruentium
2952 4128 3247 4195 malorum,
3278 4130 3405 4199 aegri
3435 4126 3636 4181 animum
3659 4118 3718 4172 iu-

2197 4223 2469 4282 vadentes.
2502 4222 2554 4275 in
2585 4221 2778 4275 multas
2805 4219 3193 4275 sollicitudines
3238 4221 3379 4275 illius
3416 4227 3615 4272 mentem
3641 4211 3721 4261 dis-

2198 4314 2436 4369 trahunt.
2469 4314 2523 4369 Si
2557 4314 2694 4368 ﬁlios
2719 4313 2988 4381 restriciat,
3014 4312 3227 4366 illorum
3251 4313 3525 4367 orbitatem
3539 4303 3716 4374 cogitat;

2198 4404 2241 4459 si
2270 4420 2507 4469 uxorem,
2531 4404 2646 4474 ejus
2666 4404 2974 4458 viduitatem
2997 4402 3340 4467 considerat;
3369 4402 3411 4456 si
3434 4396 3716 4454 domesticos

2197 4495 2387 4550 domus
2422 4493 2760 4549 solitudinem
2807 4507 2990 4548 secum
3040 4504 3284 4562 reputat;
3338 4493 3382 4547 si
3432 4489 3495 4544 ad
3537 4486 3716 4554 seipsum

2197 4595 2553 4653 convertatur,
2582 4597 2898 4656 praesentem
2928 4585 3089 4640 vitam
3116 4588 3169 4639 in
3197 4583 3504 4639 memoriam
3532 4578 3717 4634 revocat.

2197 4688 2357 4749 atque
2384 4680 2614 4734 instante
2640 4680 2995 4748 separatione,
3037 4693 3287 4749 magnam
3317 4674 3565 4732 muralium
3588 4666 3718 4723 nebu-

2198 4772 2304 4825 lam
2343 4771 2557 4840 excipit.
2602 4770 2751 4825 Talis
2796 4786 2920 4825 mox
2966 4769 3208 4824 initiandi
3253 4770 3462 4823 animus
3501 4773 3588 4820 est.
3618 4758 3719 4813 llinc

2198 4861 2337 4917 inter
2364 4863 2642 4918 tumultum
2666 4860 3225 4931 perturbationemque
3256 4854 3562 4929 hujusmodi,
3587 4851 3720 4918 ingre-

2197 4957 2339 5011 ditur
2366 4954 2615 5010 saeerdos
2654 4954 2766 5023 ipsa
2791 4953 2926 5009 febri
2955 4951 3364 5015 formidabilior,
3397 4958 3543 5019 atque
3575 4936 3719 5010 πετοιί

2200 5045 2507 5118 propinquis
2529 5045 2639 5116 ipsa
2661 5053 2835 5099 morte
2861 5043 3163 5098 immanior.
3184 5041 3322 5097 Nam
3345 5041 3426 5095 vel
3451 5040 3549 5107 ipsa
3564 5024 3719 5086 medici

2198 5138 2528 5210 deploratam
2564 5138 2681 5207 ejus
2708 5134 3067 5191 valetudinem
3096 5133 3422 5189 deelarautis
3449 5142 3565 5183 voce
3588 5118 3720 5185 mal“

2199 5229 2515 5301 desperandi
2549 5242 2709 5283 causa
2755 5241 2875 5282 esse
2904 5233 3117 5296 putatur
3148 5222 3443 5295 presbyteri
3483 5218 3713 5303 ingressﬂfi

2200 5332 2359 5393 atque
2389 5321 2463 5388 id,
2493 5320 2634 5392 quod
2665 5328 2882 5374 mternze
2909 5318 3033 5372 vita:
3057 5324 3429 5387 argumentum
3456 5318 3545 5372 est,
3571 5304 3715 5356 mortis

2199 5412 2498 5486 symbolum
2527 5424 2646 5467 esse
2672 5418 2905 5481 putatur.
2930 5408 3001 5463 At
3028 5407 3263 5463 nondum
3289 5400 3606 5474 colophonern
3627 5399 3715 5440 ωδ·

2199 5507 2266 5563 lis
2291 5503 2472 5563 addidi
2496 5522 2508 5560 :
2539 5502 2749 5560 interim
2781 5501 2975 5573 quippe
2998 5495 3441 5557 tumultuantibus
3464 5504 3512 5547 et
3535 5496 3632 5543 sese
3647 5490 3723 5548 ιιι·
