4020 6216
100 282 222 339 225

1244 292 1338 349 AD
1374 289 1896 349 ιιιωιιΝΑΝῡοε
1932 287 2367 346 CATECHESIS
2393 288 2433 344 1.

1301 909 1946 1003 ΚΑΤΗΧΗΣΙΣ
2018 914 2427 1003 ΠΡΩΤΗ.

126 1207 292 1280 Πρὸς
309 1205 453 1271 τοὺς
469 1204 808 1275 μέλλοντας
822 1206 1195 1279 φωτίζεσθαι,
1214 1208 1314 1264 καί
1339 1208 1439 1263 διὰ
1466 1208 1524 1262 τί
1550 1207 1806 1278 νισυτρύν
1840 1212 2308 1281 παλιγγενεσίας
2336 1210 2434 1265 καὶ
2463 1212 2577 1266 οὐκ
2619 1209 2893 1281 ἀφέσεως
2930 1210 3365 1282 ἁμαρτημάτων
3422 1213 3594 1282 ,ιέγε-

393 1311 509 1361 ται,
547 1295 646 1352 και
678 1297 768 1353 ὅτι
820 1298 1213 1356 ἐπικίνδυνον
1258 1302 1332 1358 οὺ
1384 1299 1453 1355 τὸ
1498 1300 1804 1367 ἐπιορκεῖν
1848 1304 2067 1372 μόνον,
2097 1302 2261 1359 ἀλλὰ
2292 1303 2392 1358 καί
2414 1303 2482 1358 τὸ
2505 1302 2776 1373 ὀμνύειν,
2804 1301 2921 1358 κᾶν
2943 1302 3301 1375 εὐορκῶμεν.

203 1884 277 1937 α’.
291 1877 383 1944 Ὠς
405 1862 654 1943 ποθεινὸς
676 1878 770 1933 καὶ
799 1877 1099 1950 ἐπέραστος
1120 1877 1231 1932 τῶν
1256 1878 1393 1932 νέων
1415 1877 1550 1949 ἡμῖν
1565 1874 1812 1945 ἀδελφῶν

134 1964 168 2017 6
193 1966 377 2037 χορός·
403 1964 669 2036 ἀδελφοὺς
690 1964 801 2035 γὰρ
826 1965 972 2036 ὑμᾶς
996 1964 1106 2034 ἐγὼ
1125 1965 1219 2019 καὶ
1236 1964 1341 2036 πρὸ
1358 1964 1468 2018 τῶν
1489 1963 1695 2018 ὠδίνων
1711 1962 1811 2034 ῆδη

137 2053 308 2117 καλῶ,
339 2054 437 2108 καί⁸
456 2054 562 2126 πρὸ
580 2053 677 2109 τοῦ
708 2054 870 2108 τόκου
899 2053 997 2127 τὴν
1038 2054 1362 2123 συγγένειαν
1382 2053 1484 2125 τὴν
1514 2051 1653 2123 πρὸς
1667 2052 1815 2121 ὑμᾶς

136 2140 477 2213 ἀσπάζομαι.
504 2139 637 2196 οἰδα
659 2140 791 2213 γὰρ,
817 2137 934 2197 οῖδα
956 2142 1143 2211 σαφῶς
1174 2144 1254 2207 εἰς
1283 2142 1415 2213 δσην
1446 2141 1543 2213 μὲν
1583 2139 1814 2210 ἄγεσθαι

142 2228 365 2301 μέλλετε
386 2229 574 2300 τιμὴν,
597 2231 681 2294 εἰς
707 2230 842 2300 δσην
866 2229 924 2284 δὲ
967 2230 1144 2301 ἀρχήν
1166 2247 1181 2262 ’
1221 2231 1348 2294 τοὺς
1373 2230 1433 2284 δέ
1474 2229 1653 2301 ἀρχὴν
1689 2227 1818 2300 μέλ-

139 2316 329 2380 λοντας
376 2316 698 2388 λαμϐάνειν,
748 2315 901 2389 [Ξξϐ]
944 2317 1040 2372 καὶ
1086 2316 1190 2389 πρὸ
1234 2317 1335 2387 τῆς
1374 2316 1550 2388 ἀρχῆς
1587 2315 1815 2370 είὼθασι

140 2406 305 2477 τιμᾷν
325 2404 591 2469 ἀπαντες,
614 2404 704 2459 διὰ
731 2404 833 2475 τῆς
863 2401 1162 2476 θεραπείας
1188 2403 1407 2459 εὔνοιαν
1439 2407 1653 2468 ἑαυτοῖς
1685 2420 1817 2475 προ-

143 2493 530 2565 αποτιθέμενοι
556 2493 696 2565 πρὸς
730 2494 792 2548 :6
822 2492 1039 2565 μέλλον.
1073 2493 1248 2548 Τοῦτο
1277 2493 1337 2548 δι
1362 2494 1457 2548 καὶ
1488 2493 1653 2557 αὐτὸς
1683 2491 1820 2546 ποιῶ

145 2579 235 2635 νῦν
254 2596 271 2613 ο
305 2581 370 2634 οὑ
394 2580 506 2654 γὰρ
535 2583 618 2645 εἰς
643 2581 820 2653 ἀρχὴν
847 2579 1080 2651 ἄγεσθαι
1113 2580 1336 2652 μέλλετε
1360 2581 1525 2653 ψιλὴν
1547 2619 1564 2645 ,
1595 2579 1711 2635 ἀλλ’
1737 2580 1820 2643 εἰς

146 2666 421 2737 βασιλείαν
446 2668 620 2740 αὑτήν
642 2683 657 2698 ·
684 2668 888 2739 μᾶλλον
925 2668 985 2721 δέ
1021 2668 1124 2722 οὑκ
1166 2670 1247 2733 εἰς
1290 2667 1568 2740 βασιλείαν
1608 2666 1818 2731 ἀπλῶς,

152 2756 262 2811 ἀλλ’
285 2756 367 2819 είς
393 2754 567 2827 αὐτὴν
605 2754 716 2809 τῶν
765 2755 1015 2828 οὐρανῶν
1040 2757 1140 2828 την
1186 2755 1487 2827 βασιλείαν.
1530 2750 1823 2810 Διά’τοῦτο

148 2842 296 2915 ὑμῶν
324 2843 521 2915 δέομαι
549 2843 648 2898 καὶ
668 2842 958 2908 ἀντιϐολῶ,
984 2843 1070 2897 ἶνα
1098 2843 1378 2916 μνησθῆτέ
1409 2860 1534 2913 μου,
1570 2843 1697 2897 ὅταν
1734 2842 1821 2897 έλ-

146 2929 274 3000 θητε
300 2930 386 2994 εἰς
429 2928 710 3001 βασιλείαν
762 2929 1002 3001 ἐκείνην,
1035 2931 1130 2983 καὶ
1158 2931 1297 3002 ὅπερ
1351 2930 1382 2984 6
1417 2930 1619 3002 Ἰωσὴφ
1669 2929 1823 2998 ἔλεγε

147 3017 283 3091 πρὶς
321 3016 419 3073 τὸν
452 3016 856 3089 ἀρχιοινοχόον
892 3015 1218 3087 Μνήσθητί
1237 3035 1358 3087 μου
1384 3057 1399 3081 ,
1440 3017 1588 3071 ὅταν
1622 3012 1693 3073 εὖ
1724 3033 1825 3071 σοι

147 3104 389 3178 γένηται
407 3116 424 3134 ’
451 3104 614 3160 τοῦτο
645 3103 802 3175 κάγὼ
828 3104 973 3174 λέγω
1002 3104 1139 3178 πρὸς
1168 3106 1313 3177 ὑμᾶς
1345 3105 1472 3177 ἀρτι
1494 3121 1509 3137 ·
1528 3103 1825 3177 Μνὴσθητέ

152 3212 252 3266 μου
284 3194 420 3248 ὅταν
449 3189 510 3248 εὖ
533 3194 661 3265 ὑμῖν
676 3193 924 3266 γένηται.
954 3193 1071 3248 Οὐκ
1094 3192 1362 3249 ἐνυπνίων
1384 3192 1590 3265 ταύτην
1606 3191 1828 3248 ἀπαιτῶ

150 3285 247 3356 τὴν
277 3282 539 3354 ἀμοιϐὴν.
563 3281 816 3355 καθάπερ
865 3283 1104 3348 ἐκεῖνος’
1135 3283 1199 3337 οὐ
1227 3282 1339 3357 γάρ
1363 3283 1621 3355 ὀνείρατα
1663 3277 1828 3355 ἦλθον

150 3370 399 3426 διαλῦσαι
428 3370 559 3442 ὑμῖν
584 3410 599 3437 ,
634 3369 772 3424 ἀλλά
814 3369 884 3425 τὰ
912 3371 975 3425 ἐν
1001 3372 1114 3435 τοῖς
1145 3371 1398 3442 οὐρανοῖς
1431 3371 1831 3444 διηγησόμενος

154 3460 477 3532 πράγματα,
509 3457 607 3512 καὶ
636 3457 936 3527 εὐαγγέλια
978 3458 1224 3530 κομίζων
1269 3459 1491 3529 ἀγαθῶν
1548 3458 1830 3523 τοιούτων,

159 3543 260 3603 οἵα
285 3548 430 3603 οὔτε
462 3547 774 3617 ὀφθαλμὸς
820 3544 1005 3613 εἶδεν,
1039 3548 1179 3603 οὔτε
1210 3544 1322 3615 οὖς
1348 3547 1641 3619 ἤκουσεν,
1693 3548 1833 3619 οὔτε

152 3636 249 3691 έκί
277 3633 877 3706 καρδίανάνθρώπου
901 3635 1083 3705 ἀνέϐη
1107 3650 1121 3664 ·
1149 3635 1547 3707 τοιαῦτάζέστιν
1572 3638 1633 3690 Ἃ
1663 3635 1831 3703 ἡτοι-

149 3740 347 3796 ρσσεν
373 3727 411 3781 ό
430 3725 578 3791 Θεὸς
601 3723 729 3790 τοῖς
754 3723 1073 3795 ἀγαπῶσιν
1095 3726 1309 3780 αὐτόν.
1342 3724 1401 3779 '0
1437 3724 1537 3795 μὲν
1584 3718 1679 3778 οὖν
1722 3725 1835 3777 Ἰω-

156 3814 261 3886 οὴφ
284 3813 445 3882 ἔλεγε
470 3812 609 3884 πρὸς
650 3811 744 3865 τὸν
780 3811 1020 3882 οἰνοχόον
1048 3813 1293 3866 ἐκεῖνον’
1325 3812 1451 3866 Ἔτι
1493 3812 1652 3881 τρεῖς
1694 3810 1837 3882 ἠμέ-

151 3917 266 3970 ραι.
291 3899 398 3955 καὶ
428 3898 922 3969 ἀποκαταστήσει
951 3914 1027 3954 σε
1050 3900 1260 3969 Φαραὼ
1285 3902 1374 3967 είς
1400 3899 1518 3970 τὴν
1539 3901 1835 3971 ἀρχιοινοο

157 3989 332 4057 κοταν
360 4003 503 4042 σου⁶
532 3985 643 4056 ἐγὼ
674 3986 733 4041 δὲ
771 3986 833 4040 οὐ
860 3985 1025 4055 λέγω,
1056 3988 1179 4041 ΙῚῐτι
1207 3990 1359 4060 τρεῖς
1381 3987 1607 4060 ἡμέραι,
1639 3987 1735 4041 καὶ
1755 3988 1835 4052 είς

154 4076 425 4146 οίνοχοῑαν
471 4072 837 4145 ἐνεχθὴσεσθε
892 4075 1158 4147 τυράννου
1179 4089 1193 4105 ο
1252 4073 1371 4129 ἀλλ’
1410 4073 1491 4127 ἔτι
1540 4074 1836 4146 τριάκοντα

156 4163 383 4235 ἡμέραι.
422 4160 519 4218 καὶ
544 4162 991 4232 ἀποκαταστήσει
1023 4162 1168 4233 ὑμᾶς
1201 4161 1325 4233 οὐχὶ
1366 4160 1588 4233 Φαραὼ,
1649 4161 1765 4217 ἀλλ’
1808 4162 1838 4216 6

156 4250 263 4306 τῶν
295 4247 550 4322 οὐρανῶν
580 4247 835 4319 βασιλεὺς
883 4249 966 4313 είς
1012 4249 1114 4321 τὴν
1160 4249 1275 4305 ἀνω
1330 4249 1586 4321 πατρίδα,
1626 4252 1709 4315 εἰς
1738 4251 1838 4323 τὴν

160 4338 449 4411 ἐλευθέραν
492 4336 871 4410 Ἰερουσαλὴμ,
894 4339 976 4404 εἰς
1010 4337 1112 4411 τὴν
1139 4339 1293 4394 πόλιν
1312 4339 1411 4412 τὴν
1433 4340 1494 4393 ἐν
1531 4342 1645 4405 τοῖς
1670 4340 1839 4413 οὐρα-

159 4429 288 4491 νοῖς.
317 4426 588 4488 Κάκεῖνος
614 4424 714 4496 μὲν
746 4424 953 4494 ἔλεγεν,
978 4425 1061 4480 ὅτι
1097 4424 1319 4494 Δώσεις
1336 4427 1404 4482 τὸ
1432 4427 1724 4498 ποτήριον
1748 4430 1837 4496 εἰς

160 4515 363 4585 χεῷσς
383 4513 497 4569 τοῦ
519 4513 732 4584 Φαραώ
749 4529 765 4546 ⁸
804 4514 918 4585 ἐγὼ
940 4514 997 4569 δέ
1028 4516 1091 4569 οὑ
1131 4514 1297 4586 λέγω,
1317 4519 1400 4572 ὅτι
1434 4516 1637 4572 δώσετε
1661 4518 1724 4571 :6
1748 4535 1840 4572 πο-

161 4605 349 4676 τήριον
378 4603 462 4665 εἰς
510 4601 613 4666 τάς
637 4604 829 4674 χεῖρας
866 4601 961 4657 :06
998 4602 1284 4674 βασιλέως,
1337 4604 1455 4659 ἀλλ’
1500 4606 1584 4659 ὃτι
1617 4606 1782 4671 αὐτὸς
1810 4610 1839 4662 6

164 4690 421 4762 βασιλεὺς
443 4691 526 4754 εἰς
546 4682 709 4763 χεῖρα
736 4688 838 4762 τὴν
878 4690 1153 4765 ὑμετέραν
1183 4692 1347 4747 δώσει
1381 4693 1445 4747 :6
1474 4696 1737 4767 ποτήριον
1777 4696 1840 4751 :6

163 4778 392 4852 φρικτὸν
413 4779 510 4832 καὶ
556 4777 764 4848 πολλῆς
787 4776 957 4849 γέμον
985 4778 1287 4850 δυνάμεως,
1315 4782 1411 4836 καὶ
1452 4782 1550 4855 τῆς
1606 4784 1838 4851 κτίσεως

163 4867 492 4941 τιμιώτερον
517 4865 809 4939 ἑκατέρα-ς.
845 4869 1054 4923 ἰσασιν
1089 4870 1140 4925 οί
1162 4872 1509 4943 μεμυημένοι
1547 4874 1644 4928 :06
1672 4892 1841 4947 ποτη-

167 4957 279 5029 ρίου
306 4956 499 5010 τούτου
548 4956 650 5028 τὴν
703 4954 888 5027 ίσχύν·
942 4955 1158 5013 εἴσεσθε
1205 4958 1265 5013 δέ
1300 4960 1398 5015 καὶ
1431 4961 1591 5032 ὑμεῖς
1643 4965 1840 5037 μικρὸν

165 5045 413 5117 ὕστερον.
445 5044 741 5115 μνήσθητε
791 5039 906 5111 οὖν,
940 5045 1072 5099 ὅταν
1099 5045 1293 5119 ἐλθητε
1320 5049 1402 5111 είς
1426 5049 1526 5121 τὴν
1561 5048 1842 5121 βασιλείαν

166 5134 404 5206 ἱκείνην,
435 5134 567 5188 ὅταν
591 5132 656 5187 :6
690 5132 908 5204 ἱμάτιον
935 5133 999 5187 :6
1024 5132 1303 5205 βασιλικὸν
1321 5136 1637 5208 ἀπολάϐητε
1657 5180 1672 5202 ,
1712 5140 1842 5195 ὅταν

174 5223 271 5295 τὴν
292 5222 589 5295 πορφύραν
609 5222 981 5295 περιϐάλησθε
1009 5224 1110 5296 τὴν
1135 5225 1330 5296 αἵματι
1356 5223 1622 5296 βαφεῖσαν
1637 5231 1843 5285 Δεσπο-

166 5309 323 5383 τικῷ,
353 5312 490 5366 ὅταν
505 5310 749 5384 διάδημα
780 5310 1122 5383 ἀναδὴσησθε
1170 5313 1281 5369 τῶν
1314 5314 1559 5386 ἡλιακῶν
1604 5318 1843 5373 ἀκτίνων

170 5398 529 5472 φαιδροτέρας
552 5398 679 5470 εχον
712 5399 1059 5471 πανταχόθεν
1094 5399 1422 5473 ἐκπηδώσας
1466 5402 1842 5476 λαμπηδόνας.

174 5481 407 5540 Τοιαῦτα
424 5485 541 5557 γάρ
564 5483 664 5539 τοῦ
678 5487 918 5557 νυμφίου
945 5488 1017 5544 τά
1043 5488 1187 5555 ἐδνα,
1211 5487 1440 5559 μείζονα
1464 5490 1567 5561 μέν
1590 5491 1690 5564 τῆς
1712 5493 1846 5565 ἡμε-

177 5568 329 5642 τέρας
349 5571 535 5638 ἀξίας,
560 5571 689 5640 ἀξια
722 5572 780 5628 δέ
817 5575 917 5646 τῆς
946 5575 1115 5632 αὑτοῦ
1145 5575 1580 5649 φιλανθρωπίας.

241 5659 339 5714 Διά
358 5659 542 5715 ταῦτα
563 5660 713 5733 ὑμᾶς
730 5663 982 5718 ἐντεῦθεν
1003 5663 1105 5736 ἡδη
1129 5663 1227 5718 καὶ
1254 5663 1365 5736 1:96
1383 5665 1495 5720 τῶν
1518 5666 1679 5739 ἱερῶν
1700 5667 1839 5723 ἑκεί-

183 5756 280 5798 νων
305 5746 602 5821 μακαρίζω
630 5750 916 5808 παστάδων
934 5767 949 5783 ’
977 5752 1039 5808 οὐ
1074 5749 1367 5826 μακαρίζω
1395 5752 1450 5808 δὲ
1491 5753 1671 5826 μόνον,
1692 5740 1830 5811 ἀλλά

1915 1875 2012 1929 καὶ
2047 1876 2259 1931 ἐπαινῶ
2281 1877 2383 1949 τὴν
2411 1877 2861 1950 εὐγνωμοσύνην,
2885 1881 2967 1934 ὅτι
2996 1881 3071 1953 μη
3094 1880 3343 1954 καθάπερ
3363 1882 3412 1935 οἱ
3442 1880 3597 1954 ρᾳθυο

1917 1962 2139 2034 μότεροι
2160 1964 2269 2018 τῶν
2294 1965 2624 2037 ἀνθρώπων,
2661 1968 2721 2020 ἐν
2758 1967 3022 2038 ἐσχάταις
3049 1970 3348 2033 ἀναπνοαῖς
3373 1969 3453 2040 τῷ
3485 1987 3598 2038 φωο

1911 2049 2141 2121 τίσματι
2168 2051 2528 2124 προσήλθετε,
2550 2051 2667 2106 ἀλλ’
2695 2052 2950 2109 ἐντεῦθεν
2977 2054 3081 2127 ῆδη
3105 2056 3362 2129 καθάπερ
3388 2055 3598 2109 οίκέται

1913 2133 2280 2206 εὐγνώμονες,
2323 2135 2464 2207 μετά
2498 2136 2702 2208 πολλῆς
2739 2138 2957 2203 εὐνοίας
2993 2138 3307 2196 ὑπακοῦσαι
3347 2138 3599 2209 Δεσπότῃ

1914 2221 2445 2293 παρεσκευασμένοι,
2478 2222 2575 2277 τὸν
2615 2224 2822 2295 αὐχένα
2849 2226 2950 2297 τῆς
2979 2225 3166 2298 ψυχῆς
3217 2225 3357 2298 μετά
3394 2224 3601 2295 πολλῆς

1915 2308 2221 2374 ἐπιεικείας
2246 2325 2308 2363 τε
2336 2310 2433 2364 καὶ
2471 2310 2781 2384 προθυμίας
2815 2313 2922 2366 ὑπὸ
2949 2314 3052 2386 τῆν
3080 2313 3317 2386 ζεύγλην
3358 2311 3598 2383 ἠγάγετε

1914 2397 2011 2452 τοῦ
2041 2396 2307 2470 Χριστοῦ,
2341 2399 2439 2453 καὶ⁸
2477 2399 2571 2453 τὸν
2609 2398 2776 2470 ζυγὸν
2798 2400 3055 2468 ἐδέξασθε
3092 2402 3187 2456 τὸν
3221 2401 3482 2474 χρηστὸν,
3505 2401 3601 2454 καὶ

1916 2486 1979 2541 :6
2001 2487 2225 2558 φορτίον
2254 2486 2479 2541 ἐλάϐετε
2504 2487 2569 2541 :6
2588 2487 2846 2560 ἐλαφρόν.
2876 2489 2939 2542 Et
2983 2489 3096 2560 γὰρ
3131 2488 3226 2543 καὶ
3256 2488 3328 2543 τὰ
3358 2488 3459 2559 τῆς
3498 2487 3600 2558 χά-

1918 2590 2065 2644 ριτος
2088 2574 2180 2628 ῐσα
2208 2575 2339 2647 ὑμῖν
2371 2576 2469 2629 καὶ
2496 2577 2610 2639 τοῖς
2638 2576 2696 2628 ἐν
2731 2577 2798 2646 τῇ
2844 2574 3077 2646 τελευτῇ
3131 2573 3601 2646 μυσταγωγουμέο

1921 2679 2055 2727 vom
2093 2662 2233 2718 ἀλλὰ
2256 2663 2327 2717 τὰ
2354 2662 2456 2733 τῆς
2506 2663 2883 2735 προαιρέσεως
2927 2665 3031 2718 οὐκ
3084 2664 3196 2729 ίσα,
3250 2662 3373 2717 οὐδὲ
3410 2663 3482 2717 τὰ
3504 2662 3602 2732 τῆς

1922 2752 2279 2824 παρασκευῆς
2311 2753 2421 2806 τῶν
2464 2751 2832 2825 πραγμάτων.
2870 2753 3102 2808 Ἐκεῖνοι
3133 2752 3234 2824 μὲν
3284 2750 3392 2824 γὰρ
3420 2752 3481 2805 ἐν
3533 2753 3601 2821 τῇ

1921 2841 2080 2915 κλίνη
2103 2841 2492 2913 λαμϐάνουσιν,
2510 2843 2669 2913 ὑμεῖς
2685 2841 2743 2897 δὲ
2770 2844 2829 2897 ἐν
2855 2845 2968 2907 τοῖς
2990 2840 3213 2906 κόλποις
3242 2840 3345 2911 τῆς
3377 2840 3608 2911 Ἐκκλη-

1924 2930 2047 2993 σίας
2071 2930 2171 3002 τῆς
2210 2931 2396 3002 κοινῆς
2438 2930 2695 2986 ἀπάντων
2737 2930 2898 3002 ἡμῶν
2944 2930 3188 3002 μητρόςο
3232 2930 3476 2985 κάκεῖνοι
3507 2929 3607 3001 μὲν

1922 3017 2242 3090 ὀδυρόμενοι
2269 3021 2366 3073 καὶ
2398 3019 2753 3090 δακρύοντες,
2777 3020 2938 3091 ὑμεῖς
2962 3018 3020 3073 δὲ
3066 3019 3348 3089 χαίροντες
3376 3017 3472 3072 καὶ
3514 3017 3608 3071 εὑ·-

1928 3106 2285 3178 φραινόμενοι
2304 3123 2318 3138 “
2346 3110 2544 3162 ἐκεῖνοι
2580 3107 2897 3172 στένοντες,
2929 3107 3088 3178 ὑμεῖς
3128 3105 3185 3161 δέ
3216 3103 3609 3177 εὑχαριστοῦν·

1927 3212 2019 3260 τες
2037 3212 2052 3228 ⁸
2083 3196 2331 3250 κάκεῖνοι
2351 3195 2452 3268 μέν
2483 3194 2666 3266 πολλῷ
2684 3194 3065 3267 κεκαρωμένοι
3080 3194 3159 3267 τῷ
3190 3192 3436 3267 πυρετῷ,
3452 3194 3611 3265 ὑμεῖς

1928 3283 1987 3338 δέ
2035 3283 2239 3356 πολλῆς
2291 3284 2747 3357 ἐμπεπλησμένοι
2805 3284 2907 3356 τῆς
2956 3282 3343 3355 πνευματικῆς
3390 3281 3603 3353 ἡδονῆς.

1932 3372 2097 3428 Ὅθεν
2121 3373 2358 3429 ἐνταῦθα
2396 3375 2495 3446 μὲν
2519 3374 2741 3429 ἃπαντα
2776 3372 3046 3446 σύμφωνα
3084 3374 3152 3443 τῇ
3180 3371 3378 3443 δωρεᾷ,
3411 3371 3529 3422 ἐκεῖ
3555 3370 3611 3423 δὲ

1932 3464 2114 3518 πάντα
2156 3463 2376 3518 ἐναντία
2407 3462 2564 3535 [227]
2599 3465 2666 3535 τῇ
2723 3462 2935 3533 δωρεᾷο
2973 3460 3070 3515 καὶ
3110 3457 3221 3531 γάρ
3267 3458 3465 3530 θρῆνος
3517 3459 3613 3511 καὶ

1931 3549 2171 3623 ὀδυρμὸς
2197 3550 2367 3615 πολὺς
2389 3566 2755 3622 μυσταγωγου
2764 3548 2965 3621 μένων,
2997 3549 3094 3602 καὶ
3120 3545 3308 3601 παιδία
3333 3543 3615 3617 περιίστα-

1933 3656 2025 3694 ται
2045 3637 2323 3699 κλαίοντα.
2359 3636 2457 3692 καὶ
2481 3637 2622 3708 γυνὴ
2646 3636 2747 3701 τὰς
2774 3634 3010 3709 παρειὰς
3048 3632 3474 3699 καταξαίνουσα,
3519 3634 3615 3686 καὶ

1936 3727 2083 3798 φίλοι
2107 3728 2395 3799 κατηφεῖς,
2430 3726 2524 3779 καὶ
2544 3724 2757 3778 οἰκέται
2781 3722 3035 3796 δακρύων
3063 3722 3333 3793 γέμοντες
3356 3759 3372 3785 ,
3402 3719 3524 3774 δλον
3552 3720 3616 3774 :6

1934 3816 2035 3887 τῆς
2057 3814 2239 3879 οίκίας
2265 3813 2452 3885 σχῆμα
2484 3812 2807 3884 χειμερινήν
2832 3828 2953 3865 τινα
2988 3810 3083 3865 καὶ
3118 3808 3333 3882 ζοφώδη
3365 3810 3615 3881 μιμεῖται

1937 3903 2150 3975 ἡμέραν
2173 3916 2188 3931 ’
2233 3899 2328 3955 ἐὰν
2357 3899 2415 3954 δὲ
2450 3899 2619 3971 αὐτὴν
2658 3897 2753 3952 :06
2798 3896 3203 3968 κατακειμένου
3232 3895 3331 3967 τὴν
3382 3894 3613 3964 καρδίαν

1936 3986 2272 4064 ἀναπτύξεις,
2310 3984 2774 4059 σκυθρωποτέραν
2805 3984 3011 4038 τούτων
3041 3984 3319 4056 εὑρήσεις.
3346 3980 3614 4052 Καθάπερ

1937 4080 2046 4152 γὰρ
2071 4079 2263 4150 ἄνεμοι
2294 4074 2435 4149 μετά
2460 4073 2664 4145 πολλῆς
2682 4074 2780 4145 τῆς
2810 4072 2989 4145 ῥύμης
3024 4070 3335 4138 ἐξεναντίας
3365 4069 3618 4142 ἀλληλοις

1940 4165 2302 4239 ἐμϐάλλοντες
2335 4164 2417 4227 είς
2448 4160 2623 4216 πολλά
2647 4160 2707 4215 :6
2746 4159 2986 4229 πέλαγος
3029 4159 3377 4230 διατέμνουσι
3427 4157 3573 4229 μέρη
3599 4174 3613 4188 ·

1937 4254 2082 4309 οὕτω
2112 4254 2206 4309 καί
2251 4254 2303 4307 οἱ
2336 4249 2591 4322 λογισμοὶ
2618 4250 2727 4303 τῶν
2753 4248 2877 4302 τότε
2930 4247 3271 4319 κατεχόντων
3300 4245 3492 4300 δεινῶν
3537 4248 3619 4312 είς

1937 4348 2038 4416 τὴν
2056 4342 2152 4397 τοῦ
2183 4342 2484 4414 κάμνοντος
2529 4339 2905 4411 ἐμπίπτοντες
2950 4335 3151 4408 ψυχὴν,
3182 4337 3263 4399 εἰς
3288 4333 3491 4399 πολλὰς
3518 4333 3618 4406 τὴν

1936 4431 2147 4487 ἐκείνου
2178 4430 2419 4486 διάνοιαν
2448 4427 2694 4500 σχίζουσι
2725 4425 3039 4497 φροντίδας.
3076 4424 3247 4477 Ὅταν
3283 4423 3363 4488 εἰς
3392 4422 3464 4477 τά
3493 4439 3619 4477 παι-

1934 4520 2022 4575 δία
2051 4518 2241 4592 ἀπίδῃ,
2271 4518 2373 4589 τὴν
2401 4515 2672 4591 ὀρφανίαν
2717 4513 2901 4570 αὐτῶν
2939 4515 3142 4567 ἐννοεῖ·
3172 4512 3307 4568 ὅταν
3352 4513 3488 4586 πρὸς
3520 4513 3619 4586 τὴν

1936 4612 2171 4679 γυναῖκα
2192 4605 2499 4678 ἀποϐλέψῃ,
2519 4604 2619 4677 τῆν
2638 4604 2869 4676 χηρείαν
2896 4601 3172 4672 λογίζεται
3192 4619 3209 4634 ·
3230 4602 3360 4656 ὅταν
3389 4601 3473 4674 ἴδῃ
3492 4601 3621 4664 τοὺς

1936 4696 2174 4760 οἰκέτας,
2214 4692 2314 4767 τὴν
2343 4692 2582 4764 ἐρημίαν
2612 4691 2834 4764 ἀπάσης
2858 4693 3055 4746 σκοπεῖ
3093 4691 3192 4763 τῆς
3218 4689 3399 4752 οἰκίας
3420 4704 3433 4717 ο
3488 4687 3620 4740 ὅταν

1939 4786 2076 4859 πρὸς
2105 4784 2295 4839 ἐαυτὸν
2320 4781 2615 4856 ἐπανέλθῃ,
2637 4781 2739 4854 τῆς
2767 4782 3057 4854 παρούσης
3084 4778 3277 4833 ἑαυτὸν
3304 4775 3619 4845 ἀναμιμνὴ-

1940 4891 2060 4928 σκει
2111 4872 2281 4945 ζωῆς,
2335 4871 2432 4926 καὶ
2462 4869 2912 4943 ἀποῤῥὴγνυσθαι
2964 4867 3198 4939 μέλλων,
3228 4863 3364 4918 πολὺ
3398 4862 3617 4932 δέχεται

1937 4962 2038 5033 τῆς
2067 4961 2306 5033 ἀθυμίας
2329 4960 2392 5015 :6
2417 4958 2599 5029 νέφος.
2634 4956 2872 5026 Τοιαύτη
2906 4956 2938 5027 ἡ
2967 4952 3063 5008 τοῦ
3110 4952 3397 5023 μέλλοντος
3447 4963 3618 5021 μυστ-

1939 5048 2277 5120 αγωγεῖσθαι
2301 5047 2471 5119 ψυχή.
2493 5041 2627 5100 Εἶτα
2653 5042 2856 5116 μεταξὺ
2891 5041 3002 5096 τῶν
3027 5038 3272 5113 θορύϐων
3295 5036 3509 5108 καὶτῆς
3529 5053 3622 5091 τα-

1944 5137 2117 5211 ραχῆς
2153 5134 2350 5208 αὑτῆς,
2383 5134 2769 5206 ἐπεισέρχεται
2796 5132 2825 5183 6
2861 5131 3042 5203 ίερεὺς
3063 5124 3231 5183 αὐτοῦ
3262 5126 3359 5180 :06
3381 5123 3619 5197 πυρετοῦ

1940 5222 2319 5299 φοϐερώτερος
2349 5221 2446 5287 ὢν,
2480 5222 2578 5276 καὶ
2621 5219 2717 5275 τοῦ
2748 5218 2981 5273 θανάτου
3010 5218 3123 5279 τοῖς
3172 5212 3269 5270 τοῦ
3316 5213 3624 5285 κάμνοντος

1941 5315 2314 5385 προσήκουσιν
2353 5309 2756 5381 ἀπηνέστερος·
2798 5305 2899 5377 τῆς
2934 5305 3043 5378 γάρ
3071 5303 3166 5358 :06
3200 5301 3385 5376 ἰατροῦ
3433 5301 3622 5373 φωνῆς

1940 5404 2041 5475 τῆς
2064 5397 2553 5470 ἀπογινωσκούσης
2579 5395 2676 5468 τὴν
2704 5393 2851 5466 ζωὴν
2878 5392 2978 5465 τὴν
3011 5392 3224 5446 ἐκείνου
3255 5388 3460 5461 μείζων
3487 5389 3623 5441 ἀπό-

1941 5507 2145 5563 γνωσις
2173 5484 2316 5544 εῐναι
2343 5485 2624 5559 νομίζεται
2659 5487 2693 5557 ἡ
2726 5481 2822 5538 :06
2857 5480 3236 5554 πρεσϐυτέρου
3265 5478 3493 5542 είσοδος,
3522 5476 3622 5563 καὶ

1944 5562 2177 5637 θανάτου
2209 5575 2477 5650 σύμϐολον
2506 5569 2647 5629 εἶναι
2680 5573 2828 5628 δοκεῖ
2854 5571 2959 5644 τῆς
2986 5569 3209 5626 αἰωνίου
3228 5567 3393 5639 ζωῆς
3421 5568 3456 5639 ἡ
3490 5562 3622 5618 ὑπό-

1947 5672 2117 5733 θεσις.
2161 5666 2300 5721 Ἀλλ’
2329 5663 2483 5720 οὐπω
2516 5662 2608 5718 τὸν
2635 5660 2923 5734 κολοφῶνα
2956 5659 3209 5732 ἐπέθηκα
3249 5655 3360 5712 τῶν
3391 5650 3577 5709 κακῶν
3601 5668 3615 5681 ·

1951 5757 2153 5828 μεταξὺ
2169 5754 2278 5826 γὰρ
2299 5750 2671 5824 θορυϐούντων
2692 5750 2801 5806 τῶν
2823 5746 3146 5819 ἐπιτηδείων
3164 5745 3259 5800 καὶ
3277 5754 3619 5813 παρασκευαο
