4020 6216
422 282 527 337 227

423 394 640 449 efficiat.
672 392 803 447 Nam
830 390 874 445 si
903 388 1241 459 imperatoris
1282 387 1504 456 epistola
1543 386 1728 459 paucis
1772 386 2014 442 conseri-

428 494 518 555 pta
544 483 709 538 literis
729 525 743 547 ,
774 480 1066 536 innumeris
1096 493 1219 535 reos
1248 479 1561 532 criminibus
1605 477 1800 532 liberos
1828 475 2012 531 dimit-

425 577 509 642 tit,
539 575 673 628 alios
702 585 881 628 autem
905 571 971 627 ad
1002 570 1259 626 honorem
1288 571 1445 623 etiam
1472 568 1649 625 evenit
1689 568 2013 632 maximum;

425 667 592 721 multo
622 665 792 736 magis
821 674 1038 719 sanctus
1068 663 1158 717 Dei
1189 663 1438 732 Spiritus,
1472 662 1561 731 qui
1595 662 1773 716 omnia
1805 668 2012 730 potest,

421 759 571 814 omni
600 772 697 811 nos
727 757 962 826 nequitia
988 755 1255 820 liberabit,
1287 754 1507 808 multam
1534 754 1792 823 justitiam
1824 752 2016 822 largie-

422 857 531 914 tur,
565 848 729 902 multa
762 845 1005 917 implebit
1037 846 1245 900 ﬁducia.
1279 846 1357 900 Ac
1386 844 1836 915 quemadmodum
1874 844 2016 898 scin-

424 938 537 993 tilla
586 937 817 993 mediam
868 938 919 991 in
968 936 1139 1007 pelagi
1170 937 1477 1006 voraginem
1521 934 1793 1000 incidens,
1834 934 2012 988 statim

423 1029 781 1099 exstinguitur
809 1036 863 1083 et
891 1027 1195 1093 evanescit,
1236 1041 1495 1097 aquarum
1526 1026 1576 1079 vi
1617 1025 1861 1081 demersa
1893 1042 1907 1078 :
1938 1024 2016 1079 sic

426 1130 480 1176 et
506 1122 678 1189 omnis
707 1120 933 1175 humana
966 1119 1197 1189 nequitia
1219 1159 1234 1184 ,
1263 1133 1387 1173 cum
1427 1118 1479 1172 in
1518 1118 1774 1187 piscinam
1802 1116 2005 1171 divino-

425 1225 543 1268 rum
590 1209 907 1266 ﬂuentorum
957 1209 1239 1272 inciderit,
1290 1208 1448 1264 citius
1493 1207 1808 1278 faciliusque
1854 1221 2009 1277 quam

425 1305 653 1360 scintilla
694 1303 1019 1373 demergitur
1058 1311 1111 1356 et
1145 1301 1373 1357 deletur.
1404 1301 1473 1355 At
1514 1315 1631 1366 cur,
1682 1299 1922 1369 inquies,
1967 1298 2012 1351 si

429 1405 646 1467 peccata
670 1395 823 1449 nobis
844 1394 1023 1448 omnia
1044 1393 1314 1447 lavacrum
1342 1392 1588 1459 remittit,
1614 1407 1719 1445 non
1746 1392 2012 1445 lavacrum

425 1487 757 1543 remissionis
788 1495 1158 1555 peccatorum,
1201 1498 1307 1539 non
1354 1484 1621 1538 lavacrum
1654 1482 2009 1553 purgationis,

424 1577 519 1633 sed
540 1577 803 1631 lavacrum
828 1574 1247 1646 regenerationis
1268 1575 1527 1629 vocatur?
1549 1575 1679 1641 Quia
1711 1592 1814 1629 non
1837 1573 2011 1628 solum

425 1668 581 1723 nobis
605 1676 820 1738 peccata
859 1667 1117 1733 remittit,
1151 1681 1324 1735 neque
1368 1666 1540 1720 solum
1568 1666 1760 1720 delicta
1802 1673 2008 1735 purgat,

425 1760 519 1817 sed
550 1761 621 1815 ita
650 1760 703 1815 id
732 1769 944 1829 prmstat
976 1775 1037 1814 ac
1071 1760 1117 1813 si
1157 1758 1335 1813 denuo
1363 1760 1598 1829 generati
1631 1774 1889 1814 essemus.
1917 1759 2009 1813 Et-

429 1852 574 1907 enim
606 1865 705 1905 nos
729 1852 909 1905 denuo
936 1860 1118 1917 creat,
1150 1860 1202 1904 et
1232 1849 1459 1915 format,
1497 1866 1601 1904 non
1629 1866 1693 1904 ex
1727 1860 1863 1905 terra
1889 1866 2008 1904 rur-

424 1961 543 2001 sum
569 1944 846 2013 efﬁngens,
879 1943 971 1997 sed
993 1958 1059 1997 ex
1083 1944 1189 1997 alio
1210 1943 1494 2004 elemento,
1519 1958 1774 2013 aquarum
1805 1942 2012 1996 scilicet

428 2044 644 2100 natura,
678 2049 897 2095 creatis;
933 2049 1037 2087 non
1068 2034 1210 2088 enim
1243 2047 1335 2086 vas
1366 2033 1681 2102 simpliciter
1719 2033 2007 2103 abstergit,

426 2123 519 2179 sed
568 2134 732 2177 totum
777 2122 973 2177 conﬁat
1019 2122 1214 2176 denuo.
1258 2122 1391 2177 Nam
1442 2138 1560 2192 quze
1600 2123 2007 2190 absterguntur,

425 2216 631 2270 etiamsi
659 2223 906 2268 accurate
932 2214 1256 2268 mundentur
1277 2214 1544 2282 qualitatis
1570 2214 1783 2283 vestigia
1811 2222 1864 2267 et
1890 2228 2009 2267 sor-

427 2307 575 2360 dium
603 2306 857 2374 reliquias
890 2306 1154 2369 retinent;
1206 2321 1324 2374 qua:
1369 2320 1498 2359 vero
1542 2305 1593 2358 in
1638 2303 2007 2359 couﬁatorium

427 2396 784 2450 immittuntur
814 2437 828 2460 ,
858 2404 955 2449 eta
984 2394 1193 2449 ﬁamma
1215 2405 1557 2459 renovantur,
1589 2410 1803 2449 onmem
1847 2396 2012 2464 depo-

425 2487 604 2542 nentia
635 2488 892 2540 maculam
914 2526 930 2551 ,
963 2501 1031 2540 ex
1062 2487 1272 2539 camino
1298 2486 1485 2540 educta
1506 2527 1521 2554 ,
1553 2487 1820 2553 eumdem,
1852 2502 2007 2555 quem

424 2594 645 2650 prorsus
676 2593 844 2643 nova,
876 2577 1218 2647 splendorem
1250 2578 1517 2632 emittunt.
1548 2577 2004 2645 Quemadmodum

424 2671 468 2724 si
494 2669 611 2740 quis
641 2685 855 2724 auream
899 2677 1126 2723 statuam
1154 2712 1168 2734 ,
1211 2680 1478 2738 tempore,
1525 2669 1697 2733 fumo,
1752 2671 2004 2738 pulvere,

425 2765 669 2831 rubigine
701 2762 948 2817 lmdatam
969 2804 984 2828 ,
1012 2761 1188 2815 denuo
1216 2761 1557 2826 conﬁaverit,
1588 2777 1705 2816 eam
1732 2762 1882 2816 nobis
1909 2775 2006 2830 pu-

423 2856 687 2910 rissimam
715 2864 873 2924 atque
916 2854 1199 2923 fulgentem
1247 2853 1473 2907 restituit
1502 2853 1619 2907 :sic
1661 2862 1714 2907 et
1760 2862 1998 2905 naturam

425 2958 662 3002 nostram
723 2948 894 3012 Deus,
931 2947 1133 3014 peccati
1171 2944 1412 3013 rubigine
1455 2943 1703 2999 foedatam
1736 2942 2008 3011 multoque

424 3038 664 3091 affectant
691 3036 1004 3089 delictorum
1036 3034 1201 3100 fumo,
1232 3034 1318 3087 illa
1347 3033 1739 3104 pulchritudine
1776 3032 2005 3088 destitu—

426 3138 532 3182 tam
557 3169 572 3191 ,
600 3142 758 3196 quam
790 3126 884 3195 ipsi
915 3127 981 3181 ab
1012 3127 1161 3180 initio
1191 3126 1484 3190 indiderat,
1514 3125 1687 3180 denuo
1716 3124 2003 3191 conflavit,

427 3227 483 3273 et
509 3218 561 3272 in
583 3232 745 3287 aquas
770 3231 870 3271 ceu
900 3218 953 3271 in
979 3216 1348 3272 conﬁatorium
1378 3216 1618 3286 iujiciens
1640 3258 1654 3281 ,
1685 3229 1738 3272 et
1764 3232 1860 3285 pro
1886 3218 2008 3286 igne

422 3308 647 3377 Spiritus
667 3308 887 3377 gratiam
908 3307 1219 3373 immitteus,
1244 3306 1368 3362 hinc
1392 3315 1692 3372 reuovatos,
1716 3323 1836 3362 cum
1861 3311 2005 3361 sola-

425 3398 571 3452 ribus
614 3398 777 3452 radiis
820 3396 1104 3467 splendore
1149 3396 1486 3451 decertantes
1532 3397 1731 3461 educit,
1776 3392 2008 3453 eottlrito

423 3489 587 3544 veteri
611 3487 845 3553 homine,
876 3502 1018 3542 novo
1042 3495 1217 3542 autem
1243 3486 1605 3557 splendidiore
1625 3528 1640 3553 ,
1668 3504 1826 3558 quam
1855 3498 2009 3543 vetus

424 3589 559 3647 erat,
591 3580 828 3635 condito.

499 3673 555 3727 4.
601 3671 749 3726 Hanc
796 3686 957 3742 porro
1004 3670 1157 3725 nobis
1200 3670 1573 3726 contritionem
1624 3672 2007 3744 mysticamque

424 3764 789 3834 purgationem
851 3762 1193 3817 subindicans
1239 3763 1496 3833 propheta
1523 3804 1537 3827 ,
1584 3762 1794 3818 dicebat
1838 3762 1963 3817 olim
1989 3805 2003 3829 ,

427 3854 704 3924 Tamquam
750 3868 839 3907 vas
881 3853 1024 3922 ﬁguli
1076 3863 1301 3907 conteres
1335 3871 1418 3909 eos
1457 3854 1641 3924 (Psat.
1669 3855 1723 3909 2.
1754 3855 1844 3926 9).
1872 3855 2005 3909 Nam

420 3945 561 4013 quod
600 3944 667 3999 de
710 3943 951 3998 ﬁdelibus
996 3945 1242 4012 loquatur
1286 3946 1427 4000 clare
1475 3947 1707 4001 indicant
1750 3962 1845 4012 ea,
1889 3964 2007 4017 qua:

423 4032 726 4104 prtecedunt
756 4050 770 4085 τ
801 4034 996 4089 etenim
1024 4034 1135 4088 ait:
1166 4032 1334 4088 Filius
1363 4051 1502 4088 meus
1527 4052 1579 4089 es
1609 4045 1661 4089 tu
1692 4051 1711 4090 :
1740 4054 1829 4107 ego
1859 4037 2008 4090 hodie

419 4127 569 4196 genui
597 4136 665 4180 te.
698 4123 911 4178 Postulo
945 4141 977 4178 a
1002 4141 1107 4190 me,
1134 4134 1177 4178 et
1200 4124 1329 4179 dabo
1355 4125 1442 4179 tibi
1464 4135 1635 4195 gentes
1664 4126 2005 4180 hwreditatem

424 4228 583 4285 tuam,
609 4227 653 4271 et
691 4217 1049 4287 possessione»:
1074 4227 1209 4270 tuam
1237 4217 1473 4271 terminos
1501 4224 1646 4269 terra:
1672 4218 1688 4287 (
1710 4215 1844 4269 Ibid.
1876 4233 1924 4270 υ.
1949 4218 2001 4271 7.

420 4309 500 4377 8).
531 4307 772 4362 Vidistin‘
798 4308 1065 4376 quomodo
1087 4308 1375 4362 Ecclesiam
1405 4307 1640 4376 gentium
1675 4322 2005 4363 commemo-

420 4398 587 4463 ravit,
630 4406 685 4451 et
728 4397 926 4467 ubique
962 4398 1303 4452 constitutum
1343 4397 1541 4451 Christi
1584 4412 1805 4466 regnum
1837 4397 2005 4452 dixit?

421 4487 620 4544 Deinde
634 4502 844 4542 rursum
863 4488 955 4551 ait,
979 4487 1161 4543 Pasces
1186 4504 1269 4542 eos
1293 4489 1346 4542 in
1362 4489 1502 4559 virga
1529 4490 1731 4560 ferrea;
1757 4506 1860 4542 non
1886 4505 2005 4558 gra-

420 4582 487 4645 vi,
509 4578 603 4633 sed
633 4577 758 4632 forti
784 4596 797 4631 :
820 4587 1071 4648 tamquam
1102 4594 1190 4632 vas
1215 4579 1359 4649 ﬁguli
1378 4588 1602 4633 conteres
1622 4595 1706 4632 eos
1728 4578 1831 4647 (Ib.
1856 4594 1902 4631 υ.
1923 4580 2000 4647 9).

422 4673 560 4728 Ecce
606 4671 872 4726 lavacrum
917 4671 1085 4741 magis
1130 4672 1357 4742 mystico
1406 4686 1554 4725 more
1596 4672 1864 4725 sumitur:
1897 4686 2001 4726 non

416 4765 558 4819 enim
596 4763 916 4834 simpliciter
949 4762 1084 4818 dixit
1106 4778 1229 4817 vasa
1266 4771 1494 4819 testacea
1515 4804 1530 4830 ,
1559 4763 1654 4818 sed
1680 4779 1803 4818 vasa
1834 4763 2001 4834 ﬁguli.

420 4856 616 4911 Verum
641 4855 916 4911 attendite.
940 4855 1196 4910 Testacea
1215 4854 1410 4925 quippe
1439 4869 1561 4910 vasa
1585 4855 1833 4922 contrita,
1857 4856 2001 4911 reﬁci

421 4964 528 5003 non
556 4957 810 5019 possunt,
842 4948 913 5003 ob
939 4947 1189 5002 duritiem
1225 4961 1419 5016 nempe
1442 4946 1511 5000 ab
1540 4948 1660 5016 igne
1685 4959 1956 5016 acceptam
1984 4964 1998 5001 :

420 5053 543 5093 vasa
570 5047 746 5094 autem
777 5037 918 5109 ﬁguli
944 5053 1047 5092 non
1077 5045 1201 5090 sunt
1229 5045 1479 5103 testacea,
1511 5036 1603 5090 sed
1634 5051 1696 5090 ex
1730 5036 1838 5090 luto
1864 5051 2005 5109 com-

419 5132 625 5199 posita;
671 5142 835 5199 quare
881 5129 926 5184 si
976 5126 1237 5183 labefacta
1277 5126 1504 5192 iuerint,
1538 5126 1755 5181 artiﬁcis
1784 5129 2002 5182 solertia

420 5219 623 5274 lacibus
661 5220 729 5274 ad
767 5220 1053 5275 secundam
1097 5220 1320 5274 formam
1362 5217 1543 5274 reduci
1582 5229 1824 5287 possunt.
1866 5220 2000 5275 Cum

420 5311 596 5379 itaque
625 5310 977 5367 calamitatem
1020 5312 1366 5367 insanabilem
1406 5322 1700 5377 memorat,
1741 5328 1844 5367 non
1875 5328 2001 5369 vasa

421 5401 565 5470 ﬁguli
593 5399 741 5467 dicit,
769 5401 865 5456 sed
892 5417 984 5456 vas
1021 5412 1335 5458 testaceum.
1366 5402 1497 5458 Nam
1536 5418 1657 5458 cum
1689 5404 2001 5475 pr0phetam

416 5502 473 5546 et
498 5489 712 5547 Judaaos
738 5490 935 5547 docere
960 5493 1157 5562 vellet,
1186 5508 1245 5551 se
1270 5494 1557 5550 calamitati
1602 5493 1885 5550 insanabili
1910 5511 2003 5550 ur-

420 5583 540 5638 bem
567 5580 870 5648 tradidisse,
893 5581 1048 5653 jussit
1071 5597 1192 5638 eum
1221 5584 1465 5653 accipere
1484 5598 1579 5640 vas
1607 5591 1920 5651 testaceum,
1948 5592 2001 5640 et

420 5692 599 5734 coram
627 5676 877 5733 universo
900 5675 1093 5748 populo
1110 5675 1462 5750 confringere,
1482 5676 1762 5750 dicereque
1785 5676 1841 5750 (1
1845 5693 1996 5735 erant.

1167 274 1225 329 S.
1265 272 1541 329 JOANNIS
1578 269 2051 328 CllRYSOSTOMl
2089 270 2404 329 ARClllEP.
2435 271 2963 332 CONSTANTINOP.

3604 280 3701 337 238

2128 384 2241 457 19),
2268 386 2356 442 St'c
2381 386 2559 459 peribit
2586 387 2704 443 urbs
2730 405 2791 443 ac
2818 399 3099 445 conteretur
3115 383 3325 463 (let-em.
3343 391 3536 465 19.“)
3553 413 3564 449 :
3584 411 3694 451 cum

2124 486 2304 533 autem
2346 478 2539 533 bonam
2581 480 2710 551 ipsis
2749 492 2896 551 spem
2940 482 3133 552 oﬁ'ert,
3166 485 3218 539 in
3249 484 3516 542 ofﬁcinam
3560 486 3698 559 ﬁguli

2120 569 2432 639 prophetam
2463 570 2706 638 deducit,
2737 588 2836 629 nec
2863 574 2961 643 ipsi
2993 590 3084 630 vas
3116 586 3404 633 testaceum
3438 582 3696 649 ostendit,

2119 659 2214 714 sed
2243 676 2335 715 vas
2372 661 2571 716 luteum
2612 677 2643 717 e
2682 679 2843 718 manu
2875 666 3017 736 ﬁguli
3045 666 3330 732 decidens,
3358 685 3421 725 ac
3446 671 3702 728 subinl‘ert

2121 748 2203 804 his
2230 750 2407 805 verbis
2433 768 2446 805 :
2471 750 2533 806 Si
2560 753 2747 823 ﬁgulus
2782 754 2863 809 hic
2899 771 2986 810 vas
3025 758 3160 827 quod
3189 759 3413 828 decidit,
3445 773 3701 833 acceptum

2119 842 2283 896 denuo
2321 846 2643 913 reformavit,
2680 863 2847 901 annon
2888 848 3047 903 multo
3080 851 3240 921 magis
3283 870 3375 923 ego
3414 865 3585 923 potero
3618 874 3701 913 vos

2119 933 2356 1004 delapsos
2388 936 2654 990 emendare
2681 936 2910 1008 (larem.
2943 940 3027 996 18.
3057 938 3147 1013 6)?
3176 943 3357 998 Potest
3383 945 3542 1015 igitur
3566 947 3703 1003 Deus

2118 1040 2218 1080 nos
2248 1026 2419 1081 luteos
2465 1041 2573 1082 non
2622 1028 2781 1084 modo
2828 1045 2923 1099 per
2969 1034 3238 1088 lavacrum
3286 1038 3704 1102 regenerationis

2117 1117 2439 1185 emendare,
2482 1118 2576 1174 sed
2613 1120 2841 1189 Spiritus
2882 1120 3102 1192 accepta
3144 1123 3371 1192 virtute,
3405 1126 3705 1198 iterumque

2121 1209 2300 1279 lapsos
2332 1224 2426 1279 per
2454 1210 2716 1267 sinceram
2743 1213 3107 1282 paenitentiam
3132 1215 3182 1269 in
3201 1217 3479 1285 pristinum
3507 1226 3702 1273 statum

2117 1314 2386 1354 revocare.
2413 1298 2520 1356 Sed
2552 1316 2657 1357 non
2679 1312 2889 1375 tempus
2914 1313 2997 1360 est
3027 1320 3121 1360 vos
3146 1305 3213 1361 de
3232 1308 3542 1376 poenitentia
3572 1310 3706 1366 allo.

2116 1389 2226 1460 qui,
2259 1391 2365 1446 imo
2397 1392 2568 1461 potius
2612 1394 2814 1449 utinam
2859 1396 3005 1451 nullo
3047 1412 3293 1467 umquam
3341 1408 3581 1469 tempore
3619 1402 3706 1458 his

2118 1481 2370 1535 remediis
2397 1497 2531 1553 Opus
2556 1483 2832 1553 habeatis,
2876 1488 2968 1542 sed
3006 1502 3220 1559 semper
3242 1506 3305 1545 ea
3336 1503 3543 1547 servata
3582 1495 3694 1564 pul-

2121 1570 2422 1626 chritudine
2449 1587 2649 1643 eosque
2673 1574 2955 1645 splendore
2970 1579 3411 1650 maneatis,qnem
3443 1597 3583 1638 nunc
3606 1598 3702 1638 ac-

2115 1661 2323 1729 cepturi
2354 1663 2502 1718 estis.
2535 1663 2605 1720 Ut
2632 1665 2807 1735 itaque
2834 1667 2885 1722 in
2911 1683 2976 1723 eo
3005 1671 3265 1726 maneatis
3283 1713 3297 1736 ,
3326 1687 3423 1743 age
3441 1713 3457 1739 ,
3485 1674 3554 1729 de
3580 1675 3703 1729 vitae

2116 1753 2355 1809 instituto
2384 1771 2550 1826 pauca
2578 1758 2728 1813 vobis
2757 1759 3087 1817 disseramus
3112 1780 3125 1817 :
3153 1777 3274 1818 nam
3317 1765 3367 1819 in
3400 1765 3499 1820 hac
3535 1766 3705 1836 pals:-

2116 1855 2225 1899 stra
2254 1845 2573 1902 athletarum
2604 1848 2783 1919 lapsus
2824 1851 3060 1920 periculo
3094 1862 3285 1908 vacant
3311 1872 3325 1908 :
3358 1870 3480 1909 cum
3509 1856 3705 1911 dome-

2115 1937 2263 1991 sticis
2293 1937 2434 1994 enim
2464 1938 2772 2007 decertant,
2798 1949 2851 1996 et
2881 1942 2930 1995 in
2959 1951 3344 2012 praeceptorum
3386 1945 3705 2014 corporibus

2114 2029 2290 2081 omnia
2317 2029 2657 2084 meditantur.
2680 2031 2813 2086 Cum
2840 2047 2967 2087 vero
2990 2034 3338 2087 certaminum
3374 2045 3582 2105 tempus
3604 2036 3698 2089 ad.

2114 2118 2340 2184 venerit,
2370 2134 2491 2173 cum
2522 2119 2755 2174 stadium
2784 2131 3028 2192 apertum
3058 2123 3237 2188 fuerit,
3264 2139 3384 2179 cum
3415 2141 3603 2181 omnes
3631 2128 3704 2181 ad

2112 2207 2473 2275 spectaculum
2513 2210 2851 2279 congregati,
2898 2212 3054 2268 sedes
3098 2228 3308 2268 sursum
3353 2218 3703 2284 occuparint,

2115 2306 2378 2365 prmsente
2419 2301 2781 2368 agonotheta:
2819 2312 2943 2355 tunc
2989 2318 3210 2358 necesse
3254 2314 3335 2358 est
3381 2315 3471 2359 aut
3512 2307 3705 2376 ignave

2111 2396 2328 2457 agentes
2356 2388 2531 2458 dejici,
2561 2405 2623 2444 ac
2651 2406 2769 2444 cum
2799 2392 3079 2461 ignominia
3108 2394 3382 2451 discedere
3401 2438 3415 2460 ,
3444 2408 3537 2453 aut
3558 2412 3702 2454 Stre.

2113 2495 2217 2534 nne
2244 2488 2482 2550 agentes,
2516 2495 2741 2537 coronas
2765 2492 2819 2537 et
2843 2483 3025 2537 bravia
3052 2486 3344 2555 consequi;
3389 2489 3466 2543 sie
3501 2490 3555 2543 hi
3603 2488 3704 2545 tri-

2112 2571 2257 2639 ginta
2284 2570 2398 2627 dies
2425 2572 2573 2626 vobis
2601 2573 2860 2642 palmsme
2880 2615 2894 2640 ,
2924 2576 3319 2645 gymnasiorum
3359 2588 3412 2632 et
3440 2581 3703 2636 exercita-

2115 2661 2272 2715 tionis
2297 2661 2417 2716 loco
2456 2672 2597 2716 sunt.
2621 2662 2737 2717 Jam
2781 2663 2903 2718 hinc
2937 2665 3205 2719 discamus
3230 2668 3514 2738 malignum
3547 2671 3702 2727 illum

2112 2751 2407 2805 daemonem
2440 2753 2649 2809 vincere
2682 2771 2696 2807 :
2726 2769 2848 2808 nam
2878 2766 3061 2810 contra
3090 2757 3236 2811 illum
3279 2770 3397 2827 post
3434 2760 3700 2828 baptisma

2112 2840 2164 2894 in
2192 2856 2407 2895 arenam
2439 2842 2762 2898 descendere
2785 2845 3059 2909 debemus,
3084 2857 3269 2902 contra
3292 2849 3437 2903 illum
3463 2867 3703 2921 pugnare

2112 2944 2167 2986 ct
2193 2932 2488 2989 decertare.
2517 2934 2631 2990 Jam
2662 2935 2785 2991 hinc
2811 2952 2937 3007 ergo
2968 2938 3184 2994 insidias
3218 2939 3332 3009 ejus
3361 2942 3700 3011 ediscamus,

2112 3025 2377 3080 undenam
2408 3028 2670 3097 malignus
2700 3030 2807 3095 sit,
2848 3030 3113 3085 undenam
3160 3031 3315 3089 facile
3357 3050 3455 3090 nos
3499 3037 3702 3093 la-dere

2111 3120 2325 3190 poterit,
2356 3127 2411 3173 ut
2438 3121 2742 3175 certaminis
2787 3131 3025 3191 tempore
3068 3141 3173 3178 non
3218 3126 3509 3195 inexperti,
3543 3131 3703 3183 novis

2108 3211 2410 3279 conspectis
2456 3213 2832 3268 certaminibus
2878 3222 3193 3278 terreamur,
3238 3216 3330 3271 sed
3371 3218 3481 3287 jam
3525 3218 3700 3288 parati

2110 3302 2489 3372 meditatiquc,
2522 3303 2741 3373 ejusque
2772 3304 2989 3360 insidias
3017 3321 3202 3362 omnes
3229 3307 3435 3373 edocti,
3467 3308 3703 3366 ﬁdenter

2109 3393 2398 3448 certamina
2424 3409 2545 3448 cum
2576 3395 2667 3449 illo
2694 3395 2967 3450 adeamus.

2183 3482 2396 3554 Linguae
2418 3494 2539 3556 quot
2568 3494 2614 3538 et
2642 3490 2817 3555 quanti
2846 3486 3042 3558 lapsus.
3073 3518 3142 3530 —
3167 3489 3408 3562 Undique
3437 3508 3564 3547 vero
3594 3509 3702 3549 no-

2111 3576 2193 3630 bis
2219 3593 2417 3632 nocere
2446 3579 2602 3644 solet,
2632 3578 2725 3633 scd
2755 3579 2804 3633 in
2834 3581 3018 3646 primis
3047 3581 3223 3653 lingua
3262 3592 3316 3637 et
3342 3598 3457 3638 ore.
3481 3584 3701 3641 Nullum

2111 3667 2252 3723 enim
2287 3668 2362 3722 illi
2404 3670 2474 3723 ita
2505 3680 2861 3739 opportunum
2892 3686 3148 3742 organum
3192 3673 3259 3728 ad
3303 3675 3544 3729 fraudem
3576 3691 3706 3745 per-

2111 3758 2412 3830 niciemque
2443 3770 2700 3824 nostram,
2732 3770 2790 3814 ut
2823 3761 3184 3831 intemperans
3212 3763 3388 3832 lingua
3414 3774 3466 3817 et
3493 3779 3555 3818 os
3584 3782 3701 3819 non

2111 3852 2436 3905 obturatum.
2458 3851 2593 3905 lliuc
2616 3852 2769 3905 nobis
2796 3850 2973 3921 lapsus
2994 3853 3226 3921 plurimi,
3250 3853 3374 3908 hinc
3401 3855 3554 3908 nobis
3578 3871 3706 3925 gra-

2110 3941 2193 3994 via
2221 3941 2465 3995 crimina.
2495 3940 2662 4008 Quam
2692 3940 2847 3996 facile
2876 3942 2944 3995 sit
2972 3956 3065 3996 ore
3093 3943 3218 4009 labi,
3248 3943 3325 3999 sic
3358 3945 3573 4015 quidam
3602 3946 3706 4001 de-

2108 4032 2364 4087 claravit:
2400 4032 2550 4087 Multi
2574 4034 2795 4087 cecidere
2818 4034 3010 4105 gladio,
3040 4036 3129 4089 sed
3154 4053 3252 4089 non
3281 4046 3352 4089 tot
3380 4047 3497 4108 quot
3523 4039 3706 4109 lingua

2114 4122 2299 4194 (Eccli.
2330 4123 2419 4180 28.
2449 4124 2541 4196 22)
2574 4144 2588 4180 :
2621 4126 2841 4196 ipseque
2867 4143 3076 4181 rursum
3103 4144 3261 4198 quam
3287 4132 3465 4199 gravis
3492 4132 3562 4183 sit
3592 4132 3704 4185 ltu-

2102 4215 2339 4286 jusmodi
2369 4218 2552 4288 lapsus
2582 4219 2834 4275 indicavit
2873 4219 2955 4275 his
2983 4221 3190 4285 verbis,
3218 4222 3415 4292 Lapsus
3452 4225 3515 4277 de
3550 4227 3704 4295 pani-

2107 4318 2277 4364 mento
2299 4311 2462 4381 potius
2482 4327 2633 4379 quam
2654 4311 2825 4381 lapsus
2849 4313 2911 4366 de
2932 4313 3104 4381 lingua
3130 4313 3329 4383 (Eccli.
3354 4314 3444 4369 20.
3468 4314 3575 4385 20)
3603 4335 3615 4369 :
3650 4318 3704 4372 id

2107 4408 2193 4456 est
2212 4443 2226 4465 ,
2256 4401 2446 4457 melius
2486 4411 2569 4457 est
2599 4402 2702 4457 labi
2730 4390 3042 4474 conterique
3069 4420 3285 4475 corpus,
3320 4422 3478 4475 quam
3509 4408 3701 4478 hujus-

2109 4493 2257 4546 modi
2284 4492 2504 4547 verbum
2534 4494 2792 4562 proferre,
2824 4496 2964 4565 quod
2993 4497 3158 4565 possit
3183 4497 3413 4551 animam
3455 4508 3700 4554 nostram

2108 4582 2349 4653 perdere.
2376 4583 2556 4653 Neque
2586 4584 2765 4654 lapsus
2791 4594 2993 4639 tantum
3028 4594 3306 4654 memorat,
3331 4585 3423 4640 sed
3456 4586 3703 4644 hortatur

2108 4684 2166 4729 ut
2186 4690 2429 4745 magnam
2446 4676 2855 4731 sollicitudinem
2878 4693 3146 4748 geramus,
3173 4693 3241 4733 ne
3262 4680 3699 4750 supplantemur,

2106 4764 2191 4820 itis
2210 4765 2405 4829 verbis,
2437 4764 2545 4819 Fac
2564 4768 2641 4820 ori
2668 4775 2754 4820 tuo
2768 4767 2863 4837 jan
2872 4784 2986 4821 nam
3000 4777 3046 4822 et
3069 4779 3225 4823 vectes
3244 4768 3428 4842 (Eccli.
3452 4771 3548 4828 28.
3569 4773 3663 4843 28)
3683 4791 3697 4837 ;

2107 4870 2216 4910 non
2242 4866 2299 4909 ιιι
2323 4870 2451 4911 vere
2474 4854 2666 4925 jauuas
2702 4865 2757 4911 et
2785 4866 2963 4912 vectes
3006 4872 3291 4927 paremus,
3338 4861 3433 4915 sed
3477 4873 3537 4916 ut
3576 4878 3698 4917 cum

2107 4962 2298 5017 magna
2346 4949 2554 5003 cautela
2604 4948 2847 5004 absurdis
2878 4951 3053 5006 verbis
3100 4951 3330 5022 linguam
3361 4954 3695 5009 claudamus.

2103 5040 2443 5111 Rursumque
2469 5040 2596 5096 alibi
2623 5042 2909 5096 ostendens
2938 5058 3037 5097 nos
3063 5053 3117 5098 et
3145 5059 3265 5098 cum
3295 5045 3475 5100 studio
3510 5057 3697 5100 nostro

2108 5140 2163 5186 et
2207 5141 2331 5186 ante
2375 5131 2607 5187 studium
2648 5142 2889 5187 nostrum
2917 5149 3148 5204 superno
3182 5150 3340 5205 egere
3369 5138 3602 5203 auxilio,
3639 5148 3695 5191 ut

2106 5223 2245 5278 hanc
2271 5223 2434 5278 feram
2462 5225 2605 5278 intus
2628 5224 2994 5280 contineamus
3014 5266 3029 5291 ,
3058 5227 3124 5280 ad
3156 5227 3320 5282 Deum
3353 5244 3544 5284 manus
3573 5239 3694 5284 ten-

2105 5314 2242 5370 dens
2271 5315 2525 5385 propheta
2555 5315 2802 5371 dicebat:
2832 5313 3062 5372 Elevatio
3089 5335 3328 5373 manuum
3354 5338 3579 5375 mearum
3604 5339 3691 5374 sa-

2112 5400 2369 5469 criﬁcium
2396 5402 2759 5467 .cspertinum.
2788 5399 2948 5467 Pone,
2989 5400 3228 5465 Domine,
3271 5403 3564 5455 custodiam
3597 5401 3684 5454 ors'

2109 5506 2243 5559 meo,
2275 5502 2326 5546 et
2351 5493 2539 5546 ostium
2569 5494 2977 5547 circumstantia:
3002 5493 3165 5548 labi-is
3191 5493 3319 5547 meis
3351 5493 3519 5559 (Psal.
3554 5493 3677 5548 ΗΟ.

2104 5580 2162 5635 2.
2184 5582 2261 5650 3).
2292 5580 2357 5636 Et
2379 5582 2468 5652 qui
2493 5582 2644 5652 prius
2674 5583 2901 5647 monuit,
2925 5598 3138 5638 rursum
3164 5582 3271 5637 ait:
3294 5581 3419 5648 Quis
3437 5584 3578 5637 dabit
3593 5583 3682 5635 ori

2108 5687 2219 5729 meo
2245 5674 2552 5742 custodiant,
2587 5683 2636 5729 et
2661 5674 2812 5729 labiis
2835 5674 2959 5729 meis
2982 5674 3208 5745 sigillum
3232 5684 3463 5730 astutum
3488 5673 3671 5745 (Ecclt'.
