4020 6216
308 297 412 355 229

299 410 393 465 22.
419 408 508 477 55)
529 409 552 463 ἲ
573 407 762 464 \‘ideu’
789 405 1030 478 singulos
1059 404 1369 477 huiusmodi
1397 403 1582 474 lapsus
1607 404 1879 468 timentes,

306 499 570 569 lugentes,
597 494 818 552 consilia
844 494 1053 560 dantes,
1083 502 1385 565 precantes,
1408 503 1467 548 ut
1485 493 1624 548 circa
1653 493 1887 563 tinguant

303 594 494 658 magna
521 585 729 642 cautela
756 583 1109 640 adhibeatur?
1138 586 1207 639 At
1230 600 1345 650 cur,
1370 584 1596 653 inquies,
1621 584 1664 638 si
1687 593 1886 639 tantam

305 679 461 734 nobis
486 678 775 750 perniciem
806 676 905 731 hoc
926 675 1336 735 instrumentum
1359 675 1565 739 afferat,
1593 679 1764 744 ipsum
1793 690 1888 729 uo-

305 770 386 825 bis
429 785 459 822 a
507 767 767 838 principio
812 765 1002 821 indidit
1053 766 1226 821 Deus?
1268 766 1399 833 Quia
1439 780 1684 835 magnam
1730 765 1890 820 etiam

305 859 462 915 all'ert
488 859 794 925 utilitatem,
823 869 877 914 et
905 858 950 911 si
974 871 1292 925 caveamus,
1328 856 1606 911 utilitatem
1650 866 1888 921 tantum,

303 950 598 1021 perniciem
630 963 762 1004 vero
792 949 994 1003 nullam
1022 947 1198 1003 affert.
1224 947 1363 1003 "Audi
1401 948 1543 1003 enim
1582 947 1708 1018 qttid
1751 948 1895 1003 dicat

304 1058 373 1104 ts,
405 1042 496 1112 qui
525 1043 671 1111 prius
700 1042 790 1095 illa
814 1041 1058 1096 dixerat:
1084 1039 1149 1093 In
1171 1056 1323 1094 manu
1349 1040 1536 1111 ιὶηριιω
1564 1040 1663 1093 vita
1684 1048 1728 1093 et
1759 1055 1896 1093 mors

310 1131 491 1204 (Prov.
523 1132 611 1200 i8.
632 1131 746 1203 21).
782 1132 1089 1201 Eademque
1129 1131 1241 1200 ipsa
1274 1130 1520 1186 Christus
1543 1130 1776 1185 declarat
1814 1128 1897 1185 his

311 1225 515 1291 verbis,
530 1223 608 1279 De
616 1222 924 1278 sermonibus
937 1224 1035 1278 tuis
1049 1223 1474 1287 condemnaberis,
1489 1233 1635 1292 atque
1645 1221 1709 1277 de
1719 1238 1900 1277 sermo-

307 1314 457 1368 nibus
483 1314 583 1369 tuis
602 1314 965 1385 justiﬁcaberis
992 1312 1210 1384 (Matt/1.
1245 1313 1333 1366 12.
1361 1312 1428 1367 57
1448 1312 1489 1383 ).
1514 1312 1682 1367 Media
1704 1311 1899 1381 quippe

309 1417 414 1462 stat
439 1406 621 1477 lingua
647 1407 787 1461 inter
816 1415 1099 1476 utrumque
1125 1421 1311 1471 usum;
1341 1415 1395 1460 tu
1432 1405 1678 1461 dominus
1711 1419 1792 1462 es.
1823 1405 1900 1460 ita

309 1507 368 1554 ct
389 1497 599 1568 gladius
616 1497 761 1567 jacet
785 1497 1026 1562 medius;
1051 1501 1096 1551 si
1124 1497 1214 1551 illo
1236 1507 1420 1552 contra
1442 1496 1688 1551 inimicos
1713 1496 1896 1563 utaris,

313 1589 550 1644 salutare
580 1588 673 1642 tibi
704 1590 1117 1643 instrumentum
1145 1586 1406 1652 efficitur;
1431 1588 1511 1643 sin
1542 1587 1631 1642 tibi
1659 1586 1759 1657 ipsi
1787 1588 1904 1641 vul-

314 1696 417 1737 nus
443 1679 673 1751 iufligas,
708 1695 814 1734 non
846 1679 972 1735 ferri
995 1688 1203 1744 natura,
1232 1678 1325 1733 sed
1358 1678 1607 1747 iniquitas
1630 1687 1716 1732 tua
1742 1678 1905 1733 caudis

313 1788 474 1828 causa
500 1782 605 1827 est.
629 1771 702 1827 lta
729 1781 784 1827 et
809 1771 875 1826 de
901 1771 1080 1842 lingua
1106 1770 1402 1840 cegitemus
1439 1786 1454 1824 :
1490 1769 1698 1839 gladius
1731 1777 1825 1824 est
1851 1770 1902 1823 iu

314 1864 495 1919 medio
517 1865 724 1934 iacens,
747 1878 880 1918 acue
910 1862 1053 1916 illam
1079 1861 1145 1916 ad
1177 1870 1229 1916 te
1249 1861 1317 1916 de
1344 1861 1579 1931 peccatis
1608 1860 1710 1914 tuis
1743 1874 1905 1914 accu-

314 1956 566 2021 saudum,
596 1971 665 2010 ne
686 1954 836 2009 fratri
862 1954 1055 2009 vulnus
1083 1952 1309 2024 infligas.
1354 1951 1479 2006 Ideo
1519 1950 1663 2005 illam
1702 1950 1904 2020 duplici

319 2062 477 2102 muro
506 2046 646 2101 Deus
669 2045 1129 2112 circumvallavit,
1158 2043 1397 2098 dentium
1442 2057 1635 2113 nempe
1678 2050 1829 2112 septo
1856 2052 1910 2097 et

321 2136 585 2192 labiorum
629 2136 829 2192 ambitu
850 2176 866 2203 ,
912 2151 981 2191 ne
1020 2135 1169 2190 facile
1196 2142 1251 2189 et
1279 2134 1574 2189 inconsulte
1610 2132 1771 2188 verba
1802 2149 1907 2188 non

320 2226 670 2296 congruentia
701 2225 951 2294 proferat.
984 2223 1217 2280 Refreua
1248 2223 1390 2278 illam
1418 2224 1577 2277 intus.
1602 2221 1798 2277 Verum
1823 2222 1908 2275 illa

322 2334 431 2373 non
461 2317 514 2372 id
544 2316 1044 2388 patiturideutibus
1080 2315 1225 2370 illam
1269 2317 1488 2386 castiga,
1537 2316 1772 2385 ipsorum
1813 2328 1910 2368 ceu

320 2409 637 2465 carnificum
672 2410 875 2464 morsui
902 2408 1045 2463 illam
1080 2407 1296 2462 tradens
1328 2423 1342 2461 :
1376 2406 1566 2460 melius
1606 2405 1802 2474 quippe
1831 2412 1915 2458 est

323 2500 470 2555 illam
499 2514 641 2555 nunc
676 2508 983 2570 peccantem
1012 2498 1262 2553 dentibus
1294 2497 1527 2552 morderi
1552 2538 1567 2563 ,
1599 2510 1758 2567 quant
1789 2505 1916 2552 tunc

323 2590 533 2646 aridam
560 2599 613 2644 et
641 2605 793 2660 aquae
817 2590 1014 2644 stillam
1054 2600 1383 2659 qumrentem
1431 2588 1517 2642 illa
1547 2587 1916 2643 consolatione

327 2680 550 2751 privari.
581 2680 637 2735 in
669 2679 849 2735 multis
876 2694 1006 2735 sane
1035 2678 1153 2735 aliis
1183 2693 1409 2749 peccare
1436 2678 1525 2732 illa
1546 2679 1915 2746 sulet,-convi-

324 2773 428 2829 ciis
452 2788 665 2842 nempe,
696 2771 1062 2843 blasphemiis,
1090 2771 1266 2826 verbis
1294 2771 1581 2837 obsccenis,
1612 2772 1915 2843 schphan-

329 2865 441 2928 tiis,
467 2865 807 2935 iuramentis,
838 2862 1104 2934 periuriis.

402 2957 458 3012 5.
502 2956 753 3010 Adversus
766 2954 985 3025 jurandi
1011 2955 1436 3010 consuetudinem.
1464 2984 1538 2996 -—
1560 2955 1663 3011 Sed
1693 2972 1761 3011 ne
1790 2971 1918 3011 con-

328 3046 511 3103 fertim
562 3048 739 3101 omnia
789 3046 1029 3102 dicentes
1089 3055 1323 3101 mentem
1384 3046 1772 3101 eonfnndamus
1823 3062 1918 3101 vc-

330 3145 520 3203 stram,
566 3152 723 3191 unam
752 3136 901 3191 vobis
928 3135 1096 3206 legem
1141 3136 1385 3205 ponimus
1410 3135 1478 3190 de
1523 3136 1750 3190 vitandis
1772 3135 1920 3206 jura-

336 3230 555 3293 mentis,
589 3229 693 3283 hoc
719 3228 871 3283 vobis
898 3228 1318 3298 praenuntiantes
1342 3237 1396 3282 et
1419 3229 1710 3288 edicentes,
1741 3230 1785 3282 si
1813 3244 1917 3283 non

335 3320 500 3376 modo
547 3319 799 3389 periuria,
829 3318 921 3373 sed
948 3319 1106 3374 etiam
1129 3318 1432 3388 iuramenta
1461 3318 1530 3372 ob
1568 3318 1763 3387 justam
1792 3334 1919 3373 cau-

333 3427 452 3467 sam
483 3411 708 3481 prolata,
741 3426 846 3465 non
877 3410 1107 3479 fugiatis,
1139 3425 1224 3464 me
1253 3425 1355 3463 non
1381 3408 1524 3463 aliud
1550 3420 1918 3479 argumentum

337 3512 709 3559 tractaturum.
738 3500 870 3557 Nam
900 3501 1186 3557 absurdum
1228 3509 1391 3566 esset,
1420 3501 1486 3565 si,
1517 3500 1645 3554 dum
1693 3500 1922 3554 ludima-

335 3595 489 3666 gistri
535 3609 642 3648 non
695 3594 825 3647 alias
879 3595 1057 3663 pueris
1112 3593 1328 3647 tradunt
1376 3591 1704 3661 disciplinas,
1752 3591 1925 3646 donec

335 3687 554 3742 videant
601 3687 830 3757 priorem
872 3686 926 3741 in
977 3686 1213 3755 ipsorum
1261 3684 1517 3741 memoria
1565 3683 1786 3755 pulchre
1814 3683 1921 3738 ha:-

339 3792 487 3844 rere,
515 3791 614 3832 nos
659 3793 778 3832 cum
810 3776 1014 3846 priores
1060 3775 1369 3845 disciplinas
1395 3775 1628 3831 nondum
1658 3776 1923 3831 inculcare

342 3867 691 3936 patuerimus,
723 3868 920 3937 alteras
957 3866 1131 3921 denuo
1162 3867 1462 3935 ingeramus
1494 3883 1508 3918 :
1541 3865 1591 3919 id
1621 3865 1762 3920 enim
1792 3865 1922 3919 nihil

339 3958 482 4013 aliud
510 3968 649 4013 esset
677 3973 833 4029 quam
866 3959 919 4013 in
963 3968 1177 4026 pertuso
1205 3956 1348 4012 dolio
1395 3957 1625 4012 haurire.
1654 3957 1730 4011 Ne
1769 3957 1927 4026 igitur

342 4065 404 4103 os
427 4049 580 4103 nobis
619 4048 897 4114 claudatis,
931 4063 1173 4118 magnam
1224 4047 1298 4102 rei
1328 4062 1511 4101 curam
1555 4047 1762 4100 habete.
1793 4046 1924 4100 Nam

342 4154 502 4209 grave
549 4149 821 4208 peccaturo
869 4145 988 4204 est,
1029 4137 1420 4208 admodumque
1467 4151 1670 4208 grave:
1703 4136 1927 4206 ideoque

343 4230 630 4287 admodum
658 4246 842 4301 grave,
873 4232 996 4301 quia
1024 4246 1128 4285 non
1174 4231 1382 4284 videtur
1404 4245 1564 4300 grave
1587 4243 1706 4285 esse
1738 4245 1753 4283 :
1781 4229 1926 4283 ideo-

348 4338 450 4393 que
478 4323 650 4391 ipsum
677 4321 925 4384 formido,
957 4321 1078 4390 quia
1108 4336 1266 4374 nemo
1304 4319 1553 4375 formidat
1584 4337 1598 4375 :
1628 4319 1747 4374 ideo
1774 4320 1924 4374 incu-

347 4415 527 4468 rabilis
574 4414 813 4480 morbus,
853 4416 974 4483 quia
1018 4414 1234 4469 morbus
1278 4429 1383 4468 non
1411 4427 1528 4469 esse
1556 4412 1800 4476 videtur;
1831 4411 1926 4467 sed

344 4505 790 4574 quemadmodum
819 4521 997 4560 sermo
1026 4504 1250 4573 simplex
1287 4505 1488 4559 crimen
1517 4518 1621 4558 non
1647 4512 1745 4567 est,
1780 4504 1845 4556 ita
1875 4511 1930 4557 et

348 4595 449 4652 hoc
495 4598 697 4651 crimen
741 4611 862 4652 esse
908 4610 1013 4650 non
1064 4594 1294 4659 videtur,
1322 4594 1416 4650 sed
1464 4594 1791 4649 confidenter
1830 4596 1929 4649 hoc

349 4685 552 4742 facinus
598 4687 938 4749 admittitur;
970 4687 1014 4741 si
1061 4686 1180 4757 quis
1226 4700 1356 4740 vero
1398 4685 1701 4755 redarguat,
1750 4686 1927 4739 statim

350 4780 488 4832 risus
514 4788 569 4833 et
596 4777 839 4833 cachinni
870 4777 1097 4848 profusi,
1142 4792 1245 4832 non
1287 4778 1542 4832 adversus
1583 4791 1696 4843 eos,
1727 4777 1816 4847 qui
1843 4776 1932 4846 iu-

355 4881 588 4925 ramenta
615 4871 958 4943 redarguunt,
989 4870 1081 4925 sed
1122 4870 1380 4925 adversus
1407 4886 1521 4937 eos,
1566 4871 1653 4941 qui
1686 4871 1928 4926 morbum

350 4977 542 5018 curare
583 4964 785 5018 volunt.
842 4960 966 5017 ldeo
1014 4962 1227 5032 longum
1271 4961 1369 5016 hac
1410 4961 1480 5017 de
1520 4976 1578 5016 re
1629 4976 1929 5017 sermonem

352 5054 526 5107 habeo
558 5072 574 5109 :
601 5053 760 5106 altam
787 5054 927 5107 enim
972 5051 1203 5106 radicum
1251 5051 1481 5107 evellere
1526 5052 1702 5121 cupio,
1732 5060 1786 5106 et
1812 5051 1933 5106 diu-

352 5154 565 5198 turnum
594 5143 776 5198 delere
822 5141 1052 5207 malum;
1082 5158 1185 5196 non
1217 5142 1445 5211 periuria
1475 5141 1644 5197 solum
1670 5141 1810 5205 dico,
1838 5141 1932 5197 scd

350 5243 405 5289 et
450 5234 751 5304 iuramenta
797 5232 942 5303 iuste
987 5233 1214 5303 prolata.
1268 5235 1355 5295 At,
1388 5230 1611 5300 inquies,
1663 5231 1747 5285 ille
1775 5230 1935 5284 homo

354 5326 648 5392 modestus,
694 5327 1045 5381 sacerdOtinm
1090 5340 1302 5396 gerens,
1351 5325 1435 5394 pie
1476 5333 1935 5394 temperauterque

355 5418 565 5482 vivens,
600 5418 750 5487 'iurat
790 5425 985 5473 tamen.
1029 5415 1108 5471 Ne
1133 5415 1261 5470 tuibi
1291 5414 1587 5470 modestum
1618 5415 1763 5470 illum
1807 5413 1938 5469 alle-

355 5524 469 5577 ges,
517 5517 925 5579 temperantem,
960 5509 1125 5579 pium,
1174 5509 1227 5564 in
1270 5508 1570 5563 sacerdotio
1615 5506 1933 5579 degentem:

354 5599 449 5656 sed
490 5598 538 5655 si
565 5599 644 5654 vis
688 5615 825 5670 pone
876 5600 1090 5656 Petrum
1116 5614 1235 5656 esse
1280 5599 1364 5654 vel
1392 5598 1634 5663 Paulum,
1667 5599 1749 5652 vel
1778 5613 1940 5665 ange-

358 5694 487 5758 lum,
515 5692 608 5764 qui
632 5691 700 5748 de
728 5693 862 5749 caelo
895 5689 1231 5750 descenderit
1259 5709 1273 5747 :
1307 5708 1373 5749 ne
1401 5692 1477 5748 sic
1505 5691 1716 5763 quidem
1743 5706 1929 5762 perso-

552 5874 565 5901 Ι

1328 294 1420 351 AD
1458 289 1965 353 ILLUMINANDOS
2003 285 2433 344 CATECHESIS
2470 286 2513 342 1.

3465 288 3573 344 9.39

1995 414 2182 453 uarum
2212 397 2517 469 dignitatem
2562 398 2862 469 reSpiciam.
2891 400 3023 455 Nam
3052 401 3222 472 legem
3249 418 3355 459 non
3402 407 3571 459 servi-

1994 489 2127 556 lem,
2159 489 2253 544 sed
2280 488 2600 544 dominicam
2631 490 2699 545 de
2728 489 3033 560 iuramento
3061 493 3178 563 lego
3208 512 3222 548 :
3249 510 3369 550 cum
3399 505 3573 550 autem

1996 579 2333 648 imperatoria
2353 580 2551 649 scripta
2573 580 2837 650 leguntur,
2860 583 3032 637 omnis
3053 599 3322 638 servorum
3349 585 3574 657 dignitas

1997 672 2258 741 quiescat.
2290 670 2422 726 Nam
2469 672 2512 725 si
2542 672 2722 727 dicere
2771 683 2924 742 potes
2972 662 3240 729 Clu-isium
3281 676 3580 745 iuramenta

1999 764 2335 833 prmccpisse,
2363 774 2453 818 aut
2475 763 2742 820 Christum
2792 766 2906 836 ipSa
2943 766 3176 821 admissa
3224 784 3329 823 non
3358 772 3571 837 ulcisci,

2000 853 2221 910 ostende
2268 854 2417 920 mihi,
2461 865 2513 910 et
2544 870 2747 911 morem
2790 871 2992 925 geram.
3025 856 3176 924 Quod
3203 857 3249 913 si
3278 867 3422 912 tanta
3450 875 3577 914 cura

2004 946 2174 1016 ipsum
2202 955 2362 1011 vetat,
2393 955 2448 1002 et
2477 957 2676 1002 tantam
2704 947 2859 1018 hujus
2887 947 2965 1003 rei
2995 948 3377 1018 providentiam
3420 951 3578 1019 gerit,

2005 1047 2064 1091 ut
2092 1053 2212 1091 cum
2243 1038 2471 1108 maligno
2493 1037 2761 1107 iurantem
2784 1040 3076 1094 constituat
3098 1040 3116 1109 (
3138 1040 3287 1107 Quod
3313 1049 3483 1093 autem
3509 1040 3589 1093 Itis

2004 1125 2341 1183 abundantius
2376 1137 2471 1194 est,
2498 1129 2591 1192 ait,
2619 1142 2829 1199 nempe,
2857 1138 2930 1183 est
2977 1136 3033 1184 et
3056 1146 3177 1197 non,
3204 1146 3237 1184 a
3262 1129 3464 1183 diabolo
3506 1139 3582 1182 est

2007 1214 2334 1293 [Matth.5]),
2359 1220 2483 1290 quid
2506 1220 2633 1274 mihi
2663 1220 2804 1276 hunc
2830 1231 2885 1276 et
2914 1221 3062 1276 illum
3092 1221 3144 1276 in
3194 1222 3427 1277 medium
3460 1236 3587 1291 pro-

2007 1311 2199 1365 ducis?
2219 1310 2335 1365 Non
2366 1311 2509 1365 enim
2534 1327 2600 1366 ex
2627 1326 3005 1367 conservorum
3029 1312 3368 1382 negligentia,
3399 1313 3492 1367 sed
3523 1327 3588 1367 cs

2008 1399 2180 1470 legunt
2208 1415 2426 1455 suarum
2471 1409 2759 1471 praecepto,
2805 1400 2946 1456 hunc
2977 1401 3117 1457 Deus
3144 1400 3279 1457 feret
3305 1401 3588 1456 calculum.

2007 1489 2172 1557 iussi,
2221 1490 2389 1561 inquit
2424 1509 2438 1543 :
2470 1490 2840 1561 obtemperare
2884 1491 3186 1561 oportebat,
3235 1506 3339 1546 non
3371 1491 3511 1546 hunc
3539 1498 3594 1546 et

2010 1584 2157 1657 illum
2186 1583 2536 1653 praetendere,
2566 1599 2739 1654 neque
2776 1585 2947 1638 aliena
2976 1584 3114 1638 mala
3159 1584 3420 1638 curiosius
3445 1584 3594 1639 inve-

2010 1674 2226 1744 stigare.
2259 1671 2694 1744 Quandoquidem
2741 1689 2965 1745 magnus
3012 1674 3099 1728 ille
3147 1673 3310 1728 David
3355 1675 3408 1728 in
3436 1688 3597 1744 grave

2014 1773 2287 1835 peccatum
2334 1764 2513 1833 lapsus
2559 1772 2683 1818 est:
2712 1762 2935 1830 ideone,
2968 1778 3171 1833 quaeso,
3217 1763 3333 1818 sine
3360 1764 3599 1833 periculo

2015 1870 2236 1925 peccare
2263 1854 2596 1925 poterimus?
2625 1854 2962 1925 Quapropter
2988 1853 3088 1909 hoc
3130 1868 3319 1909 cavere
3345 1862 3554 1924 Oportet
3580 1895 3597 1919 ,

2013 1956 2177 2017 atque
2208 1956 2350 2001 recta
2399 1956 2602 2001 tantum
2633 1954 2936 2001 sanctorum
2980 1957 3126 2017 gesta
3157 1946 3375 2002 imitari.
3420 1946 3601 2003 Sicubi

2019 2056 2147 2097 vero
2194 2040 2510 2111 negligentia
2556 2040 2638 2095 vel
2687 2040 3036 2111 transgressio
3081 2041 3212 2111 legis
3257 2048 3520 2107 occurrat,
3550 2040 3603 2095 id

2019 2146 2227 2186 summa
2280 2131 2633 2186 sollicitudine
2662 2129 2970 2201 fugiendum
3000 2138 3100 2186 est.
3149 2130 3264 2185 Non
3295 2132 3437 2186 enim
3481 2146 3601 2185 cum

2016 2224 2309 2288 conservis,
2332 2222 2424 2277 sed
2451 2238 2571 2278 cum
2601 2223 2826 2277 Domino
2849 2224 2985 2278 ratio
3012 2225 3163 2278 nobis
3191 2233 3293 2290 est,
3320 2240 3604 2295 rerumque

2019 2313 2069 2366 in
2096 2312 2199 2367 vita
2229 2323 2498 2383 gestarum
2524 2314 2758 2367 omnium
2789 2314 3047 2369 rationem
3069 2314 3167 2384 ipsi
3195 2314 3493 2370 reddemus.
3525 2315 3602 2370 Ad

2021 2404 2149 2459 illud
2177 2407 2352 2473 itaque
2383 2404 2613 2460 tribunal
2642 2418 2740 2459 nos
2768 2419 3126 2475 prmparemus
3150 2422 3163 2458 :
3189 2420 3309 2459 nam
3334 2415 3606 2476 quantum-

2021 2494 2103 2549 vis
2131 2493 2474 2549 admirandus
2501 2504 2554 2550 et
2582 2510 2805 2565 magnus
2833 2496 2902 2549 sit
2931 2495 2977 2550 is
3003 2495 3093 2566 qui
3127 2496 3263 2550 hanc
3288 2496 3458 2566 legem
3489 2497 3605 2548 vio-

2021 2586 2113 2652 lat,
2140 2587 2375 2656 reposito
2404 2587 2524 2641 huic
2551 2587 2972 2657 praevaricationi
2995 2588 3267 2657 supplicio‘
3280 2588 3416 2643 haud
3442 2588 3605 2645 duhie

2022 2678 2311 2746 plectctur:
2335 2693 2438 2732 non
2470 2678 2612 2732 enim
2641 2693 2896 2747 personas
2919 2678 3109 2747 accipit
3136 2678 3295 2732 Deus.
3327 2678 3608 2747 Quomodo

2022 2777 2199 2822 autem
2227 2783 2396 2837 quave
2423 2769 2627 2822 ratione
2652 2778 2827 2838 potest
2853 2769 2952 2824 hoc
2985 2778 3256 2839 peccatum
3279 2769 3431 2824 vitari
3452 2769 3477 2823 τ
3503 2786 3608 2824 non

2023 2862 2166 2914 enim
2217 2874 2312 2928 par
2359 2868 2441 2912 est
2487 2874 2645 2928 quam
2691 2874 2852 2929 grave
2907 2859 2977 2913 sit
3027 2866 3299 2928 peccatum
3342 2858 3613 2916 dumtaxat

2022 2949 2324 3012 ostendere,
2376 2949 2468 3004 sed
2516 2950 2815 3016 consilium,
2863 2965 2969 3020 quo
3010 2950 3078 3005 ab
3107 2966 3172 3005 eo
3203 2950 3412 3005 liberari
3442 2951 3614 3021 possi-

2024 3057 2144 3096 tuns
2162 3041 2389 3110 aperire.
2412 3041 2505 3096 Est
2525 3041 2614 3095 tibi
2652 3042 2866 3111 coniux,
2890 3051 3013 3096 sunt
3034 3042 3128 3097 tibi
3149 3042 3260 3107 filii,
3283 3052 3365 3098 est
3384 3044 3608 3111 amicus,

2024 3142 2300 3204 cognatus,
2324 3133 2528 3189 vicinus
2559 3150 2573 3184 :
2606 3133 2690 3188 his
2715 3134 2962 3188 omnibus
2984 3134 3120 3189 hanc
3143 3151 3307 3205 super
3331 3134 3413 3190 his
3433 3147 3615 3191 custo-

2024 3224 2165 3278 diam
2212 3226 2493 3279 dcmauda.
2525 3223 2710 3280 Gravis
2757 3240 2842 3280 res
2888 3233 2973 3279 est
3016 3225 3366 3292 consuetudo,
3395 3226 3612 3282 difficile

2025 3324 2109 3371 est
2137 3331 2253 3371 eam
2281 3315 2348 3371 dc
2374 3315 2551 3370 medio
2580 3316 2784 3377 tollere,
2815 3314 3036 3369 arduum
3064 3325 3148 3369 est
3173 3317 3240 3370 ab
3267 3317 3351 3370 illa
3381 3331 3571 3372 cavere
3591 3356 3613 3385 ,

2026 3408 2221 3463 invitos
2248 3424 2390 3480 smpe
2435 3418 2489 3462 et
2537 3408 2899 3477 imprudentes
2944 3407 3165 3462 invadit.
3213 3408 3373 3478 Igitur
3413 3418 3615 3479 quanto

2027 3502 2280 3569 majorem
2307 3501 2442 3553 nosti
2467 3503 2573 3552 vim
2595 3498 3012 3561 consuetudinis,
3038 3506 3184 3553 tanto
3205 3500 3372 3569 magis
3391 3514 3419 3552 a
3443 3515 3605 3569 prava

2026 3591 2411 3647 consuetudine
2461 3591 2669 3644 liberari
2699 3598 2878 3659 satage
2901 3598 2957 3644 et
3001 3590 3067 3643 ad
3096 3591 3251 3643 aliam
3282 3590 3613 3646 utilissimam

2030 3691 2080 3738 te
2108 3683 2352 3737 transfer.
2382 3680 2841 3748 Quemadmodum
2887 3680 3028 3733 enim
3062 3689 3113 3733 te
3156 3680 3299 3735 illam
3338 3691 3612 3736 curantem

2030 3790 2195 3844 saepe,
2227 3773 2294 3828 ab
2321 3773 2404 3827 illa
2432 3781 2711 3827 caventem
2750 3781 2906 3842 teque
2932 3771 3157 3826 sollicite
3182 3770 3567 3826 custodientem
3597 3814 3613 3836 ,

2031 3866 2200 3937 potuit
2244 3864 2604 3934 suppiantare,
2635 3864 2703 3917 ita
2743 3864 2785 3916 si
2832 3870 2884 3917 te
2936 3866 2987 3915 in
3031 3862 3222 3916 bonam
3254 3877 3362 3917 non
3404 3863 3616 3932 iurandi

2029 3956 2464 4012 consuetudinem
2515 3953 2822 4018 transferas,
2867 3968 2964 4008 nec
3011 3952 3205 4006 invitus
3234 3968 3478 4024 umquam
3521 3970 3619 4008 nec

2032 4061 2218 4102 socors
2273 4046 2471 4117 poteris
2512 4045 2562 4098 in
2588 4044 2876 4114 juramenti
2925 4043 3127 4111 lapsum
3177 4042 3392 4098 deferri.
3432 4042 3616 4113 Magna

2032 4140 2212 4209 utique
2250 4152 2337 4192 res
2372 4137 2719 4199 consuetudo,
2766 4151 2883 4205 qua:
2929 4145 3131 4189 natura:
3176 4133 3281 4188 vim
3332 4134 3509 4189 habet.
3539 4133 3617 4190 Nc

2035 4231 2193 4300 igitur
2219 4229 2270 4284 id
2313 4229 2615 4299 frequenter
2655 4242 2892 4295 agamus,
2926 4229 2976 4281 in
3020 4227 3176 4280 aliam
3207 4237 3614 4282 DOS'COIISUBIU-

2033 4321 2211 4375 dinem
2247 4320 2623 4374 transferamus
2655 4334 2722 4373 :a
2750 4319 2971 4388 singulis
3001 4327 3175 4372 tecum
3222 4319 3521 4375 viventibus
3564 4330 3622 4376 et

2033 4412 2365 4468 versantibus
2420 4413 2555 4465 hanc
2600 4411 2821 4481 gratiam
2871 4411 3097 4479 pustula,
3141 4418 3198 4464 ut
3241 4418 3292 4465 te
3341 4410 3620 4466 hortentur

2033 4514 2191 4573 atque
2222 4504 2471 4558 inducant
2498 4502 2565 4555 ad
2615 4501 2883 4555 vitandum
2906 4501 3285 4571 juramentum,
3315 4502 3620 4573 deprehen-

2036 4611 2150 4651 sum
2177 4605 2417 4665 arguant.
2458 4594 2588 4649 Nam
2615 4610 2798 4649 eorum
2845 4595 2985 4649 circa
3018 4603 3070 4648 te
3099 4595 3337 4649 custodia
3371 4596 3455 4650 vel
3488 4596 3615 4664 ipsis

2035 4686 2316 4740 consilium
2345 4696 2397 4739 et
2426 4684 2727 4739 adhortatio
2770 4695 2854 4740 est
2877 4686 2942 4740 ad
2987 4698 3130 4742 recte
3160 4687 3440 4757 agendum.
3484 4686 3616 4741 Nam

2035 4776 2122 4846 qui
2146 4776 2373 4831 alterum
2394 4775 2460 4830 de
2481 4774 2782 4844 iuramento
2819 4787 3052 4843 accusat,
3096 4791 3200 4831 non
3230 4776 3383 4830 facile
3425 4778 3537 4846 ipse
3568 4777 3620 4830 in

2036 4866 2138 4922 hoc
2159 4866 2465 4921 barathrum
2508 4866 2723 4922 incidet.
2756 4866 3071 4921 Batathrnm
3096 4868 3234 4920 enim
3264 4882 3368 4920 non
3400 4881 3619 4935 parvum

2038 4968 2121 5014 est
2163 4957 2374 5027 iurandi
2433 4956 2749 5027 frequentia,
2781 4972 2885 5012 non
2933 4957 3091 5011 modo
3120 4973 3239 5010 cum
3278 4954 3346 5011 de
3387 4958 3623 5012 minimis

2038 5050 2216 5116 rebus,
2237 5049 2331 5105 sed
2358 5065 2479 5105 cum
2499 5050 2566 5106 de
2586 5050 2831 5104 maximis
2845 5050 3034 5119 agitur.
3054 5047 3157 5102 Nos
3177 5057 3352 5102 autem
3371 5048 3451 5103 vel
3478 5049 3623 5104 olera

2038 5151 2297 5208 ementes,
2320 5141 2473 5196 valde
2492 5140 2559 5196 de
2573 5141 2778 5196 duobus
2799 5139 2966 5193 obuiis
2983 5139 3358 5207 disceptantes,
3378 5140 3430 5194 in
3456 5139 3623 5195 famu-

2040 5233 2120 5289 ius
2141 5234 2216 5289 ira
2240 5235 2490 5291 commoti
2515 5243 2569 5290 et
2591 5236 2996 5300 comminantes,
3027 5234 3190 5289 Deum
3218 5250 3431 5305 semper
3459 5235 3619 5290 advo-

2040 5339 2222 5380 camns
2253 5337 2461 5381 testem.
2491 5326 2768 5380 llontincm
2797 5324 3013 5395 quidem
3063 5326 3350 5396 ingenuum
3400 5330 3482 5384 vel
3521 5328 3622 5385 levi

2040 5414 2295 5486 dignitate
2334 5415 2632 5485 praeditum,
2659 5415 2726 5470 ad
2754 5415 3052 5485 huiusmodi
3096 5431 3183 5472 res
3213 5418 3262 5472 in
3293 5419 3409 5474 foro
3437 5429 3624 5475 testem

2042 5507 2301 5564 advocare
2322 5524 2425 5563 non
2447 5507 2632 5575 audes,
2664 5508 2745 5564 vel
2774 5509 2820 5563 si
2846 5509 3064 5575 audeas,
3085 5513 3421 5567 contumeliae
3445 5528 3625 5581 pomus

2043 5599 2231 5664 dabis;
2276 5599 2524 5655 cantorum
2570 5608 2749 5654 autem
2788 5599 2987 5671 Regem
3015 5611 3070 5657 et
3096 5604 3402 5673 angelorum
3451 5601 3626 5655 Domi-

2046 5710 2197 5762 num,
2242 5694 2354 5750 sive
2397 5692 2808 5763 devenalibus,
2856 5695 2968 5752 sive
3007 5695 3076 5751 de
3120 5695 3375 5767 pecuniis,
3405 5693 3517 5751 sive
3561 5692 3629 5744 de
