4020 6216
484 258 579 311 251

488 367 717 423 minimis
767 364 929 421 rebus
976 378 1278 420 sermonem
1328 362 1556 425 habeas,
1605 363 1657 417 in
1706 362 2068 419 testimonium

487 460 689 523 trahis;
722 456 957 512 haeccine
1004 455 1263 509 ferenda?
1292 453 1569 521 Quomodo
1623 455 1913 523 poterimus
1941 467 2070 523 ergo

482 551 551 603 ab
587 548 687 601 hac
714 549 848 603 mala
876 545 1262 603 consuetudine
1292 546 1543 599 liberari?
1567 545 1621 598 Si
1648 544 1915 608 custodes,
1939 560 2072 614 quos

481 640 613 704 dixi,
658 640 798 693 circa
844 653 939 693 nos
980 651 1261 708 ponamus,
1296 644 1610 705 tempusque
1655 636 1806 690 nobis
1852 636 1979 705 ipsis
2004 636 2069 691 ad

486 729 878 799 correptionem
909 727 1315 791 censtituamus,
1348 740 1663 795 pmnamqne
1691 726 1840 780 nobis
1868 725 2071 779 indica-

483 835 624 887 mus,
652 822 695 875 si
718 821 900 891 elapso
923 828 1159 886 tempore
1176 834 1282 873 non
1303 817 1567 872 emendati
1590 816 1865 872 fuerimus.
1889 818 2072 885 Quod-

484 928 605 965 nam
639 922 845 981 tempus
871 909 937 962 ad
988 908 1089 964 hoc
1132 910 1263 963 satis
1305 909 1449 962 erit?
1492 908 1605 961 Non
1646 917 1772 977 puto
1819 924 1932 974 eos,
1982 910 2070 978 qui

482 1003 768 1057 admodum
833 1003 1052 1071 vigilant
1105 1016 1320 1070 sumque
1371 1001 1619 1054 curanda.-
1671 1001 1825 1055 saluti
1883 1001 2071 1055 intenti

483 1106 628 1155 sunt,
665 1096 780 1163 plus
808 1094 990 1148 decem
1039 1092 1225 1146 diebus
1253 1108 1385 1160 opus
1419 1092 1635 1155 habere,
1665 1102 1721 1144 ut
1751 1107 1779 1143 a
1823 1091 1956 1145 mala
1982 1092 2069 1159 ju-

483 1195 844 1239 ratncututum
872 1184 1254 1237 consuetudine
1302 1198 1520 1251 prorsus
1566 1182 1870 1236 liberentur.
1918 1183 2070 1250 Quod

484 1278 527 1330 si
566 1287 679 1345 post
728 1276 846 1330 illos
895 1275 1080 1330 decem
1137 1275 1250 1329 dies
1290 1274 1532 1342 jurantes
1562 1272 2068 1343 deprehendamun,

484 1381 693 1434 poenam
739 1366 893 1419 nobis
922 1367 1331 1429 constituamus,
1365 1365 1756 1417 damnationem
1786 1373 1840 1418 et
1868 1365 2068 1434 suppli-

1191 254 1250 310 S.
1288 252 1568 309 JOANNIS
1601 250 2081 308 CHRYSOSTOMI
2121 249 2438 308 ARClllEP.
2466 252 2993 313 CONSTANTINOP.
3606 272 3689 328 ξδ’

2175 362 2315 417 cium
2364 378 2463 434 pro
2490 367 2927 435 prmvarieatione
2970 371 3275 428 maximum.
3304 377 3458 443 Quam
3480 397 3589 439 vero
3613 389 3685 440 .ta-

2180 455 2547 509 mnationcm?
2580 457 2631 510 Id
2662 474 2765 512 non
2802 474 2901 529 ego
2926 458 3191 531 definiam,
3240 466 3331 521 sed
3358 484 3444 523 ros
3467 480 3692 533 sententia:

2175 542 2421 600 dominos
2446 548 2736 602 constituo.
2764 548 2853 605 Sic
2880 565 2965 616 ea,
2990 568 3107 624 qum
3129 571 3225 610 nos
3250 569 3496 627 spectant,
3521 564 3693 635 dispen-

2176 649 2377 698 semus,
2426 653 2528 691 non
2581 639 2741 695 modo
2789 644 2926 698 circa
2972 644 3289 714 iuramenta,
3336 653 3423 707 sed
3459 655 3581 712 circa
3617 660 3695 715 alia

2175 727 2426 793 qumlibct
2471 727 2704 794 delicta;
2752 748 2817 788 ac
2878 743 3087 805 tempus
3132 739 3283 794 nobis
3334 746 3695 816 constituentes,

2175 821 2504 889 gravissimis
2533 824 2797 895 deputatis
2827 830 3021 896 pmnis,
3054 830 3097 885 si
3126 832 3404 902 aliquando
3429 838 3474 891 in
3512 855 3563 894 ea
3588 842 3695 896 inci-

2175 912 2382 976 damus,
2430 916 2545 982 puri
2573 916 2637 969 ad
2684 918 2967 973 Dominum
3015 934 3252 976 nostrum
3284 928 3699 995 acectlemus,eta

2174 1003 2416 1072 gehcnna
2445 1006 2579 1075 ignis
2605 1007 2965 1075 liberabimur,
3000 1013 3323 1085 iidenterque
3349 1020 3457 1074 stab
3479 1038 3580 1077 tuus
3606 1035 3701 1080 ante

2177 1095 2405 1149 tribunal
2451 1098 2644 1152 Christi
2680 1116 2693 1152 :
2726 1101 2865 1170 quod
2907 1119 3004 1157 nos
3034 1108 3247 1175 assequi
3278 1112 3546 1180 contingat,
3571 1117 3699 1182 gratia

2176 1197 2229 1240 et
2274 1186 2594 1256 benignitate
2639 1191 2849 1245 Domini
2904 1196 3068 1249 nostri
3119 1195 3244 1252 Jesu
3289 1199 3489 1267 Christi,
3531 1206 3700 1273 quicum

2179 1276 2318 1330 Patri
2348 1279 2517 1348 gloria
2548 1296 2652 1335 una
2682 1297 2802 1337 cum
2833 1284 3031 1353 Spiritu
3058 1298 3264 1353 sancto,
3297 1290 3346 1344 in
3371 1296 3545 1347 Sa-cula
3569 1310 3702 1350 saecu-

2177 1366 2370 1424 lorum.
2400 1373 2589 1426 Amen.

2271 1504 3696 1537 __________~___

1538 1571 2509 1687 CATECHESIS
2578 1584 2723 1691 ΙΙ

487 1794 565 1835 ΑΒ
610 1791 1099 1846 ιιιυιιιΝΑΝῡοε,
1147 1792 1225 1833 ΕΤ
1268 1793 1351 1834 DE
1393 1791 1778 1835 HUNERIBUS
1822 1792 1896 1835 SE
1937 1792 2081 1835 TOR'J

2204 1796 2494 1844 CRINIBUS
2537 1804 2619 1846 ΕΤ
2684 1808 2857 1852 Δυκο
2896 1810 3318 1872 ORNANTIBUS,
3364 1818 3439 1862 Εἰ·
3478 1821 3551 1864 ΒΕ
3584 1823 3706 1866 $36-

561 1892 868 1936 TANTIBUS
910 1891 1256 1946 VATICINIA,
1302 1891 1422 1933 νει.
1463 1891 1833 1947 ιιαΑΤυκΑε,
1880 1892 2003 1935 νει.
2052 1894 2081 1935 Ῑη

2187 1897 2550 1946 ικτΑτιοΜῑε

563 1995 721 2037 SUNT
764 1992 1016 2037 ALIENA.

2596 1906 2611 1946 2
2658 1906 2800 1958 ρυλε
2868 1911 3113 1957 CUNCTA
3166 1918 3208 1959 Δ
3279 1918 3706 1967 ειιιιιδτιικιδιιο

1903 2114 2345 2156 ππτπππδδ

558 2261 608 2313 1.
638 2259 815 2328 Nuper
838 2258 1099 2312 dictorum
1128 2255 1270 2325 apud
1313 2254 1586 2310 caritatem
1614 2264 1843 2309 vestram
1869 2254 2077 2312 fructus

484 2370 512 2407 a
544 2353 694 2407 vobis
725 2351 1047 2417 repetiturus
1091 2349 1278 2403 adveni
1315 2365 1329 2401 :
1364 2362 1470 2403 non
1501 2349 1643 2402 enim
1684 2358 1962 2418 propterea
1997 2348 2071 2402 lo-

484 2450 715 2517 quimur,
766 2456 815 2498 ut
855 2453 1056 2497 tantum
1101 2440 1350 2501 audiatis,
1383 2455 1567 2495 verum
1615 2448 1672 2493 ut
1712 2448 1768 2494 et
1813 2438 2076 2493 dictorum

490 2538 801 2593 memoriam
853 2533 1096 2591 servetis.
1142 2542 1196 2586 ct
1228 2547 1321 2600 per
1366 2545 1526 2598 opera
1572 2530 1724 2585 nobis
1768 2528 2078 2585 memoriam

485 2627 899 2690 demonstretis;
932 2625 1038 2679 imo
1083 2638 1211 2677 vero
1254 2638 1356 2677 non
1394 2620 1567 2684 nobis,
1598 2620 1690 2675 sed
1726 2621 1834 2676 Deo
1876 2621 2071 2675 mentis

488 2737 679 2777 arcana
717 2719 922 2773 scienti.
975 2718 1261 2789 Propterea
1306 2724 1359 2769 et
1387 2714 1702 2779 catechesis,
1736 2714 1785 2767 id
1815 2724 1894 2769 est
1928 2715 2082 2768 insti-

495 2816 647 2879 tutio,
696 2813 908 2874 dicitur,
942 2818 1001 2865 ut
1044 2819 1097 2864 ct
1137 2809 1445 2863 absentibus
1476 2808 1630 2861 nobis
1675 2821 1853 2860 sermo
1906 2818 2085 2861 noster

488 2916 694 2960 mentes
738 2915 943 2958 vestras
991 2904 1246 2957 instituat.
1279 2902 1343 2955 Et
1387 2917 1451 2955 ne
1482 2900 1770 2964 miremini,
1801 2900 1844 2953 si
1898 2902 2081 2954 decem

487 3000 680 3055 diebus
711 3008 918 3052 tantum
951 2996 1231 3050 transactis
1256 2994 1521 3048 seminum
1569 2993 1767 3047 fructus
1810 2991 2083 3062 repetituri

489 3091 733 3145 venimus
771 3106 783 3141 :
815 3089 1011 3144 etenim
1060 3088 1146 3142 die
1200 3102 1302 3140 una
1357 3086 1480 3140 licet
1532 3086 1730 3155 pariter
1776 3094 1831 3141 et
1879 3085 2083 3139 semina

488 3197 740 3253 spargere
769 3190 818 3235 et
852 3195 1081 3235 messem
1131 3181 1301 3231 lacere
1335 3195 1348 3230 :
1381 3193 1485 3231 non
1516 3177 1656 3231 enim
1703 3177 1915 3245 pr0pria
1962 3185 2081 3230 tan-

490 3286 602 3329 tum
632 3276 843 3333 virtute,
878 3288 1062 3325 verum
1093 3282 1147 3324 ct
1193 3270 1375 3322 divino
1401 3269 1598 3321 auxilio
1628 3268 1883 3333 roborati,
1913 3268 1991 3322 sic
2016 3269 2082 3323 ad

492 3367 787 3421 certamina
813 3378 1084 3417 vocamur.
1118 3361 1449 3430 Quicumque
1482 3360 1638 3429 igitur
1663 3359 1802 3414 dicta
1833 3375 2086 3428 suscepe-

492 3470 622 3515 rttnt
650 3468 702 3512 et
734 3474 827 3527 per
852 3470 1013 3524 Opera
1041 3454 1414 3524 impleverunt,
1444 3462 1694 3507 maneant
1721 3467 1780 3507 se
1799 3453 2085 3507 extenden-

493 3560 575 3604 tes
596 3551 647 3603 in
678 3548 967 3604 anteriora.
995 3546 1328 3616 Quicumque
1355 3560 1480 3599 vero
1509 3543 1700 3598 bonam
1726 3544 1860 3598 hanc
1890 3559 2083 3614 Opera-

495 3643 694 3696 tionetn
750 3640 983 3695 nondum
1037 3639 1357 3709 attigerunt,
1410 3636 1518 3705 jam
1571 3638 1859 3706 attingant,
1914 3646 1971 3690 ut
2018 3653 2085 3690 ex

496 3744 714 3801 torpore
744 3742 920 3786 natam
953 3732 1344 3784 damnationem
1380 3727 1554 3782 futuro
1578 3727 1754 3782 studio
1795 3728 2079 3797 repellant.

499 3824 648 3878 Licet
671 3825 836 3887 enim,
865 3824 1009 3885 licet,
1044 3823 1279 3891 inquam,
1313 3836 1433 3875 eum
1460 3822 1549 3890 qui
1594 3822 1814 3875 multum
1847 3821 2041 3889 torpuit
2066 3859 2082 3885 ,

502 3925 620 3983 post
648 3914 761 3966 bzrc
786 3912 1052 3981 diligentia
1078 3911 1294 3973 utendo,
1320 3910 1572 3978 praeteriti
1596 3912 1850 3980 temporis
1874 3926 2086 3963 omnem

500 4008 697 4063 sarcire
719 4005 999 4074 jacturam.
1033 4004 1233 4057 Idcirco
1261 4002 1454 4056 dicitur
1487 4020 1500 4056 :
1537 4001 1701 4056 Hodie
1720 4004 1764 4056 si
1792 4020 1956 4057 vacem
1979 4005 2087 4074 ejus

495 4102 774 4161 audieritis,
794 4100 947 4152 nolite
960 4098 1208 4151 obdurare
1228 4095 1383 4149 corda
1410 4106 1571 4149 vestra
1597 4096 1725 4148 sicut
1745 4096 1795 4148 iu
1825 4096 2090 4149 exacerba-

497 4198 630 4247 tione
674 4193 841 4264 (Paul.
897 4191 985 4245 94.
1019 4192 1097 4260 8).
1134 4191 1243 4244 llnc
1290 4201 1467 4245 autem
1518 4189 1666 4252 dicit,
1714 4188 2007 4243 admOucns
2034 4199 2089 4243 et

501 4286 789 4337 consult-ns
820 4300 1104 4352 numquam
1153 4283 1458 4351 desperaro,
1507 4281 1603 4335 sed
1649 4282 1821 4336 donec
1865 4282 1949 4336 hic
1996 4299 2087 4338 su-

504 4390 643 4440 mus,
668 4376 857 4428 bonam
884 4373 1080 4427 habere
1106 4389 1253 4441 spem
1278 4383 1333 4428 et
1359 4374 1625 4428 anteriora
1656 4372 2085 4442 apprehendendi

501 4479 556 4523 et
588 4467 823 4522 bravium
850 4482 1091 4533 superna:
1119 4466 1209 4519 Dei
1239 4466 1529 4519 vocationis
1560 4466 1908 4535 persequendi
1937 4466 2091 4532 (Plii-

502 4561 632 4629 lipp.
682 4558 735 4613 3.
774 4555 879 4627 14).
922 4555 1032 4609 Hoc
1078 4556 1233 4626 igitur
1273 4554 1548 4623 faciamus,
1599 4565 1653 4611 et
1684 4573 1886 4628 magum
1932 4557 2089 4626 hujus

503 4650 806 4705 donationis
833 4649 1045 4703 nomina
1067 4649 1424 4717 exquiramus.
1454 4649 1602 4704 Sicut
1625 4648 1766 4703 enim
1788 4649 1913 4704 dum
1944 4651 2091 4718 igno-

508 4753 654 4797 ratur
677 4740 948 4811 dignitatis
979 4740 1302 4809 magnitudo,
1344 4740 1618 4808 segniores
1643 4750 1765 4794 sunt
1793 4740 1827 4794 ii
1872 4742 1959 4811 qui
1990 4740 2088 4794 ho-

508 4832 905 4888 noranturzita
937 4831 981 4884 si
1038 4841 1307 4893 noscatur,
1359 4840 1540 4899 gratos
1592 4831 1767 4886 reddit
1818 4842 1873 4885 et
1923 4833 2089 4901 magis

505 4927 775 4980 studiosos
801 4922 986 4978 efﬁcit.
1018 4922 1266 4991 Alioquin
1304 4931 1357 4974 et
1387 4930 1537 4989 turpe
1566 4932 1704 4975 esset
1730 4930 1783 4975 et
1812 4922 2087 4976 ridiculunt

502 5028 653 5071 tanto
698 5018 960 5085 potientcs
998 5012 1136 5081 apud
1186 5014 1347 5066 Deum
1399 5012 1623 5076 honore,
1672 5028 1770 5066 nec
1799 5013 1936 5068 scire
1965 5013 2087 5082 quid

504 5109 670 5177 ipsius
698 5107 910 5162 tandem
943 5106 1156 5160 nomina
1199 5104 1498 5175 signiﬁcare
1527 5104 1710 5157 velint.
1761 5105 1825 5158 Et
1869 5105 1991 5174 quid
2023 5104 2090 5159 de

509 5197 613 5251 huc
640 5212 860 5252 munere
898 5197 1057 5251 dico?
1083 5196 1125 5251 si
1166 5197 1306 5251 enim
1353 5211 1636 5250 commune
1684 5196 1892 5263 generis
1925 5195 2088 5249 nostri

508 5301 702 5340 nomen
728 5288 1060 5357 cogitaveris,
1091 5288 1374 5343 maximam
1416 5287 1483 5341 ad
1512 5287 1755 5340 virtutem
1802 5287 1979 5355 capies
2007 5286 2092 5340 di«

506 5377 784 5446 sciplinam
816 5387 870 5431 et
893 5377 1335 5434 exhortationem.
1369 5377 1479 5432 lloc
1504 5377 1647 5432 enim
1673 5392 1887 5443 nomen,
1919 5378 2085 5441 homo,

508 5485 607 5525 nos
637 5485 741 5525 non
770 5471 1061 5525 secundum
1087 5483 1338 5527 externos
1361 5472 1667 5538 deﬁnimus,
1696 5472 1789 5526 sed
1830 5481 1885 5524 ut
1914 5471 2089 5526 divina

506 5562 668 5634 jussit
696 5563 990 5632 Scriptura.
1019 5561 1153 5619 Nam
1197 5563 1357 5619 homo
1382 5579 1487 5618 non
1515 5574 1596 5618 est
1620 5564 1937 5633 quicumque
1959 5563 2092 5616 sitn-

512 5656 720 5728 pliciter
748 5671 935 5711 mannis
963 5655 1123 5711 habet
1146 5664 1199 5709 et
1226 5654 1388 5726 pedes
1419 5654 1701 5722 humanos,
1731 5671 1828 5712 nec
1853 5655 2094 5727 quicum-

2185 2276 2289 2330 que
2318 2272 2520 2318 tantum
2550 2269 2819 2323 rationalis
2842 2282 2957 2336 est;
2985 2274 3077 2329 sed
3099 2277 3419 2350 quicumque
3444 2282 3651 2351 pietatem
3669 2293 3709 2337 et

2185 2354 2434 2409 virtutem
2464 2373 2587 2412 cum
2616 2360 2802 2416 iiducia
2852 2377 3091 2420 exercet.
3126 2369 3268 2423 Audi
3300 2386 3513 2441 namque
3534 2373 3635 2442 quid
3658 2373 3708 2426 de

2182 2443 2282 2499 Job
2307 2445 2453 2500 dicit.
2483 2449 2617 2503 Cum
2648 2453 2789 2505 enim
2820 2453 3048 2509 dixisset
3093 2459 3239 2527 quod
3283 2458 3347 2513 In
3377 2470 3500 2515 terra
3525 2462 3707 2514 Ausitide

2190 2537 2341 2589 hamo
2364 2548 2490 2606 emt,
2521 2555 2624 2594 non
2652 2558 2716 2596 ex
2747 2543 2812 2597 iis
2840 2560 2960 2599 eum
2989 2546 3251 2603 describit
3296 2552 3537 2616 terminis,
3562 2552 3711 2622 quibus

2188 2627 2408 2692 ethnici,
2460 2646 2559 2684 nec
2589 2631 2690 2687 boc
2734 2633 2884 2697 dicit,
2933 2637 3072 2704 quod
3120 2638 3264 2694 duos
3292 2642 3445 2710 pedes
3472 2642 3711 2696 haberetet

2190 2735 2391 2789 ungues
2420 2722 2556 2778 latos
2587 2742 2601 2790 ;
2630 2727 2722 2780 sed
2770 2727 2960 2782 indicia
3007 2732 3225 2801 pietatis
3257 2735 3395 2789 illius
3424 2735 3631 2804 prabens
3652 2733 3711 2786 di-

2188 2814 2360 2875 cebat,
2388 2813 2590 2881 Justus,
2623 2834 2790 2885 verax,
2818 2823 2984 2877 colens
3023 2823 3208 2890 Deum,
3260 2828 3497 2881 abstinens
3532 2828 3585 2879 ab
3608 2826 3711 2879 omni

2193 2904 2329 2957 mala
2366 2922 2421 2959 re
2451 2906 2570 2974 (Job
2603 2909 2652 2962 1.
2684 2911 2760 2981 1),
2788 2911 3160 2970 demonstrans
3185 2918 3331 2985 quod
3367 2918 3460 2973 hoc
3480 2928 3549 2972 est
3572 2916 3710 2979 homo,

2189 2998 2329 3052 sicut
2381 3000 2582 3055 scilicet
2613 3014 2666 3055 et
2719 3004 2855 3058 alius
2895 3007 3084 3072 inquit,
3134 3007 3304 3062 Deum
3346 3011 3484 3075 time,
3522 3019 3565 3061 et
3595 3008 3712 3075 ipsius

2188 3090 2425 3144 "tandem
2455 3094 2669 3155 custodi,
2714 3097 2948 3163 quoniam
2978 3098 3071 3151 Itoc
3097 3108 3168 3152 est
3214 3101 3379 3153 omnis
3405 3100 3537 3153 homo
3563 3097 3710 3167 (Ecde.

2190 3181 2277 3234 12.
2311 3180 2420 3255 15).
2453 3182 2509 3237 Si
2534 3195 2710 3239 autem
2742 3188 2841 3240 hoc
2870 3203 3061 3242 nomen
3092 3190 3260 3245 homo
3286 3201 3475 3246 tantam
3500 3191 3556 3245 ad
3582 3190 3712 3242 virtu-

2190 3283 2296 3328 tem
2330 3275 2529 3343 przcbet
2557 3277 3004 3347 exhortationem,
3036 3283 3200 3336 multo
3236 3284 3401 3353 magis
3420 3282 3552 3346 illud,
3571 3280 3713 3347 ﬁdelis.

2187 3364 2384 3419 Fidelis
2409 3366 2548 3419 enim
2583 3366 2703 3421 ideo
2732 3371 2938 3424 vocaris
2959 3414 2972 3436 ,
3006 3372 3261 3441 quoniam
3293 3384 3345 3430 et
3372 3374 3532 3429 credis
3557 3373 3716 3435 Deo,ct

2188 3456 2255 3511 ab
2301 3471 2367 3511 eo
2416 3458 2671 3513 creditam
2718 3460 2830 3530 ipse
2871 3464 3129 3530 justitiam
3171 3464 3363 3531 habes,
3406 3466 3714 3523 sanctitatem.

2190 3547 2501 3601 munditiam
2551 3551 2761 3616 animae,
2817 3553 2868 3605 in
2916 3552 3081 3608 ﬁlium
3134 3556 3493 3626 adoptionem,
3540 3568 3711 3627 regnum

2187 3637 2462 3704 eat-lorum,
2492 3650 2543 3694 et
2570 3639 2685 3696 iure
2712 3642 2805 3696 tibi
2853 3645 3273 3702 commendavit.
3303 3648 3378 3702 Tu
3404 3648 3608 3701 vicissim
3644 3643 3717 3711 ipsi

2188 3727 2287 3781 alia
2314 3729 2586 3785 credidisti
2606 3741 2660 3785 et
2679 3734 3087 3801 commendasti,
3117 3737 3528 3810 elcemosynam,
3554 3748 3713 3805 preces.

2196 3818 2508 3874 modestiam
2556 3830 2612 3877 et
2637 3838 2849 3879 omnem
2895 3826 3052 3880 aliam
3080 3828 3353 3886 virtutem.
3398 3830 3461 3883 Et
3500 3827 3605 3898 quid
3628 3825 3719 3877 (“90

2190 3909 2626 3982 eleemosynam‘!
2654 3914 2698 3968 si
2730 3915 2811 3969 vel
2861 3916 3104 3987 frigidum
3133 3919 3229 3985 ipsi
3274 3920 3476 3975 dederis
3500 3917 3717 3989 poculum»

2194 4017 2293 4056 nec
2322 4001 2422 4057 hoc
2453 4006 2664 4059 amittes
2713 4005 2922 4076 (Matth.
2973 4008 3059 4063 10.
3092 4012 3203 4081 42),
3256 4027 3435 4066 verum
3480 4019 3531 4063 et
3571 4007 3653 4060 hoc
3680 4004 3717 4055 in

2195 4092 2340 4146 illum
2387 4106 2625 4150 reservat
2673 4098 2857 4151 sedqu
2906 4100 3066 4165 diem,
3110 4112 3163 4156 et
3209 4118 3334 4157 cum
3380 4102 3529 4157 multa
3576 4096 3719 4153 reddet

2196 4185 2683 4251 superabundantia
2715 4208 2728 4239 :
2770 4190 2870 4244 hoc
2913 4192 3108 4261 quippe
3149 4193 3459 4249 admirabile
3498 4201 3587 4253 εει,
3614 4183 3719 4254 (ιιιοά

2196 4296 2300 4334 ιιοη
2356 4288 2557 4333 tantum
2608 4280 2850 4350 deposita
2902 4294 3098 4347 servet,
3152 4300 3337 4339 verum
3366 4294 3419 4341 et
3464 4279 3720 4349 multiplicct

2196 4369 2651 4423 rctributionibus.

2264 4461 2568 4528 llluminati,
2597 4480 2683 4514 seu
2711 4462 2953 4533 baptizati
2979 4464 3213 4534 ofﬁcium.
3246 4495 3320 4506 —
3348 4463 3456 4520 Hoc
3490 4472 3538 4517 et
3576 4469 3619 4513 te
3652 4469 3718 4508 εο-

2191 4554 2421 4608 cundum
2455 4554 2743 4622 potentiam
2773 4563 2913 4608 tuam
2942 4556 3116 4608 laecre
3136 4555 3296 4623 jussit
3332 4557 3380 4609 in
3411 4555 3490 4616 iis,
3514 4565 3614 4622 qua:
3650 4543 3719 4598 libi

2192 4644 2393 4698 credita
2443 4652 2563 4697 sunt
2597 4661 2610 4697 :
2646 4660 2836 4714 nempe
2885 4646 3240 4708 sanctitatem,
3273 4663 3428 4714 quam
3480 4635 3716 4709 acccpislio

2195 4736 2489 4801 intendere,
2516 4745 2570 4790 et
2592 4751 2657 4790 ex
2688 4737 2897 4792 lavacro
2919 4737 3175 4806 justitiam
3204 4737 3426 4792 reddere
3467 4734 3715 4790 clariorem.

2194 4837 2247 4881 et
2267 4826 2487 4898 gratiam
2514 4826 2859 4881 illustriorem
2892 4826 3067 4883 facere
3097 4847 3111 4883 :
3137 4829 3273 4883 sicut
3302 4830 3476 4897 utique
3502 4834 3548 4879 et
3568 4819 3716 4876 Paulus

2195 4918 2338 4983 fecit,
2370 4919 2716 4986 sequentibus
2770 4918 3039 4973 laboribus
3085 4930 3141 4975 et
3185 4921 3361 4974 studio
3398 4914 3717 4986 diligentiatjtle

2192 5026 2392 5080 augens
2435 5012 2611 5065 omnia
2640 5027 2758 5081 qum
2802 5012 3008 5080 accepit
3053 5012 3212 5067 bona.
3238 5012 3305 5067 Et
3352 5022 3470 5064 nota
3509 5007 3586 5062 Dei
3625 5016 3716 5073 pro-

2196 5100 2483 5155 videntiam
2518 5120 2530 5155 :
2564 5117 2664 5156 nec
2718 5101 2809 5156 tibi
2846 5111 3013 5156 totum
3063 5101 3165 5157 hoc
3211 5102 3397 5166 dedit,
3448 5112 3598 5168 neque
3634 5100 3715 5145 ιοίο

2195 5195 2451 5262 privavit;
2493 5194 2585 5248 sed
2630 5195 2743 5248 huic
2787 5193 2975 5260 dedit,
3031 5195 3115 5249 illa
3172 5196 3426 5263 promisit.
3482 5192 3541 5245 Et
3589 5194 3715 5254 quare

2197 5301 2302 5338 non
2335 5284 2418 5337 hic
2442 5293 2607 5337 totum
2640 5284 2820 5339 dedit?
2848 5284 2915 5340 Ut
2953 5294 3008 5339 tu
3050 5284 3207 5340 {idem
3251 5286 3301 5339 in
3340 5286 3499 5353 ipsum
3536 5280 3713 5333 demon-

2195 5388 2353 5442 strcs,
2378 5376 2612 5431 nondum
2643 5377 2782 5431 datis
2820 5392 2887 5432 ex
2927 5377 3091 5447 ipsius
3144 5377 3483 5447 promissione
3509 5373 3603 5427 sola
3627 5380 3713 5420 cro-

2194 5470 2348 5525 dens.
2381 5470 2556 5536 Quare
2586 5486 2712 5523 vero
2756 5487 2963 5525 rursum
3008 5486 3112 5525 non
3154 5470 3329 5526 omnia
3373 5470 3471 5524 illic
3497 5459 3711 5519 servavit.

2196 5564 2289 5619 sed
2316 5563 2460 5618 dedit
2482 5573 2535 5618 et
2556 5563 2787 5634 Spiritus
2820 5565 3042 5635 gratiam
3063 5574 3117 5620 et
3148 5564 3402 5634 justitiam
3439 5572 3489 5615 et
3521 5550 3715 5612 sanctiﬁ-

2198 5658 2461 5712 cationem
2483 5656 2590 5713 ‘lUt
2618 5656 2709 5711 tibi
2733 5656 2941 5713 labores
2970 5658 3114 5714 leves
3136 5656 3308 5723 faciat,
3334 5664 3384 5710 ct
3411 5668 3467 5709 ex
3487 5651 3583 5721 jam
3608 5640 3714 5699 datis
