4020 6216
199 382 297 441 255

203 496 354 551 etiam
391 488 459 546 de
487 484 680 542 futuris
709 491 760 538 te
785 481 938 536 bona:
971 477 1082 548 spei
1121 473 1776 544 constituat.'Pr0pterea-

197 604 298 659 que
323 589 570 640 recenter
591 577 916 633 illuminatus
938 571 1119 626 vocari
1144 569 1306 625 debes
1329 586 1344 623 :
1371 567 1621 638 quoniam
1644 579 1780 620 nova

200 657 285 731 lux
325 687 537 744 semper
583 669 699 735 tibi,
728 667 774 722 si
815 665 973 730 velis,
1003 671 1056 718 et
1086 675 1375 730 numquam
1405 657 1778 728 exstinguitur.

199 766 342 822 llanc
369 777 562 834 nempe
586 760 762 816 lucem
791 766 846 811 et
870 752 1176 810 volentibus
1199 751 1354 807 nobis
1381 759 1436 805 et
1471 747 1781 804 nolentibus

195 875 296 916 nos
329 854 706 926 subsequitur;
731 850 880 904 illum
913 861 1042 902 vero
1064 844 1270 900 radium
1298 842 1533 899 tenebrae
1559 855 1664 896 non
1685 855 1783 895 no-

195 959 320 1006 ruut
354 967 367 1002 :
403 947 520 1002 Lua:
545 944 691 1000 enim
719 942 772 996 in
805 939 1016 994 tenebris
1044 945 1173 992 lucet
1195 978 1208 1002 ,
1238 945 1282 992 et
1307 935 1521 989 tenebrae
1545 949 1655 987 eam
1679 948 1780 986 non

192 1038 671 1112 comprehenderunt
705 1031 880 1106 (Joan.
913 1033 965 1086 1.
993 1031 1067 1100 5).
1100 1029 1216 1084 Νοη
1247 1030 1325 1084 sic
1361 1027 1504 1083 enim
1553 1025 1781 1081 mundus

194 1143 274 1189 est
302 1133 476 1187 clarus
501 1128 708 1184 oriente
739 1124 908 1188 radio,
927 1133 988 1178 ut
1007 1123 1182 1177 anima
1206 1121 1500 1176 illustratur
1525 1126 1582 1174 et
1603 1118 1781 1188 splen-

189 1223 371 1279 didior
398 1222 455 1274 ﬁt
481 1235 512 1274 a
541 1217 744 1287 Spiritu
783 1213 1007 1285 gratiam
1053 1212 1369 1282 suscipiens.
1401 1209 1470 1264 Et
1503 1207 1781 1264 considera

189 1312 501 1385 diligentius
527 1322 706 1363 rerum
735 1315 998 1360 naturam.
1020 1302 1187 1358 Nocte
1213 1302 1355 1358 enim
1378 1309 1546 1356 terras
1567 1307 1780 1354 tenente

186 1415 242 1461 et
269 1403 502 1460 tenebris
518 1397 887 1470 caligantibus,
903 1409 1044 1465 saepe
1065 1393 1360 1449 funiculum
1385 1392 1503 1462 quis
1525 1405 1775 1456 cernens,

188 1505 496 1568 serpentem
527 1508 646 1548 esse
674 1491 896 1562 putavit,
928 1498 982 1544 et
1006 1487 1235 1542 amicum
1261 1485 1606 1541 accedentem
1638 1491 1779 1538 tam-

187 1608 354 1664 quam
383 1589 652 1645 inimicum
678 1584 828 1656 fugit,
844 1592 897 1639 et
925 1581 1203 1652 strepitum
1225 1578 1528 1650 quempiam
1545 1577 1779 1632 sentiens

189 1681 433 1753 trepidus
457 1680 625 1733 factus
649 1685 764 1740 est;
796 1675 1008 1730 lucente
1031 1686 1161 1727 vero
1197 1671 1284 1726 die
1328 1669 1461 1724 nihil
1499 1668 1602 1723 tale
1641 1666 1782 1722 acci-

188 1775 358 1840 derit,
387 1770 481 1828 sed
530 1769 708 1826 omnia
745 1767 919 1839 qualia
953 1771 1078 1819 sunt
1104 1770 1364 1834 apparent
1395 1779 1410 1816 :
1450 1760 1590 1832 quod
1633 1767 1687 1814 et
1725 1758 1780 1814 in

186 1865 370 1919 anima
386 1872 569 1918 nostra
598 1857 876 1928 contingit.
896 1856 1184 1925 Postquam
1207 1853 1349 1908 enim
1365 1853 1532 1922 gratia
1561 1850 1782 1906 veniens

186 1965 374 2011 mente
399 1951 646 2008 tenebras
686 1945 972 2017 expulerit,
991 1959 1170 2000 rerum
1191 1941 1474 1998 veritatem
1501 1939 1777 2005 discimus,

187 2057 246 2102 et
273 2046 426 2101 nobis
453 2044 584 2098 ﬁunt
610 2039 964 2111 despicabiles
1004 2051 1091 2092 res
1129 2036 1276 2106 prius
1319 2033 1612 2089 tremendze
1641 2049 1654 2087 :
1683 2048 1782 2088 nec

186 2139 336 2194 enim
371 2137 598 2207 amplius
650 2142 878 2188 mortem
933 2131 1202 2196 timemus,
1249 2126 1534 2198 diligenter
1574 2141 1638 2180 ex
1682 2124 1782 2180 bac

186 2245 346 2286 sacra
396 2227 698 2283 initiatione
744 2225 1038 2290 discentes,
1068 2229 1295 2276 mortem
1344 2235 1450 2275 non
1483 2234 1604 2276 esse
1640 2233 1784 2273 mor-

188 2334 325 2388 tem,
371 2319 463 2376 sed
512 2333 760 2373 somnum
811 2325 866 2371 et
918 2313 1296 2370 dormitionem
1360 2311 1780 2380 temporariam:

188 2431 304 2469 non
335 2411 664 2483 pauperiem,
695 2426 800 2464 non
832 2407 1101 2473 morbum,
1135 2419 1241 2459 non
1273 2403 1417 2458 aliud
1447 2403 1572 2474 quid
1602 2402 1784 2472 hujus-

188 2505 342 2560 modi
373 2502 784 2558 relormidamus
804 2542 819 2567 ,
849 2500 1081 2555 scientes
1109 2513 1209 2552 nos
1238 2497 1304 2550 ad
1348 2496 1623 2552 meliorem
1665 2505 1782 2550 ten-

187 2598 326 2653 dere
350 2599 511 2650 vitam
535 2637 550 2662 ,
576 2593 930 2649 immortalem
957 2601 1010 2647 et
1039 2592 1401 2662 incorruptam
1427 2631 1441 2656 ,
1471 2598 1525 2645 et
1547 2589 1614 2645 ab
1639 2589 1783 2645 omni

192 2690 292 2743 tali
322 2688 540 2742 liberam
572 2684 952 2754 inmqualitate.
1703 2742 1708 2747 0

263 2780 323 2833 2.
363 2779 441 2834 Ne
471 2779 631 2849 igitur
664 2776 892 2846 amplius
920 2773 984 2829 ad
1027 2772 1269 2829 mortalia
1290 2785 1604 2828 maneamus
1628 2769 1784 2825 hian-

188 2882 303 2938 tes,
334 2885 436 2926 nec
466 2869 609 2924 circa
648 2882 852 2923 mensre
890 2865 1129 2932 delicias,
1162 2880 1262 2920 nec
1309 2865 1454 2921 circa
1497 2864 1789 2920 vestimen-

189 2974 377 3018 torum
408 2969 656 3015 ornatum
685 2975 699 3011 :
726 2957 891 3013 habes
913 2957 1054 3012 enim
1078 2957 1366 3010 maximum
1391 2955 1783 3022 indumentum,

188 3054 368 3109 babes
397 3053 636 3108 mensam
667 3049 995 3121 spiritualem
1021 3090 1036 3114 ,
1069 3047 1233 3103 habes
1261 3049 1489 3120 gloriam
1528 3063 1783 3118 superne,

192 3154 251 3200 et
281 3143 465 3198 omnia
498 3142 593 3196 tibi
621 3140 868 3196 Christus
888 3138 1056 3194 factus
1081 3145 1185 3204 est,
1220 3147 1272 3193 et
1300 3153 1484 3194 mensa
1504 3180 1520 3206 ,
1546 3148 1600 3194 et
1627 3139 1791 3194 vesti-

189 3244 464 3297 mentum,
489 3241 544 3288 et
588 3231 800 3298 domus,
838 3239 893 3285 et
941 3238 1117 3301 caput,
1145 3238 1198 3284 ct
1239 3229 1411 3284 radix.
1443 3228 1698 3300 Quotquot
1738 3229 1790 3282 in

186 3324 403 3382 Christo
423 3324 563 3379 enim
593 3322 835 3392 baptizati
863 3321 979 3376 estis
998 3361 1014 3386 ,
1048 3318 1304 3374 Christum
1331 3319 1566 3389 induistis
1588 3318 1786 3392 (Galat.

189 3421 254 3476 5.
290 3418 406 3483 27).
465 3417 602 3471 Ecce
653 3413 926 3486 quomodo
979 3412 1358 3468 veStimentum
1410 3411 1504 3468 tibi
1547 3420 1651 3468 est.
1699 3412 1792 3468 Vis

189 3513 415 3566 discere
436 3508 706 3580 quomodo
733 3515 787 3562 et
815 3520 1000 3562 mensa
1029 3505 1124 3560 tibi
1153 3505 1265 3560 sit?
1298 3504 1398 3571 Qui
1437 3520 1513 3558 me
1537 3505 1788 3571 comedit,

190 3601 418 3672 inquit,
449 3599 577 3653 sicut
627 3613 718 3669 ego
759 3597 868 3651 vivo
917 3605 1123 3666 prapler
1174 3592 1383 3648 Patrem
1406 3635 1422 3662 ,
1453 3594 1579 3648 vivet
1625 3602 1670 3647 et
1708 3593 1794 3648 ille

187 3702 411 3762 propter
430 3687 696 3760 me(Joan.
726 3686 779 3742 6.
811 3685 925 3758 58).
956 3685 1109 3752 Quod
1135 3693 1314 3740 autem
1344 3683 1536 3740 domus
1560 3683 1630 3739 sit
1658 3682 1789 3738 tibi:

187 3785 308 3850 Qui
334 3782 549 3838 comedit
588 3797 792 3835 carnem
843 3795 1006 3834 meam
1026 3819 1042 3846 ,
1075 3779 1127 3833 in
1165 3794 1246 3833 me
1279 3787 1446 3832 manet
1469 3785 1516 3832 et
1539 3794 1629 3850 ego
1656 3777 1710 3832 in
1735 3794 1794 3833 eo

184 3876 314 3946 (Ib.
345 3891 395 3928 υ.
423 3875 538 3944 57).
570 3873 638 3928 Ει
658 3871 806 3943 quod
835 3871 1007 3938 radix,
1030 3886 1244 3926 rursum
1272 3870 1445 3941 inquit
1473 3887 1487 3924 :
1521 3869 1632 3942 Ego
1658 3871 1791 3936 uitis,

179 3987 288 4024 too
336 3967 588 4039 palmites.
645 3967 712 4021 Et
739 3963 882 4036 quod
932 3962 1119 4025 frater,
1153 3971 1209 4018 et
1243 3963 1447 4018 amicus
1470 4003 1485 4029 ,
1517 3977 1745 4032 sponsus
1775 3979 1789 4014 :

182 4061 329 4114 Non
350 4059 570 4128 amplius
594 4073 680 4112 vos
711 4057 877 4110 dicam
896 4072 1080 4110 servos.
1113 4053 1211 4110 Vos
1238 4056 1369 4110 enim
1393 4055 1540 4109 amici
1555 4053 1650 4110 mei
1680 4055 1795 4109 estis

178 4153 385 4222 (Joan.
413 4149 501 4206 15.
526 4150 580 4206 5.
610 4158 655 4204 et
689 4149 778 4219 15)
808 4167 822 4202 :
852 4157 907 4204 et
935 4147 1159 4202 Paulus:
1187 4146 1442 4218 Despondi
1464 4163 1548 4201 vos
1577 4147 1666 4200 uni
1691 4148 1794 4201 viro

176 4245 449 4316 virginem
477 4252 667 4296 castam
683 4240 913 4296 exhibere
930 4239 1128 4295 Christo
1144 4238 1224 4310 (2.
1240 4239 1359 4294 Cor.
1378 4240 1465 4307 11,
1479 4239 1537 4306 2)
1563 4256 1578 4306 ;
1604 4247 1658 4294 et
1674 4255 1794 4295 rur-

171 4352 356 4392 sum:
385 4334 453 4390 Ut
479 4335 543 4390 sit
570 4334 678 4406 ipse
699 4334 1056 4404 primogenitus
1079 4333 1130 4385 in
1163 4331 1332 4385 multis
1360 4330 1792 4404 fratribusmom.

171 4435 239 4486 8.
270 4429 398 4494 29).
429 4427 542 4483 Nec
587 4427 777 4482 fratres
806 4435 1010 4480 tantum
1052 4425 1236 4494 ipsius,
1273 4439 1457 4479 verum
1492 4433 1546 4479 et
1591 4423 1795 4493 pueruli

162 4534 424 4578 sumus:
451 4518 581 4572 Ecce
600 4518 754 4584 enim,
786 4516 975 4586 inquit,
1005 4531 1095 4587 ego
1115 4524 1160 4570 et
1189 4515 1404 4586 pueruli,
1432 4530 1556 4584 quos
1580 4512 1792 4567 tradidit

163 4614 330 4670 mihi
359 4611 495 4666 Deus
523 4609 675 4681 (Isai.
703 4611 760 4668 8.
794 4608 904 4683 18).
931 4608 1048 4664 Νοη
1103 4609 1207 4663 hoc
1259 4616 1436 4662 autem
1482 4605 1678 4680 solum,
1705 4619 1796 4660 ve-

157 4723 322 4764 rum
354 4714 409 4761 et
431 4705 670 4761 membra
691 4704 856 4776 ipsius
882 4713 934 4758 et
958 4715 1150 4772 corpus
1176 4701 1290 4771 ejus
1315 4701 1403 4771 (1.
1427 4699 1543 4754 Cor.
1573 4697 1658 4752 l2.
1680 4697 1792 4768 27).

155 4803 505 4868 Tamquam
537 4798 681 4852 enim
713 4811 818 4851 non
858 4795 1169 4850 sufﬁcerent
1193 4807 1277 4859 ea,
1305 4806 1425 4861 quae
1455 4790 1704 4856 dixerat,
1729 4788 1797 4842 ad

146 4888 680 4952 demonstrandam
734 4887 1178 4952 benevolentiam,
1219 4892 1273 4939 et
1313 4883 1590 4939 caritatem
1636 4897 1794 4952 quam

143 4999 324 5056 erga
367 4997 468 5037 nos
493 4980 734 5045 exhibet,
763 4987 816 5035 et
839 4977 981 5034 aliud
1004 4977 1086 5032 his
1127 4975 1298 5046 majus
1341 4983 1397 5030 et
1443 4973 1659 5044 propius
1693 4987 1792 5042 po-

136 5082 342 5144 suit,
404 5089 463 5130 se
510 5081 671 5144 caput
716 5083 959 5128 nostrum
999 5069 1274 5140 appellans
1321 5065 1546 5141 (Ephes.
1594 5065 1646 5120 1.
1678 5065 1792 5138 22).

140 5173 320 5227 Haec
361 5166 543 5222 omnia
573 5172 722 5220 certo
751 5164 944 5224 sciens,
965 5162 1189 5224 dilecte,
1221 5160 1296 5214 sis
1327 5166 1507 5230 gratus
1532 5171 1660 5226 erga
1703 5158 1796 5213 be-

134 5259 539 5318 nefactorem
567 5265 716 5310 tuum
740 5255 939 5324 Optima
983 5251 1416 5313 conversatione,
1449 5257 1504 5304 et
1550 5247 1796 5304 sacriﬁcii

132 5347 628 5422 magnitudinem
664 5344 926 5415 cogitans,
957 5358 1086 5398 orna
1131 5342 1371 5411 corporis
1405 5341 1481 5393 tui
1519 5338 1794 5395 membra:

129 5443 385 5514 rogita
410 5436 538 5508 quid
568 5451 728 5490 manu
758 5435 956 5505 capias,
984 5447 1082 5488 nec
1111 5446 1358 5502 umquam
1398 5430 1566 5485 ullum
1605 5428 1798 5484 verbe-

128 5547 306 5589 rare
383 5527 620 5593 audeas,
667 5541 765 5582 nec
814 5533 960 5579 tanto
1000 5523 1304 5578 decoratam
1349 5535 1601 5585 munere,
1631 5520 1800 5589 plaga:

127 5619 442 5678 crimine
490 5618 833 5674 dedecores:
879 5615 1052 5686 cogita
1094 5614 1220 5684 quid
1264 5627 1426 5669 manu
1475 5611 1695 5682 capias,
1747 5619 1800 5666 ct

123 5723 386 5789 ipsam
420 5709 487 5764 ab
514 5711 664 5764 omni
705 5708 924 5763 avaritia
951 5718 1005 5762 et
1033 5709 1216 5777 rapina
1256 5707 1478 5764 liberam
1517 5719 1795 5762 conserva.

125 5810 429 5875 Repulsi
459 5799 600 5872 quod
627 5815 732 5853 non
761 5807 962 5852 tantum
995 5813 1151 5852 manu
1183 5799 1395 5870 capias,
1426 5814 1610 5856 verum
1640 5805 1688 5854 et
1719 5798 1798 5852 ori

539 5897 809 5959 PATROL.
860 5901 975 5960 Gn.
1021 5899 1241 5963 XLIX.

1145 365 1240 422 AD
1279 359 1780 419 ILLUMINANDOS
1806 359 2225 417 CATECllESlS
2250 362 2312 417 ll.

1887 470 2195 538 admoveas,
2224 483 2276 527 et
2306 473 2536 544 linguam
2562 477 2767 532 custodi
2812 493 2838 532 a
2872 486 3270 543 contumeliosis
3315 506 3469 546 num-

1886 560 2007 615 dam
2031 571 2083 617 ct
2116 564 2354 632 turpibus
2383 565 2578 633 verbis,
2612 567 2958 639 blasphemia,
2981 577 3238 645 perjurio,
3269 589 3320 634 et
3351 583 3468 636 aliis

1886 655 2132 710 omnibus
2184 655 2506 726 hujusmodi.
2539 659 2747 714 Etenim
2797 665 3150 731 perniciosum
3198 679 3315 736 est,
3360 683 3466 728 tam

1888 744 2177 800 tremendis
2212 747 2603 802 ministrantem
2657 753 2927 822 mysteriis
2969 755 3202 826 linguam
3248 770 3302 814 et
3346 777 3469 816 sau-

1884 835 2042 904 guine
2071 835 2160 891 tali
2188 849 2552 908 purpuratam,
2582 849 2634 895 et
2661 839 2854 897 factam
2880 859 3120 914 auream,
3143 849 3375 917 gladium
3397 853 3463 908 ad

1885 927 2122 984 convicia
2169 937 2226 984 et
2266 931 2617 987 contumelias
2667 941 2723 987 et
2762 937 3112 993 scurrilitates
3161 941 3469 998 transferre.

1886 1017 2155 1076 Reverere
2181 1020 2439 1077 honorem
2463 1039 2567 1094 quo
2589 1025 2730 1080 Deus
2755 1028 2924 1098 ipsam
2951 1029 3250 1101 honoravit,
3282 1051 3381 1092 nec
3403 1037 3471 1092 ad

1886 1111 2090 1181 peccati
2123 1126 2272 1167 usum
2297 1113 2464 1184 ipsam
2483 1114 2756 1184 deducas;
2781 1119 2873 1175 sed
2902 1136 3112 1178 rursum
3143 1127 3474 1184 animadver-

1888 1211 2024 1271 tens,
2058 1205 2196 1274 quod
2215 1215 2335 1275 post
2359 1222 2575 1262 manum
2599 1219 2652 1265 et
2674 1211 2904 1282 linguam
2939 1230 3035 1270 cor
3062 1219 3319 1289 suscipiat
3354 1231 3466 1277 tre-

1887 1295 2136 1350 mendum
2166 1297 2294 1352 illud
2324 1301 2634 1369 mysterium
2662 1343 2676 1367 ,
2702 1318 2769 1357 ne
2798 1320 3049 1376 umquam
3085 1309 3138 1364 in
3165 1313 3466 1379 proximum

1885 1399 2112 1441 consuas
2141 1387 2340 1457 dolum,
2369 1389 2464 1445 sed
2503 1402 2738 1448 mentem
2779 1403 2922 1450 tuam
2967 1398 3034 1454 ab
3079 1403 3222 1456 omni
3270 1403 3469 1459 malitia

1886 1479 2138 1534 mundam
2179 1495 2473 1550 conserva;
2503 1485 2580 1539 sic
2625 1495 2679 1541 et
2723 1489 2940 1556 oculos,
2965 1499 3019 1546 et
3061 1507 3218 1549 aures
3261 1498 3471 1553 munire

1888 1568 2108 1637 poteris.
2139 1569 2420 1636 Quomodo
2455 1575 2598 1628 cnim
2645 1592 2749 1630 non
2783 1588 2863 1632 est
2887 1580 3176 1638 absurdum
3208 1596 3327 1655 post
3356 1604 3472 1655 my-

1884 1660 2070 1714 sticam
2119 1662 2262 1717 illam
2317 1679 2501 1719 vocem
2551 1683 2582 1720 e
2638 1668 2782 1724 caelis
2812 1669 3064 1739 delatam,
3106 1689 3137 1728 a
3180 1649 3468 1734 Cherubiin

1885 1751 2026 1820 dico,
2053 1755 2373 1811 meretriciis
2413 1758 2656 1813 cantibus
2701 1769 2755 1815 et
2795 1760 2975 1818 fraetis
3020 1767 3266 1824 melodiis
3309 1785 3468 1827 aures

1886 1844 2204 1914 inquinare?
2230 1850 2496 1918 quomodo
2524 1866 2651 1906 vero
2677 1868 2785 1907 non
2807 1864 3043 1911 extrema
3073 1874 3226 1927 pmna
3253 1861 3469 1933 dignum

1885 1943 1968 1989 est
1990 1975 2004 1997 ,
2037 1937 2206 1991 oculis
2247 1939 2439 2007 quibus
2480 1955 2674 1996 arcana
2701 1944 2850 1999 vides
2879 1955 2934 2000 et
2963 1950 3236 2004 tremenda
3279 1965 3472 2025 myste-

1885 2026 1984 2092 ria,
2016 2025 2099 2081 his
2152 2029 2465 2086 meretrices
2515 2041 2781 2102 spectare,
2830 2045 2884 2091 et
2918 2047 3098 2095 mente
3150 2041 3469 2100 adulterium

1886 2120 2179 2174 exercere?
2208 2120 2291 2175 Ad
2320 2124 2533 2192 nuptias
2561 2136 2782 2181 vocatus
2812 2143 2871 2183 es
2894 2169 2908 2193 ,
2941 2129 3169 2188 dilecte:
3200 2150 3268 2190 ne
3305 2137 3472 2194 intres

1885 2209 2118 2265 sordidis
2151 2211 2370 2268 indutus
2409 2215 2763 2283 veStimentis,
2805 2219 2902 2274 sed
2949 2223 3147 2293 nuptiis
3181 2240 3468 2298 congruam

1885 2316 2017 2372 cape
2036 2313 2266 2359 vestem.
2307 2305 2365 2362 Si
2406 2307 2548 2363 enim
2576 2308 2644 2364 ad
2672 2312 2888 2380 nuptias
2915 2316 3194 2373 sensibiles
3223 2317 3471 2378 homines

1887 2394 2107 2461 invitati,
2147 2398 2248 2452 etsi
2294 2400 2533 2456 omnium
2582 2405 2904 2474 pauperrimi
2949 2409 3088 2476 sint,
3141 2419 3327 2470 mutuo
3371 2430 3466 2470 su-

1888 2496 2093 2542 mentes
2119 2503 2260 2559 saepe
2279 2491 2365 2547 vel
2391 2503 2630 2550 ementes
2660 2497 3034 2555 vestimentum
3071 2503 3325 2560 mundum
3344 2547 3360 2572 ,
3392 2507 3472 2563 sic

1891 2593 1950 2634 se
1977 2581 2292 2638 vocantibus
2315 2597 2604 2641 occurrunt
2633 2606 2646 2641 :
2677 2597 2729 2642 et
2759 2598 2812 2644 tu
2841 2590 2906 2646 ad
2930 2594 3143 2663 nuptias
3169 2597 3472 2667 spirituales

1889 2680 1939 2726 et
1964 2672 2186 2742 prandia
2208 2685 2428 2731 vocatus
2457 2679 2681 2749 regalia,
2705 2681 3013 2738 consideres
3050 2685 3207 2756 quale
3251 2689 3472 2760 dignum

1889 2763 1956 2817 sit
1982 2775 2034 2820 te
2055 2767 2290 2835 nuptiale
2317 2769 2695 2826 vestimentum
2720 2787 3054 2844 comparare.
3086 2778 3280 2837 Verum
3329 2785 3472 2840 enim

1890 2869 2018 2910 vero
2041 2871 2139 2912 nec
2163 2871 2298 2926 opus
2323 2867 2405 2914 est
2433 2874 2764 2932 comparare,
2796 2865 2891 2920 sed
2923 2866 3037 2936 ipse
3065 2869 3151 2937 qui
3179 2880 3334 2928 vocat
3378 2874 3473 2929 tibi

1890 2947 1983 3002 dat
2029 2950 2227 3019 gratis,
2269 2967 2336 3008 ne
2360 2954 2442 3010 vel
2485 2966 2850 3025 paupertatem
2895 2963 3228 3030 praetendere
3270 2968 3470 3025 valeas.

1893 3039 2086 3096 Serves
2113 3041 2292 3112 itaque
2324 3046 2464 3114 quod
2505 3050 2757 3118 accepisti
2799 3055 3174 3113 vestimentum
3200 3076 3214 3126 ;
3239 3061 3283 3114 si
3319 3077 3475 3118 nam-

1892 3146 1996 3202 que
2051 3133 2376 3203 perdideris,
2413 3137 2642 3208 amplius
2682 3145 3017 3201 commodato
3067 3150 3310 3219 accipere
3367 3170 3472 3210 non

1895 3224 2092 3293 poteris
2118 3265 2135 3292 ,
2179 3234 2273 3282 aut
2324 3241 2550 3283 emere:
2594 3247 2856 3302 nusquam
2894 3236 3037 3291 enim
3081 3240 3327 3296 venditur
3371 3245 3476 3301 tale

1895 3317 2504 3376 vestimentum.Audisti
2535 3325 2801 3393 quomodo
2827 3339 3142 3396 gemuerunt
3165 3332 3288 3386 olim
3311 3336 3479 3392 sacris

1895 3407 2216 3476 introducti,
2257 3419 2311 3465 et
2363 3422 2545 3481 pectus
2578 3429 2983 3485 percusserunt,
3029 3436 3122 3477 eos
3171 3424 3479 3485 stimulante

1873 3501 2219 3579 conscientia
2244 3503 2259 3534 ¹
2277 3503 2300 3556 ?
2319 3502 2606 3560 Considera
2633 3507 2789 3576 igitur
2817 3519 2871 3564 et
2899 3521 2972 3575 tu,
3002 3512 3224 3583 dilecte,
3259 3535 3327 3576 ne
3354 3537 3476 3576 um-

1894 3607 2052 3662 quam
2079 3591 2180 3648 boc
2209 3593 2445 3663 patiaris.
2470 3594 2747 3662 Quomodo
2771 3609 2945 3655 autem
2973 3619 3077 3658 non
3105 3607 3340 3676 patieris,
3370 3626 3479 3667 non

1895 3684 2112 3753 expulsa
2153 3699 2310 3754 prava
2360 3686 2620 3741 malorum
2661 3692 3084 3750 consuetudine?
3109 3696 3395 3768 Propterea
3423 3714 3480 3758 et

1897 3775 2044 3847 prius
2073 3777 2181 3832 dixi
2222 3785 2278 3832 et
2323 3792 2464 3832 nunc
2509 3777 2648 3845 dico,
2677 3788 2731 3835 et
2755 3780 2931 3839 dicere
2977 3799 3084 3840 non
3123 3787 3407 3860 desistam,
3434 3797 3480 3849 si

1897 3867 2016 3938 quis
2041 3882 2247 3922 morum
2268 3867 2392 3923 vitia
2419 3883 2523 3924 non
2553 3872 2783 3926 correxit
2807 3888 2907 3928 nec
2943 3874 3042 3931 sibi
3081 3876 3287 3934 facilem
3321 3897 3480 3952 para-

1898 3962 1974 4016 vit
2008 3962 2256 4016 virtutem
2281 4002 2294 4026 ,
2326 3976 2394 4018 ne
2441 3962 2757 4033 baptizetur.
2789 3965 2974 4024 Priora
3020 3986 3209 4043 nempe
3258 3977 3479 4032 crimina

1897 4054 2168 4109 lavacrum
2197 4054 2411 4110 abluere
2438 4065 2643 4124 potest;
2669 4057 2828 4113 timor
2860 4070 3036 4116 autem
3064 4080 3168 4118 non
3201 4081 3392 4136 parvus
3427 4082 3484 4124 et

1900 4148 2189 4216 periculum
2214 4163 2318 4204 non
2345 4147 2631 4215 mediocre,
2656 4165 2724 4206 ne
2743 4167 2953 4207 rursum
2983 4154 3050 4209 ad
3075 4157 3263 4212 eadem
3288 4161 3478 4217 redea-

1900 4254 2052 4305 mus,
2083 4251 2135 4293 et
2177 4239 2230 4293 in
2269 4239 2460 4294 vulnus
2503 4240 2654 4294 nobis
2693 4242 2958 4299 medicina
2989 4253 3246 4303 vertatur.
3272 4248 3484 4318 Quanto

1899 4347 2124 4403 namque
2164 4331 2332 4402 major
2362 4330 2498 4387 facta
2530 4341 2611 4388 est
2636 4333 2800 4404 gratia
2821 4375 2835 4400 ,
2871 4344 3016 4394 tanto
3039 4340 3263 4411 amplior
3296 4352 3482 4413 postea

1901 4423 2241 4494 peccantibus
2266 4439 2444 4494 pmua.

1971 4515 2025 4568 5.
2067 4513 2142 4569 Ne
2168 4514 2325 4584 igitur
2349 4513 2414 4569 ad
2442 4515 2723 4585 pristinum
2758 4517 3037 4576 redeamus
3061 4522 3314 4582 vomitum
3332 4566 3348 4592 ,
3371 4526 3481 4598 jam

1902 4620 2000 4660 nos
2025 4606 2168 4675 ipsos
2191 4605 2514 4662 erudiamus.
2540 4608 2690 4676 Quod
2721 4610 2865 4666 enim
2907 4623 3150 4682 oporteat
3191 4617 3338 4685 prius
3362 4633 3484 4690 pa:-

1901 4697 2125 4752 nituisse
2153 4705 2208 4752 et
2231 4711 2260 4750 a
2284 4698 2551 4766 prioribus
2579 4698 2846 4756 destitisse
2876 4704 3048 4769 malis,
3073 4713 3129 4760 et
3164 4707 3244 4762 sic
3275 4708 3342 4763 ad
3365 4725 3486 4779 gra-

1901 4788 2027 4843 tiam
2073 4788 2362 4855 accederc,
2387 4789 2510 4844 audi
2555 4791 2680 4860 quid
2719 4791 2949 4849 Joannes
2996 4795 3155 4862 dicat,
3186 4798 3312 4868 quid
3355 4815 3484 4856 vero

1902 4879 2149 4950 princeps
2171 4879 2532 4948 apostolorum
2556 4880 2810 4950 baptizari
2829 4883 3162 4942 debentibus.
3179 4888 3268 4944 Ille
3289 4904 3486 4961 nempe

1901 4968 2030 5024 dicit
2061 4987 2074 5023 :
2104 4968 2282 5025 Facite
2310 4972 2531 5042 fructum
2562 4971 2770 5043 dignum
2797 4976 3100 5045 paenitentia
3123 4992 3143 5030 :
3172 4986 3220 5031 et
3255 4995 3319 5033 ne
3355 4981 3486 5035 inci-

1903 5062 2052 5130 piatis
2075 5062 2238 5115 dicere
2260 5062 2393 5116 intra
2417 5079 2522 5130 vos,
2554 5062 2760 5119 Patrem
2793 5065 3029 5122 habemus
3052 5066 3308 5124 Abraham
3329 5070 3479 5142 (Luc.

1904 5153 1956 5206 5.
1976 5152 2053 5224 8).
2086 5152 2182 5207 llic
2209 5161 2384 5209 autem
2403 5154 2851 5226 interrogantibus
2893 5173 3078 5213 rursus
3116 5158 3328 5216 aiebat:
3356 5160 3483 5217 Γω-

1903 5243 2159 5297 nitrntiam
2184 5243 2335 5314 agite,
2367 5253 2414 5298 et
2455 5245 2732 5315 baptizetur
2777 5247 2982 5318 quisque
3024 5259 3238 5304 vestrum
3282 5253 3335 5306 in
3384 5271 3482 5309 no-

1905 5334 2036 5386 mine
2080 5331 2290 5387 Domini
2337 5336 2495 5388 nostri
2521 5335 2647 5390 Jesu
2675 5335 2860 5390 Christi
2886 5336 3021 5410 (Act.
3045 5339 3098 5393 2.
3119 5339 3236 5414 58).
3260 5343 3359 5412 Qui
3387 5361 3486 5402 au.

1907 5434 2010 5480 tem
2050 5426 2158 5496 agit
2202 5425 2588 5497 pmnitentiam,
2620 5442 2723 5483 non
2763 5430 2990 5499 amplius
3043 5432 3230 5490 eadem
3275 5440 3487 5510 attingit

1907 5516 2145 5586 negotia,
2176 5532 2402 5587 quorum
2430 5517 2675 5588 paenituit
2704 5536 2720 5573 :
2749 5518 2972 5592 ideoque
2990 5522 3240 5593 jubemur
3262 5528 3442 5586 dicere
3466 5549 3480 5586 :

1907 5607 2238 5662 Abreuuntio
2262 5609 2376 5678 tibi,
2406 5616 2622 5677 satana,
2650 5625 2718 5667 ne
2744 5613 2972 5683 amplius
3000 5615 3068 5670 ad
3104 5616 3276 5688 ipsum
3306 5636 3486 5676 rever-

1969 5743 1985 5776 ι
2019 5743 2361 5814 Quidam_.\tss.,
2399 5748 2561 5808 pectus
2596 5751 2946 5809 percusserunt,
2994 5746 3358 5813 cumscientiam,
3390 5761 3486 5801 ca:-

1906 5806 2292 5870 pergefacicntcs.

3067 5888 3139 5948 15
