  <div class='ocr_page' id='page_1' title='image "/cluster/home/n/w/nwhite01/storage/ocr_20150623/49/hvd.32044054086806/235.png"; bbox 0 0 4020 6216; ppageno 0'>
   <div class='ocr_carea' id='block_1_1' title="bbox 583 390 688 443">
    <p class='ocr_par' dir='ltr' id='par_1_1' title="bbox 583 390 688 443">
     <span class='ocr_line' id='line_1_1' title="bbox 583 390 688 443; baseline 0 0"><span class='ocrx_word' id='word_1_1' title='bbox 583 390 688 443; x_wconf 74' lang='grc' dir='ltr'>ἳεῦ</span> 
     </span>
    </p>
   </div>
   <div class='ocr_carea' id='block_1_2' title="bbox 589 489 2157 569">
    <p class='ocr_par' dir='ltr' id='par_1_2' title="bbox 589 489 2157 569">
     <span class='ocr_line' id='line_1_2' title="bbox 589 489 2157 569; baseline -0.011 -10"><span class='ocrx_word' id='word_1_2' title='bbox 589 518 782 559; x_wconf 88' lang='lat' dir='ltr'><strong>tamur.</strong></span> <span class='ocrx_word' id='word_1_3' title='bbox 825 501 973 558; x_wconf 99' lang='lat' dir='ltr'><strong>Sicut</strong></span> <span class='ocrx_word' id='word_1_4' title='bbox 1028 499 1186 569; x_wconf 77' lang='lat' dir='ltr'><strong>igitur</strong></span> <span class='ocrx_word' id='word_1_5' title='bbox 1229 498 1280 551; x_wconf 92' lang='lat' dir='ltr'><strong>in</strong></span> <span class='ocrx_word' id='word_1_6' title='bbox 1331 495 1620 566; x_wconf 76' lang='lat' dir='ltr'><strong>pictoribus</strong></span> <span class='ocrx_word' id='word_1_7' title='bbox 1684 492 1875 547; x_wconf 85' lang='lat' dir='ltr'><strong>accidit</strong></span> <span class='ocrx_word' id='word_1_8' title='bbox 1903 532 1919 556; x_wconf 92' lang='lat'><strong>,</strong></span> <span class='ocrx_word' id='word_1_9' title='bbox 1977 489 2053 544; x_wconf 90' lang='lat' dir='ltr'><strong>sic</strong></span> <span class='ocrx_word' id='word_1_10' title='bbox 2102 497 2157 543; x_wconf 84' lang='lat' dir='ltr'><strong>et</strong></span> 
     </span>
    </p>
   </div>
   <div class='ocr_carea' id='block_1_3' title="bbox 588 581 2160 659">
    <p class='ocr_par' dir='ltr' id='par_1_3' title="bbox 588 581 2160 659">
     <span class='ocr_line' id='line_1_3' title="bbox 588 581 2160 659; baseline -0.01 -8"><span class='ocrx_word' id='word_1_11' title='bbox 588 611 730 651; x_wconf 86' lang='lat' dir='ltr'><strong>nunc</strong></span> <span class='ocrx_word' id='word_1_12' title='bbox 763 595 892 659; x_wconf 79' lang='lat' dir='ltr'><strong>ﬁat;</strong></span> <span class='ocrx_word' id='word_1_13' title='bbox 921 593 1117 649; x_wconf 90' lang='lat' dir='ltr'><strong>etenim</strong></span> <span class='ocrx_word' id='word_1_14' title='bbox 1159 590 1234 644; x_wconf 83' lang='lat' dir='ltr'><strong>illi</strong></span> <span class='ocrx_word' id='word_1_15' title='bbox 1264 588 1468 644; x_wconf 87' lang='lat' dir='ltr'><strong>tabulas</strong></span> <span class='ocrx_word' id='word_1_16' title='bbox 1496 593 1854 657; x_wconf 85' lang='lat' dir='ltr'><strong>proponentes</strong></span> <span class='ocrx_word' id='word_1_17' title='bbox 1873 624 1889 649; x_wconf 95' lang='lat'><strong>,</strong></span> <span class='ocrx_word' id='word_1_18' title='bbox 1918 592 1973 637; x_wconf 89' lang='lat' dir='ltr'><strong>et</strong></span> <span class='ocrx_word' id='word_1_19' title='bbox 2013 581 2160 636; x_wconf 76' lang='lat' dir='ltr'><strong>albas</strong></span> 
     </span>
    </p>
   </div>
   <div class='ocr_carea' id='block_1_4' title="bbox 588 673 2162 745">
    <p class='ocr_par' dir='ltr' id='par_1_4' title="bbox 588 673 2162 745">
     <span class='ocr_line' id='line_1_4' title="bbox 588 673 2162 745; baseline -0.011 -6"><span class='ocrx_word' id='word_1_20' title='bbox 588 686 1047 741; x_wconf 74' lang='lat' dir='ltr'><strong>eircumduccntes</strong></span> <span class='ocrx_word' id='word_1_21' title='bbox 1098 681 1295 739; x_wconf 83' lang='lat' dir='ltr'><strong>lineas,</strong></span> <span class='ocrx_word' id='word_1_22' title='bbox 1319 687 1373 734; x_wconf 92' lang='lat' dir='ltr'><strong>et</strong></span> <span class='ocrx_word' id='word_1_23' title='bbox 1415 692 1587 745; x_wconf 80' lang='lat' dir='ltr'><strong>regias</strong></span> <span class='ocrx_word' id='word_1_24' title='bbox 1613 675 1954 744; x_wconf 87' lang='lat' dir='ltr'><strong>depingentes</strong></span> <span class='ocrx_word' id='word_1_25' title='bbox 1981 673 2162 740; x_wconf 79' lang='lat' dir='ltr'><strong>imagi-</strong></span> 
     </span>
    </p>
   </div>
   <div class='ocr_carea' id='block_1_5' title="bbox 588 763 2158 849">
    <p class='ocr_par' dir='ltr' id='par_1_5' title="bbox 588 763 2158 849">
     <span class='ocr_line' id='line_1_5' title="bbox 588 763 2158 849; baseline -0.014 -14"><span class='ocrx_word' id='word_1_26' title='bbox 588 779 1053 849; x_wconf 87' lang='lat' dir='ltr'><strong>nes,priusqnam</strong></span> <span class='ocrx_word' id='word_1_27' title='bbox 1103 773 1343 827; x_wconf 91' lang='lat' dir='ltr'><strong>colorum</strong></span> <span class='ocrx_word' id='word_1_28' title='bbox 1392 770 1667 822; x_wconf 88' lang='lat' dir='ltr'><strong>veritatem</strong></span> <span class='ocrx_word' id='word_1_29' title='bbox 1717 763 2158 834; x_wconf 76' lang='lat' dir='ltr'><strong>superinducant,</strong></span> 
     </span>
    </p>
   </div>
   <div class='ocr_carea' id='block_1_6' title="bbox 586 855 2164 928">
    <p class='ocr_par' dir='ltr' id='par_1_6' title="bbox 586 855 2164 928">
     <span class='ocr_line' id='line_1_6' title="bbox 586 855 2164 928; baseline -0.011 -6"><span class='ocrx_word' id='word_1_30' title='bbox 586 885 707 925; x_wconf 82' lang='lat' dir='ltr'><strong>eum</strong></span> <span class='ocrx_word' id='word_1_31' title='bbox 736 867 879 924; x_wconf 90' lang='lat' dir='ltr'><strong>omni</strong></span> <span class='ocrx_word' id='word_1_32' title='bbox 906 867 1145 920; x_wconf 89' lang='lat' dir='ltr'><strong>libertate</strong></span> <span class='ocrx_word' id='word_1_33' title='bbox 1174 861 1288 916; x_wconf 70' lang='lat' dir='ltr'><strong>haec</strong></span> <span class='ocrx_word' id='word_1_34' title='bbox 1316 857 1525 928; x_wconf 87' lang='lat' dir='ltr'><strong>quidem</strong></span> <span class='ocrx_word' id='word_1_35' title='bbox 1555 856 1768 921; x_wconf 89' lang='lat' dir='ltr'><strong>delent,</strong></span> <span class='ocrx_word' id='word_1_36' title='bbox 1797 855 1884 908; x_wconf 85' lang='lat' dir='ltr'><strong>illa</strong></span> <span class='ocrx_word' id='word_1_37' title='bbox 1912 867 2039 907; x_wconf 90' lang='lat' dir='ltr'><strong>vero</strong></span> <span class='ocrx_word' id='word_1_38' title='bbox 2077 867 2164 905; x_wconf 75' lang='lat' dir='ltr'><strong>re-</strong></span> 
     </span>
    </p>
   </div>
   <div class='ocr_carea' id='block_1_7' title="bbox 589 943 2163 1032">
    <p class='ocr_par' dir='ltr' id='par_1_7' title="bbox 589 943 2163 1032">
     <span class='ocr_line' id='line_1_7' title="bbox 589 943 2163 1032; baseline -0.01 -21"><span class='ocrx_word' id='word_1_39' title='bbox 589 965 840 1032; x_wconf 73' lang='lat' dir='ltr'><strong>pingunt,</strong></span> <span class='ocrx_word' id='word_1_40' title='bbox 868 967 922 1013; x_wconf 90' lang='lat' dir='ltr'><strong>et</strong></span> <span class='ocrx_word' id='word_1_41' title='bbox 955 964 1130 1011; x_wconf 86' lang='lat' dir='ltr'><strong>errata</strong></span> <span class='ocrx_word' id='word_1_42' title='bbox 1179 953 1506 1021; x_wconf 83' lang='lat' dir='ltr'><strong>corrigentes</strong></span> <span class='ocrx_word' id='word_1_43' title='bbox 1527 958 1580 1002; x_wconf 89' lang='lat' dir='ltr'><strong>et</strong></span> <span class='ocrx_word' id='word_1_44' title='bbox 1621 947 1759 1002; x_wconf 88' lang='lat' dir='ltr'><strong>male</strong></span> <span class='ocrx_word' id='word_1_45' title='bbox 1806 960 1864 999; x_wconf 92' lang='lat' dir='ltr'><strong>se</strong></span> <span class='ocrx_word' id='word_1_46' title='bbox 1914 943 2163 998; x_wconf 71' lang='lat' dir='ltr'><strong>habentia</strong></span> 
     </span>
    </p>
   </div>
   <div class='ocr_carea' id='block_1_8' title="bbox 588 1037 2163 1123">
    <p class='ocr_par' dir='ltr' id='par_1_8' title="bbox 588 1037 2163 1123">
     <span class='ocr_line' id='line_1_8' title="bbox 588 1037 2163 1123; baseline -0.012 -17"><span class='ocrx_word' id='word_1_47' title='bbox 588 1059 997 1123; x_wconf 88' lang='lat' dir='ltr'><strong>transponentes</strong></span> <span class='ocrx_word' id='word_1_48' title='bbox 1027 1067 1041 1102; x_wconf 93' lang='lat'>:</span> <span class='ocrx_word' id='word_1_49' title='bbox 1073 1057 1349 1118; x_wconf 76' lang='lat' dir='ltr'><strong>postquam</strong></span> <span class='ocrx_word' id='word_1_50' title='bbox 1379 1057 1506 1097; x_wconf 86' lang='lat' dir='ltr'><strong>vero</strong></span> <span class='ocrx_word' id='word_1_51' title='bbox 1537 1041 1648 1111; x_wconf 89' lang='lat' dir='ltr'><strong>jam</strong></span> <span class='ocrx_word' id='word_1_52' title='bbox 1685 1039 1916 1093; x_wconf 90' lang='lat' dir='ltr'><strong>colorem</strong></span> <span class='ocrx_word' id='word_1_53' title='bbox 1944 1037 2163 1090; x_wconf 85' lang='lat' dir='ltr'><strong>induxe-</strong></span> 
     </span>
    </p>
   </div>
   <div class='ocr_carea' id='block_1_9' title="bbox 591 1126 2162 1211">
    <p class='ocr_par' dir='ltr' id='par_1_9' title="bbox 591 1126 2162 1211">
     <span class='ocr_line' id='line_1_9' title="bbox 591 1126 2162 1211; baseline -0.013 -11"><span class='ocrx_word' id='word_1_54' title='bbox 591 1148 715 1211; x_wconf 90' lang='lat' dir='ltr'><strong>rint,</strong></span> <span class='ocrx_word' id='word_1_55' title='bbox 742 1159 849 1200; x_wconf 90' lang='lat' dir='ltr'><strong>non</strong></span> <span class='ocrx_word' id='word_1_56' title='bbox 883 1141 1110 1211; x_wconf 81' lang='lat' dir='ltr'><strong>amplius</strong></span> <span class='ocrx_word' id='word_1_57' title='bbox 1135 1139 1432 1193; x_wconf 87' lang='lat' dir='ltr'><strong>libertatem</strong></span> <span class='ocrx_word' id='word_1_58' title='bbox 1464 1133 1659 1188; x_wconf 82' lang='lat' dir='ltr'><strong>habent</strong></span> <span class='ocrx_word' id='word_1_59' title='bbox 1704 1145 1913 1185; x_wconf 90' lang='lat' dir='ltr'><strong>rursum</strong></span> <span class='ocrx_word' id='word_1_60' title='bbox 1951 1126 2162 1183; x_wconf 81' lang='lat' dir='ltr'><strong>delendi</strong></span> 
     </span>
    </p>
   </div>
   <div class='ocr_carea' id='block_1_10' title="bbox 588 1220 2165 1304">
    <p class='ocr_par' dir='ltr' id='par_1_10' title="bbox 588 1220 2165 1304">
     <span class='ocr_line' id='line_1_10' title="bbox 588 1220 2165 1304; baseline -0.011 -17"><span class='ocrx_word' id='word_1_61' title='bbox 588 1248 641 1290; x_wconf 71' lang='grc' dir='ltr'><strong>οτι</strong></span> <span class='ocrx_word' id='word_1_62' title='bbox 661 1232 1004 1304; x_wconf 87' lang='lat' dir='ltr'><strong>depingendi,</strong></span> <span class='ocrx_word' id='word_1_63' title='bbox 1034 1229 1282 1301; x_wconf 89' lang='lat' dir='ltr'><strong>quoniam</strong></span> <span class='ocrx_word' id='word_1_64' title='bbox 1329 1225 1572 1296; x_wconf 78' lang='lat' dir='ltr'><strong>imaginis</strong></span> <span class='ocrx_word' id='word_1_65' title='bbox 1599 1220 1976 1293; x_wconf 88' lang='lat' dir='ltr'><strong>pulchritudini</strong></span> <span class='ocrx_word' id='word_1_66' title='bbox 2006 1233 2165 1272; x_wconf 87' lang='lat' dir='ltr'><strong>noce-</strong></span> 
     </span>
    </p>
   </div>
   <div class='ocr_carea' id='block_1_11' title="bbox 592 1317 2163 1394">
    <p class='ocr_par' dir='ltr' id='par_1_11' title="bbox 592 1317 2163 1394">
     <span class='ocr_line' id='line_1_11' title="bbox 592 1317 2163 1394; baseline -0.01 -13"><span class='ocrx_word' id='word_1_67' title='bbox 592 1339 732 1394; x_wconf 85' lang='lat' dir='ltr'><strong>rent,</strong></span> <span class='ocrx_word' id='word_1_68' title='bbox 761 1337 815 1382; x_wconf 89' lang='lat' dir='ltr'><strong>et</strong></span> <span class='ocrx_word' id='word_1_69' title='bbox 840 1328 955 1380; x_wconf 88' lang='lat' dir='ltr'><strong>sine</strong></span> <span class='ocrx_word' id='word_1_70' title='bbox 985 1324 1140 1392; x_wconf 91' lang='lat' dir='ltr'><strong>culpa</strong></span> <span class='ocrx_word' id='word_1_71' title='bbox 1173 1321 1286 1375; x_wconf 85' lang='lat' dir='ltr'><strong>ﬁeri</strong></span> <span class='ocrx_word' id='word_1_72' title='bbox 1327 1334 1432 1373; x_wconf 91' lang='lat' dir='ltr'><strong>non</strong></span> <span class='ocrx_word' id='word_1_73' title='bbox 1461 1327 1643 1388; x_wconf 90' lang='lat' dir='ltr'><strong>posset</strong></span> <span class='ocrx_word' id='word_1_74' title='bbox 1672 1334 1685 1369; x_wconf 89' lang='lat'>:</span> <span class='ocrx_word' id='word_1_75' title='bbox 1719 1317 1819 1369; x_wconf 90' lang='lat' dir='ltr'><strong>hoc</strong></span> <span class='ocrx_word' id='word_1_76' title='bbox 1857 1322 1915 1367; x_wconf 91' lang='lat' dir='ltr'><strong>tu</strong></span> <span class='ocrx_word' id='word_1_77' title='bbox 1953 1327 2163 1382; x_wconf 87' lang='lat' dir='ltr'><strong>quoque</strong></span> 
     </span>
    </p>
   </div>
   <div class='ocr_carea' id='block_1_12' title="bbox 589 1405 2164 1489">
    <p class='ocr_par' dir='ltr' id='par_1_12' title="bbox 589 1405 2164 1489">
     <span class='ocr_line' id='line_1_12' title="bbox 589 1405 2164 1489; baseline -0.011 -17"><span class='ocrx_word' id='word_1_78' title='bbox 589 1423 669 1475; x_wconf 81' lang='lat' dir='ltr'><strong>lac</strong></span> <span class='ocrx_word' id='word_1_79' title='bbox 698 1437 712 1472; x_wconf 88' lang='lat'><strong>:</strong></span> <span class='ocrx_word' id='word_1_80' title='bbox 739 1428 862 1489; x_wconf 86' lang='lat' dir='ltr'><strong>puta</strong></span> <span class='ocrx_word' id='word_1_81' title='bbox 908 1417 1138 1469; x_wconf 89' lang='lat' dir='ltr'><strong>animam</strong></span> <span class='ocrx_word' id='word_1_82' title='bbox 1187 1426 1307 1467; x_wconf 90' lang='lat' dir='ltr'><strong>esse</strong></span> <span class='ocrx_word' id='word_1_83' title='bbox 1349 1410 1443 1464; x_wconf 87' lang='lat' dir='ltr'><strong>tibi</strong></span> <span class='ocrx_word' id='word_1_84' title='bbox 1495 1408 1804 1478; x_wconf 79' lang='lat' dir='ltr'><strong>imaginem.</strong></span> <span class='ocrx_word' id='word_1_85' title='bbox 1850 1405 2164 1472; x_wconf 84' lang='lat' dir='ltr'><strong>Priusquam</strong></span> 
     </span>
    </p>
   </div>
   <div class='ocr_carea' id='block_1_13' title="bbox 589 1497 2165 1581">
    <p class='ocr_par' dir='ltr' id='par_1_13' title="bbox 589 1497 2165 1581">
     <span class='ocr_line' id='line_1_13' title="bbox 589 1497 2165 1581; baseline -0.011 -14"><span class='ocrx_word' id='word_1_86' title='bbox 589 1513 746 1581; x_wconf 81' lang='lat' dir='ltr'><strong>igitur</strong></span> <span class='ocrx_word' id='word_1_87' title='bbox 771 1509 1115 1580; x_wconf 75' lang='lat' dir='ltr'><strong>superveniat</strong></span> <span class='ocrx_word' id='word_1_88' title='bbox 1139 1521 1264 1560; x_wconf 86' lang='lat' dir='ltr'><strong>vera</strong></span> <span class='ocrx_word' id='word_1_89' title='bbox 1291 1503 1521 1575; x_wconf 86' lang='lat' dir='ltr'><strong>Spiritus</strong></span> <span class='ocrx_word' id='word_1_90' title='bbox 1544 1503 1788 1563; x_wconf 85' lang='lat' dir='ltr'><strong>tinctura,</strong></span> <span class='ocrx_word' id='word_1_91' title='bbox 1814 1498 1949 1553; x_wconf 89' lang='lat' dir='ltr'><strong>male</strong></span> <span class='ocrx_word' id='word_1_92' title='bbox 1979 1497 2165 1551; x_wconf 87' lang='lat' dir='ltr'><strong>insitas</strong></span> 
     </span>
    </p>
   </div>
   <div class='ocr_carea' id='block_1_14' title="bbox 591 1587 2160 1662">
    <p class='ocr_par' dir='ltr' id='par_1_14' title="bbox 591 1587 2160 1662">
     <span class='ocr_line' id='line_1_14' title="bbox 591 1587 2160 1662; baseline -0.013 -4"><span class='ocrx_word' id='word_1_93' title='bbox 591 1605 684 1658; x_wconf 82' lang='lat' dir='ltr'><strong>tibi</strong></span> <span class='ocrx_word' id='word_1_94' title='bbox 716 1599 1130 1658; x_wconf 86' lang='lat' dir='ltr'><strong>consuetudines</strong></span> <span class='ocrx_word' id='word_1_95' title='bbox 1177 1597 1295 1651; x_wconf 90' lang='lat' dir='ltr'><strong>dele</strong></span> <span class='ocrx_word' id='word_1_96' title='bbox 1325 1613 1338 1649; x_wconf 91' lang='lat'>:</span> <span class='ocrx_word' id='word_1_97' title='bbox 1373 1594 1487 1648; x_wconf 90' lang='lat' dir='ltr'><strong>sive</strong></span> <span class='ocrx_word' id='word_1_98' title='bbox 1512 1590 1693 1662; x_wconf 86' lang='lat' dir='ltr'><strong>jurare</strong></span> <span class='ocrx_word' id='word_1_99' title='bbox 1715 1634 1730 1658; x_wconf 93' lang='lat'><strong>,</strong></span> <span class='ocrx_word' id='word_1_100' title='bbox 1761 1591 1875 1645; x_wconf 88' lang='lat' dir='ltr'><strong>sive</strong></span> <span class='ocrx_word' id='word_1_101' title='bbox 1922 1587 2160 1650; x_wconf 90' lang='lat' dir='ltr'><strong>mentiri,</strong></span> 
     </span>
    </p>
   </div>
   <div class='ocr_carea' id='block_1_15' title="bbox 587 1677 2186 1753">
    <p class='ocr_par' dir='ltr' id='par_1_15' title="bbox 587 1677 2186 1753">
     <span class='ocr_line' id='line_1_15' title="bbox 587 1677 2186 1753; baseline -0.011 -7"><span class='ocrx_word' id='word_1_102' title='bbox 587 1697 699 1748; x_wconf 88' lang='lat' dir='ltr'><strong>sive</strong></span> <span class='ocrx_word' id='word_1_103' title='bbox 723 1691 1071 1748; x_wconf 90' lang='lat' dir='ltr'><strong>contumelias</strong></span> <span class='ocrx_word' id='word_1_104' title='bbox 1098 1687 1295 1742; x_wconf 81' lang='lat' dir='ltr'><strong>inferre</strong></span> <span class='ocrx_word' id='word_1_105' title='bbox 1315 1727 1329 1749; x_wconf 94' lang='lat'><strong>,</strong></span> <span class='ocrx_word' id='word_1_106' title='bbox 1354 1685 1465 1738; x_wconf 90' lang='lat' dir='ltr'><strong>sive</strong></span> <span class='ocrx_word' id='word_1_107' title='bbox 1489 1683 1661 1753; x_wconf 92' lang='lat' dir='ltr'><strong>turpia</strong></span> <span class='ocrx_word' id='word_1_108' title='bbox 1687 1679 1866 1751; x_wconf 90' lang='lat' dir='ltr'><strong>loqui,</strong></span> <span class='ocrx_word' id='word_1_109' title='bbox 1895 1679 2008 1733; x_wconf 85' lang='lat' dir='ltr'><strong>sive</strong></span> <span class='ocrx_word' id='word_1_110' title='bbox 2032 1677 2186 1731; x_wconf 42' lang='lat' dir='ltr'><strong>ridi-t</strong></span> 
     </span>
    </p>
   </div>
   <div class='ocr_carea' id='block_1_16' title="bbox 589 1771 2162 1848">
    <p class='ocr_par' dir='ltr' id='par_1_16' title="bbox 589 1771 2162 1848">
     <span class='ocr_line' id='line_1_16' title="bbox 589 1771 2162 1848; baseline -0.009 -10"><span class='ocrx_word' id='word_1_111' title='bbox 589 1786 710 1839; x_wconf 66' lang='lat' dir='ltr'><strong>(ulla</strong></span> <span class='ocrx_word' id='word_1_112' title='bbox 740 1786 914 1839; x_wconf 79' lang='lat' dir='ltr'><strong>facere</strong></span> <span class='ocrx_word' id='word_1_113' title='bbox 934 1782 1123 1837; x_wconf 87' lang='lat' dir='ltr'><strong>solitus</strong></span> <span class='ocrx_word' id='word_1_114' title='bbox 1149 1795 1228 1846; x_wconf 90' lang='lat' dir='ltr'><strong>es,</strong></span> <span class='ocrx_word' id='word_1_115' title='bbox 1263 1779 1374 1832; x_wconf 87' lang='lat' dir='ltr'><strong>sive</strong></span> <span class='ocrx_word' id='word_1_116' title='bbox 1398 1775 1522 1848; x_wconf 92' lang='lat' dir='ltr'><strong>quid</strong></span> <span class='ocrx_word' id='word_1_117' title='bbox 1552 1773 1693 1828; x_wconf 83' lang='lat' dir='ltr'><strong>aliud</strong></span> <span class='ocrx_word' id='word_1_118' title='bbox 1723 1771 2022 1844; x_wconf 70' lang='lat' dir='ltr'><strong>huiusmodi</strong></span> <span class='ocrx_word' id='word_1_119' title='bbox 2055 1785 2162 1825; x_wconf 93' lang='lat' dir='ltr'><strong>non</strong></span> 
     </span>
    </p>
   </div>
   <div class='ocr_carea' id='block_1_17' title="bbox 591 1865 2162 1933">
    <p class='ocr_par' dir='ltr' id='par_1_17' title="bbox 591 1865 2162 1933">
     <span class='ocr_line' id='line_1_17' title="bbox 591 1865 2162 1933; baseline -0.009 -3"><span class='ocrx_word' id='word_1_120' title='bbox 591 1879 792 1933; x_wconf 89' lang='lat' dir='ltr'><strong>licitum</strong></span> <span class='ocrx_word' id='word_1_121' title='bbox 821 1873 1048 1931; x_wconf 79' lang='lat' dir='ltr'><strong>faciendi</strong></span> <span class='ocrx_word' id='word_1_122' title='bbox 1071 1868 1509 1927; x_wconf 89' lang='lat' dir='ltr'><strong>consuetudinem</strong></span> <span class='ocrx_word' id='word_1_123' title='bbox 1531 1865 1694 1921; x_wconf 88' lang='lat' dir='ltr'><strong>habes</strong></span> <span class='ocrx_word' id='word_1_124' title='bbox 1715 1908 1731 1932; x_wconf 94' lang='lat'><strong>,</strong></span> <span class='ocrx_word' id='word_1_125' title='bbox 1773 1878 1901 1919; x_wconf 91' lang='lat' dir='ltr'><strong>erue</strong></span> <span class='ocrx_word' id='word_1_126' title='bbox 1934 1876 2162 1917; x_wconf 90' lang='lat' dir='ltr'><strong>consue-</strong></span> 
     </span>
    </p>
   </div>
   <div class='ocr_carea' id='block_1_18' title="bbox 590 1953 2165 2034">
    <p class='ocr_par' dir='ltr' id='par_1_18' title="bbox 590 1953 2165 2034">
     <span class='ocr_line' id='line_1_18' title="bbox 590 1953 2165 2034; baseline -0.011 -12"><span class='ocrx_word' id='word_1_127' title='bbox 590 1968 826 2022; x_wconf 89' lang='lat' dir='ltr'><strong>tudinem</strong></span> <span class='ocrx_word' id='word_1_128' title='bbox 849 1969 889 2030; x_wconf 78' lang='grc' dir='ltr'><strong>ί,</strong></span> <span class='ocrx_word' id='word_1_129' title='bbox 914 1981 979 2019; x_wconf 91' lang='lat' dir='ltr'><strong>ne</strong></span> <span class='ocrx_word' id='word_1_130' title='bbox 1002 1972 1122 2034; x_wconf 90' lang='lat' dir='ltr'><strong>post</strong></span> <span class='ocrx_word' id='word_1_131' title='bbox 1165 1961 1425 2030; x_wconf 88' lang='lat' dir='ltr'><strong>baptisma</strong></span> <span class='ocrx_word' id='word_1_132' title='bbox 1452 1972 1661 2012; x_wconf 90' lang='lat' dir='ltr'><strong>rursum</strong></span> <span class='ocrx_word' id='word_1_133' title='bbox 1689 1953 1754 2010; x_wconf 91' lang='lat' dir='ltr'><strong>ad</strong></span> <span class='ocrx_word' id='word_1_134' title='bbox 1786 1955 1952 2024; x_wconf 90' lang='lat' dir='ltr'><strong>ipsam</strong></span> <span class='ocrx_word' id='word_1_135' title='bbox 1983 1966 2165 2020; x_wconf 88' lang='lat' dir='ltr'><strong>regre-</strong></span> 
     </span>
    </p>
   </div>
   <div class='ocr_carea' id='block_1_19' title="bbox 588 2043 2163 2112">
    <p class='ocr_par' dir='ltr' id='par_1_19' title="bbox 588 2043 2163 2112">
     <span class='ocr_line' id='line_1_19' title="bbox 588 2043 2163 2112; baseline -0.01 -1"><span class='ocrx_word' id='word_1_136' title='bbox 588 2059 771 2112; x_wconf 88' lang='lat' dir='ltr'><strong>diaris.</strong></span> <span class='ocrx_word' id='word_1_137' title='bbox 824 2057 1046 2112; x_wconf 89' lang='lat' dir='ltr'><strong>Pcecata</strong></span> <span class='ocrx_word' id='word_1_138' title='bbox 1101 2053 1240 2108; x_wconf 84' lang='lat' dir='ltr'><strong>delet</strong></span> <span class='ocrx_word' id='word_1_139' title='bbox 1283 2050 1551 2103; x_wconf 82' lang='lat' dir='ltr'><strong>lavacrum</strong></span> <span class='ocrx_word' id='word_1_140' title='bbox 1583 2065 1597 2106; x_wconf 90' lang='lat'>:</span> <span class='ocrx_word' id='word_1_141' title='bbox 1627 2056 1682 2101; x_wconf 91' lang='lat' dir='ltr'><strong>tu</strong></span> <span class='ocrx_word' id='word_1_142' title='bbox 1725 2043 2163 2100; x_wconf 86' lang='lat' dir='ltr'><strong>consuetudinem</strong></span> 
     </span>
    </p>
   </div>
   <div class='ocr_carea' id='block_1_20' title="bbox 589 2135 2166 2220">
    <p class='ocr_par' dir='ltr' id='par_1_20' title="bbox 589 2135 2166 2220">
     <span class='ocr_line' id='line_1_20' title="bbox 589 2135 2166 2220; baseline -0.01 -16"><span class='ocrx_word' id='word_1_143' title='bbox 589 2151 795 2220; x_wconf 81' lang='lat' dir='ltr'><strong>corrige</strong></span> <span class='ocrx_word' id='word_1_144' title='bbox 819 2187 840 2213; x_wconf 58' lang='grc' dir='ltr'><strong>,η</strong></span> <span class='ocrx_word' id='word_1_145' title='bbox 862 2164 929 2203; x_wconf 90' lang='lat' dir='ltr'><strong>ne</strong></span> <span class='ocrx_word' id='word_1_146' title='bbox 954 2148 1063 2216; x_wconf 88' lang='lat' dir='ltr'><strong>jam</strong></span> <span class='ocrx_word' id='word_1_147' title='bbox 1099 2144 1326 2199; x_wconf 90' lang='lat' dir='ltr'><strong>induetis</strong></span> <span class='ocrx_word' id='word_1_148' title='bbox 1354 2141 1622 2196; x_wconf 89' lang='lat' dir='ltr'><strong>coloribus</strong></span> <span class='ocrx_word' id='word_1_149' title='bbox 1661 2149 1713 2194; x_wconf 92' lang='lat' dir='ltr'><strong>et</strong></span> <span class='ocrx_word' id='word_1_150' title='bbox 1739 2139 1997 2192; x_wconf 87' lang='lat' dir='ltr'><strong>illustrata</strong></span> <span class='ocrx_word' id='word_1_151' title='bbox 2034 2135 2166 2190; x_wconf 90' lang='lat' dir='ltr'><strong>ima-</strong></span> 
     </span>
    </p>
   </div>
   <div class='ocr_carea' id='block_1_21' title="bbox 588 2230 2165 2312">
    <p class='ocr_par' dir='ltr' id='par_1_21' title="bbox 588 2230 2165 2312">
     <span class='ocr_line' id='line_1_21' title="bbox 588 2230 2165 2312; baseline -0.009 -16"><span class='ocrx_word' id='word_1_152' title='bbox 588 2246 707 2312; x_wconf 81' lang='lat' dir='ltr'><strong>gine</strong></span> <span class='ocrx_word' id='word_1_153' title='bbox 736 2243 898 2311; x_wconf 85' lang='lat' dir='ltr'><strong>regia,</strong></span> <span class='ocrx_word' id='word_1_154' title='bbox 927 2239 1152 2308; x_wconf 86' lang='lat' dir='ltr'><strong>amplius</strong></span> <span class='ocrx_word' id='word_1_155' title='bbox 1185 2237 1388 2300; x_wconf 79' lang='lat' dir='ltr'><strong>deleas,</strong></span> <span class='ocrx_word' id='word_1_156' title='bbox 1421 2242 1475 2289; x_wconf 90' lang='lat' dir='ltr'><strong>et</strong></span> <span class='ocrx_word' id='word_1_157' title='bbox 1521 2233 1736 2287; x_wconf 89' lang='lat' dir='ltr'><strong>vulnera</strong></span> <span class='ocrx_word' id='word_1_158' title='bbox 1788 2241 1842 2287; x_wconf 92' lang='lat' dir='ltr'><strong>et</strong></span> <span class='ocrx_word' id='word_1_159' title='bbox 1891 2230 2165 2284; x_wconf 87' lang='lat' dir='ltr'><strong>cicatrices</strong></span> 
     </span>
    </p>
   </div>
   <div class='ocr_carea' id='block_1_22' title="bbox 591 2321 2162 2392">
    <p class='ocr_par' dir='ltr' id='par_1_22' title="bbox 591 2321 2162 2392">
     <span class='ocr_line' id='line_1_22' title="bbox 591 2321 2162 2392; baseline -0.01 -4"><span class='ocrx_word' id='word_1_160' title='bbox 591 2335 785 2388; x_wconf 78' lang='lat' dir='ltr'><strong>inferas</strong></span> <span class='ocrx_word' id='word_1_161' title='bbox 825 2350 852 2385; x_wconf 85' lang='lat' dir='ltr'><strong>a</strong></span> <span class='ocrx_word' id='word_1_162' title='bbox 885 2332 991 2386; x_wconf 80' lang='lat' dir='ltr'><strong>Deo</strong></span> <span class='ocrx_word' id='word_1_163' title='bbox 1038 2330 1129 2384; x_wconf 89' lang='lat' dir='ltr'><strong>tibi</strong></span> <span class='ocrx_word' id='word_1_164' title='bbox 1157 2329 1280 2383; x_wconf 89' lang='lat' dir='ltr'><strong>dato</strong></span> <span class='ocrx_word' id='word_1_165' title='bbox 1318 2325 1517 2381; x_wconf 88' lang='lat' dir='ltr'><strong>decori.</strong></span> <span class='ocrx_word' id='word_1_166' title='bbox 1545 2324 1764 2392; x_wconf 87' lang='lat' dir='ltr'><strong>Corripe</strong></span> <span class='ocrx_word' id='word_1_167' title='bbox 1807 2321 1966 2391; x_wconf 81' lang='lat' dir='ltr'><strong>igitur</strong></span> <span class='ocrx_word' id='word_1_168' title='bbox 2009 2321 2162 2382; x_wconf 90' lang='lat' dir='ltr'><strong>iram,</strong></span> 
     </span>
    </p>
   </div>
   <div class='ocr_carea' id='block_1_23' title="bbox 590 2412 2164 2492">
    <p class='ocr_par' dir='ltr' id='par_1_23' title="bbox 590 2412 2164 2492">
     <span class='ocr_line' id='line_1_23' title="bbox 590 2412 2164 2492; baseline -0.01 -14"><span class='ocrx_word' id='word_1_169' title='bbox 590 2426 864 2492; x_wconf 79' lang='lat' dir='ltr'><strong>exstingue</strong></span> <span class='ocrx_word' id='word_1_170' title='bbox 889 2422 1144 2487; x_wconf 82' lang='lat' dir='ltr'><strong>furorem,</strong></span> <span class='ocrx_word' id='word_1_171' title='bbox 1174 2419 1285 2472; x_wconf 90' lang='lat' dir='ltr'><strong>sive</strong></span> <span class='ocrx_word' id='word_1_172' title='bbox 1311 2418 1430 2487; x_wconf 91' lang='lat' dir='ltr'><strong>quis</strong></span> <span class='ocrx_word' id='word_1_173' title='bbox 1459 2415 1653 2470; x_wconf 81' lang='lat' dir='ltr'><strong>afﬁciat</strong></span> <span class='ocrx_word' id='word_1_174' title='bbox 1680 2413 1871 2482; x_wconf 83' lang='lat' dir='ltr'><strong>injuria</strong></span> <span class='ocrx_word' id='word_1_175' title='bbox 1897 2412 2009 2466; x_wconf 85' lang='lat' dir='ltr'><strong>sive</strong></span> <span class='ocrx_word' id='word_1_176' title='bbox 2034 2425 2164 2464; x_wconf 91' lang='lat' dir='ltr'><strong>con-</strong></span> 
     </span>
    </p>
   </div>
   <div class='ocr_carea' id='block_1_24' title="bbox 592 2500 2166 2583">
    <p class='ocr_par' dir='ltr' id='par_1_24' title="bbox 592 2500 2166 2583">
     <span class='ocr_line' id='line_1_24' title="bbox 592 2500 2166 2583; baseline -0.009 -15"><span class='ocrx_word' id='word_1_177' title='bbox 592 2517 806 2570; x_wconf 88' lang='lat' dir='ltr'><strong>tumelia</strong></span> <span class='ocrx_word' id='word_1_178' title='bbox 830 2557 843 2580; x_wconf 89' lang='lat'><strong>,</strong></span> <span class='ocrx_word' id='word_1_179' title='bbox 877 2512 1123 2583; x_wconf 83' lang='lat' dir='ltr'><strong>lacrymis</strong></span> <span class='ocrx_word' id='word_1_180' title='bbox 1169 2511 1317 2564; x_wconf 94' lang='lat' dir='ltr'><strong>illum</strong></span> <span class='ocrx_word' id='word_1_181' title='bbox 1363 2520 1688 2578; x_wconf 86' lang='lat' dir='ltr'><strong>prosequere</strong></span> <span class='ocrx_word' id='word_1_182' title='bbox 1721 2522 1736 2560; x_wconf 89' lang='lat'><strong>:</strong></span> <span class='ocrx_word' id='word_1_183' title='bbox 1769 2518 1835 2558; x_wconf 90' lang='lat' dir='ltr'><strong>ne</strong></span> <span class='ocrx_word' id='word_1_184' title='bbox 1879 2500 2166 2571; x_wconf 81' lang='lat' dir='ltr'><strong>indigneris</strong></span> 
     </span>
    </p>
   </div>
   <div class='ocr_carea' id='block_1_25' title="bbox 591 2594 2165 2669">
    <p class='ocr_par' dir='ltr' id='par_1_25' title="bbox 591 2594 2165 2669">
     <span class='ocr_line' id='line_1_25' title="bbox 591 2594 2165 2669; baseline -0.01 -10"><span class='ocrx_word' id='word_1_185' title='bbox 591 2619 645 2659; x_wconf 92' lang='lat' dir='ltr'><strong>tu</strong></span> <span class='ocrx_word' id='word_1_186' title='bbox 665 2648 678 2669; x_wconf 91' lang='lat'><strong>,</strong></span> <span class='ocrx_word' id='word_1_187' title='bbox 708 2603 955 2666; x_wconf 90' lang='lat' dir='ltr'><strong>condolc,</strong></span> <span class='ocrx_word' id='word_1_188' title='bbox 983 2616 1051 2656; x_wconf 89' lang='lat' dir='ltr'><strong>ne</strong></span> <span class='ocrx_word' id='word_1_189' title='bbox 1078 2598 1413 2654; x_wconf 85' lang='lat' dir='ltr'><strong>exaeerberis</strong></span> <span class='ocrx_word' id='word_1_190' title='bbox 1443 2615 1456 2650; x_wconf 92' lang='lat'><strong>:</strong></span> <span class='ocrx_word' id='word_1_191' title='bbox 1489 2612 1557 2651; x_wconf 88' lang='lat' dir='ltr'><strong>ne</strong></span> <span class='ocrx_word' id='word_1_192' title='bbox 1584 2596 1751 2661; x_wconf 90' lang='lat' dir='ltr'><strong>dicas,</strong></span> <span class='ocrx_word' id='word_1_193' title='bbox 1785 2594 1837 2647; x_wconf 94' lang='lat' dir='ltr'><strong>in</strong></span> <span class='ocrx_word' id='word_1_194' title='bbox 1865 2594 2038 2646; x_wconf 88' lang='lat' dir='ltr'><strong>anima</strong></span> <span class='ocrx_word' id='word_1_195' title='bbox 2069 2606 2165 2660; x_wconf 79' lang='lat' dir='ltr'><strong>pa-</strong></span> 
     </span>
    </p>
   </div>
   <div class='ocr_carea' id='block_1_26' title="bbox 593 2687 2163 2767">
    <p class='ocr_par' dir='ltr' id='par_1_26' title="bbox 593 2687 2163 2767">
     <span class='ocr_line' id='line_1_26' title="bbox 593 2687 2163 2767; baseline -0.011 -14"><span class='ocrx_word' id='word_1_196' title='bbox 593 2704 694 2753; x_wconf 87' lang='lat' dir='ltr'><strong>tior</strong></span> <span class='ocrx_word' id='word_1_197' title='bbox 722 2697 988 2767; x_wconf 89' lang='lat' dir='ltr'><strong>injuriam.</strong></span> <span class='ocrx_word' id='word_1_198' title='bbox 1031 2694 1198 2748; x_wconf 78' lang='lat' dir='ltr'><strong>Nemo</strong></span> <span class='ocrx_word' id='word_1_199' title='bbox 1233 2701 1316 2746; x_wconf 92' lang='lat' dir='ltr'><strong>est</strong></span> <span class='ocrx_word' id='word_1_200' title='bbox 1350 2692 1402 2744; x_wconf 91' lang='lat' dir='ltr'><strong>in</strong></span> <span class='ocrx_word' id='word_1_201' title='bbox 1436 2691 1610 2743; x_wconf 88' lang='lat' dir='ltr'><strong>anima</strong></span> <span class='ocrx_word' id='word_1_202' title='bbox 1641 2687 1884 2757; x_wconf 90' lang='lat' dir='ltr'><strong>injuriam</strong></span> <span class='ocrx_word' id='word_1_203' title='bbox 1927 2687 2163 2754; x_wconf 90' lang='lat' dir='ltr'><strong>patiens,</strong></span> 
     </span>
    </p>
   </div>
   <div class='ocr_carea' id='block_1_27' title="bbox 595 2779 2167 2857">
    <p class='ocr_par' dir='ltr' id='par_1_27' title="bbox 595 2779 2167 2857">
     <span class='ocr_line' id='line_1_27' title="bbox 595 2779 2167 2857; baseline -0.01 -13"><span class='ocrx_word' id='word_1_204' title='bbox 595 2794 692 2844; x_wconf 84' lang='lat' dir='ltr'><strong>nisi</strong></span> <span class='ocrx_word' id='word_1_205' title='bbox 741 2805 837 2843; x_wconf 91' lang='lat' dir='ltr'><strong>nos</strong></span> <span class='ocrx_word' id='word_1_206' title='bbox 866 2789 1008 2857; x_wconf 92' lang='lat' dir='ltr'><strong>ipsos</strong></span> <span class='ocrx_word' id='word_1_207' title='bbox 1047 2787 1099 2840; x_wconf 93' lang='lat' dir='ltr'><strong>in</strong></span> <span class='ocrx_word' id='word_1_208' title='bbox 1144 2784 1318 2838; x_wconf 91' lang='lat' dir='ltr'><strong>anima</strong></span> <span class='ocrx_word' id='word_1_209' title='bbox 1358 2781 1549 2852; x_wconf 89' lang='lat' dir='ltr'><strong>injuria</strong></span> <span class='ocrx_word' id='word_1_210' title='bbox 1588 2779 1915 2840; x_wconf 80' lang='lat' dir='ltr'><strong>afﬁciamus;</strong></span> <span class='ocrx_word' id='word_1_211' title='bbox 1939 2784 1995 2830; x_wconf 89' lang='lat' dir='ltr'><strong>et</strong></span> <span class='ocrx_word' id='word_1_212' title='bbox 2032 2791 2167 2845; x_wconf 64' lang='lat' dir='ltr'><strong>quo-</strong></span> 
     </span>
    </p>
   </div>
   <div class='ocr_carea' id='block_1_28' title="bbox 596 2872 2167 2946">
    <p class='ocr_par' dir='ltr' id='par_1_28' title="bbox 596 2872 2167 2946">
     <span class='ocr_line' id='line_1_28' title="bbox 596 2872 2167 2946; baseline -0.013 -8"><span class='ocrx_word' id='word_1_213' title='bbox 596 2882 756 2938; x_wconf 85' lang='lat' dir='ltr'><strong>modo</strong></span> <span class='ocrx_word' id='word_1_214' title='bbox 782 2881 832 2935; x_wconf 90' lang='lat' dir='ltr'><strong>id</strong></span> <span class='ocrx_word' id='word_1_215' title='bbox 864 2880 934 2934; x_wconf 90' lang='lat' dir='ltr'><strong>ita</strong></span> <span class='ocrx_word' id='word_1_216' title='bbox 973 2879 1070 2941; x_wconf 89' lang='lat' dir='ltr'><strong>sit,</strong></span> <span class='ocrx_word' id='word_1_217' title='bbox 1091 2880 1200 2946; x_wconf 90' lang='lat' dir='ltr'><strong>jam</strong></span> <span class='ocrx_word' id='word_1_218' title='bbox 1227 2872 1628 2933; x_wconf 77' lang='lat' dir='ltr'><strong>dieam,Ablata</strong></span> <span class='ocrx_word' id='word_1_219' title='bbox 1659 2879 1740 2924; x_wconf 89' lang='lat' dir='ltr'><strong>est</strong></span> <span class='ocrx_word' id='word_1_220' title='bbox 1779 2883 1866 2922; x_wconf 89' lang='lat' dir='ltr'><strong>res</strong></span> <span class='ocrx_word' id='word_1_221' title='bbox 1910 2878 2032 2932; x_wconf 90' lang='lat' dir='ltr'><strong>tua;</strong></span> <span class='ocrx_word' id='word_1_222' title='bbox 2061 2881 2167 2920; x_wconf 91' lang='lat' dir='ltr'><strong>non</strong></span> 
     </span>
    </p>
   </div>
   <div class='ocr_carea' id='block_1_29' title="bbox 598 2958 2168 3045">
    <p class='ocr_par' dir='ltr' id='par_1_29' title="bbox 598 2958 2168 3045">
     <span class='ocr_line' id='line_1_29' title="bbox 598 2958 2168 3045; baseline -0.011 -16"><span class='ocrx_word' id='word_1_223' title='bbox 598 2988 783 3045; x_wconf 88' lang='lat' dir='ltr'><strong>passus</strong></span> <span class='ocrx_word' id='word_1_224' title='bbox 817 2986 876 3028; x_wconf 89' lang='lat' dir='ltr'><strong>es</strong></span> <span class='ocrx_word' id='word_1_225' title='bbox 903 2972 955 3026; x_wconf 91' lang='lat' dir='ltr'><strong>in</strong></span> <span class='ocrx_word' id='word_1_226' title='bbox 985 2970 1178 3034; x_wconf 90' lang='lat' dir='ltr'><strong>anima,</strong></span> <span class='ocrx_word' id='word_1_227' title='bbox 1209 2967 1304 3023; x_wconf 91' lang='lat' dir='ltr'><strong>sed</strong></span> <span class='ocrx_word' id='word_1_228' title='bbox 1332 2966 1384 3020; x_wconf 92' lang='lat' dir='ltr'><strong>in</strong></span> <span class='ocrx_word' id='word_1_229' title='bbox 1413 2963 1649 3036; x_wconf 87' lang='lat' dir='ltr'><strong>pecuniis</strong></span> <span class='ocrx_word' id='word_1_230' title='bbox 1677 2981 1690 3016; x_wconf 89' lang='lat'><strong>:</strong></span> <span class='ocrx_word' id='word_1_231' title='bbox 1719 2961 1762 3016; x_wconf 90' lang='lat' dir='ltr'><strong>si</strong></span> <span class='ocrx_word' id='word_1_232' title='bbox 1789 2971 1844 3015; x_wconf 93' lang='lat' dir='ltr'><strong>tu</strong></span> <span class='ocrx_word' id='word_1_233' title='bbox 1877 2975 2005 3015; x_wconf 89' lang='lat' dir='ltr'><strong>vero</strong></span> <span class='ocrx_word' id='word_1_234' title='bbox 2045 2958 2168 3013; x_wconf 91' lang='lat' dir='ltr'><strong>mali</strong></span> 
     </span>
    </p>
   </div>
   <div class='ocr_carea' id='block_1_30' title="bbox 599 3052 2170 3128">
    <p class='ocr_par' dir='ltr' id='par_1_30' title="bbox 599 3052 2170 3128">
     <span class='ocr_line' id='line_1_30' title="bbox 599 3052 2170 3128; baseline -0.012 -6"><span class='ocrx_word' id='word_1_235' title='bbox 599 3065 911 3122; x_wconf 86' lang='lat' dir='ltr'><strong>memoriam</strong></span> <span class='ocrx_word' id='word_1_236' title='bbox 955 3075 1157 3128; x_wconf 88' lang='lat' dir='ltr'><strong>serves,</strong></span> <span class='ocrx_word' id='word_1_237' title='bbox 1181 3061 1233 3113; x_wconf 90' lang='lat' dir='ltr'><strong>in</strong></span> <span class='ocrx_word' id='word_1_238' title='bbox 1278 3059 1455 3112; x_wconf 91' lang='lat' dir='ltr'><strong>anima</strong></span> <span class='ocrx_word' id='word_1_239' title='bbox 1485 3066 1539 3110; x_wconf 87' lang='lat' dir='ltr'><strong>ttt</strong></span> <span class='ocrx_word' id='word_1_240' title='bbox 1571 3056 1797 3124; x_wconf 89' lang='lat' dir='ltr'><strong>teipsum</strong></span> <span class='ocrx_word' id='word_1_241' title='bbox 1824 3052 2006 3107; x_wconf 66' lang='lat' dir='ltr'><strong>laesisti</strong></span> <span class='ocrx_word' id='word_1_242' title='bbox 2037 3064 2170 3120; x_wconf 88' lang='lat' dir='ltr'><strong>:pe-</strong></span> 
     </span>
    </p>
   </div>
   <div class='ocr_carea' id='block_1_31' title="bbox 598 3148 2173 3212">
    <p class='ocr_par' dir='ltr' id='par_1_31' title="bbox 598 3148 2173 3212">
     <span class='ocr_line' id='line_1_31' title="bbox 598 3148 2173 3212; baseline -0.01 0"><span class='ocrx_word' id='word_1_243' title='bbox 598 3158 767 3212; x_wconf 69' lang='lat' dir='ltr'><strong>cunia:</strong></span> <span class='ocrx_word' id='word_1_244' title='bbox 793 3155 933 3210; x_wconf 90' lang='lat' dir='ltr'><strong>enim</strong></span> <span class='ocrx_word' id='word_1_245' title='bbox 977 3153 1165 3207; x_wconf 72' lang='lat' dir='ltr'><strong>ablatae</strong></span> <span class='ocrx_word' id='word_1_246' title='bbox 1191 3150 1320 3205; x_wconf 90' lang='lat' dir='ltr'><strong>nihil</strong></span> <span class='ocrx_word' id='word_1_247' title='bbox 1350 3149 1580 3202; x_wconf 88' lang='lat' dir='ltr'><strong>animam</strong></span> <span class='ocrx_word' id='word_1_248' title='bbox 1608 3148 1879 3210; x_wconf 68' lang='lat' dir='ltr'><strong>laeserunt,</strong></span> <span class='ocrx_word' id='word_1_249' title='bbox 1909 3158 2090 3198; x_wconf 91' lang='lat' dir='ltr'><strong>verum</strong></span> <span class='ocrx_word' id='word_1_250' title='bbox 2118 3154 2173 3198; x_wconf 92' lang='lat' dir='ltr'><strong>et</strong></span> 
     </span>
    </p>
   </div>
   <div class='ocr_carea' id='block_1_32' title="bbox 598 3235 2172 3319">
    <p class='ocr_par' dir='ltr' id='par_1_32' title="bbox 598 3235 2172 3319">
     <span class='ocr_line' id='line_1_32' title="bbox 598 3235 2172 3319; baseline -0.01 -16"><span class='ocrx_word' id='word_1_251' title='bbox 598 3250 952 3319; x_wconf 75' lang='lat' dir='ltr'><strong>adiuverunt;</strong></span> <span class='ocrx_word' id='word_1_252' title='bbox 1000 3253 1054 3298; x_wconf 93' lang='lat' dir='ltr'><strong>tu</strong></span> <span class='ocrx_word' id='word_1_253' title='bbox 1081 3258 1208 3297; x_wconf 88' lang='lat' dir='ltr'><strong>vero</strong></span> <span class='ocrx_word' id='word_1_254' title='bbox 1230 3257 1336 3296; x_wconf 91' lang='lat' dir='ltr'><strong>non</strong></span> <span class='ocrx_word' id='word_1_255' title='bbox 1371 3240 1501 3294; x_wconf 88' lang='lat' dir='ltr'><strong>iram</strong></span> <span class='ocrx_word' id='word_1_256' title='bbox 1531 3237 1824 3302; x_wconf 87' lang='lat' dir='ltr'><strong>dimittens,</strong></span> <span class='ocrx_word' id='word_1_257' title='bbox 1853 3250 2040 3304; x_wconf 69' lang='lat' dir='ltr'><strong>pinnas</strong></span> <span class='ocrx_word' id='word_1_258' title='bbox 2066 3235 2172 3288; x_wconf 89' lang='lat' dir='ltr'><strong>illic</strong></span> 
     </span>
    </p>
   </div>
   <div class='ocr_carea' id='block_1_33' title="bbox 601 3326 2174 3410">
    <p class='ocr_par' dir='ltr' id='par_1_33' title="bbox 601 3326 2174 3410">
     <span class='ocr_line' id='line_1_33' title="bbox 601 3326 2174 3410; baseline -0.008 -16"><span class='ocrx_word' id='word_1_259' title='bbox 601 3340 756 3410; x_wconf 85' lang='lat' dir='ltr'><strong>hujus</strong></span> <span class='ocrx_word' id='word_1_260' title='bbox 784 3347 1012 3393; x_wconf 69' lang='lat' dir='ltr'><strong>servata:</strong></span> <span class='ocrx_word' id='word_1_261' title='bbox 1041 3334 1300 3388; x_wconf 89' lang='lat' dir='ltr'><strong>malorum</strong></span> <span class='ocrx_word' id='word_1_262' title='bbox 1326 3329 1594 3385; x_wconf 84' lang='lat' dir='ltr'><strong>memoriae</strong></span> <span class='ocrx_word' id='word_1_263' title='bbox 1617 3328 1786 3382; x_wconf 87' lang='lat' dir='ltr'><strong>dabis.</strong></span> <span class='ocrx_word' id='word_1_264' title='bbox 1813 3326 2079 3382; x_wconf 91' lang='lat' dir='ltr'><strong>Conviciis</strong></span> <span class='ocrx_word' id='word_1_265' title='bbox 2121 3336 2174 3381; x_wconf 91' lang='lat' dir='ltr'><strong>te</strong></span> 
     </span>
    </p>
   </div>
   <div class='ocr_carea' id='block_1_34' title="bbox 601 3419 2172 3502">
    <p class='ocr_par' dir='ltr' id='par_1_34' title="bbox 601 3419 2172 3502">
     <span class='ocr_line' id='line_1_34' title="bbox 601 3419 2172 3502; baseline -0.008 -17"><span class='ocrx_word' id='word_1_266' title='bbox 601 3431 858 3502; x_wconf 87' lang='lat' dir='ltr'><strong>quispiam</strong></span> <span class='ocrx_word' id='word_1_267' title='bbox 887 3436 940 3482; x_wconf 92' lang='lat' dir='ltr'><strong>et</strong></span> <span class='ocrx_word' id='word_1_268' title='bbox 963 3425 1300 3482; x_wconf 91' lang='lat' dir='ltr'><strong>contumeliis</strong></span> <span class='ocrx_word' id='word_1_269' title='bbox 1326 3422 1531 3477; x_wconf 77' lang='lat' dir='ltr'><strong>affecit?</strong></span> <span class='ocrx_word' id='word_1_270' title='bbox 1557 3431 1606 3476; x_wconf 91' lang='lat' dir='ltr'><strong>te</strong></span> <span class='ocrx_word' id='word_1_271' title='bbox 1634 3421 1707 3474; x_wconf 91' lang='lat' dir='ltr'><strong>nil</strong></span> <span class='ocrx_word' id='word_1_272' title='bbox 1732 3421 1783 3474; x_wconf 92' lang='lat' dir='ltr'><strong>in</strong></span> <span class='ocrx_word' id='word_1_273' title='bbox 1811 3419 1986 3473; x_wconf 91' lang='lat' dir='ltr'><strong>anima</strong></span> <span class='ocrx_word' id='word_1_274' title='bbox 2016 3419 2172 3484; x_wconf 67' lang='lat' dir='ltr'><strong>ltesit,</strong></span> 
     </span>
    </p>
   </div>
   <div class='ocr_carea' id='block_1_35' title="bbox 600 3511 2175 3586">
    <p class='ocr_par' dir='ltr' id='par_1_35' title="bbox 600 3511 2175 3586">
     <span class='ocr_line' id='line_1_35' title="bbox 600 3511 2175 3586; baseline -0.01 -7"><span class='ocrx_word' id='word_1_275' title='bbox 600 3522 695 3578; x_wconf 73' lang='lat' dir='ltr'><strong>sed</strong></span> <span class='ocrx_word' id='word_1_276' title='bbox 731 3536 827 3576; x_wconf 91' lang='lat' dir='ltr'><strong>nec</strong></span> <span class='ocrx_word' id='word_1_277' title='bbox 857 3520 908 3573; x_wconf 90' lang='lat' dir='ltr'><strong>in</strong></span> <span class='ocrx_word' id='word_1_278' title='bbox 938 3532 1180 3586; x_wconf 88' lang='lat' dir='ltr'><strong>corpore.</strong></span> <span class='ocrx_word' id='word_1_279' title='bbox 1211 3517 1289 3570; x_wconf 87' lang='lat' dir='ltr'><strong>Tu</strong></span> <span class='ocrx_word' id='word_1_280' title='bbox 1316 3515 1547 3569; x_wconf 90' lang='lat' dir='ltr'><strong>vicissim</strong></span> <span class='ocrx_word' id='word_1_281' title='bbox 1583 3511 1933 3568; x_wconf 83' lang='lat' dir='ltr'><strong>contumelias</strong></span> <span class='ocrx_word' id='word_1_282' title='bbox 1961 3518 2015 3566; x_wconf 91' lang='lat' dir='ltr'><strong>et</strong></span> <span class='ocrx_word' id='word_1_283' title='bbox 2041 3525 2175 3566; x_wconf 77' lang='lat' dir='ltr'><strong>eon-</strong></span> 
     </span>
    </p>
   </div>
   <div class='ocr_carea' id='block_1_36' title="bbox 601 3604 2176 3680">
    <p class='ocr_par' dir='ltr' id='par_1_36' title="bbox 601 3604 2176 3680">
     <span class='ocr_line' id='line_1_36' title="bbox 601 3604 2176 3680; baseline -0.008 -10"><span class='ocrx_word' id='word_1_284' title='bbox 601 3617 736 3670; x_wconf 82' lang='lat' dir='ltr'><strong>vieia</strong></span> <span class='ocrx_word' id='word_1_285' title='bbox 766 3613 1028 3669; x_wconf 88' lang='lat' dir='ltr'><strong>intulisti?</strong></span> <span class='ocrx_word' id='word_1_286' title='bbox 1057 3611 1282 3680; x_wconf 86' lang='lat' dir='ltr'><strong>teipsum</strong></span> <span class='ocrx_word' id='word_1_287' title='bbox 1321 3608 1373 3662; x_wconf 89' lang='lat' dir='ltr'><strong>in</strong></span> <span class='ocrx_word' id='word_1_288' title='bbox 1401 3607 1575 3661; x_wconf 89' lang='lat' dir='ltr'><strong>anima</strong></span> <span class='ocrx_word' id='word_1_289' title='bbox 1621 3604 1824 3670; x_wconf 66' lang='lat' dir='ltr'><strong>laesisti,</strong></span> <span class='ocrx_word' id='word_1_290' title='bbox 1844 3619 2029 3660; x_wconf 85' lang='lat' dir='ltr'><strong>eorum</strong></span> <span class='ocrx_word' id='word_1_291' title='bbox 2058 3618 2176 3672; x_wconf 75' lang='lat' dir='ltr'><strong>quze</strong></span> 
     </span>
    </p>
   </div>
   <div class='ocr_carea' id='block_1_37' title="bbox 602 3694 2177 3772">
    <p class='ocr_par' dir='ltr' id='par_1_37' title="bbox 602 3694 2177 3772">
     <span class='ocr_line' id='line_1_37' title="bbox 602 3694 2177 3772; baseline -0.01 -11"><span class='ocrx_word' id='word_1_292' title='bbox 602 3707 802 3769; x_wconf 78' lang='lat' dir='ltr'><strong>dixisti,</strong></span> <span class='ocrx_word' id='word_1_293' title='bbox 823 3704 927 3759; x_wconf 90' lang='lat' dir='ltr'><strong>illic</strong></span> <span class='ocrx_word' id='word_1_294' title='bbox 949 3716 1133 3772; x_wconf 65' lang='lat' dir='ltr'><strong>pinnas</strong></span> <span class='ocrx_word' id='word_1_295' title='bbox 1159 3699 1448 3754; x_wconf 88' lang='lat' dir='ltr'><strong>subiturus.</strong></span> <span class='ocrx_word' id='word_1_296' title='bbox 1474 3697 1542 3751; x_wconf 87' lang='lat' dir='ltr'><strong>Et</strong></span> <span class='ocrx_word' id='word_1_297' title='bbox 1567 3697 1667 3751; x_wconf 90' lang='lat' dir='ltr'><strong>hoc</strong></span> <span class='ocrx_word' id='word_1_298' title='bbox 1688 3695 1924 3750; x_wconf 90' lang='lat' dir='ltr'><strong>omnium</strong></span> <span class='ocrx_word' id='word_1_299' title='bbox 1946 3694 2177 3747; x_wconf 80' lang='lat' dir='ltr'><strong>maxime</strong></span> 
     </span>
    </p>
   </div>
   <div class='ocr_carea' id='block_1_38' title="bbox 606 3784 2177 3855">
    <p class='ocr_par' dir='ltr' id='par_1_38' title="bbox 606 3784 2177 3855">
     <span class='ocr_line' id='line_1_38' title="bbox 606 3784 2177 3855; baseline -0.008 -5"><span class='ocrx_word' id='word_1_300' title='bbox 606 3812 698 3850; x_wconf 87' lang='lat' dir='ltr'><strong>vos</strong></span> <span class='ocrx_word' id='word_1_301' title='bbox 739 3804 944 3850; x_wconf 88' lang='lat' dir='ltr'><strong>certum</strong></span> <span class='ocrx_word' id='word_1_302' title='bbox 989 3792 1132 3846; x_wconf 89' lang='lat' dir='ltr'><strong>scire</strong></span> <span class='ocrx_word' id='word_1_303' title='bbox 1175 3792 1333 3855; x_wconf 89' lang='lat' dir='ltr'><strong>volo,</strong></span> <span class='ocrx_word' id='word_1_304' title='bbox 1361 3788 1722 3842; x_wconf 87' lang='lat' dir='ltr'><strong>Christianum</strong></span> <span class='ocrx_word' id='word_1_305' title='bbox 1767 3795 1821 3840; x_wconf 89' lang='lat' dir='ltr'><strong>et</strong></span> <span class='ocrx_word' id='word_1_306' title='bbox 1867 3784 2074 3839; x_wconf 84' lang='lat' dir='ltr'><strong>ﬁdelem</strong></span> <span class='ocrx_word' id='word_1_307' title='bbox 2123 3784 2177 3838; x_wconf 90' lang='lat' dir='ltr'><strong>in</strong></span> 
     </span>
    </p>
   </div>
   <div class='ocr_carea' id='block_1_39' title="bbox 605 3879 2176 3954">
    <p class='ocr_par' dir='ltr' id='par_1_39' title="bbox 605 3879 2176 3954">
     <span class='ocr_line' id='line_1_39' title="bbox 605 3879 2176 3954; baseline -0.006 -15"><span class='ocrx_word' id='word_1_308' title='bbox 605 3888 779 3940; x_wconf 80' lang='lat' dir='ltr'><strong>anima</strong></span> <span class='ocrx_word' id='word_1_309' title='bbox 818 3899 976 3954; x_wconf 86' lang='lat' dir='ltr'><strong>posse</strong></span> <span class='ocrx_word' id='word_1_310' title='bbox 1015 3883 1209 3935; x_wconf 75' lang='lat' dir='ltr'><strong>lmdere</strong></span> <span class='ocrx_word' id='word_1_311' title='bbox 1251 3881 1644 3949; x_wconf 90' lang='lat' dir='ltr'><strong>neminem,nec</strong></span> <span class='ocrx_word' id='word_1_312' title='bbox 1672 3881 1844 3949; x_wconf 90' lang='lat' dir='ltr'><strong>ipsum</strong></span> <span class='ocrx_word' id='word_1_313' title='bbox 1888 3879 2176 3932; x_wconf 86' lang='lat' dir='ltr'><strong>diabolum.</strong></span> 
     </span>
    </p>
   </div>
   <div class='ocr_carea' id='block_1_40' title="bbox 607 3968 2178 4039">
    <p class='ocr_par' dir='ltr' id='par_1_40' title="bbox 607 3968 2178 4039">
     <span class='ocr_line' id='line_1_40' title="bbox 607 3968 2178 4039; baseline -0.007 -8"><span class='ocrx_word' id='word_1_314' title='bbox 607 3977 714 4031; x_wconf 80' lang='lat' dir='ltr'><strong>Nec</strong></span> <span class='ocrx_word' id='word_1_315' title='bbox 735 3975 835 4031; x_wconf 94' lang='lat' dir='ltr'><strong>hoc</strong></span> <span class='ocrx_word' id='word_1_316' title='bbox 864 3981 1066 4028; x_wconf 88' lang='lat' dir='ltr'><strong>tantum</strong></span> <span class='ocrx_word' id='word_1_317' title='bbox 1091 3981 1174 4027; x_wconf 73' lang='lat' dir='ltr'><strong>est</strong></span> <span class='ocrx_word' id='word_1_318' title='bbox 1189 3971 1522 4036; x_wconf 87' lang='lat' dir='ltr'><strong>admirabile,</strong></span> <span class='ocrx_word' id='word_1_319' title='bbox 1549 3970 1688 4039; x_wconf 92' lang='lat' dir='ltr'><strong>quod</strong></span> <span class='ocrx_word' id='word_1_320' title='bbox 1721 3986 1818 4024; x_wconf 91' lang='lat' dir='ltr'><strong>nos</strong></span> <span class='ocrx_word' id='word_1_321' title='bbox 1847 3969 1986 4023; x_wconf 89' lang='lat' dir='ltr'><strong>Deus</strong></span> <span class='ocrx_word' id='word_1_322' title='bbox 2009 3968 2178 4021; x_wconf 83' lang='lat' dir='ltr'><strong>omni-</strong></span> 
     </span>
    </p>
   </div>
   <div class='ocr_carea' id='block_1_41' title="bbox 609 4061 2181 4134">
    <p class='ocr_par' dir='ltr' id='par_1_41' title="bbox 609 4061 2181 4134">
     <span class='ocr_line' id='line_1_41' title="bbox 609 4061 2181 4134; baseline -0.004 -11"><span class='ocrx_word' id='word_1_323' title='bbox 609 4071 707 4123; x_wconf 86' lang='lat' dir='ltr'><strong>bus</strong></span> <span class='ocrx_word' id='word_1_324' title='bbox 733 4066 937 4123; x_wconf 90' lang='lat' dir='ltr'><strong>insidiis</strong></span> <span class='ocrx_word' id='word_1_325' title='bbox 961 4063 1397 4134; x_wconf 80' lang='lat' dir='ltr'><strong>inexpugnabiles</strong></span> <span class='ocrx_word' id='word_1_326' title='bbox 1428 4061 1632 4127; x_wconf 88' lang='lat' dir='ltr'><strong>l&#39;ecerit,</strong></span> <span class='ocrx_word' id='word_1_327' title='bbox 1651 4077 1834 4117; x_wconf 89' lang='lat' dir='ltr'><strong>verum</strong></span> <span class='ocrx_word' id='word_1_328' title='bbox 1866 4070 1920 4116; x_wconf 89' lang='lat' dir='ltr'><strong>et</strong></span> <span class='ocrx_word' id='word_1_329' title='bbox 1945 4062 2085 4132; x_wconf 91' lang='lat' dir='ltr'><strong>quod</strong></span> <span class='ocrx_word' id='word_1_330' title='bbox 2112 4061 2181 4116; x_wconf 90' lang='lat' dir='ltr'><strong>ad</strong></span> 
     </span>
    </p>
   </div>
   <div class='ocr_carea' id='block_1_42' title="bbox 608 4155 2182 4225">
    <p class='ocr_par' dir='ltr' id='par_1_42' title="bbox 608 4155 2182 4225">
     <span class='ocr_line' id='line_1_42' title="bbox 608 4155 2182 4225; baseline -0.004 -11"><span class='ocrx_word' id='word_1_331' title='bbox 608 4175 821 4216; x_wconf 90' lang='lat' dir='ltr'><strong>omnem</strong></span> <span class='ocrx_word' id='word_1_332' title='bbox 847 4157 1058 4213; x_wconf 90' lang='lat' dir='ltr'><strong>virtutis</strong></span> <span class='ocrx_word' id='word_1_333' title='bbox 1088 4155 1449 4225; x_wconf 85' lang='lat' dir='ltr'><strong>operationem</strong></span> <span class='ocrx_word' id='word_1_334' title='bbox 1477 4168 1573 4208; x_wconf 91' lang='lat' dir='ltr'><strong>nos</strong></span> <span class='ocrx_word' id='word_1_335' title='bbox 1601 4162 1755 4222; x_wconf 86' lang='lat' dir='ltr'><strong>aptos</strong></span> <span class='ocrx_word' id='word_1_336' title='bbox 1789 4156 2053 4222; x_wconf 87' lang='lat' dir='ltr'><strong>paraverit</strong></span> <span class='ocrx_word' id='word_1_337' title='bbox 2084 4171 2097 4207; x_wconf 91' lang='lat'><strong>:</strong></span> <span class='ocrx_word' id='word_1_338' title='bbox 2129 4163 2182 4208; x_wconf 90' lang='lat' dir='ltr'><strong>et</strong></span> 
     </span>
    </p>
   </div>
   <div class='ocr_carea' id='block_1_43' title="bbox 610 4247 2180 4322">
    <p class='ocr_par' dir='ltr' id='par_1_43' title="bbox 610 4247 2180 4322">
     <span class='ocr_line' id='line_1_43' title="bbox 610 4247 2180 4322; baseline -0.002 -17"><span class='ocrx_word' id='word_1_339' title='bbox 610 4252 1042 4322; x_wconf 87' lang='lat' dir='ltr'><strong>impedimentum</strong></span> <span class='ocrx_word' id='word_1_340' title='bbox 1067 4250 1266 4304; x_wconf 92' lang='lat' dir='ltr'><strong>nullum</strong></span> <span class='ocrx_word' id='word_1_341' title='bbox 1285 4259 1388 4314; x_wconf 91' lang='lat' dir='ltr'><strong>est,</strong></span> <span class='ocrx_word' id='word_1_342' title='bbox 1407 4248 1451 4302; x_wconf 91' lang='lat' dir='ltr'><strong>si</strong></span> <span class='ocrx_word' id='word_1_343' title='bbox 1481 4247 1723 4313; x_wconf 88' lang='lat' dir='ltr'><strong>velimus,</strong></span> <span class='ocrx_word' id='word_1_344' title='bbox 1747 4248 1872 4302; x_wconf 89' lang='lat' dir='ltr'><strong>licet</strong></span> <span class='ocrx_word' id='word_1_345' title='bbox 1898 4263 2180 4317; x_wconf 85' lang='lat' dir='ltr'><strong>pauperes,</strong></span> 
     </span>
    </p>
   </div>
   <div class='ocr_carea' id='block_1_44' title="bbox 610 4340 2180 4411">
    <p class='ocr_par' dir='ltr' id='par_1_44' title="bbox 610 4340 2180 4411">
     <span class='ocr_line' id='line_1_44' title="bbox 610 4340 2180 4411; baseline 0.001 -16"><span class='ocrx_word' id='word_1_346' title='bbox 610 4345 722 4397; x_wconf 88' lang='lat' dir='ltr'><strong>sive</strong></span> <span class='ocrx_word' id='word_1_347' title='bbox 747 4357 973 4411; x_wconf 88' lang='lat' dir='ltr'><strong>corpore</strong></span> <span class='ocrx_word' id='word_1_348' title='bbox 1003 4341 1294 4396; x_wconf 85' lang='lat' dir='ltr'><strong>imbecilles</strong></span> <span class='ocrx_word' id='word_1_349' title='bbox 1314 4381 1327 4404; x_wconf 91' lang='lat'><strong>,</strong></span> <span class='ocrx_word' id='word_1_350' title='bbox 1359 4341 1469 4394; x_wconf 89' lang='lat' dir='ltr'><strong>sive</strong></span> <span class='ocrx_word' id='word_1_351' title='bbox 1489 4340 1680 4409; x_wconf 88' lang='lat' dir='ltr'><strong>abjecti</strong></span> <span class='ocrx_word' id='word_1_352' title='bbox 1701 4382 1716 4406; x_wconf 96' lang='lat'><strong>,</strong></span> <span class='ocrx_word' id='word_1_353' title='bbox 1748 4342 1859 4395; x_wconf 89' lang='lat' dir='ltr'><strong>sive</strong></span> <span class='ocrx_word' id='word_1_354' title='bbox 1889 4340 2144 4411; x_wconf 79' lang='lat' dir='ltr'><strong>ignobiles</strong></span> <span class='ocrx_word' id='word_1_355' title='bbox 2165 4384 2180 4408; x_wconf 94' lang='lat'><strong>,</strong></span> 
     </span>
    </p>
   </div>
   <div class='ocr_carea' id='block_1_45' title="bbox 611 4431 2184 4502">
    <p class='ocr_par' dir='ltr' id='par_1_45' title="bbox 611 4431 2184 4502">
     <span class='ocr_line' id='line_1_45' title="bbox 611 4431 2184 4502; baseline 0 -15"><span class='ocrx_word' id='word_1_356' title='bbox 611 4436 723 4489; x_wconf 88' lang='lat' dir='ltr'><strong>sive</strong></span> <span class='ocrx_word' id='word_1_357' title='bbox 747 4433 906 4489; x_wconf 88' lang='lat' dir='ltr'><strong>servi.</strong></span> <span class='ocrx_word' id='word_1_358' title='bbox 934 4432 1045 4488; x_wconf 83' lang='lat' dir='ltr'><strong>Nec</strong></span> <span class='ocrx_word' id='word_1_359' title='bbox 1069 4431 1210 4486; x_wconf 91' lang='lat' dir='ltr'><strong>enim</strong></span> <span class='ocrx_word' id='word_1_360' title='bbox 1237 4441 1541 4502; x_wconf 87' lang='lat' dir='ltr'><strong>paupertas,</strong></span> <span class='ocrx_word' id='word_1_361' title='bbox 1567 4445 1666 4486; x_wconf 93' lang='lat' dir='ltr'><strong>nec</strong></span> <span class='ocrx_word' id='word_1_362' title='bbox 1695 4431 2056 4498; x_wconf 89' lang='lat' dir='ltr'><strong>imbecillitas,</strong></span> <span class='ocrx_word' id='word_1_363' title='bbox 2084 4447 2184 4488; x_wconf 89' lang='lat' dir='ltr'><strong>nec</strong></span> 
     </span>
    </p>
   </div>
   <div class='ocr_carea' id='block_1_46' title="bbox 611 4522 2183 4595">
    <p class='ocr_par' dir='ltr' id='par_1_46' title="bbox 611 4522 2183 4595">
     <span class='ocr_line' id='line_1_46' title="bbox 611 4522 2183 4595; baseline -0.003 -14"><span class='ocrx_word' id='word_1_364' title='bbox 611 4525 856 4595; x_wconf 87' lang='lat' dir='ltr'><strong>corporis</strong></span> <span class='ocrx_word' id='word_1_365' title='bbox 913 4522 1197 4590; x_wconf 86' lang='lat' dir='ltr'><strong>mutilatio,</strong></span> <span class='ocrx_word' id='word_1_366' title='bbox 1225 4537 1331 4577; x_wconf 89' lang='lat' dir='ltr'><strong>non</strong></span> <span class='ocrx_word' id='word_1_367' title='bbox 1373 4522 1624 4590; x_wconf 88' lang='lat' dir='ltr'><strong>servitus,</strong></span> <span class='ocrx_word' id='word_1_368' title='bbox 1657 4537 1762 4578; x_wconf 91' lang='lat' dir='ltr'><strong>non</strong></span> <span class='ocrx_word' id='word_1_369' title='bbox 1807 4522 1951 4578; x_wconf 87' lang='lat' dir='ltr'><strong>aliud</strong></span> <span class='ocrx_word' id='word_1_370' title='bbox 1997 4524 2183 4578; x_wconf 89' lang='lat' dir='ltr'><strong>talium</strong></span> 
     </span>
    </p>
   </div>
   <div class='ocr_carea' id='block_1_47' title="bbox 612 4609 2187 4687">
    <p class='ocr_par' dir='ltr' id='par_1_47' title="bbox 612 4609 2187 4687">
     <span class='ocr_line' id='line_1_47' title="bbox 612 4609 2187 4687; baseline 0 -18"><span class='ocrx_word' id='word_1_371' title='bbox 612 4615 880 4687; x_wconf 85' lang='lat' dir='ltr'><strong>quidpiam</strong></span> <span class='ocrx_word' id='word_1_372' title='bbox 909 4613 976 4669; x_wconf 88' lang='lat' dir='ltr'><strong>ad</strong></span> <span class='ocrx_word' id='word_1_373' title='bbox 1014 4609 1264 4670; x_wconf 84' lang='lat' dir='ltr'><strong>virtutem</strong></span> <span class='ocrx_word' id='word_1_374' title='bbox 1292 4613 1725 4684; x_wconf 84' lang='lat' dir='ltr'><strong>impedimentum</strong></span> <span class='ocrx_word' id='word_1_375' title='bbox 1755 4629 1874 4669; x_wconf 89' lang='lat' dir='ltr'><strong>esse</strong></span> <span class='ocrx_word' id='word_1_376' title='bbox 1898 4623 2076 4684; x_wconf 88' lang='lat' dir='ltr'><strong>queat.</strong></span> <span class='ocrx_word' id='word_1_377' title='bbox 2119 4615 2187 4669; x_wconf 89' lang='lat' dir='ltr'><strong>Et</strong></span> 
     </span>
    </p>
   </div>
   <div class='ocr_carea' id='block_1_48' title="bbox 607 4705 2188 4777">
    <p class='ocr_par' dir='ltr' id='par_1_48' title="bbox 607 4705 2188 4777">
     <span class='ocr_line' id='line_1_48' title="bbox 607 4705 2188 4777; baseline -0.001 -15"><span class='ocrx_word' id='word_1_378' title='bbox 607 4706 736 4777; x_wconf 86' lang='lat' dir='ltr'><strong>quid</strong></span> <span class='ocrx_word' id='word_1_379' title='bbox 764 4705 884 4761; x_wconf 88' lang='lat' dir='ltr'><strong>dico</strong></span> <span class='ocrx_word' id='word_1_380' title='bbox 907 4719 1193 4776; x_wconf 82' lang='lat' dir='ltr'><strong>pauperem</strong></span> <span class='ocrx_word' id='word_1_381' title='bbox 1225 4715 1277 4760; x_wconf 90' lang='lat' dir='ltr'><strong>et</strong></span> <span class='ocrx_word' id='word_1_382' title='bbox 1296 4721 1506 4761; x_wconf 87' lang='lat' dir='ltr'><strong>servum</strong></span> <span class='ocrx_word' id='word_1_383' title='bbox 1541 4712 1595 4760; x_wconf 87' lang='lat' dir='ltr'><strong>et</strong></span> <span class='ocrx_word' id='word_1_384' title='bbox 1616 4705 1936 4775; x_wconf 84' lang='lat' dir='ltr'><strong>ignobilem?</strong></span> <span class='ocrx_word' id='word_1_385' title='bbox 1959 4706 2118 4760; x_wconf 90' lang='lat' dir='ltr'><strong>etiam</strong></span> <span class='ocrx_word' id='word_1_386' title='bbox 2141 4706 2188 4760; x_wconf 92' lang='lat' dir='ltr'><strong>si</strong></span> 
     </span>
    </p>
   </div>
   <div class='ocr_carea' id='block_1_49' title="bbox 609 4795 2181 4870">
    <p class='ocr_par' dir='ltr' id='par_1_49' title="bbox 609 4795 2181 4870">
     <span class='ocr_line' id='line_1_49' title="bbox 609 4795 2181 4870; baseline -0.001 -16"><span class='ocrx_word' id='word_1_387' title='bbox 609 4798 852 4870; x_wconf 78' lang='lat' dir='ltr'><strong>captivus</strong></span> <span class='ocrx_word' id='word_1_388' title='bbox 881 4798 976 4863; x_wconf 89' lang='lat' dir='ltr'><strong>sis,</strong></span> <span class='ocrx_word' id='word_1_389' title='bbox 1005 4812 1104 4852; x_wconf 93' lang='lat' dir='ltr'><strong>nec</strong></span> <span class='ocrx_word' id='word_1_390' title='bbox 1124 4795 1226 4852; x_wconf 92' lang='lat' dir='ltr'><strong>hoc</strong></span> <span class='ocrx_word' id='word_1_391' title='bbox 1257 4797 1349 4852; x_wconf 90' lang='lat' dir='ltr'><strong>tibi</strong></span> <span class='ocrx_word' id='word_1_392' title='bbox 1375 4797 1438 4851; x_wconf 92' lang='lat' dir='ltr'><strong>ad</strong></span> <span class='ocrx_word' id='word_1_393' title='bbox 1463 4798 1712 4851; x_wconf 85' lang='lat' dir='ltr'><strong>virtutem</strong></span> <span class='ocrx_word' id='word_1_394' title='bbox 1743 4797 2181 4866; x_wconf 86' lang='lat' dir='ltr'><strong>impedimentum</strong></span> 
     </span>
    </p>
   </div>
   <div class='ocr_carea' id='block_1_50' title="bbox 606 4889 2189 4961">
    <p class='ocr_par' dir='ltr' id='par_1_50' title="bbox 606 4889 2189 4961">
     <span class='ocr_line' id='line_1_50' title="bbox 606 4889 2189 4961; baseline -0.001 -13"><span class='ocrx_word' id='word_1_395' title='bbox 606 4895 668 4952; x_wconf 84' lang='lat' dir='ltr'><strong>ﬁt</strong></span> <span class='ocrx_word' id='word_1_396' title='bbox 691 4907 705 4956; x_wconf 90' lang='lat'><strong>;</strong></span> <span class='ocrx_word' id='word_1_397' title='bbox 732 4898 787 4946; x_wconf 88' lang='lat' dir='ltr'><strong>et</strong></span> <span class='ocrx_word' id='word_1_398' title='bbox 809 4905 916 4961; x_wconf 88' lang='lat' dir='ltr'><strong>quo</strong></span> <span class='ocrx_word' id='word_1_399' title='bbox 941 4891 993 4945; x_wconf 91' lang='lat' dir='ltr'><strong>id</strong></span> <span class='ocrx_word' id='word_1_400' title='bbox 1014 4889 1173 4945; x_wconf 92' lang='lat' dir='ltr'><strong>modo</strong></span> <span class='ocrx_word' id='word_1_401' title='bbox 1201 4890 1289 4954; x_wconf 87' lang='lat' dir='ltr'><strong>sit,</strong></span> <span class='ocrx_word' id='word_1_402' title='bbox 1318 4889 1510 4944; x_wconf 89' lang='lat' dir='ltr'><strong>dicam.</strong></span> <span class='ocrx_word' id='word_1_403' title='bbox 1527 4889 1750 4957; x_wconf 86' lang='lat' dir='ltr'><strong>Quidam</strong></span> <span class='ocrx_word' id='word_1_404' title='bbox 1776 4889 2189 4946; x_wconf 90' lang='lat' dir='ltr'><strong>domesticorum</strong></span> 
     </span>
    </p>
   </div>
   <div class='ocr_carea' id='block_1_51' title="bbox 615 4980 2188 5051">
    <p class='ocr_par' dir='ltr' id='par_1_51' title="bbox 615 4980 2188 5051">
     <span class='ocr_line' id='line_1_51' title="bbox 615 4980 2188 5051; baseline -0.005 -11"><span class='ocrx_word' id='word_1_405' title='bbox 615 4997 666 5043; x_wconf 88' lang='lat' dir='ltr'><strong>te</strong></span> <span class='ocrx_word' id='word_1_406' title='bbox 701 4983 1038 5038; x_wconf 88' lang='lat' dir='ltr'><strong>contristavit</strong></span> <span class='ocrx_word' id='word_1_407' title='bbox 1065 4991 1120 5036; x_wconf 91' lang='lat' dir='ltr'><strong>et</strong></span> <span class='ocrx_word' id='word_1_408' title='bbox 1158 4982 1423 5035; x_wconf 77' lang='lat' dir='ltr'><strong>irritavit?</strong></span> <span class='ocrx_word' id='word_1_409' title='bbox 1449 4981 1548 5051; x_wconf 91' lang='lat' dir='ltr'><strong>ipsi</strong></span> <span class='ocrx_word' id='word_1_410' title='bbox 1595 4982 1726 5035; x_wconf 92' lang='lat' dir='ltr'><strong>iram</strong></span> <span class='ocrx_word' id='word_1_411' title='bbox 1762 4981 1990 5035; x_wconf 89' lang='lat' dir='ltr'><strong>remitte.</strong></span> <span class='ocrx_word' id='word_1_412' title='bbox 2021 4980 2188 5034; x_wconf 80' lang='lat' dir='ltr'><strong>Num-</strong></span> 
     </span>
    </p>
   </div>
   <div class='ocr_carea' id='block_1_52' title="bbox 609 5071 2190 5143">
    <p class='ocr_par' dir='ltr' id='par_1_52' title="bbox 609 5071 2190 5143">
     <span class='ocr_line' id='line_1_52' title="bbox 609 5071 2190 5143; baseline -0.001 -16"><span class='ocrx_word' id='word_1_413' title='bbox 609 5073 736 5143; x_wconf 79' lang='lat' dir='ltr'><strong>quid</strong></span> <span class='ocrx_word' id='word_1_414' title='bbox 767 5075 860 5130; x_wconf 93' lang='lat' dir='ltr'><strong>tibi</strong></span> <span class='ocrx_word' id='word_1_415' title='bbox 895 5074 961 5129; x_wconf 86' lang='lat' dir='ltr'><strong>ad</strong></span> <span class='ocrx_word' id='word_1_416' title='bbox 991 5073 1095 5129; x_wconf 90' lang='lat' dir='ltr'><strong>hoc</strong></span> <span class='ocrx_word' id='word_1_417' title='bbox 1137 5073 1344 5127; x_wconf 88' lang='lat' dir='ltr'><strong>vincula</strong></span> <span class='ocrx_word' id='word_1_418' title='bbox 1384 5080 1437 5128; x_wconf 86' lang='lat' dir='ltr'><strong>et</strong></span> <span class='ocrx_word' id='word_1_419' title='bbox 1467 5081 1750 5143; x_wconf 85' lang='lat' dir='ltr'><strong>paupertas</strong></span> <span class='ocrx_word' id='word_1_420' title='bbox 1787 5080 1841 5126; x_wconf 91' lang='lat' dir='ltr'><strong>et</strong></span> <span class='ocrx_word' id='word_1_421' title='bbox 1890 5071 2190 5142; x_wconf 82' lang='lat' dir='ltr'><strong>ignobilitas</strong></span> 
     </span>
    </p>
   </div>
   <div class='ocr_carea' id='block_1_53' title="bbox 617 5164 2188 5236">
    <p class='ocr_par' dir='ltr' id='par_1_53' title="bbox 617 5164 2188 5236">
     <span class='ocr_line' id='line_1_53' title="bbox 617 5164 2188 5236; baseline -0.005 -11"><span class='ocrx_word' id='word_1_422' title='bbox 617 5165 1059 5236; x_wconf 88' lang='lat' dir='ltr'><strong>impedimentum</strong></span> <span class='ocrx_word' id='word_1_423' title='bbox 1083 5164 1218 5220; x_wconf 79' lang='lat' dir='ltr'><strong>facta</strong></span> <span class='ocrx_word' id='word_1_424' title='bbox 1250 5165 1415 5219; x_wconf 88' lang='lat' dir='ltr'><strong>sunt?</strong></span> <span class='ocrx_word' id='word_1_425' title='bbox 1444 5164 1508 5218; x_wconf 85' lang='lat' dir='ltr'><strong>Et</strong></span> <span class='ocrx_word' id='word_1_426' title='bbox 1533 5164 1659 5234; x_wconf 91' lang='lat' dir='ltr'><strong>quid</strong></span> <span class='ocrx_word' id='word_1_427' title='bbox 1685 5164 1804 5219; x_wconf 91' lang='lat' dir='ltr'><strong>dico</strong></span> <span class='ocrx_word' id='word_1_428' title='bbox 1832 5164 2188 5233; x_wconf 86' lang='lat' dir='ltr'><strong>impedimen-</strong></span> 
     </span>
    </p>
   </div>
   <div class='ocr_carea' id='block_1_54' title="bbox 613 5257 2186 5330">
    <p class='ocr_par' dir='ltr' id='par_1_54' title="bbox 613 5257 2186 5330">
     <span class='ocr_line' id='line_1_54' title="bbox 613 5257 2186 5330; baseline -0.004 -12"><span class='ocrx_word' id='word_1_429' title='bbox 613 5259 770 5318; x_wconf 71' lang='lat' dir='ltr'><strong>tum?</strong></span> <span class='ocrx_word' id='word_1_430' title='bbox 797 5268 852 5314; x_wconf 89' lang='lat' dir='ltr'><strong>et</strong></span> <span class='ocrx_word' id='word_1_431' title='bbox 881 5262 1057 5330; x_wconf 91' lang='lat' dir='ltr'><strong>potius</strong></span> <span class='ocrx_word' id='word_1_432' title='bbox 1083 5259 1298 5328; x_wconf 89' lang='lat' dir='ltr'><strong>quidem</strong></span> <span class='ocrx_word' id='word_1_433' title='bbox 1325 5257 1576 5328; x_wconf 87' lang='lat' dir='ltr'><strong>adjuvant</strong></span> <span class='ocrx_word' id='word_1_434' title='bbox 1604 5275 1619 5312; x_wconf 90' lang='lat'><strong>:</strong></span> <span class='ocrx_word' id='word_1_435' title='bbox 1647 5272 1876 5328; x_wconf 86' lang='lat' dir='ltr'><strong>namque</strong></span> <span class='ocrx_word' id='word_1_436' title='bbox 1909 5265 1964 5312; x_wconf 88' lang='lat' dir='ltr'><strong>et</strong></span> <span class='ocrx_word' id='word_1_437' title='bbox 1990 5271 2186 5326; x_wconf 88' lang='lat' dir='ltr'><strong>coope-</strong></span> 
     </span>
    </p>
   </div>
   <div class='ocr_carea' id='block_1_55' title="bbox 615 5350 2189 5421">
    <p class='ocr_par' dir='ltr' id='par_1_55' title="bbox 615 5350 2189 5421">
     <span class='ocr_line' id='line_1_55' title="bbox 615 5350 2189 5421; baseline 0.001 -18"><span class='ocrx_word' id='word_1_438' title='bbox 615 5359 798 5405; x_wconf 83' lang='lat' dir='ltr'><strong>rantur</strong></span> <span class='ocrx_word' id='word_1_439' title='bbox 825 5352 893 5406; x_wconf 89' lang='lat' dir='ltr'><strong>ad</strong></span> <span class='ocrx_word' id='word_1_440' title='bbox 948 5352 1250 5421; x_wconf 90' lang='lat' dir='ltr'><strong>superbiam</strong></span> <span class='ocrx_word' id='word_1_441' title='bbox 1292 5351 1767 5421; x_wconf 88' lang='lat' dir='ltr'><strong>comprimendam.</strong></span> <span class='ocrx_word' id='word_1_442' title='bbox 1796 5350 1986 5405; x_wconf 70' lang='lat' dir='ltr'><strong>Vidisti</strong></span> <span class='ocrx_word' id='word_1_443' title='bbox 2026 5351 2189 5405; x_wconf 89' lang='lat' dir='ltr'><strong>alium</strong></span> 
     </span>
    </p>
   </div>
   <div class='ocr_carea' id='block_1_56' title="bbox 613 5440 2196 5512">
    <p class='ocr_par' dir='ltr' id='par_1_56' title="bbox 613 5440 2196 5512">
     <span class='ocr_line' id='line_1_56' title="bbox 613 5440 2196 5512; baseline 0 -16"><span class='ocrx_word' id='word_1_444' title='bbox 613 5440 839 5496; x_wconf 86' lang='lat' dir='ltr'><strong>feliciter</strong></span> <span class='ocrx_word' id='word_1_445' title='bbox 875 5443 1162 5511; x_wconf 85' lang='lat' dir='ltr'><strong>agentem?</strong></span> <span class='ocrx_word' id='word_1_446' title='bbox 1189 5459 1256 5499; x_wconf 85' lang='lat' dir='ltr'><strong>ne</strong></span> <span class='ocrx_word' id='word_1_447' title='bbox 1284 5443 1522 5498; x_wconf 88' lang='lat' dir='ltr'><strong>invideas</strong></span> <span class='ocrx_word' id='word_1_448' title='bbox 1546 5460 1560 5510; x_wconf 93' lang='lat'><strong>;</strong></span> <span class='ocrx_word' id='word_1_449' title='bbox 1582 5459 1705 5498; x_wconf 87' lang='lat' dir='ltr'><strong>nam</strong></span> <span class='ocrx_word' id='word_1_450' title='bbox 1732 5458 1830 5498; x_wconf 89' lang='lat' dir='ltr'><strong>nec</strong></span> <span class='ocrx_word' id='word_1_451' title='bbox 1855 5442 1940 5496; x_wconf 92' lang='lat' dir='ltr'><strong>hic</strong></span> <span class='ocrx_word' id='word_1_452' title='bbox 1971 5457 2196 5512; x_wconf 80' lang='lat' dir='ltr'><strong>pauper-</strong></span> 
     </span>
    </p>
   </div>
   <div class='ocr_carea' id='block_1_57' title="bbox 619 5532 2191 5601">
    <p class='ocr_par' dir='ltr' id='par_1_57' title="bbox 619 5532 2191 5601">
     <span class='ocr_line' id='line_1_57' title="bbox 619 5532 2191 5601; baseline 0.003 -16"><span class='ocrx_word' id='word_1_453' title='bbox 619 5542 699 5586; x_wconf 81' lang='lat' dir='ltr'><strong>tas</strong></span> <span class='ocrx_word' id='word_1_454' title='bbox 724 5532 1156 5601; x_wconf 86' lang='lat' dir='ltr'><strong>impedimentum</strong></span> <span class='ocrx_word' id='word_1_455' title='bbox 1184 5545 1282 5590; x_wconf 88' lang='lat' dir='ltr'><strong>est.</strong></span> <span class='ocrx_word' id='word_1_456' title='bbox 1309 5535 1538 5591; x_wconf 81' lang='lat' dir='ltr'><strong>Rursum</strong></span> <span class='ocrx_word' id='word_1_457' title='bbox 1581 5551 1700 5592; x_wconf 91' lang='lat' dir='ltr'><strong>cum</strong></span> <span class='ocrx_word' id='word_1_458' title='bbox 1736 5550 1892 5590; x_wconf 88' lang='lat' dir='ltr'><strong>orare</strong></span> <span class='ocrx_word' id='word_1_459' title='bbox 1920 5535 2191 5601; x_wconf 85' lang='lat' dir='ltr'><strong>convenit,</strong></span> 
     </span>
    </p>
   </div>
   <div class='ocr_carea' id='block_1_58' title="bbox 618 5622 2191 5696">
    <p class='ocr_par' dir='ltr' id='par_1_58' title="bbox 618 5622 2191 5696">
     <span class='ocr_line' id='line_1_58' title="bbox 618 5622 2191 5696; baseline 0.004 -19"><span class='ocrx_word' id='word_1_460' title='bbox 618 5622 794 5679; x_wconf 81' lang='lat' dir='ltr'><strong>sobria</strong></span> <span class='ocrx_word' id='word_1_461' title='bbox 818 5631 872 5678; x_wconf 87' lang='lat' dir='ltr'><strong>et</strong></span> <span class='ocrx_word' id='word_1_462' title='bbox 899 5623 1042 5690; x_wconf 79' lang='lat' dir='ltr'><strong>vigili</strong></span> <span class='ocrx_word' id='word_1_463' title='bbox 1067 5635 1247 5682; x_wconf 86' lang='lat' dir='ltr'><strong>mente</strong></span> <span class='ocrx_word' id='word_1_464' title='bbox 1273 5625 1374 5682; x_wconf 91' lang='lat' dir='ltr'><strong>hoc</strong></span> <span class='ocrx_word' id='word_1_465' title='bbox 1405 5636 1598 5696; x_wconf 66' lang='lat' dir='ltr'><strong>praesta</strong></span> <span class='ocrx_word' id='word_1_466' title='bbox 1623 5668 1640 5694; x_wconf 91' lang='lat'><strong>,</strong></span> <span class='ocrx_word' id='word_1_467' title='bbox 1671 5635 1726 5685; x_wconf 91' lang='lat' dir='ltr'><strong>et</strong></span> <span class='ocrx_word' id='word_1_468' title='bbox 1754 5640 1852 5684; x_wconf 91' lang='lat' dir='ltr'><strong>nec</strong></span> <span class='ocrx_word' id='word_1_469' title='bbox 1891 5624 1977 5682; x_wconf 87' lang='lat' dir='ltr'><strong>hic</strong></span> <span class='ocrx_word' id='word_1_470' title='bbox 2022 5626 2191 5684; x_wconf 89' lang='lat' dir='ltr'><strong>ullum</strong></span> 
     </span>
    </p>
   </div>
   <div class='ocr_carea' id='block_1_59' title="bbox 681 5795 1684 5859">
    <p class='ocr_par' dir='ltr' id='par_1_59' title="bbox 681 5795 1684 5859">
     <span class='ocr_line' id='line_1_59' title="bbox 681 5795 1684 5859; baseline 0.01 -13"><span class='ocrx_word' id='word_1_471' title='bbox 681 5798 696 5829; x_wconf 88' lang='grc'>¹</span> <span class='ocrx_word' id='word_1_472' title='bbox 735 5795 819 5847; x_wconf 74' lang='lat' dir='ltr'><strong>Alii</strong></span> <span class='ocrx_word' id='word_1_473' title='bbox 838 5811 945 5848; x_wconf 90' lang='lat' dir='ltr'><strong>cum</strong></span> <span class='ocrx_word' id='word_1_474' title='bbox 977 5798 1133 5859; x_wconf 81' lang='lat' dir='ltr'><strong>Savil.,</strong></span> <span class='ocrx_word' id='word_1_475' title='bbox 1160 5799 1266 5850; x_wconf 74' lang='lat' dir='ltr'><strong>dcte</strong></span> <span class='ocrx_word' id='word_1_476' title='bbox 1285 5803 1684 5856; x_wconf 74' lang='lat' dir='ltr'><strong>cmuuetudinem.</strong></span> 
     </span>
    </p>
   </div>
   <div class='ocr_carea' id='block_1_60' title="bbox 1320 373 3128 440">
    <p class='ocr_par' dir='ltr' id='par_1_60' title="bbox 1320 373 3128 440">
     <span class='ocr_line' id='line_1_60' title="bbox 1320 373 3128 440; baseline 0.001 -2"><span class='ocrx_word' id='word_1_477' title='bbox 1320 383 1378 438; x_wconf 82' lang='lat' dir='ltr'><strong>S.</strong></span> <span class='ocrx_word' id='word_1_478' title='bbox 1416 381 1693 437; x_wconf 72' lang='lat' dir='ltr'><strong>JOANNlS</strong></span> <span class='ocrx_word' id='word_1_479' title='bbox 1731 373 2202 434; x_wconf 64' lang='lat' dir='ltr'><strong>ClIRYSOSTOSII</strong></span> <span class='ocrx_word' id='word_1_480' title='bbox 2239 375 2551 432; x_wconf 76' lang='lat' dir='ltr'><strong>ARCllIEP.</strong></span> <span class='ocrx_word' id='word_1_481' title='bbox 2597 378 3128 440; x_wconf 66' lang='lat' dir='ltr'><strong>CONSTAN’IL‘IOP.</strong></span> 
     </span>
    </p>
   </div>
   <div class='ocr_carea' id='block_1_61' title="bbox 2269 491 3736 573">
    <p class='ocr_par' dir='ltr' id='par_1_61' title="bbox 2269 491 3736 573">
     <span class='ocr_line' id='line_1_61' title="bbox 2269 491 3736 573; baseline 0.019 -30"><span class='ocrx_word' id='word_1_482' title='bbox 2269 491 2371 544; x_wconf 84' lang='lat' dir='ltr'><strong>erit</strong></span> <span class='ocrx_word' id='word_1_483' title='bbox 2437 491 2792 549; x_wconf 89' lang='lat' dir='ltr'><strong>obstaculum.</strong></span> <span class='ocrx_word' id='word_1_484' title='bbox 2882 496 3295 569; x_wconf 78' lang='lat' dir='ltr'><strong>Benignitatem,</strong></span> <span class='ocrx_word' id='word_1_485' title='bbox 3359 511 3736 573; x_wconf 82' lang='lat' dir='ltr'><strong>mansuetudinem</strong></span> 
     </span>
    </p>
   </div>
   <div class='ocr_carea' id='block_1_62' title="bbox 2265 585 3736 662">
    <p class='ocr_par' dir='ltr' id='par_1_62' title="bbox 2265 585 3736 662">
     <span class='ocr_line' id='line_1_62' title="bbox 2265 585 3736 662; baseline 0.017 -25"><span class='ocrx_word' id='word_1_486' title='bbox 2265 597 2476 637; x_wconf 87' lang='lat' dir='ltr'><strong>omnem</strong></span> <span class='ocrx_word' id='word_1_487' title='bbox 2525 585 2750 651; x_wconf 79' lang='lat' dir='ltr'><strong>exhibe,</strong></span> <span class='ocrx_word' id='word_1_488' title='bbox 2780 588 3126 654; x_wconf 76' lang='lat' dir='ltr'><strong>modestiam,</strong></span> <span class='ocrx_word' id='word_1_489' title='bbox 3157 592 3462 652; x_wconf 86' lang='lat' dir='ltr'><strong>honestatem</strong></span> <span class='ocrx_word' id='word_1_490' title='bbox 3488 617 3500 653; x_wconf 88' lang='lat'><strong>:</strong></span> <span class='ocrx_word' id='word_1_491' title='bbox 3528 618 3609 659; x_wconf 88' lang='lat' dir='ltr'><strong>nec</strong></span> <span class='ocrx_word' id='word_1_492' title='bbox 3628 608 3736 662; x_wconf 85' lang='lat' dir='ltr'><strong>enim</strong></span> 
     </span>
    </p>
   </div>
   <div class='ocr_carea' id='block_1_63' title="bbox 2265 673 3737 752">
    <p class='ocr_par' dir='ltr' id='par_1_63' title="bbox 2265 673 3737 752">
     <span class='ocr_line' id='line_1_63' title="bbox 2265 673 3737 752; baseline 0.018 -26"><span class='ocrx_word' id='word_1_493' title='bbox 2265 673 2362 727; x_wconf 74' lang='lat' dir='ltr'><strong>ista</strong></span> <span class='ocrx_word' id='word_1_494' title='bbox 2393 675 2714 730; x_wconf 86' lang='lat' dir='ltr'><strong>exteriorum</strong></span> <span class='ocrx_word' id='word_1_495' title='bbox 2744 677 2977 749; x_wconf 91' lang='lat' dir='ltr'><strong>indigent</strong></span> <span class='ocrx_word' id='word_1_496' title='bbox 3001 683 3328 739; x_wconf 87' lang='lat' dir='ltr'><strong>auxiliorum.</strong></span> <span class='ocrx_word' id='word_1_497' title='bbox 3365 688 3424 744; x_wconf 83' lang='lat' dir='ltr'><strong>Et</strong></span> <span class='ocrx_word' id='word_1_498' title='bbox 3450 691 3536 746; x_wconf 89' lang='lat' dir='ltr'><strong>hoc</strong></span> <span class='ocrx_word' id='word_1_499' title='bbox 3566 704 3632 750; x_wconf 79' lang='lat' dir='ltr'><strong>est</strong></span> <span class='ocrx_word' id='word_1_500' title='bbox 3665 697 3737 752; x_wconf 83' lang='lat' dir='ltr'><strong>im-</strong></span> 
     </span>
    </p>
   </div>
   <div class='ocr_carea' id='block_1_64' title="bbox 2266 766 3741 852">
    <p class='ocr_par' dir='ltr' id='par_1_64' title="bbox 2266 766 3741 852">
     <span class='ocr_line' id='line_1_64' title="bbox 2266 766 3741 852; baseline 0.016 -36"><span class='ocrx_word' id='word_1_501' title='bbox 2266 766 2452 834; x_wconf 89' lang='lat' dir='ltr'><strong>primis</strong></span> <span class='ocrx_word' id='word_1_502' title='bbox 2482 768 2772 823; x_wconf 87' lang='lat' dir='ltr'><strong>maximum</strong></span> <span class='ocrx_word' id='word_1_503' title='bbox 2799 772 2814 800; x_wconf 86' lang='grc'>¹</span> <span class='ocrx_word' id='word_1_504' title='bbox 2837 813 2851 835; x_wconf 89' lang='grc'>,</span> <span class='ocrx_word' id='word_1_505' title='bbox 2882 771 3028 841; x_wconf 88' lang='lat' dir='ltr'><strong>quod</strong></span> <span class='ocrx_word' id='word_1_506' title='bbox 3053 789 3160 827; x_wconf 92' lang='lat' dir='ltr'><strong>non</strong></span> <span class='ocrx_word' id='word_1_507' title='bbox 3186 775 3390 843; x_wconf 87' lang='lat' dir='ltr'><strong>divitiis,</strong></span> <span class='ocrx_word' id='word_1_508' title='bbox 3415 796 3506 834; x_wconf 92' lang='lat' dir='ltr'><strong>non</strong></span> <span class='ocrx_word' id='word_1_509' title='bbox 3533 786 3741 852; x_wconf 78' lang='lat' dir='ltr'><strong>potentia,</strong></span> 
     </span>
    </p>
   </div>
   <div class='ocr_carea' id='block_1_65' title="bbox 2265 858 3743 943">
    <p class='ocr_par' dir='ltr' id='par_1_65' title="bbox 2265 858 3743 943">
     <span class='ocr_line' id='line_1_65' title="bbox 2265 858 3743 943; baseline 0.013 -32"><span class='ocrx_word' id='word_1_510' title='bbox 2265 869 2370 912; x_wconf 60' lang='lat' dir='ltr'><strong>non</strong></span> <span class='ocrx_word' id='word_1_511' title='bbox 2397 858 2584 927; x_wconf 86' lang='lat' dir='ltr'><strong>gloria,</strong></span> <span class='ocrx_word' id='word_1_512' title='bbox 2609 876 2713 914; x_wconf 90' lang='lat' dir='ltr'><strong>non</strong></span> <span class='ocrx_word' id='word_1_513' title='bbox 2751 861 2852 916; x_wconf 87' lang='lat' dir='ltr'><strong>alia</strong></span> <span class='ocrx_word' id='word_1_514' title='bbox 2901 865 3147 934; x_wconf 87' lang='lat' dir='ltr'><strong>quapiam</strong></span> <span class='ocrx_word' id='word_1_515' title='bbox 3175 867 3346 922; x_wconf 91' lang='lat' dir='ltr'><strong>talium</strong></span> <span class='ocrx_word' id='word_1_516' title='bbox 3373 886 3526 925; x_wconf 87' lang='lat' dir='ltr'><strong>rerum</strong></span> <span class='ocrx_word' id='word_1_517' title='bbox 3545 887 3652 943; x_wconf 88' lang='lat' dir='ltr'><strong>opus</strong></span> <span class='ocrx_word' id='word_1_518' title='bbox 3673 876 3743 930; x_wconf 77' lang='lat' dir='ltr'><strong>lla-</strong></span> 
     </span>
    </p>
   </div>
   <div class='ocr_carea' id='block_1_66' title="bbox 2266 947 3749 1032">
    <p class='ocr_par' dir='ltr' id='par_1_66' title="bbox 2266 947 3749 1032">
     <span class='ocr_line' id='line_1_66' title="bbox 2266 947 3749 1032; baseline 0.011 -30"><span class='ocrx_word' id='word_1_519' title='bbox 2266 947 2408 1015; x_wconf 89' lang='lat' dir='ltr'><strong>beat,</strong></span> <span class='ocrx_word' id='word_1_520' title='bbox 2431 951 2524 1005; x_wconf 90' lang='lat' dir='ltr'><strong>sed</strong></span> <span class='ocrx_word' id='word_1_521' title='bbox 2552 953 2729 1005; x_wconf 85' lang='lat' dir='ltr'><strong>anima</strong></span> <span class='ocrx_word' id='word_1_522' title='bbox 2773 962 2975 1008; x_wconf 91' lang='lat' dir='ltr'><strong>tantum</strong></span> <span class='ocrx_word' id='word_1_523' title='bbox 3018 957 3367 1024; x_wconf 85' lang='lat' dir='ltr'><strong>sanctiﬁcata,</strong></span> <span class='ocrx_word' id='word_1_524' title='bbox 3395 970 3444 1015; x_wconf 90' lang='lat' dir='ltr'><strong>et</strong></span> <span class='ocrx_word' id='word_1_525' title='bbox 3473 963 3538 1016; x_wconf 89' lang='lat' dir='ltr'><strong>nil</strong></span> <span class='ocrx_word' id='word_1_526' title='bbox 3571 964 3749 1032; x_wconf 84' lang='lat' dir='ltr'><strong>amplius</strong></span> 
     </span>
    </p>
   </div>
   <div class='ocr_carea' id='block_1_67' title="bbox 2267 1039 3746 1119">
    <p class='ocr_par' dir='ltr' id='par_1_67' title="bbox 2267 1039 3746 1119">
     <span class='ocr_line' id='line_1_67' title="bbox 2267 1039 3746 1119; baseline 0.012 -27"><span class='ocrx_word' id='word_1_527' title='bbox 2267 1039 2516 1110; x_wconf 89' lang='lat' dir='ltr'><strong>inquirat.</strong></span> <span class='ocrx_word' id='word_1_528' title='bbox 2549 1042 2774 1113; x_wconf 80' lang='lat' dir='ltr'><strong>Respice</strong></span> <span class='ocrx_word' id='word_1_529' title='bbox 2800 1060 2927 1099; x_wconf 91' lang='lat' dir='ltr'><strong>vero</strong></span> <span class='ocrx_word' id='word_1_530' title='bbox 2969 1055 3023 1100; x_wconf 92' lang='lat' dir='ltr'><strong>et</strong></span> <span class='ocrx_word' id='word_1_531' title='bbox 3065 1047 3116 1101; x_wconf 89' lang='lat' dir='ltr'><strong>in</strong></span> <span class='ocrx_word' id='word_1_532' title='bbox 3151 1050 3311 1117; x_wconf 88' lang='lat' dir='ltr'><strong>gratia</strong></span> <span class='ocrx_word' id='word_1_533' title='bbox 3339 1050 3431 1104; x_wconf 92' lang='lat' dir='ltr'><strong>hoc</strong></span> <span class='ocrx_word' id='word_1_534' title='bbox 3454 1051 3600 1119; x_wconf 86' lang='lat' dir='ltr'><strong>ipsum</strong></span> <span class='ocrx_word' id='word_1_535' title='bbox 3625 1054 3746 1110; x_wconf 82' lang='lat' dir='ltr'><strong>ﬁeri:</strong></span> 
     </span>
    </p>
   </div>
   <div class='ocr_carea' id='block_1_68' title="bbox 2266 1131 3755 1210">
    <p class='ocr_par' dir='ltr' id='par_1_68' title="bbox 2266 1131 3755 1210">
     <span class='ocr_line' id='line_1_68' title="bbox 2266 1131 3755 1210; baseline 0.01 -27"><span class='ocrx_word' id='word_1_536' title='bbox 2266 1131 2378 1186; x_wconf 87' lang='lat' dir='ltr'><strong>sive</strong></span> <span class='ocrx_word' id='word_1_537' title='bbox 2404 1133 2521 1201; x_wconf 90' lang='lat' dir='ltr'><strong>quis</strong></span> <span class='ocrx_word' id='word_1_538' title='bbox 2549 1134 2689 1188; x_wconf 90' lang='lat' dir='ltr'><strong>enim</strong></span> <span class='ocrx_word' id='word_1_539' title='bbox 2710 1134 2994 1203; x_wconf 87' lang='lat' dir='ltr'><strong>claudicet,</strong></span> <span class='ocrx_word' id='word_1_540' title='bbox 3021 1147 3077 1193; x_wconf 92' lang='lat' dir='ltr'><strong>et</strong></span> <span class='ocrx_word' id='word_1_541' title='bbox 3101 1139 3295 1193; x_wconf 88' lang='lat' dir='ltr'><strong>evulsis</strong></span> <span class='ocrx_word' id='word_1_542' title='bbox 3318 1140 3384 1194; x_wconf 88' lang='lat' dir='ltr'><strong>sit</strong></span> <span class='ocrx_word' id='word_1_543' title='bbox 3405 1143 3553 1197; x_wconf 87' lang='lat' dir='ltr'><strong>oculis</strong></span> <span class='ocrx_word' id='word_1_544' title='bbox 3571 1185 3584 1210; x_wconf 90' lang='lat'><strong>,</strong></span> <span class='ocrx_word' id='word_1_545' title='bbox 3607 1154 3650 1198; x_wconf 88' lang='lat' dir='ltr'><strong>et</strong></span> <span class='ocrx_word' id='word_1_546' title='bbox 3665 1159 3755 1200; x_wconf 82' lang='lat' dir='ltr'><strong>cor-</strong></span> 
     </span>
    </p>
   </div>
   <div class='ocr_carea' id='block_1_69' title="bbox 2265 1223 3753 1301">
    <p class='ocr_par' dir='ltr' id='par_1_69' title="bbox 2265 1223 3753 1301">
     <span class='ocr_line' id='line_1_69' title="bbox 2265 1223 3753 1301; baseline 0.009 -26"><span class='ocrx_word' id='word_1_547' title='bbox 2265 1236 2396 1292; x_wconf 88' lang='lat' dir='ltr'><strong>pore</strong></span> <span class='ocrx_word' id='word_1_548' title='bbox 2452 1223 2688 1292; x_wconf 91' lang='lat' dir='ltr'><strong>mutilus,</strong></span> <span class='ocrx_word' id='word_1_549' title='bbox 2729 1225 2840 1280; x_wconf 89' lang='lat' dir='ltr'><strong>sive</strong></span> <span class='ocrx_word' id='word_1_550' title='bbox 2879 1226 2932 1280; x_wconf 91' lang='lat' dir='ltr'><strong>in</strong></span> <span class='ocrx_word' id='word_1_551' title='bbox 2979 1237 3269 1284; x_wconf 79' lang='lat' dir='ltr'><strong>extremam</strong></span> <span class='ocrx_word' id='word_1_552' title='bbox 3315 1229 3538 1301; x_wconf 86' lang='lat' dir='ltr'><strong>delapsus</strong></span> <span class='ocrx_word' id='word_1_553' title='bbox 3577 1233 3753 1288; x_wconf 80' lang='lat' dir='ltr'><strong>inlimi-</strong></span> 
     </span>
    </p>
   </div>
   <div class='ocr_carea' id='block_1_70' title="bbox 2268 1314 3758 1392">
    <p class='ocr_par' dir='ltr' id='par_1_70' title="bbox 2268 1314 3758 1392">
     <span class='ocr_line' id='line_1_70' title="bbox 2268 1314 3758 1392; baseline 0.011 -26"><span class='ocrx_word' id='word_1_554' title='bbox 2268 1323 2453 1378; x_wconf 89' lang='lat' dir='ltr'><strong>tatem,</strong></span> <span class='ocrx_word' id='word_1_555' title='bbox 2485 1314 2553 1368; x_wconf 94' lang='lat' dir='ltr'><strong>ab</strong></span> <span class='ocrx_word' id='word_1_556' title='bbox 2581 1316 2769 1371; x_wconf 88' lang='lat' dir='ltr'><strong>horum</strong></span> <span class='ocrx_word' id='word_1_557' title='bbox 2796 1319 2942 1372; x_wconf 90' lang='lat' dir='ltr'><strong>nullo</strong></span> <span class='ocrx_word' id='word_1_558' title='bbox 2960 1322 3129 1388; x_wconf 85' lang='lat' dir='ltr'><strong>gratia</strong></span> <span class='ocrx_word' id='word_1_559' title='bbox 3150 1322 3330 1377; x_wconf 86' lang='lat' dir='ltr'><strong>venire</strong></span> <span class='ocrx_word' id='word_1_560' title='bbox 3353 1324 3644 1392; x_wconf 79' lang='lat' dir='ltr'><strong>prohibetur.</strong></span> <span class='ocrx_word' id='word_1_561' title='bbox 3662 1327 3758 1381; x_wconf 76' lang='lat' dir='ltr'><strong>Ani-</strong></span> 
     </span>
    </p>
   </div>
   <div class='ocr_carea' id='block_1_71' title="bbox 2266 1406 3756 1478">
    <p class='ocr_par' dir='ltr' id='par_1_71' title="bbox 2266 1406 3756 1478">
     <span class='ocr_line' id='line_1_71' title="bbox 2266 1406 3756 1478; baseline 0.009 -22"><span class='ocrx_word' id='word_1_562' title='bbox 2266 1418 2407 1456; x_wconf 89' lang='lat' dir='ltr'><strong>mam</strong></span> <span class='ocrx_word' id='word_1_563' title='bbox 2435 1406 2576 1460; x_wconf 90' lang='lat' dir='ltr'><strong>enim</strong></span> <span class='ocrx_word' id='word_1_564' title='bbox 2605 1410 2833 1478; x_wconf 76' lang='lat' dir='ltr'><strong>exquirit</strong></span> <span class='ocrx_word' id='word_1_565' title='bbox 2870 1409 3038 1464; x_wconf 90' lang='lat' dir='ltr'><strong>solam</strong></span> <span class='ocrx_word' id='word_1_566' title='bbox 3088 1425 3146 1466; x_wconf 88' lang='lat' dir='ltr'><strong>se</strong></span> <span class='ocrx_word' id='word_1_567' title='bbox 3188 1425 3308 1466; x_wconf 92' lang='lat' dir='ltr'><strong>cum</strong></span> <span class='ocrx_word' id='word_1_568' title='bbox 3341 1413 3591 1469; x_wconf 86' lang='lat' dir='ltr'><strong>alacritate</strong></span> <span class='ocrx_word' id='word_1_569' title='bbox 3623 1417 3756 1471; x_wconf 77' lang='lat' dir='ltr'><strong>susei-</strong></span> 
     </span>
    </p>
   </div>
   <div class='ocr_carea' id='block_1_72' title="bbox 2268 1496 3759 1576">
    <p class='ocr_par' dir='ltr' id='par_1_72' title="bbox 2268 1496 3759 1576">
     <span class='ocr_line' id='line_1_72' title="bbox 2268 1496 3759 1576; baseline 0.009 -30"><span class='ocrx_word' id='word_1_570' title='bbox 2268 1496 2501 1562; x_wconf 76' lang='lat' dir='ltr'><strong>pientem</strong></span> <span class='ocrx_word' id='word_1_571' title='bbox 2531 1539 2546 1561; x_wconf 91' lang='lat'><strong>,</strong></span> <span class='ocrx_word' id='word_1_572' title='bbox 2593 1509 2647 1554; x_wconf 93' lang='lat' dir='ltr'><strong>et</strong></span> <span class='ocrx_word' id='word_1_573' title='bbox 2705 1501 2817 1556; x_wconf 70' lang='lat' dir='ltr'><strong>btec</strong></span> <span class='ocrx_word' id='word_1_574' title='bbox 2890 1502 3070 1556; x_wconf 90' lang='lat' dir='ltr'><strong>omnia</strong></span> <span class='ocrx_word' id='word_1_575' title='bbox 3130 1505 3390 1560; x_wconf 85' lang='lat' dir='ltr'><strong>exteriora</strong></span> <span class='ocrx_word' id='word_1_576' title='bbox 3446 1507 3759 1576; x_wconf 64' lang='lat' dir='ltr'><strong>praeut-currit.</strong></span> 
     </span>
    </p>
   </div>
   <div class='ocr_carea' id='block_1_73' title="bbox 2268 1587 3766 1664">
    <p class='ocr_par' dir='ltr' id='par_1_73' title="bbox 2268 1587 3766 1664">
     <span class='ocr_line' id='line_1_73' title="bbox 2268 1587 3766 1664; baseline 0.007 -24"><span class='ocrx_word' id='word_1_577' title='bbox 2268 1587 2621 1642; x_wconf 83' lang='lat' dir='ltr'><strong>Externorum</strong></span> <span class='ocrx_word' id='word_1_578' title='bbox 2649 1589 2860 1660; x_wconf 87' lang='lat' dir='ltr'><strong>quidem</strong></span> <span class='ocrx_word' id='word_1_579' title='bbox 2893 1592 3117 1646; x_wconf 87' lang='lat' dir='ltr'><strong>militum</strong></span> <span class='ocrx_word' id='word_1_580' title='bbox 3144 1602 3198 1648; x_wconf 91' lang='lat' dir='ltr'><strong>et</strong></span> <span class='ocrx_word' id='word_1_581' title='bbox 3226 1597 3459 1664; x_wconf 91' lang='lat' dir='ltr'><strong>corporis</strong></span> <span class='ocrx_word' id='word_1_582' title='bbox 3483 1606 3698 1651; x_wconf 81' lang='lat' dir='ltr'><strong>staturam</strong></span> <span class='ocrx_word' id='word_1_583' title='bbox 3723 1605 3766 1651; x_wconf 88' lang='lat' dir='ltr'><strong>et</strong></span> 
     </span>
    </p>
   </div>
   <div class='ocr_carea' id='block_1_74' title="bbox 2266 1678 3768 1757">
    <p class='ocr_par' dir='ltr' id='par_1_74' title="bbox 2266 1678 3768 1757">
     <span class='ocr_line' id='line_1_74' title="bbox 2266 1678 3768 1757; baseline 0.007 -25"><span class='ocrx_word' id='word_1_584' title='bbox 2266 1678 2460 1732; x_wconf 91' lang='lat' dir='ltr'><strong>bonam</strong></span> <span class='ocrx_word' id='word_1_585' title='bbox 2488 1681 2665 1734; x_wconf 91' lang='lat' dir='ltr'><strong>carnis</strong></span> <span class='ocrx_word' id='word_1_586' title='bbox 2705 1680 3069 1738; x_wconf 88' lang='lat' dir='ltr'><strong>habitudinem</strong></span> <span class='ocrx_word' id='word_1_587' title='bbox 3099 1686 3380 1754; x_wconf 88' lang='lat' dir='ltr'><strong>exquirunt</strong></span> <span class='ocrx_word' id='word_1_588' title='bbox 3406 1688 3489 1757; x_wconf 90' lang='lat' dir='ltr'><strong>qui</strong></span> <span class='ocrx_word' id='word_1_589' title='bbox 3517 1689 3639 1757; x_wconf 87' lang='lat' dir='ltr'><strong>ipsos</strong></span> <span class='ocrx_word' id='word_1_590' title='bbox 3659 1688 3768 1743; x_wconf 87' lang='lat' dir='ltr'><strong>mili-</strong></span> 
     </span>
    </p>
   </div>
   <div class='ocr_carea' id='block_1_75' title="bbox 2267 1769 3770 1838">
    <p class='ocr_par' dir='ltr' id='par_1_75' title="bbox 2267 1769 3770 1838">
     <span class='ocr_line' id='line_1_75' title="bbox 2267 1769 3770 1838; baseline 0.008 -16"><span class='ocrx_word' id='word_1_591' title='bbox 2267 1769 2355 1822; x_wconf 70' lang='lat' dir='ltr'><strong>tiae</strong></span> <span class='ocrx_word' id='word_1_592' title='bbox 2399 1770 2742 1838; x_wconf 83' lang='lat' dir='ltr'><strong>adscribunt;</strong></span> <span class='ocrx_word' id='word_1_593' title='bbox 2776 1788 2882 1827; x_wconf 91' lang='lat' dir='ltr'><strong>non</strong></span> <span class='ocrx_word' id='word_1_594' title='bbox 2947 1773 3062 1829; x_wconf 71' lang='lat' dir='ltr'><strong>haec</strong></span> <span class='ocrx_word' id='word_1_595' title='bbox 3106 1785 3285 1831; x_wconf 86' lang='lat' dir='ltr'><strong>autem</strong></span> <span class='ocrx_word' id='word_1_596' title='bbox 3327 1779 3436 1833; x_wconf 87' lang='lat' dir='ltr'><strong>sola</strong></span> <span class='ocrx_word' id='word_1_597' title='bbox 3483 1780 3770 1834; x_wconf 84' lang='lat' dir='ltr'><strong>militaturum</strong></span> 
     </span>
    </p>
   </div>
   <div class='ocr_carea' id='block_1_76' title="bbox 2267 1861 3770 1939">
    <p class='ocr_par' dir='ltr' id='par_1_76' title="bbox 2267 1861 3770 1939">
     <span class='ocr_line' id='line_1_76' title="bbox 2267 1861 3770 1939; baseline 0.005 -25"><span class='ocrx_word' id='word_1_598' title='bbox 2267 1871 2479 1931; x_wconf 91' lang='lat' dir='ltr'><strong>oportet</strong></span> <span class='ocrx_word' id='word_1_599' title='bbox 2509 1861 2726 1927; x_wconf 84' lang='lat' dir='ltr'><strong>habere,</strong></span> <span class='ocrx_word' id='word_1_600' title='bbox 2760 1879 2946 1919; x_wconf 88' lang='lat' dir='ltr'><strong>verum</strong></span> <span class='ocrx_word' id='word_1_601' title='bbox 2988 1875 3043 1920; x_wconf 91' lang='lat' dir='ltr'><strong>et</strong></span> <span class='ocrx_word' id='word_1_602' title='bbox 3081 1866 3380 1922; x_wconf 85' lang='lat' dir='ltr'><strong>libertatem</strong></span> <span class='ocrx_word' id='word_1_603' title='bbox 3401 1885 3415 1934; x_wconf 87' lang='lat'><strong>;</strong></span> <span class='ocrx_word' id='word_1_604' title='bbox 3438 1869 3481 1923; x_wconf 91' lang='lat' dir='ltr'><strong>si</strong></span> <span class='ocrx_word' id='word_1_605' title='bbox 3521 1871 3627 1939; x_wconf 86' lang='lat' dir='ltr'><strong>quis</strong></span> <span class='ocrx_word' id='word_1_606' title='bbox 3659 1870 3770 1924; x_wconf 82' lang='lat' dir='ltr'><strong>enim</strong></span> 
     </span>
    </p>
   </div>
   <div class='ocr_carea' id='block_1_77' title="bbox 2269 1954 3774 2024">
    <p class='ocr_par' dir='ltr' id='par_1_77' title="bbox 2269 1954 3774 2024">
     <span class='ocr_line' id='line_1_77' title="bbox 2269 1954 3774 2024; baseline 0.005 -19"><span class='ocrx_word' id='word_1_607' title='bbox 2269 1954 2342 2006; x_wconf 90' lang='lat' dir='ltr'><strong>sit</strong></span> <span class='ocrx_word' id='word_1_608' title='bbox 2387 1967 2573 2007; x_wconf 85' lang='lat' dir='ltr'><strong>servus</strong></span> <span class='ocrx_word' id='word_1_609' title='bbox 2603 1996 2618 2022; x_wconf 96' lang='lat'><strong>,</strong></span> <span class='ocrx_word' id='word_1_610' title='bbox 2667 1955 2906 2024; x_wconf 89' lang='lat' dir='ltr'><strong>rejicitur</strong></span> <span class='ocrx_word' id='word_1_611' title='bbox 2945 1976 2956 2010; x_wconf 93' lang='lat'>:</span> <span class='ocrx_word' id='word_1_612' title='bbox 2987 1957 3242 2012; x_wconf 69' lang='lat' dir='ltr'><strong>caelorum</strong></span> <span class='ocrx_word' id='word_1_613' title='bbox 3295 1969 3465 2013; x_wconf 86' lang='lat' dir='ltr'><strong>autem</strong></span> <span class='ocrx_word' id='word_1_614' title='bbox 3508 1960 3610 2014; x_wconf 80' lang='lat' dir='ltr'><strong>Rex</strong></span> <span class='ocrx_word' id='word_1_615' title='bbox 3633 1961 3650 1991; x_wconf 78' lang='grc'><strong><em>⁸</em></strong></span> <span class='ocrx_word' id='word_1_616' title='bbox 3674 1960 3774 2013; x_wconf 84' lang='lat' dir='ltr'><strong>nihil</strong></span> 
     </span>
    </p>
   </div>
   <div class='ocr_carea' id='block_1_78' title="bbox 2270 2047 3774 2117">
    <p class='ocr_par' dir='ltr' id='par_1_78' title="bbox 2270 2047 3774 2117">
     <span class='ocr_line' id='line_1_78' title="bbox 2270 2047 3774 2117; baseline 0.002 -16"><span class='ocrx_word' id='word_1_617' title='bbox 2270 2048 2371 2101; x_wconf 81' lang='lat' dir='ltr'><strong>tale</strong></span> <span class='ocrx_word' id='word_1_618' title='bbox 2393 2047 2636 2117; x_wconf 91' lang='lat' dir='ltr'><strong>requirit,</strong></span> <span class='ocrx_word' id='word_1_619' title='bbox 2663 2047 2758 2102; x_wconf 90' lang='lat' dir='ltr'><strong>sed</strong></span> <span class='ocrx_word' id='word_1_620' title='bbox 2784 2057 2838 2104; x_wconf 92' lang='lat' dir='ltr'><strong>et</strong></span> <span class='ocrx_word' id='word_1_621' title='bbox 2864 2064 3048 2104; x_wconf 90' lang='lat' dir='ltr'><strong>servos</strong></span> <span class='ocrx_word' id='word_1_622' title='bbox 3075 2050 3126 2104; x_wconf 91' lang='lat' dir='ltr'><strong>in</strong></span> <span class='ocrx_word' id='word_1_623' title='bbox 3160 2053 3452 2106; x_wconf 87' lang='lat' dir='ltr'><strong>exercitum</strong></span> <span class='ocrx_word' id='word_1_624' title='bbox 3481 2068 3618 2106; x_wconf 82' lang='lat' dir='ltr'><strong>suum</strong></span> <span class='ocrx_word' id='word_1_625' title='bbox 3640 2051 3774 2105; x_wconf 83' lang='lat' dir='ltr'><strong>susci-</strong></span> 
     </span>
    </p>
   </div>
   <div class='ocr_carea' id='block_1_79' title="bbox 2271 2141 3782 2213">
    <p class='ocr_par' dir='ltr' id='par_1_79' title="bbox 2271 2141 3782 2213">
     <span class='ocr_line' id='line_1_79' title="bbox 2271 2141 3782 2213; baseline 0.001 -21"><span class='ocrx_word' id='word_1_626' title='bbox 2271 2145 2369 2210; x_wconf 85' lang='lat' dir='ltr'><strong>pit,</strong></span> <span class='ocrx_word' id='word_1_627' title='bbox 2402 2152 2457 2195; x_wconf 90' lang='lat' dir='ltr'><strong>et</strong></span> <span class='ocrx_word' id='word_1_628' title='bbox 2488 2156 2666 2206; x_wconf 90' lang='lat' dir='ltr'><strong>senes,</strong></span> <span class='ocrx_word' id='word_1_629' title='bbox 2691 2150 2746 2195; x_wconf 94' lang='lat' dir='ltr'><strong>et</strong></span> <span class='ocrx_word' id='word_1_630' title='bbox 2791 2141 3050 2196; x_wconf 87' lang='lat' dir='ltr'><strong>invalidos</strong></span> <span class='ocrx_word' id='word_1_631' title='bbox 3094 2145 3355 2198; x_wconf 90' lang='lat' dir='ltr'><strong>membris</strong></span> <span class='ocrx_word' id='word_1_632' title='bbox 3375 2187 3392 2211; x_wconf 92' lang='lat'><strong>,</strong></span> <span class='ocrx_word' id='word_1_633' title='bbox 3420 2160 3578 2213; x_wconf 91' lang='lat' dir='ltr'><strong>neque</strong></span> <span class='ocrx_word' id='word_1_634' title='bbox 3597 2157 3697 2198; x_wconf 89' lang='lat' dir='ltr'><strong>eum</strong></span> <span class='ocrx_word' id='word_1_635' title='bbox 3723 2151 3782 2195; x_wconf 85' lang='lat' dir='ltr'><strong>ta-</strong></span> 
     </span>
    </p>
   </div>
   <div class='ocr_carea' id='block_1_80' title="bbox 2274 2236 3779 2308">
    <p class='ocr_par' dir='ltr' id='par_1_80' title="bbox 2274 2236 3779 2308">
     <span class='ocr_line' id='line_1_80' title="bbox 2274 2236 3779 2308; baseline -0.002 -18"><span class='ocrx_word' id='word_1_636' title='bbox 2274 2238 2397 2290; x_wconf 89' lang='lat' dir='ltr'><strong>lium</strong></span> <span class='ocrx_word' id='word_1_637' title='bbox 2433 2237 2592 2306; x_wconf 82' lang='lat' dir='ltr'><strong>pudet</strong></span> <span class='ocrx_word' id='word_1_638' title='bbox 2625 2255 2638 2290; x_wconf 90' lang='lat'><strong>:</strong></span> <span class='ocrx_word' id='word_1_639' title='bbox 2669 2253 2774 2307; x_wconf 92' lang='lat' dir='ltr'><strong>quo</strong></span> <span class='ocrx_word' id='word_1_640' title='bbox 2802 2237 2928 2307; x_wconf 90' lang='lat' dir='ltr'><strong>quid</strong></span> <span class='ocrx_word' id='word_1_641' title='bbox 2962 2238 3247 2294; x_wconf 87' lang='lat' dir='ltr'><strong>humanius</strong></span> <span class='ocrx_word' id='word_1_642' title='bbox 3278 2249 3371 2293; x_wconf 86' lang='lat' dir='ltr'><strong>aut</strong></span> <span class='ocrx_word' id='word_1_643' title='bbox 3396 2239 3648 2308; x_wconf 88' lang='lat' dir='ltr'><strong>benignius</strong></span> <span class='ocrx_word' id='word_1_644' title='bbox 3667 2236 3779 2305; x_wconf 81' lang='lat' dir='ltr'><strong>cogi-</strong></span> 
     </span>
    </p>
   </div>
   <div class='ocr_carea' id='block_1_81' title="bbox 2272 2329 3784 2402">
    <p class='ocr_par' dir='ltr' id='par_1_81' title="bbox 2272 2329 3784 2402">
     <span class='ocr_line' id='line_1_81' title="bbox 2272 2329 3784 2402; baseline -0.001 -20"><span class='ocrx_word' id='word_1_645' title='bbox 2272 2329 2368 2382; x_wconf 91' lang='lat' dir='ltr'><strong>tari</strong></span> <span class='ocrx_word' id='word_1_646' title='bbox 2400 2329 2609 2396; x_wconf 81' lang='lat' dir='ltr'><strong>potest?</strong></span> <span class='ocrx_word' id='word_1_647' title='bbox 2634 2329 2729 2383; x_wconf 83' lang='lat' dir='ltr'><strong>Hic</strong></span> <span class='ocrx_word' id='word_1_648' title='bbox 2754 2331 2896 2384; x_wconf 89' lang='lat' dir='ltr'><strong>enim</strong></span> <span class='ocrx_word' id='word_1_649' title='bbox 2922 2346 2984 2385; x_wconf 83' lang='lat' dir='ltr'><strong>ea</strong></span> <span class='ocrx_word' id='word_1_650' title='bbox 3014 2331 3374 2395; x_wconf 85' lang='lat' dir='ltr'><strong>solummodo,</strong></span> <span class='ocrx_word' id='word_1_651' title='bbox 3405 2347 3518 2402; x_wconf 70' lang='lat' dir='ltr'><strong>qua:</strong></span> <span class='ocrx_word' id='word_1_652' title='bbox 3559 2331 3606 2384; x_wconf 91' lang='lat' dir='ltr'><strong>in</strong></span> <span class='ocrx_word' id='word_1_653' title='bbox 3647 2337 3784 2382; x_wconf 79' lang='lat' dir='ltr'><strong>nostra</strong></span> 
     </span>
    </p>
   </div>
   <div class='ocr_carea' id='block_1_82' title="bbox 2271 2420 3784 2490">
    <p class='ocr_par' dir='ltr' id='par_1_82' title="bbox 2271 2420 3784 2490">
     <span class='ocr_line' id='line_1_82' title="bbox 2271 2420 3784 2490; baseline -0.004 -17"><span class='ocrx_word' id='word_1_654' title='bbox 2271 2429 2535 2489; x_wconf 90' lang='lat' dir='ltr'><strong>potestate</strong></span> <span class='ocrx_word' id='word_1_655' title='bbox 2581 2421 2682 2474; x_wconf 89' lang='lat' dir='ltr'><strong>sita</strong></span> <span class='ocrx_word' id='word_1_656' title='bbox 2729 2429 2869 2486; x_wconf 91' lang='lat' dir='ltr'><strong>sunt,</strong></span> <span class='ocrx_word' id='word_1_657' title='bbox 2901 2422 3128 2490; x_wconf 69' lang='lat' dir='ltr'><strong>quazrit;</strong></span> <span class='ocrx_word' id='word_1_658' title='bbox 3162 2422 3238 2476; x_wconf 93' lang='lat' dir='ltr'><strong>illi</strong></span> <span class='ocrx_word' id='word_1_659' title='bbox 3279 2437 3409 2476; x_wconf 88' lang='lat' dir='ltr'><strong>vero</strong></span> <span class='ocrx_word' id='word_1_660' title='bbox 3453 2437 3560 2490; x_wconf 79' lang='lat' dir='ltr'><strong>qua:</strong></span> <span class='ocrx_word' id='word_1_661' title='bbox 3594 2420 3676 2472; x_wconf 83' lang='lat' dir='ltr'><strong>sita</strong></span> <span class='ocrx_word' id='word_1_662' title='bbox 3705 2430 3784 2469; x_wconf 81' lang='lat' dir='ltr'><strong>non</strong></span> 
     </span>
    </p>
   </div>
   <div class='ocr_carea' id='block_1_83' title="bbox 2270 2512 3789 2582">
    <p class='ocr_par' dir='ltr' id='par_1_83' title="bbox 2270 2512 3789 2582">
     <span class='ocr_line' id='line_1_83' title="bbox 2270 2512 3789 2582; baseline -0.006 -17"><span class='ocrx_word' id='word_1_663' title='bbox 2270 2522 2416 2566; x_wconf 92' lang='lat' dir='ltr'><strong>sunt.</strong></span> <span class='ocrx_word' id='word_1_664' title='bbox 2445 2512 2684 2566; x_wconf 90' lang='lat' dir='ltr'><strong>Servitus</strong></span> <span class='ocrx_word' id='word_1_665' title='bbox 2723 2513 2866 2567; x_wconf 91' lang='lat' dir='ltr'><strong>enim</strong></span> <span class='ocrx_word' id='word_1_666' title='bbox 2901 2513 2987 2567; x_wconf 90' lang='lat' dir='ltr'><strong>vel</strong></span> <span class='ocrx_word' id='word_1_667' title='bbox 3022 2513 3253 2568; x_wconf 84' lang='lat' dir='ltr'><strong>libertas</strong></span> <span class='ocrx_word' id='word_1_668' title='bbox 3282 2513 3337 2566; x_wconf 91' lang='lat' dir='ltr'><strong>in</strong></span> <span class='ocrx_word' id='word_1_669' title='bbox 3369 2519 3614 2582; x_wconf 87' lang='lat' dir='ltr'><strong>potestate</strong></span> <span class='ocrx_word' id='word_1_670' title='bbox 3649 2516 3789 2561; x_wconf 77' lang='lat' dir='ltr'><strong>nostra</strong></span> 
     </span>
    </p>
   </div>
   <div class='ocr_carea' id='block_1_84' title="bbox 2271 2600 3789 2675">
    <p class='ocr_par' dir='ltr' id='par_1_84' title="bbox 2271 2600 3789 2675">
     <span class='ocr_line' id='line_1_84' title="bbox 2271 2600 3789 2675; baseline -0.007 -18"><span class='ocrx_word' id='word_1_671' title='bbox 2271 2604 2372 2658; x_wconf 91' lang='lat' dir='ltr'><strong>sita</strong></span> <span class='ocrx_word' id='word_1_672' title='bbox 2399 2619 2503 2658; x_wconf 92' lang='lat' dir='ltr'><strong>non</strong></span> <span class='ocrx_word' id='word_1_673' title='bbox 2533 2612 2694 2671; x_wconf 91' lang='lat' dir='ltr'><strong>sunt,</strong></span> <span class='ocrx_word' id='word_1_674' title='bbox 2725 2604 3173 2672; x_wconf 88' lang='lat' dir='ltr'><strong>quemadmodum</strong></span> <span class='ocrx_word' id='word_1_675' title='bbox 3209 2620 3386 2675; x_wconf 89' lang='lat' dir='ltr'><strong>neque</strong></span> <span class='ocrx_word' id='word_1_676' title='bbox 3428 2600 3689 2672; x_wconf 86' lang='lat' dir='ltr'><strong>proceritas</strong></span> <span class='ocrx_word' id='word_1_677' title='bbox 3707 2605 3789 2649; x_wconf 68' lang='lat' dir='ltr'><strong>sta-</strong></span> 
     </span>
    </p>
   </div>
   <div class='ocr_carea' id='block_1_85' title="bbox 2274 2695 3798 2764">
    <p class='ocr_par' dir='ltr' id='par_1_85' title="bbox 2274 2695 3798 2764">
     <span class='ocr_line' id='line_1_85' title="bbox 2274 2695 3798 2764; baseline -0.007 -15"><span class='ocrx_word' id='word_1_678' title='bbox 2274 2707 2406 2749; x_wconf 71' lang='lat' dir='ltr'><strong>turre</strong></span> <span class='ocrx_word' id='word_1_679' title='bbox 2456 2704 2550 2748; x_wconf 91' lang='lat' dir='ltr'><strong>aut</strong></span> <span class='ocrx_word' id='word_1_680' title='bbox 2584 2695 2856 2760; x_wconf 89' lang='lat' dir='ltr'><strong>brevitas,</strong></span> <span class='ocrx_word' id='word_1_681' title='bbox 2889 2710 3062 2764; x_wconf 89' lang='lat' dir='ltr'><strong>neque</strong></span> <span class='ocrx_word' id='word_1_682' title='bbox 3110 2696 3354 2762; x_wconf 89' lang='lat' dir='ltr'><strong>senium,</strong></span> <span class='ocrx_word' id='word_1_683' title='bbox 3406 2704 3460 2749; x_wconf 90' lang='lat' dir='ltr'><strong>et</strong></span> <span class='ocrx_word' id='word_1_684' title='bbox 3509 2701 3798 2763; x_wconf 58' lang='lat' dir='ltr'><strong>quacumque</strong></span> 
     </span>
    </p>
   </div>
   <div class='ocr_carea' id='block_1_86' title="bbox 2275 2779 3800 2853">
    <p class='ocr_par' dir='ltr' id='par_1_86' title="bbox 2275 2779 3800 2853">
     <span class='ocr_line' id='line_1_86' title="bbox 2275 2779 3800 2853; baseline -0.008 -11"><span class='ocrx_word' id='word_1_685' title='bbox 2275 2787 2395 2842; x_wconf 85' lang='lat' dir='ltr'><strong>talia</strong></span> <span class='ocrx_word' id='word_1_686' title='bbox 2421 2806 2435 2853; x_wconf 88' lang='lat'><strong>;</strong></span> <span class='ocrx_word' id='word_1_687' title='bbox 2468 2797 2798 2842; x_wconf 91' lang='lat' dir='ltr'><strong>mansuetum</strong></span> <span class='ocrx_word' id='word_1_688' title='bbox 2830 2796 3007 2842; x_wconf 89' lang='lat' dir='ltr'><strong>autem</strong></span> <span class='ocrx_word' id='word_1_689' title='bbox 3035 2799 3089 2843; x_wconf 93' lang='lat' dir='ltr'><strong>et</strong></span> <span class='ocrx_word' id='word_1_690' title='bbox 3121 2789 3317 2843; x_wconf 86' lang='lat' dir='ltr'><strong>mitem</strong></span> <span class='ocrx_word' id='word_1_691' title='bbox 3349 2802 3485 2851; x_wconf 88' lang='lat' dir='ltr'><strong>esse,</strong></span> <span class='ocrx_word' id='word_1_692' title='bbox 3516 2795 3566 2840; x_wconf 91' lang='lat' dir='ltr'><strong>et</strong></span> <span class='ocrx_word' id='word_1_693' title='bbox 3590 2783 3662 2836; x_wconf 85' lang='lat' dir='ltr'><strong>bis</strong></span> <span class='ocrx_word' id='word_1_694' title='bbox 3686 2779 3800 2834; x_wconf 84' lang='lat' dir='ltr'><strong>simi-</strong></span> 
     </span>
    </p>
   </div>
   <div class='ocr_carea' id='block_1_87' title="bbox 2272 2869 3805 2944">
    <p class='ocr_par' dir='ltr' id='par_1_87' title="bbox 2272 2869 3805 2944">
     <span class='ocr_line' id='line_1_87' title="bbox 2272 2869 3805 2944; baseline -0.007 -11"><span class='ocrx_word' id='word_1_695' title='bbox 2272 2879 2343 2933; x_wconf 92' lang='lat' dir='ltr'><strong>lia</strong></span> <span class='ocrx_word' id='word_1_696' title='bbox 2368 2920 2382 2944; x_wconf 93' lang='lat'><strong>,</strong></span> <span class='ocrx_word' id='word_1_697' title='bbox 2413 2880 2700 2934; x_wconf 87' lang='lat' dir='ltr'><strong>voluntatis</strong></span> <span class='ocrx_word' id='word_1_698' title='bbox 2744 2889 2942 2934; x_wconf 63' lang='lat' dir='ltr'><strong>nostra:</strong></span> <span class='ocrx_word' id='word_1_699' title='bbox 2995 2889 3140 2933; x_wconf 91' lang='lat' dir='ltr'><strong>sunt.</strong></span> <span class='ocrx_word' id='word_1_700' title='bbox 3180 2881 3254 2935; x_wconf 88' lang='lat' dir='ltr'><strong>Et</strong></span> <span class='ocrx_word' id='word_1_701' title='bbox 3310 2881 3426 2935; x_wconf 65' lang='lat' dir='ltr'><strong>haec</strong></span> <span class='ocrx_word' id='word_1_702' title='bbox 3465 2877 3572 2933; x_wconf 88' lang='lat' dir='ltr'><strong>sola</strong></span> <span class='ocrx_word' id='word_1_703' title='bbox 3618 2890 3645 2930; x_wconf 89' lang='lat' dir='ltr'><strong>a</strong></span> <span class='ocrx_word' id='word_1_704' title='bbox 3685 2869 3805 2927; x_wconf 84' lang='lat' dir='ltr'><strong>nobis</strong></span> 
     </span>
    </p>
   </div>
   <div class='ocr_carea' id='block_1_88' title="bbox 2275 2959 3806 3041">
    <p class='ocr_par' dir='ltr' id='par_1_88' title="bbox 2275 2959 3806 3041">
     <span class='ocr_line' id='line_1_88' title="bbox 2275 2959 3806 3041; baseline -0.01 -16"><span class='ocrx_word' id='word_1_705' title='bbox 2275 2970 2416 3026; x_wconf 90' lang='lat' dir='ltr'><strong>Deus</strong></span> <span class='ocrx_word' id='word_1_706' title='bbox 2457 2972 2656 3041; x_wconf 85' lang='lat' dir='ltr'><strong>exigit,</strong></span> <span class='ocrx_word' id='word_1_707' title='bbox 2687 2986 2913 3040; x_wconf 90' lang='lat' dir='ltr'><strong>quorum</strong></span> <span class='ocrx_word' id='word_1_708' title='bbox 2961 2983 3059 3024; x_wconf 94' lang='lat' dir='ltr'><strong>nos</strong></span> <span class='ocrx_word' id='word_1_709' title='bbox 3102 2969 3322 3025; x_wconf 89' lang='lat' dir='ltr'><strong>domini</strong></span> <span class='ocrx_word' id='word_1_710' title='bbox 3370 2983 3579 3032; x_wconf 91' lang='lat' dir='ltr'><strong>sumus,</strong></span> <span class='ocrx_word' id='word_1_711' title='bbox 3609 2974 3656 3019; x_wconf 91' lang='lat' dir='ltr'><strong>et</strong></span> <span class='ocrx_word' id='word_1_712' title='bbox 3687 2959 3806 3015; x_wconf 84' lang='lat' dir='ltr'><strong>valde</strong></span> 
     </span>
    </p>
   </div>
   <div class='ocr_carea' id='block_1_89' title="bbox 2274 3054 3808 3133">
    <p class='ocr_par' dir='ltr' id='par_1_89' title="bbox 2274 3054 3808 3133">
     <span class='ocr_line' id='line_1_89' title="bbox 2274 3054 3808 3133; baseline -0.008 -18"><span class='ocrx_word' id='word_1_713' title='bbox 2274 3070 2635 3130; x_wconf 87' lang='lat' dir='ltr'><strong>congruenter</strong></span> <span class='ocrx_word' id='word_1_714' title='bbox 2664 3080 2676 3114; x_wconf 92' lang='lat'>:</span> <span class='ocrx_word' id='word_1_715' title='bbox 2708 3076 2816 3114; x_wconf 92' lang='lat' dir='ltr'><strong>non</strong></span> <span class='ocrx_word' id='word_1_716' title='bbox 2845 3062 2986 3114; x_wconf 90' lang='lat' dir='ltr'><strong>enim</strong></span> <span class='ocrx_word' id='word_1_717' title='bbox 3009 3071 3238 3129; x_wconf 91' lang='lat' dir='ltr'><strong>propter</strong></span> <span class='ocrx_word' id='word_1_718' title='bbox 3257 3059 3529 3133; x_wconf 83' lang='lat' dir='ltr'><strong>prOpriam</strong></span> <span class='ocrx_word' id='word_1_719' title='bbox 3552 3054 3808 3112; x_wconf 88' lang='lat' dir='ltr'><strong>utilitatem,</strong></span> 
     </span>
    </p>
   </div>
   <div class='ocr_carea' id='block_1_90' title="bbox 2276 3146 3811 3226">
    <p class='ocr_par' dir='ltr' id='par_1_90' title="bbox 2276 3146 3811 3226">
     <span class='ocr_line' id='line_1_90' title="bbox 2276 3146 3811 3226; baseline -0.012 -16"><span class='ocrx_word' id='word_1_720' title='bbox 2276 3157 2370 3210; x_wconf 85' lang='lat' dir='ltr'><strong>sed</strong></span> <span class='ocrx_word' id='word_1_721' title='bbox 2399 3165 2616 3226; x_wconf 82' lang='lat' dir='ltr'><strong>prepter</strong></span> <span class='ocrx_word' id='word_1_722' title='bbox 2643 3153 3048 3207; x_wconf 80' lang='lat' dir='ltr'><strong>beneﬁcentiam</strong></span> <span class='ocrx_word' id='word_1_723' title='bbox 3077 3167 3183 3207; x_wconf 91' lang='lat' dir='ltr'><strong>nos</strong></span> <span class='ocrx_word' id='word_1_724' title='bbox 3215 3153 3286 3206; x_wconf 89' lang='lat' dir='ltr'><strong>ad</strong></span> <span class='ocrx_word' id='word_1_725' title='bbox 3334 3166 3485 3206; x_wconf 90' lang='lat' dir='ltr'><strong>suam</strong></span> <span class='ocrx_word' id='word_1_726' title='bbox 3511 3146 3711 3218; x_wconf 85' lang='lat' dir='ltr'><strong>gratiam</strong></span> <span class='ocrx_word' id='word_1_727' title='bbox 3737 3155 3811 3193; x_wconf 87' lang='lat' dir='ltr'><strong>vo-</strong></span> 
     </span>
    </p>
   </div>
   <div class='ocr_carea' id='block_1_91' title="bbox 2277 3231 3816 3314">
    <p class='ocr_par' dir='ltr' id='par_1_91' title="bbox 2277 3231 3816 3314">
     <span class='ocr_line' id='line_1_91' title="bbox 2277 3231 3816 3314; baseline -0.012 -13"><span class='ocrx_word' id='word_1_728' title='bbox 2277 3257 2378 3310; x_wconf 89' lang='lat' dir='ltr'><strong>cat,</strong></span> <span class='ocrx_word' id='word_1_729' title='bbox 2410 3261 2565 3314; x_wconf 87' lang='lat' dir='ltr'><strong>rcges</strong></span> <span class='ocrx_word' id='word_1_730' title='bbox 2592 3260 2722 3300; x_wconf 85' lang='lat' dir='ltr'><strong>vero</strong></span> <span class='ocrx_word' id='word_1_731' title='bbox 2748 3244 2815 3298; x_wconf 90' lang='lat' dir='ltr'><strong>ad</strong></span> <span class='ocrx_word' id='word_1_732' title='bbox 2844 3243 3207 3298; x_wconf 88' lang='lat' dir='ltr'><strong>ministerium</strong></span> <span class='ocrx_word' id='word_1_733' title='bbox 3231 3259 3396 3298; x_wconf 90' lang='lat' dir='ltr'><strong>suum</strong></span> <span class='ocrx_word' id='word_1_734' title='bbox 3429 3260 3444 3295; x_wconf 86' lang='lat'><strong>:</strong></span> <span class='ocrx_word' id='word_1_735' title='bbox 3473 3249 3528 3296; x_wconf 84' lang='lat' dir='ltr'><strong>et</strong></span> <span class='ocrx_word' id='word_1_736' title='bbox 3553 3237 3625 3292; x_wconf 89' lang='lat' dir='ltr'><strong>illi</strong></span> <span class='ocrx_word' id='word_1_737' title='bbox 3647 3231 3816 3304; x_wconf 83' lang='lat' dir='ltr'><strong>quidem</strong></span> 
     </span>
    </p>
   </div>
   <div class='ocr_carea' id='block_1_92' title="bbox 2278 3328 3819 3401">
    <p class='ocr_par' dir='ltr' id='par_1_92' title="bbox 2278 3328 3819 3401">
     <span class='ocr_line' id='line_1_92' title="bbox 2278 3328 3819 3401; baseline -0.009 -11"><span class='ocrx_word' id='word_1_738' title='bbox 2278 3337 2344 3390; x_wconf 88' lang='lat' dir='ltr'><strong>ad</strong></span> <span class='ocrx_word' id='word_1_739' title='bbox 2393 3336 2587 3389; x_wconf 89' lang='lat' dir='ltr'><strong>bellum</strong></span> <span class='ocrx_word' id='word_1_740' title='bbox 2620 3334 2833 3388; x_wconf 87' lang='lat' dir='ltr'><strong>trahunt</strong></span> <span class='ocrx_word' id='word_1_741' title='bbox 2872 3333 3128 3388; x_wconf 89' lang='lat' dir='ltr'><strong>sensibile</strong></span> <span class='ocrx_word' id='word_1_742' title='bbox 3156 3376 3173 3401; x_wconf 95' lang='lat'><strong>,</strong></span> <span class='ocrx_word' id='word_1_743' title='bbox 3219 3333 3313 3388; x_wconf 90' lang='lat' dir='ltr'><strong>hic</strong></span> <span class='ocrx_word' id='word_1_744' title='bbox 3352 3341 3527 3386; x_wconf 91' lang='lat' dir='ltr'><strong>autem</strong></span> <span class='ocrx_word' id='word_1_745' title='bbox 3543 3328 3603 3382; x_wconf 88' lang='lat' dir='ltr'><strong>ad</strong></span> <span class='ocrx_word' id='word_1_746' title='bbox 3637 3333 3819 3395; x_wconf 82' lang='lat' dir='ltr'><strong>pugnam</strong></span> 
     </span>
    </p>
   </div>
   <div class='ocr_carea' id='block_1_93' title="bbox 2280 3417 3821 3498">
    <p class='ocr_par' dir='ltr' id='par_1_93' title="bbox 2280 3417 3821 3498">
     <span class='ocr_line' id='line_1_93' title="bbox 2280 3417 3821 3498; baseline -0.006 -15"><span class='ocrx_word' id='word_1_747' title='bbox 2280 3428 2627 3498; x_wconf 81' lang='lat' dir='ltr'><strong>spirituaiem.</strong></span> <span class='ocrx_word' id='word_1_748' title='bbox 2655 3426 2765 3481; x_wconf 86' lang='lat' dir='ltr'><strong>Nec</strong></span> <span class='ocrx_word' id='word_1_749' title='bbox 2791 3427 2843 3479; x_wconf 92' lang='lat' dir='ltr'><strong>in</strong></span> <span class='ocrx_word' id='word_1_750' title='bbox 2871 3425 3024 3479; x_wconf 89' lang='lat' dir='ltr'><strong>bellis</strong></span> <span class='ocrx_word' id='word_1_751' title='bbox 3052 3433 3269 3479; x_wconf 87' lang='lat' dir='ltr'><strong>tantum</strong></span> <span class='ocrx_word' id='word_1_752' title='bbox 3298 3421 3538 3478; x_wconf 89' lang='lat' dir='ltr'><strong>externis</strong></span> <span class='ocrx_word' id='word_1_753' title='bbox 3563 3460 3577 3485; x_wconf 90' lang='lat'><strong>,</strong></span> <span class='ocrx_word' id='word_1_754' title='bbox 3601 3427 3758 3471; x_wconf 75' lang='lat' dir='ltr'><strong>verum</strong></span> <span class='ocrx_word' id='word_1_755' title='bbox 3779 3417 3821 3464; x_wconf 72' lang='grc' dir='ltr'><strong>ει</strong></span> 
     </span>
    </p>
   </div>
   <div class='ocr_carea' id='block_1_94' title="bbox 2281 3502 3824 3585">
    <p class='ocr_par' dir='ltr' id='par_1_94' title="bbox 2281 3502 3824 3585">
     <span class='ocr_line' id='line_1_94' title="bbox 2281 3502 3824 3585; baseline -0.01 -11"><span class='ocrx_word' id='word_1_756' title='bbox 2281 3521 2332 3573; x_wconf 90' lang='lat' dir='ltr'><strong>in</strong></span> <span class='ocrx_word' id='word_1_757' title='bbox 2355 3517 2732 3573; x_wconf 90' lang='lat' dir='ltr'><strong>certaminibus</strong></span> <span class='ocrx_word' id='word_1_758' title='bbox 2754 3515 2994 3570; x_wconf 90' lang='lat' dir='ltr'><strong>eamdem</strong></span> <span class='ocrx_word' id='word_1_759' title='bbox 3017 3516 3140 3585; x_wconf 89' lang='lat' dir='ltr'><strong>quis</strong></span> <span class='ocrx_word' id='word_1_760' title='bbox 3172 3517 3452 3571; x_wconf 87' lang='lat' dir='ltr'><strong>rationem</strong></span> <span class='ocrx_word' id='word_1_761' title='bbox 3485 3511 3654 3566; x_wconf 88' lang='lat' dir='ltr'><strong>videre</strong></span> <span class='ocrx_word' id='word_1_762' title='bbox 3679 3502 3824 3576; x_wconf 69' lang='lat' dir='ltr'><strong>possit.</strong></span> 
     </span>
    </p>
   </div>
   <div class='ocr_carea' id='block_1_95' title="bbox 2282 3596 3829 3678">
    <p class='ocr_par' dir='ltr' id='par_1_95' title="bbox 2282 3596 3829 3678">
     <span class='ocr_line' id='line_1_95' title="bbox 2282 3596 3829 3678; baseline -0.008 -11"><span class='ocrx_word' id='word_1_763' title='bbox 2282 3613 2337 3667; x_wconf 85' lang='lat' dir='ltr'><strong>in</strong></span> <span class='ocrx_word' id='word_1_764' title='bbox 2367 3611 2494 3666; x_wconf 73' lang='lat' dir='ltr'><strong>illud</strong></span> <span class='ocrx_word' id='word_1_765' title='bbox 2524 3611 2664 3666; x_wconf 90' lang='lat' dir='ltr'><strong>enim</strong></span> <span class='ocrx_word' id='word_1_766' title='bbox 2690 3610 2954 3664; x_wconf 87' lang='lat' dir='ltr'><strong>theatrum</strong></span> <span class='ocrx_word' id='word_1_767' title='bbox 2991 3609 3082 3678; x_wconf 90' lang='lat' dir='ltr'><strong>qui</strong></span> <span class='ocrx_word' id='word_1_768' title='bbox 3116 3609 3388 3665; x_wconf 85' lang='lat' dir='ltr'><strong>trahendi</strong></span> <span class='ocrx_word' id='word_1_769' title='bbox 3408 3615 3552 3673; x_wconf 87' lang='lat' dir='ltr'><strong>sunt,</strong></span> <span class='ocrx_word' id='word_1_770' title='bbox 3582 3616 3678 3658; x_wconf 92' lang='lat' dir='ltr'><strong>non</strong></span> <span class='ocrx_word' id='word_1_771' title='bbox 3711 3596 3829 3669; x_wconf 76' lang='lat' dir='ltr'><strong>prius</strong></span> 
     </span>
    </p>
   </div>
   <div class='ocr_carea' id='block_1_96' title="bbox 2282 3700 3835 3768">
    <p class='ocr_par' dir='ltr' id='par_1_96' title="bbox 2282 3700 3835 3768">
     <span class='ocr_line' id='line_1_96' title="bbox 2282 3700 3835 3768; baseline -0.012 -9"><span class='ocrx_word' id='word_1_772' title='bbox 2282 3703 2610 3760; x_wconf 90' lang='lat' dir='ltr'><strong>descendunt</strong></span> <span class='ocrx_word' id='word_1_773' title='bbox 2655 3703 2707 3756; x_wconf 92' lang='lat' dir='ltr'><strong>in</strong></span> <span class='ocrx_word' id='word_1_774' title='bbox 2751 3701 3037 3756; x_wconf 86' lang='lat' dir='ltr'><strong>certamina</strong></span> <span class='ocrx_word' id='word_1_775' title='bbox 3066 3740 3082 3765; x_wconf 93' lang='lat'><strong>,</strong></span> <span class='ocrx_word' id='word_1_776' title='bbox 3137 3701 3328 3756; x_wconf 90' lang='lat' dir='ltr'><strong>donec</strong></span> <span class='ocrx_word' id='word_1_777' title='bbox 3391 3701 3539 3768; x_wconf 90' lang='lat' dir='ltr'><strong>ipsos</strong></span> <span class='ocrx_word' id='word_1_778' title='bbox 3603 3700 3835 3747; x_wconf 80' lang='lat' dir='ltr'><strong>assumens</strong></span> 
     </span>
    </p>
   </div>
   <div class='ocr_carea' id='block_1_97' title="bbox 2284 3783 3836 3867">
    <p class='ocr_par' dir='ltr' id='par_1_97' title="bbox 2284 3783 3836 3867">
     <span class='ocr_line' id='line_1_97' title="bbox 2284 3783 3836 3867; baseline -0.014 -17"><span class='ocrx_word' id='word_1_779' title='bbox 2284 3810 2460 3867; x_wconf 79' lang='lat' dir='ltr'><strong>przeco</strong></span> <span class='ocrx_word' id='word_1_780' title='bbox 2489 3795 2587 3850; x_wconf 93' lang='lat' dir='ltr'><strong>sub</strong></span> <span class='ocrx_word' id='word_1_781' title='bbox 2612 3793 2852 3848; x_wconf 91' lang='lat' dir='ltr'><strong>omnium</strong></span> <span class='ocrx_word' id='word_1_782' title='bbox 2890 3792 3058 3846; x_wconf 89' lang='lat' dir='ltr'><strong>oculis</strong></span> <span class='ocrx_word' id='word_1_783' title='bbox 3095 3791 3492 3847; x_wconf 86' lang='lat' dir='ltr'><strong>circumducat</strong></span> <span class='ocrx_word' id='word_1_784' title='bbox 3519 3786 3754 3842; x_wconf 84' lang='lat' dir='ltr'><strong>clamans,</strong></span> <span class='ocrx_word' id='word_1_785' title='bbox 3775 3783 3836 3828; x_wconf 83' lang='lat' dir='ltr'><strong>at-</strong></span> 
     </span>
    </p>
   </div>
   <div class='ocr_carea' id='block_1_98' title="bbox 2284 3877 3841 3958">
    <p class='ocr_par' dir='ltr' id='par_1_98' title="bbox 2284 3877 3841 3958">
     <span class='ocr_line' id='line_1_98' title="bbox 2284 3877 3841 3958; baseline -0.012 -15"><span class='ocrx_word' id='word_1_786' title='bbox 2284 3904 2386 3958; x_wconf 91' lang='lat' dir='ltr'><strong>que</strong></span> <span class='ocrx_word' id='word_1_787' title='bbox 2413 3887 2597 3942; x_wconf 90' lang='lat' dir='ltr'><strong>dicens</strong></span> <span class='ocrx_word' id='word_1_788' title='bbox 2625 3904 2640 3939; x_wconf 93' lang='lat'><strong>:</strong></span> <span class='ocrx_word' id='word_1_789' title='bbox 2670 3885 2807 3940; x_wconf 87' lang='lat' dir='ltr'><strong>Num</strong></span> <span class='ocrx_word' id='word_1_790' title='bbox 2845 3885 2963 3956; x_wconf 90' lang='lat' dir='ltr'><strong>quis</strong></span> <span class='ocrx_word' id='word_1_791' title='bbox 3002 3883 3151 3939; x_wconf 90' lang='lat' dir='ltr'><strong>hunc</strong></span> <span class='ocrx_word' id='word_1_792' title='bbox 3181 3884 3464 3939; x_wconf 88' lang='lat' dir='ltr'><strong>accusat?</strong></span> <span class='ocrx_word' id='word_1_793' title='bbox 3491 3881 3589 3937; x_wconf 88' lang='lat' dir='ltr'><strong>etsi</strong></span> <span class='ocrx_word' id='word_1_794' title='bbox 3633 3877 3723 3931; x_wconf 76' lang='lat' dir='ltr'><strong>iliic</strong></span> <span class='ocrx_word' id='word_1_795' title='bbox 3758 3884 3841 3924; x_wconf 78' lang='lat' dir='ltr'><strong>non</strong></span> 
     </span>
    </p>
   </div>
   <div class='ocr_carea' id='block_1_99' title="bbox 2285 3961 3842 4047">
    <p class='ocr_par' dir='ltr' id='par_1_99' title="bbox 2285 3961 3842 4047">
     <span class='ocr_line' id='line_1_99' title="bbox 2285 3961 3842 4047; baseline -0.015 -12"><span class='ocrx_word' id='word_1_796' title='bbox 2285 3980 2497 4046; x_wconf 61' lang='lat' dir='ltr'><strong>animai,</strong></span> <span class='ocrx_word' id='word_1_797' title='bbox 2527 3978 2620 4033; x_wconf 91' lang='lat' dir='ltr'><strong>sed</strong></span> <span class='ocrx_word' id='word_1_798' title='bbox 2646 3978 2888 4046; x_wconf 89' lang='lat' dir='ltr'><strong>corporis</strong></span> <span class='ocrx_word' id='word_1_799' title='bbox 2917 3991 3109 4046; x_wconf 71' lang='lat' dir='ltr'><strong>pugnae</strong></span> <span class='ocrx_word' id='word_1_800' title='bbox 3141 3977 3261 4032; x_wconf 90' lang='lat' dir='ltr'><strong>sint</strong></span> <span class='ocrx_word' id='word_1_801' title='bbox 3283 3995 3296 4030; x_wconf 95' lang='lat'><strong>:</strong></span> <span class='ocrx_word' id='word_1_802' title='bbox 3320 3989 3495 4047; x_wconf 90' lang='lat' dir='ltr'><strong>quare</strong></span> <span class='ocrx_word' id='word_1_803' title='bbox 3525 3973 3670 4043; x_wconf 86' lang='lat' dir='ltr'><strong>igitur</strong></span> <span class='ocrx_word' id='word_1_804' title='bbox 3691 3961 3842 4020; x_wconf 58' lang='lat' dir='ltr'><strong>nobilio</strong></span> 
     </span>
    </p>
   </div>
   <div class='ocr_carea' id='block_1_100' title="bbox 2286 4062 3847 4140">
    <p class='ocr_par' dir='ltr' id='par_1_100' title="bbox 2286 4062 3847 4140">
     <span class='ocr_line' id='line_1_100' title="bbox 2286 4062 3847 4140; baseline -0.012 -11"><span class='ocrx_word' id='word_1_805' title='bbox 2286 4076 2408 4130; x_wconf 90' lang='lat' dir='ltr'><strong>tatis</strong></span> <span class='ocrx_word' id='word_1_806' title='bbox 2430 4075 2662 4128; x_wconf 90' lang='lat' dir='ltr'><strong>rationes</strong></span> <span class='ocrx_word' id='word_1_807' title='bbox 2681 4069 2956 4140; x_wconf 78' lang='lat' dir='ltr'><strong>requiris?</strong></span> <span class='ocrx_word' id='word_1_808' title='bbox 2982 4069 3078 4123; x_wconf 80' lang='lat' dir='ltr'><strong>llic</strong></span> <span class='ocrx_word' id='word_1_809' title='bbox 3102 4084 3251 4125; x_wconf 85' lang='lat' dir='ltr'><strong>vero</strong></span> <span class='ocrx_word' id='word_1_810' title='bbox 3280 4069 3423 4123; x_wconf 89' lang='lat' dir='ltr'><strong>nihil</strong></span> <span class='ocrx_word' id='word_1_811' title='bbox 3449 4069 3575 4130; x_wconf 84' lang='lat' dir='ltr'><strong>tale,</strong></span> <span class='ocrx_word' id='word_1_812' title='bbox 3603 4062 3687 4118; x_wconf 86' lang='lat' dir='ltr'><strong>sed</strong></span> <span class='ocrx_word' id='word_1_813' title='bbox 3714 4065 3847 4112; x_wconf 80' lang='lat' dir='ltr'><strong>totum</strong></span> 
     </span>
    </p>
   </div>
   <div class='ocr_carea' id='block_1_101' title="bbox 2286 4148 3846 4232">
    <p class='ocr_par' dir='ltr' id='par_1_101' title="bbox 2286 4148 3846 4232">
     <span class='ocr_line' id='line_1_101' title="bbox 2286 4148 3846 4232; baseline -0.015 -9"><span class='ocrx_word' id='word_1_814' title='bbox 2286 4168 2608 4223; x_wconf 87' lang='lat' dir='ltr'><strong>contrarium</strong></span> <span class='ocrx_word' id='word_1_815' title='bbox 2663 4181 2676 4217; x_wconf 91' lang='lat'><strong>:</strong></span> <span class='ocrx_word' id='word_1_816' title='bbox 2719 4179 2842 4218; x_wconf 91' lang='lat' dir='ltr'><strong>cum</strong></span> <span class='ocrx_word' id='word_1_817' title='bbox 2900 4177 3007 4217; x_wconf 90' lang='lat' dir='ltr'><strong>non</strong></span> <span class='ocrx_word' id='word_1_818' title='bbox 3063 4162 3121 4217; x_wconf 91' lang='lat' dir='ltr'><strong>in</strong></span> <span class='ocrx_word' id='word_1_819' title='bbox 3201 4177 3476 4216; x_wconf 89' lang='lat' dir='ltr'><strong>manuum</strong></span> <span class='ocrx_word' id='word_1_820' title='bbox 3523 4148 3846 4232; x_wconf 76' lang='lat' dir='ltr'><strong>collationibus</strong></span> 
     </span>
    </p>
   </div>
   <div class='ocr_carea' id='block_1_102' title="bbox 2289 4242 3854 4321">
    <p class='ocr_par' dir='ltr' id='par_1_102' title="bbox 2289 4242 3854 4321">
     <span class='ocr_line' id='line_1_102' title="bbox 2289 4242 3854 4321; baseline -0.018 -6"><span class='ocrx_word' id='word_1_821' title='bbox 2289 4261 2396 4314; x_wconf 88' lang='lat' dir='ltr'><strong>sint</strong></span> <span class='ocrx_word' id='word_1_822' title='bbox 2445 4257 2598 4312; x_wconf 91' lang='lat' dir='ltr'><strong>nobis</strong></span> <span class='ocrx_word' id='word_1_823' title='bbox 2640 4253 2952 4318; x_wconf 88' lang='lat' dir='ltr'><strong>certamina,</strong></span> <span class='ocrx_word' id='word_1_824' title='bbox 2983 4251 3083 4308; x_wconf 90' lang='lat' dir='ltr'><strong>sed</strong></span> <span class='ocrx_word' id='word_1_825' title='bbox 3133 4253 3195 4308; x_wconf 90' lang='lat' dir='ltr'><strong>in</strong></span> <span class='ocrx_word' id='word_1_826' title='bbox 3250 4253 3430 4310; x_wconf 88' lang='lat' dir='ltr'><strong>animi</strong></span> <span class='ocrx_word' id='word_1_827' title='bbox 3469 4242 3779 4321; x_wconf 80' lang='lat' dir='ltr'><strong>philosOphia</strong></span> <span class='ocrx_word' id='word_1_828' title='bbox 3813 4243 3854 4289; x_wconf 87' lang='lat' dir='ltr'><strong>et</strong></span> 
     </span>
    </p>
   </div>
   <div class='ocr_carea' id='block_1_103' title="bbox 2288 4328 3848 4414">
    <p class='ocr_par' dir='ltr' id='par_1_103' title="bbox 2288 4328 3848 4414">
     <span class='ocr_line' id='line_1_103' title="bbox 2288 4328 3848 4414; baseline -0.012 -9"><span class='ocrx_word' id='word_1_829' title='bbox 2288 4349 2483 4405; x_wconf 89' lang='lat' dir='ltr'><strong>mentis</strong></span> <span class='ocrx_word' id='word_1_830' title='bbox 2510 4349 2727 4413; x_wconf 86' lang='lat' dir='ltr'><strong>virtute,</strong></span> <span class='ocrx_word' id='word_1_831' title='bbox 2756 4344 3079 4401; x_wconf 88' lang='lat' dir='ltr'><strong>contrarium</strong></span> <span class='ocrx_word' id='word_1_832' title='bbox 3108 4343 3467 4414; x_wconf 85' lang='lat' dir='ltr'><strong>agonotheta</strong></span> <span class='ocrx_word' id='word_1_833' title='bbox 3506 4347 3682 4395; x_wconf 88' lang='lat' dir='ltr'><strong>noster</strong></span> <span class='ocrx_word' id='word_1_834' title='bbox 3717 4328 3848 4385; x_wconf 74' lang='lat' dir='ltr'><strong>facit:</strong></span> 
     </span>
    </p>
   </div>
   <div class='ocr_carea' id='block_1_104' title="bbox 2289 4417 3859 4513">
    <p class='ocr_par' dir='ltr' id='par_1_104' title="bbox 2289 4417 3859 4513">
     <span class='ocr_line' id='line_1_104' title="bbox 2289 4417 3859 4513; baseline -0.014 -15"><span class='ocrx_word' id='word_1_835' title='bbox 2289 4458 2396 4498; x_wconf 89' lang='lat' dir='ltr'><strong>non</strong></span> <span class='ocrx_word' id='word_1_836' title='bbox 2427 4442 2598 4513; x_wconf 91' lang='lat' dir='ltr'><strong>ipsum</strong></span> <span class='ocrx_word' id='word_1_837' title='bbox 2626 4451 2906 4494; x_wconf 89' lang='lat' dir='ltr'><strong>assumens</strong></span> <span class='ocrx_word' id='word_1_838' title='bbox 2933 4436 3335 4504; x_wconf 89' lang='lat' dir='ltr'><strong>circumducit,</strong></span> <span class='ocrx_word' id='word_1_839' title='bbox 3369 4443 3430 4491; x_wconf 91' lang='lat' dir='ltr'><strong>et</strong></span> <span class='ocrx_word' id='word_1_840' title='bbox 3453 4433 3608 4489; x_wconf 88' lang='lat' dir='ltr'><strong>dicit:</strong></span> <span class='ocrx_word' id='word_1_841' title='bbox 3629 4428 3747 4483; x_wconf 76' lang='lat' dir='ltr'><strong>Num</strong></span> <span class='ocrx_word' id='word_1_842' title='bbox 3768 4417 3859 4491; x_wconf 78' lang='lat' dir='ltr'><strong>quis</strong></span> 
     </span>
    </p>
   </div>
   <div class='ocr_carea' id='block_1_105' title="bbox 2290 4514 3860 4588">
    <p class='ocr_par' dir='ltr' id='par_1_105' title="bbox 2290 4514 3860 4588">
     <span class='ocr_line' id='line_1_105' title="bbox 2290 4514 3860 4588; baseline -0.013 1"><span class='ocrx_word' id='word_1_843' title='bbox 2290 4533 2434 4588; x_wconf 87' lang='lat' dir='ltr'><strong>hunc</strong></span> <span class='ocrx_word' id='word_1_844' title='bbox 2481 4529 2738 4586; x_wconf 83' lang='lat' dir='ltr'><strong>accusat?</strong></span> <span class='ocrx_word' id='word_1_845' title='bbox 2775 4528 2870 4584; x_wconf 90' lang='lat' dir='ltr'><strong>sed</strong></span> <span class='ocrx_word' id='word_1_846' title='bbox 2897 4528 3093 4582; x_wconf 90' lang='lat' dir='ltr'><strong>clamat</strong></span> <span class='ocrx_word' id='word_1_847' title='bbox 3126 4544 3142 4582; x_wconf 93' lang='lat'><strong>:</strong></span> <span class='ocrx_word' id='word_1_848' title='bbox 3182 4526 3355 4582; x_wconf 86' lang='lat' dir='ltr'><strong>Licet</strong></span> <span class='ocrx_word' id='word_1_849' title='bbox 3403 4537 3596 4582; x_wconf 88' lang='lat' dir='ltr'><strong>omnes</strong></span> <span class='ocrx_word' id='word_1_850' title='bbox 3638 4514 3860 4573; x_wconf 71' lang='lat' dir='ltr'><strong>homines.</strong></span> 
     </span>
    </p>
   </div>
   <div class='ocr_carea' id='block_1_106' title="bbox 2291 4609 3963 4700">
    <p class='ocr_par' dir='ltr' id='par_1_106' title="bbox 2291 4609 3963 4700">
     <span class='ocr_line' id='line_1_106' title="bbox 2291 4609 3963 4700; baseline -0.013 -19"><span class='ocrx_word' id='word_1_851' title='bbox 2291 4626 2416 4682; x_wconf 91' lang='lat' dir='ltr'><strong>licet</strong></span> <span class='ocrx_word' id='word_1_852' title='bbox 2439 4625 2709 4681; x_wconf 70' lang='lat' dir='ltr'><strong>daemones</strong></span> <span class='ocrx_word' id='word_1_853' title='bbox 2732 4637 2852 4678; x_wconf 91' lang='lat' dir='ltr'><strong>cum</strong></span> <span class='ocrx_word' id='word_1_854' title='bbox 2880 4621 3093 4677; x_wconf 85' lang='lat' dir='ltr'><strong>diabolo</strong></span> <span class='ocrx_word' id='word_1_855' title='bbox 3115 4622 3432 4677; x_wconf 89' lang='lat' dir='ltr'><strong>constituti</strong></span> <span class='ocrx_word' id='word_1_856' title='bbox 3459 4621 3632 4700; x_wconf 64' lang='lat' dir='ltr'><strong>ipsgm</strong></span> <span class='ocrx_word' id='word_1_857' title='bbox 3659 4609 3868 4668; x_wconf 69' lang='lat' dir='ltr'><strong>accusent</strong></span> <span class='ocrx_word' id='word_1_858' title='bbox 3962 4685 3963 4688; x_wconf 11' lang='grc' dir='ltr'><strong>η</strong></span> 
     </span>
    </p>
   </div>
   <div class='ocr_carea' id='block_1_107' title="bbox 2290 4703 3868 4788">
    <p class='ocr_par' dir='ltr' id='par_1_107' title="bbox 2290 4703 3868 4788">
     <span class='ocr_line' id='line_1_107' title="bbox 2290 4703 3868 4788; baseline -0.014 -14"><span class='ocrx_word' id='word_1_859' title='bbox 2290 4719 2360 4774; x_wconf 86' lang='lat' dir='ltr'><strong>de</strong></span> <span class='ocrx_word' id='word_1_860' title='bbox 2385 4716 2702 4788; x_wconf 77' lang='lat' dir='ltr'><strong>turpissimis</strong></span> <span class='ocrx_word' id='word_1_861' title='bbox 2725 4725 2781 4771; x_wconf 92' lang='lat' dir='ltr'><strong>et</strong></span> <span class='ocrx_word' id='word_1_862' title='bbox 2809 4713 3032 4769; x_wconf 90' lang='lat' dir='ltr'><strong>occultis</strong></span> <span class='ocrx_word' id='word_1_863' title='bbox 3065 4713 3439 4778; x_wconf 88' lang='lat' dir='ltr'><strong>criminibus,</strong></span> <span class='ocrx_word' id='word_1_864' title='bbox 3471 4727 3580 4766; x_wconf 92' lang='lat' dir='ltr'><strong>non</strong></span> <span class='ocrx_word' id='word_1_865' title='bbox 3606 4703 3770 4774; x_wconf 89' lang='lat' dir='ltr'><strong>rejieio</strong></span> 
     </span>
    </p>
   </div>
   <div class='ocr_carea' id='block_1_108' title="bbox 2292 4783 3873 4876">
    <p class='ocr_par' dir='ltr' id='par_1_108' title="bbox 2292 4783 3873 4876">
     <span class='ocr_line' id='line_1_108' title="bbox 2292 4783 3873 4876; baseline -0.011 -12"><span class='ocrx_word' id='word_1_866' title='bbox 2292 4783 2590 4875; x_wconf 74' lang='lat' dir='ltr'><strong>abominor,</strong></span> <span class='ocrx_word' id='word_1_867' title='bbox 2615 4805 2710 4863; x_wconf 89' lang='lat' dir='ltr'><strong>sed</strong></span> <span class='ocrx_word' id='word_1_868' title='bbox 2735 4806 2801 4860; x_wconf 87' lang='lat' dir='ltr'><strong>ab</strong></span> <span class='ocrx_word' id='word_1_869' title='bbox 2829 4804 3255 4861; x_wconf 88' lang='lat' dir='ltr'><strong>accusatoribus</strong></span> <span class='ocrx_word' id='word_1_870' title='bbox 3288 4806 3482 4876; x_wconf 90' lang='lat' dir='ltr'><strong>ipsum</strong></span> <span class='ocrx_word' id='word_1_871' title='bbox 3508 4803 3730 4860; x_wconf 88' lang='lat' dir='ltr'><strong>liberans</strong></span> <span class='ocrx_word' id='word_1_872' title='bbox 3748 4800 3794 4848; x_wconf 88' lang='lat' dir='ltr'><strong>et</strong></span> <span class='ocrx_word' id='word_1_873' title='bbox 3821 4783 3873 4841; x_wconf 75' lang='lat' dir='ltr'><strong>ab</strong></span> 
     </span>
    </p>
   </div>
   <div class='ocr_carea' id='block_1_109' title="bbox 2294 4891 3875 4971">
    <p class='ocr_par' dir='ltr' id='par_1_109' title="bbox 2294 4891 3875 4971">
     <span class='ocr_line' id='line_1_109' title="bbox 2294 4891 3875 4971; baseline -0.012 -14"><span class='ocrx_word' id='word_1_874' title='bbox 2294 4901 2571 4971; x_wconf 90' lang='lat' dir='ltr'><strong>iniquitate</strong></span> <span class='ocrx_word' id='word_1_875' title='bbox 2614 4897 2932 4964; x_wconf 89' lang='lat' dir='ltr'><strong>absolvens,</strong></span> <span class='ocrx_word' id='word_1_876' title='bbox 2981 4896 3060 4952; x_wconf 89' lang='lat' dir='ltr'><strong>sic</strong></span> <span class='ocrx_word' id='word_1_877' title='bbox 3106 4897 3188 4952; x_wconf 86' lang='lat' dir='ltr'><strong>ad</strong></span> <span class='ocrx_word' id='word_1_878' title='bbox 3241 4898 3564 4953; x_wconf 87' lang='lat' dir='ltr'><strong>certamina</strong></span> <span class='ocrx_word' id='word_1_879' title='bbox 3608 4891 3875 4947; x_wconf 65' lang='lat' dir='ltr'><strong>duco:nt‘c</strong></span> 
     </span>
    </p>
   </div>
   <div class='ocr_carea' id='block_1_110' title="bbox 2295 4984 3876 5058">
    <p class='ocr_par' dir='ltr' id='par_1_110' title="bbox 2295 4984 3876 5058">
     <span class='ocr_line' id='line_1_110' title="bbox 2295 4984 3876 5058; baseline -0.013 -12"><span class='ocrx_word' id='word_1_880' title='bbox 2295 4992 2579 5046; x_wconf 90' lang='lat' dir='ltr'><strong>immerito.</strong></span> <span class='ocrx_word' id='word_1_881' title='bbox 2612 4990 2724 5046; x_wconf 89' lang='lat' dir='ltr'><strong>lllic</strong></span> <span class='ocrx_word' id='word_1_882' title='bbox 2752 4990 2894 5045; x_wconf 91' lang='lat' dir='ltr'><strong>enim</strong></span> <span class='ocrx_word' id='word_1_883' title='bbox 2921 4989 3271 5058; x_wconf 87' lang='lat' dir='ltr'><strong>agonotheta</strong></span> <span class='ocrx_word' id='word_1_884' title='bbox 3311 4991 3393 5046; x_wconf 90' lang='lat' dir='ltr'><strong>nil</strong></span> <span class='ocrx_word' id='word_1_885' title='bbox 3427 4984 3748 5046; x_wconf 82' lang='lat' dir='ltr'><strong>certantibus</strong></span> <span class='ocrx_word' id='word_1_886' title='bbox 3771 4987 3876 5030; x_wconf 59' lang='lat' dir='ltr'><strong>cono</strong></span> 
     </span>
    </p>
   </div>
   <div class='ocr_carea' id='block_1_111' title="bbox 2297 5072 3881 5148">
    <p class='ocr_par' dir='ltr' id='par_1_111' title="bbox 2297 5072 3881 5148">
     <span class='ocr_line' id='line_1_111' title="bbox 2297 5072 3881 5148; baseline 0.001 -13"><span class='ocrx_word' id='word_1_887' title='bbox 2297 5083 2396 5138; x_wconf 83' lang='lat' dir='ltr'><strong>fert</strong></span> <span class='ocrx_word' id='word_1_888' title='bbox 2415 5082 2481 5136; x_wconf 92' lang='lat' dir='ltr'><strong>ad</strong></span> <span class='ocrx_word' id='word_1_889' title='bbox 2504 5083 2778 5137; x_wconf 86' lang='lat' dir='ltr'><strong>victoriam</strong></span> <span class='ocrx_word' id='word_1_890' title='bbox 2797 5123 2813 5148; x_wconf 89' lang='lat'><strong>,</strong></span> <span class='ocrx_word' id='word_1_891' title='bbox 2836 5080 2930 5136; x_wconf 90' lang='lat' dir='ltr'><strong>sed</strong></span> <span class='ocrx_word' id='word_1_892' title='bbox 2953 5078 3171 5136; x_wconf 87' lang='lat' dir='ltr'><strong>medius</strong></span> <span class='ocrx_word' id='word_1_893' title='bbox 3211 5083 3565 5137; x_wconf 89' lang='lat' dir='ltr'><strong>constitutus</strong></span> <span class='ocrx_word' id='word_1_894' title='bbox 3585 5086 3687 5138; x_wconf 82' lang='lat' dir='ltr'><strong>est;</strong></span> <span class='ocrx_word' id='word_1_895' title='bbox 3713 5072 3786 5125; x_wconf 66' lang='lat' dir='ltr'><strong>hic</strong></span> <span class='ocrx_word' id='word_1_896' title='bbox 3805 5079 3881 5115; x_wconf 65' lang='grc' dir='ltr'><strong>δυ’</strong></span> 
     </span>
    </p>
   </div>
   <div class='ocr_carea' id='block_1_112' title="bbox 2298 5159 3888 5246">
    <p class='ocr_par' dir='ltr' id='par_1_112' title="bbox 2298 5159 3888 5246">
     <span class='ocr_line' id='line_1_112' title="bbox 2298 5159 3888 5246; baseline -0.012 -17"><span class='ocrx_word' id='word_1_897' title='bbox 2298 5185 2402 5232; x_wconf 89' lang='lat' dir='ltr'><strong>tem</strong></span> <span class='ocrx_word' id='word_1_898' title='bbox 2451 5176 2769 5246; x_wconf 90' lang='lat' dir='ltr'><strong>agonotheta</strong></span> <span class='ocrx_word' id='word_1_899' title='bbox 2805 5174 3015 5244; x_wconf 80' lang='lat' dir='ltr'><strong>pietatis</strong></span> <span class='ocrx_word' id='word_1_900' title='bbox 3053 5176 3593 5246; x_wconf 85' lang='lat' dir='ltr'><strong>propugnatoribus</strong></span> <span class='ocrx_word' id='word_1_901' title='bbox 3635 5159 3888 5227; x_wconf 74' lang='lat' dir='ltr'><strong>commilito</strong></span> 
     </span>
    </p>
   </div>
   <div class='ocr_carea' id='block_1_113' title="bbox 2298 5265 3890 5338">
    <p class='ocr_par' dir='ltr' id='par_1_113' title="bbox 2298 5265 3890 5338">
     <span class='ocr_line' id='line_1_113' title="bbox 2298 5265 3890 5338; baseline -0.009 -16"><span class='ocrx_word' id='word_1_902' title='bbox 2298 5269 2356 5322; x_wconf 83' lang='lat' dir='ltr'><strong>tit</strong></span> <span class='ocrx_word' id='word_1_903' title='bbox 2385 5277 2438 5324; x_wconf 91' lang='lat' dir='ltr'><strong>et</strong></span> <span class='ocrx_word' id='word_1_904' title='bbox 2466 5268 2767 5333; x_wconf 85' lang='lat' dir='ltr'><strong>auxiliator,</strong></span> <span class='ocrx_word' id='word_1_905' title='bbox 2796 5282 2918 5322; x_wconf 89' lang='lat' dir='ltr'><strong>cum</strong></span> <span class='ocrx_word' id='word_1_906' title='bbox 2960 5266 3088 5338; x_wconf 87' lang='lat' dir='ltr'><strong>ipsis</strong></span> <span class='ocrx_word' id='word_1_907' title='bbox 3123 5280 3342 5326; x_wconf 89' lang='lat' dir='ltr'><strong>contra</strong></span> <span class='ocrx_word' id='word_1_908' title='bbox 3375 5268 3657 5326; x_wconf 82' lang='lat' dir='ltr'><strong>diabolum</strong></span> <span class='ocrx_word' id='word_1_909' title='bbox 3696 5265 3890 5331; x_wconf 84' lang='lat' dir='ltr'><strong>pugnam</strong></span> 
     </span>
    </p>
   </div>
   <div class='ocr_carea' id='block_1_114' title="bbox 2297 5365 2654 5419">
    <p class='ocr_par' dir='ltr' id='par_1_114' title="bbox 2297 5365 2654 5419">
     <span class='ocr_line' id='line_1_114' title="bbox 2297 5365 2654 5419; baseline -0.006 0"><span class='ocrx_word' id='word_1_910' title='bbox 2297 5365 2654 5419; x_wconf 89' lang='lat' dir='ltr'><strong>committens.</strong></span> 
     </span>
    </p>
   </div>
   <div class='ocr_carea' id='block_1_115' title="bbox 2369 5452 3897 5533">
    <p class='ocr_par' dir='ltr' id='par_1_115' title="bbox 2369 5452 3897 5533">
     <span class='ocr_line' id='line_1_115' title="bbox 2369 5452 3897 5533; baseline -0.002 -20"><span class='ocrx_word' id='word_1_911' title='bbox 2369 5459 2422 5513; x_wconf 73' lang='grc'><strong>4.</strong></span> <span class='ocrx_word' id='word_1_912' title='bbox 2449 5457 2557 5513; x_wconf 80' lang='lat' dir='ltr'><strong>Nec</strong></span> <span class='ocrx_word' id='word_1_913' title='bbox 2583 5457 2684 5512; x_wconf 86' lang='lat' dir='ltr'><strong>hoc</strong></span> <span class='ocrx_word' id='word_1_914' title='bbox 2707 5465 2909 5511; x_wconf 86' lang='lat' dir='ltr'><strong>tantum</strong></span> <span class='ocrx_word' id='word_1_915' title='bbox 2935 5464 3017 5512; x_wconf 89' lang='lat' dir='ltr'><strong>est</strong></span> <span class='ocrx_word' id='word_1_916' title='bbox 3036 5455 3418 5532; x_wconf 85' lang='lat' dir='ltr'><strong>admirabile,</strong></span> <span class='ocrx_word' id='word_1_917' title='bbox 3453 5458 3601 5533; x_wconf 84' lang='lat' dir='ltr'><strong>quod</strong></span> <span class='ocrx_word' id='word_1_918' title='bbox 3630 5452 3770 5512; x_wconf 83' lang='lat' dir='ltr'><strong>nobis</strong></span> <span class='ocrx_word' id='word_1_919' title='bbox 3795 5458 3897 5520; x_wconf 63' lang='grc' dir='ltr'><strong>Ρῡε·</strong></span> 
     </span>
    </p>
   </div>
   <div class='ocr_carea' id='block_1_116' title="bbox 2306 5665 3902 5752">
    <p class='ocr_par' dir='ltr' id='par_1_116' title="bbox 2306 5665 3902 5752">
     <span class='ocr_line' id='line_1_116' title="bbox 2306 5665 3902 5752; baseline -0.004 -24"><span class='ocrx_word' id='word_1_920' title='bbox 2306 5739 2318 5752; x_wconf 37' lang='grc' dir='ltr'><strong><em>ο</em></strong></span> <span class='ocrx_word' id='word_1_921' title='bbox 2364 5682 2380 5710; x_wconf 81' lang='grc'>’</span> <span class='ocrx_word' id='word_1_922' title='bbox 2423 5680 2522 5752; x_wconf 59' lang='lat' dir='ltr'><strong>tibi,</strong></span> <span class='ocrx_word' id='word_1_923' title='bbox 2545 5680 2722 5752; x_wconf 68' lang='lat' dir='ltr'><strong>hocest</strong></span> <span class='ocrx_word' id='word_1_924' title='bbox 2756 5676 3222 5752; x_wconf 41' lang='lat' dir='ltr'><strong>irnprimislttirtutis</strong></span> <span class='ocrx_word' id='word_1_925' title='bbox 3256 5671 3592 5743; x_wconf 74' lang='lat' dir='ltr'><strong>maxinuan;</strong></span> <span class='ocrx_word' id='word_1_926' title='bbox 3619 5678 3721 5738; x_wconf 79' lang='lat' dir='ltr'><strong>alii,</strong></span> <span class='ocrx_word' id='word_1_927' title='bbox 3743 5665 3902 5722; x_wconf 56' lang='lat' dir='ltr'><strong>hac!“</strong></span> 
     </span>
    </p>
   </div>
   <div class='ocr_carea' id='block_1_117' title="bbox 3923 1693 3934 1748">
    <p class='ocr_par' dir='ltr' id='par_1_117' title="bbox 3923 1693 3934 1748">
     <span class='ocr_line' id='line_1_117' title="bbox 3923 1693 3934 1748; baseline 0 0"><span class='ocrx_word' id='word_1_928' title='bbox 3923 1693 3934 1748; x_wconf 87' lang='lat' dir='ltr'><strong>l</strong></span> 
     </span>
    </p>
   </div>
   <div class='ocr_carea' id='block_1_118' title="bbox 3935 2075 3943 2108">
    <p class='ocr_par' dir='ltr' id='par_1_118' title="bbox 3935 2075 3943 2108">
     <span class='ocr_line' id='line_1_118' title="bbox 3935 2075 3943 2108; baseline 0 0"><span class='ocrx_word' id='word_1_929' title='bbox 3935 2075 3943 2108; x_wconf 75' lang='grc' dir='ltr'><strong>ἱ</strong></span> 
     </span>
    </p>
   </div>
   <div class='ocr_carea' id='block_1_119' title="bbox 3961 5435 3963 5478">
    <p class='ocr_par' dir='ltr' id='par_1_119' title="bbox 3961 5435 3963 5478">
     <span class='ocr_line' id='line_1_119' title="bbox 3961 5435 3963 5478; baseline 0 0"><span class='ocrx_word' id='word_1_930' title='bbox 3961 5435 3963 5478; x_wconf 72' lang='grc'><strong><em>4</em></strong></span> 
     </span>
    </p>
   </div>
  </div>
