4020 6216
483 384 591 439 2'57

493 500 622 569 ἡμῖν
657 496 723 552 τὰ
754 492 1142 567 ἁμαρτήματα,
1174 490 1290 545 ἀλλ’
1312 490 1393 544 ὅτι
1443 487 1584 542 αὐτά
1636 486 1757 541 οὐδὲ
1808 483 2161 544 ἐκκαλύπτει,

491 586 612 643 οὐδὲ
641 587 784 641 ποιεῖ
810 582 1020 655 φανερά
1040 580 1135 635 ml
1160 579 1316 650 δῆλα,
1341 578 1462 632 οὐδὲ
1480 574 1778 645 ἀναγκάζει
1800 571 2163 644 παρελθόντας

494 678 575 739 είς
608 674 769 745 μέσον
796 671 1031 737 ἐξειπεῖν
1060 670 1132 723 τὰ
1159 659 1987 738 πεπλημμελημένα,ἀλλάὑτῷ
2021 659 2164 732 μόνῳ

489 757 935 833 ἀπολογήσασθαι
951 755 1162 811 κελεύει
1186 754 1280 809 ml
1304 754 1440 826 πρὸς
1465 751 1625 807 αὐτὸν
1647 748 2162 820 ἐξομολογήσασθαι.

494 854 690 907 Καίτοι
730 866 793 917 γε
825 849 890 902 ἐκ
919 846 1027 899 τῶν
1055 843 1254 911 ἔξωθεν
1282 840 1551 896 δικαστῶν
1577 840 1631 893 εί
1654 856 1740 903 τις
1772 833 1895 891 εἶπέ
1925 854 2031 891 τινι
2059 836 2165 890 τῶν

495 942 730 995 ἁλόντων
760 934 971 1011 λῃστῶν
997 933 1031 1005 ἢ
1066 929 1463 1003 τυμϐωρύχων,
1486 929 1660 981 εἰπεῖν
1685 925 1755 979 τά
1781 922 2168 996 πεπλημμελη-

498 1028 656 1097 μένα,
686 1010 1086 1093 καὶίάφεθῆναι
1115 1020 1215 1090 τῆς
1259 1018 1556 1081 κολάσεως,
1598 1013 1747 1085 πάσῃ
1787 1011 2067 1084 προθυμίᾳ
2100 1010 2166 1064 ἂν

494 1112 847 1178 κατεδέξαντο
889 1107 1069 1174 τοῦτο,
1103 1108 1167 1177 τῇ
1202 1104 1305 1176 τῆς
1343 1102 1618 1174 σωτηρίας
1656 1098 1922 1171 ἐπιθυμίᾳ
1950 1098 2050 1169 τῆς
2080 1098 2160 1151 αί-

494 1202 697 1274 σχύνης
751 1193 1243 1268 καταφρονοῦντες.
1283 1189 1549 1244 Ἐνταῦθα
1616 1188 1673 1242 δὲ
1723 1187 1876 1241 οὐδὲν
1929 1184 2168 1240 τοιοῦτόν

491 1295 660 1357 ἐστιν,
686 1290 820 1345 ἀλλὰ
844 1288 941 1343 καλ⁸
962 1283 1250 1357 ἀφίησιτά
1269 1283 1490 1354 ἀμαρτή
1500 1298 1666 1353 ματα,
1681 1278 1784 1332 οιαὶ
1804 1278 1903 1332 οὐκ
1928 1276 2170 1345 ἀναγκά-

493 1383 576 1447 ζει
614 1378 900 1451 παρόντων
936 1372 1097 1428 τινῶν
1134 1369 1276 1426 αὐτά
1310 1367 1704 1440 ἐκπομπεύειν,
1756 1366 1870 1419 ἀλλ’
1901 1364 1960 1418 ιν
2010 1363 2167 1435 μόνον

492 1469 661 1541 ζητεῖ,
693 1468 841 1528 ὅπως
875 1461 1039 1525 αὐτὸς
1067 1461 1097 1515 0
1123 1462 1222 1531 τῆς
1265 1456 1515 1541 ἀφέσεως
1547 1453 1837 1511 ἀπολαύων
1884 1451 2046 1541 μάθοι
2070 1451 2170 1521 τῆς

489 1534 699 1629 δωρεᾶς
728 1554 789 1607 τὸ
821 1549 1067 1624 μέγεθος.
1108 1546 1234 1610 Πῶς
1276 1540 1370 1599 οὖν
1402 1545 1503 1597 οὐκ
1532 1544 1731 1598 ἄτοπον
1773 1542 1832 1595 ἐν
1875 1534 1959 1605 οἷς
2006 1539 2170 1604 αὐτὸς

489 1627 641 1715 ἡμᾶς
666 1640 946 1712 εὐεργετεῖ
966 1638 1014 1689 εἰ
1034 1637 1255 1707 ἀρκοῖτο
1274 1635 1341 1703 τῇ
1363 1630 1493 1703 παρ’
1522 1630 1679 1701 ἡμῶν
1704 1628 1982 1715 μαρτυρίᾳ
2008 1627 2167 1699 μόνῃ,

493 1714 653 1801 ἡμεῖς
680 1730 737 1782 δὲ
761 1730 819 1781 ἐν
850 1720 931 1788 οἷς
952 1722 1114 1777 αὐτὸν
1135 1718 1533 1792 θεραπεύομεν,
1562 1717 1782 1789 ἐτέρους
1803 1714 2169 1787 ἐπιζητοῦμεν

497 1819 776 1889 μάρτυρας
808 1812 903 1867 ml
930 1811 1067 1882 πρὸς
1094 1806 1352 1872 ἐπίδειξίν
1376 1823 1432 1860 τι
1458 1804 1748 1876 ποιοῦμεν;
1779 1803 2170 1874 Θαυμάσαντες

492 1906 670 1959 τοίνυν
706 1902 804 1973 τὴν
834 1898 998 1955 αὐτοῦ
1027 1894 1427 1967 φιλοφροσύνην
1471 1890 1872 1963 ἐπιδειξώμεθα
1913 1889 1984 1945 τὰ
2038 1891 2169 1962 παρ’

493 1992 671 2063 ἡμῶν,
705 1990 801 2044 ml
851 1987 958 2059 πρὸ
1010 1984 1118 2039 τῶν
1166 1982 1341 2039 ἄλλων
1370 1980 1628 2037 ἁπάντων
1656 1980 1754 2052 τὴν
1797 1979 1896 2050 τῆς
1924 1975 2172 2048 γλώττης

494 2079 880 2151 χαλινώσωμεν
915 2073 1116 2147 ῥύμην,
1149 2071 1246 2126 ml
1276 2070 1351 2142 μὴ
1374 2069 1463 2124 ἀεὶ⁸
1488 2066 1889 2138 φθεγγώμεθα·
1939 2066 2033 2151 ’ξκ
2063 2065 2171 2137 γὰρ

495 2148 867 2236 πολυλογίας
899 2164 1011 2217 οὐκ
1036 2158 1300 2230 ἐκφεύξῃ
1341 2157 1651 2227 ἁμαρτίαν.
1664 2156 1761 2208 Ἂν
1796 2155 1894 2225 μὲν
1925 2148 2018 2208 οὖν
2043 2153 2174 2224 ἔχῃς

493 2276 545 2311 τι
606 2255 879 2326 χρήσιμον
939 2251 1135 2310 εἰπεῖν,
1165 2244 1376 2310 ἄνοιξον
1429 2244 1499 2298 τὰ
1554 2244 1729 2315 χείλη,
1786 2242 1851 2297 ἂν
1896 2242 1954 2296 δὲ
2006 2241 2173 2313 μηδὲν

497 2346 793 2411 ἀναγκαῖον
820 2335 877 2415 ᾖ,
910 2338 1039 2406 σίγα
1059 2351 1073 2366 ’
1105 2334 1313 2406 βέλτιον
1336 2332 1465 2404 γάρ.

569 2414 930 2501 Χειροτέχνης
981 2421 1064 2489 εἷ;
1119 2420 1480 2491 καθεζόμενος
1506 2417 1673 2488 ψάλλε
1696 2434 1708 2447 ·
1754 2417 1869 2470 ἀλλ’
1896 2417 1955 2469 οὑ
1992 2414 2171 2486 βούλει

496 2519 574 2590 τῷ
603 2517 829 2587 στόματι
849 2511 1104 2583 ψάλλειν;
1127 2511 1196 2580 τῇ
1223 2507 1435 2577 διανοίᾳ
1461 2505 1620 2558 τοῦτο
1646 2503 1820 2557 ποίει·
1849 2503 2023 2573 μέγας
2044 2520 2171 2557 συν-

498 2589 682 2677 όμιλος
716 2606 745 2657 0
773 2600 1008 2671 ψαλμός.
1037 2595 1203 2650 Οὐδὲν
1234 2592 1484 2647 ἐντεῦθεν
1518 2592 1799 2661 ὑποστὴσῃ
1836 2590 2027 2654 δεινὸν,
2058 2589 2173 2643 ἀλλ’

497 2675 573 2758 ὥς
596 2693 655 2744 ἐν
678 2686 1025 2763 μοναστηρίῳ
1049 2685 1106 2737 ἐν
1130 2682 1206 2753 τῷ
1229 2679 1577 2753 ἐργαστηρίῳ
1595 2678 1801 2748 δυνήσῃ
1825 2675 2172 2741 καθέζεσθαιθ

499 2782 559 2834 οὐ
589 2779 698 2850 γὰρ
725 2777 907 2830 τόπων
941 2769 1339 2841 ἐπιτηδειότης,
1382 2765 1519 2820 ἀλλά
1546 2764 1763 2837 τρόπων
1796 2763 2049 2835 ἀκρίϐεια
2078 2764 2175 2835 τὴν

500 2866 731 2937 ἡσυχίαν
762 2865 893 2935 ἡμῖν
938 2859 1257 2931 παρέξεται.
1298 2852 1514 2916 Παῦλος
1556 2851 1688 2922 γοῦν
1732 2853 1790 2905 ἐν
1825 2852 2176 2923 ἐργαστηρίῳ

499 2960 566 3027 τῇ
622 2954 786 3024 τέχνῃ
839 2948 1197 3021 κεχρημένος,
1244 2943 1401 2997 οὐδὲν
1454 2942 1533 3006 εἰς
1578 2941 1676 3013 τὴν
1727 2940 1933 2993 οἰκείαν
1976 2939 2176 3011 ἀρετὴν

502 3040 845 3114 παρεϐλάϐη.
878 3036 972 3107 Μὴ
1000 3034 1180 3088 τοίνυν
1209 3031 1335 3101 λέγε
1376 3028 1441 3082 σύ
1467 3043 1481 3059 ⁸
1520 3029 1645 3091 Πῶς
1672 3028 1971 3098 δυνήσομαι
1996 3044 2177 3098 χειρο-

500 3113 693 3202 τέχνης
719 3125 795 3180 ῶν
824 3124 917 3180 καὶ
945 3122 1116 3192 πένης
1148 3120 1492 3190 φιλοσοφεῖν;
1523 3116 1623 3170 Διά
1652 3115 1810 3170 τοῦτο
1838 3116 1936 3187 μὲν
1956 3113 2051 3171 οὖν
2070 3114 2175 3189 μᾶ-

500 3219 659 3274 λιστα
690 3216 889 3286 δυνήσῃ
925 3210 1256 3281 φιλοσοφεῖν.
1291 3207 1403 3260 Καὶ
1446 3204 1557 3275 γὰρ
1601 3204 1763 3258 πενία
1800 3203 2053 3271 πλούτου,
2084 3206 2176 3259 καὶ

501 3307 735 3382 ἐργασία
769 3302 969 3377 ἀργίας
1003 3299 1140 3372 πρὸς
1170 3295 1458 3351 εὐλάϐειαν
1480 3296 1612 3382 ἡμῖν
1634 3291 2177 3382 ἐπιτηδειότερον,ώς

499 3379 617 3464 ὅγε
649 3394 875 3455 πλοῦτος
906 3390 1020 3453 τοῖς
1054 3386 1128 3458 μὴ
1159 3383 1488 3456 προσέχουσι
1531 3381 1625 3435 καὶ
1663 3379 1919 3451 ἐμπόδιον
1943 3380 2173 3449 γίνεται.

503 3487 673 3539 Ὅταν
706 3481 815 3554 γὰρ
843 3477 1012 3551 ὀργὴν
1038 3475 1133 3549 δέῃ
1166 3474 1405 3543 ἀφεῖναι,
1432 3471 1561 3524 ὅταν
1601 3468 1792 3522 σϐέσαι
1824 3467 2037 3537 φθόνον,
2050 3467 2177 3522 ὅταν

498 3574 781 3645 χαλᾶσαια
814 3567 1007 3639 θυμὸν,
1053 3564 1181 3618 ὅταν
1229 3560 1392 3632 εὐχὴν
1425 3554 1817 3623 ἐπιδείξασθαι,
1847 3555 1974 3609 ὃταν
1999 3556 2175 3609 ἐπιεί-

502 3642 659 3715 κειαν
692 3658 789 3712 ml
835 3654 1142 3726 πραότητα,
1171 3650 1301 3703 ὅταν
1341 3643 1743 3717 φιλοφροσύνην
1786 3642 1881 3697 ml
1929 3643 2172 3715 ἀγάπην,

502 3747 609 3801 ποῦ
632 3744 827 3816 γένοιτ’
847 3742 912 3797 ἂν
941 3740 1171 3809 κώλυμα
1202 3738 1236 3807 ἡ
1268 3734 1459 3800 πενία;
1487 3732 1565 3788 Οὐ
1589 3731 1698 3803 γὰρ
1725 3729 1988 3803 ἀργύριον
2009 3748 2179 3785 κατα-

504 3836 768 3896 ϐαλόντας
805 3829 977 3886 ταῦτα
1018 3825 1212 3882 ἀνύσαι
1260 3823 1430 3890 ἐστιν,
1461 3819 1597 3875 ἀλλά
1642 3819 1964 3891 προαίρεσιν
2010 3818 2177 3890 ὀρθὴν

505 3918 966 3991 ἐπιδειξαμένους.
983 3910 1352 3984 Ἐλεημοσύνη
1388 3906 1623 3980 μάλιστά
1642 3908 1788 3960 ἐστιν
1818 3908 1852 3977 ἡ
1880 3906 2178 3978 χρημάτων

502 4010 756 4082 δεομένη,
785 4003 922 4059 ἀλλά
944 4001 1041 4056 καὶ
1063 3998 1201 4069 αὐτὴ
1226 3996 1312 4050 διὰ
1329 3997 1429 4067 τῆς
1456 3995 1657 4082 πενίας
1675 3992 1935 4065 μειζόνως
1956 3992 2180 4064 ἐξέλαμ-

504 4079 610 4169 ψελ
661 4095 755 4150 ml
802 4093 912 4165 γὰρ
951 4092 986 4163 ἡ
1019 4088 1157 4169 τοὺς,
1189 4084 1283 4140 δύο
1329 4082 1549 4145 ὀϐολοὺς
1576 4080 1724 4154 [241]
1770 4079 2174 4147 καταϐαλοῦσα,

507 4167 764 4240 ἀπάντων
797 4176 1099 4250 ἀνθρώπων
1144 4168 1212 4246 ἦν
1262 4169 1584 4241 πενεστέρα.
1616 4169 1711 4222 καὶ
1757 4167 1965 4233 πάντας
2011 4168 2179 4239 ὑπερ-

494 4272 778 4343 ηηκόντισε.
807 4268 899 4336 Μὴ
932 4263 1113 4317 τοίνυν
1151 4259 1294 4333 μέγα
1322 4275 1374 4311 τι
1401 4255 1713 4328 νομίζωμεν
1746 4252 1884 4309 εἶναι
1927 4254 2175 4322 πλοῦτον,

512 4339 646 4428 μηδέ
678 4351 851 4424 πηλοῦ
881 4347 1124 4420 βελτίονα
1162 4340 1302 4397 εἶναι
1351 4342 1442 4396 τὸν
1491 4340 1689 4413 χρυσὸν
1737 4339 2110 4411 λογιζώμεθα·
2140 4343 2175 4412 ἡ

508 4445 619 4517 γὰρ
644 4442 778 4514 τιμὴ
807 4439 907 4509 τῆς
937 4436 1067 4507 ὑλης
1092 4433 1192 4488 οὐκ
1222 4431 1332 4487 ἀπὸ
1370 4434 1470 4502 τῆς
1509 4428 1743 4500 φύσεως,
1789 4428 1903 4517 ἀλλ’
1930 4430 2039 4483 ἀπὸ
2079 4430 2179 4501 τῆς

507 4515 783 4604 ἡμετέρας
814 4525 1049 4587 διανοίας
1075 4522 1242 4576 ἐστίν.
1272 4520 1339 4574 El
1370 4519 1480 4591 γάρ
1510 4535 1594 4604 τις
1619 4515 1861 4604 ἀκριϐῶς
1882 4515 2176 4582 ἐξετάσειε,

508 4601 646 4668 πολύ
678 4601 770 4666 τοῦ
800 4607 1001 4683 χρυσοῦ
1032 4607 1249 4679 σίδηρος
1292 4602 1714 4673 ἀναγκαιότερος
1732 4617 1746 4631 ο
1780 4602 1809 4654 0
1841 4601 1938 4672 μὲν
1965 4601 2075 4673 γὰρ
2100 4603 2180 4665 εἰς

507 4705 601 4759 τὸν
655 4702 766 4774 βίον
820 4696 1077 4768 οὐδεμίαν
1115 4693 1328 4762 εἰσάγει
1359 4691 1568 4763 χρείαν,
1599 4683 1753 4754 οὗτος
1798 4689 1855 4743 δὲ
1909 4689 1970 4743 τὸ
2021 4689 2179 4744 πλέον

506 4793 642 4864 ἡμῖν
667 4784 1037 4843 κατεσκεύασε
1059 4782 1160 4853 τῆς
1182 4780 1372 4853 χρείας
1396 4778 1618 4850 μυρίαις
1641 4778 1855 4848 τέχναις
1885 4778 2182 4849 ὑπηρετού-

514 4896 694 4951 μενος.
732 4875 840 4929 Kal
866 4873 918 4927 τί
943 4871 1086 4940 λέγω
1118 4867 1321 4941 χρυσοῦ
1353 4867 1448 4920 ml
1471 4865 1692 4951 σιδήρου
1719 4864 2043 4951 σύγκριῖιν;
2071 4864 2180 4918 τῶν

509 4942 620 5038 ξτάρ
666 4959 967 5017 πολυτελῶν
1012 4956 1174 5010 λίθων
1221 4950 1635 5021 ἀναγκαιότεροι
1660 4950 1710 5003 οί
1739 4949 1876 5004 λίθοι
1907 4942 2085 5003 οῦτοι·
2122 4950 2181 5015 ἐξ

510 5035 733 5106 ἐκείνων
760 5047 863 5119 μὲν
890 5044 1000 5117 γὰρ
1033 5040 1187 5095 οὐδὲν
1221 5038 1287 5093 ἂν
1318 5038 1526 5107 γένοιτο
1551 5035 1804 5109 χρηστὸν,
1838 5035 1945 5089 ἀπὸ
1976 5036 2032 5089 δὲ
2058 5036 2181 5089 τού-

510 5153 619 5193 των
651 5138 818 5192 οίκίαι
846 5151 907 5188 τε
940 5131 1032 5186 ml
1062 5129 1218 5199 τείχη
1265 5128 1358 5181 ml
1389 5124 1571 5188 πόλεις
1605 5124 1862 5195 ἔστησαν.
1898 5124 1971 5177 Σὺ
1998 5124 2054 5178 δέ
2091 5142 2180 5196 μοι

510 5225 706 5293 δεῖξον,
739 5225 793 5279 τί
831 5223 893 5278 τὸ
943 5220 1134 5293 κέρδος
1184 5215 1293 5272 ἀπὸ
1335 5213 1445 5268 τῶν
1498 5213 1860 5286 μαργαριτῶν
1888 5212 2086 5282 γένοιτ’
2114 5214 2180 5268 ἂν

513 5314 735 5378 τούτων,
764 5312 962 5383 μᾶλλον
989 5310 1046 5363 δὲ
1070 5309 1220 5362 ποῖον
1242 5303 1340 5358 οὐκ
1365 5302 1431 5357 ἂν
1453 5302 1663 5371 γένοιτο
1685 5299 1910 5371 βλάϐος;
1942 5302 2053 5355 Καὶ
2073 5301 2182 5374 γὰρ

517 5405 603 5456 ἵνα
642 5402 706 5454 σὺ
740 5400 936 5454 κόκκον
964 5396 1061 5451 ’ἐνα
1105 5394 1363 5467 φορέσῃς,
1404 5390 1587 5462 μυρίοι
1631 5389 1709 5459 τῷ
1758 5388 1902 5459 λιμῷ
1950 5388 2181 5458 πένητες

515 5493 802 5562 ἅγχονται·
834 5488 996 5549 ποίας
1021 5479 1112 5539 οὖν
1154 5481 1452 5550 ἀπολογίας
1493 5476 1699 5549 τεύξῃς
1747 5476 1893 5541 τίνος
1937 5476 2181 5546 συγγνώ-

518 5589 627 5645 μης
643 5593 657 5635 ;

588 5662 773 5717 Βούλει
800 5659 1072 5729 κοσμῆσαι
1094 5658 1155 5712 τὸ
1182 5655 1504 5731 πρόσωπον;
1534 5652 1608 5725 μὴ
1642 5650 2028 5724 μαργαρίταις,
2047 5648 2184 5705 ἀλλά

521 5750 835 5825 σωφροσύνῃ
876 5749 970 5802 ml
1016 5745 1342 5818 σεμνότητι*
1390 5741 1533 5797 οὑτω
1580 5738 1937 5814 χαριεστέραν
1991 5738 2179 5810 δψεται

579 5894 603 5923 ³
622 5888 715 5939 Alii
743 5884 1023 5950 χαλινῶσαι.

1257 376 1321 432 S.
1360 371 1645 429 JOANMS
1684 366 2167 427 CHRYDOSTUEH
2204 366 2527 422 ARCUIEP.
2569 366 3117 424 CONSTANTINOP.
3828 368 3904 424 238

2267 481 2365 551 τὴν
2396 481 2518 551 ὄψιν
2541 485 2569 536 0
2601 483 2758 554 ἀνήρ.
2777 482 3013 545 Ἐκεῖνος
3048 481 3146 552 μέν
3179 478 3287 552 γὰρ
3319 482 3344 534 ὁ
3370 480 3573 552 κόσμος
3604 480 3703 535 καὶ
3733 483 3811 547 εις
3827 481 3902 551 (nc

2266 567 2523 633 λοτυπίας
2566 569 2798 639 ὑποψίαν
2844 568 3133 640 ἐμϐάλλειν
3161 567 3351 621 εἴωθεν
3377 568 3472 620 καὶ
3503 569 3585 630 είς
3607 568 3811 640 ἔχθρας
3834 574 3906 626 καὶ

2267 658 2598 727 φιλονεικίας
2629 659 2722 711 ml
2758 657 2938 728 μάχας
2957 673 2974 689 ο
3005 658 3158 712 οὐδὲν
3187 657 3297 728 γάρ
3320 656 3534 726 ὕψεωςδ
3564 657 3908 730 ὑποπτευομρ
4000 656 4005 725 ξ

2265 762 2364 816 νης
2397 746 2750 818 ἀηδέστερον·
2782 748 2810 800 0
2836 746 2893 799 δέ
2924 746 3023 818 τῆς
3054 745 3420 816 ἐλεημοσύνης
3448 746 3543 799 καὶ
3580 746 3908 817 σωφροσύνης
4004 778 4005 787 η

2266 834 2470 904 κόσμος
2515 836 2695 889 πᾶσαν
2726 834 2823 907 μὲν
2851 834 3103 888 ἐκϐάλλει
3134 834 3378 904 πονηρὰν
3424 834 3702 897 ὑπόνοιαν,
3740 836 3909 900 mw"

2266 921 2323 975 δέ
2348 920 2548 992 δεσμοῦ
2576 922 2930 994 σφοδρότερον
2956 922 3318 976 ἐπισπάσεται
3339 922 3430 976 τὸν
3449 922 3811 979 σύνοικον.οὐ
3831 925 3906 998 γὰρ

2268 1009 2409 1063 οὕτω
2446 1008 2676 1074 κάλλους
2719 1010 2879 1080 φύσις
2912 1009 3186 1081 εὔμορφον
3226 1012 3370 1063 ποιεῖ
3393 1010 3638 1079 γίνεσθαι
3663 1011 3767 1082 τὴν
3794 1013 3910 1082 ϐψω,

2268 1096 2342 1161 ὼς
2369 1099 2401 1169 ἡ
2431 1095 2525 1150 τοῦ
2557 1096 2891 1171 θεωροῦντος
2914 1098 3085 1169 αὐτὴν
3111 1097 3357 1161 διάθεσις
3379 1114 3395 1127 “
3422 1098 3662 1152 διάθεσιν
3687 1099 3748 1152 δὲ
3784 1101 3916 1155 οὐδὲν

2267 1186 2459 1251 οὑτως,
2483 1187 2559 1250 ὡς
2590 1185 2909 1258 σωφροσύνη
2934 1187 3029 1240 ml
3059 1187 3326 1258 σεμνότης
3355 1189 3527 1239 ποιεῖν
3553 1186 3920 1243 εῐωθεν.Ἦστι

2268 1277 2370 1333 κᾶν
2403 1276 2677 1350 εὔμορφος
2750 1295 2857 1342 τις,
2883 1277 3138 1349 ἀπεχθῶς
3158 1276 3216 1330 δὲ
3242 1276 3378 1348 πρὸς
3407 1277 3576 1348 αὐτὴν
3596 1280 3625 1331 0
3646 1278 3796 1351 ἀνὴρ
3822 1280 3923 1353 ἔχῃ,

2269 1369 2483 1422 πάντων
2516 1368 2844 1441 αίσχροτέρα
2869 1367 3015 1437 αὐτῷ
3048 1370 3322 1437 φανεῖται·
3355 1368 3455 1421 κᾶν
3488 1367 3562 1438 μὴ
3585 1368 3728 1439 τύχῃ
3753 1386 3849 1433 τις
3867 1371 3928 1429 εὐ-

2269 1457 2488 1528 πρεπὴς
2525 1453 2680 1521 οὖσα,
2706 1457 2881 1528 ἡδέως
2900 1458 2962 1512 δὲ
2993 1456 3127 1528 πρὸς
3159 1454 3326 1526 αὐτὴν
3351 1457 3379 1509 0
3403 1456 3540 1527 ἀνὴρ
3556 1455 3688 1528 έχῃ,
3716 1456 3927 1511 πάντων

2267 1544 2646 1617 εὐμορφοτέρα
2691 1544 2841 1615 αὐτῷ
2872 1547 3151 1613 φανεῖταιο
3182 1543 3242 1595 οὐ
3272 1541 3382 1613 γάρ
3425 1541 3482 1594 ἐν
3518 1547 3586 1614 τῇ
3629 1543 3805 1612 φύσει
3840 1544 3928 1598 τῶν

2267 1633 2579 1703 ὁρωμένων,
2612 1632 2726 1686 ἀλλ’
2750 1634 2806 1686 ἐν
2832 1633 2899 1702 τῇ
2945 1630 3182 1684 διαθέσει
3225 1629 3334 1682 τῶν
3374 1627 3623 1702 δρώντων
3670 1631 3732 1683 αἱ
3768 1632 3929 1701 ψῆφοι

2270 1721 2531 1790 γίνονται.
2566 1719 2918 1773 Καλλώπισον
2944 1718 3121 1772 τοίνυν
3151 1717 3250 1788 τὴν
3282 1717 3401 1788 ὄψιν
3432 1718 3785 1790 σωφροσύνη,
3819 1737 3931 1791 059-

2272 1812 2475 1880 νότητι,
2505 1806 2865 1879 ἐλεημοσύνη,
2891 1805 3289 1878 φιλανθρωπίᾳ,
3318 1808 3621 1882 ἀγάπῃ,ντῇ
3671 1811 3814 1880 περὶ
3857 1790 3935 1863 τόν
3992 1790 4005 1882 ί

2272 1826 2475 1880 νοτητι,
2505 1826 2865 1879 ελεημοσυνῃ,
2891 1826 3289 1878 φιΑανυρωπιᾳ,
3318 1826 3527 1882 αγαπῃ,
3546 1826 3621 1879 τη
3671 1826 3814 1880 περι.
3857 1826 3935 1863 τον

2271 1899 2439 1971 ἀνδρα
2482 1895 2865 1968 φιλοφροσύνῃ,
2903 1895 3193 1968 ἐπιεικείᾳ,
3241 1894 3526 1966 πραότητι,
3572 1894 3932 1969 ἀνεξικακίᾳ·
3990 1826 4009 2013 4

2271 1988 2444 2013 -..ε-ι-..
2474 1988 2573 2013 -z-
2608 1985 2809 2013 ,τηρ-ζ-
2850 1983 2919 2013 ..ιι
2967 1983 3233 2013 “mh”---
3254 2000 3267 2013 .
3300 1984 3386 2013 ενι.
3414 1981 3614 2013 “3.--...
3654 1986 3921 2013 3.....33-..-

2271 1988 2446 2042 ταῦτα
2473 1988 2573 2057 τῆς
2606 1985 2809 2058 ἀρετῆς
2850 1983 2920 2037 τὰ
2967 1983 3267 2055 χρώματα·
3299 1984 3387 2037 διὰ
3413 1981 3614 2036 τούτων
3650 1986 3936 2054 ἀγγέλους,

2271 2076 2372 2130 οὐκ
2417 2042 2737 2146 ἀνθρώπους
2765 2042 3018 2143 ’ἐραστάς
3063 2042 3361 2143 ἐπισπάσῃ,
3397 2070 3483 2124 διὰ
3524 2042 3757 2127 τούτων·
3786 2042 3939 2128 αὐτόν
4000 2042 4013 2177 l

2272 2164 2416 2235 ἔχεις
2462 2164 2552 2216 τὸν
2582 2161 2714 2215 Θεὸν
2741 2159 3058 2230 ἐπαινέτην·
3094 2159 3221 2212 ὅταν
3260 2158 3316 2212 δέ
3360 2161 3389 2212 0
3417 2158 3549 2223 Θεὸς
3589 2161 3938 2233 ἀποδέξεται,

2272 2252 2370 2306 καὶ
2414 2253 2506 2306 τὸν
2538 2250 2705 2321 ἀνδρα
2733 2265 2814 2302 σοι
2844 2247 3098 2312 ὑποτάξει
3139 2248 3375 2311 πάντως.
3424 2248 3486 2301 El
3514 2247 3626 2320 γὰρ
3656 2249 3833 2319 σοφία
3860 2251 3945 2303 ἀν-

2275 2340 2493 2413 θρώπου
2544 2337 2766 2409 φωτίζει
2818 2335 2880 2390 τὸ
2941 2336 3251 2407 πρόσωπον,
3302 2334 3479 2406 πολλῷ
3525 2336 3740 2406 μᾶλλον
3785 2338 3953 2409 ἀρετὴ

2271 2432 2525 2503 γυναικὸς
2554 2429 2774 2499 φωτίζει
2798 2426 2894 2499 τὴν
2924 2427 3067 2495 ὄψιν.
3110 2425 3263 2480 Είτδέ
3294 2426 3467 2496 μέγαν
3510 2427 3773 2496 νομίζεις
3817 2424 3955 2482 εἶναι

2270 2521 2458 2574 τοῦτον
2503 2518 2594 2571 τὸν
2636 2516 2859 2587 κόσμον,
2892 2514 3014 2568 εἰπέ
3046 2530 3157 2585 μοι,
3187 2514 3240 2567 τί
3284 2530 3365 2567 σοι
3389 2512 3450 2567 τὸ
3472 2513 3671 2583 ὄφελος
3704 2514 3826 2569 ἀπὸ
3849 2516 3958 2569 τῶν

2277 2607 2631 2682 μαργαριτῶν
2656 2604 2859 2658 τούτων
2881 2605 2937 2657 ἐν
2964 2603 3148 2675 ἐκείνῃ
3178 2605 3246 2674 τῇ
3273 2601 3455 2673 ἡμέρᾳ
3477 2603 3825 2671 γενήσεται;
3850 2604 3966 2657 Καὶ

2273 2699 2323 2751 τί
2355 2698 2460 2769 χρὴ
2494 2695 2673 2764 λέγειν
2715 2691 2815 2763 τὴν
2861 2691 3075 2764 ἡμέραν
3107 2690 3342 2762 ἐκείνην,
3369 2690 3489 2758 ἐξὸν
3534 2691 3637 2744 ml
3683 2693 3808 2748 ἀπὺ
3851 2693 3969 2746 τῶν

2275 2787 2557 2858 παρόντων
2584 2782 2757 2837 ταῦτα
2788 2778 3065 2846 ἀποδεῖξαι
3097 2780 3304 2847 πάντας
3341 2779 3471 2833 Ὅτε
3506 2779 3647 2848 γοῦν
3690 2783 3749 2835 οἱ
3783 2782 3977 2849 δόξαν·

2272 2892 2363 2937 τες
2392 2875 2472 2937 εἰς
2501 2871 2590 2927 τὸν
2620 2869 2845 2941 βασιλέα
2870 2866 3170 2941 ὑϐρικέναι,
3203 2868 3287 2931 είς
3316 2867 3377 2920 τὸ
3401 2867 3776 2941 δικαστήριον
3795 2881 3822 2911 c
3853 2871 3976 2925 εἶλ-

2274 2980 2433 3016 κοντο
2459 2961 2554 3015 ml
2575 2960 2703 3032 περὶ
2730 2959 2838 3012 τῶν
2866 2957 3110 3028 ἐσχάτων
3137 2956 3490 3022 ἐκινδύνευον,
3530 2957 3658 3011 τότε
3693 2960 3757 3012 al
3794 2961 3982 3032 μητέ-

2276 3068 2367 3122 ρες
2395 3050 2491 3103 καὶ
2519 3050 2576 3103 αί
2605 3049 2860 3116 γυναῖκες
2895 3043 2968 3098 τὰ
3006 3044 3358 3115 περιδέρῥαια
3392 3047 3489 3098 καὶ
3520 3043 3589 3097 τὰ
3618 3047 3841 3117 χρυσία
3873 3049 3981 3102 καὶ

2272 3141 2401 3203 τοὺς
2440 3134 2790 3209 μαργαρίτας
2821 3132 3154 3204 ἀποθέμεναι
3203 3134 3299 3187 ml
3341 3133 3435 3186 τὸν
3477 3134 3695 3204 κόσμον
3741 3136 3989 3191 ἅπαντα

2273 3230 2369 3283 καὶ
2415 3226 2486 3281 τὰ
2533 3225 2724 3297 ἱμάτια
2769 3222 2838 3277 τὰ
2889 3223 3087 3291 χρυσᾶ,
3122 3219 3273 3291 λιτὴν
3305 3220 3400 3274 καὶ
3436 3220 3633 3291 εὐτελῆ
3686 3221 3983 3279 λαϐοῦσαι

2273 3317 2497 3388 ἐσθῆτα,
2525 3315 2622 3369 ml
2647 3311 2838 3365 σποδὸν
2863 3308 3341 3380 καταπασάμεναι,
3369 3307 3464 3362 ml
3494 3308 3603 3379 πρὸ
3628 3310 3751 3363 τῶν
3780 3312 3982 3380 θυρῶν
4018 3360 4020 3381 ,

2273 3404 2368 3458 τοῦ
2408 3400 2757 3472 δικαστηρίου
2803 3398 3230 3468 κυλινδούμεναι,
3261 3396 3405 3450 οὑτω
3447 3398 3574 3460 τούς
3627 3398 3983 3465 δικάζοντας
4018 3388 4020 3427 ί

2271 3493 2643 3563 ἐπέκαμπτον.
2678 3489 2740 3541 El
2761 3487 2817 3541 δὲ
2840 3487 2933 3539 ἐπὶ
2957 3485 3064 3540 τῶν
3093 3484 3326 3539 ἐνταῦθα
3355 3484 3739 3555 δικαστηρίων
3766 3488 3848 3540 τὰ
3876 3488 3980 3558 μὲν

2275 3579 2472 3652 χρυσία
2503 3577 2595 3631 ml
2618 3577 2667 3630 οἱ
2707 3577 3041 3646 μαργαρῖται
3066 3572 3163 3627 καὶ
3194 3573 3227 3642 ἡ
3253 3571 3470 3642 ποικίλη
3494 3572 3665 3643 ἐσθὴς
3694 3575 3983 3642 ἐπιϐουὶὴ

2270 3669 2372 3722 καὶ
2420 3664 2680 3736 προδοσία
2720 3660 2870 3733 [242]
2906 3661 3104 3729 γένοιτ’
3128 3660 3213 3725 ἂν,
3262 3662 3296 3731 ἡ
3342 3659 3401 3712 δὲ
3450 3660 3739 3715 ἐπιείκεια
3786 3663 3901 3715 καὶ
3950 3663 3987 3731 ἡ

2276 3754 2522 3827 πραότης
2552 3752 2645 3805 ml
2669 3753 2702 3821 ἡ
2727 3750 2901 3819 τέφρα
2922 3747 3024 3801 ml
3043 3747 3111 3800 τὰ
3142 3746 3350 3819 δάκρυα
3375 3748 3469 3801 ml
3497 3746 3565 3800 τὰ
3599 3748 3821 3818 εὐτελῆ
3858 3752 3876 3802 ί
3886 3750 3997 3822 pi-

2276 3859 2365 3895 τια
2410 3839 2608 3912 μᾶλλον
2648 3838 2945 3890 ἐπισπᾶται
2971 3836 3061 3889 τὸν
3091 3834 3371 3906 δικαστὴν,
3399 3833 3575 3904 πολλῷ
3618 3837 3851 3907 μᾶλλον
3900 3840 3999 3891 ἐπὶ

2275 3929 2377 3998 τῆς
2402 3925 2700 3982 ἀδεκάστου
2744 3923 2926 3994 ψήφου
2976 3922 3073 3976 ml
3120 3922 3358 3992 φοϐερᾶς
3399 3921 3617 3990 ἐκείνης
3662 3924 3898 3992 γένοιτ’
3935 3924 4011 3978 ’ἄν

2274 4017 2452 4071 τοῦτο.
2480 4014 2613 4067 Τίνα
2659 4012 2768 4083 γάρ
2815 4010 2976 4075 ἐξεις,
3026 4010 3146 4063 εἰπέ
3191 4027 3303 4081 μοι,
3338 4009 3499 4078 λόγον
3548 4010 3763 4074 εἰπεῖν,
3818 4014 4014 4066 ποίαν

2277 4103 2594 4172 ἀπολογίαν,
2627 4101 2752 4154 ὅταν
2784 4100 2812 4152 0
2832 4097 3115 4168 Δεσπότης
3153 4098 3358 4167 ἐγκαλῇ
3385 4113 3467 4149 σοι
3509 4097 3649 4167 περὶ
3679 4098 3805 4151 τῶν
3844 4117 4015 4172 μαρ-

2277 4191 2518 4265 γαριτῶν
2546 4188 2769 4250 τούτων,
2802 4186 2894 4239 καὶ
2924 4186 3049 4249 τούς
3078 4184 3311 4253 πένητας
3356 4185 3436 4248 είς
3466 4183 3639 4254 μέσον
3667 4187 3890 4257 ἀγάγῃ
3930 4187 4020 4256 τῷ

2276 4280 2421 4352 λιμῷ
2448 4275 2872 4348 διαφθαρέντας;
2908 4271 3009 4326 Διὰ
3044 4271 3199 4325 τοῦτο
3226 4271 3254 4323 0
3286 4270 3497 4335 Παῦλος
3528 4270 3731 4339 έλεγε’
3764 4275 3899 4344 Μὴ
3935 4277 4010 4328 ἐν

2278 4370 2638 4439 πλέγμασιν,
2656 4364 2694 4433 ἢ
2729 4362 2975 4434 χρυσίῳ,
2994 4360 3032 4431 ἣ
3052 4361 3458 4431 μαργαρίταις,
3482 4360 3520 4429 ἣ
3539 4361 3881 4431 ἱματισμῷ
3902 4380 4018 4417 ω

2278 4456 2537 4515 λυτελεῖ.
2557 4453 2833 4509 Ἐντεῦθεν
2862 4451 2960 4523 μὲν
2992 4451 3151 4522 γὰρὴ
3180 4447 3437 4519 ἐπιϐουλὴ
3468 4448 3676 4517 γένοιτ’
3696 4451 3772 4504 ἂν
3797 4470 3821 4482 ο
3862 4455 3925 4505 εἰ
3956 4453 4016 4504 ἓ

2280 4548 2373 4602 καὶ
2391 4544 2652 4617 διηνεκῶς
2674 4541 2851 4597 αὐτῶν
2872 4537 3450 4609 άπολαύσαιμεν,ἀλλά
3473 4535 3551 4607 τῷ
3583 4536 3847 4610 θανάτῳ
3880 4544 4018 4595 πᾶν

2278 4654 2385 4700 τως
2416 4631 2854 4705 ἀποστησόμεθα.
2873 4626 3002 4682 Ἀπὸ
3039 4627 3097 4682 δέ
3124 4626 3323 4698 ἀρετῆς
3356 4624 3633 4695 ἀσφάλεια
3666 4627 3887 4689 πᾶσι,
3930 4648 4013 4684 ac:

2282 4722 2554 4797 μεταϐολὴ
2567 4723 2662 4777 καὶ
2680 4720 3024 4792 μετάπτωσις
3033 4716 3276 4787 οὐδεμία,
3290 4714 3427 4768 ἀλλά
3440 4715 3534 4768 καὶ
3552 4714 3837 4772 ἐνταῦθα
3856 4720 3913 4791 ᾗ
3926 4722 4020 4791 με

2279 4814 2713 4887 ἀσφαλεστέρους
2762 4812 2925 4875 ποιεῖ,
2970 4809 3066 4863 ml
3114 4809 3231 4861 ἐκεῖ
3268 4804 3739 4876 συμμεθίσταται,
3792 4808 4013 4864 negl

2280 4901 2584 4974 κτήσασθαι
2620 4898 2985 4971 μαργαρίτας,
3013 4893 3225 4949 καὶτὸν
3275 4890 3506 4946 πλοῦτον
3544 4890 3757 4946 τοῦτον
3832 4900 4020 4972 μηδ,

2280 4970 2413 5045 ποτε
2434 4970 2731 5042 ἀποθέσθαι
2752 5002 2766 5052 ;
2786 4981 3151 5053 περιελομένη
3172 4980 3262 5034 τὸν
3281 4979 3487 5050 κόσμον
3510 4978 3743 5032 ᾶπαντα
3786 4986 3927 5049 εἷς
3950 4970 4020 5042 *τί

2276 5078 2374 5133 τοῦ
2400 5074 2637 5149 Χριστοῦ
2673 5076 2862 5144 χεῖρας
2888 5069 3091 5124 ἀπόθου
3116 5067 3203 5121 διὰ
3241 5066 3355 5119 τῶν
3400 5066 3654 5137 πενήτων
3678 5080 3695 5096 ³
3768 5071 4016 5131 ἐκεῖκ

2282 5185 2364 5222 σοι
2399 5163 2625 5237 φυλάξει
2648 5162 2740 5216 τὸν
2764 5158 2991 5214 πλοῦτον
3020 5156 3258 5221 ἅπαντα,
3294 5155 3515 5208 ἐπειδὰν
3536 5155 3785 5228 ἀναιτεὴ
3802 5178 3919 5235 σῃ
3980 5186 4018 5221 ε

2278 5256 2341 5310 τὸ
2371 5254 2529 5326 σῶμα
2567 5250 2704 5323 μετὰ
2747 5247 2949 5317 πολλῆς
2972 5247 3073 5317 τῆς
3093 5243 3513 5316 λαμπρότητος*
3540 5243 3671 5297 τότε
3716 5262 3869 5304 σοι
3946 5255 4014 5326 βε

2278 5344 2428 5398 τίονα
2459 5339 2743 5411 περιθήσει
2775 5335 3004 5390 πλοῦτον
3049 5333 3145 5388 ml
3186 5332 3392 5403 κόσμον
3426 5331 3675 5402 μείζονα,
3714 5335 3863 5405 ὥς
3940 5347 3987 5399 δ

2282 5430 2473 5504 παρὼν
2516 5421 2673 5493 οὗτος
2701 5423 2924 5494 εὐτελὴς
2962 5421 3055 5477 ml
3089 5420 3511 5488 καταγέλαστος.
3527 5417 3925 5494 Ἐννόησον
3984 5452 4012 5487 ς

2280 5523 2423 5576 τίσιν
2468 5519 2722 5590 ἀρέσκειν
2752 5513 2949 5586 βούλει,
2986 5512 3080 5566 ml
3104 5509 3191 5564 διὰ
3218 5508 3369 5574 τίνας
3393 5508 3727 5581 περίκεισαι
3806 5519 3953 5573 τῂν
3996 5528 4020 5575 ,Α

2285 5627 2420 5683 σμον
2443 5606 2652 5668 τοῦτον,
2680 5604 2767 5658 ἴνα
2790 5603 2819 5656 ὁ
2843 5598 3274 5671 σχοινοστρόφος,
3307 5597 3403 5651 καὶ
3425 5600 3455 5650 ό
3481 5596 3959 5671 χαλκοτῦπτδς,
3998 5628 4010 5662 ε

2282 5702 2311 5755 ά
2339 5698 2599 5769 ἀγοραῖος
2636 5693 2834 5753 ἰδόντες
2865 5686 3216 5757 θαυμάσωσιν
3241 5701 3258 5717 ’
3298 5682 3418 5739 εἷτα
3447 5684 3548 5738 οὑκ
3579 5687 3923 5771 αἱσχτᾶνς⁸
3962 5704 4020 5761 ε,

2348 5805 2378 5846 ι
2404 5804 2604 5863 Aliquot
2635 5812 2748 5863 mss_.
2775 5797 2854 5845 καὶ
2876 5795 3029 5863 μάχας
3051 5791 3221 5863 ἐνάγει,
3244 5790 3382 5863 οὐδὲν
3402 5790 3456 5838 δὲ
3482 5791 3665 5863 ϐψως.

2353 5872 2374 5898 c
2401 5852 2633 5929 Διίϊπρὸς
2652 5862 2706 5909 τὸ
2727 5852 3042 5919 δικαστήρίον.
3072 5855 3196 5903 Infra
3213 5853 3276 5901 al.
3301 5852 3594 5916 μαργαρίτας
