4020 6216
180 363 298 422 237

175 491 300 533 cata
341 477 592 544 dimittat,
629 492 816 534 verum
847 486 897 533 et
941 476 1078 547 quod
1123 477 1237 548 ipsa
1281 492 1386 531 non
1429 477 1630 533 revelet
1676 492 1775 532 nec

177 572 468 628 manifesta
500 573 688 638 faciat,
723 587 821 628 nec
867 571 1182 628 accedentes
1208 580 1362 641 cogat
1406 571 1456 624 in
1484 569 1662 624 medio
1689 585 1780 641 pa-

179 676 321 720 trata
343 665 575 732 edicere,
602 665 695 719 sed
723 665 824 719 sibi
855 664 953 718 soli
977 665 1237 718 rationem
1267 661 1490 717 reddere
1516 662 1697 731 jubcat
1725 670 1780 716 ct

174 756 288 811 sibi
313 757 577 811 conﬁteri.
612 756 822 812 Etenim
847 772 913 812 ex
935 756 1278 811 saecularibus
1302 755 1569 826 jndicibns
1595 755 1638 810 si
1661 755 1778 824 quis

179 848 347 903 alicui
373 857 651 918 captorum
679 849 945 903 latronum
967 849 1049 903 vel
1073 863 1257 903 eorum
1277 849 1366 918 qui
1388 848 1627 917 sepulcra
1649 846 1779 901 οπο-

179 938 338 993 diunt
364 939 587 1005 diceret,
625 947 684 994 ut
712 947 928 1009 peccata
957 941 1320 1005 conﬁteretur,
1354 955 1461 1010 quo
1489 939 1589 994 sibi
1619 953 1775 1008 pinna

177 1029 564 1096 dimitteretur,
592 1046 712 1085 cum
741 1031 886 1084 omni
918 1039 1065 1086 certe
1099 1030 1377 1086 alacritate
1408 1029 1510 1084 hoc
1537 1030 1776 1099 suscipe-

181 1131 345 1188 rent,
375 1123 563 1178 salutis
605 1123 894 1193 cupiditate
924 1123 1180 1192 pudorem
1228 1130 1649 1177 contemnentes.
1680 1122 1776 1177 llic

176 1228 316 1269 vero
357 1214 490 1268 nihil
536 1215 641 1269 tale
683 1223 785 1281 est,
819 1229 998 1269 verum
1040 1225 1094 1269 et
1132 1224 1349 1283 peccata
1397 1213 1634 1281 dimittit,
1677 1228 1776 1268 nec

176 1305 328 1375 cogit
375 1305 727 1375 prmscntibus
771 1305 1088 1376 quibusdam
1135 1306 1247 1374 ipsa
1304 1305 1567 1360 enuntiari
1613 1323 1625 1358 :
1680 1303 1772 1358 sed

174 1413 348 1451 unum
376 1397 550 1452 solum
577 1399 768 1468 exigit,
802 1408 858 1453 ut
901 1399 1014 1468 ipse
1060 1399 1376 1453 remissione
1406 1398 1608 1463 fruens,
1650 1397 1774 1452 doni

174 1487 600 1558 magnitudinem
632 1489 818 1543 discat.
849 1487 1128 1555 Quomodo
1151 1489 1310 1558 igitur
1331 1503 1435 1542 non
1462 1488 1770 1553 absurdum,

175 1588 237 1634 ut
269 1581 324 1634 in
355 1581 545 1650 quibus
573 1595 669 1634 nos
693 1581 806 1650 ipse
832 1581 1093 1635 beneﬁcio
1114 1579 1296 1646 afﬁcit,
1328 1579 1443 1635 solo
1470 1579 1773 1634 testimonio

175 1681 368 1727 nostro
393 1682 670 1728 contentus
692 1675 792 1739 sit;
817 1687 914 1728 nos
941 1682 1118 1727 autem
1146 1673 1199 1728 in
1225 1673 1417 1743 quibus
1439 1666 1610 1742 ipsum
1637 1672 1770 1727 coli-

175 1780 322 1830 mus,
350 1765 482 1819 alios
506 1773 668 1821 testes
689 1779 992 1834 quaeramus
1018 1773 1072 1819 et
1093 1764 1156 1818 ad
1179 1763 1590 1819 ostentationem
1612 1761 1769 1833 quid-

177 1871 340 1925 quam
374 1855 664 1910 faciamus?
697 1855 864 1924 Ipsius
892 1854 1052 1925 igitur
1079 1854 1460 1924 benignitatem
1489 1854 1767 1919 admirati,

175 1953 363 2000 nostra
395 1946 494 2015 ipsi
525 1945 902 2012 exhibeamus,
931 1954 985 2001 et
1013 1960 1122 2016 pra:
1152 1945 1400 2000 omnibus
1434 1946 1626 2014 lingua:
1667 1946 1768 1998 im-

176 2047 365 2109 petum
395 2039 745 2106 refrenemus,
777 2049 922 2095 etne
948 2055 1161 2109 semper
1193 2041 1489 2110 loquamur.
1524 2039 1606 2093 Ex
1635 2040 1768 2093 mul-

172 2133 392 2199 tiloquio
420 2150 634 2201 namque
659 2150 758 2187 non
787 2132 997 2204 e/fugies
1028 2145 1288 2202 peccatum
1319 2132 1498 2206 (Prov.
1530 2133 1616 2188 10.
1654 2130 1764 2201 19).

171 2225 234 2281 Si
267 2241 460 2295 nempe
483 2226 763 2281 dicendum
791 2227 921 2281 utile
949 2226 1075 2296 quid
1101 2225 1285 2293 habes,
1332 2227 1478 2295 aperi
1518 2225 1654 2280 labia
1683 2243 1694 2278 :
1722 2225 1768 2280 si

170 2318 312 2372 nihil
342 2318 411 2371 sit
437 2319 796 2372 necessarium
815 2359 828 2383 ,
861 2327 974 2373 tace
999 2336 1012 2372 :
1038 2318 1226 2373 melius
1247 2327 1326 2372 est
1347 2316 1510 2372 cnim.

251 2408 450 2478 Ubique
481 2409 614 2463 Deus
658 2408 756 2463 coli
801 2419 982 2479 potest.
1011 2440 1080 2448 —
1107 2408 1320 2464 Artifex
1367 2410 1626 2463 manualis
1671 2409 1768 2464 cs?

173 2501 378 2558 sedens
406 2503 608 2572 psalle;
641 2503 735 2557 sed
784 2518 890 2556 non
937 2503 1016 2556 vis
1060 2517 1154 2557 ore
1176 2501 1570 2572 psallereHioc
1608 2503 1769 2558 facias

175 2602 369 2650 mente
403 2611 418 2646 :
447 2610 669 2664 magnus
719 2595 1116 2650 contubernalis
1162 2596 1416 2665 psalmus.
1457 2595 1596 2650 Nihil
1645 2595 1769 2651 hinc

169 2703 344 2759 grave
373 2689 682 2754 sustinebis,
709 2688 802 2745 sed
833 2697 1100 2758 tamquam
1131 2689 1184 2742 in
1211 2688 1537 2744 monasterio
1565 2689 1616 2743 in
1645 2687 1764 2743 ofﬁ-

169 2781 302 2834 cina
332 2781 518 2836 sedere
537 2781 738 2851 poteris
763 2799 775 2834 :
809 2797 913 2836 non
943 2781 1084 2837 enim
1115 2781 1354 2836 locorum
1383 2777 1764 2848 commoditas,

170 2871 275 2926 sed
309 2887 518 2925 morum
553 2872 786 2940 probitas
821 2872 1052 2942 quietem
1083 2871 1236 2927 nobis
1266 2872 1542 2943 praebebit.
1573 2873 1768 2929 Paulus

169 2962 322 3018 enim
352 2963 403 3016 in
432 2962 642 3018 ofﬁcina
683 2973 853 3019 artem
884 2979 1032 3019 suam
1072 2972 1306 3019 tractans
1327 3006 1341 3031 ,
1374 2965 1505 3019 nihil
1534 2965 1601 3020 ad
1641 2981 1767 3036 pro-

173 3055 352 3125 priam
370 3056 617 3111 virtutem
642 3057 800 3112 lmsus
822 3067 904 3112 est
927 3058 1062 3125 (Act.
1096 3058 1181 3112 18.
1205 3059 1282 3127 5).
1309 3058 1384 3112 Nc
1408 3057 1550 3113 dicas
1572 3059 1762 3128 igitur:

169 3147 461 3215 Quomodo
490 3157 693 3217 potero,
727 3164 847 3204 cum
877 3149 1063 3204 artifex
1105 3159 1157 3204 et
1201 3165 1402 3219 panper
1437 3150 1560 3216 sim,
1590 3149 1765 3220 philo-

176 3238 446 3308 sophari?
492 3239 782 3308 Propterea
827 3255 1019 3309 nempe
1065 3241 1232 3309 magis
1277 3241 1478 3310 poteris
1528 3240 1766 3311 philoso-

171 3329 352 3398 phari.
384 3328 510 3383 Nam
557 3340 843 3400 paupertas
890 3331 1119 3398 divitiis,
1150 3340 1202 3386 et
1246 3332 1516 3402 negotium
1559 3333 1668 3388 otio
1701 3334 1769 3389 ad

173 3421 432 3488 pietatem
472 3422 627 3475 nobis
663 3430 747 3476 est
787 3422 1141 3492 opportunius
1170 3440 1182 3474 :
1212 3422 1407 3492 quippe
1436 3438 1555 3478 cum
1597 3433 1651 3480 ct
1680 3425 1764 3479 di-

172 3511 321 3565 vitia:
361 3526 466 3565 non
499 3512 906 3567 advertentibus
955 3513 1393 3582 impedimentum
1440 3515 1586 3568 ﬁant.
1629 3516 1764 3571 Cum

173 3605 318 3656 enim
348 3602 480 3656 iram
519 3603 786 3659 dimittere
817 3614 1089 3675 oporteat,
1119 3619 1239 3659 cum
1287 3605 1536 3660 invidiam
1566 3609 1765 3662 exstin-

172 3710 362 3763 guere,
389 3711 509 3750 cum
549 3697 824 3752 remittere
871 3697 1142 3763 furorem,
1173 3712 1292 3751 cum
1341 3700 1636 3753 orationem
1681 3699 1765 3753 of-

171 3782 348 3848 ferre,
396 3799 516 3839 cum
563 3785 945 3856 benignitatem
992 3796 1046 3842 et
1094 3787 1588 3854 mansuetudinem,
1645 3804 1766 3844 cum

173 3875 493 3930 modestiam
521 3886 573 3932 et
601 3878 880 3933 caritatem
908 3878 1183 3945 exhibere,
1213 3878 1302 3933 ubi
1343 3891 1628 3950 paupertas
1669 3881 1768 3935 im-

179 3965 546 4036 pedimentum
591 3983 709 4023 csse
745 3969 956 4023 valeat?
983 3969 1097 4024 Non
1140 3971 1282 4024 enim
1327 3979 1602 4040 argentum
1647 3988 1768 4028 cro-

173 4065 365 4126 gantes
391 4057 507 4111 hzcc
534 4065 748 4128 oportet
772 4059 943 4126 obire,
975 4059 1070 4114 sed
1097 4071 1296 4114 rectam
1325 4061 1640 4117 exhibentes
1667 4079 1764 4116 vo-

175 4149 463 4204 luntatem.
498 4151 851 4225 Elcemosyna
879 4157 1108 4209 maxime
1137 4157 1377 4226 pecuniis
1407 4166 1546 4227 eget,
1580 4173 1763 4212 verum

175 4252 231 4295 et
261 4243 373 4312 ipsa
410 4259 503 4313 per
530 4257 899 4316 paupertatem
931 4250 1100 4318 magis
1129 4249 1344 4318 effulget
1376 4269 1389 4304 :
1421 4250 1616 4304 etenim
1647 4266 1764 4320 qua:

176 4331 316 4387 duos
354 4335 543 4390 obolos
589 4339 844 4408 erogavit,
892 4340 1128 4394 omnium
1158 4341 1432 4394 hominum
1477 4349 1591 4395 erat
1631 4356 1764 4410 pan-

175 4423 408 4492 pen-ima
449 4468 464 4492 ,
511 4435 565 4480 et
620 4443 806 4482 omnes
852 4430 1120 4498 superavit
1164 4429 1313 4502 (Luc.
1360 4431 1449 4485 21.
1492 4430 1633 4501 2-4).
1688 4432 1766 4488 Ne

173 4529 434 4583 magnum
483 4517 641 4587 igitur
666 4519 790 4589 quid
833 4519 1046 4576 divitias
1070 4537 1189 4576 esse
1228 4531 1494 4591 putemus,
1527 4537 1626 4577 nec
1654 4523 1766 4578 luto

173 4610 370 4664 melius
396 4625 584 4665 aurum
611 4627 731 4666 esse
759 4614 1082 4683 cogitemus;
1117 4615 1353 4668 materia:
1383 4631 1612 4686 namque
1641 4632 1763 4686 pre-

169 4700 309 4753 tium
337 4716 442 4754 non
491 4715 555 4756 ex
582 4710 771 4757 natura
800 4713 883 4759 est
909 4744 923 4770 ,
954 4704 1048 4759 sed
1076 4720 1142 4759 ex
1170 4704 1420 4775 opinione
1459 4716 1659 4760 nostra.
1707 4707 1762 4762 Si

168 4793 296 4861 quis
339 4793 481 4848 enim
527 4793 810 4865 diligenter
847 4797 1178 4867 inquireret,
1227 4797 1392 4851 multo
1427 4797 1594 4866 magis
1636 4813 1766 4852 auro

164 4887 376 4942 ferrum
405 4887 762 4941 necessarium
790 4904 806 4942 :
840 4887 970 4942 illud
999 4902 1227 4957 namque
1249 4887 1452 4941 nullum
1477 4888 1600 4941 vita:
1631 4903 1764 4941 con-

167 4973 277 5030 fert
299 4991 475 5043 usum,
509 4976 610 5033 hoc
638 4987 814 5034 autem
859 4979 1112 5050 pleraque
1151 4981 1452 5036 necessaria
1497 4982 1648 5036 nobis
1673 4997 1766 5037 εχ·-

163 5065 346 5138 pedit,
378 5067 670 5125 innumeris
699 5071 905 5127 artibus
931 5073 1193 5127 serviens.
1242 5073 1307 5127 Et
1333 5072 1459 5142 quid
1499 5073 1619 5128 dico
1648 5075 1764 5130 auri

162 5169 219 5212 et
271 5157 404 5213 ferri
452 5163 944 5232 comparationem?
988 5164 1042 5218 hi
1087 5167 1226 5220 enim
1267 5167 1510 5236 vulgares
1561 5169 1764 5239 lapides

165 5249 346 5318 magis
373 5254 662 5308 necessarii
705 5263 865 5323 sunt,
911 5272 1068 5326 quam
1118 5258 1334 5325 pretiosi
1368 5276 1383 5311 :
1424 5274 1542 5312 nam
1571 5275 1634 5314 ex
1683 5261 1764 5316 his

168 5341 305 5395 nihil
340 5343 470 5398 utile
496 5344 610 5398 ﬁeri
652 5356 851 5416 posset,
882 5363 948 5402 ex
979 5348 1085 5402 illis
1123 5365 1250 5403 vero
1293 5349 1483 5404 domus
1511 5359 1564 5404 et
1593 5352 1761 5418 mnri,

166 5442 222 5484 et
253 5431 423 5486 urbes
450 5444 769 5490 constructa:
799 5445 940 5490 sunt.
972 5437 1051 5492 Tu
1089 5454 1216 5493 vero
1259 5439 1387 5493 mihi
1418 5441 1722 5495 demonstra
1744 5483 1760 5508 ,

167 5537 290 5591 qua:
331 5522 400 5577 de
444 5527 743 5596 margaritis
785 5529 986 5584 utilitas
1035 5529 1169 5596 istis,
1211 5531 1449 5600 quinimo
1477 5532 1616 5602 quod
1656 5548 1759 5586 non

167 5611 298 5667 inde
333 5611 584 5670 damnum
618 5617 864 5672 eveniat?
892 5618 1104 5674 Etenim
1148 5629 1205 5673 ut
1233 5630 1286 5674 tu
1326 5620 1467 5676 feras
1508 5622 1761 5678 unionem

164 5720 359 5771 unum,
394 5705 659 5764 innumeri
711 5726 970 5780 pauperes
1019 5710 1155 5769 fame
1201 5724 1552 5784 premuntur:
1603 5729 1759 5784 quam

163 5796 332 5868 igitur
352 5797 739 5872 defensionem,
773 5818 931 5873 quam
959 5805 1163 5861 veniam
1192 5808 1490 5877 assequeris
1523 5809 1545 5864 τ

1297 361 1388 418 AD
1428 360 1933 419 ILLUMINANDOS
1973 365 2395 424 CATECIIESIS
2428 367 2506 428 II.

3369 375 3472 433 238

1964 477 2123 534 Verus
2150 481 2374 536 mulieris
2400 489 2628 536 ornatus.
2661 512 2732 524 —-
2759 481 2854 539 Vis
2880 499 3072 544 ornare
3102 487 3289 545 faciem
3313 490 3336 543 ?
3366 508 3470 545 non

1887 573 2188 641 margaritis
2209 588 2363 640 orna,
2389 573 2483 628 scd
2501 574 2761 630 modestia
2792 585 2844 631 et
2867 577 3164 645 honestate,
3193 582 3375 652 sicque
3392 587 3472 636 vir

1887 665 2173 733 gratiorem
2221 664 2410 719 faciem
2460 674 2660 722 cernet.
2711 666 2802 722 Ille
2837 683 3030 738 nempe
3081 681 3298 727 ornatus
3324 682 3377 728 et
3419 676 3471 727 in

1888 754 2162 826 zelotypiae
2187 755 2546 824 suspicionem
2585 756 2804 826 injicere
2838 772 2982 827 saepe
3009 761 3142 815 solet
3169 770 3222 816 et
3249 761 3480 818 inimici—

1888 843 1985 896 tias
2015 854 2068 898 et
2111 847 2479 900 contentiones
2507 854 2559 900 et
2595 861 2796 916 pugnas
2828 865 2840 902 :
2867 847 2940 902 nil
2992 858 3167 904 autem
3214 851 3472 906 vultusu-

1884 946 2068 1004 specto
2096 936 2331 1006 turpius;
2357 939 2712 1008 eleemosynae
2735 953 2861 993 vero
2887 947 2942 993 et
2963 940 3238 995 modestia:
3255 952 3472 997 ornatus

1884 1042 2097 1082 omnem
2161 1027 2375 1097 quidem
2432 1029 2729 1098 improbam
2795 1032 3152 1100 suspicionem
3219 1033 3465 1104 expellit,

1883 1119 2027 1171 omni
2057 1127 2233 1173 autent
2264 1119 2475 1174 vinculo
2507 1119 2708 1175 ﬁrmius
2735 1122 3020 1193 conjugem
3042 1125 3291 1178 conciliat
3321 1142 3333 1177 :
3363 1141 3470 1179 non

1881 1211 2022 1264 cnim
2068 1219 2171 1264 tam
2201 1211 2448 1266 decoram
2495 1223 2680 1267 natura
2722 1225 2873 1285 parat
2902 1215 3113 1282 faciem,
3142 1234 3299 1287 quam
3342 1235 3468 1288 spe-

1881 1304 2072 1358 ctantis
2124 1303 2345 1360 aﬁ‘ectus
2395 1324 2408 1358 :
2461 1305 2706 1362 atl‘ectum
2743 1323 2872 1364 vero
2921 1310 3053 1364 nihil
3096 1311 3173 1364 sic
3226 1319 3283 1364 ut
3352 1326 3471 1366 mo-

1879 1395 2048 1450 destia
2113 1406 2166 1452 et
2229 1398 2483 1452 honestas
2540 1400 2824 1455 conciliare
2877 1401 3032 1457 solet.
3099 1401 3279 1474 itaque
3348 1403 3471 1457 licet

1881 1488 2099 1556 pulchra
2146 1490 2214 1544 sit
2255 1491 2464 1557 mulier,
2499 1491 2580 1545 vir
2608 1500 2786 1547 autem
2831 1508 2956 1564 erga
2992 1494 3160 1563 ipsam
3208 1494 3346 1549 male
3391 1495 3467 1548 af-

1881 1579 2050 1634 fectus
2081 1583 2168 1647 sit,
2196 1582 2433 1636 omnium
2467 1583 2564 1653 ipsi
2598 1585 2904 1655 turpissima
2932 1585 3232 1652 videbitur;
3264 1588 3306 1640 si
3338 1603 3466 1642 vero

1881 1689 1986 1728 non
2013 1690 2134 1729 esse
2174 1674 2453 1744 pulchram
2493 1677 2720 1746 aliquam
2750 1679 3052 1747 contingat,
3079 1679 3166 1732 illa
3203 1688 3398 1743 tamen,
3423 1682 3466 1734 si

1878 1765 1992 1819 viro
2016 1780 2114 1820 suo
2140 1767 2366 1836 placeat,
2395 1768 2632 1821 omnium
2655 1767 2754 1836 ipsi
2785 1768 3141 1838 pulcherrima
3173 1784 3291 1824 esse
3317 1771 3465 1824 vidc-

1878 1855 2053 1919 bitur;
2084 1871 2188 1910 non
2215 1859 2357 1912 cnim
2394 1859 2445 1912 in
2483 1873 2666 1913 eorum
2691 1900 2705 1925 ,
2735 1875 2852 1929 quae
2897 1868 3205 1925 cernuntur,
3257 1869 3464 1925 natura,

1877 1949 1971 2005 scd
1998 1951 2048 2003 in
2076 1952 2411 2006 cernentium
2446 1952 2638 2007 affectu
2662 1951 2863 2023 judicia
2910 1952 3062 2008 ﬁunt.
3095 1952 3338 2023 Speciem
3368 1953 3467 2022 igi-

1878 2048 1962 2094 tur
1985 2041 2093 2094 oris
2120 2057 2317 2096 exorna
2346 2043 2628 2109 modestia,
2658 2043 2960 2110 honestate,
2984 2045 3347 2116 eleemosyna,
3370 2045 3467 2099 hu-

1877 2132 2148 2196 manitate,
2182 2135 2424 2200 caritate,
2461 2151 2587 2206 erga
2616 2135 2789 2190 virum
2817 2136 3126 2201 dilectione,
3152 2147 3465 2192 mansuetu-

1877 2222 2020 2288 dine,
2056 2225 2412 2295 benignitate,
2446 2228 2706 2282 malorum
2750 2228 3034 2284 tolerantia
3067 2246 3078 2282 :
3113 2229 3168 2282 hi
3207 2239 3330 2284 sunt
3358 2230 3465 2284 vir-

1875 2314 2014 2368 tutis-
2029 2316 2256 2382 colores,
2292 2332 2390 2386 per
2409 2317 2507 2371 hos
2536 2318 2740 2373 allicies
2778 2319 3016 2388 angelos,
3050 2335 3155 2374 non
3187 2319 3426 2375 homines
3447 2363 3460 2386 ,

1876 2422 1972 2476 per
1998 2407 2096 2462 hos
2126 2409 2298 2478 ipsum
2332 2409 2552 2465 habebis
2579 2411 2744 2465 Deum
2785 2409 3115 2464 laudatorem
3147 2428 3160 2465 :
3188 2427 3307 2466 cum
3335 2426 3464 2466 vero

1879 2499 2016 2554 Deus
2042 2502 2394 2570 acceptaverit
2416 2545 2428 2564 ,
2457 2514 2508 2557 et"
2552 2504 2724 2558 virum
2753 2503 2970 2558 omnino
2999 2503 3093 2558 tibi
3128 2504 3374 2574 placabit.
3405 2505 3463 2559 Si

1874 2587 2015 2645 enim
2064 2592 2163 2646 viri
2208 2594 2468 2664 Sapientia
2509 2593 2699 2649 faciem
2745 2595 3036 2660 illuminat,
3087 2596 3252 2650 multo
3295 2596 3463 2666 magis

1873 2681 2042 2738 virtus
2064 2683 2299 2738 mulieris
2317 2685 2518 2739 vultum
2547 2685 2810 2740 illuminat
2838 2685 3032 2755 (Ecclc.
3063 2687 3116 2741 8.
3142 2689 3213 2756 i).
3243 2687 3297 2740 Si
3336 2701 3464 2741 vero

1875 2783 2029 2846 putas
2051 2791 2170 2832 esse
2197 2790 2445 2846 magnum
2474 2777 2616 2832 hunc
2635 2787 2904 2842 ornatum,
2937 2777 3020 2832 dic
3039 2778 3186 2839 mihi,
3213 2794 3328 2847 qua:
3354 2778 3462 2832 uti-

1877 2868 1996 2923 litas
2042 2869 2133 2922 tibi
2165 2869 2216 2922 in
2252 2868 2341 2924 die
2389 2870 2475 2924 illa
2526 2870 2594 2924 de
2641 2870 2948 2940 margaritis
2997 2870 3111 2924 istis
3154 2871 3367 2924 veniet?
3399 2871 3465 2924 Et

1875 2960 2001 3030 quid
2045 2975 2179 3030 opus
2208 2959 2353 3016 diem
2397 2962 2544 3016 illam
2575 2977 3000 3018 commemorare
3023 3004 3037 3028 ,
3067 2978 3186 3016 cum
3227 2963 3385 3017 liceat
3411 2973 3463 3017 et

1875 3067 1937 3105 ex
1970 3051 2322 3121 praesentibus
2349 3052 2463 3108 lucc
2492 3054 2670 3108 omnia
2711 3054 3124 3109 demonstrare?
3153 3054 3288 3109 Cum
3318 3055 3460 3108 enim

1876 3143 1930 3209 ii,
1960 3143 2049 3212 qni
2081 3145 2392 3213 Imperatori
2423 3146 2802 3200 contumeliam
2834 3145 3160 3211 intulerant,
3193 3146 3256 3200 ad
3293 3146 3463 3201 tribu-

1876 3237 1961 3289 nal
1993 3235 2339 3292 trahebantur
2366 3245 2420 3291 et
2452 3237 2518 3292 de
2553 3242 2809 3293 extremis
2838 3238 3303 3308 periclitabantur,
3340 3247 3464 3293 tunc

1874 3338 2074 3384 matres
2100 3339 2154 3384 ct
2198 3346 2391 3385 uxores
2434 3331 2651 3384 monilia
2676 3345 2836 3385 aurea
2873 3339 2926 3384 ct
2953 3330 3263 3399 margaritas
3295 3329 3462 3398 depo-

1874 3428 2065 3473 nentes
2108 3429 2588 3490 ornamentumque
2625 3435 2784 3475 omne
2829 3429 2883 3474 et
2919 3420 3235 3474 vestimenta
3278 3433 3460 3481 aurea,

1875 3514 2030 3566 vilem
2067 3522 2120 3567 et
2150 3513 2410 3582 ahjectam
2440 3522 2642 3568 vestem
2687 3521 2980 3578 sumentes,
3008 3521 3062 3566 et
3105 3512 3337 3566 cinerem
3378 3511 3462 3565 in-

1874 3615 2187 3674 Spergentes
2215 3605 2336 3670 sibi,
2371 3614 2422 3659 et
2454 3614 2578 3659 ante
2602 3605 2908 3674 forijanuas
2940 3620 2998 3658 se
3024 3605 3356 3669 volutantes,
3386 3604 3463 3659 sic

1869 3697 2075 3766 judiccs
2096 3697 2408 3751 exorabant.
2438 3697 2494 3750 Si
2522 3705 2696 3751 autem
2721 3697 2773 3751 in
2803 3695 2886 3750 his
2907 3695 3124 3766 judiciis
3153 3709 3314 3749 aurea
3342 3695 3462 3765 qui-

1873 3787 1996 3842 dem
2040 3787 2259 3842 monilia
2308 3795 2363 3842 et
2409 3787 2637 3841 uniones
2664 3795 2719 3841 et
2755 3786 2902 3840 varia
2947 3785 3112 3840 vestis
3161 3783 3367 3839 insidiae
3409 3793 3464 3839 et

1874 3879 2103 3950 proditio
2124 3879 2340 3945 fuerint,
2359 3878 2714 3934 mansuetudo
2735 3887 2937 3942 autem,
2963 3878 3283 3946 benignitas,
3303 3877 3458 3940 cinis,

1875 3971 2124 4043 lacrymzc
2170 3980 2224 4026 et
2253 3971 2378 4025 vilia
2420 3972 2741 4026 vestimenta
2785 3971 2954 4040 magis
2999 3969 3232 4039 judicem
3283 3969 3464 4024 conci-

1874 4061 2046 4116 liant:
2081 4061 2250 4116 multo
2290 4061 2458 4132 magis
2488 4062 2539 4114 in
2565 4061 2768 4131 judicio
2814 4061 2908 4116 illo
2935 4059 3226 4115 inevitabili
3265 4069 3320 4114 ct
3349 4069 3462 4114 tre-

1874 4152 2070 4207 mendo
2122 4153 2226 4208 hoc
2279 4154 2391 4208 ﬁet.
2438 4153 2606 4220 Quam
2659 4154 2803 4208 enim
2858 4153 3122 4208 rationem
3179 4151 3459 4206 dicendam

1875 4245 2130 4300 habebis?
2157 4261 2336 4315 quam,
2379 4245 2463 4300 dic
2505 4245 2654 4311 mihi,
2702 4245 3099 4300 excusationem
3122 4286 3136 4309 ,
3165 4243 3380 4314 quando
3403 4253 3457 4298 te

1876 4336 2132 4392 Dominus
2179 4337 2450 4392 accusabit
2491 4335 2558 4391 de
2590 4337 2891 4406 margaritis
2928 4335 3065 4402 istis,
3099 4342 3156 4392 et
3195 4349 3459 4404 pauperes

1875 4427 2014 4483 fame
2059 4428 2298 4498 perditos
2346 4429 2400 4483 in
2444 4429 2678 4484 medium
2720 4427 2881 4499 aget?
2924 4428 3217 4498 Propterea
3263 4425 3463 4481 Paulus

1873 4519 2083 4574 diccbat
2113 4539 2124 4574 :
2161 4519 2282 4573 Non
2331 4521 2383 4574 in
2415 4521 2559 4574 tortis
2599 4520 2852 4585 crinibus,
2882 4519 2959 4572 vel
2985 4535 3133 4583 auro,
3161 4519 3237 4572 vel
3259 4534 3460 4588 marga-

1872 4612 2002 4678 ritis,
2029 4612 2107 4665 vel
2127 4613 2414 4665 vestimento
2436 4612 2654 4682 pretioso
2673 4612 2748 4681 (i.
2774 4611 2904 4664 Tim.
2926 4611 2980 4663 2.
3001 4610 3079 4678 9).
3107 4610 3240 4665 Hinc
3268 4626 3463 4678 nempe.

1872 4711 2144 4756 strucntur
2184 4701 2388 4756 insidia:
2443 4719 2457 4755 :
2512 4703 2610 4757 etsi
2655 4712 2834 4756 autem
2875 4701 3073 4772 jngiter
3127 4701 3255 4772 ipsis
3312 4700 3458 4754 frua-

1874 4811 2013 4857 mur,
2044 4803 2221 4848 tamen
2249 4795 2469 4848 omnino
2514 4809 2608 4864 per
2651 4802 2875 4848 mortem
2906 4794 2974 4848 ab
3003 4794 3134 4862 ipsis
3177 4793 3455 4860 separabi-

1872 4901 2010 4940 tnur.
2039 4885 2117 4938 Ex
2137 4886 2334 4939 virtute
2358 4899 2485 4939 vero
2511 4885 2770 4939 securitas
2795 4884 2992 4947 omnis,
3020 4891 3074 4937 et
3102 4883 3325 4937 mutatio
3353 4882 3458 4935 rui-

1873 4992 2008 5031 nave
2035 4976 2200 5039 nulla,
2231 4991 2415 5031 verum
2457 4986 2510 5031 et
2551 4975 2639 5030 hic
2683 4991 2778 5030 nos
2821 4991 2881 5031 ea
2913 4975 3088 5030 reddit
3129 4973 3371 5037 tutiores,
3408 4982 3462 5025 et

1871 5068 1998 5123 illnc
2018 5069 2318 5123 comitatur.
2366 5067 2459 5122 Vis
2496 5068 2810 5138 margaritas
2851 5064 3153 5136 possidere,
3187 5078 3286 5118 nec
3326 5079 3448 5117 um-

1871 5176 2028 5229 quam
2051 5161 2147 5214 has
2169 5159 2384 5214 divitias
2425 5160 2728 5231 deponere?
2759 5168 3001 5212 ornatum
3050 5171 3262 5210 omnem
3305 5155 3454 5210 aufe-

1871 5268 1994 5308 rens
2023 5253 2074 5306 in
2103 5253 2299 5306 Christi
2329 5268 2517 5306 manus
2550 5268 2645 5320 per
2673 5265 2934 5321 pauperes
2956 5262 3156 5317 repone
3189 5264 3202 5301 :
3233 5247 3322 5301 ille
3354 5247 3448 5301 tibi

1869 5355 2088 5398 cunctas
2131 5342 2396 5398 custodiet
2443 5343 2687 5408 divitias,
2739 5329 3016 5409 postqtiam
3066 5353 3260 5407 corpus
3303 5347 3450 5394 tuum

1870 5436 2036 5490 multa
2065 5451 2186 5491 cum
2214 5436 2456 5490 claritate
2482 5435 2901 5500 resuscitaverit,
2936 5444 3058 5488 tunc
3083 5433 3172 5487 tibi
3205 5433 3452 5489 meliores

1871 5529 2236 5596 circumponet
2282 5526 2492 5581 divitias
2535 5537 2589 5581 et
2631 5535 2875 5580 ornatum
2923 5526 3212 5595 majorem,
3255 5526 3452 5596 quippe

1869 5635 1990 5675 eum
2021 5622 2090 5675 sit
2121 5621 2206 5676 hic
2232 5636 2466 5690 prmscns
2491 5621 2608 5674 vilis
2636 5630 2690 5674 ct
2712 5621 2984 5674 ridiculus.
3015 5619 3196 5689 Cogita
3224 5635 3453 5688 namque

1871 5712 2064 5784 quibus
2092 5714 2170 5768 vis
2201 5714 2434 5783 placere,
2463 5723 2516 5768 ct
2545 5722 2763 5782 propter
2805 5727 2938 5783 quos
2975 5711 3117 5765 hunc
3157 5711 3332 5765 induis
3357 5725 3450 5762 nr-

1872 5812 2074 5875 natum,
2102 5814 2160 5861 ut
2189 5804 2430 5862 funarius
2455 5815 2507 5861 ct
2544 5807 2762 5862 aerarius
2791 5815 2844 5860 ct
2882 5805 3092 5859 institor
3123 5803 3450 5858 admirentur
