4020 6216
615 308 721 362 179

611 431 903 492 cun-[utan
927 436 1136 475 :annon
1160 419 1499 474 confunderis
1512 430 1564 472 et
1583 418 1852 473 erubescis
1884 425 1934 473 te
1969 416 2077 471 illis
2114 431 2206 470 os-

616 529 849 582 lentius,
882 526 940 572 et.
969 530 1108 586 quos
1131 529 1234 570 nec
1270 511 1631 584 appellatione
1655 519 1748 567 tua
1771 511 1962 583 dignos
1987 524 2193 576 censes,

615 620 835 678 propter
855 608 956 662 bos
979 607 1160 664 omnia
1185 604 1423 661 faciens!

698 700 860 754 Verba
892 700 948 754 in
967 699 1214 768 “ptimo
1237 698 1457 769 prolata.
1481 725 1557 738 —
1574 696 1855 764 Quomodo
1884 696 2044 767 igitur
2063 693 2202 749 haue

611 807 828 847 omnem
856 790 1146 845 vanitatem
1180 787 1494 843 deridebis?
1516 786 1576 843 Si
1604 789 1751 843 vocis
1779 787 1921 842 illius
1947 784 2202 841 recorde-

615 887 711 950 ris,
738 900 896 955 quam
917 883 1042 937 dum
1065 882 1232 937 sacris
1265 882 1568 949 initiareris,
1595 882 1820 938 emisisti
1866 899 1883 936 :
1913 881 2202 936 Abrenun-

617 977 690 1029 tEo
712 976 828 1038 tibi,
868 983 1074 1040 satana,
1117 983 1172 1029 et
1199 988 1408 1044 pompae
1447 984 1552 1028 tua:
1589 983 1644 1028 et
1684 973 1847 1028 cultui
1891 982 2025 1028 tuo:
2057 972 2198 1026 circa

615 1067 1016 1136 margaritarum
1047 1067 1191 1120 enim
1218 1066 1421 1120 cultum
1465 1065 1670 1120 insania
1695 1074 1780 1120 est
1815 1079 2011 1134 pompa
2053 1074 2199 1118 sata-

615 1160 755 1214 nica.
783 1160 983 1213 Aurum
1010 1159 1153 1213 enim
1180 1160 1388 1229 cepisti,
1413 1175 1518 1213 non
1544 1168 1603 1212 ut
1625 1173 1821 1228 corpus
1852 1159 2077 1220 vincias,
2104 1158 2199 1212 sed

619 1260 678 1306 ut
706 1267 966 1322 pauperes
991 1255 1174 1308 solvas
1196 1261 1252 1308 et
1276 1253 1534 1308 enutrias.
1569 1253 1660 1306 Dic
1684 1253 1844 1322 igitur
1867 1251 2197 1322 frequenter,

615 1347 947 1401 Abrenuntio
1003 1347 1118 1413 tibi,
1179 1346 1560 1400 satanaznihil
1599 1345 1699 1401 hac
1746 1345 1910 1400 tutius
1950 1358 2102 1409 voce,
2154 1343 2200 1398 si

611 1437 781 1507 ipsam
801 1453 897 1509 per
920 1453 1082 1507 opera
1107 1437 1476 1493 exbibeamus.

686 1530 743 1585 5.
775 1529 920 1583 llanc
948 1540 1002 1583 et
1031 1545 1126 1582 vos
1153 1531 1391 1585 initiandi
1447 1540 1499 1583 ut
1522 1531 1758 1596 dissentis,
1788 1532 2013 1586 obsecro
2040 1550 2054 1585 :
2085 1531 2202 1586 bare

613 1621 756 1674 θηὶιιι
782 1637 883 1675 vox
909 1620 1292 1676 wnfmderatio
1316 1637 1440 1676 cum
1460 1621 1695 1676 Domino
1715 1631 1819 1676 est.
1849 1622 1916 1675 Et
1938 1623 2075 1677 sicut
2099 1636 2201 1676 nos

622 1726 811 1766 servos
833 1720 1093 1778 ementes,
1117 1713 1262 1782 ipsos
1289 1713 1377 1783 qui
1400 1711 1720 1779 venduntur,
1740 1714 1887 1782 prius
1904 1714 2201 1784 interroga-

618 1816 740 1856 mus
766 1817 836 1856 an
861 1804 1016 1857 nobis
1060 1803 1264 1859 servire
1315 1804 1482 1859 velint
1509 1821 1525 1858 :
1555 1805 1628 1859 ita
1661 1805 1786 1858 facit
1833 1817 1889 1860 et
1924 1803 2198 1872 Christus;

616 1892 826 1962 quando
845 1893 1004 1949 debet
1034 1903 1084 1948 te
1109 1895 1163 1949 in
1191 1895 1501 1951 servitutem
1526 1910 1744 1966 capere,
1774 1897 1923 1966 prius
1963 1897 2198 1952 interro-

614 1995 707 2054 gat
732 2001 800 2040 an
843 1985 975 2040 velis
1023 1987 1170 2041 illum
1209 1988 1481 2042 crudelem
1526 1996 1810 2058 tyranuum
1845 1987 2115 2043 dimittere
2148 1998 2205 2044 et

617 2077 879 2132 immitem
904 2119 921 2144 ,
970 2087 1024 2132 et
1068 2077 1136 2132 ad
1187 2077 1390 2133 ftedera
1433 2079 1693 2148 suscipit:
1751 2094 1856 2134 non
1894 2080 2037 2134 enim
2073 2094 2202 2134 eoa-

615 2177 762 2221 ctum
787 2176 871 2222 est
904 2168 1072 2236 ipsius
1098 2169 1399 2240 imperium.
1430 2169 1498 2224 Et
1538 2170 1657 2225 vide
1688 2169 2199 2242 Deibenignitatem.

617 2257 728 2314 Nos
754 2274 948 2330 nempe
993 2263 1302 2332 priusquam
1345 2263 1576 2332 pretium
1622 2279 1925 2335 erogemus,
1969 2265 2205 2320 intene-

613 2367 802 2423 gamus
844 2370 938 2409 eos
978 2357 1069 2426 qui
1118 2357 1439 2425 venduntur,
1473 2368 1682 2414 etcum
1724 2358 2068 2414 didicerimus
2109 2374 2204 2414 eos

616 2444 775 2511 velle,
826 2455 951 2500 tune
994 2448 1223 2516 pretium
1262 2462 1565 2516 erogamus.
1592 2449 1837 2504 Christus
1883 2459 2060 2504 autem
2095 2465 2204 2505 non

618 2536 718 2599 ita;
749 2551 936 2590 verum
975 2547 1030 2592 et
1067 2539 1292 2607 pretium
1336 2540 1576 2609 erogavit
1611 2555 1707 2608 pro
1757 2540 2004 2595 omnibus
2049 2541 2205 2596 nobis

618 2628 909 2696 pretiosum
958 2631 1269 2698 sanguinem
1323 2647 1477 2686 suum
1520 2648 1536 2685 ε
1584 2631 1759 2686 Pretio
1801 2634 1965 2699 enim,
2010 2635 2201 2704 inquit,

621 2721 776 2787 empti
813 2722 928 2774 estis
954 2722 1042 2792 (l.
1072 2721 1191 2776 Cor.
1214 2723 1267 2776 7.
1297 2723 1369 2777 23
1395 2724 1415 2794 )
1444 2741 1457 2777 :
1487 2732 1542 2778 et
1582 2733 1759 2778 tamen
1779 2741 1949 2794 neque
1971 2726 2047 2780 sic
2062 2727 2205 2799 cogit

616 2812 716 2865 sibi
744 2813 946 2867 servire
967 2815 1230 2879 nolentes,
1263 2814 1357 2868 sed
1386 2815 1485 2869 nisi
1517 2816 1741 2884 gratiam
1769 2816 1966 2871 habeas
1994 2829 2048 2872 et
2075 2833 2106 2872 a
2148 2828 2202 2875 te

618 2903 738 2970 ipso
753 2911 810 2957 et
828 2912 1018 2972 sponte
1044 2906 1160 2974 ejus
1185 2905 1317 2960 velis
1342 2903 1634 2960 dominatui
1654 2905 2032 2970 adscribi,l\'on
2045 2923 2200 2978 cogo,

618 2993 807 3064 inquit,
835 3009 1006 3064 neque
1033 2998 1315 3066 compello.
1341 2999 1407 3052 Et
1433 3012 1532 3053 nos
1559 2997 1774 3068 quidem
1797 2998 2069 3070 improbos
2085 3015 2202 3056 ser-

618 3097 713 3138 vos
747 3099 816 3139 ne
857 3087 1082 3140 emimus
1130 3087 1343 3158 quidem
1372 3106 1385 3142 :
1413 3088 1555 3158 quod
1601 3089 1647 3144 si
1680 3089 1895 3160 quando
1937 3105 2198 3157 emamus,

619 3192 783 3244 pravo
820 3179 1044 3233 consilio
1074 3181 1179 3235 tale
1209 3181 1435 3252 pretium
1465 3196 1786 3253 erogamus:
1825 3181 2069 3238 Christus
2109 3198 2203 3238 au-

620 3277 725 3321 tem
753 3267 986 3338 ingratos
1009 3285 1194 3326 emens
1234 3287 1418 3327 servos
1439 3273 1670 3343 iniquos,
1698 3273 1884 3343 Optimi
1909 3275 2049 3329 servi
2079 3290 2204 3343 pre-

619 3359 747 3414 tium
776 3362 1013 3431 erogavit
1040 3381 1053 3415 :
1082 3363 1189 3418 imo
1215 3379 1343 3418 vero
1365 3365 1530 3419 multo
1557 3364 1747 3435 majus,
1769 3380 1834 3421 ac
1858 3374 2005 3421 tanto
2031 3367 2204 3437 majus

619 3462 676 3504 ut
703 3466 875 3522 neque
912 3455 1048 3508 ratio
1073 3470 1245 3525 neque
1282 3471 1437 3511 mens
1475 3457 1640 3526 ipsius
1668 3458 2080 3528 magnitudinem
2110 3475 2203 3514 ca-

621 3543 732 3610 piat
759 3560 774 3597 :
804 3559 908 3599 non
934 3547 1075 3600 enim
1113 3547 1302 3602 cadum
1330 3557 1384 3602 et
1413 3558 1608 3603 terram
1654 3558 1709 3604 et
1733 3565 1881 3605 mare
1914 3550 2068 3616 dans,
2106 3552 2203 3607 sed

624 3637 873 3692 omnibus
898 3636 980 3692 his
1001 3640 1365 3708 pretiosiorem
1387 3642 1696 3712 sanguinem
1723 3657 1876 3697 suum
1901 3641 2200 3711 effundens,

619 3729 690 3782 ita
707 3742 805 3784 nos
821 3729 1083 3785 redemit:
1108 3741 1162 3786 et
1189 3740 1304 3801 post
1321 3731 1433 3788 haec
1448 3732 1623 3787 omnia
1649 3748 1753 3788 non
1783 3743 1942 3790 testes
1966 3750 1996 3788 a
2023 3736 2199 3804 nobis,

619 3835 728 3875 non
756 3820 1105 3892 chirographa
1127 3823 1318 3894 exigit,
1347 3823 1440 3879 sed
1464 3826 1577 3879 sola
1610 3834 1891 3881 contentus
1919 3835 2004 3882 est
2031 3842 2161 3882 voce
2185 3846 2199 3882 :

619 3920 677 3966 ct
694 3913 738 3966 si
756 3911 902 3967 dicas
921 3929 986 3966 ex
1007 3914 1188 3979 corde,
1213 3917 1543 3972 Abrenuntio
1564 3918 1678 3985 tibi,
1699 3926 1904 3983 satana,
1926 3927 1979 3974 et
1994 3933 2203 3989 pompae

619 4013 755 4069 tute,
787 4013 956 4059 totum
985 4005 1206 4076 recepit.
1242 4007 1353 4062 Hoc
1382 4009 1542 4078 igitur
1569 4008 1808 4066 dicamus
1826 4052 1840 4076 ,
1870 4011 2203 4068 Abrenuntio

618 4096 735 4159 tibi,
760 4105 944 4152 satana
969 4115 982 4150 :
1014 4107 1280 4167 tamquam
1308 4099 1358 4152 in
1382 4099 1467 4152 illa
1492 4099 1580 4155 die
1600 4101 1755 4171 hujus
1774 4102 1921 4157 vocis
1942 4103 2201 4158 rationem

618 4187 900 4256 reddituri,
925 4197 981 4245 et
1009 4189 1177 4259 ipsam
1198 4189 1580 4256 custodiamus,
1609 4200 1669 4245 ut
1696 4193 1900 4246 salvum
1931 4203 2055 4248 tunc
2076 4196 2202 4249 red-

618 4279 810 4335 damus
838 4279 1158 4351 depositum.
1182 4282 1382 4352 Pompa
1409 4296 1536 4336 vero
1559 4282 1794 4337 satanica
1821 4293 1944 4338 sunt
1964 4283 2166 4340 theatra
2183 4327 2198 4353 ,

620 4372 910 4439 circenses,
958 4383 1014 4429 et
1058 4389 1221 4430 omne
1262 4384 1568 4445 peccatum,
1611 4374 1820 4430 dierum
1864 4375 2196 4444 observatio,

623 4463 927 4533 prmstigize,
945 4473 1000 4520 et
1013 4464 1213 4518 omina.

692 4553 946 4612 Adversus
973 4557 1344 4612 omium—Et
1383 4557 1509 4628 quid
1551 4556 1763 4613 tandem
1810 4568 1935 4614 sunt
1983 4561 2202 4616 omina?

618 4646 774 4718 Smpe
800 4648 961 4704 domo
998 4650 1118 4720 quis
1143 4667 1238 4705 sua
1268 4665 1515 4722 egressus
1541 4649 1810 4706 hominem
1838 4651 1969 4706 vidit
1995 4669 2198 4708 unocu-

618 4741 763 4806 lum,
810 4740 898 4795 vel
935 4741 1355 4810 claudicantem,
1401 4751 1458 4798 et
1498 4741 1765 4797 ominatos
1807 4751 1910 4798 est.
1953 4743 2078 4798 llaec
2118 4753 2202 4798 est

617 4846 808 4901 pompa
838 4833 1071 4888 satanica
1103 4851 1115 4886 :
1145 4850 1249 4889 non
1273 4835 1416 4889 enim
1460 4833 1689 4890 hominis
1718 4849 1970 4890 occursus
2004 4836 2199 4890 malum

617 4923 741 4979 facit
765 4923 930 4991 diem,
958 4925 1052 4979 sed
1082 4925 1135 4979 in
1167 4927 1396 4995 peccatis
1426 4927 1624 4981 vivere.
1646 4925 1778 4982 Cum
1803 4928 1962 4996 igitur
1981 4927 2197 4993 exieris,

617 5033 780 5071 unum
823 5017 983 5073 modo
1020 5032 1168 5081 cave,
1209 5035 1277 5073 ne
1320 5029 1563 5074 occurrat
1607 5019 1702 5074 tibi
1745 5029 2016 5090 peccatum
2049 5038 2062 5075 :
2101 5021 2202 5075 hoe

613 5110 756 5164 enim
781 5119 865 5166 est
887 5111 1030 5180 quod
1058 5111 1385 5182 supplantat,
1423 5121 1617 5182 praeter
1656 5112 1759 5168 hoc
1794 5129 1922 5168 vero
1953 5129 2052 5168 nec
2087 5115 2200 5182 ipse

615 5200 857 5257 diabolus
898 5217 999 5258 nos
1043 5203 1309 5274 quidpiam
1358 5203 1553 5259 laedere
1606 5205 1820 5274 poterit.
1861 5205 1998 5273 Quid
2033 5205 2200 5260 dicis?

619 5289 887 5347 hominem
932 5297 1138 5362 cernis,
1185 5304 1240 5351 et
1278 5296 1560 5362 ominaris,
1591 5311 1690 5352 nec
1733 5297 1909 5353 cernis
1951 5297 2196 5367 laqueum

619 5379 940 5438 diabolicum
961 5387 1013 5452 ί,
1043 5387 1311 5456 quomodo
1332 5397 1386 5443 te
1413 5389 1509 5455 illi,
1540 5389 1628 5458 qui
1659 5397 1709 5444 te
1738 5388 1879 5444 nulla
1914 5387 2090 5443 aliccit
2119 5389 2201 5442 in-

615 5470 777 5538 juria,
807 5473 977 5530 reddit
1006 5478 1313 5535 inimicum?
1338 5482 1604 5552 quomodo
1641 5491 1693 5538 te
1731 5481 1882 5537 fratri
1922 5483 2199 5537 constituit

619 5561 982 5620 adversarium
1001 5583 1063 5622 ex
1086 5573 1224 5624 nulla
1243 5572 1383 5640 justa
1405 5575 1717 5630 occasione?
1736 5574 1804 5628 Et
1828 5575 1963 5628 Deus
1981 5573 2197 5643 quidem

616 5657 703 5712 vel
731 5656 976 5713 inimicos
997 5673 1179 5717 amare
1204 5677 1300 5716 nos
1316 5664 1504 5732 jussit-
1537 5673 1592 5720 tu
1612 5673 1789 5719 autem
1819 5663 1892 5718 nil
1922 5665 2203 5722 lmdentem

619 5751 906 5816 aversaris,
934 5750 1004 5805 nil
1029 5751 1386 5807 accusandum
1418 5754 1640 5821 habens,
1666 5771 1765 5813 nec
1787 5757 2008 5828 cogitas,
2030 5773 2204 5828 quan-

621 5853 702 5898 tus
731 5844 893 5912 risus,
924 5852 1178 5913 quantum
1210 5843 1458 5914 dedecus,
1491 5847 1596 5903 imo
1623 5865 1749 5906 vero
1779 5858 2030 5918 quantum
2063 5849 2203 5920 peri-

1355 303 1412 359 S.
1453 303 1640 358 JOAN.
1682 305 2058 361 Clllii'SOST.
2100 307 2421 364 ABCHIEP.
2459 305 2990 368 COBTAXTLVOP.

3773 316 3863 370 2ιο

2297 412 2515 470 enimn?
2559 417 2816 474 Dicamne
2863 427 2919 473 et
2960 422 3101 474 aiiud
3148 419 3521 478 ridiculosius?
3569 423 3859 484 Conlundor

2295 523 2490 580 nempe
2516 520 2572 565 et
2613 513 2894 577 erubesco,
2921 511 3017 568 sed
3059 528 3222 585 cogor
3261 527 3477 586 propter
3519 518 3742 575 salutem
3773 537 3857 578 ve-

2295 608 2463 656 stram
2485 601 2686 657 dicere.
2715 603 2771 658 Si
2790 603 2963 674 virgo,
2985 605 3177 675 inquit,
3199 609 3513 674 occurrerit,
3540 612 3737 666 sterilis
3756 612 3859 667 dies

2295 694 2431 757 erit;
2478 695 2524 748 si
2571 710 2702 750 vero
2746 698 3022 765 meretrix,
3071 699 3296 756 dextera
3334 711 3391 756 et
3432 701 3592 768 bona,
3619 712 3672 759 et
3710 705 3857 760 multa

2297 789 2627 843 mercatione
2655 789 2829 858 plena.
2855 789 3229 859 Occultamini,
3255 803 3308 848 et
3333 793 3554 850 frontem
3576 798 3854 865 percutitis,

2294 889 2350 932 et
2377 879 2442 932 ad
2470 890 2666 934 terram
2693 881 2961 936 inclinatis
2991 900 3006 935 :
3038 883 3133 938 sed
3161 899 3266 938 non
3295 900 3433 940 nunc
3469 885 3595 940 dum
3621 887 3856 942 dicuntur

2295 971 2476 1032 verba,
2505 971 2600 1024 sed
2620 985 2742 1026 cum
2773 973 2905 1026 ﬁunt
2929 987 3113 1043 opera,
3140 974 3554 1031 erubescendum
3581 986 3716 1034 erat.
3741 978 3856 1033 V’ide

2296 1075 2492 1129 nempe
2520 1062 2787 1131 quomodo
2815 1072 2870 1116 et
2898 1063 2986 1117 hic
3009 1063 3251 1120 diabolus
3273 1065 3451 1120 dolum
3480 1067 3782 1133 abscondit,
3813 1079 3862 1122 ut

2295 1153 2598 1208 modestam
2629 1154 2844 1224 quidem
2883 1170 3223 1224 aversemur,
3261 1157 3571 1227 impudicam
3602 1174 3726 1215 vero
3752 1176 3862 1229 gra-

2297 1254 2404 1298 tam
2455 1246 2748 1301 habeamus
2785 1256 2842 1302 et
2887 1263 3148 1303 amemus.
3194 1249 3450 1317 Quoniam
3495 1252 3638 1307 enim
3675 1253 3864 1306 audivit

2294 1336 2570 1392 Christum
2614 1339 2908 1404 dicentem,
2946 1339 3049 1406 Qui
3084 1343 3263 1408 aspicit
3294 1342 3551 1398 mulierem
3590 1343 3657 1396 ad
3687 1361 3863 1398 concu-

2296 1429 2735 1499 piscendum,ij
2755 1430 3029 1484 melinus
3045 1441 3238 1486 eum
3254 1431 3458 1504 (Matth.
3477 1434 3528 1490 5.
3545 1433 3659 1504 28),
3672 1443 3727 1488 et
3741 1435 3863 1488 vidit

2297 1519 2493 1574 multos
2543 1520 2816 1575 lasciviam
2855 1523 3090 1587 vincere,
3117 1521 3302 1578 volens
3327 1540 3533 1578 rursum
3577 1542 3668 1594 per
3712 1526 3859 1579 aliam

2297 1613 2440 1666 viam
2467 1612 2613 1681 ipsos
2643 1613 2697 1667 in
2727 1624 3004 1683 peccatum
3033 1614 3325 1684 impellere,
3348 1631 3441 1686 per
3458 1615 3593 1670 hanc
3616 1616 3854 1670 observa-

2300 1704 2501 1759 tionem
2529 1706 2820 1760 meritoriis
2835 1705 3148 1761 mulieribus
3165 1705 3390 1763 libenter
3407 1707 3588 1762 oculos
3603 1707 3859 1764 intendere

2299 1797 2589 1864 persuasit.

2370 1885 2540 1944 Ereti
2569 1889 2850 1944 Alandri
2881 1889 2960 1944 Ι.
3001 1894 3306 1947 uariarum
3345 1893 3682 1963 superstitiose
3708 1910 3848 1947 mr-

2300 1993 2440 2054 peta.
2460 2015 2530 2026 —
2559 1984 2700 2053 Quid
2725 2001 2855 2040 vero
2878 1985 3082 2042 diceret
3108 1987 3302 2058 aliquis
3335 1986 3403 2041 de
3440 1987 3523 2050 iis,
3551 1987 3638 2056 qui
3669 1987 3855 2040 canni-

2299 2075 2458 2130 nibus
2493 2084 2550 2130 et
2585 2076 2826 2146 ligaturis
2884 2087 3123 2145 utuntur,
3177 2085 3234 2133 et
3280 2076 3346 2132 de
3394 2076 3860 2146 circumligantibus

2299 2183 2442 2223 :erea
2470 2169 2760 2228 Alexandri
2784 2169 3085 2226 Macedonis
3111 2171 3423 2225 nomismata
3439 2169 3596 2241 capiti
3613 2169 3699 2224 vel
3729 2168 3858 2239 pedi-

2300 2260 2443 2315 bus?
2469 2261 2566 2317 Die
2591 2264 2745 2329 mihi,
2773 2279 2842 2318 an
2869 2263 2954 2318 ba:
2978 2273 3102 2317 sunt
3120 2262 3540 2332 exspectationes
3569 2270 3781 2326 nostrzc,
3812 2269 3868 2314 ut

2302 2361 2426 2424 post
2452 2368 2668 2409 erucem
2698 2364 2754 2410 et
2777 2365 3004 2410 mortem
3035 2354 3362 2409 Dominicam
3406 2353 3459 2408 in
3496 2352 3702 2422 gentilis
3732 2350 3869 2420 regis

2302 2445 2536 2515 imagine
2561 2461 2711 2517 spem
2742 2447 2930 2502 salutis
2958 2445 3284 2501 habeamus?
3302 2443 3514 2516 Ignoras
3533 2453 3722 2513 quanta
3738 2457 3868 2496 crux

2302 2536 2572 2607 perfecit?
2603 2549 2829 2593 mortem
2859 2537 3144 2603 dissolvit,
3176 2546 3447 2607 peccatum
3475 2535 3720 2590 exstinxit
3745 2575 3758 2598 ,
3786 2548 3870 2588 or-

2301 2645 2424 2685 eum
2452 2632 2663 2686 inanem
2694 2631 2946 2698 reddidit,
2975 2629 3182 2686 diaboli
3209 2629 3360 2684 solvit
3384 2629 3662 2699 potentiam
3683 2670 3697 2692 ,
3725 2636 3777 2682 et
3800 2626 3869 2680 ad

2301 2724 2548 2793 corporis
2576 2724 2857 2778 sanitatem
2903 2723 3255 2794 praestandam
3298 2737 3403 2776 non
3432 2731 3512 2776 est
3542 2720 3639 2774 fide
3664 2720 3820 2789 digna
3847 2722 3872 2771 ?

2302 2823 2474 2870 totum
2504 2814 2691 2869 orbem
2714 2815 3080 2880 exsuscitavit,
3111 2822 3166 2868 et
3192 2824 3244 2867 tu
3273 2813 3325 2867 in
3353 2813 3465 2881 ipsa
3491 2827 3596 2865 non
3623 2809 3871 2864 conﬁdis?

2302 2917 2359 2963 et
2383 2907 2511 2979 quid
2539 2909 2648 2978 pati
2676 2907 2869 2977 dignus
2922 2922 3029 2962 non
3071 2905 3276 2962 fueris?
3318 2905 3431 2960 Non
3474 2904 3720 2974 ligaturas
3742 2916 3873 2956 vero

2303 3011 2508 3058 tantum
2530 3043 2548 3069 ,
2573 3003 2669 3058 sed
2703 3003 2866 3057 etiam
2893 3009 3301 3056 excantamenta
3347 2998 3442 3054 tibi
3486 2996 3834 3052 circumducis
3853 3037 3869 3059 ,

2301 3094 2508 3150 vetulas
2533 3093 2709 3150 ebrias
2730 3103 2785 3149 et
2808 3092 3094 3148 titubantes
3118 3091 3330 3146 domum
3356 3089 3556 3145 ducens
3585 3106 3600 3144 :
3627 3104 3727 3144 nec
3743 3102 3875 3142 con-

2301 3185 2570 3252 funderis,
2604 3199 2706 3240 nec
2733 3185 3028 3248 erubescis,
3060 3193 3181 3254 post
3208 3191 3403 3236 tantam
3452 3179 3517 3234 ad
3563 3179 3675 3234 haec
3711 3179 3874 3248 trepi.

2304 3276 2440 3333 dans
2466 3277 2800 3348 disciplinam
2828 3294 2843 3332 :
2864 3285 2919 3331 et
2945 3274 3086 3346 quod
3107 3274 3317 3345 gravius
3339 3281 3418 3326 est
3440 3285 3642 3336 errore,
3660 3270 3870 3340 quando

2306 3368 2423 3424 bzcc
2449 3369 2801 3424 admonemus
2836 3376 2892 3423 et
2920 3366 3288 3422 dissuademus
3311 3407 3328 3431 ,
3357 3372 3604 3434 putantes
3627 3377 3684 3417 se
3713 3377 3870 3417 excuo

2303 3465 2432 3530 sari,
2456 3462 2661 3529 dicunt,
2686 3461 2985 3517 Christiana
3016 3470 3097 3514 est
3119 3459 3309 3514 mulier
3339 3457 3450 3511 haec
3484 3462 3787 3518 excantans,
3817 3463 3871 3507 et

2303 3554 2436 3610 nihil
2474 3553 2616 3608 aliud
2669 3553 2943 3623 loquitur,
2973 3566 3132 3622 quam
3173 3550 3266 3605 Dei
3320 3563 3532 3604 nomen.
3585 3545 3871 3614 Propterea

2306 3661 2536 3716 namque
2567 3643 2904 3714 potissimum
2938 3642 3106 3712 ipsam
3137 3639 3227 3696 odi
3279 3646 3335 3694 et
3371 3652 3597 3700 aversor,
3615 3635 3750 3703 quod
3778 3635 3871 3688 Dei

2305 3737 2523 3793 nomine
2547 3736 2615 3791 ad
2634 3735 3013 3791 contumeliam
3042 3741 3246 3797 utatur,
3275 3729 3414 3800 quod
3446 3745 3505 3784 se
3529 3729 3713 3783 dicens
3751 3743 3877 3781 esse

2303 3829 2679 3895 Christianam,
2723 3826 3000 3898 gentilium
3044 3839 3204 3894 opera
3233 3822 3388 3877 faciat
3412 3839 3426 3874 :
3453 3821 3645 3877 etenim
3673 3827 3726 3873 et
3754 3816 3874 3872 da:-

2304 3935 2491 3976 mones
2522 3921 2615 3975 Dei
2640 3934 2832 3974 nomen
2865 3916 3220 3988 proferebant,
3259 3914 3354 3970 sed
3385 3925 3557 3968 tamen
3580 3919 3734 3965 erant
3760 3907 3884 3962 dar.

2304 4029 2513 4077 mones,
2533 4022 2587 4069 et
2617 4013 2689 4067 ita
2717 4011 2933 4067 Christo
2964 4009 3209 4065 dicebant
3240 4026 3253 4062 :
3299 4007 3498 4062 Scimus
3538 4015 3618 4072 te,
3643 4003 3728 4074 qui
3774 4004 3880 4067 sis,

2304 4115 2507 4160 sanctus
2537 4105 2634 4159 Dei
2668 4104 2859 4177 (Marc.
2888 4105 2939 4159 1.
2965 4102 3059 4175 24)
3096 4121 3109 4157 :
3137 4113 3192 4158 et
3212 4111 3386 4156 tamen
3413 4101 3556 4169 ipsos
3580 4096 3884 4165 increpavit

2304 4209 2358 4254 et
2394 4199 2573 4270 ejecit.
2596 4199 2887 4268 Propterea
2915 4197 3108 4268 quippe
3132 4193 3282 4249 vobis
3306 4191 3542 4262 supplico
3561 4230 3580 4258 ,
3605 4197 3665 4244 ut
3681 4187 3745 4242 ab
3766 4185 3882 4242 hac

2303 4291 2422 4345 sitis
2449 4291 2654 4346 fallacia
2692 4291 2811 4361 puri
2836 4333 2851 4357 ,
2875 4298 2930 4346 et
2955 4297 3218 4358 tamquam
3246 4284 3488 4339 baculum
3522 4281 3622 4336 hoc
3648 4277 3878 4335 verbum

2305 4383 2567 4439 habeatis.
2597 4383 2664 4437 Et
2705 4384 2843 4438 sicut
2879 4381 2996 4437 sine
3031 4375 3398 4434 calceamentis
3434 4372 3515 4428 vel
3544 4371 3883 4426 vestimentis

2304 4485 2542 4534 vestrum
2573 4489 2732 4531 nemo
2774 4474 2826 4529 in
2868 4472 3041 4528 forum
3077 4466 3405 4526 descendere
3428 4463 3620 4521 vellet:
3653 4463 3723 4518 ita
3752 4463 3889 4517 sine

2303 4569 2468 4625 verbo
2496 4568 2599 4622 hoc
2636 4580 2921 4635 numquam
2969 4562 3027 4618 in
3067 4561 3238 4616 forum
3267 4557 3512 4628 prodeas,
3543 4553 3633 4610 sed
3663 4569 3787 4609 cum
3818 4569 3892 4608 es

2301 4661 2478 4729 ianua:
2526 4657 2788 4714 vestibula
2828 4665 3250 4725 transgressurus
3273 4690 3289 4716 ,
3331 4648 3433 4704 hoc
3471 4647 3612 4717 prius
3652 4645 3897 4715 loquere

2306 4753 2549 4815 verbum,
2595 4749 2924 4806 Abrenuntio
2953 4747 3045 4802 tibi
3071 4787 3086 4810 ,
3117 4755 3300 4799 satana
3329 4783 3344 4805 ,
3372 4749 3425 4795 et
3449 4752 3653 4810 pompa:
3682 4746 3788 4790 tua:
3829 4745 3898 4790 et

2305 4843 2468 4898 cultui
2496 4852 2587 4897 tuo
2608 4883 2625 4909 ,
2656 4851 2712 4897 et
2747 4839 3039 4909 conjungor
3065 4836 3196 4902 tibi,
3224 4833 3456 4889 Christe.
3495 4829 3571 4885 Ne
3616 4843 3899 4897 umquam

2305 4933 2506 5005 absque
2535 4933 2635 4988 hac
2661 4946 2792 4986 voce
2819 4944 2977 4986 exeas
3006 4945 3020 4981 :
3060 4927 3174 4982 haec
3199 4925 3300 4981 erit
3339 4923 3432 4978 tibi
3462 4919 3678 4975 baculus
3702 4960 3718 4983 ,
3762 4919 3902 4972 haec

2305 5014 2572 5083 armatura
2597 5066 2612 5092 ,
2644 5023 2760 5079 haec
2780 5022 2939 5076 turris
2965 5017 3401 5090 inexpugnabilis.
3427 5013 3556 5069 Cum
3587 5011 3692 5065 hoc
3712 5011 3903 5064 verbo

2305 5127 2360 5175 et
2399 5132 2610 5172 crucem
2651 5116 2703 5168 in
2736 5113 2911 5169 fronte
2941 5111 3186 5181 imprime
3215 5126 3227 5161 :
3261 5109 3337 5162 sic
3365 5106 3504 5161 enim
3534 5117 3633 5157 non
3665 5110 3904 5154 tantum

2307 5211 2467 5266 homo
2486 5221 2790 5274 occurrens,
2815 5221 3000 5261 verum
3023 5217 3120 5258 nec
3139 5203 3249 5271 ipse
3265 5198 3502 5254 diabolus
3524 5206 3570 5251 te
3583 5196 3906 5264 quidquam

2307 5303 2503 5359 lardere
2533 5302 2745 5372 poterit,
2776 5314 2895 5354 cum
2926 5298 3009 5351 bis
3035 5305 3087 5350 te
3110 5307 3334 5351 cernens
3358 5291 3516 5345 armis
3547 5288 3738 5356 ubique
3780 5303 3912 5358 ap-

2305 5405 2598 5466 parentem.
2633 5393 2698 5448 Et
2725 5393 2838 5446 haec
2867 5389 3212 5459 teipsumjam
3243 5385 3365 5440 hinc
3391 5383 3538 5447 doce,
3566 5389 3622 5434 ut
3643 5395 3774 5434 eum
3819 5386 3914 5436 si-

2311 5501 2474 5554 gnum
2518 5484 2745 5555 ceperis,
2777 5482 2850 5538 sis
2892 5481 3043 5537 miles
3071 5484 3374 5550 paratus,et
3396 5485 3576 5530 contra
3600 5469 3912 5526 diaboium

2307 5584 2567 5646 tropteum
2622 5575 2829 5642 erigens
2855 5610 2872 5638 ,
2923 5569 3140 5639 iustitia:
3172 5577 3423 5620 coronam
3461 5558 3690 5626 accipias
3720 5570 3920 5646 quam

2314 5678 2412 5720 nos
2462 5679 2647 5720 omnes
2699 5659 2907 5731 assequi
2957 5658 3239 5726 contingat,
3267 5651 3430 5723 gratia
3467 5658 3521 5704 et
3557 5645 3922 5716 benignitate

2308 5755 2516 5812 Domini
2569 5755 2734 5811 nostri
2784 5751 2908 5808 Jcsu
2953 5747 3167 5812 Chrisu,
3203 5759 3321 5800 cum
3367 5757 3470 5813 quo
3521 5738 3662 5793 Patri
3709 5738 3915 5806 gloria

2309 5850 2466 5907 Simul
2485 5859 2536 5906 et
2562 5855 2745 5906 sancto
2775 5842 3006 5916 Spiritui,
3028 5841 3080 5896 in
3109 5837 3297 5896 smcula
3325 5832 3653 5892 smculorum.
3676 5831 3911 5891 Amen.
