4020 6216
422 291 532 351 245

422 412 610 482 πλήρη
656 404 752 461 τδν
798 399 1055 479 κρατῆρα
1088 395 1185 471 τῆς
1237 392 1589 457 διδασκαλίας
1633 387 1833 482 ἰστόις.Δ

421 472 644 573 γὰρ’ὃτι
677 491 817 566 μετὰ
835 472 898 545 τδ
921 489 1101 543 πάντα
1132 485 1296 540 αὑτὸν
1337 484 1571 548 ἐκπιεῖν,
1607 478 1770 573 πάλιν
1800 472 2006 573 διψῶν;

420 561 516 654 τες
550 561 906 657 ἀναχωρεῖτε.
943 579 1051 636 Καὶ
1080 576 1239 633 τοῦτο
1293 574 1452 644 δῆλον
1502 570 1602 643 μὲν
1653 568 1749 624 καί⁵
1795 566 1863 620 ἐκ
1891 561 2005 657 ,τοῦ

425 653 627 742 παντὸς
656 653 875 746 ἐγένετο
894 671 1107 744 χρόνου,
1140 667 1374 741 μάλιστα
1395 663 1454 719 δέ
1487 664 1553 716 ἐκ
1575 661 1677 733 τῆς
1705 653 2009 731 παρελθού-

427 784 527 837 σης
542 764 847 838 Κυριακῆς.
881 760 1006 815 Ὅτι
1055 757 1167 830 γάρ
1213 753 1524 826 άκορέστως
1565 751 1722 838 ὑμεῖς
1754 746 2008 838 μετέχετε

431 834 537 910 τῶν
562 834 723 908 θείων
740 834 960 921 λογίων,
988 847 1173 918 ἐκείνη
1229 843 1463 916 μάλιστα
1509 836 1709 906 ἔδειξεν
1734 838 1770 909 ή
1803 834 2009 908 ἡμέρα,

428 944 487 998 ἐν
578 941 708 1013 περὶ
729 939 825 993 τοῦ
861 938 935 1010 μὴ
959 937 1067 991 δεῖν
1098 934 1284 998 κακῶς
1310 931 1494 1002 λέγειν
1538 926 1803 1018 ἀλλήλους
1839 922 2012 977 διελε-

429 1033 629 1104 γόμην,
663 1031 752 1085 ὅτε
777 1028 873 1084 καὶ
912 1026 1170 1082 ὑπόθεσιν
1213 1025 1343 1095 ύμῖν
1375 1017 1709 1092 κατηγορίας
1751 1017 2013 1104 παρεῖχον

430 1099 869 1189 ἀσφαλεστάτην,
908 1113 1192 1187 παραινῶν
1215 1112 1285 1166 τὰ
1313 1112 1489 1166 οίκεῖα
1518 1106 1896 1179 ἁμαρτήματα
1908 1099 2014 1189 ,λέ-

430 1187 551 1280 γειν
839 1202 977 1258 ἀλλά
1008 1200 1083 1273 μὴ
1126 1199 1198 1254 τὰ
1240 1198 1497 1268 ἀλλότρια
1529 1187 2010 1280 περιεργάζεσθαι·

432 1275 523 1351 δτε
548 1296 674 1359 τοὺς
705 1293 893 1363 ἁγίους
917 1291 1240 1363 παρήγαγον
1275 1284 1485 1340 ἑαυτῶν
1531 1282 1630 1355 μέν
1650 1275 2017 1349 κατηγοροῦν-ι

431 1402 553 1451 τας,
576 1383 688 1438 τῶν
711 1381 770 1437 δὲ
797 1380 971 1436 ἀλλων
1000 1376 1371 1448 φειδομένους·
1402 1372 1494 1430 τὸν
1522 1368 1730 1425 Παῦλον
1759 1367 2013 1435 λέγοντα,

430 1475 514 1528 ὅτι
562 1467 929 1543 Ἀμαρτωλῶν
960 1464 1177 1539 πρῶτός
1201 1465 1317 1535 είμι
1357 1459 1490 1530 ἐγὼ,
1525 1458 1621 1514 καί
1659 1458 1742 1513 ὅτι
1770 1455 2017 1527 βλάσφηο

433 1580 536 1637 μον
562 1564 692 1618 ὄντα
718 1560 814 1616 καὶ
846 1557 1081 1628 διώκτην
1128 1554 1224 1610 καὶ
1252 1550 1514 1626 ὑϐριστὴν
1542 1552 1571 1605 6
1616 1548 1750 1611 Θεὸς
1788 1546 2014 1637 ἠλέησε,

431 1635 529 1709 καὶ
562 1652 823 1724 έκτρωμα
846 1648 1037 1704 ἐαυτὸν
1065 1644 1357 1708 καλοῦντα,
1382 1644 1477 1698 καὶ
1491 1640 1611 1695 ούδέ
1635 1639 1736 1710 τῆς
1763 1636 1871 1724 τῶν
1890 1635 2021 1724 ἀπο-

433 1742 639 1797 στόλων
666 1723 1046 1813 προσηγορίας
1072 1735 1221 1802 ἄξιον
1257 1728 1397 1787 εἶναι
1441 1726 1749 1801 νομίζοντα·
1772 1723 1864 1778 τὸν
1909 1723 2018 1776 Πέ-

429 1848 560 1904 τρον
581 1829 831 1898 λέγοντα·
857 1813 1107 1891 Ἐ’ξελθε
1142 1824 1244 1878 ἀπ’
1271 1819 1417 1892 ἐμοῦ
1448 1817 1538 1873 ὅτι
1565 1814 1723 1904 ἀνὴρ
1750 1814 2018 1885 ἁμαρτω-

397 1903 544 1986 ·λός
576 1920 713 1988 ειμι·
748 1916 840 1970 τὸν
884 1912 1166 1969 Ματθαῖον
1216 1908 1456 1979 τελώνην
1503 1903 1699 1960 ἐαυτὸν
1743 1917 2021 1975 προσαγο·

437 2008 666 2083 ρεύοντα
704 2006 797 2062 καί
825 2007 884 2059 ἐν
924 2002 1002 2075 τῷ
1034 2000 1211 2075 καιρῷ
1251 2000 1354 2071 τῆς
1379 1996 1707 2067 ἀποστολῆς·
1741 1993 1833 2049 τὸν
1860 1991 2021 2083 ᾼαυῖδ

435 2097 649 2169 βοῶντα
706 2097 803 2151 καὶ
855 2094 1107 2164 λέγοντα,
1164 2093 1236 2147 Αἰ
1278 2089 1522 2159 ἀνομίαι
1550 2104 1670 2157 μου
1711 2082 2023 2151 ὐπερῆραν

431 2186 549 2256 τὴν
578 2183 857 2256 κεφαλήν·
899 2198 1042 2254 μου·
1095 2179 1241 2234 ώσεί
1287 2177 1534 2248 φορτίον
1562 2173 1726 2242 ,βαρὺ
1776 2171 2023 2239 ἐϐαρύν-

431 2280 635 2344 θησαν
666 2273 758 2327 ἐπ’
784 2270 907 2342 ἐμέ·
939 2269 1033 2325 κοιλ⁸
1078 2268 1170 2322 τὸν
1210 2267 1439 2321 Ἡσαΐαν
1485 2262 1890 2335 ἀποδυρόμενον
1929 2258 2023 2312 καὶ

433 2363 761 2435 θρηνοῦντα,
811 2361 893 2414 ὅτι
952 2356 1313 2427 Ἀκάθαρτός
1374 2356 1512 2424 ειμι,
1562 2352 1660 2406 καὶ
1716 2348 2023 2416 ἀκάθαρτα

435 2453 613 2521 χείλη
647 2450 785 2521 ἔχω·
840 2448 969 2512 τοὺς
996 2448 1147 2519 τρεῖς
1192 2444 1389 2506 παῖδας
1418 2445 1475 2496 ἐν
1497 2443 1564 2512 τῇ
1604 2436 1819 2509 καμίνῳ
1853 2436 2024 2508 πυρὸς

435 2536 965 2612 ἐξομολογουμένους
1016 2535 1112 2589 καὶ
1166 2533 1447 2603 λέγοντας,
1500 2531 1584 2584 ὅτι
1635 2529 1885 2600 ἥμαρτον
1932 2526 2025 2578 καὶ

433 2629 724 2701 ὴνόμησαν
764 2626 859 2681 καὶ
884 2626 955 2681 τὰ
987 2623 1390 2696 προστάγματα
1427 2617 1525 2673 τοῦ
1553 2616 1689 2671 Θεοῦ
1708 2617 1807 2669 οὐκ
1823 2613 2024 2683 ἐφυλά-

436 2718 599 2782 ξαντο
614 2729 665 2758 ι·
686 2716 779 2770 τὸν
794 2713 992 2786 Δανιὴλ
1007 2713 1069 2767 τὸ
1085 2709 1215 2765 αὐτὸ
1234 2709 1394 2764 τοῦτο
1413 2706 1576 2761 πάλιν
1597 2702 2022 2774 ἀποδυρόμενον.

438 2805 574 2863 Ὅτε
602 2805 742 2879 μετά
797 2804 890 2858 τὸν
931 2802 1041 2858 τῶν
1102 2800 1275 2871 ἁγίων
1323 2796 1625 2864 κατάλογον
1681 2790 1888 2845 τούτων
1930 2788 2029 2879 καὶ

442 2877 615 2969 μυίας
635 2894 871 2948 ἐκάλεσα
910 2891 1040 2954 τοὺς
1083 2886 1446 2959 κατηγόρους,
1487 2884 1584 2937 καὶ
1627 2879 1723 2969 τοῦ
1746 2877 2030 2969 παραδεί-

438 2967 651 3056 γματος
696 2981 914 3035 δικαίαν
959 2979 1238 3050 ἐπήγαγον
1297 2974 1397 3045 τὴν
1442 2970 1644 3036 αἰτίαν,
1697 2967 1911 3056 λέγων,
1936 2967 2030 3056 ,ὅτι

440 3054 694 3145 καθάπερ
729 3072 933 3125 ἐκεῖναι
962 3071 1075 3132 τοῖς
1106 3065 1420 3140 τραύμασιν
1450 3058 1838 3130 ἐγκαθέζονται
1867 3054 2028 3109 ἀλλο·

441 3161 635 3235 τρίοις,
667 3158 812 3215 οὕτω
843 3157 939 3212 καὶ
971 3157 1021 3210 οἰ
1043 3155 1340 3225 κατήγοροι
1364 3150 1432 3205 τά
1466 3147 1722 3220 ἀλλότρια
1735 3145 2032 3235 ,δάκνουσιν

444 3232 844 3322 ἁμαρτήματα,
867 3244 1022 3300 νόσον
1059 3241 1268 3297 ἐκεῖθεν
1292 3242 1405 3303 τοῖς
1449 3233 1864 3307 συγγινομένοις
1900 3232 2032 3286 συλ-

444 3342 720 3412 λέγοντες·
759 3339 854 3394 καὶ
890 3338 1018 3402 τοὺς
1051 3334 1314 3390 τάναντία
1356 3332 1415 3386 δέ
1447 3329 1736 3392 ποιοῦντας
1778 3325 2035 3397 μελίττας

448 3433 881 3507 προσηγόρευον,
912 3431 1034 3503 οὐχὶ
1060 3429 1343 3499 νοσήματα
1374 3422 1734 3493 συναγούσας,
1768 3418 1906 3474 ἀλλά
1937 3435 2037 3507 κηέ-

449 3506 544 3598 ρία
574 3522 931 3597 πηγνυμένας
974 3518 1263 3581 εὐλαϐείας
1307 3514 1593 3587 μεγίστης,
1627 3513 1722 3567 καὶ
1761 3508 1906 3564 οὕτω
1960 3506 2036 3578 τῷ

445 3615 675 3689 λειμῶνι
698 3615 799 3686 τῆς
823 3613 1025 3686 ἀρετῆς
1056 3610 1166 3665 τῶν
1196 3608 1368 3678 ἁγίων
1403 3603 1783 3676 ἐφιπταμένας
1814 3602 1874 3642 δ’
1907 3600 2035 3653 τότε

447 3710 534 3782 δὴ,
565 3709 688 3764 τότε
709 3708 803 3763 τὸν
833 3706 1127 3777 ἀκόρεστον
1154 3701 1308 3773 ὑμῶν
1332 3699 1570 3764 ἐδείξατε
1598 3697 1797 3769 ἔρωτα.
1819 3691 2037 3758 Ἐπειδὴ

450 3799 563 3872 γὰρ
579 3801 660 3862 εἰς
697 3798 871 3869 μῆκος
895 3797 1028 3867 ἡμῖν
1049 3795 1078 3847 6
1103 3793 1261 3862 λόγος
1288 3789 1541 3861 ἐξετάθη,
1571 3789 1664 3842 καί
1694 3786 1867 3857 μῆκος
1883 3783 2041 3837 ἀπει-

458 3907 572 3963 ρον,
607 3889 704 3944 καὶ
733 3890 858 3943 ὅσον
889 3886 1168 3948 οὐδέποτε,
1216 3881 1404 3937 πολλοὶ
1440 3880 1543 3952 μὲν
1592 3877 1938 3951 προσεδόκων
1965 3872 2042 3944 τῷ

454 3980 651 4053 πλήθει
678 3978 787 4033 τῶν
815 3976 1122 4047 λεγομένων
1163 3973 1263 4045 τὴν
1308 3969 1618 4043 προθυμίαν
1646 3968 1775 4038 ὑμῖν
1813 3964 2044 4035 σϐεσθή-

459 4072 671 4132 σεσθαι.
708 4072 956 4141 ἐγίγνετο
989 4068 1048 4123 δέ
1077 4064 1411 4121 τούναντίον·
1461 4061 1660 4133 μᾶλλον
1697 4058 1809 4131 γάρ
1841 4060 1971 4129 ὑμῖν
2010 4058 2044 4127 ή

458 4167 657 4240 καρδία
688 4163 1118 4238 διεθερμαίνετο.
1152 4158 1350 4232 μᾶλλον
1373 4156 1638 4226 ἐξήπτετο
1666 4154 1695 4207 6
1724 4151 1908 4215 πόθος.
1937 4148 2045 4201 Καὶ

460 4260 627 4316 πόθεν
650 4258 810 4329 δῆλον
830 4274 844 4324 ;
879 4255 945 4313 Ol
974 4253 1107 4326 γοῦν
1130 4253 1266 4327 πρὸς
1285 4251 1364 4324 τῷ
1385 4251 1528 4304 τέλει
1554 4246 1841 4318 γενόμενοι
1862 4243 2047 4316 κρότοι

464 4352 686 4424 μείζους
720 4346 882 4422 ἦσαν,
908 4348 1004 4403 καὶ
1047 4345 1426 4418 λαμπρότεραι
1461 4342 1518 4395 αἱ
1560 4339 1697 4410 βοαί·
1726 4337 1823 4392 καὶ
1854 4335 2018 4390 ταυτὺ

466 4442 797 4507 συνέϐαινεν,
833 4435 944 4496 οἷον
968 4440 1062 4493 ἐπὶ
1087 4438 1198 4491 τῶν
1225 4435 1492 4507 καμίνων.
1523 4431 1793 4501 Καθάπερ
1808 4429 1916 4499 γὰρ
1933 4428 2051 4481 ἐκεῖ

466 4532 616 4604 παρά
651 4532 747 4603 μέν
778 4532 879 4602 τὴν
908 4528 1081 4600 ἀρχὴν
1109 4528 1170 4581 ού
1223 4524 1431 4595 σφόδρα
1479 4520 1732 4593 λαμπρόν
1784 4522 1902 4572 ἐστι
1953 4514 2050 4568 τοῦ

467 4623 640 4693 πυρὸς
664 4622 727 4676 τὸ
757 4621 894 4691 φῶς,
947 4615 1168 4671 ἐπειδὰν
1196 4614 1252 4668 δὲ
1296 4613 1550 4667 ἁπάντων
1588 4607 1915 4679 ἐπιλάϐηται
1946 4606 2053 4659 τῶν

468 4713 622 4786 [248]
664 4710 1027 4781 ἐπικειμένων
1078 4706 1248 4772 ξύλων
1280 4708 1313 4776 ή
1347 4702 1502 4774 φλὸξ,
1536 4702 1615 4765 εἰς
1658 4699 1792 4770 ῦψος
1837 4699 2054 4772 αίρεται

474 4806 636 4879 μέγα·
657 4804 808 4860 οὔτω
839 4802 903 4875 δὴ
939 4802 1035 4856 καὶ
1062 4800 1157 4853 ἐπὶ
1186 4799 1285 4869 τῆς
1312 4796 1528 4869 ἡμέρας
1558 4793 1681 4848 τότε
1702 4791 1919 4863 ἐκείνης
1935 4788 2057 4845 τοῦ·

468 4915 531 4954 το
561 4896 781 4968 συνέϐη.
816 4893 976 4966 Παρὰ
1013 4892 1110 4965 μὲν
1160 4889 1259 4961 τὴν
1315 4886 1490 4959 ἀρχὴν
1537 4886 1601 4940 οὐ
1656 4883 1865 4956 σφόδρα
1909 4898 2000 4955 μοι
2028 4882 2058 4936 6

476 4990 734 5059 σύλλογος
771 4983 926 5051 οὗτος
949 4984 1257 5056 ἐκεκίνητο·
1291 4978 1562 5052 ἐπειδὴδὲ
1583 4980 1612 5033 6
1650 4977 1809 5047 λόγος
1841 4976 1922 5039 εἰς
1954 4973 2059 5045 μῆ-

476 5102 570 5149 κος
589 5081 817 5153 ἐξετάθη
848 5081 943 5135 καὶ
961 5078 1176 5133 πάντων
1199 5074 1497 5131 ἐπελάϐετο
1527 5071 1636 5126 τῶν
1659 5066 2058 5139 ὑποκειμένων,

477 5177 572 5232 καὶ
597 5175 800 5230 πλείων
841 5174 875 5245 ἡ
915 5170 1239 5227 διδασκαλία
1281 5167 1615 5238 κατεϐλήθη,
1638 5163 1763 5219 τότε
1812 5161 1899 5233 δὴ,
1940 5159 2062 5213 τότε

478 5267 608 5336 ὑμῖν
634 5263 911 5329 ἐξεκαίετο
930 5262 1030 5333 τῆς
1073 5259 1393 5332 ἀκροάσεως
1423 5258 1456 5328 ή
1478 5253 1767 5325 ἐπιθυμία,
1805 5251 1903 5306 καὶ
1929 5265 2063 5319 σφο-

477 5355 734 5428 δρότερος
774 5354 803 5406 6
846 5351 1039 5428 κρότος
1081 5348 1468 5421 ἐξερῤήγνυτο.
1521 5343 1620 5397 Διά
1648 5340 1827 5405 τοῦτο,
1885 5338 2065 5393 καίτοι

482 5421 689 5504 ἐλάττω
707 5445 812 5500 τῶν
829 5421 1138 5516 εἰρημένων
1152 5436 1669 5507 παρεσκευασμένος
1688 5434 1865 5488 εἰπεῖν
1908 5430 2079 5494 ὑπερ-

548 5623 573 5652 ⁸
594 5626 732 5677 Unns
748 5626 886 5676 (ἴση).
910 5625 1182 5687 ἡμάρτομεν
1200 5622 1282 5673 καὶ
1302 5620 1674 5687 ῂνομήσαμενη.
1699 5614 2003 5687 ἐφυλάξαμεν.

506 5687 741 5794 mlenus
760 5687 904 5738 Colb.
932 5678 1268 5755 ἐφαπτομένας,
1302 5678 1694 5745 υιταίιυοιοειίο
1710 5678 1952 5742 Quadrare
1979 5688 2069 5739 po-

1212 270 1566 333 muorms
1602 269 1749 329 NON
1785 261 2223 326 cnnamum
2258 262 2578 325 annona.
2618 239 2855 322 nam.
2894 263 2940 323 ι.

3578 263 3687 325 166

2112 382 2246 455 έϐην
2271 383 2395 438 τότε
2446 385 2548 457 τὴν
2571 385 2937 456 συμμετρίαν·
2981 384 3182 456 μᾶλλον
3223 383 3280 439 δέ
3305 382 3561 440 οὐδέποτε
3590 388 3691 458 τὴν

2113 476 2457 550 συμμετρίαν
2501 476 2778 549 ὑπερέϐην
2827 475 2957 545 ἐγώ·
2995 476 3094 548 τὴν
3141 476 3250 549 γὰρ
3279 477 3553 545 ποσότητα
3591 476 3692 547 τῆς

2111 569 2460 635 διδασκαλίας
2485 571 2546 624 ού
2580 570 2661 642 τῷ
2708 569 2905 641 πλήθει
2950 569 3060 623 τῶν
3089 568 3421 640 λεγομένων,
3456 567 3593 624 ἀλλὰ
3622 570 3692 641 τῇ

2113 663 2351 718 διαθέσει
2373 664 2484 718 τῶν
2523 674 2547 704 ο
2589 662 2958 735 ἀκροωμένων
3009 664 3228 733 μετρεῖν
3259 662 3322 717 ἃν
3355 662 3591 733 πέφυκα.
3637 662 3696 714 ’0

2118 757 2218 829 μὲν
2245 757 2352 829 γὰρ
2380 756 2713 820 ναυτιῶντας
2741 755 2919 809 λαϐὼν
2946 754 3244 827 ἀκροατὰς,
3291 754 3392 808 κᾶν
3443 753 3697 825 συστείλῃ

2115 847 2216 922 τὴν
2250 849 2622 912 διδασκαλίαν,
2676 849 3029 920 παρενοχλεῖν
3078 847 3242 902 δοκεῖ·
3290 849 3319 901 6
3362 846 3418 899 δέ
3462 847 3698 917 θερμοὺς

2117 942 2214 996 καὶ
2242 941 2702 1014 διεγηγερμένους
2736 941 2834 995 καὶ
2867 941 3157 1012 νήφοντας,
3188 939 3293 993 κᾶν
3319 937 3535 1010 ἐκτείνῃ
3563 937 3699 1009 πρὸς

2121 1033 2313 1105 μῆκος,
2344 1032 2465 1085 ούδέ
2498 1031 2643 1087 οὕτω
2676 1032 2778 1104 τὴν
2804 1031 3103 1103 ἐπιθυμίαν
3129 1030 3488 1104 ἐμπίπλησιν.

2202 1144 2341 1199 Ἀλλ’
2366 1144 2553 1217 ἐπειδὴ
2587 1145 2871 1217 συμϐαίνει
2901 1143 3040 1199 εἷναί
3061 1163 3214 1210 τινας
3249 1146 3342 1199 καί
3367 1146 3616 1208 ἀσθενεῖς
3644 1145 3703 1199 ἐν

2119 1238 2277 1311 δήμῳ
2297 1238 2557 1310 τοσούτῳ,
2583 1239 2979 1303 ἀδυνατοῦντας
3007 1238 3483 1311 παρακολουθῆσαι
3506 1237 3585 1310 τῷ
3604 1238 3723 1309 μή-·

2122 1346 2210 1383 κει
2257 1328 2352 1383 τοῦ
2378 1329 2560 1399 λόγου,
2594 1332 2773 1385 ἐκεῖνο
2818 1332 3016 1394 αὐτοὺς
3054 1330 3383 1402 παραινέσαι
3422 1329 3704 1401 βούλομαι,

2123 1420 2466 1486 ἀκούσαντας
2494 1422 2594 1475 ὅσα
2622 1421 2876 1477 δύνανται
2903 1418 3179 1486 δέξασθαι,
3214 1423 3309 1475 καὶ
3339 1421 3406 1474 τὰ
3431 1421 3707 1490 ἀρκοῦντα

2122 1513 2387 1579 λαϐόντας
2425 1518 2802 1588 ἀναχωρῆσαι·
2853 1515 3027 1580 οὐδεὶς
3067 1517 3095 1569 6
3124 1514 3350 1569 κωλύων
3374 1515 3495 1570 οὒδέ
3522 1514 3709 1585 βιαζό-

2129 1626 2288 1680 μενος
2307 1609 2451 1681 πέρα
2471 1610 2568 1680 τῆς
2598 1609 2806 1674 οἰκείας
2845 1608 3027 1680 μένειν
3056 1608 3358 1680 δυνάμεως·
3399 1608 3491 1662 τὸν
3524 1607 3709 1679 μέντοι

2124 1701 2284 1771 λόγον
2317 1701 2393 1774 μή
2411 1700 2872 1772 ἀναγκαζέτωσαν
2896 1702 3001 1773 πρὸ
3036 1700 3129 1755 τοῦ
3154 1700 3345 1773 καιροῦ
3371 1700 3465 1754 καὶ
3498 1698 3601 1770 τῆς
3627 1699 3711 1752 οῖ-

2127 1795 2285 1859 κείας
2310 1793 2462 1867 ὧρας
2493 1792 2899 1849 συστέλλεσθαι.
2946 1793 3319 1865 Ἐνεπλήσθης
3349 1792 3459 1864 γὰρ
3490 1791 3577 1857 σὺ,
3597 1785 3708 1844 ἀλλ’

2126 1891 2156 1943 6
2179 1890 2407 1960 ἀδελφός
2437 1907 2533 1944 σου
2559 1888 2639 1944 ἐτι
2673 1889 2854 1960 πεινᾷ·
2911 1887 3007 1942 καί
3033 1887 3097 1942 σὺ
3139 1885 3360 1958 μεθύεις
3398 1884 3476 1956 τῷ
3516 1884 3712 1956 πλήθει

2128 1987 2237 2041 τῶν
2283 1984 2611 2058 εἰρημένων,
2642 1984 2758 2038 ἀλλ’
2784 1986 2812 2038 6
2838 1982 3073 2053 ἀδελφός
3119 1999 3213 2035 σου
3255 1980 3337 2034 ἔτι
3369 1979 3519 2051 διψᾷ.
3556 1979 3714 2050 Μήτε

2128 2079 2335 2140 ἐκεῖνος
2399 2075 2732 2147 συντριϐέτω
2793 2092 2889 2128 σου
2956 2074 3057 2145 τὴν
3116 2072 3419 2139 ἀσθένειαν,
3474 2070 3717 2139 ιίιναγκά-⁸

2131 2166 2239 2232 ζων
2261 2165 2430 2220 πλείω
2462 2165 2565 2234 τῆς
2610 2164 2820 2227 οἰκείας
2848 2163 3106 2228 δέξασθαι
3141 2163 3447 2233 δυνάμεως,
3481 2162 3619 2232 μήτε
3648 2161 3714 2215 σὺ

2131 2258 2405 2331 ἐπηρέαζε
2419 2262 2483 2330 τῇ
2517 2258 2724 2311 ἐκείνου
2750 2254 3017 2330 ἐπιθυμία
3047 2255 3273 2310 κωλύων
3300 2254 3468 2323 ἀπαν,
3486 2255 3610 2309 ὅσον
3624 2252 3717 2307 δύ-

2131 2369 2288 2407 ναται
2315 2350 2592 2419 δέξασθαι,
2621 2350 2829 2404 λαϐεῖν.

2205 2477 2271 2549 β’.
2290 2477 2460 2531 Τοῦτο
2489 2476 2583 2531 καὶ
2612 2477 2706 2530 ἐπί
2731 2476 2841 2530 τῶν
2868 2475 3069 2541 ἔξωθεν
3095 2475 3307 2545 γίνεται
3331 2474 3643 2548 τραπεζῶν·
3667 2474 3719 2529 οί

2137 2572 2236 2642 μὲν
2275 2571 2490 2634 θᾶττον,
2521 2571 2570 2622 οἱ
2599 2569 2657 2623 δέ
2691 2568 3023 2640 βραδύτερον
3046 2568 3447 2639 ἐμπίπλανται,
3470 2568 3569 2623 καὶ
3593 2566 3721 2621 οὔτε

2134 2656 2280 2716 οὗτοι
2306 2660 2630 2730 ἐγκαλοῦσιν
2657 2660 2911 2728 ἐκείνοις.
2937 2664 3062 2720 οὔτε
3081 2663 3278 2716 ἐκεῖνοι
3313 2660 3520 2716 τούτων
3547 2678 3721 2716 καταρ-

2134 2752 2516 2824 γινώσκουσιν·
2543 2752 2659 2808 ἀλλ’
2696 2754 2816 2808 ἐκεῖ
2846 2753 2944 2826 μὲν
2961 2751 3027 2808 τδ
3053 2752 3352 2825 ταχύτερον
3394 2754 3723 2825 ἀποστῆναι,

2137 2847 2437 2918 ἐγκώμιον,
2468 2845 2703 2902 ἐνταῦθα
2726 2846 2785 2900 δέ
2824 2846 2887 2900 τὸ
2919 2845 3217 2918 ταχύτερον
3246 2847 3573 2917 ἀποστῆναι,
3601 2847 3727 2919 οὐχὶ

2138 2939 2438 3011 ἐγκώμιον.
2473 2940 2613 2995 ἀλλά
2652 2938 2985 3011 συγγνώμης
3026 2938 3195 3004 ἀξιον·
3230 2941 3348 2992 ἐκεῖ
3374 2939 3437 2993 τὸ
3468 2938 3729 3011 βραδύτε-

2143 3053 2236 3108 ρον
2266 3034 2602 3101 παύσασθαι,
2633 3034 2941 3106 κατηγορία
2993 3033 3088 3087 καί
3125 3031 3353 3104 μέμψις,
3380 3032 3620 3088 ἐνταῦθα
3664 3033 3729 3088 τδ

2143 3127 2471 3200 βραδύτερον
2498 3125 2820 3196 ἀποστῆναι,
2844 3124 3066 3189 ἔπαινος
3086 3125 3181 3178 καὶ
3200 3123 3447 3195 εὐφημία
3471 3124 3727 3194 μεγίστη.

2141 3221 2207 3275 Τί
2225 3221 2457 3291 δήποτε;
2501 3221 2625 3273 Ὅτι
2652 3220 2771 3273 ἐκεῖ
2817 3218 2917 3289 μέν
2943 3217 3002 3283 ἐξ
3031 3216 3372 3287 ἀδδηφαγίας
3394 3218 3428 3288 ή
3459 3214 3730 3287 βραδύτης

2141 3314 2374 3382 γίνεται,
2421 3310 2656 3366 ἐνταῦθα
2681 3310 2738 3363 δέ
2765 3309 2824 3377 ἐξ
2853 3308 3148 3378 ἐπιθυμίας
3198 3307 3575 3379 πνευματικῆς
3635 3307 3732 3361 καὶ

2144 3403 2294 3466 θείας
2308 3402 2589 3474 ὀρέξεωςή
2607 3400 2899 3474 παραμονὴ
2929 3398 3025 3452 καὶ
3046 3400 3079 3469 ἠ
3099 3396 3368 3468 καρτερία
3392 3396 3727 3451 συνίσταται.

2217 3494 2379 3548 Ἀλλά
2411 3494 2520 3546 τῶν
2542 3494 2642 3564 μὲν
2674 3492 2975 3564 προοιμίων
3015 3489 3157 3554 ἅλις·
3181 3490 3341 3560 ἡμεῖς
3358 3488 3414 3542 δέ
3429 3488 3614 3542 λοιπὸν
3639 3489 3733 3543 ἐπὶ

2144 3586 2205 3640 τὸ
2229 3585 2392 3657 χρέος
2446 3586 2625 3638 ἐκεῖνο
2654 3582 3007 3654 βαδιούμεθα,
3052 3582 3190 3654 ὅπερ
3237 3581 3297 3646 ἐξ
3335 3581 3551 3651 ἐκείνης
3602 3582 3734 3651 ἡμῖν

2147 3677 2446 3749 ὑπελείφθη
2478 3678 2579 3749 τῆς
2608 3677 2843 3748 ἡμέρας.
2871 3677 2937 3729 Τί
2957 3671 3051 3730 οὖν
3074 3677 3135 3729 τὸ
3156 3675 3448 3747 λεγόμενον
3467 3675 3592 3729 τότε
3630 3671 3733 3747 ἧνς

2148 3772 2272 3826 Ὀτι
2312 3772 2411 3843 μία
2442 3771 2593 3842 φωνὴ
2646 3771 2811 3824 πᾶσιν
2865 3768 3176 3841 ἀνθρώποις
3225 3765 3316 3840 ἦν,
3359 3767 3612 3837 καθάπερ
3641 3768 3736 3821 καὶ

2151 3862 2313 3933 φύσις
2342 3862 2459 3933 μία,
2479 3860 2573 3915 καὶ
2595 3861 2770 3924 οὐδεὶς
2798 3860 3132 3934 ἐτερόφωνος
3160 3860 3193 3930 ἢ
3218 3858 3617 3931 ἐτερόγλωσσος
3643 3854 3734 3929 ἦν.

2153 3953 2322 4007 Πόθεν
2348 3947 2441 4007 οὖν
2472 3954 2505 4023 ἠ
2537 3950 2779 4022 τοσαύτη
2813 3951 3122 4021 διαφωνίας
3162 3951 3296 4005 ’Δπὸ
3329 3952 3427 4024 τῆς
3464 3951 3739 4024 ῥᾳθυμίας

2150 4042 2260 4096 τῶν
2284 4022 2558 4094 λαϐόντων
2580 4039 2642 4094 τδ
2666 4040 2861 4113 δῶρον·
2886 4040 2991 4095 ἀπε
2999 4058 3030 4111 ρ
3054 4040 3344 4112 ἀμφότερα
3370 4022 3491 4093 τότε
3513 4022 3741 4111 εἰρήκα-

2157 4152 2277 4208 μεν,
2323 4134 2420 4189 καί¹
2447 4133 2536 4189 διά
2556 4134 2654 4206 τῆς
2674 4133 2986 4206 ὁμοφωνίας
3003 4133 3101 4206 τὴν
3124 4133 3219 4189 τοῦ
3258 4132 3531 4187 Δεσπότου
3553 4131 3741 4202 φιλαν-

2155 4227 2401 4300 θρωπίαν
2450 4224 2774 4291 δεικνύντες,
2788 4224 2883 4278 καὶ
2899 4222 2987 4279 διὰ
3006 4223 3100 4295 τῆς
3115 4223 3145 4277 δ
3166 4222 3409 4294 αφωνίας
3448 4223 3547 4295 τὴν
3560 4225 3742 4293 ἀγνω⁴

2158 4318 2402 4392 μοσύνην
2430 4317 2540 4372 τῶν
2565 4333 2815 4372 οικετων.
2869 4318 2914 4372 0
2950 4316 3049 4388 μὲν
3078 4316 3189 4388 γὰρ
3220 4316 3314 4371 καὶ
3343 4314 3634 4386 προειδὼς,
3657 4316 3742 4369 ὅτι

2156 4410 2465 4481 ἀπολοῦμεν
2493 4409 2554 4464 τὸ
2585 4409 2778 4483 δῶρον,
2822 4410 2975 4482 ὅμως
3001 4409 3219 4465 ἔδωκεν·
3255 4412 3305 4464 οἱ
3353 4409 3412 4463 δέ
3444 4411 3745 4479 ἐμπιστευ-

2160 4501 2342 4565 θέντες
2356 4499 2508 4574 [249]
2523 4500 2683 4555 κακοὶ
2714 4502 2841 4573 περί
2861 4499 2959 4573 τὴν
2976 4500 3455 4574 παρακαταθήκην
3473 4500 3744 4569 ἐγένοντο.

2159 4590 2255 4660 Εἷς
2274 4595 2373 4665 μὲν
2403 4591 2499 4649 οὖν
2529 4593 2827 4661 ἀπολογίας
2844 4589 3000 4657 οὗτος
3028 4596 3057 4648 6
3076 4594 3297 4668 τρόπος,
3327 4594 3408 4648 δτι
3439 4593 3538 4663 οὐχ
3560 4594 3588 4646 6
3612 4590 3747 4654 Θεὸς

2117 4731 2120 4735 .
2161 4687 2384 4755 ἐξέϐαλε
2414 4687 2513 4757 τῆς
2538 4686 2772 4757 δωρεᾶς,
2822 4687 2937 4741 ἀλλ’
2961 4689 3124 4758 ἡμεῖς
3162 4687 3529 4755 ἀπωλέσαμεν
3558 4682 3627 4737 τά
3657 4682 3747 4735 δο-

2163 4780 2343 4835 θέντα·
2378 4778 2631 4852 δεύτερος
2651 4780 2709 4834 δὲ
2737 4780 2853 4851 μετ’
2887 4782 3117 4844 ἐκεῖνον,
3133 4780 3217 4834 ὃτι
3236 4779 3455 4849 μείζονα
3476 4776 3586 4831 τῶν
3608 4776 3746 4829 ἀπο-

2163 4873 2410 4929 λωλότων
2450 4874 2521 4927 τά
2564 4872 2788 4928 δοθέντα
2833 4872 3060 4946 ὕστερον
3091 4871 3377 4942 ἐλάϐομεν·
3417 4869 3540 4923 ἀντὶ
3569 4867 3747 4921 πόνων

2166 4966 2516 5039 προσκαίρων
2546 4966 2810 5038 ἐτίμησεν
2834 4964 3039 5036 αἰωνίῳ
3064 4962 3198 5034 ζωῇ,
3223 4962 3345 5015 ἀντὶ
3373 4959 3627 5015 ἀκανθῶν
3654 4959 3750 5012 καὶ

2165 5060 2428 5134 τριϐόλων
2454 5059 2546 5114 τὸν
2581 5061 2797 5133 καρπὸν
2825 5059 2921 5114 τοῦ
2970 5057 3287 5128 Πνεύματος
3314 5056 3371 5108 ἐν
3397 5057 3519 5111 ταῖς
3547 5052 3751 5125 ψυχαῖς

2168 5155 2326 5226 ήμῶν
2395 5155 2697 5226 βλαστῆσαι
2759 5151 3192 5226 παρεσκεύασεν.
3248 5148 3416 5204 Οὐδὲν
3470 5142 3539 5219 ἦν
3595 5147 3751 5200 εὐτε-

2169 5248 2423 5321 λέστερον
2477 5249 2789 5322 άνθρώπου,
2848 5248 2944 5302 καὶ
2997 5245 3152 5300 οὐδὲν
3189 5244 3380 5315 γέγονε
3427 5243 3753 5314 τιμιώτερον

2170 5336 2481 5408 ἀνθρώπου.
2507 5338 2581 5391 T6
2606 5337 2834 5409 ἔσχατον
2864 5337 3030 5408 μέρος
3062 5336 3163 5407 τῆς
3198 5333 3425 5405 λογικῆς
3459 5332 3689 5395 κτίσεως
3724 5327 3754 5371 ἀ

2171 5422 2327 5495 οὗτος
2350 5424 2419 5484 ὗν
2438 5446 2451 5460 ·
2476 5429 2591 5484 ἀλλ’
2625 5430 2675 5483 οἱ
2709 5429 2868 5492 πόδες
2894 5428 3142 5499 ἐγένοντο
3169 5425 3402 5499 κεφαλὴ,
3430 5424 3527 5481 καὶ
3554 5425 3633 5488 εἰς
3664 5420 3756 5476 τὸν

2239 5608 2502 5673 €Colberg.
2526 5621 2657 5673 gnua
2679 5606 3131 5673 ἀλλὰτῇπροθυμίᾳ
3146 5608 3296 5673 τῶν.-
3366 5663 3396 5673 __
3445 5664 3457 5673 _
3522 5669 3531 5673 Α
3608 5667 3619 5673 Δ
3706 5656 3717 5673 ε

2238 5670 2264 5711 ἀ
2304 5673 2439 5723 Unus
2460 5671 2597 5735 Call),
2642 5671 2835 5733 λογικῆς
2855 5663 3057 5735 ᾧύσιωςξ
3079 5663 3133 5721 εἰ
3157 5672 3230 5720 sic
3264 5663 3417 5719 Savil.
3444 5664 3493 5715 in
3519 5667 3680 5724 tum,
3703 5663 3752 5709 in

2178 5748 2331 5799 marg.
2363 5745 2479 5782 vero
2503 5733 2720 5790 κτίσεως.
