4036 6206
404 200 509 258 2-19

404 331 498 370 res
525 314 612 372 isti
653 313 878 372 fuissent
903 355 918 383 ,
956 329 1062 388 quo
1097 331 1202 372 non
1229 318 1464 388 seipsum
1493 317 1815 388 pratcipitem
1841 316 1986 388 egis-

405 415 488 460 set
515 406 540 459 r

477 493 602 550 Era
629 496 822 568 profuit
847 505 990 550 extra
1019 497 1314 567 paradisum
1340 496 1588 566 fuisse.—-
1612 494 1704 552 Vis
1732 497 1890 552 etiam
1920 510 1989 550 ex

405 588 591 644 matris
619 587 778 658 hujus
803 590 1050 658 exemplo
1073 589 1300 655 discere,
1323 599 1578 660 quantum
1601 590 1796 644 bonum
1821 588 1988 644 exsti-

405 681 528 734 terit
555 695 586 736 a
613 681 842 751 paradisi
871 682 1194 738 habitatione
1213 683 1514 738 excidisse?
1541 682 1790 738 Scrutare
1817 681 1988 751 qualis

402 783 560 828 antea
603 781 750 830 esset
787 774 938 838 Eva,
987 783 1041 828 et
1090 774 1262 842 qualis
1301 785 1485 843 postea
1529 775 1778 829 evaserit.
1821 777 1988 828 Antea

403 864 618 933 quidem
662 866 998 935 deccptorem
1043 866 1332 932 diabolum,
1381 867 1668 936 malignum
1713 864 1990 921 illumdaa

403 971 617 1012 nionem
667 956 772 1012 fide
817 958 1108 1026 digniorem
1161 959 1250 1014 Dei
1291 959 1554 1014 mandatis
1571 958 1909 1020 existimavit,
1939 967 1988 1010 et

403 1050 522 1103 solo
567 1051 773 1104 arboris
811 1061 1026 1118 aSpectu
1051 1052 1224 1108 illecta
1269 1053 1424 1106 latam
1455 1053 1522 1107 ab
1551 1053 1644 1106 illo
1673 1053 1842 1120 legem
1871 1051 1986 1106 vio-

407 1139 538 1196 lavit
575 1157 591 1206 ;
633 1151 912 1212 postquam
956 1152 1134 1197 autem
1181 1144 1380 1198 excidit
1409 1143 1674 1213 paradiso,
1703 1159 1808 1212 quo
1836 1151 1988 1212 pacto

405 1235 598 1290 melior
635 1250 700 1290 ac
745 1236 1035 1292 modestior
1063 1236 1132 1290 sit
1175 1237 1328 1302 facta,
1359 1236 1658 1292 considera.
1688 1236 1820 1290 Cum
1847 1236 1988 1290 enim

404 1324 568 1380 filium
617 1335 760 1380 esset
814 1327 1000 1392 enixa,
1054 1327 1306 1394 Pouedi,
1362 1328 1549 1398 inquit,
1603 1327 1852 1381 hominem
1899 1343 1992 1396 per

403 1415 574 1473 Deum
615 1417 770 1486 (Gen.
800 1421 857 1475 4.
887 1421 964 1490 1).
997 1421 1076 1476 Ad
1111 1421 1392 1475 Dominum
1431 1419 1714 1476 confestim
1755 1419 1990 1490 confugit

401 1523 484 1572 ea,
515 1524 636 1578 qua:
668 1509 946 1564 Dominum
989 1522 1114 1566 ante
1149 1520 1564 1580 contempserat,
1597 1527 1767 1580 neque
1787 1520 1988 1566 natura:

401 1612 516 1652 rem
543 1600 818 1666 adscribit,
861 1615 1033 1672 neque
1074 1603 1394 1657 matrimonii
1433 1603 1638 1672 legibus
1668 1613 1874 1671 partum
1902 1616 1989 1656 ac-

399 1699 612 1760 ceptum
655 1691 785 1756 fert;
823 1694 918 1748 sed
967 1705 1170 1750 natura:
1210 1695 1492 1750 Dominum
1537 1697 1795 1766 agnoscit,
1832 1697 1988 1766 eique

401 1793 528 1836 nato
551 1783 658 1851 jam
689 1785 796 1840 lilio
825 1788 1022 1855 gratias
1047 1788 1190 1858 agit:
1215 1805 1440 1858 quaeque
1468 1791 1712 1844 maritum
1743 1799 1894 1844 antea
1931 1789 1985 1844 in

405 1871 642 1928 fraudem
673 1873 930 1940 illexerat,
957 1877 1119 1930 ﬁlium
1143 1878 1302 1932 etiam
1331 1879 1579 1945 erudivit,
1607 1881 1761 1951 eique
1791 1895 1987 1936 nomen

401 1965 672 2035 imposuit,
723 1983 752 2021 a
801 1983 906 2038 quo
943 1969 1012 2024 de
1049 1969 1144 2024 Dei
1186 1986 1406 2026 munere
1452 1983 1632 2042 posset
1673 1975 1986 2030 admoneri:

401 2073 624 2127 cumque
675 2059 902 2115 alterum
953 2078 1142 2117 rursus
1190 2065 1506 2133 peperisset,
1550 2067 1662 2121 ait:
1711 2067 1989 2122 Suscitauit

401 2150 526 2202 mihi
557 2149 692 2204 Deus
717 2169 882 2206 semen
909 2169 1002 2222 pro
1027 2155 1171 2220 Abel,
1205 2171 1352 2226 quem
1378 2157 1558 2211 occidit
1589 2155 1714 2212 Cain
1747 2157 1897 2226 (Gen.
1929 2159 1983 2214 4.

397 2241 510 2311 25).
559 2243 887 2298 Calamitatis
935 2246 1265 2314 recordatur,
1314 2263 1486 2318 neque
1513 2249 1612 2304 fert
1653 2250 1990 2320 impatienter

400 2334 610 2398 mulier,
637 2335 729 2390 sed
763 2337 952 2392 iterum
981 2339 1090 2392 Deo
1115 2341 1312 2410 gratias
1336 2340 1460 2409 agit,
1485 2355 1548 2396 ac
1573 2342 1682 2396 filio
1708 2357 1900 2396 nomen
1921 2357 1988 2398 ex

399 2439 620 2480 munere
664 2425 844 2481 divino
885 2429 1130 2498 imponit,
1179 2431 1335 2500 eique
1381 2441 1688 2502 perpetuam
1731 2433 1989 2488 doctrina:

399 2516 732 2571 occasionem
779 2519 998 2586 przebet.
1041 2520 1139 2586 Ita,
1182 2519 1307 2574 dum
1357 2522 1517 2576 etiam
1561 2523 1798 2588 abstulit,
1847 2523 1988 2580 Deus

400 2607 604 2676 majora
629 2609 763 2661 bona
789 2609 1010 2678 largitus
1026 2619 1128 2665 est.
1155 2611 1410 2665 ParadiSo
1433 2613 1631 2668 excidit
1651 2614 1858 2678 mulier.
1891 2613 1986 2670 sed

399 2697 464 2750 ad
499 2697 590 2750 Dei
613 2698 966 2765 cognitionem
995 2699 1091 2753 hac
1120 2699 1380 2769 ejectione
1404 2702 1632 2758 deducta
1657 2713 1774 2758 est:
1809 2705 1987 2775 itaque

399 2789 520 2858 plus
546 2790 768 2855 invenit,
806 2806 962 2860 quam
1006 2791 1254 2862 perdidit.
1291 2793 1442 2860 Quod
1471 2795 1514 2848 si
1546 2795 1674 2850 utile
1702 2805 1816 2850 erat
1839 2797 1986 2852 exci-

399 2880 529 2934 dere
579 2882 844 2949 paradiso,
893 2884 1044 2952 cujus
1087 2885 1162 2938 rei
1204 2886 1370 2954 gratia
1401 2887 1700 2956 paradisum
1743 2889 1811 2943 ab
1835 2888 1988 2946 initio

401 2971 546 3027 dedit
566 2973 742 3028 Deus?
769 2975 981 3030 Utiliter
1002 2976 1102 3032 hoc
1123 2976 1316 3032 factum
1339 2989 1440 3040 est,
1470 2980 1542 3034 mi
1568 2982 1746 3048 homo,
1771 2994 1988 3054 propter

401 3065 775 3135 negligentiam
818 3076 1052 3121 nostram
1095 3087 1108 3120 :
1161 3071 1338 3136 itaque
1369 3073 1410 3124 si
1449 3073 1547 3127 sibi
1592 3075 1858 3131 cavissent
1886 3077 1984 3145 illi,

399 3172 462 3211 ac
491 3157 770 3211 Dominum
791 3161 1210 3228 agnovissent,et
1235 3163 1395 3216 sobrii
1419 3164 1640 3218 fuissent
1661 3181 1721 3220 ac
1737 3167 1986 3238 modesti,

403 3253 818 3320 permansissent
845 3255 894 3308 in
919 3254 1149 3321 honore;
1182 3273 1302 3312 cum
1330 3269 1504 3313 autem
1523 3259 1704 3314 datum
1736 3262 1832 3316 sibi
1867 3279 1987 3318 mu-

403 3359 502 3396 nus
551 3344 836 3414 ignominia
883 3346 1205 3411 effecissent,
1255 3359 1377 3404 tunc
1422 3351 1549 3405 utile
1595 3351 1708 3408 fuit.
1745 3363 1800 3408 ut
1824 3354 1988 3422 ejice-

401 3445 603 3490 rentur.
643 3435 749 3492 Cur
789 3438 946 3506 igitur
993 3439 1122 3494 illud
1171 3441 1320 3495 initio
1361 3441 1506 3497 dedit
1543 3445 1714 3499 Deus?
1747 3446 1812 3502 Ut
1838 3461 1988 3506 suam

403 3527 708 3582 ostenderet
737 3529 1138 3600 benignitatem,
1168 3547 1333 3604 seque
1363 3547 1600 3604 paratum
1628 3553 1839 3608 semper
1867 3553 1988 3594 esse

403 3639 500 3678 nos
526 3623 591 3678 ad
631 3626 860 3691 majores
909 3626 1140 3682 h0nores
1187 3633 1508 3698 proi‘ehere;
1539 3647 1636 3687 nos
1671 3649 1798 3687 vero
1835 3634 1988 3689 nobis

402 3715 598 3786 ubique
643 3731 915 3784 pmnarum
961 3727 1014 3772 et
1053 3720 1428 3788 suppliciorum
1477 3732 1723 3778 auctores
1771 3739 1985 3791 sumus,

403 3809 526 3864 dum
577 3825 674 3862 nos
717 3811 861 3877 ipsos
910 3819 1090 3864 nostra
1139 3811 1380 3866 socordia
1431 3813 1618 3879 bonis,
1670 3831 1790 3882 qua:
1835 3815 1989 3872 nobis

407 3899 612 3953 fuerant
639 3915 913 3962 concessa,
943 3901 1231 3969 privamus.
1263 3901 1324 3956 Ut
1357 3903 1514 3972 igitur
1537 3904 1814 3974 indulgens
1841 3917 1990 3976 pater

406 3991 556 4046 initio
581 3991 792 4061 quidem
827 3993 986 4044 lilium
1017 4007 1170 4047 suum
1215 3993 1358 4048 domi
1403 4010 1619 4050 manere
1661 3997 1786 4050 sinit
1813 4007 1866 4052 et
1893 4013 1988 4067 pa-

408 4083 572 4137 ternis
612 4083 858 4138 omuibus
905 4084 1002 4136 frui
1047 4084 1230 4144 bonis;
1282 4093 1560 4154 postquam
1617 4095 1794 4140 autem
1841 4086 1989 4141 illum

406 4173 598 4227 viderit
623 4174 720 4226 hoc
748 4173 951 4228 honore
977 4173 1140 4230 fuisse
1167 4175 1536 4243 depravatum,
1564 4185 1712 4230 arcet
1731 4192 1760 4230 a
1784 4192 1987 4244 mensa,

407 4279 470 4318 ac
493 4265 645 4331 longe
671 4280 700 4317 a
725 4278 1011 4334 CttliSpCClll
1040 4283 1137 4320 suo
1166 4267 1412 4326 collocat.
1437 4281 1806 4333 Smpenuniero
1831 4269 1990 4324 etiam

410 4369 476 4408 ex
507 4353 636 4422 ipsis
667 4357 900 4422 paternis
929 4357 1129 4409 sedibus
1155 4357 1318 4424 ejicit,
1353 4367 1406 4410 ut
1431 4357 1532 4410 illis
1559 4359 1792 4426 privatus
1816 4367 1869 4414 et
1891 4359 1992 4414 hac

406 4444 726 4500 couttunelia
761 4453 814 4497 et
851 4431 1112 4500 dedecore
1151 4448 1339 4502 melior
1365 4447 1603 4514 effectus,
1632 4449 1846 4520 dignum
1867 4451 1990 4506 red-

407 4538 486 4594 itu
518 4535 748 4606 seipsum
773 4551 958 4590 rursus
992 4538 1206 4602 efficiat,
1236 4555 1300 4593 ac
1349 4549 1619 4610 paternam
1672 4544 1846 4612 capiat
1875 4543 1985 4596 hm-

409 4631 686 4686 reditatem
715 4649 728 4685 :
763 4628 832 4684 ita
857 4644 1064 4700 quoque
1091 4629 1216 4686 fecit
1251 4631 1408 4688 Deus.
1443 4633 1750 4688 Paradisnm
1791 4635 1992 4691 homini

407 4722 555 4776 dedit
575 4741 586 4774 :
606 4737 726 4776 cum
753 4738 811 4777 se
834 4723 1110 4798 indignum
1140 4724 1480 4792 ostendisset,
1500 4727 1675 4795 ejecit,
1697 4737 1756 4782 ut
1774 4740 1990 4784 externa

409 4811 496 4868 illa
529 4811 856 4868 habitatione
901 4815 1294 4885 ignominiaque
1319 4817 1508 4872 melior
1534 4817 1750 4875 allectus
1784 4835 1848 4875 ac
1875 4836 1990 4876 mo-

409 4903 648 4967 destior,
699 4905 888 4974 dignus
935 4905 1112 4960 reditu
1161 4917 1459 4976 appareret.
1513 4909 1770 4975 Quoniam
1833 4911 1994 4980 igitur

413 5003 594 5060 postea
622 4995 938 5063 resipucrat,
965 5007 1178 5051 revocat
1207 4998 1350 5052 illum
1385 5015 1586 5062 rursus,
1616 5013 1668 5056 ct
1693 5007 1798 5056 ait:
1829 5003 1995 5057 Hodie

411 5102 602 5140 necum
632 5092 727 5144 eris
751 5091 802 5143 in
839 5091 1074 5160 paradiso
1101 5091 1346 5164 (Luc.25.
1379 5095 1489 5162 45).
1525 5095 1684 5150 Vides
1713 5111 1815 5150 non
1851 5097 1993 5166 qttod

415 5179 620 5236 dederit
677 5183 1005 5249 paradisum.
1063 5184 1158 5238 sed
1211 5185 1350 5254 quod
1403 5185 1622 5256 ejeccrit
1663 5202 1696 5242 e
1748 5189 1994 5256 paradiso

413 5271 658 5325 maxims:
692 5289 832 5326 cura:
877 5277 1146 5344 sjiecimen
1193 5278 1497 5332 exstitisse?
1537 5278 1636 5332 nisi
1670 5279 1810 5332 enim
1843 5294 1995 5350 para-

411 5365 530 5419 diso
569 5365 872 5434 excidisset,
913 5371 1158 5437 paradiso
1207 5371 1398 5442 dignus
1441 5387 1628 5428 rursus
1675 5388 1784 5428 non
1825 5389 1991 5444 appa-

413 5457 628 5512 ruisset.

484 5549 538 5602 4.
581 5549 730 5604 llunc
773 5549 932 5620 igitur
971 5566 1273 5609 sermonem
1317 5567 1575 5628 perpetuo
1617 5558 1871 5614 memoria
1917 5565 1996 5612 te-

415 5657 658 5711 neamus,
702 5641 844 5700 hunc
889 5652 942 5700 et
985 5644 1038 5701 in
1069 5658 1381 5717 argumento
1423 5649 1718 5721 proposito,
1748 5651 1793 5708 si
1823 5651 1988 5720 lubet,

1105 200 1162 258 S.
1201 201 1476 261 JOANNIS
1513 203 1992 260 CllRYSOSTOMI
2035 204 2347 260 ARClllEP.
2389 209 2926 267 CONSTANTINOP.
3533 207 3619 265 250

2102 317 2440 374 ventilemus.
2491 316 2838 374 Communem
2891 316 3138 372 omnibus
3198 316 3420 388 linguam
3467 319 3621 379 dedit:

2095 409 2196 465 hoc
2221 409 2336 478 ejus
2369 409 2465 464 fuit
2487 409 2848 480 benignitatis.
2895 407 3009 462 Non
3053 413 3134 462 usi
3180 418 3301 464 sunt
3341 409 3410 466 illi
3433 410 3554 466 dono
3577 423 3622 468 ut

2093 516 2228 571 opus
2251 501 2362 566 fuit,
2393 499 2487 556 sed
2515 500 2567 554 in
2593 509 2881 556 extremam
2907 498 3229 554 dementiam
3257 508 3378 555 sunt
3401 503 3621 572 prolapsi;

2091 595 2236 663 quod
2283 594 2465 648 datum
2515 594 2704 658 fuerat,
2751 607 2936 647 rursus
2980 591 3216 647 abstulit.
3263 592 3320 648 Si
3359 595 3490 648 enim
3511 596 3625 665 quod

2093 701 2251 740 unam
2283 685 2514 754 linguam
2552 682 2830 749 haberent,
2863 684 2915 736 in
2945 691 3142 737 tantam
3181 683 3430 738 insaniam
3457 685 3626 742 incide-

2093 785 2240 842 runt,
2274 785 2330 830 ut
2359 775 2543 829 turrim
2573 775 2638 828 ad
2659 774 2819 829 caelos
2847 789 3013 842 usque
3040 775 3382 844 pertinentem
3403 776 3628 831 mdilicaro

2091 866 2324 932 Vellent,
2371 865 2473 918 nisi
2514 864 2692 919 statim
2745 865 2910 934 puniti
2956 865 3215 930 fuissent,
3271 881 3440 921 nonne
3485 867 3626 936 ipsum

2091 977 2304 1032 quoque
2371 961 2622 1016 caelorum
2691 959 2956 1029 fastigium
3001 974 3260 1028 occupare
3311 961 3627 1030 cupivisseut?

2091 1054 2236 1108 Licet
2282 1054 2422 1108 enim
2469 1051 2574 1106 illis
2615 1061 2756 1106 esset
2801 1050 3142 1120 impOssibile,
3195 1061 3365 1105 tamen
3415 1051 3455 1105 si
3494 1051 3627 1106 animi

2091 1151 2304 1212 spectes
2325 1143 2672 1213 propositum,
2703 1143 2879 1196 scelus
2912 1142 3036 1196 illud
3071 1143 3286 1212 impittm
3317 1141 3624 1196 admiserunt.

2091 1235 2224 1302 Qua:
2269 1235 2444 1289 omnia
2489 1249 2611 1289 eum
2673 1233 3002 1304 praevidisset
3049 1233 3204 1293 Deus.
3249 1232 3628 1304 quandoquidem

2093 1329 2284 1398 “:thth
2325 1326 2608 1382 concordia
2657 1342 2764 1380 non
2795 1333 2852 1380 ut
2893 1325 3126 1396 oportuit
3149 1325 3230 1380 usi
3258 1332 3420 1380 erant.
3445 1325 3630 1380 dissidio

2093 1422 2412 1492 linguarum,
2444 1430 2500 1476 ut
2527 1421 2779 1490 oportuit,
2814 1419 2934 1474 illos
2957 1419 3161 1473 dividit.
3185 1418 3404 1474 Aemilii
3429 1407 3628 1472 cleman

2095 1515 2220 1568 tiam
2271 1513 2435 1583 ipsius
2465 1514 2620 1567 velim
2673 1511 3000 1568 consideres.
3031 1509 3185 1576 Ecce,
3237 1509 3420 1579 inquit,
3448 1525 3532 1564 eos
3549 1525 3630 1562 una

2100 1605 2356 1668 omnibus,
2387 1613 2434 1658 et
2463 1605 2560 1657 hoc
2585 1603 2750 1672 facere
2775 1610 3027 1672 creperum
3051 1599 3201 1672 (Gen.
3237 1601 3321 1655 ll.
3349 1598 3419 1672 6).

2163 1694 2264 1750 Cur
2310 1711 2410 1748 non
2449 1693 2688 1748 acciderit
2724 1693 2872 1747 citius
2895 1692 3072 1745 divisio
3100 1692 3472 1762 linguarum.—
3491 1687 3628 1755 Quam

2093 1788 2162 1842 ob
2190 1803 2403 1842 causam
2447 1801 2554 1840 non
2599 1787 2776 1840 statim
2805 1801 2871 1840 eo
2909 1785 3142 1849 devenit,
3167 1795 3228 1838 ut
3265 1785 3478 1852 linguam
3519 1782 3629 1836 divi-

2093 1879 2266 1945 deret,
2295 1879 2386 1934 sed
2418 1879 2565 1950 prius
2603 1893 2662 1932 se
2697 1886 2938 1942 excusat,
2971 1877 3123 1947 quasi
3149 1876 3204 1931 in
3235 1875 3426 1946 judicio
3451 1888 3627 1927 causam

2093 1973 2370 2049 dicturus:
2417 1971 2628 2027 tametsi
2659 1985 2815 2026 nemo
2846 1969 2918 2024 illi
2941 1969 3178 2024 dicturus
3212 1977 3294 2024 est
3325 1965 3488 2035 :Quid
3521 1964 3628 2020 feci-

2093 2065 2160 2120 sti
2191 2063 2332 2118 ?sed
2359 2063 2410 2118 in
2439 2070 2701 2132 potestate
2729 2062 2886 2116 situm
2917 2068 2996 2115 est
3028 2060 3217 2129 ipsius,
3248 2067 3306 2112 ut
3325 2068 3514 2121 cuncta,
3536 2069 3630 2125 qua:

2093 2154 2340 2220 voluerit,
2395 2152 2569 2207 faciat.
2617 2153 2866 2207 Attamen
2913 2151 3064 2221 quasi
3091 2149 3350 2203 rationem
3379 2145 3631 2201 redditurus

2093 2247 2162 2301 ita
2191 2246 2582 2301 excusationem
2604 2258 2667 2298 ac
2691 2241 3054 2298 defensionem
3086 2241 3334 2306 instituit,
3362 2247 3414 2294 ut
3449 2252 3532 2292 nos
3551 2237 3630 2291 do-

2093 2349 2210 2394 reat
2235 2337 2614 2392 humanitatem
2663 2345 2717 2391 et
2757 2335 3094 2390 clementiam
3139 2347 3408 2388 exercere.
3451 2329 3564 2384 Nam
3593 2327 3628 2381 si

2094 2433 2349 2488 Dominus
2363 2431 2532 2486 servis
2558 2445 2616 2485 se
2638 2437 2858 2484 excusat
2876 2435 3035 2496 atque
3055 2426 3159 2480 illis
3181 2425 3272 2496 qui
3291 2423 3466 2494 injuria
3489 2422 3627 2491 ipsum

2092 2527 2376 2582 affecerant
2403 2543 2417 2580 :
2449 2524 2616 2579 multo
2662 2523 2830 2594 magis
2875 2537 2976 2576 nos
3005 2529 3194 2575 mutuo
3224 2533 3464 2575 excusare
3499 2529 3628 2584 opor-

2091 2627 2186 2682 tet,
2237 2619 2362 2672 licet
2406 2616 2492 2672 vel
2527 2616 2755 2670 maxima
2803 2614 3060 2669 fuerimus
3107 2613 3300 2682 injuria
3340 2610 3460 2665 Ιωεί.
3505 2605 3628 2669 Vide,

2091 2724 2292 2782 qnmso,
2335 2722 2441 2778 quo
2487 2717 2642 2777 pacto
2666 2721 2726 2762 se
2759 2714 2975 2760 excuset
3004 2723 3020 2758 :
3053 2703 3184 2757 Ecce
3223 2703 3402 2757 fabium
3443 2713 3572 2752 unum
3593 2705 3630 2749 ct

2091 2819 2192 2858 eoa:
2236 2819 2340 2856 una
2385 2801 2649 2866 omnibus,
2707 2799 2899 2869 inquit,
2959 2807 3006 2851 et
3057 2799 3153 2852 hoc
3217 2799 3376 2868 facere
3421 2795 3630 2860 ceperunt

2093 2894 2300 2966 (Ibid.).
2339 2893 2496 2962 Quasi
2543 2893 2782 2948 diceret:
2811 2889 2980 2944 Nemo
3021 2888 3150 2942 mihi
3195 2887 3321 2940 vitio
3347 2892 3498 2939 vertat
3533 2881 3630 2946 ista,

2092 3002 2211 3042 cum
2233 2986 2454 3040 divisam
2479 2984 2711 3054 linguam
2736 2982 2946 3044 viderit,
2978 2993 3134 3034 nemo
3155 2977 3501 3032 diversitatem
3519 2971 3628 3024 hanc

2093 3079 2388 3148 linguarum
2419 3077 2486 3130 ab
2513 3074 2662 3129 initio
2705 3073 2868 3128 fuisse
2916 3072 3168 3125 insertam
3209 3065 3490 3122 hominibus
3518 3058 3630 3148 arbif

2094 3147 2282 3225 treﬁtur.
2317 3169 2450 3222 Ecce
2493 3167 2682 3220 fabium
2723 3181 2882 3220 unum
2921 3172 2968 3216 et
3013 3177 3111 3216 vox
3150 3177 3260 3214 una
3287 3155 3528 3213 omnibus:
3555 3147 3630 3204 sed

2093 3277 2198 3317 non
2248 3261 2329 3315 usi
2374 3267 2498 3315 sunt
2543 3257 2705 3320 dono.
2749 3266 2806 3310 ut
2853 3255 3106 3325 oportuit.
3137 3254 3316 3323 Atque
3339 3261 3391 3306 ut
3417 3245 3632 3312 intelligas

2093 3371 2212 3410 eum
2243 3369 2349 3408 non
2377 3361 2482 3407 tam
2509 3350 2650 3420 quod
2677 3348 2873 3404 factum
2914 3347 3084 3402 fuerat
3109 3345 3322 3414 punire,
3353 3355 3492 3412 quam
3517 3331 3629 3406 quod

2093 3447 2323 3502 futurum
2368 3453 2483 3500 erat
2525 3441 2719 3514 praevia
2761 3439 3005 3494 cautione
3051 3437 3342 3505 corrigere,
3389 3429 3496 3484 audi
3529 3423 3628 3494 quid

2091 3539 2340 3608 adjungat
2368 3555 2381 3590 :
2415 3535 2480 3589 Et
2523 3550 2655 3588 nunc
2699 3549 2796 3586 non
2827 3529 3060 3598 deﬁcient
3087 3527 3150 3580 ab
3195 3527 3298 3579 illis
3321 3522 3493 3585 omnia,
3515 3529 3628 3588 qua-

2093 3647 2304 3699 cumque
2327 3627 2493 3682 conati
2520 3626 2706 3698 fuerint
2741 3627 2904 3692 facere
2927 3621 3080 3692 (Gen.
3113 3621 3228 3686 ll).
3259 3617 3445 3672 Horum
3487 3619 3627 3664 autent

2092 3722 2374 3776 verborum
2419 3718 2532 3772 ham
2578 3725 2662 3771 est
2704 3713 2962 3769 sententia
2995 3729 3009 3766 :
3039 3711 3138 3763 nisi
3167 3710 3272 3780 jam
3299 3717 3472 3777 pinnas
3509 3699 3625 3760 dent,

2094 3823 2149 3868 et
2177 3813 2242 3866 ab
2271 3813 2382 3882 ipsa
2407 3815 2744 3879 peccatorum
2777 3805 2954 3860 radice
2981 3802 3338 3862 refrem-ntur,
3364 3787 3629 3882 nullumifa-

2093 3905 2234 3959 cient
2267 3881 2422 3956 finem
2455 3899 2658 3954 scelera
2686 3894 3044 3966 perpetrandi.
3069 3892 3184 3947 Hoc
3205 3891 3343 3945 enim
3363 3886 3456 3942 sibi
3481 3881 3630 3936 volunt

2095 3996 2182 4048 illa
2231 3991 2432 4046 verba:
2469 3988 2589 4044 Non
2634 3988 2864 4056 deficient
2889 3987 2952 4040 ab
3001 3984 3103 4038 illis
3129 3983 3318 4046 omnia,
3357 3983 3632 4049 quaecumque

2095 4087 2259 4140 conati
2289 4085 2474 4156 fuerint
2514 4085 2697 4154 facere.
2726 4079 2885 4147 Quasi
2926 4078 3164 4132 diceret:
3197 4075 3309 4130 Alia
3332 4082 3520 4143 quoque
3541 4077 3632 4156 uta-—

2091 4177 2205 4246 jora
2250 4153 2450 4229 scelera
2481 4153 2748 4241 adjicient.
2779 4169 2922 4225 Talis
2949 4169 3089 4224 enim
3119 4183 3208 4222 res
3247 4175 3326 4222 est
3365 4161 3539 4218 malitia
3563 4175 3573 4210 ε
3597 4153 3632 4208 εἰ

2095 4287 2210 4327 cum
2245 4269 2470 4339 primum
2515 4268 2720 4321 initium
2758 4265 2989 4330 duxerit,
3033 4278 3138 4316 non
3177 4261 3492 4317 cohibeatur,
3518 4261 3630 4306 tam-

2096 4377 2250 4430 quam
2285 4360 2418 4429 ignis
2458 4356 2604 4412 arida
2641 4357 2780 4425 ligna
2819 4353 3150 4422 corripiens”
3179 4353 3256 4407 sic
3288 4352 3337 4406 in
3363 4350 3631 4430 immensam

2096 4429 2323 4519 assurgit
2347 4449 2698 4504 altitudinem.
2728 4445 2891 4501 Vides
2929 4445 3029 4500 hoc
3071 4445 3242 4512 ipsum
3283 4452 3478 4511 quoque
3505 4429 3632 4488 heni-

2095 4543 2308 4612 gnitatis
2355 4539 2516 4594 fuisse
2561 4553 2665 4592 non
2715 4537 3018 4601 mediocris,
3065 4534 3205 4602 quod
3249 4533 3488 4587 unitatem
3513 4519 3632 4612 vocis

2095 4610 2409 4690 abstulerit?
2439 4631 2720 4686 Dissidium
2743 4631 2935 4699 quippe
2961 4629 3255 4698 linguarum
3277 4621 3481 4682 invexit,
3509 4628 3564 4668 ne
3589 4610 3631 4664 in

2097 4729 2353 4797 majorem
2377 4725 2768 4795 improbitatem
2799 4722 3119 4777 laberentur.
3151 4720 3302 4774 llunc
3327 4713 3447 4770 mihi
3466 4717 3634 4764 sermo-

2097 4833 2218 4874 nem
2247 4817 2500 4870 memoria
2529 4823 2724 4882 tenete,
2755 4829 2852 4869 nec
2880 4827 3127 4882 umquam
3157 4811 3289 4864 elabi
3319 4823 3381 4861 ex
3408 4819 3464 4858 ea
3485 4797 3629 4856 sinite,

2101 4910 2264 4964 Deum
2311 4907 2559 4961 nimirum
2607 4921 2710 4960 non
2737 4905 2894 4960 modo
2929 4919 3048 4958 cum
3073 4902 3234 4956 afﬁcit
3261 4893 3529 4953 beneﬁciis.
3557 4883 3630 4940 sed

2097 5002 2258 5058 etiam
2297 5015 2416 5055 cum
2465 5000 2631 5069 punit,
2677 4999 2869 5052 bonum
2898 5011 3016 5052 esse
3037 5011 3098 5049 ac
3128 4994 3422 5061 benigmuu.
3453 4984 3565 5038 Nam
3589 4983 3632 5028 et

2099 5095 2264 5164 ipsius
2293 5107 2462 5163 paena:
2489 5105 2553 5147 ac
2581 5083 3237 5160 supplicia‘beneliciorum
3265 5081 3378 5152 ejus
3400 5083 3508 5132 sunt
3533 5077 3630 5141 pars

2085 5187 2346 5250 maxima,
2396 5193 2452 5239 et
2495 5182 2838 5254 providentia:
2863 5195 3030 5251 genus
3055 5179 3357 5233 maximum.
3387 5171 3504 5226 Cum
3527 5175 3629 5226 erit"

2099 5281 2314 5346 famem,
2346 5289 2541 5347 pestes,
2582 5277 2724 5334 acris
2749 5275 3032 5336 siccitates,
3077 5271 3272 5326 imbres
3298 5259 3628 5322 continuos,“

2099 5377 2242 5426 aeris
2279 5371 2688 5440 inatqualitates,
2729 5367 2809 5422 vel
2850 5365 2988 5420 aliud
3019 5364 3284 5434 quidpiam
3314 5354 3518 5414 videris,
3543 5357 3627 5416 quo

2097 5479 2263 5534 genus
2295 5463 2581 5516 humanum
2603 5461 2870 5530 puniatur,
2898 5475 2996 5514 nec
3021 5474 3160 5528 aegre
3197 5458 3351 5522 feras,
3381 5461 3533 5520 neque
3557 5442 3624 5496 in-

2098 5555 2354 5628 digneris,
2403 5553 2496 5609 sed
2542 5552 2700 5607 adora
2745 5567 2922 5606 rerum
2951 5551 3156 5606 illarum
3191 5557 3467 5606 auctorem,
3495 5543 3624 5628 milite

2105 5623 2249 5706 illum
2289 5663 2430 5706 cura:
2467 5661 2531 5702 ac
2569 5643 2937 5703 sollicitudinis
2979 5643 3192 5701 nomine
3217 5631 3522 5698 commenda.
3548 5623 3622 5682 ille
