4036 6206
252 286 358 350 23f

248 408 450 479 quippe
471 408 575 469 est,
598 403 688 475 qui
715 402 829 460 lucc
849 403 1027 479 omnia
1050 405 1274 475 peragit,
1300 415 1352 460 ct
1379 422 1573 477 corpus
1593 407 1836 478 castigat,

249 476 310 552 ut
350 476 531 551 anima
596 496 928 550 emendetur.
966 476 1063 551 ‘An
1102 512 1232 552 vero
1269 497 1411 553 Deus
1457 476 1570 553 haec
1616 476 1837 570 peragit,

251 591 393 645 dicet
420 587 651 658 aliquis?
690 587 783 643 Ille
810 600 938 642 vero
964 588 1081 643 hzec
1109 590 1345 659 peragit;
1371 591 1615 660 quamvis
1647 589 1841 647 civitas

247 677 428 731 omnis
465 677 708 745 adesset,
756 678 996 748 quamvis
1033 678 1312 735 universus
1351 681 1497 735 orbis
1543 690 1837 748 terrarum,

252 758 356 823 hoc
381 768 564 825 dicere
589 784 676 825 me
702 783 807 825 non
834 770 1049 840 pigebit.
1076 772 1251 840 Atque
1274 771 1474 826 utinam
1504 772 1625 827 tuba
1647 773 1842 827 clarior

246 860 384 915 mihi
407 875 508 913 vox
526 870 689 925 esset,
714 860 942 931 atquein
959 860 1168 916 sublimi
1186 862 1303 917 loco
1325 866 1532 931 possem
1550 862 1843 919 consistere

247 961 413 1023 atque
455 952 701 1007 omnibus
737 952 1067 1022 proclamare
1105 968 1169 1009 ac
1213 954 1483 1009 testificari
1531 955 1696 1009 Deum
1740 955 1839 1008 ista

248 1054 530 1115 praestare.
574 1044 756 1115 Neque
781 1059 893 1114 prae
921 1045 1080 1099 nimia
1109 1046 1407 1115 arrogantia
1436 1046 1550 1102 haec
1574 1061 1602 1099 a
1632 1063 1719 1102 me
1755 1047 1840 1101 di-

245 1145 480 1202 cuntur,
530 1135 623 1191 sed
670 1136 1006 1192 assistentem
1053 1135 1226 1192 habeo
1267 1136 1577 1208 prephetam
1632 1150 1839 1194 mecum

248 1228 575 1284 clamantem
609 1242 673 1283 ac
697 1227 981 1291 dicentem,
1018 1229 1142 1300 quia
1187 1227 1302 1283 Non
1330 1240 1401 1284 est
1426 1232 1618 1284 malitia
1643 1231 1694 1284 in
1714 1230 1840 1283 civi-

247 1329 375 1387 tate,
405 1335 678 1389 quamnon
699 1320 871 1391 fecerit
898 1318 1151 1375 Dominus
1180 1318 1355 1392 (Amos
1379 1321 1432 1375 5.
1457 1321 1532 1393 6):
1553 1330 1635 1376 est
1663 1330 1839 1376 autem

247 1424 452 1467 nomen
473 1410 823 1480 mquivoeutn,
848 1411 1067 1476 malitia,
1095 1422 1148 1466 et
1171 1414 1448 1483 utriusque
1470 1413 1838 1483 appellationis

246 1502 378 1557 volo
407 1518 501 1558 vos
542 1513 782 1558 exactam
825 1502 1261 1572 significationem
1305 1503 1565 1566 ediscere.
1605 1518 1674 1558 ne
1706 1503 1839 1559 forte

246 1604 474 1669 propter
485 1594 734 1650 dictionis
749 1594 1168 1665 ambiguitatem,
1189 1604 1431 1652 naturam
1451 1595 1839 1652 confundentes

246 1702 435 1743 rerum
458 1687 510 1740 in
539 1685 923 1756 blasphemiam
954 1686 1220 1741 incidatis.

318 1776 378 1833 5.
406 1776 621 1831 Malitia?
642 1792 822 1831 nomen
850 1777 1004 1831 variis
1028 1776 1190 1831 modis
1208 1775 1654 1847 accipitur.--Est
1679 1776 1839 1847 igitur

248 1869 479 1933 malitia,
501 1883 620 1939 qua:
646 1884 774 1924 vere
799 1870 996 1925 malitia
1026 1879 1129 1935 est,
1160 1868 1461 1934 fornicatio,
1492 1869 1834 1939 adulterium,

245 1962 492 2029 avaritia,
531 1970 586 2016 et
618 1961 895 2016 innumera
934 1960 1094 2027 mala,
1135 1976 1253 2031 qua:
1281 1960 1504 2014 summis
1527 1960 1836 2016 criminibus

246 2053 632 2124 suppliciisque
673 2061 798 2107 sunt
828 2052 1007 2123 digna.
1037 2052 1239 2107 Rursus
1267 2061 1351 2107 est
1373 2051 1593 2117 malitia,
1625 2052 1705 2107 vel
1738 2062 1837 2122 pos

249 2145 357 2201 tius
381 2160 487 2199 non
513 2152 615 2210 est,
641 2143 734 2199 sed
765 2142 963 2198 dicitur
991 2143 1209 2208 malitia,
1241 2142 1426 2207 fames,
1460 2143 1643 2210 pestis,
1667 2158 1831 2210 mors,

246 2236 531 2306 egritudo,
575 2245 631 2291 et
663 2234 768 2289 alia
798 2234 1080 2304 ejusmodi.
1108 2234 1235 2289 Hmc
1261 2236 1403 2289 enim
1429 2249 1532 2289 non
1562 2243 1688 2288 sunt
1710 2250 1835 2291 vere

246 2327 387 2382 mala
407 2344 422 2379 :
443 2335 719 2395 propterea
741 2325 848 2380 dixi
875 2335 1076 2379 tantum
1103 2323 1379 2395 appellari.
1402 2324 1537 2393 Quid
1561 2325 1658 2379 ita?
1681 2323 1832 2391 thd

244 2422 291 2472 si
335 2417 473 2472 mala
518 2427 720 2479 essent,
764 2416 1024 2472 bonorum
1069 2417 1222 2471 nobis
1259 2430 1435 2471 causa:
1480 2431 1585 2470 non
1632 2425 1831 2483 essent,

245 2509 373 2563 dum
417 2507 775 2578 arrogantiam
817 2507 1132 2576 reprimunt,
1178 2515 1446 2576 torporem
1476 2507 1751 2563 excutiunt
1778 2518 1835 2564 et

245 2600 315 2653 ad
338 2599 667 2669 diligentiam
696 2598 932 2662 incitant,
962 2597 1086 2652 dum
1120 2598 1432 2654 attentiores
1458 2614 1555 2655 nos
1581 2599 1831 2657 reddunt.

244 2689 376 2743 Cum
404 2690 569 2756 enim,
611 2689 799 2760 inquit,
830 2690 1071 2744 occideret
1098 2706 1200 2755 eos,
1230 2700 1346 2743 tunc
1370 2690 1656 2762 qtitercbant
1684 2706 1832 2752 eum:

242 2790 290 2835 et
318 2779 709 2847 revertebantur,
738 2793 785 2834 et
819 2780 1044 2835 diluculo
1072 2781 1327 2836 veniebant
1367 2783 1436 2835 ad
1474 2780 1634 2835 Deum
1656 2779 1827 2849 (Paul.

243 2869 335 2924 77.
367 2868 479 2939 δι).
506 2868 759 2925 Malitiam
786 2869 944 2939 igitur
971 2871 1106 2926 hanc
1127 2869 1276 2936 dicit,
1302 2886 1420 2941 qute
1443 2872 1679 2942 corrigit,
1712 2888 1830 2943 qua

240 2959 419 3014 reddit
447 2959 699 3025 illustres,
737 2975 854 3029 qua:
898 2958 1260 3031 diligentiores
1289 2959 1469 3027 efficit,
1498 2977 1617 3032 qua:
1660 2962 1828 3030 philo-

239 3050 487 3119 s0phiam
530 3051 733 3118 inserit,
764 3066 868 3105 non
900 3051 1043 3107 illato
1084 3052 1408 3107 accusationi
1452 3062 1506 3107 et
1540 3052 1830 3123 reprehens

241 3142 382 3196 sioni
426 3140 733 3196 obnoxiam.
766 3140 898 3196 Nam
943 3142 1029 3196 illa
1059 3142 1152 3197 Dei
1183 3157 1319 3212 opus
1345 3159 1450 3197 non
1479 3152 1581 3207 est,
1607 3142 1703 3199 sed
1726 3161 1825 3197 no-

240 3242 375 3286 stra:
399 3231 686 3286 voluntatis
713 3232 1003 3295 inventum,
1027 3232 1142 3288 haec
1168 3244 1346 3289 autem
1373 3234 1440 3289 ad
1469 3234 1610 3289 illam
1639 3234 1827 3289 tollen-

237 3323 365 3378 dam
391 3323 628 3380 instituta
656 3333 758 3379 est.
785 3324 1037 3379 Malitiatn
1080 3326 1239 3396 igitur
1265 3329 1402 3381 hanc
1420 3326 1650 3396 appellat
1687 3326 1826 3381 allii-

234 3415 496 3479 ctionem,
524 3431 642 3485 qua:
670 3417 824 3470 nobis
840 3432 904 3471 ex
931 3416 1207 3485 suppliciis
1227 3418 1398 3473 oritur
1416 3457 1432 3483 ,
1480 3432 1587 3471 non
1617 3432 1684 3472 ex
1729 3430 1823 3473 sua

236 3516 452 3571 natura,
474 3505 569 3561 sed
599 3521 666 3562 ex
692 3506 964 3562 hominum
991 3509 1242 3576 opinione
1273 3509 1377 3563 tale
1410 3507 1485 3561 illi
1509 3522 1703 3564 nomen
1734 3509 1826 3565 im-

236 3613 465 3666 ponens.
486 3596 619 3653 Nam
645 3598 895 3666 quoniam
926 3599 1180 3652 malitiam
1226 3598 1459 3653 solemus
1486 3614 1676 3665 vocare
1714 3614 1821 3655 non

235 3686 378 3743 furta
449 3688 621 3743 solum
697 3697 751 3744 et
802 3689 1095 3756 adulteria,
1144 3690 1237 3744 sed
1261 3691 1421 3744 etiam
1469 3690 1819 3756 calamitates,

234 3796 301 3834 ex
336 3779 610 3837 hominum
640 3782 904 3836 sententia
942 3782 1013 3836 ita
1052 3797 1163 3836 rem
1198 3782 1498 3852 appellavit.
1525 3783 1636 3838 lloc
1664 3783 1823 3854 igitur

233 3878 345 3933 est.
377 3870 517 3940 quod
546 3872 617 3925 ait
645 3872 922 3940 propheta,
954 3872 1076 3942 quia
1110 3871 1233 3926 Non
1273 3881 1347 3926 est
1374 3873 1568 3926 malitia
1604 3874 1655 3926 in
1695 3874 1821 3927 civi»

234 3971 362 4028 tate,
389 3978 541 4032 quam
562 3980 662 4018 non
686 3965 857 4035 fecerit
879 3961 1320 4033 Dominus(Amos
1351 3964 1401 4019 3.
1435 3963 1510 4032 ϐ).
1531 3963 1641 4019 Hoc
1661 3966 1819 4019 etiam

232 4067 336 4123 per
364 4052 554 4107 lsaiam
583 4064 738 4109 antea
773 4053 1093 4123 significavit
1129 4055 1303 4119 Deus,
1350 4069 1471 4108 cum
1498 4054 1675 4110 dixit:
1710 4055 1821 4125 Ego

233 4145 379 4202 Deus
406 4147 598 4217 faciens
618 4163 814 4217 parem,
839 4156 888 4201 et
906 4164 1084 4203 creans
1109 4147 1244 4201 mala
1276 4146 1427 4218 (Isai.
1464 4148 1554 4203 45.
1586 4148 1661 4218 7);
1680 4148 1819 4203 mala

232 4249 424 4293 rursus
441 4237 776 4294 calamitates
795 4238 1091 4309 appellans.
1116 4237 1267 4294 Hanc
1286 4240 1444 4293 etiam
1460 4223 1703 4293 Christus
1718 4253 1819 4293 ma-

234 4324 403 4384 litiam
435 4330 485 4384 iu
513 4329 815 4401 Evangeliis
831 4330 1152 4397 subindieat,
1171 4346 1291 4387 cum
1313 4332 1587 4401 discipulis
1606 4336 1678 4397 ita
1694 4332 1822 4387 dicit

234 4417 435 4488 Suﬁa‘t
463 4420 563 4473 diei
588 4422 781 4475 malitia
800 4436 892 4474 sua
908 4419 1120 4488 (Matth.
1144 4420 1197 4475 6.
1220 4420 1332 4493 31),
1359 4420 1459 4476 hoc
1480 4431 1561 4477 est
1580 4421 1815 4486 afﬂictio,

232 4511 475 4568 miseria.
503 4509 694 4581 Liquet
736 4506 902 4583 igitur
920 4512 1151 4582 undique
1174 4512 1429 4567 malitiam
1458 4512 1543 4569 hic
1558 4529 1679 4569 eum
1709 4530 1821 4584 pa:-

230 4620 334 4658 nas
363 4604 655 4672 appellare,
685 4619 819 4674 quas
830 4614 885 4659 et
910 4605 1025 4675 ipse
1041 4605 1194 4660 nobis
1210 4606 1336 4660 dum
1356 4605 1517 4661 infert
1530 4608 1818 4661 maximum

230 4707 349 4750 suae
376 4709 522 4749 cura:
545 4708 608 4748 ac
636 4694 982 4764 providentia:
1008 4711 1177 4766 genus
1190 4697 1425 4752 exhibet.
1445 4696 1577 4752 Nam
1616 4707 1671 4754 et
1700 4710 1816 4754 m'e-

228 4786 408 4849 dicus,
440 4802 546 4841 non
561 4801 680 4840 cum
698 4802 896 4857 agrum
927 4787 980 4842 in
1001 4787 1185 4843 hortos
1202 4796 1265 4844 ac
1282 4798 1427 4858 prata
1442 4789 1677 4855 deducit,
1700 4790 1819 4846 lau-

228 4876 447 4933 dandus
463 4888 546 4933 est
571 4889 794 4945 tantum,
812 4895 912 4936 nec
936 4896 1055 4936 cum
1070 4882 1121 4936 in
1142 4882 1328 4937 balnea
1342 4884 1633 4952 etpiscinas
1657 4900 1819 4955 aqua-

230 4983 483 5033 rum,nce
496 4984 617 5024 eum
629 4971 901 5042 epiparam
921 4986 1156 5027 mensam
1173 4974 1411 5043 apponit,
1424 4974 1518 5030 sed
1534 4985 1588 5030 et
1604 4991 1723 5030 cum
1737 4976 1820 5045 je-

227 5060 422 5128 junum
433 5059 585 5128 jubet
599 5070 837 5125 manere,
852 5078 972 5118 cum
987 5061 1124 5118 fame
1137 5072 1345 5133 torquet
1356 5064 1505 5119 etsiti
1525 5066 1813 5130 excruciat,

230 5166 358 5205 ctuti
390 5152 529 5207 lecto
569 5152 756 5223 attigit,
796 5163 851 5208 et
877 5154 1095 5209 domum
1142 5158 1403 5212 convertit
1431 5157 1482 5212 in
1521 5172 1814 5226 carcerem,

226 5256 357 5295 cum
384 5242 502 5311 ipso
521 5240 725 5299 lumine
752 5244 897 5300 illum
927 5246 1098 5314 privat
1138 5260 1202 5301 ac
1227 5246 1441 5305 domum
1471 5249 1704 5320 undique
1735 5260 1814 5305 ta-

232 5334 449 5403 petibus
496 5335 800 5399 obtnnbrat,
842 5351 964 5391 cum
1009 5345 1156 5391 secat
1188 5346 1243 5392 et
1285 5341 1423 5405 urit,
1463 5355 1582 5394 cum
1625 5341 1816 5396 acerba

232 5425 460 5494 porrigit
502 5425 908 5492 medicamenta,
952 5441 1019 5483 ex
1045 5440 1197 5499 atquo
1221 5428 1459 5484 medicus
1481 5439 1580 5485 est.
1625 5433 1815 5487 Annon

232 5516 399 5586 igitur
421 5517 711 5574 absurdum
745 5529 848 5587 est,
877 5520 1023 5574 illum
1068 5530 1145 5576 tot
1184 5520 1338 5575 malis
1366 5522 1525 5578 illatis
1553 5522 1814 5578 medicum

233 5610 450 5673 vocare,
475 5606 644 5663 Deum
671 5624 818 5675 vero,
848 5609 893 5665 si
921 5608 1048 5680 quid
1078 5610 1184 5667 tale
1209 5612 1537 5680 priestiterit,
1582 5612 1815 5680 exempli

233 5710 419 5770 ausa,
448 5700 497 5760 si
515 5702 710 5767 famem
733 5712 825 5758 aut
856 5713 1080 5761 mortem
1120 5704 1396 5775 invexerit,
1421 5703 1812 5776 blasphemi".

558 5796 821 5856 Parnm.
868 5794 984 5856 Gn.
1034 5798 1253 5859 XLIX.

1036 296 1377 359 DEMONES
1413 294 1548 359 Non
1587 288 2008 360 consonans:
2046 290 2356 362 univoutt.
2402 303 2629 362 noun-
2672 297 2713 361 t.

3418 294 3523 362 9:59.

1948 415 2110 479 atque
2128 408 2199 463 illi
2221 423 2403 464 curam
2434 407 2668 465 universi
2709 407 3027 466 detrahere?
3055 422 3198 485 atqui
3231 428 3389 472 verus
3412 428 3532 473 tne-

1947 500 2099 556 dicus
2112 510 2194 556 est
2212 501 2324 569 ipse
2342 501 2486 556 solus
2501 510 2553 554 et
2569 501 2864 556 animarum
2885 513 2936 556 et
2954 520 3254 573 corporum.
3271 506 3528 575 Quocirca

1946 602 2314 660 sapenumcro
2352 601 2595 646 naturam
2623 601 2857 647 nostram
2885 609 2947 648 ex
2978 595 3137 650 nimia
3172 600 3523 670 prosperitate

1947 681 2290 737 insultantem
2338 682 2766 753 deprehendens,
2809 695 2863 740 et
2905 687 2989 740 cui
3032 686 3142 755 jam
3192 699 3527 759 peccatorum

1948 771 2111 827 febris
2158 774 2446 844 ingrueret,
2491 785 2748 845 egestate,
2795 776 2955 843 fame,
2997 788 3166 833 morte
3212 794 3275 836 a'c
3323 786 3531 841 ca-tcris

1946 865 2199 919 arumnis
2231 865 2455 936 aliisque
2490 868 2894 923 medicamentis
2920 870 3021 925 sibi
3059 871 3198 925 notis
3217 873 3285 927 ab
3309 876 3528 944 tegritu-

1946 954 2072 1010 dinc
2103 956 2246 1009 illam
2277 957 2486 1012 liberat.
2520 958 2678 1026 Atqui
2721 973 2983 1029 pauperes
3025 962 3124 1016 soli
3172 962 3366 1023 fantem
3410 980 3535 1020 scn-

1949 1046 2102 1108 tiunt,
2129 1048 2313 1118 inquit.
2360 1048 2463 1104 Sed
2490 1065 2597 1104 non
2623 1050 2731 1105 sola
2756 1049 2894 1106 fame
2919 1054 3160 1123 castigat,
3192 1071 3374 1111 verum
3412 1057 3534 1113 aliis

1946 1152 2157 1208 quoque
2195 1139 2487 1195 innumeris
2526 1157 2540 1193 :
2572 1156 2635 1195 ac
2662 1147 2970 1209 paupertate
3004 1144 3215 1212 quidem
3266 1155 3528 1217 pressum,

1947 1232 2090 1297 siepe
2138 1229 2276 1285 fame
2323 1240 2568 1285 vexatum
2612 1231 2951 1296 emendavit;
2995 1232 3212 1290 divitem
3265 1245 3443 1293 autem
3480 1248 3533 1294 et

1945 1320 2135 1388 opibus
2179 1320 2534 1376 abundantem
2582 1322 2849 1391 periculis,
2897 1323 3118 1390 morbis,
3146 1326 3354 1381 acerbis
3377 1325 3516 1382 funeo

1946 1412 2127 1476 ribus;
2173 1413 2343 1468 solers
2372 1414 2513 1469 enim
2541 1425 2641 1479 est,
2680 1415 2833 1486 eique
2863 1416 3007 1475 varia
3035 1430 3319 1489 suppetunt
3347 1420 3530 1479 salutis

1947 1513 2142 1557 nostra:
2172 1504 2574 1561 medicztmenta.

2015 1591 2155 1647 Deus
2183 1596 2392 1665 puniens
2414 1607 2735 1665 comparatur
2757 1614 2867 1651 cum
2881 1588 3161 1669 judicibus.
3193 1631 3263 1641 —-
3289 1598 3364 1653 fta
3389 1606 3523 1667 gito;-

1942 1687 2046 1754 qtie
2073 1683 2267 1739 faciunt
2293 1685 2629 1755 judices'aion
2657 1687 2947 1743 honoribus
2980 1699 3177 1744 tantum
3209 1691 3446 1747 alliciunt
3472 1700 3523 1750 et

1943 1785 2199 1828 coronant
2232 1774 2437 1829 urbium
2467 1775 2688 1841 incolas,
2716 1793 2887 1847 neque
2905 1778 3039 1833 dona
3066 1789 3266 1836 tantum
3288 1781 3527 1852 larginné

1945 1874 2030 1929 tur
2053 1906 2070 1932 ,
2101 1866 2197 1922 sed
2239 1875 2296 1921 et
2331 1882 2699 1936 smpenuntcro
2727 1870 2966 1939 puniunt.
3000 1872 3286 1941 Propterea
3325 1874 3529 1944 gladius

1944 1958 2151 2013 illorum
2182 1959 2457 2015 exacuitur
2477 2001 2491 2026 ,
2520 1970 2573 2015 et
2599 1960 2846 2016 barathro
2889 1973 3141 2032 parantur
3162 2004 3178 2030 ,
3209 1974 3263 2018 et
3296 1975 3445 2031 rota,
3475 1962 3531 2021 et

1940 2049 2173 2119 equulei,
2199 2057 2252 2105 et
2279 2050 2574 2116 carniﬁces,
2598 2059 2654 2105 et
2675 2051 2775 2105 alia
2800 2050 3077 2108 innumera
3102 2070 3297 2124 genera
3327 2056 3499 2126 suppli
3515 2086 3530 2096 -

1940 2140 2166 2195 ciorum.
2194 2140 2344 2209 Quod
2371 2140 2531 2211 igitur
2567 2150 2650 2197 est
2687 2142 2825 2211 apud
2864 2142 3075 2210 judices
3120 2144 3356 2200 carnifex
3381 2187 3397 2211 ,
3424 2145 3526 2202 hoc

1940 2229 2080 2299 apud
2110 2230 2270 2285 Deum
2297 2241 2380 2285 est
2405 2230 2591 2298 fames,
2621 2246 2740 2302 qua:
2767 2241 3031 2303 tamquam
3060 2233 3292 2288 carnifex
3321 2250 3419 2288 nos
3439 2247 3528 2289 cas

1939 2322 2099 2391 stigat
2130 2332 2185 2378 et
2214 2336 2243 2375 a
2271 2323 2396 2377 vitio
2421 2334 2654 2378 revocat.
2687 2323 2829 2378 ldem
2860 2332 2915 2377 et
2943 2325 2993 2378 in
3025 2323 3271 2394 agricolis
3300 2330 3523 2385 cernere

1939 2414 2068 2470 licet
2094 2432 2107 2468 ε
2137 2430 2243 2470 non
2266 2416 2408 2471 enim
2436 2423 2637 2470 tantuut
2666 2415 2897 2470 radicem
2956 2416 3219 2486 obtegttnt
3277 2417 3403 2471 vitis
3465 2426 3520 2479 ct

1939 2506 2341 2563 circumvallant
2363 2508 2597 2578 scpibus,
2628 2507 2721 2562 seJ
2752 2507 2911 2562 etiam
2942 2516 3217 2576 amputant
3242 2517 3295 2563 et
3326 2508 3524 2567 multos

1940 2596 2185 2665 palmites
2222 2608 2463 2652 resecant
2494 2600 2507 2651 ξ
2538 2596 2737 2651 idcirco
2778 2611 2881 2652 non
2921 2597 3150 2666 ligonem
3183 2607 3385 2652 tantum
3424 2598 3523 2655 tia-

1937 2687 2068 2743 bcnt
2089 2688 2186 2754 illi,
2218 2686 2311 2743 sed
2337 2698 2387 2743 et
2421 2687 2605 2742 falcem
2635 2695 2811 2758 aptam
2840 2688 2905 2740 ad
2931 2686 3239 2742 secandum.
3271 2688 3521 2744 Attamen

1936 2777 2057 2835 illos
2099 2796 2204 2835 non
2255 2778 2726 2846 reprehendimus,
2754 2776 2847 2833 sed
2890 2786 2944 2832 ct
2995 2777 3112 2832 illos
3149 2786 3258 2833 tum
3289 2779 3522 2835 maxime

1936 2869 2233 2936 laudamus,
2264 2886 2383 2924 cum
2414 2868 2616 2924 inutilia
2642 2868 2805 2922 multa
2836 2867 3124 2923 viderimus
3146 2867 3213 2923 ab
3241 2867 3343 2923 illis
3372 2874 3522 2924 rese-‘-

1934 2970 2039 3029 cta,
2068 2972 2126 3017 ut
2147 2962 2425 3031 superfluis
2449 2961 2678 3031 rejectis,
2711 2976 2828 3031 quae
2850 2967 3129 3015 remanent
3156 2960 3367 3020 saniora
3398 2961 3521 3015 red'~

1933 3052 2148 3109 dantur.
2184 3053 2375 3108 Annon
2404 3052 2563 3122 igitur
2589 3051 2875 3107 absurdum
2902 3061 3003 3117 est,
3031 3062 3233 3122 patrem
3262 3052 3473 3122 quidem
3501 3095 3518 3119 ,

1932 3156 1989 3202 et
2014 3146 2303 3211 medicum,
2330 3156 2387 3202 et
2406 3145 2642 3215 judiccm
2666 3186 2683 3212 ,
2705 3154 2759 3199 et
2784 3144 3068 3217 agricolam
3096 3146 3391 3217 approbare
3414 3186 3429 3210 ,
3458 3160 3520 3205 ac

1931 3251 2105 3307 neque
2135 3236 2280 3290 illum
2309 3235 2434 3290 dum
2463 3237 2626 3291 lilium
2658 3234 2802 3305 pellit
2830 3250 2894 3289 cx
2922 3236 3154 3298 aedibus,
3190 3249 3362 3305 neque
3403 3251 3519 3289 mr-

1931 3326 2107 3382 dicum
2137 3326 2262 3381 dum
2292 3334 2504 3396 torquet
2526 3333 2804 3396 aegrotum,
2835 3339 3006 3394 neque
3027 3322 3257 3391 judiccm
3281 3323 3404 3377 dum
3428 3338 3518 3378 cae

1929 3417 2089 3485 Stigat
2111 3458 2125 3480 ,
2150 3432 2321 3485 neque
2353 3416 2636 3485 agricolam
2667 3414 2792 3470 dum
2819 3422 3089 3483 amputat,
3122 3414 3517 3483 reprehendere

1930 3511 2014 3562 vel
2062 3522 2351 3571 accusare;
2380 3508 2541 3561 Deum
2590 3520 2750 3569 vero,
2780 3506 2824 3559 si
2862 3504 3074 3574 quando
3113 3516 3210 3560 n'os
3250 3514 3514 3574 tamquant

1929 3601 2115 3671 capitis
2160 3599 2448 3669 gravedine
2488 3598 2790 3652 laborantes
2832 3613 2895 3650 ex
2936 3597 3095 3650 nimia
3125 3597 3358 3653 excitare
3385 3600 3510 3663 velit

1927 3691 2185 3746 ebrietate
2204 3730 2220 3756 ,
2247 3705 2406 3760 quam
2436 3690 2636 3744 ntalitia
2664 3689 2935 3758 ingenerat
2958 3728 2974 3753 ,
3002 3701 3224 3756 carpere
3263 3699 3315 3742 ct
3356 3689 3517 3747 iunn~

1929 3780 2094 3835 meris
2144 3783 2400 3853 impetere
2452 3778 2948 3835 criminationibus?
2999 3779 3190 3833 Annon
3254 3788 3513 3839 extremm

1926 3871 2207 3927 dementia:
2230 3870 2405 3937 fuerit,
2424 3886 2527 3925 non
2549 3870 2789 3925 eundem
2810 3870 3116 3942 permittere
3140 3869 3363 3929 Domino
3383 3884 3516 3926 cau-

1925 3976 2040 4019 sam
2066 3970 2214 4016 suam
2244 3961 2562 4018 defendendi
2592 3958 2913 4026 facultatem,
2942 3975 3098 4032 quam
3121 3963 3393 4017 conservis
3419 3971 3514 4017 n0-

1926 4055 2050 4109 stris
2081 4051 2473 4123 permittimus?

1996 4146 2050 4201 6.
2079 4147 2203 4202 llasc
2226 4162 2256 4200 a
2275 4161 2362 4200 me
2386 4146 2586 4200 idcirco
2609 4143 2876 4208 dicuntur,
2898 4144 3035 4217 quod
3058 4157 3241 4201 eorum
3272 4146 3510 4215 ipsarum

1925 4251 2086 4291 causa
2120 4235 2419 4301 formidem,
2449 4237 2540 4306 qui
2564 4235 2771 4291 crimini
2800 4245 3032 4301 vertunt,
3059 4252 3124 4290 ne
3154 4237 3289 4291 forte
3315 4235 3512 4291 advero

1924 4329 2017 4383 sus
2046 4329 2291 4384 Stimulos
2327 4329 2700 4395 calcit‘rautes,
2726 4328 2887 4399 pedes
2927 4336 3238 4393 cruentent,
3271 4343 3339 4384 ne
3381 4329 3508 4383 dum

1924 4420 1977 4475 in
2002 4419 2189 4476 celum
2214 4420 2412 4491 lapides
2436 4420 2658 4490 jaciunt,
2688 4420 2949 4490 capitibus
2974 4420 3087 4474 suis
3111 4422 3330 4476 vulnera
3356 4422 3509 4476 exci-

1925 4511 2089 4581 piant.
2127 4512 2252 4567 Mihi
2283 4526 2409 4566 vero
2437 4512 2579 4568 aliud
2623 4512 2778 4583 longe
2806 4512 3020 4583 gravius
3061 4512 3348 4569 dicendum
3378 4529 3508 4589 sup—

1924 4605 2078 4674 petit.
2107 4603 2368 4660 Omittens
2386 4604 2527 4658 enim
2553 4616 2794 4674 quasrcre
2817 4605 2900 4673 (ut
2920 4602 3019 4659 ltoc
3042 4604 3146 4661 illis
3169 4605 3504 4676 concedam).

1925 4708 2051 4749 num
2070 4694 2265 4749 utiliter
2292 4694 2341 4748 id
2372 4693 2525 4749 nobis
2549 4694 2828 4749 abstulerit
2854 4694 3015 4761 Deus,
3040 4693 3090 4749 id
3112 4694 3232 4749 dico
3258 4704 3458 4748 tantum
3489 4712 3505 4751 :

1923 4786 1968 4841 si
1999 4802 2117 4855 qua:
2145 4784 2266 4841 data
2296 4784 2504 4841 fuerant
2529 4785 2853 4850 abstulisset,
2887 4803 2955 4841 ne
2980 4788 3057 4841 sic
3085 4786 3297 4859 quidem
3324 4792 3505 4856 posset

1924 4879 2063 4933 ullus
2108 4878 2274 4933 Deum
2319 4893 2568 4934 accusare
2599 4896 2613 4932 :
2647 4879 2909 4949 siquidem
2940 4894 3116 4935 rerum
3160 4891 3374 4933 suarum
3402 4878 3506 4933 do-

1923 4968 2099 5023 minus
2140 4978 2271 5024 erat.
2302 4968 2451 5036 Quod
2478 4970 2520 5024 si
2551 4968 2854 5027 hominibus
2876 5012 2889 5033 ,
2918 4984 3039 5025 eum
3072 4967 3318 5037 pecunias
3348 4967 3503 5022 nobis

1922 5060 2246 5117 crediderint
2271 5069 2325 5115 et
2348 5071 2622 5132 argentum
2653 5070 2834 5116 mutuo
2860 5060 3139 5128 dederint,
3167 5060 3364 5130 gratias
3392 5061 3504 5132 agi-

1922 5169 2043 5210 mus
2070 5154 2141 5211 oh
2169 5154 2294 5209 illud
2328 5163 2555 5226 tempus,
2584 5170 2691 5226 quo
2718 5153 2939 5210 mutuati
2967 5162 3113 5219 sunt;
3136 5166 3235 5207 nec
3259 5152 3502 5223 indigna-

1922 5258 2042 5301 mur
2066 5245 2137 5303 ob
2165 5244 2294 5302 illud
2320 5257 2545 5318 tempus,
2572 5261 2678 5317 quo
2698 5261 2728 5300 a
2752 5245 2903 5301 nobis
2924 5245 3206 5310 auferunt,
3230 5259 3349 5316 qua:
3377 5255 3501 5299 sunt

1922 5340 2134 5409 propria
2163 5356 2175 5392 :
2204 5352 2329 5394 num
2372 5339 2535 5394 Deum
2557 5378 2572 5403 ,
2599 5350 2780 5407 quaeso
2809 5376 2824 5401 ,
2862 5334 3315 5407 reprehendemus
3333 5378 3348 5403 ,
3379 5353 3498 5409 cum

1922 5440 2167 5502 repetere
2190 5445 2221 5485 a
2245 5429 2400 5486 nobis
2420 5445 2505 5485 res
2530 5443 2654 5485 suas
2675 5427 2934 5483 voluerit?
2958 5428 3077 5498 quis
3097 5442 3223 5481 vero
3248 5441 3353 5483 non
3371 5426 3501 5483 illud

1920 5532 2180 5583 extrema:
2220 5537 2340 5579 esse
2378 5520 2666 5577 dementia).
2687 5518 3037 5589 iudicaverit?
3065 5519 3134 5572 At
3153 5529 3258 5572 non
3288 5516 3357 5572 ita
3387 5531 3501 5572 πων

1918 5626 2056 5684 gnus
2083 5628 2148 5669 ac
2172 5626 2465 5683 generosus
2491 5612 2583 5667 ille
2607 5611 2708 5668 Job
2736 5610 2860 5667 fecit
2887 5629 2901 5665 :
2934 5624 3106 5681 neque
3135 5609 3276 5664 enim
3322 5607 3496 5667 solum

1921 5719 2045 5763 eum
2081 5705 2317 5778 accepit,
2349 5703 2443 5765 sed
2471 5703 2632 5760 etiam
2662 5717 2781 5760 cum
2813 5702 3067 5774 Spoliatus
3094 5708 3209 5844 (ξι,
3240 5698 3497 5757 maxima;

3076 5786 3103 5844 1

3076 5786 3103 5847 1
