4036 6206
604 291 705 347 ἑδῦ

602 403 788 475 agebat
817 400 1012 472 gratias
1033 440 1046 465 ,
1073 413 1195 454 cum
1228 398 1297 452 ita
1327 397 1528 453 diceret
1559 415 1572 450 :
1605 395 1854 450 Dominus
1881 395 2052 458 dedit,
2085 392 2178 445 Do.

601 497 763 549 utinm
788 493 990 547 abstulit
1014 507 1033 546 :
1051 491 1113 545 sit
1141 507 1320 544 nomen
1350 488 1556 543 Domini
1583 488 1891 542 benedictum
1917 488 1968 540 in
1995 485 2180 540 tacula

604 587 718 658 Uob
763 589 816 642 1.
851 585 964 656 ﬁt).
997 584 1148 652 Quod
1191 583 1236 638 si
1275 598 1372 654 pro
1415 591 1638 652 utroque
1665 581 1882 634 istorum
1913 577 2179 647 sigillatim

600 682 781 747 gratim
807 687 931 732 sunt
959 675 1178 746 agendae
1198 716 1212 740 ,
1244 687 1414 743 neque
1441 672 1614 726 minus
1640 671 1782 726 utilis
1808 678 1888 723 est
1917 669 2143 738 privatio
2161 707 2176 733 ,

598 785 755 838 quam
799 769 908 838 ipsa
954 767 1160 837 largitio
1185 806 1198 829 ,
1226 780 1327 834 qua
1360 763 1567 816 tandem
1596 761 1746 816 venia
1770 760 1912 830 digni
1937 759 2138 813 erimus
2159 794 2176 823 ,

570 863 688 948 iqui
710 870 816 914 tam
839 861 1020 912 mitem
1050 855 1351 922 Dominum,
1385 863 1488 907 tam
1520 853 1824 922 benignum,
1856 860 1958 904 tam
1986 849 2181 902 solliei-

600 961 711 1004 tum
733 991 747 1014 ,
776 959 829 1004 et
856 948 1044 1018 quovis
1073 945 1277 1000 medico
1306 943 1705 1014 sapientiorem,
1729 951 1783 995 et
1811 939 2000 1010 quovis
2029 946 2179 1008 patre

601 1041 1066 1110 indulgentiorcm,
1099 1046 1153 1091 et
1175 1036 1354 1106 judice
1383 1034 1570 1103 quovis
1589 1033 1888 1102 justiorem,
1907 1040 1960 1085 et
1984 1033 2072 1100 qui
2101 1029 2180 1082 di-

601 1131 850 1202 ligentius
875 1145 1030 1200 quam
1059 1128 1197 1182 ullus
1225 1125 1458 1196 agricola
1490 1135 1700 1179 nostras
1728 1123 1931 1178 animas
1959 1123 2175 1188 excolit,

597 1221 750 1277 factis
774 1219 1052 1274 contrariis
1082 1231 1503 1282 remuneramur,
1531 1226 1584 1270 et
1605 1231 1760 1285 quem
1785 1214 2009 1268 adorare
2029 1228 2180 1282 opor-

599 1314 716 1379 tuit,
747 1311 1000 1366 adversus
1029 1326 1150 1366 cum
1183 1307 1619 1364 stomachamur?
1644 1307 2012 1376 Quidquamue
2057 1319 2178 1359 esse

599 1416 772 1476 potest
795 1406 1057 1460 amentius
1083 1411 1176 1458 aut
1202 1403 1466 1472 stupidius
1496 1401 1594 1467 iis,
1623 1401 1732 1471 qui,
1765 1415 1888 1454 eum
1917 1408 2061 1452 tanto
2087 1413 2178 1450 or-

593 1498 720 1552 dine
746 1514 832 1552 res
857 1498 965 1552 sint
989 1495 1260 1566 disposita:
1281 1535 1297 1561 ,
1325 1493 1510 1548 dicunt
1546 1507 1631 1548 res
1661 1501 1870 1546 nostras
1916 1490 2008 1545 Dei
2058 1503 2177 1544 esse

597 1589 928 1659 providentia
967 1603 1202 1657 curaque
1229 1587 1541 1641 destitutas?
1568 1585 1636 1640 Ut
1671 1585 1811 1640 enim
1855 1585 1900 1638 si
1927 1585 2044 1654 quis
2078 1583 2176 1637 ob-

594 1694 808 1734 scurum
847 1694 909 1733 ac
956 1678 1201 1748 frigidum
1231 1677 1398 1731 solem
1425 1691 1544 1730 esse
1573 1675 1748 1740 dicat,
1779 1674 1876 1728 hae
1906 1689 2001 1728 sua
2050 1689 2174 1728 sen-

596 1772 760 1827 tentia
777 1780 1028 1825 extremm
1047 1771 1282 1824 stultitia:
1307 1767 1508 1839 profert
1529 1767 1776 1822 indicium
1799 1785 1811 1821 :
1837 1767 1905 1822 ita
1923 1768 1965 1822 si
1981 1767 2176 1838 quisde

599 1863 689 1916 Dei
717 1860 1045 1932 providentia
1072 1875 1302 1930 curaque
1331 1859 1568 1926 dubitet,
1597 1857 1764 1912 multo
1796 1859 1961 1929 magis
1995 1874 2175 1913 amen-

597 1955 681 2008 tize
710 1955 919 2009 crimini
947 1963 1030 2010 est
1059 1953 1350 2009 obnoxius.

665 2045 886 2099 Swvitiei
914 2045 1198 2098 da'monum
1232 2043 1480 2113 exempla.
1510 2073 1579 2082 —
1605 2041 1718 2096 Non
1752 2041 1820 2096 ita
1854 2040 2056 2096 lucidus
2097 2042 2175 2096 sol

593 2149 692 2204 est,
721 2153 782 2192 ac
813 2137 902 2190 Dei
929 2134 1256 2205 providentia
1288 2134 1565 2188 manifesta
1591 2151 1602 2186 :
1629 2142 1802 2188 tamen
1824 2132 2018 2187 audent
2047 2144 2176 2187 non;

593 2232 722 2287 nulli
751 2231 926 2286 dicere
953 2231 1222 2284 da-mones
1249 2244 1335 2284 res
1362 2237 1571 2284 nostras
1594 2229 1907 2300 gubernare.
1931 2227 2066 2295 Quid
2095 2227 2174 2280 fa-

591 2324 761 2378 ciam?
787 2321 1076 2392 Benignum
1116 2321 1393 2374 Dominum
1437 2321 1634 2386 habes;
1658 2319 1855 2373 mavult
1888 2335 1916 2371 a
1958 2327 2012 2372 te
2057 2319 2173 2372 bla-

592 2414 846 2486 spltemiis
873 2413 1082 2480 lacessi,
1113 2413 1238 2466 dum
1271 2411 1529 2482 ejusmodi
1561 2412 1720 2466 verba
1755 2412 1980 2480 prolers,
2013 2425 2170 2480 quam

593 2507 847 2576 permissa
869 2504 1200 2558 dzemonibus
1232 2519 1408 2558 rerum
1435 2513 1642 2556 tuarum
1669 2517 1793 2555 cura
1825 2511 1874 2556 te
1899 2502 2176 2570 experien-

593 2599 662 2649 tia
692 2597 909 2660 docere,
929 2609 1036 2664 quo
1065 2606 1216 2663 pacto
1243 2595 1512 2648 dmmones
1537 2591 2000 2662 guberneuL'l‘um
2029 2594 2171 2645 enim

595 2686 757 2754 probe
787 2686 1114 2753 intelligeres
1137 2685 1459 2752 ρχμυτίυιιιίει
1492 2684 1762 2752 magistra,
1795 2692 1989 2752 quanta
2017 2687 2084 2736 sit
2113 2685 2173 2736 il-

594 2779 764 2830 lorum
819 2777 1050 2845 nequitia
1080 2792 1092 2828 :
1128 2775 1232 2828 imo
1283 2788 1408 2828 vero
1447 2790 1583 2828 nime
1606 2775 1764 2828 etiam
1813 2787 2093 2843 possumus
2124 2774 2172 2827 id

595 2878 844 2936 tanquam
893 2868 1082 2934 exiguo
1115 2863 1342 2934 quodam
1385 2864 1628 2932 exemplo
1659 2863 2046 2918 demonstrare.
2073 2863 2173 2919 0c-

594 2968 876 3013 currerunt
925 2957 1148 3012 Domino
1201 2956 1413 3026 quidam
1453 2970 1483 3008 a
1523 2956 1766 3010 dauuone
1813 2957 2078 3025 correpti,
2105 2972 2170 3011 ex

593 3051 852 3120 sepulcris
899 3050 1146 3120 egressi,
1191 3059 1244 3104 et
1288 3048 1544 3118 rogabant
1581 3063 1704 3102 eum
1753 3048 2067 3115 dmmones,
2118 3057 2174 3103 ut

594 3143 693 3196 sibi
724 3143 1048 3212 permitteret
1075 3143 1126 3195 in
1151 3156 1363 3212 gregem
1393 3156 1672 3211 porcorum
1703 3141 1898 3196 intrare
1927 3159 1940 3194 :
1969 3153 2020 3197 et
2051 3157 2176 3212 per-

592 3236 758 3300 misit,
788 3243 945 3304 atque
971 3233 1044 3288 illi
1078 3232 1352 3297 abeuntes,
1380 3248 1564 3287 omnes
1588 3233 1764 3286 statim
1791 3233 1842 3286 iu
1873 3248 2018 3287 mare
2044 3249 2172 3303 pra:-

589 3331 778 3399 cipites
803 3335 1025 3398 egerunt
1041 3326 1255 3397 (Matth.
1274 3326 1326 3382 8.
1348 3326 1438 3380 28.
1461 3327 1616 3396 ειμι).
1638 3325 1710 3379 Ita
1741 3325 2035 3395 gubernant
2057 3325 2168 3380 da:-

587 3435 798 3474 mones.
841 3419 998 3488 Atqui
1039 3417 1170 3472 nihil
1201 3417 1302 3471 illis
1339 3426 1455 3470 erat
1492 3416 1568 3470 rei
1604 3431 1724 3470 cum
1759 3417 1966 3485 porcis;
1997 3425 2168 3470 tecum

594 3519 768 3564 autem
795 3524 1008 3578 semper
1037 3507 1470 3562 irrcconciliabile
1498 3506 1692 3561 bellum
1741 3507 1938 3562 habent
1981 3522 2168 3562 susce-

585 3611 739 3670 ptum
767 3641 782 3664 ,
820 3612 873 3654 et
904 3615 1128 3670 pugnam
1169 3599 1481 3654 acerrimam
1502 3639 1517 3664 ,
1548 3607 1603 3653 et
1637 3597 1818 3652 odium
1848 3599 2168 3653 inunortale.

591 3692 742 3758 Quod
767 3692 809 3745 si
844 3691 974 3751 :llos,
1001 3690 1313 3760 quibuscum
1343 3689 1468 3742 nihil
1494 3690 1596 3743 illis
1620 3700 1735 3744 erat
1759 3705 2072 3755 commune,
2105 3705 2172 3743 ne

591 3784 658 3836 ad
688 3784 933 3851 exigumu
965 3781 1217 3848 temporis
1246 3791 1572 3835 momentum
1604 3783 1833 3835 tolerare
1861 3783 2168 3851 potuerint,

592 3878 637 3929 si
671 3878 853 3928 hostes
877 3889 1002 3928 suos
1029 3884 1079 3927 et
1097 3889 1127 3926 a
1157 3873 1346 3942 quibus
1376 3884 1630 3942 perpetuo
1659 3875 1987 3941 mordentur,
2013 3876 2172 3930 obuoo

594 3967 712 4020 xios
752 3967 849 4020 sibi
891 3979 989 4018 nos
1019 3964 1332 4026 habuerint,
1363 3965 1489 4031 quid
1531 3979 1635 4016 non
1676 3963 1911 4018 facient?
1940 3980 2046 4036 quo
2071 3979 2170 4020 nos

595 4056 925 4127 irreparabili
955 4053 1691 4109 incommodououaflicieut?
1711 4057 1994 4125 Propterea
2022 4072 2169 4111 nam-

587 4167 697 4220 que
729 4152 865 4205 Deus
890 4149 942 4201 in
962 4163 1175 4219 gregem
1207 4161 1485 4218 porcorum
1514 4145 1716 4201 irruere
1746 4146 1865 4199 illos
1892 4148 2168 4216 permisit,

593 4253 652 4295 ut
671 4243 722 4295 in
751 4242 1060 4310 corporibus
1089 4240 1310 4293 rationis
1331 4242 1626 4309 expertium
1653 4237 1956 4292 animalium
1979 4280 1992 4301 ,
2026 4240 2169 4308 ipso-

595 4347 711 4384 rum
736 4333 1020 4400 nequitiam
1047 4332 1239 4384 discas.
1291 4331 1463 4398 Atque
1506 4330 1622 4382 illos
1645 4329 1855 4398 quidem
1886 4331 2070 4384 eadem
2099 4333 2172 4384 la-

595 4434 776 4477 cturos
801 4421 960 4474 fuisse
998 4419 1359 4483 demoniaeis,
1395 4435 1512 4490 qua:
1540 4419 1736 4487 porcis,
1769 4419 1866 4473 nisi
1897 4427 1952 4474 et
1978 4421 2027 4473 in
2058 4421 2168 4491 ipsa

595 4511 799 4566 insania
821 4511 1026 4564 illorum
1048 4551 1062 4575 ,
1089 4524 1271 4563 curam
1293 4520 1498 4579 gereret
1521 4509 1965 4564 davmoniacorum
1994 4511 2129 4565 Deus
2154 4553 2168 4574 .

592 4607 840 4660 otnnihus
865 4601 1201 4658 manifestum
1241 4615 1341 4658 est.
1389 4603 1453 4658 Et
1494 4618 1634 4657 nunc
1661 4604 1818 4674 igitur
1841 4644 1857 4670 ,
1887 4605 1930 4658 si
1958 4605 2170 4674 quando

594 4696 789 4751 videris
815 4694 1082 4748 b-uuiuem
1108 4695 1360 4764 agitatum
1408 4710 1436 4746 a
1463 4693 1724 4757 daemone,
1768 4695 2046 4748 Dominum
2072 4696 2168 4749 ad-

591 4804 709 4850 ora,
735 4787 1020 4858 nequitiam
1060 4785 1361 4839 dmmonum
1391 4786 1555 4848 disce,
1601 4786 1860 4854 siquidem
1889 4799 2172 4857 utrumque

594 4899 645 4934 ut
679 4880 760 4934 his
775 4877 1117 4934 dtetuogtiacis
1135 4893 1354 4931 cernere
1381 4877 1524 4938 licet,
1553 4886 1606 4930 et
1630 4877 1718 4930 Dei
1743 4876 2119 4947 benignitatem
2151 4918 2166 4941 ,

591 4983 647 5026 et
686 4971 987 5027 dtemonum
1033 4968 1459 5038 improbitatem:
1488 4984 1551 5022 ac
1604 4968 1905 5022 daemonum
1957 4968 2168 5038 quidem

595 5062 988 5131 improbitatem
1013 5101 1028 5123 ,
1049 5075 1170 5114 cum
1199 5058 1412 5112 turbent
1440 5068 1493 5111 et
1519 5060 1784 5127 exagitent
1805 5060 2036 5112 animam
2064 5060 2171 5113 de

595 5153 859 5216 tttottiaci;
895 5152 984 5206 Dei
1007 5165 1136 5206 vero
1158 5149 1533 5218 benignitatem
1560 5187 1578 5213 ,
1607 5167 1727 5202 cum
1760 5151 1826 5203 ita
1858 5167 2056 5203 smvum
2087 5152 2171 5203 itt-

597 5246 855 5311 quilinum
877 5257 930 5300 et
954 5243 1222 5299 hominem
1266 5243 1595 5312 praeeipitare
1625 5242 1920 5309 cupientem
1949 5244 2175 5296 retineat

598 5346 654 5390 ct
679 5346 921 5391 coerceat
944 5378 958 5400 ,
989 5352 1160 5405 neque
1180 5336 1322 5388 omni
1349 5351 1440 5388 sua
1465 5342 1727 5402 potestate
1756 5334 1827 5386 uti
1857 5334 2126 5401 jxirtnitlat
2152 5372 2168 5394 ,

597 5428 695 5484 sed
723 5438 918 5482 tantam
945 5429 1048 5481 vim
1078 5429 1212 5482 sinat
1239 5425 1524 5482 ostemlere
1542 5466 1557 5490 ,
1591 5433 1646 5478 ut
1672 5433 1724 5478 et
1768 5423 2035 5478 hominem
2079 5439 2170 5477 ca-

599 5523 788 5591 stiget,
835 5531 888 5574 et
915 5521 1121 5575 illorum
1148 5521 1433 5590 nequitiam
1462 5521 1778 5574 manifestet.
1808 5518 1898 5572 \‘is
1924 5518 2083 5570 etiam
2116 5527 2172 5572 et

601 5613 768 5669 altero
797 5625 979 5664 rursus
1007 5611 1248 5679 exemplo
1265 5611 1592 5679 conspicere,
1613 5625 1714 5680 qua
1740 5609 1942 5664 ratione
1961 5606 2170 5661 thttton

594 5707 856 5779 gubernet
891 5746 909 5767 ,
935 5719 1055 5757 eum
1090 5718 1118 5756 ει
1152 5702 1258 5756 Deo
1284 5702 1356 5755 illi
1381 5703 1700 5772 permittitur
1727 5745 1742 5769 ,
1770 5711 1824 5756 ut
1857 5709 2170 5772 potestatem

1335 283 1392 337 S.
1431 282 1708 339 JOANNIS
1745 284 2212 341 CIIRYSOSTOMI
2255 285 2571 341 ARCHIEP.
2611 285 3140 344 COXSTANTINOP.
3666 287 3732 346 958

2289 407 2440 447 suam
2472 396 2762 449 exerceat?
2807 395 3032 451 Veniant
3063 397 3151 451 tibi
3197 397 3246 452 in
3281 408 3485 454 mentem
3507 416 3736 461 armeniict

2284 498 2470 554 greges
2495 485 2614 550 Job,
2641 502 2746 555 quo
2768 495 2920 555 pacto
2960 503 3064 540 uno
3095 490 3336 556 temporis
3361 501 3590 546 momento
3607 507 3734 549 cuncta

2284 579 2648 644 assumpserit,
2682 578 2993 632 miserabilis
3023 579 3298 634 liberorum
3316 583 3420 650 ejus
3447 597 3580 647 mors,
3603 584 3734 640 inﬂicta

2285 668 2494 735 corpori
2526 668 2640 736 ejus
2668 669 2814 737 plaga
2849 687 2861 721 :
2895 679 2948 724 et
2980 670 3337 726 crudelitatem
3367 715 3380 734 .
3407 673 3736 728 inhumanitatcm

2283 769 2345 810 ac
2369 757 2625 812 saevitiam
2655 759 2904 829 nequitia:
2942 760 3238 814 d:emonum
3267 763 3528 828 intuebere,
3551 775 3666 833 atque
3685 768 3739 820 in-

2283 846 2350 900 de
2374 847 2651 902 manifeste
2673 863 2984 919 cognosces,
3012 851 3054 904 si
3076 851 3175 906 hoc
3198 854 3347 906 etiam
3379 855 3632 908 universum
3649 856 3739 909 Deus

2285 937 2492 991 illorum
2522 939 2852 1005 permitteret
2873 942 3135 1010 potestati,
3165 941 3401 1006 futurum,
3423 954 3634 998 uteuncta
3657 961 3740 999 con-

2287 1027 2567 1082 funderent
2587 1038 2640 1083 et
2665 1029 2960 1096 turbarent,
2985 1041 3040 1085 et
3060 1032 3130 1084 ita
3157 1047 3252 1085 nos
3280 1042 3534 1087 tractarent
3559 1075 3570 1097 ,
3600 1045 3641 1089 ut
3658 1051 3737 1104 por-

2282 1133 2376 1172 cos
2399 1131 2452 1173 et
2475 1128 2712 1174 armenta
2733 1120 2818 1175 illa
2843 1161 2859 1186 ,
2889 1121 2966 1175 sic
2991 1131 3048 1176 ut
3077 1138 3143 1176 ne
3163 1123 3340 1191 exiguo
3357 1123 3544 1192 quidem
3565 1127 3742 1194 temporis

2283 1218 2552 1263 momento
2582 1209 2738 1267 saluti
2765 1220 2960 1267 nostra:
2991 1222 3206 1282 possent
3230 1228 3450 1281 paret-re.
3483 1215 3528 1267 Si
3551 1215 3743 1269 datum

2280 1299 2668 1369 gubernarent,
2711 1303 2876 1358 nihilo
2909 1305 3114 1359 meliori
3153 1319 3382 1360 essemus
3416 1306 3462 1359 in
3496 1315 3610 1360 statu
3635 1323 3740 1378 quam

2281 1395 2624 1450 dtemoniaci:
2677 1398 2783 1451 imo
2828 1414 2956 1454 vero
2995 1399 3242 1454 deteriori
3284 1401 3330 1453 in
3369 1410 3492 1453 statu
3529 1417 3648 1470 quam
3679 1402 3740 1454 illi.

2282 1486 2464 1557 Neque
2521 1488 2662 1542 enim
2704 1490 2819 1543 illos
2868 1491 2918 1544 in
2978 1492 3278 1545 universum
3331 1492 3516 1546 illorum
3554 1491 3740 1562 tyrannidi

2280 1581 2526 1650 exposuit
2556 1582 2725 1647 Deus;
2748 1582 2940 1652 alioqui
2969 1586 3134 1638 multo
3176 1586 3289 1639 istis
3329 1587 3539 1653 graviora
3563 1587 3741 1655 passia-

2279 1681 2419 1737 scnt,
2452 1687 2607 1743 quam
2652 1690 2791 1729 nunc
2833 1678 3118 1744 patiuntur.
3173 1677 3285 1746 Ego
3316 1693 3432 1732 vero
3468 1679 3619 1732 lubens
3638 1678 3743 1732 etiis

2279 1764 2368 1832 qui
2409 1766 2507 1819 ista
2537 1765 2721 1819 dicunt
2768 1768 3066 1822 sc'scitarer
3099 1809 3114 1833 ,
3147 1785 3305 1839 quam
3349 1769 3534 1824 tandem
3568 1771 3608 1822 in
3637 1769 3745 1823 rebus

2280 1857 2632 1926 praesentibus
2682 1858 3042 1913 confusionem
3083 1871 3353 1925 cernant,
3401 1872 3453 1916 ut
3504 1863 3743 1931 negotiorum

2280 1956 2580 2002 nostrorum
2625 1949 2858 2018 regimen
2901 1964 3060 2006 omne
3097 1952 3422 2007 daemonibus
3457 1953 3670 2006 tribuant?
3703 1954 3746 2004 At

2280 2040 2419 2092 enim
2443 2039 2609 2094 solem
2639 2039 2878 2095 videmus
2905 2057 3000 2111 per
3030 2051 3106 2096 tot
3130 2059 3386 2098 annorum
3418 2043 3631 2098 curricula
3651 2041 3746 2095 ordi-

2281 2145 2402 2188 nate
2430 2137 2663 2204 quotidie
2690 2136 3017 2205 gradientem
3051 2155 3063 2190 :
3091 2139 3291 2191 varium
3327 2139 3534 2194 siderum
3559 2139 3744 2198 chorum,

2279 2227 2366 2296 qui
2395 2242 2547 2280 suum
2577 2225 2818 2281 ordinem
2847 2238 3057 2290 servat,
3083 2229 3225 2282 luna:
3250 2244 3427 2284 cursus
3452 2243 3675 2298 numquam
3696 2227 3747 2280 in-

2281 2326 2544 2385 terruptos
2567 2359 2580 2380 ,
2606 2332 2616 2364 I
2641 2317 2777 2371 oetis
2814 2332 2876 2372 ac
2922 2317 3024 2372 diei
3069 2321 3454 2374 successionem
3490 2329 3744 2380 accuratam;

2278 2408 2453 2462 Omnia
2483 2423 2603 2460 cum
2634 2423 2820 2476 supera
2854 2419 2961 2462 tum
3000 2409 3166 2464 infera
3203 2421 3455 2480 tamquam
3489 2412 3530 2463 in
3563 2410 3745 2463 concinna

2277 2501 2500 2570 quadam
2531 2501 2745 2566 chorea,
2780 2502 2860 2554 vel
2889 2504 3060 2572 potius
3089 2506 3260 2558 multo
3303 2506 3477 2559 melius
3506 2515 3550 2558 et
3581 2503 3745 2557 exactius

2278 2591 2480 2660 singula
2515 2606 2670 2645 suum
2710 2593 2879 2646 locum
2927 2608 3141 2649 servare
3168 2637 3185 2659 ,
3230 2611 3393 2665 neque
3416 2611 3548 2649 suum
3571 2595 3740 2647 ordinent

2279 2683 2597 2751 transgredi,
2624 2699 2781 2752 quem
2805 2685 2906 2738 illis
2926 2685 3062 2739 Deus
3091 2687 3156 2740 ab
3193 2688 3340 2741 initio
3369 2687 3650 2756 prmscripsit.

2349 2773 2401 2826 7.
2432 2775 2509 2826 An
2539 2775 2602 2826 sit
2632 2775 2681 2827 in
2709 2775 2852 2828 rcbns
2881 2776 3117 2829 Immanis
3144 2777 3553 2845 conﬁnia—Sed
3575 2774 3746 2845 qnidista

2277 2876 2495 2932 prosunt
2519 2905 2533 2928 ,
2554 2865 2695 2920 dicet
2721 2867 2910 2934 aliquis
2934 2909 2949 2932 ,
2989 2868 3128 2937 quod
3158 2872 3348 2924 carhm
3373 2870 3560 2940 quidem
3585 2867 3750 2922 etwlet

2277 2957 2421 3019 luna,
2445 2967 2500 3012 et
2524 2968 2692 3014 castus
2714 2969 2978 3014 astrorum
3000 3003 3014 3024 ,
3037 2970 3091 3016 et
3114 2963 3222 3015 alia
3250 2973 3430 3018 cuncta
3453 2963 3634 3015 multum
3653 2957 3748 3012 ordia

2277 3066 2397 3104 nem
2424 3066 2532 3120 pra:
2565 3065 2624 3106 se
2656 3051 2847 3115 ferant,
2883 3068 2968 3107 res
2993 3063 3174 3109 autem
3207 3067 3395 3110 nostra:
3431 3051 3748 3109 confusionisac

2276 3141 2685 3209 perturbationis
2712 3147 2818 3196 sint
2847 3144 3039 3212 plenze?
3055 3143 3224 3214 Cujus
3258 3145 3454 3199 tandem
3486 3139 3744 3197 confusionis.

2276 3232 2346 3285 mi
2379 3231 2570 3296 homo,
2601 3242 2694 3286 aut
2718 3233 3178 3304 perturbationis?
3210 3236 3296 3290 Ille
3321 3235 3457 3290 dives
3481 3243 3578 3297 est,
3601 3228 3748 3299 inqvit.

2274 3332 2328 3376 et
2354 3323 2457 3376 vim
2484 3323 2626 3386 facit,
2647 3324 2783 3392 rapit
2809 3335 2862 3377 et
2891 3323 3114 3390 fraudat,
3139 3341 3426 3395 pauperum
3452 3325 3673 3378 facultates
3689 3318 3747 3370 ab

2275 3415 2435 3468 sumit
2463 3416 2726 3483 quotidie,
2753 3431 2924 3485 neque
2949 3415 3244 3486 quidquam
3273 3418 3343 3471 illi
3371 3418 3481 3470 mali
3502 3413 3675 3474 accidit;
3697 3406 3750 3460 al-

2276 3514 2356 3558 ter
2381 3506 2623 3560 modeste
2651 3507 2795 3572 vivit,
2829 3509 3235 3576 temperantiam
3264 3518 3316 3562 et
3335 3507 3564 3577 justitiam
3586 3506 3750 3558 exercet.

2273 3612 2336 3650 ac
2362 3599 2568 3652 ueteris
2591 3598 2744 3652 bonis
2767 3610 2988 3654 ornatus
3013 3609 3112 3661 est,
3144 3611 3196 3656 et
3221 3611 3529 3672 paupertate,
3553 3594 3702 3650 morbis
3716 3599 3751 3643 Cl

2274 3690 2527 3743 extremis
2554 3693 2708 3744 malis
2737 3692 3006 3761 affligitur.
3040 3692 3288 3748 Hmecine
3313 3701 3430 3748 sunt
3453 3705 3587 3760 ergo,
3612 3699 3697 3756 qua:
3715 3692 3749 3734 ιε

2275 3781 2678 3834 scandalizant?
2749 3783 2873 3836 "me
2938 3793 3100 3846 sunt,
3143 3784 3329 3853 inquit.
3400 3783 3450 3837 Si
3505 3795 3609 3848 ergo
3650 3770 3750 3827 mu"

2277 3882 2358 3925 tos
2393 3889 2457 3927 ex
2490 3873 2572 3937 iis,
2622 3875 2710 3944 qui
2757 3876 2968 3943 rapiunt
2996 3917 3011 3940 ,
3063 3878 3227 3948 afﬂigi
3276 3878 3444 3931 videas
3473 3915 3486 3938 ,
3527 3883 3573 3927 et
3606 3885 3654 3922 ex
3677 3866 3750 3922 iis.

2275 3966 2364 4031 qui
2436 3966 2628 4019 virtute
2683 3967 2906 4035 pra‘diti,
2935 3967 3158 4034 vivunt,
3207 3962 3597 4027 nonnullos,vel
3640 3955 3752 4010 etiam

2276 4055 2586 4111 innmueros
2614 4057 2763 4110 bouis
2789 4057 3088 4120 abundare,
3117 4073 3216 4112 cur
3242 4075 3342 4112 non
3371 4054 3642 4112 sententiam
3664 4047 3756 4100 hanc

2275 4145 2516 4216 deponis,
2553 4163 2722 4217 neque
2755 4149 3033 4201 Dominum
3063 4149 3290 4204 laudas?
3319 4149 3441 4216 Quia
3467 4143 3666 4198 uitnirum
3689 4135 3757 4187 hoc

2277 4239 2447 4309 ipsum
2475 4251 2554 4294 est
2578 4281 2592 4304 ,
2616 4241 2755 4309 quod
2787 4257 2870 4295 me
2897 4241 3123 4309 amplius
3151 4242 3481 4296 scandalizat.
3510 4237 3600 4292 Cur
3621 4230 3756 4286 cuitu.

2276 4346 2396 4385 cum
2427 4331 2533 4385 duo
2557 4335 2661 4385 sint
2703 4332 2947 4401 improbi,
2975 4348 3112 4386 unus
3141 4333 3387 4401 punitur,
3416 4339 3464 4386 et
3490 4327 3604 4380 alter
3620 4321 3758 4375 evitato

2275 4425 2537 4496 supplicio
2557 4424 2802 4486 discedit,
2831 4433 2885 4478 et
2915 4438 3034 4478 cum
3064 4423 3170 4477 duo
3195 4425 3301 4477 sint
3328 4423 3444 4475 boni
3464 4462 3478 4484 ,
3507 4429 3620 4472 unus
3642 4410 3762 4463 hono-

2275 4519 2421 4571 ribus
2449 4515 2764 4571 cumulatur.
2793 4515 2928 4567 alter
2951 4514 3217 4568 continuis
3244 4515 3408 4582 poenis
3428 4502 3664 4577 afﬂigitur?
3687 4496 3762 4550 ΙΙηε

2278 4607 2449 4677 ipsum
2478 4606 2634 4659 etiam
2665 4604 3006 4673 providentia:
3028 4604 3224 4657 divina:
3262 4619 3394 4673 opus
3416 4609 3490 4655 est
3525 4593 3760 4651 maximum.

2280 4700 2331 4751 Si
2354 4699 2494 4752 enim
2525 4697 2793 4764 improbos
2818 4710 3004 4749 omnes
3031 4694 3114 4748 hic
3132 4696 3360 4764 puniret,
3391 4702 3441 4746 et
3459 4700 3617 4741 omnes
3642 4681 3762 4732 bonos

2282 4789 2570 4842 honoribus
2615 4788 2697 4840 hic
2738 4789 3020 4851 alliceret,
3061 4772 3648 4854 supervacaneusjudicii
3683 4767 3762 4821 dies

2280 4892 2442 4935 esset.
2475 4881 2676 4933 Rursus
2692 4881 2737 4932 si
2761 4879 2959 4931 mtllum
2987 4878 3284 4946 improbum
3311 4876 3522 4943 puniret,
3544 4880 3623 4922 nec
3645 4859 3762 4914 unum

2283 4975 2478 5025 bonum
2519 4973 2718 5024 honore
2757 4969 2992 5022 alliceret
3025 5010 3039 5030 ,
3077 4979 3130 5022 et
3173 4969 3318 5036 pravi
3347 4965 3537 5035 pejores
3559 4955 3764 5011 fierentac

2281 5069 2572 5122 deteriores
2602 5107 2617 5130 ,
2646 5076 2702 5118 ut
2728 5066 2814 5133 qui
2858 5064 3024 5117 multo
3056 5064 3160 5117 sint
3202 5061 3381 5132 probis
3415 5046 3763 5125 negligentiorcs:

2281 5171 2332 5214 et
2359 5161 2445 5227 qui
2477 5158 2844 5226 hlaSphemarc
2873 5157 3084 5216 vellent,
3120 5155 3282 5208 Deum
3319 5149 3476 5220 magis
3494 5138 3763 5227 accusarfﬂlo

2282 5224 2544 5320 planaque
2567 5224 2649 5302 ,ἧς
2674 5260 2882 5301 nostras
2908 5255 3157 5316 negarent
3187 5244 3277 5299 Dei
3307 5236 3604 5312 providentia
3625 5224 3764 5320 δέξω*

2284 5317 2417 5393 nari.
2444 5317 2572 5392 Nam
2613 5338 2656 5391 si
2702 5352 2841 5391 nunc
2880 5338 3037 5391 etiam
3075 5351 3194 5390 cum
3238 5330 3452 5400 improbi
3491 5317 3683 5381 nonnulli
3701 5323 3765 5380 pll-

2283 5436 2518 5498 niuntur,
2552 5444 2602 5487 ct
2635 5435 2960 5486 honorantur
3001 5430 3152 5492 boui,
3182 5442 3333 5495 teque
3353 5426 3522 5478 dicunt
3541 5431 3614 5472 res
3629 5413 3768 5498 buma-

2283 5540 2380 5578 nas
2428 5524 2517 5577 Dei
2563 5522 2891 5592 providentia
2927 5521 3139 5574 minime
3166 5519 3310 5587 regi:
3340 5516 3382 5568 si
3411 5527 3473 5568 ne
3498 5511 3586 5564 hoc
3609 5497 3770 5592 quidem

2284 5614 2434 5668 fieret
2454 5655 2468 5676 ,
2495 5612 2620 5682 quid
2648 5629 2753 5667 non
2777 5613 3011 5666 dicerent
3042 5651 3060 5677 ,
3088 5624 3204 5679 qua:
3230 5607 3382 5661 verba
3410 5618 3505 5657 non
3529 5581 3770 5689 elfutirettt?

2287 5709 2569 5779 Propterea
2597 5706 2851 5776 quosdam
2879 5705 3026 5775 punit
3050 5744 3064 5770 ,
3091 5698 3340 5773 quosdam
3362 5710 3460 5750 non
3475 5689 3602 5764 punit
3623 5696 3676 5739 el
3698 5688 3765 5732 111³·
