4036 6206
239 290 345 351 255

236 401 424 476 probis
452 420 466 458 :
494 412 550 460 et
578 402 835 476 quosdam
863 403 1069 460 honore
1102 399 1260 458 allicit
1289 444 1304 470 ,
1332 403 1589 476 quosdam
1619 402 1825 460 honore

234 512 341 552 non
370 495 535 551 allicit
562 511 629 552 ex
670 496 842 552 bonis.
874 495 990 552 Non
1019 498 1168 567 punit
1186 512 1373 552 omnes
1395 538 1410 564 ,
1438 506 1496 552 ut
1524 497 1617 552 tibi
1644 511 1826 553 resur-

233 592 530 645 rectionem
557 603 678 644 esse
720 588 1073 660 persuadeat;
1099 589 1359 660 quosdam
1386 604 1515 645 vero
1544 589 1694 659 punit
1724 630 1740 655 ,
1769 598 1826 644 ut

234 681 650 754 negligentiores
692 696 788 752 per
810 680 1035 736 aliorum
1056 680 1371 754 supplicium
1398 681 1588 736 timore
1613 680 1823 751 percul-

231 789 327 830 sos
365 772 731 843 diligentiores
766 772 979 827 elliciat.
1011 771 1217 829 Rursus
1254 771 1537 827 nonnullos
1566 786 1633 826 ex
1659 771 1817 826 bouis

232 865 439 921 honore
468 864 631 920 aftlcit
649 905 665 931 ,
715 874 775 919 ut
801 874 1026 921 cmteros
1053 865 1120 920 ad
1146 881 1384 921 amorem
1416 866 1628 922 virtutis
1652 865 1824 921 hono-

200 1024 207 1035 ⁸
230 959 383 1015 ribus
413 959 517 1013 illis
541 957 761 1025 alliciat;
784 972 888 1012 non
905 971 1093 1013 omnes
1116 966 1294 1013 autem
1313 957 1602 1014 honoribus
1629 957 1817 1025 afllcit,

201 1059 289 1135 ειη
330 1050 560 1105 alterum
607 1058 815 1119 tempus
866 1063 985 1104 esse
1024 1062 1317 1118 cognoscas
1347 1090 1363 1116 ,
1398 1050 1539 1120 quod
1578 1050 1826 1105 omnibus

198 1138 536 1199 'mercedem
567 1141 853 1212 persolvet.
878 1140 937 1197 Si
958 1141 1100 1196 enim
1123 1156 1313 1197 omnes
1342 1142 1394 1196 in
1423 1142 1522 1197 hac
1553 1142 1677 1207 vita,
1704 1158 1824 1213 qua:

227 1244 563 1299 meruerunt,
585 1233 908 1303 acciperent,
935 1232 1166 1288 sermoni
1181 1233 1249 1289 de
1265 1235 1653 1289 resurrectione
1666 1234 1822 1289 ﬁdem

227 1324 430 1380 habere
454 1334 790 1390 recusarent;
813 1324 953 1395 quod
972 1325 1017 1378 si
1046 1339 1204 1379 nemo
1223 1340 1344 1395 qua:
1366 1332 1651 1389 meruerat,
1670 1341 1823 1380 rece-

227 1414 767 1489 pisset,plureseerte
786 1415 1191 1487 negligentiores
1203 1415 1512 1471 evasissent.
1534 1416 1821 1485 Propterea

223 1506 490 1583 quosdam
526 1506 693 1577 punit,
708 1507 965 1578 quosdam
984 1507 1200 1562 minime
1220 1506 1389 1576 punit,
1408 1512 1602 1564 etcum
1633 1509 1712 1563 eis
1733 1507 1824 1577 qui

226 1600 541 1670 puniuntur,
575 1608 684 1655 tum
714 1601 794 1655 eis
843 1599 932 1671 qui
965 1615 1069 1654 non
1103 1601 1392 1670 puniuntur
1419 1598 1673 1667 prodest;
1699 1615 1822 1654 nam

224 1691 452 1746 istorum
474 1689 686 1762 quidem
711 1691 952 1761 reprimit
994 1690 1382 1760 improbitatem
1412 1731 1426 1754 ,
1451 1690 1659 1744 illorqu
1695 1706 1825 1745 vero

223 1786 486 1856 supplicio
507 1784 859 1839 modestiores
878 1794 1103 1839 caeteros
1120 1783 1310 1839 reddit.
1325 1785 1498 1854 Atque
1528 1784 1632 1839 hoc
1657 1800 1721 1839 ex
1756 1784 1822 1839 il-

224 1878 317 1945 lis,
338 1893 457 1949 qua:
480 1878 613 1933 dixit
631 1876 877 1931 Christus
895 1877 1028 1945 ipse,
1049 1875 1386 1931 manifestum
1404 1886 1505 1932 est.
1527 1875 1661 1932 Cum
1680 1876 1821 1931 enim

226 1971 589 2026 renuntiatum
608 1969 680 2024 illi
699 1979 841 2025 esset
867 1969 1153 2040 collapsam
1182 1970 1369 2025 turrim
1392 1969 1635 2027 homines
1660 1986 1825 2041 quos-

226 2062 352 2118 dam
372 2062 636 2128 obrttisse,
661 2061 735 2115 ait
762 2060 828 2116 ad
857 2061 995 2115 illos:
1026 2060 1163 2129 Quid
1199 2061 1492 2139 existimatis
1512 2065 1630 2132 quia
1647 2072 1692 2117 et
1712 2063 1812 2131 ipsi

223 2164 512 2224 peccatores
538 2153 725 2223 fuerint
754 2153 919 2208 solum
936 2153 962 2208 ?
979 2142 1121 2219 Non,
1148 2152 1262 2207 dico
1281 2152 1417 2207 vobis
1446 2168 1467 2208 :
1492 2152 1581 2207 sed
1600 2153 1643 2206 si
1662 2153 1823 2222 paeni-

224 2247 437 2304 tentiam
452 2261 552 2299 non
567 2245 786 2316 egeritis,
807 2253 851 2299 et
868 2260 952 2298 vos
976 2244 1152 2298 eadem
1169 2243 1429 2315 patiemini
1452 2242 1604 2314 (Luc.
1627 2244 1712 2297 l5.
1740 2243 1819 2314 ιι).

296 2334 403 2392 Cur
432 2351 534 2389 non
560 2350 733 2389 omnes
758 2334 840 2387 hic
871 2332 1407 2405 puniantur.—Vides
1435 2342 1491 2387 ut
1514 2333 1587 2388 illi
1604 2347 1819 2404 quoque

225 2436 449 2498 propter
481 2434 698 2497 peccata
721 2424 1010 2495 perierint,
1040 2432 1095 2480 et
1117 2426 1296 2481 creteri
1321 2432 1537 2494 propter
1559 2419 1818 2494 justitiam

224 2533 335 2574 non
353 2517 656 2582 evaserint,
684 2515 781 2572 sed
807 2525 864 2571 ut
890 2516 1098 2575 illorum
1123 2516 1385 2587 supplicio
1414 2515 1602 2571 fierent
1624 2515 1815 2570 melio-

224 2610 357 2666 res?
383 2608 573 2679 Itaque
604 2608 796 2678 injuria
826 2617 950 2662 sunt
973 2607 1169 2674 all'ecti,
1199 2607 1401 2678 inquit,
1434 2605 1548 2672 illi,
1580 2607 1669 2677 qui
1700 2622 1817 2677 poe-

222 2720 325 2760 nas
349 2703 645 2762 dederunt:
677 2710 924 2774 poterant
951 2702 1093 2759 enim
1119 2709 1174 2755 et
1203 2700 1303 2771 ipsi
1331 2714 1437 2754 non
1467 2700 1653 2770 puniti,
1683 2701 1819 2763 alio-

223 2811 346 2851 rum
371 2795 635 2865 supplicio
672 2793 787 2850 lleri
831 2793 1100 2849 meliores.
1132 2793 1293 2863 Atqui
1340 2793 1383 2848 si
1417 2793 1670 2849 meliores
1696 2793 1817 2848 illos

221 2902 324 2958 per
350 2886 717 2958 penitentiam
739 2900 995 2940 evasuros
1015 2883 1261 2939 scivissct
1278 2923 1294 2949 ,
1339 2898 1673 2954 nequaquam
1695 2883 1818 2940 illos

220 2979 539 3051 punivisset.
568 2978 623 3035 Si
658 2978 801 3033 enim
828 2992 950 3033 cum
974 2976 1265 3047 praevideat
1288 2976 1470 3031 multis
1505 2990 1658 3031 suam
1696 2977 1817 3032 Ion-

220 3072 594 3145 ganimitatem
616 3070 749 3127 nihil
782 3069 1113 3141 profuturam
1132 3110 1146 3133 ,
1184 3077 1357 3125 tamen
1384 3082 1479 3124 eos
1504 3068 1671 3126 multa
1693 3083 1815 3124 cum

221 3164 702 3238 patientiatolerat,
729 3178 853 3218 suas
893 3170 1071 3232 partes
1103 3175 1284 3231 agens,
1306 3168 1361 3215 et
1378 3159 1482 3219 illis
1495 3159 1816 3227 concedens,

221 3265 284 3312 ut
312 3270 345 3310 a
386 3255 606 3310 stultitia
632 3268 725 3309 sua
754 3253 1070 3324 resipiscam
1113 3268 1127 3306 :
1157 3249 1424 3320 quomodo
1452 3264 1566 3316 eos,
1590 3250 1679 3320 qui
1703 3264 1814 3305 ca:-

221 3358 468 3403 terorum
500 3344 763 3416 supplicio
801 3344 1049 3399 meliores
1088 3341 1300 3398 evasuri
1328 3349 1503 3406 erant,
1546 3355 1614 3397 eo
1640 3340 1812 3397 fructu

220 3438 498 3510 privaret,
544 3437 633 3506 qui
664 3450 730 3491 ex
761 3434 1074 3505 ptenitentia
1100 3432 1435 3505 percipitur?
1463 3430 1645 3503 Itaque
1667 3432 1814 3490 nulla

217 3529 307 3586 isti
327 3527 442 3584 laesi
465 3535 591 3593 sunt
614 3525 806 3597 injuria
830 3566 846 3591 ,
877 3524 1020 3596 quod
1045 3534 1102 3580 et
1125 3524 1338 3583 illorum
1362 3523 1565 3579 malitia
1589 3523 1661 3579 sit
1688 3538 1815 3596 sup-

217 3618 385 3693 plicio
407 3632 652 3689 repressa
681 3656 699 3683 ,
751 3626 806 3674 et
845 3615 986 3687 quod
1025 3615 1254 3672 leviores
1301 3622 1586 3686 propterea
1623 3615 1814 3671 futura:

215 3712 332 3766 sint
352 3722 696 3780 pmoaa,quas
718 3706 773 3764 in
803 3707 973 3763 altero
1004 3706 1203 3762 saeculo
1233 3704 1413 3761 luituri
1432 3713 1576 3772 sunt,
1594 3704 1810 3776 quodin

215 3802 326 3863 isto
342 3801 476 3856 mala
503 3798 875 3856 sustinuerint.
904 3797 1110 3852 Rursus
1130 3796 1203 3851 illi
1232 3797 1322 3867 qui
1353 3796 1521 3867 puniti
1537 3811 1642 3851 non
1664 3804 1809 3864 sunt,

216 3894 368 3950 nulla
395 3902 521 3948 sunt
570 3891 765 3962 injuria
798 3890 932 3945 lassi.
959 3888 1132 3945 Licuit
1156 3888 1299 3944 enim
1326 3887 1454 3959 ipsis
1475 3930 1494 3956 ,
1525 3888 1571 3944 si
1596 3887 1810 3958 quidem

214 3984 539 4047 voluissent,
562 3979 964 4053 longanimitate
988 3980 1079 4035 Dei
1106 3978 1173 4035 ad
1195 3980 1450 4051 optimam
1466 3980 1541 4037 uti
1560 3981 1810 4036 mutatio-

213 4090 345 4132 nem
366 4115 384 4140 ,
416 4073 723 4144 patientiam
759 4072 875 4142 ejus
916 4069 1181 4127 laudando
1220 4085 1486 4126 summam
1530 4071 1646 4142 ejus
1676 4072 1810 4129 tole-

212 4166 449 4223 rantiam
479 4163 711 4220 revereri
728 4172 814 4228 ,et
838 4161 905 4217 ad
932 4162 1182 4217 virtutem
1209 4162 1496 4232 aliquando
1521 4164 1760 4219 converti
1787 4205 1805 4231 ,

209 4270 380 4329 atque
405 4272 471 4314 ex
501 4257 725 4312 aliorum
745 4254 1009 4326 supplicio
1034 4254 1261 4310 salutem
1290 4270 1441 4311 suam
1475 4255 1805 4313 lucrifacere.

211 4348 376 4418 Quod
414 4347 462 4404 si
499 4351 554 4402 in
610 4344 843 4416 nequitia
883 4354 1273 4416 perseverant,
1325 4360 1433 4401 non
1478 4345 1619 4402 Deus
1641 4355 1726 4402 est
1750 4346 1808 4404 in

211 4454 403 4504 causa,
420 4438 510 4509 qui
530 4447 812 4508 propterea
838 4435 1100 4506 patienter
1126 4433 1247 4501 fert,
1280 4445 1337 4491 ut
1362 4450 1457 4493 eos
1486 4437 1585 4492 sibi
1617 4452 1808 4494 recon-

211 4531 397 4595 ciliet;
425 4544 612 4584 verum
644 4527 720 4582 illi
744 4527 897 4583 venia
920 4533 1047 4581 sunt
1075 4525 1309 4597 indigni,
1339 4526 1430 4597 qui
1454 4527 1547 4583 Dei
1570 4528 1809 4599 longani-

212 4625 425 4688 mitate,
442 4632 498 4677 ut
518 4621 771 4692 oportuit.
797 4635 903 4675 non
928 4619 1036 4674 sint
1076 4619 1178 4674 usi.
1201 4617 1385 4689 Neque
1403 4632 1529 4674 vero
1545 4619 1806 4676 rationem

211 4721 432 4771 tantum
457 4713 613 4768 istam
637 4710 830 4767 allerre
854 4723 1138 4781 possumus
1160 4749 1176 4774 ,
1205 4708 1276 4764 ob
1301 4724 1457 4780 quam
1496 4708 1551 4765 in
1577 4709 1676 4765 hac
1699 4710 1809 4765 vita

210 4805 349 4863 mali
386 4818 575 4860 omnes
612 4803 831 4859 minime
860 4801 1201 4871 plectuntur,
1250 4799 1344 4856 sed
1373 4809 1428 4859 et
1459 4798 1619 4855 aliam
1640 4800 1807 4858 nihilo

158 4950 171 4962 ,
207 4899 321 4955 ista
352 4897 636 4950 minorem.
663 4892 831 4962 Quam
855 4890 1103 4948 tandem?
1124 4890 1276 4959 Quod
1304 4890 1576 4955 nimirum,
1604 4891 1650 4947 si
1678 4906 1807 4948 cono

206 4990 401 5048 festim
429 4997 550 5060 post
583 4997 798 5059 peccata
826 4999 1012 5056 pronas
1041 4992 1278 5040 sumeret
1324 4985 1465 5040 Deus
1492 5026 1507 5048 ,
1535 4984 1804 5041 sublatum

205 5091 370 5140 esset
394 5095 428 5137 e
455 5079 633 5136 medio
660 5093 829 5149 genus
851 5076 1143 5131 humanum
1169 5117 1185 5142 ,
1212 5089 1385 5145 neque
1413 5074 1665 5131 continua
1685 5090 1807 5132 suc~

202 5174 466 5231 cessione
497 5172 576 5245 ad
606 5172 719 5227 lucc
748 5178 990 5240 tempora
1033 5167 1379 5238 pervenisset.
1420 5168 1598 5238 Atque
1621 5176 1680 5223 ut
1703 5167 1807 5224 hoc

205 5280 407 5324 verum
424 5280 546 5321 esse
569 5277 860 5335 cognoscas
875 5302 892 5331 ,
918 5260 1043 5317 audi
1066 5259 1378 5331 prophetam
1399 5258 1667 5315 dicentem
1695 5277 1710 5315 :
1743 5259 1807 5317 Si

204 5360 509 5429 iniquitates
534 5355 869 5412 observaveris
890 5394 907 5420 ,
937 5353 1189 5422 Domine,
1218 5353 1603 5423 quissustinebit
1631 5352 1802 5425 (Psal.

209 5452 347 5508 129.
376 5449 476 5521 3)?
499 5448 653 5518 Quod
675 5447 721 5502 si
747 5446 928 5503 lubeat
950 5443 1053 5501 hoc
1071 5443 1269 5499 dictum
1291 5443 1617 5510 examinare,
1639 5443 1805 5499 omis-

204 5563 278 5606 II
330 5548 389 5603 in
431 5545 761 5617 singulorum
801 5541 965 5597 vitam
1004 5547 1191 5596 exacta
1218 5537 1555 5610 inquisitione
1607 5537 1806 5610 (neque

207 5641 364 5697 enim
394 5636 509 5693 ﬁeri
538 5642 733 5707 potest,
762 5640 821 5689 ut
833 5646 954 5704 quae
977 5632 1202 5703 quisque
1216 5628 1441 5702 gesserit
1460 5628 1513 5685 in
1534 5627 1640 5683 vita
1661 5627 1803 5685 scia-

206 5730 387 5802 mus),
415 5742 535 5800 qua:
562 5726 678 5783 sine
704 5721 1126 5781 contradictione
1143 5719 1319 5779 cuncti
1336 5732 1635 5792 peccamus,
1656 5718 1795 5776 eain

1305 281 1391 337 DE
1430 281 1721 340 DIABOLO
1757 284 2187 343 TENTATORE.
2219 288 2442 347 IIOMIL.
2475 291 2543 350 IL
3418 291 3519 348 233

1928 405 2163 465 medium
2190 406 2544 477 proferamus,
2572 416 2626 463 et
2649 422 2717 464 ex
2735 408 2835 465 hoc
2847 411 2999 469 nobis
3030 413 3268 486 liquebit,
3290 416 3434 489 quod
3475 419 3519 473 si

1931 499 2003 555 ob
2030 498 2232 569 singula
2262 507 2473 568 peccata
2501 498 2828 569 puniremur,
2852 501 2962 572 jam
2988 505 3114 560 olim
3145 507 3424 578 periissem
3437 526 3517 565 us.

1930 591 2031 658 Qui
2053 591 2268 645 fratrem
2294 605 2451 645 suum
2481 590 2681 647 fatuum
2703 592 3001 662 appellarit,
3016 610 3137 650 reus
3156 607 3239 653 est
3258 599 3521 670 gehcntne

1931 684 2066 754 ignis
2095 682 2310 755 (Matth.
2339 684 2393 740 5.
2422 683 2539 755 22),
2577 683 2765 755 inquit.
2791 687 2872 741 An
2902 687 3060 758 igitur
3084 698 3167 743 est
3193 680 3389 762 aliquis
3430 710 3521 747 no.

1929 785 2122 841 stt-um,
2148 775 2238 845 qui
2260 774 2362 830 hoc
2388 783 2661 845 peccatum
2684 793 2790 832 non
2817 780 3186 835 commiserit?
3206 798 3403 854 ergone
3436 798 3521 840 su-

1930 864 2041 919 bito
2086 879 2117 919 e
2159 864 2336 920 medio
2375 866 2483 921 tolli
2529 869 2818 937 oportuit?
2863 870 3042 942 Itaque
3086 872 3282 929 sublati
3329 890 3527 931 omnes

1930 973 2171 1014 essemus
2191 975 2220 1014 e
2237 959 2434 1027 medio,
2454 969 2614 1031 atque
2636 961 2795 1018 deleti
2820 965 3084 1034 quondam
3106 976 3160 1023 et
3177 967 3517 1036 jamdudum.

1929 1048 2135 1105 Rursus
2166 1050 2210 1105 is
2240 1050 2329 1121 qui
2352 1050 2516 1120 jurat,
2548 1053 2735 1123 inquit,
2761 1055 2862 1110 etsi
2882 1066 3025 1111 recte
3048 1057 3212 1127 juret,
3247 1074 3360 1119 rem
3384 1061 3513 1129 agit,

1928 1156 2047 1210 qua:
2090 1156 2122 1196 a
2173 1143 2314 1197 malo
2368 1153 2450 1198 est
2494 1142 2615 1217 (1b.
2667 1160 2713 1200 υ.
2748 1146 2815 1201 37
2842 1145 2886 1216 ).
2934 1146 3063 1215 Quis
3106 1149 3262 1220 igitur
3298 1160 3382 1206 est
3426 1153 3516 1222 qui

1929 1247 2035 1285 non
2060 1231 2289 1302 jurarit?
2318 1234 2425 1287 imo
2460 1250 2586 1290 vero
2616 1276 2632 1305 ,
2664 1235 2784 1306 quis
2827 1246 2910 1292 est
2957 1239 3045 1308 qui
3087 1256 3192 1297 non
3231 1242 3518 1312 aliquando

1936 1321 2189 1394 pejerarit
2207 1324 2229 1377 ?
2250 1323 2349 1393 Qui
2378 1326 2674 1392 mulierem,
2703 1329 2901 1397 inquit,
2929 1331 3116 1399 aspicit
3147 1333 3358 1388 lascivis
3380 1351 3513 1390 ocu-

1928 1412 2014 1481 lis,
2065 1413 2272 1470 adulter
2326 1417 2592 1487 perfectus
2629 1428 2712 1474 est
2752 1420 2870 1493 (Ib.
2901 1439 2945 1477 ιο.
2995 1423 3112 1492 9.8).
3142 1427 3315 1496 Atque
3356 1426 3519 1497 hujus

1928 1517 2056 1558 sane
2106 1506 2310 1575 peccati
2350 1509 2547 1563 multos
2595 1508 2865 1566 offendere
2892 1528 3174 1583 possumus
3215 1533 3357 1573 reos.
3379 1520 3514 1577 Cum

1928 1593 2088 1665 igitur
2115 1595 2229 1651 hanc
2254 1612 2371 1667 qua:
2398 1598 2451 1652 in
2476 1599 2724 1656 confesso
2752 1612 2896 1669 sunt,
2928 1604 3049 1659 talia
3080 1615 3294 1678 tamque
3319 1609 3514 1666 intole-

1927 1683 2094 1739 randa
2119 1685 2245 1750 sint,
2270 1697 2326 1742 et
2354 1687 2543 1743 horum
2571 1692 2777 1761 singula
2805 1685 3031 1751 seorsim
3057 1698 3378 1768 supplicium
3417 1716 3516 1759 no-

1928 1775 2010 1832 bis
2036 1789 2315 1834 acccrsant
2343 1780 2651 1838 inevitabile
2671 1826 2686 1850 ,
2717 1785 2762 1838 si
2795 1800 2856 1840 ea
2887 1803 3097 1858 quoque
3123 1790 3398 1846 nobiscum
3427 1808 3516 1849 ro-

1926 1877 2175 1939 putemus
2203 1912 2219 1938 ,
2253 1888 2372 1943 quae
2403 1876 2612 1931 occulte
2654 1879 2989 1946 peccavimus
3019 1920 3035 1948 ,
3070 1891 3180 1936 tum
3222 1886 3516 1953 prmsertim

1925 1962 2160 2018 divinam
2184 1965 2570 2034 providentiam
2598 1983 2947 2038 agnoscamus
2976 2013 2993 2039 ,
3026 1989 3148 2044 qua}
3184 1991 3289 2031 non
3316 1977 3369 2030 in
3399 1979 3517 2032 sin-

1924 2057 2045 2127 gula
2067 2058 2221 2115 nobis
2247 2069 2459 2128 peccata
2488 2062 2807 2132 supplicium
2836 2063 3049 2122 inferat.
3078 2066 3261 2138 Itaque
3282 2069 3328 2124 si
3356 2085 3515 2139 quem

1926 2148 2123 2204 videris
2152 2150 2445 2220 rapientem
2484 2194 2500 2221 ,
2534 2152 2864 2211 fraudantem
2889 2196 2904 2219 .
2933 2165 2988 2212 et
3012 2172 3133 2215 eum
3163 2159 3380 2216 minume
3398 2176 3503 2229 pu-

1924 2239 2047 2309 niri,
2079 2250 2269 2297 excute
2291 2252 2347 2297 tu
2367 2259 2577 2314 quoque
2604 2247 2984 2303 conscientiam
3007 2259 3149 2304 tuam
3174 2290 3191 2315 ,
3215 2261 3401 2321 reputa
3426 2261 3509 2309 te-

1923 2344 2043 2385 cum
2072 2331 2234 2387 vitam
2265 2341 2439 2399 tuam,
2467 2344 2520 2389 ct
2551 2345 2637 2390 tua
2655 2335 2845 2391 delicta
2878 2353 3131 2408 percurre
3158 2357 3171 2393 :
3203 2350 3314 2396 tum
3347 2342 3515 2414 probo

1924 2420 2188 2492 intelliges
2215 2422 2306 2477 tibi
2338 2424 2511 2493 primo
2528 2440 2634 2480 non
2665 2428 2950 2496 espedire,
2976 2440 3032 2484 ut
3062 2431 3113 2485 in
3134 2432 3368 2499 peccatis
3393 2433 3509 2488 sin-

1921 2511 2062 2582 gulis
2091 2513 2346 2582 puniaris.
2380 2514 2582 2571 Idcirco
2604 2517 2749 2573 enim
2778 2535 2966 2576 severe
2995 2521 3147 2576 multi
3178 2523 3468 2593 loquuntur
3487 2566 3505 2592 ,

1921 2602 2063 2673 quod
2118 2619 2222 2658 non
2269 2620 2363 2661 sua
2417 2607 2563 2677 prius
2606 2625 2764 2679 quam
2805 2611 2975 2666 aliena
3013 2612 3384 2671 considerent:
3414 2615 3517 2673 sed

1922 2692 2118 2747 nostris
2144 2694 2360 2751 omissis
2379 2712 2567 2753 omnes
2589 2698 2641 2753 in
2667 2716 2756 2756 res
2776 2702 2998 2757 aliorum
3022 2703 3371 2774 inquiramus.
3402 2705 3507 2764 νο.

1921 2791 2220 2838 rumtamen
2249 2800 2316 2839 ne
2345 2786 2573 2856 amplius
2604 2787 2656 2843 id
2685 2804 2905 2860 agamus
2935 2832 2952 2860 ,
2983 2791 3076 2848 sed
3104 2793 3259 2864 plane
3292 2806 3514 2854 contra-

1921 2872 2083 2930 rium.
2116 2875 2193 2930 Ac
2227 2876 2273 2930 si
2303 2877 2518 2947 quidem
2566 2878 2768 2949 justum
2814 2882 3044 2954 aliquem
3072 2886 3249 2955 puniri
3276 2887 3458 2944 videas
3490 2929 3506 2957 ,

1918 2962 2023 3018 Job
2052 2964 2334 3023 recordare
2360 2984 2373 3021 :
2407 2969 2507 3023 etsi
2536 2970 2680 3026 enim
2702 2971 2878 3043 justus
2917 2975 2988 3030 sit
3024 2977 3216 3047 aliquis
3237 3017 3253 3044 ,
3291 2994 3391 3035 nec
3421 2988 3508 3036 ta—

1920 3069 2042 3111 men
2058 3054 2254 3125 justior
2282 3057 2373 3113 illo
2392 3060 2515 3128 erit,
2535 3076 2707 3132 neque
2731 3063 2817 3119 vel
2839 3064 3103 3122 modicum
3126 3069 3199 3125 illi
3229 3071 3504 3139 proximus

1918 3145 2052 3201 erit:
2075 3160 2139 3201 ac
2168 3146 2293 3203 licet
2318 3149 2594 3206 innumera
2612 3152 2682 3208 sit
2705 3155 2839 3209 mala
2864 3156 3307 3225 passus,necdum
3330 3170 3509 3219 tamen

1918 3235 2206 3307 quidquam
2238 3238 2343 3294 tale
2372 3256 2560 3310 passus
2585 3253 2688 3312 est,
2718 3245 2876 3316 quale
2901 3247 2984 3302 vir
3014 3249 3121 3305 ille.

1990 3330 2046 3387 8.
2079 3330 2189 3386 Iloc
2216 3333 2373 3404 igitur
2393 3345 2573 3391 mente
2601 3352 2858 3406 versans,
2887 3338 3074 3397 desine
3094 3341 3377 3398 Dominum
3402 3357 3495 3399 ac-

1917 3432 2125 3489 cusare,
2153 3437 2274 3477 cum
2295 3423 2560 3497 intelligas
2590 3426 2773 3494 Deum,
2803 3444 2909 3484 non
2930 3430 3070 3501 quod
3095 3431 3242 3487 illum
3263 3433 3499 3502 deserat,

1923 3509 2084 3567 talem
2111 3511 2288 3568 sinere
2317 3515 2469 3569 malis
2487 3516 2647 3587 afﬂigi
2669 3559 2685 3584 ,
2717 3517 2813 3574 sed
2849 3520 2991 3589 quod
3018 3521 3164 3578 illum
3192 3538 3389 3581 corona
3409 3526 3508 3581 do-

1922 3615 2052 3656 nare
2081 3609 2241 3672 atque
2263 3602 2608 3661 illustriorem
2639 3609 2766 3663 velit
2792 3608 3039 3685 reddere.
3069 3612 3126 3668 Si
3157 3630 3284 3669 vero
3310 3630 3501 3685 pecco-

1919 3698 2085 3747 torem
2105 3690 2286 3749 videas
2298 3694 2549 3764 castigari
2555 3695 2858 3759 ,recordare
2871 3700 3165 3772 paralytici,
3183 3704 3273 3773 qui
3288 3705 3503 3774 triginta

1916 3792 1970 3840 et
1985 3793 2106 3840 octo
2116 3784 2225 3856 jam
2242 3801 2409 3843 annos
2428 3788 2479 3842 in
2495 3788 2633 3845 lecto
2652 3788 2977 3849 decubuerat
2997 3792 3235 3867 (Joan.5.
3266 3797 3343 3867 5).
3360 3797 3496 3855 Nam

1916 3874 2064 3930 illum
2091 3884 2308 3949 propter
2335 3889 2549 3949 peccata
2575 3890 2682 3936 tum
2703 3882 2952 3939 traditum
2993 3885 3066 3941 illi
3098 3889 3285 3943 morbo
3315 3888 3502 3960 fuisse,

1915 3969 2035 4025 audi
2053 3984 2157 4039 quo
2182 3979 2336 4042 pacto
2360 3970 2560 4027 Christi
2589 3974 2751 4029 verba
2781 3982 3063 4035 testentur:
3086 3976 3218 4034 Ecce
3240 3996 3396 4036 sanus
3420 3983 3507 4054 [a-

1915 4069 2025 4115 ctus
2044 4077 2095 4116 es
2109 4076 2129 4115 :
2136 4062 2253 4132 jam
2279 4062 2385 4117 noli
2400 4080 2629 4134 peccare,
2652 4082 2714 4121 ne
2732 4066 2949 4124 deterius
2972 4069 3061 4123 tibi
3095 4070 3290 4143 aliquid
3303 4073 3506 4129 contin-

1913 4160 2000 4223 gat
2029 4149 2187 4224 (Ibid.
2216 4168 2265 4208 υ.
2299 4154 2408 4225 lt).
2447 4153 2540 4210 Vel
2562 4155 2705 4211 enim
2735 4172 2918 4215 eorum
2945 4176 3064 4231 quae
3092 4164 3459 4222 commisimus
3487 4209 3506 4234 ,

1917 4241 2114 4297 luimus
2138 4258 2344 4314 poenas,
2367 4244 2496 4301 dum
2518 4249 2869 4319 castigantur:
2891 4251 2974 4306 vel
3000 4253 3335 4310 occasionem
3360 4258 3507 4312 acci-

1916 4334 2091 4404 pimus
2125 4349 2472 4406 coronarum,
2495 4338 2543 4393 si
2563 4338 2689 4395 dum
2716 4350 2861 4398 recte
2897 4343 3158 4410 vivimus,
3186 4348 3342 4404 malis
3365 4350 3506 4405 afﬂi-

1912 4423 2102 4492 gimur.
2146 4424 2327 4497 Itaque
2361 4428 2473 4484 sive
2506 4429 2559 4485 in
2599 4430 2805 4500 justitia
2841 4435 2959 4490 sive
2983 4436 3035 4490 in
3069 4439 3302 4507 pacatis
3342 4440 3513 4498 vitam

1912 4514 2166 4587 degamus
2187 4556 2203 4584 ,
2229 4518 2355 4574 utile
2379 4519 2532 4576 nobis
2562 4529 2645 4577 est
2664 4524 2861 4592 puniri,
2891 4527 3031 4596 quod
3059 4527 3111 4583 id
3139 4529 3427 4600 aliquando
3449 4535 3514 4588 il-

1912 4609 2190 4666 lustriores
2217 4624 2317 4666 nos
2344 4610 2555 4681 reddat,
2584 4615 2869 4686 aliquando
2896 4620 3249 4681 modestiores
3272 4624 3468 4682 efﬁciat
3492 4668 3507 4691 ,

1911 4715 1975 4757 ac
2002 4701 2232 4758 futurum
2277 4704 2595 4774 supplicium
2625 4708 2781 4764 nobis
2822 4709 3046 4784 mitiget.
3079 4714 3243 4772 Posse
3278 4731 3513 4787 namque

1911 4793 2140 4864 aliquem
2172 4835 2187 4861 ,
2219 4795 2307 4866 qui
2338 4793 2497 4852 fuerit
2542 4796 2596 4852 in
2635 4797 2737 4855 hac
2764 4801 2869 4857 vita
2900 4805 3135 4873 punitus,
3158 4818 3355 4864 etcum
3385 4825 3510 4879 gra-

1912 4884 2104 4975 tiarum
2127 4885 2335 4942 actione
2360 4896 2550 4942 cuncta
2586 4890 2882 4959 pertulerit,
2920 4896 3233 4975 gravitatem
3260 4888 3512 4969 supplicii

1912 4973 1967 5032 in
1983 4978 2147 5033 altera
2185 4978 2291 5033 vita
2317 4979 2577 5038 subeundi
2603 4983 2850 5055 mitigare
2880 5026 2898 5053 ,
2933 4973 3082 5044 disce
3125 5004 3191 5043 ex
3232 4987 3316 5045 his
3359 4989 3514 5047 Pauli

1912 5068 2088 5125 verbis
2109 5086 2123 5123 :
2145 5067 2174 5123 Ι
2179 5068 2272 5124 deo
2285 5070 2411 5125 inter
2426 5088 2513 5128 vos
2533 5074 2679 5128 multi
2701 5076 2894 5145 inﬁrmi
2918 5086 2966 5131 et
2993 5077 3287 5145 imbecilles,
3311 5088 3359 5135 et
3384 5079 3509 5135 dor-

1913 5160 2072 5215 miunt
2091 5159 2257 5215 multi.
2290 5160 2439 5229 Quod
2466 5162 2511 5218 si
2539 5166 2867 5237 nosmetipsos
2877 5166 3231 5237 judicaremus
3246 5210 3262 5237 ,
3285 5187 3388 5226 non
3406 5171 3510 5225 stti-

1911 5269 2007 5325 que
2015 5252 2391 5324 judicaremur;
2423 5256 2542 5311 dum
2563 5258 3056 5329 judicamurautem,
3075 5260 3513 5319 aDominocorri-

1914 5349 2165 5420 pimur,ut
2184 5365 2284 5403 non
2301 5366 2413 5404 cum
2434 5352 2624 5406 mundo
2642 5351 2939 5407 damnentur
2960 5353 3007 5425 (l
3030 5354 3148 5410 Car.
3167 5357 3253 5410 Il.
3280 5356 3509 5425 30-32).

1983 5437 2324 5496 Providentiae
2345 5438 2445 5496 Dei
2470 5441 2849 5499 demonstratio.
2877 5473 2951 5486 --
2995 5445 3120 5502 Ilaec
3149 5446 3306 5517 igitur
3329 5448 3511 5505 omnia

1919 5547 2042 5588 cum
2068 5532 2341 5603 explorata
2367 5535 2474 5588 sint
2500 5532 2655 5590 nobis
2678 5573 2695 5600 ,
2724 5534 2797 5590 ita
2816 5534 2884 5591 de
2912 5537 3241 5606 providentia
3269 5538 3361 5595 Dei
3387 5541 3511 5610 phl~

1912 5623 2291 5696 losophemur,
2321 5624 2502 5697 eisque
2542 5625 2632 5696 qui
2665 5626 3039 5684 contradicunt
3075 5644 3138 5684 os
3171 5630 3506 5687 obturemus.

1914 5717 2066 5788 Quod
2090 5717 2133 5774 si
2156 5716 2284 5789 quid
2310 5716 2535 5787 accidat,
2556 5718 2700 5791 quod
2729 5728 2968 5779 mentem
2996 5730 3236 5777 nostram
3259 5720 3509 5786 excedat.
