4036 6206
595 285 701 342 2δῖ

589 405 658 444 ne
687 387 884 458 idcirco
922 399 1007 442 res
1043 378 1254 441 nostras
1282 383 1461 451 divina
1491 383 1597 452 regi
1641 383 1962 452 providentia
1997 397 2158 452 nege-

587 496 704 535 mus
735 497 753 553 ς,
780 479 872 543 sed
909 494 1030 544 cum
1069 494 1190 545 eam
1213 493 1279 532 ex
1307 484 1455 547 parte
1479 463 2035 545 comprehenderimus
2059 516 2074 538 ,
2107 474 2158 540 in

589 573 653 628 iis
695 589 814 652 qua:
849 571 1230 640 comprehendi
1271 569 1484 624 minimc
1526 578 1723 638 queunt
1751 611 1766 635 ,
1812 567 2160 638 investigahili

587 664 702 733 ejus
747 663 1019 732 sapientim
1048 661 1318 716 cedamus.
1360 660 1414 714 Si
1444 660 1584 727 enim
1627 658 1853 712 hominis
1884 659 2161 712 artiticium

590 751 753 824 homo
782 755 1056 824 imperitus
1084 752 1292 823 assequi
1320 752 1536 822 minime
1563 761 1734 821 potest
1759 793 1782 824 ,_
1806 751 1970 804 multo
2001 750 2166 819 magis

590 828 916 919 impossibile
937 859 1110 920 cst,u.t
1133 851 1440 915 immensam
1474 849 1564 902 Dei
1595 847 1976 920 providentiam
2007 847 2163 900 intel-

592 920 718 1010 ligat
749 956 900 994 mens
927 939 1174 1011 humana.
1205 939 1562 994 lmerutabih’a
1600 940 1784 1010 quippe
1819 949 1933 993 sunt
1971 939 2171 1011 judicia

591 1031 727 1103 ejus,
752 1038 802 1084 ει
827 1029 1191 1100 investigabiles
1217 1031 1309 1103 vita
1337 1031 1446 1100 eius
1467 1029 1484 1102 (
1504 1028 1653 1098 Rom.
1685 1031 1771 1085 Η.
1798 1031 1869 1097 55
1887 1033 1926 1098 ).
1949 1029 2172 1083 Vernat-

595 1129 916 1189 tamencum
955 1111 1031 1176 δι’
1060 1121 1238 1190 paucis
1265 1120 1330 1176 de
1360 1130 1470 1186 toto
1503 1121 1766 1190 possimus
1808 1121 2168 1192 probationem

591 1223 658 1265 ac
685 1209 839 1277 ﬁdem
862 1219 1062 1280 certam
1089 1211 1329 1280 accipere
1353 1251 1372 1283 ,.
1410 1201 1519 1280 pro
1542 1213 1746 1279 cunctis
1778 1228 1895 1284 qua:
1931 1211 2175 1275 accidunt

596 1299 706 1356 De»
743 1303 938 1371 gratias
981 1315 1216 1371 agamus.
1256 1301 1385 1356 Nam
1431 1312 1486 1360 et
1526 1302 1624 1356 alia
1662 1303 1865 1356 ratione
1896 1315 2175 1383 possumus

595 1392 796 1462 absque
827 1393 929 1446 ulla
960 1393 1380 1454 contradictione
1408 1393 1474 1448 de
1507 1395 1837 1464 providentia
1859 1394 2033 1448 divina
2067 1393 2177 1462 phi-

596 1482 891 1552 losophari,»
907 1484 948 1537 si
973 1483 1217 1538 velimus.
1241 1483 1629 1557 lntcrrogemus
1649 1485 1790 1548 enim
1820 1470 2175 1550 adversarios,

594 1589 669 1628 an
686 1573 752 1628 sit
778 1575 914 1629 Deus
931 1576 959 1627 ῗ-
982 1575 1122 1644 quod
1147 1575 1190 1629 si
1221 1573 1451 1629 dixerint
1481 1591 1584 1629 non
1613 1589 1732 1630 esse
1760 1575 1946 1638 Deum.
1971 1591 2037 1628 ne
2060 1575 2176 1628 illos

598 1678 857 1732 responso
885 1655 1183 1732 dignemur.
1218 1663 1282 1719 Ut
1313 1665 1454 1728 enim
1481 1663 1693 1731 furiosis
1720 1679 1930 1734 aequum
1957 1679 2062 1730 non
2095 1672 2178 1732 est

599 1763 658 1808 ut
683 1753 968 1825 quidquam
1017 1755 1430 1822 respondeamus
1452 1794 1467 1818 ,
1506 1756 1576 1822 ita
1621 1769 1720 1808 nec
1754 1755 1858 1809 illis
1882 1755 1971 1823 qui
2011 1754 2175 1821 Deum

603 1860 707 1902 non
724 1859 848 1902 esse
861 1845 1060 1900 dicunt.
1090 1845 1218 1900 Nam
1246 1846 1291 1900 si
1320 1847 1606 1922 navigium,
1624 1848 1676 1900 in
1697 1863 1801 1920 quo
1832 1845 1982 1916 pauci
2006 1855 2178 1915 nauta:

604 1935 797 1990 fuerint
822 1945 878 1991 et
899 1946 1162 2002 vectores,
1197 1937 1312 1990 ﬁeri
1334 1938 1512 2007 nequit
1541 1947 1597 1992 ut
1623 1929 1888 1992 incolume
1913 1946 2173 2001 servetur,

605 2041 672 2080 ne
696 2025 769 2080 ad
791 2028 945 2085 unius
966 2027 1176 2096 quidem
1206 2028 1359 2082 stadii
1390 2029 1638 2098 spatium.
1672 2028 1872 2100 absque
1894 2045 2051 2084 manu
2079 2045 2180 2102 gu-

605 2118 900 2174 bernatoris
928 2136 946 2170 :
975 2121 1140 2174 multo
1166 2120 1332 2189 magis
1361 2128 1534 2178 tantus
1565 2120 1651 2176 hic
1693 2123 1951 2190 mundus,
1981 2125 2066 2194 qui
2103 2135 2182 2181 tot

605 2208 658 2262 in
692 2222 753 2264 se
789 2223 1010 2278 corpora
1046 2210 1282 2264 continet
1307 2226 1370 2265 et
1411 2211 1688 2276 elementis
1723 2213 1948 2274 conﬂata
1979 2255 1994 2278 ,
2036 2223 2182 2269 tanto

607 2308 848 2368 tempore
873 2316 977 2354 non
1006 2301 1284 2367 durasset,
1314 2303 1413 2357 nisi
1443 2312 1587 2358 esset
1612 2303 1786 2376 aliqua
1808 2305 2136 2374 providentia
2163 2347 2179 2372 ,

606 2405 724 2460 qua:
753 2390 826 2444 illi
857 2401 1111 2461 prmesscl.
1133 2434 1147 2457 ,
1176 2403 1228 2450 et
1260 2393 1360 2448 hoc
1383 2395 1692 2464 universum
1713 2383 1950 2465 tueretur
1974 2413 2185 2468 semper

1290 276 1348 332 s.
1390 257 1668 331 solt-sats
1706 269 2182 329 cunvsosront
2217 271 2530 328 ARClHEP.
2571 269 3107 359 CONSTANTINOP.

3633 285 3708 343 95.3

2261 395 2325 434 ac
2349 389 2574 451 regeret.
2619 381 2768 448 Quod
2811 382 2854 434 si
2887 396 3218 445 communem
3245 385 3454 444 omnium
3477 398 3709 452 sententiam

2263 483 2318 529 et
2345 476 2510 544 ipsam
2540 491 2715 530 rerum
2743 476 3122 546 experientiam
3147 479 3163 510 ¹
3192 482 3382 536 reveriti
3407 484 3540 539 Deum
3562 501 3649 542 esse
3663 490 3709 544 la-

2266 553 2476 633 teautur
2500 609 2514 630 ,
2548 567 2648 620 hoc
2678 567 2782 620 illis
2814 567 3052 623 dicamus
3086 588 3099 622 :
3127 567 3181 624 Si
3218 571 3282 624 sit
3310 571 3459 638 Deus,
3481 586 3531 630 ut
3552 577 3716 644 proiecto

2267 669 2367 722 est,
2393 659 2628 727 sequitur
2648 672 2769 711 eum
2791 659 2950 713 etiam
2969 659 3170 727 justum
3191 676 3301 716 esse
3330 681 3343 715 :
3371 664 3458 717 nisi
3475 667 3585 718 enim
3606 667 3720 734 justus

2269 749 2356 808 sit,
2379 763 2444 801 ne
2467 737 2605 800 Deus
2627 747 2836 816 quidem
2863 759 2947 802 est
2973 766 2985 801 :
3015 750 3155 817 quod
3181 751 3221 803 si
3246 752 3404 819 justus
3425 755 3498 816 sit,
3521 757 3724 824 unicuique

2272 854 2367 907 pro
2398 840 2597 905 meritis
2625 827 2815 893 reddit.
2845 841 3002 909 Atqui
3032 841 3262 896 videmus
3290 860 3382 897 non
3410 861 3561 899 omnes
3581 846 3643 900 hic
3661 863 3724 915 pro

2273 930 2476 984 meritis
2513 931 2748 997 recipere
2777 947 2790 982 :
2820 931 3042 1000 proinde
3082 948 3293 987 necesse
3317 944 3387 987 est
3415 935 3593 990 alterum
3625 938 3728 990 nobis

2273 1023 2560 1091 repositam
2600 1008 3002 1077 retributionem
3042 1039 3337 1094 speremus,
3367 1037 3414 1080 ut
3437 1041 3535 1081 cum
3558 1045 3628 1096 pro
3651 1044 3726 1082 me-

2276 1115 2393 1170 ritis
2422 1116 2780 1185 unusquisque
2810 1117 3110 1186 receperit,
3142 1131 3378 1187 appareat
3404 1119 3571 1192 iustitia
3593 1121 3730 1174 divina.

2279 1207 2403 1261 llaec
2420 1207 2560 1274 enim
2583 1209 2752 1262 oratio
2775 1225 2876 1261 non
2905 1195 2971 1263 de
3001 1210 3318 1277 providentia
3342 1211 3511 1277 solum,
3534 1212 3605 1265 sed
3623 1214 3729 1266 etiam

2278 1298 2345 1365 de
2374 1299 2762 1365 resurrectione
2794 1299 3181 1369 philosophiam
3213 1302 3352 1355 nobis
3383 1302 3630 1355 introducit.
3653 1303 3735 1356 llaec

2281 1391 2438 1459 igitur
2467 1391 2695 1444 scientes
2721 1430 2736 1454 ,
2777 1377 2896 1445 cum
2939 1391 3039 1459 ipsi
3079 1391 3144 1445 de
3176 1392 3476 1460 providentia
3499 1401 3543 1446 et
3566 1407 3733 1446 resurre

2278 1481 2456 1534 etione
2485 1481 2830 1546 meditemur,
2863 1490 2973 1549 tum
3003 1492 3227 1541 czeteros,
3249 1483 3534 1548 doceamus,
3565 1492 3607 1535 et
3633 1498 3738 1535 mune

2280 1571 2511 1630 studium
2541 1572 2590 1625 in
2621 1571 2669 1624 id
2698 1571 3050 1637 cooleramns,
3082 1583 3136 1627 ut
3166 1574 3248 1638 iis,
3275 1575 3355 1641 qui
3383 1573 3595 1626 adversus
3616 1572 3737 1625 Denti-

2284 1676 2410 1713 nntn
2439 1661 2727 1733 insaniunt,
2758 1677 2818 1715 os
2844 1662 3202 1728 occludamus,
3230 1677 3439 1731 cumque
3462 1676 3544 1714 nos
3565 1661 3606 1713 in
3629 1659 3742 1712 omni

2283 1752 2378 1806 bus
2403 1753 2778 1823 gloriﬁcemus.
2820 1755 2910 1814 Sic
2947 1755 3088 1809 enim
3134 1755 3379 1824 majorem
3415 1755 3514 1823 ejus
3539 1767 3677 1808 curam
3703 1765 3745 1804 ac

2283 1848 2633 1915 patrocinium
2662 1847 3104 1924 promerebimur,
3126 1857 3179 1902 et
3203 1849 3410 1902 multum
3432 1846 3638 1899 auxilium
3655 1843 3744 1896 Oblt-

2282 1937 2542 2004 nchimus,
2567 1946 2723 2007 atque
2744 1938 2812 1991 ita
2836 1953 2958 1992 vera
2983 1940 3184 1992 malitia
3215 1939 3540 1997 Iiberabimur.
3563 1945 3604 1989 et
3623 1934 3745 1987 futura

2285 2026 2422 2080 bona
2449 2041 2857 2098 consequemur,
2888 2030 3051 2099 gratia
3083 2038 3138 2084 et
3183 2029 3482 2099 benignitate
3509 2024 3667 2080 Domini
3688 2037 3750 2075 no-

2283 2119 2380 2172 stri
2408 2119 2534 2174 Jesu
2557 2117 2750 2175 Christi
2773 2162 2788 2186 ,
2816 2135 2911 2190 per
2937 2135 3096 2191 quem
3121 2131 3178 2177 et
3204 2137 3319 2176 cum
3346 2135 3443 2190 quo
3471 2117 3585 2172 l'atri
3605 2115 3750 2184 gloria,

2284 2225 2387 2263 una
2416 2225 2534 2264 cum
2562 2211 2756 2280 Spiritu
2778 2210 3154 2286 S_ancto,nu_nc
3181 2222 3232 2266 et
3260 2225 3472 2285 semper,
3498 2218 3542 2263 et
3563 2207 3602 2260 in
3620 2202 3753 2261 sectili

2285 2314 2425 2365 saccu
2434 2301 2625 2371 lorum.
2658 2303 2850 2372 Arnen,

2353 2411 2370 2443 ι
2407 2409 2561 2470 Colb.,
2585 2409 2803 2474 ipsarum
2819 2423 2983 2461 rerum
2998 2411 3374 2475 consensitmm

2713 2518 3752 2544 _—______—_—___—.——~

737 2607 848 2665 EOS
890 2609 998 2678 QUI
1064 2610 1431 2667 OBJICIUNT,
1477 2611 1600 2655 ουκ
1644 2613 1680 2655 Β
1724 2613 1928 2671 ΜΕΒΙΟ
1967 2615 2279 2671 ευΒιΑτυε
2323 2618 2444 2661 NON
2479 2619 2576 2662 SIT
2618 2621 2922 2665 DIABOLUS
2954 2648 2969 2675 ,
3015 2623 3095 2664 ET
3136 2622 3308 2676 QUOD
3349 2619 3522 2664 HUJUS
3572 2614 3757 2674 stum

1220 2710 1397 2770 muti.
1439 2710 1551 2769 nos
1596 2711 1839 2772 unum,
1884 2712 1936 2769 st
1982 2715 2426 2772 ATTENDAMUS,
2473 2719 2554 2760 ET
2595 2720 2677 2762 ne
2708 2719 3114 2764 POENITENTIA
3169 2703 3280 2784 (a).

2215 2844 2370 2904 9'9"-

1862 2857 2208 2872 ..ῃ-

2371 2863 2633 2883 ε--ῄ

1305 3169 1513 3218 [tomus
1549 3167 1605 3213 tt.

687 3307 736 3360 ‘i.
765 3305 896 3362 Laus
924 3307 1157 3362 Flaviani
1186 3312 1422 3383 episcopi.
1449 3342 1517 3353 —
1538 3313 1682 3368 Isaac
1710 3315 1918 3384 quidem
1945 3331 2064 3372 cum
2095 3335 2182 3388 ex;

611 3407 848 3465 optasset
887 3399 1172 3469 aliquando
1214 3402 1490 3470 prandium
1538 3405 1627 3458 lilii
1671 3407 1916 3461 manibus
1947 3421 2184 3477 paratum

613 3485 926 3553 comedere,
957 3488 1118 3542 lilium
1158 3504 1222 3544 ex
1249 3493 1451 3547 :edibus
1489 3493 1553 3547 ad
1593 3496 1926 3551 venationem
1962 3501 2138 3553 emisit
2168 3519 2182 3556 :

614 3577 701 3632 hic
728 3593 855 3634 vero
881 3591 1062 3636 noster
1104 3581 1246 3637 lsaac
1281 3599 1402 3638 cum
1441 3595 1744 3656 exoptasset
1777 3590 2051 3658 prandium
2097 3606 2188 3645 su-

613 3683 760 3723 mere
785 3669 1027 3724 manilius
1052 3673 1247 3728 nostris
1276 3684 1553 3748 paratum,
1590 3691 1694 3732 non
1737 3693 1803 3733 ex
1849 3680 2048 3735 (edibus
2092 3697 2188 3737 nos

611 3759 821 3824 etuisit,
853 3762 950 3816 sed
975 3763 1087 3832 ipse
1133 3775 1366 3820 nostram
1407 3766 1477 3820 ad
1509 3783 1746 3836 mensam
1783 3773 2030 3827 accurrit.
2059 3773 2188 3839 Quis

615 3849 868 3917 utajomm
900 3862 1172 3920 paternum
1215 3870 1449 3911 amorem
1488 3875 1734 3930 umquam
1760 3863 2042 3934 exhibuit?
2071 3866 2189 3934 quis

616 3937 967 3995 humilitatem
1001 3944 1255 4012 majorem
1281 3961 1367 4010 eo,
1398 3950 1485 4017 qui
1514 3938 1618 4010 tam
1647 3953 1920 4009 ardentem
1946 3955 2190 4026 dignatus

615 4040 700 4084 est
724 4033 1004 4089 ostendere
1032 4037 1306 4092 caritatem
1329 4079 1344 4104 ,
1377 4048 1685 4111 tantumque
1716 4045 1880 4110 voluit
1907 4061 1964 4114 se
1993 4031 2188 4109 demit-

620 4129 735 4177 tere
753 4123 783 4178 2-
799 4123 1152 4190 Quamobrem
1196 4143 1294 4182 nos
1319 4130 1478 4183 etiam
1504 4171 1520 4195 ,
1549 4131 1640 4201 qui
1670 4141 1724 4186 et
1758 4135 1901 4202 vocis
1941 4119 2191 4191 intentio-

619 4227 737 4267 nem
762 4224 820 4270 et
843 4217 1033 4285 pedum
1070 4218 1377 4288 “unitatem
1449 4224 1708 4293 matutina
1747 4229 2188 4286 sermocinatione

618 4303 974 4374 depressimus
997 4349 1013 4371 ,
1046 4311 1249 4378 paterni
1276 4311 1452 4385 vultus
1492 4324 1706 4385 aspectu
1738 4321 1956 4381 recreati
1981 4361 1994 4383 ,
2020 4322 2190 4376 conti-

621 4413 727 4449 uno
752 4398 1070 4455 inﬁrmitatis
1095 4402 1246 4456 obliti
1272 4383 1460 4464 sumus
1479 4446 1494 4470 ,
1523 4383 1788 4486 torporem
1815 4403 2144 4468 excn5simus
2171 4455 2188 4478 ,

620 4489 888 4558 voluptate
915 4495 1173 4547 commoti.
1196 4511 1379 4550 sumus
1405 4506 1460 4567 et
1485 4499 1665 4566 erecti,
1691 4499 2022 4569 splendidam
2053 4503 2188 4574 vidi-

621 4597 740 4636 mus
784 4585 1074 4649 canitiem,
1125 4596 1180 4648 et
1222 4590 1398 4661 anima
1447 4600 1625 4645 nostra
1678 4580 1795 4647 luce
1843 4595 2042 4663 repleta
2084 4605 2187 4651 est.

526 4689 528 4692 '
621 4675 904 4744 l‘ropterea
940 4693 1148 4748 quoque
1187 4692 1429 4751 prompto
1457 4693 1510 4736 et
1535 4684 1698 4738 alacri
1736 4674 1923 4752 animo
1954 4703 2189 4754 mensam

617 4767 964 4834 amionitnus,
993 4783 1050 4822 ut
1081 4786 1208 4837 nos,
1240 4789 1359 4828 cum
1395 4776 1718 4840 comederit,
1749 4777 2046 4846 benedicat.
2077 4779 2190 4834 Non

620 4858 705 4914 hic
731 4857 922 4914 [unum
951 4871 1029 4916 est
1057 4871 1108 4917 et
1148 4862 1332 4929 dolus,
1371 4876 1424 4918 ut
1462 4866 1568 4919 illic
1603 4875 1711 4938 tum
1748 4867 1843 4922 fuit
1873 4886 1885 4921 :
1914 4869 2048 4923 alius
2071 4875 2192 4940 qni-

617 4949 737 5003 dem
765 4951 958 5006 aﬂ'erre
980 4953 1161 5022 jussus
1182 4966 1280 5019 est,
1312 4957 1445 5010 alius
1471 4973 1598 5012 vero
1627 4961 1804 5013 attulit
1829 4978 1844 5025 ;
1874 4962 1966 5029 sed
1994 4977 2091 5031 ego
2117 4962 2194 5015 al-

620 5041 756 5095 lerrc
782 5042 963 5112 jussus
999 5060 1113 5100 sum
1139 5089 1155 5112 ,
1196 5062 1298 5118 ego
1325 5063 1536 5118 quoque
1565 5051 1733 5119 anuli.
1767 5053 1845 5106 Tu
1871 5070 1996 5109 vero
2024 5055 2190 5110 bene-

618 5133 849 5190 dictione
877 5138 1137 5206 spirituali
1179 5141 1401 5196 benedic
1439 5143 1592 5197 nobis
1610 5186 1632 5218 ,_
1654 5155 1822 5214 pater,
1850 5155 1906 5202 et
1946 5163 2006 5202 ea
2033 5165 2190 5216 quam

619 5225 861 5294 accipere
885 5239 1131 5298 optamus
1152 5247 1358 5296 omnes,
1389 5249 1610 5303 qumque
1640 5251 1745 5289 non
1771 5236 1927 5291 modo
1957 5238 2070 5304 tibi,
2098 5239 2194 5293 sed

622 5325 678 5369 ct
701 5318 826 5372 mihi
853 5330 907 5374 et
929 5324 1174 5378 omnibus
1200 5324 1283 5378 his
1310 5326 1380 5379 sit
1400 5326 1574 5382 utilis:
1600 5342 1934 5383 communem
1955 5331 2193 5400 omnium

625 5417 864 5464 nostrum
897 5412 1172 5470 Dominum
1195 5433 1413 5486 precare
1441 5459 1456 5485 ,
1488 5428 1547 5473 ut
1584 5421 1743 5474 vitam
1787 5431 1928 5476 tuam
1967 5423 2032 5490 ad
2064 5439 2190 5484 Dro-

618 5491 784 5552 ἤχθω
815 5496 957 5553 Isaac
985 5516 1308 5560 senectutem
1341 5509 1595 5576 producat
1627 5528 1642 5563 :
1677 5511 1776 5565 hoc
1805 5514 1944 5566 enim
1975 5526 2026 5567 et
2060 5518 2188 5573 mihi

685 5597 759 5683 (.0)
791 5600 966 5666 collata
987 5618 1094 5654 cum
1116 5595 1283 5674 codice
1317 5614 1461 5683 Regio
1488 5614 1622 5672 169i,
1649 5622 1700 5665 et
1719 5614 1849 5664 ϐου).
1873 5615 1988 5665 1050

2289 3053 2342 3099 et
2386 3042 2503 3099 istis
2536 3057 2658 3098 rore
2707 3046 2822 3101 cadi
2865 3061 2926 3101 ac
2979 3047 3302 3118 pinguedine
3332 3055 3474 3100 ter-nc
3521 3040 3653 3094 multo
3683 3047 3764 3101 βΓεσ
3805 3046 3814 3052 ’

2291 3131 2476 3186 tiosius
2501 3142 2583 3187 est
2604 3145 2657 3189 et
2682 3133 3020 3193 fructuosius.

2365 3217 2644 3274 llomiliam
2691 3226 3046 3293 pra-cedentem
3087 3231 3458 3278 commemorat.
3511 3249 3570 3261 ——
3611 3217 3768 3270 Verum-

2288 3311 2560 3383 enimvero
2585 3314 2694 3382 jam
2729 3325 2934 3385 tempus
2972 3326 3089 3380 est,
3119 3328 3182 3371 nt
3222 3331 3447 3370 mensam
3486 3319 3765 3379 apponanms:

2288 3417 2406 3470 qua:
2450 3418 2607 3472 porro
2651 3404 2735 3458 illa
2765 3406 2888 3459 est?
2919 3405 3176 3478 Reliquia:
3221 3407 3459 3460 nimirum
3488 3413 3670 3458 eorum.
3693 3405 3771 3462 ‘l“'~e

2290 3507 2460 3561 nuper
2479 3495 2684 3548 caritati
2718 3506 2905 3549 vestrze
2931 3496 3068 3549 dicta
3095 3506 3227 3550 sunt
3252 3515 3264 3550 :
3293 3496 3456 3549 adhuc
3478 3493 3616 3553 enim,
3635 3485 3770 3543 adhuc.

2290 3582 2502 3652 inquam
2525 3625 2538 3649 ,
2573 3584 2639 3639 de
2666 3585 2877 3640 diabolo
2904 3601 3209 3642 sermonem
3238 3587 3484 3641 habemus
3502 3625 3515 3649 ,
3543 3593 3668 3650 quem
3689 3580 3774 3627 ante

2287 3674 2422 3728 duos
2451 3675 2548 3729 hos
2577 3676 2691 3730 dies
2722 3676 3074 3740 instituimus,
3105 3693 3272 3748 quem
3297 3687 3351 3733 et
3376 3690 3520 3730 mane
3543 3672 3598 3724 ad
3620 3683 3689 3722 eos
3708 3665 3775 3716 ha-

2289 3763 2498 3819 buimus
2520 3807 2533 3828 ,
2562 3766 2651 3836 qui
2674 3769 2936 3838 mysteriis
2959 3753 3256 3835 initiantur,
3288 3783 3406 3824 cum
3429 3765 3492 3828 de
3517 3754 3777 3816 abrenuntia-

2290 3855 2433 3912 tione
2478 3857 2650 3928 deque
2691 3860 3061 3929 aggregatione
3103 3860 3249 3929 apud
3299 3860 3426 3913 istos
3463 3856 3776 3909 dissereremus-

2291 3948 2401 4002 lloc
2427 3959 2603 4004 autem
2633 3951 2857 4018 agimus,
2885 3967 2988 4005 non
3018 3951 3161 4022 quod
3189 3951 3418 4005 delectet
3441 3961 3530 4001 nos
3555 3943 3611 3996 de
3629 3933 3780 3992 diabt'lo

2289 4038 2450 4092 verba
2474 4037 2647 4093 laeere
2671 4079 2686 4103 ,
2715 4039 2808 4095 sed
2835 4041 2975 4111 quod
3008 4050 3114 4095 tuta
3157 4043 3231 4096 sit
3267 4041 3418 4095 vobis
3442 4052 3549 4107 quae
3569 4034 3624 4086 de
3645 4043 3694 4084 eo
3713 4025 3782 4077 όο·

2288 4128 2457 4183 ctrina
2489 4127 2776 4199 profertur.
2807 4131 2902 4186 Est
2925 4133 3066 4187 enim
3097 4133 3346 4187 inimicus
3375 4139 3427 4184 et
3451 4124 3598 4181 hostis
3621 4127 3779 4174 noster:

2290 4220 2416 4275 illud
2449 4235 2609 4289 porro
2647 4221 2982 4276 securitatem
3019 4237 3268 4292 magnam
3301 4221 3472 4291 parit,
3501 4216 3540 4269 si
3577 4210 3696 4266 nobis
3727 4214 3787 4255 re!

2290 4313 2621 4370 inimicorum
2653 4313 2804 4382 plane
2829 4315 2935 4368 sint
2964 4323 3123 4368 noue.
3157 4315 3400 4368 Diximus
3429 4322 3582 4378 nuper
3603 4313 3698 4356 eum
3720 4306 3783 4362 ρετ

2290 4405 2594 4479 violentiam
2619 4421 2724 4459 non
2746 4406 2976 4471 vincere,
3000 4420 3173 4474 neque
3199 4421 3297 4475 per
3323 4399 3642 4475 tyrannidem,
3665 4397 3791 4485 nstitit

2290 4496 2658 4551 necessitatem
2681 4496 2948 4550 atterendo
2966 4538 2980 4559 ,
3004 4511 3100 4549 nec
3129 4496 3373 4565 cogendo
3400 4511 3413 4547 :
3445 4488 3660 4560 quoniam
3683 4480 3716 4532 si

2290 4597 2464 4653 esset,
2494 4603 2680 4642 omnes
2707 4589 2885 4656 utique
2914 4587 3157 4656 perderet
3192 4607 3205 4640 :
3239 4586 3498 4656 hujusque
3532 4579 3598 4634 rei
3630 4568 3793 4645 protuli-

2291 4695 2410 4751 mus
2435 4689 2800 4750 argumentum
2832 4693 3020 4748 porcos
3040 4719 3053 4742 ,
3087 4680 3136 4732 in
3164 4694 3302 4747 quos
3333 4676 3458 4731 nihil
3486 4685 3625 4741 agere
3644 4664 3792 4718 ἀπωθ-

2292 4789 2388 4828 nes
2415 4782 2718 4842 potuerunt,
2746 4783 3026 4841 antequam
3057 4786 3083 4822 a
3118 4770 3348 4824 Domino
3388 4765 3670 4837 permissum
3694 4753 3799 4807 esset

2292 4863 2502 4933 (Matth.
2525 4863 2578 4918 8.
2595 4863 2687 4917 3|.
2739 4861 2932 4932 seqq);
2961 4871 3198 4915 armenta
3224 4859 3348 4922 Job,
3373 4868 3425 4912 et
3446 4867 3648 4926 greges;
3671 4850 3796 4907 neque

2291 4957 2430 5010 enim
2455 4957 2568 5009 hzcc
2593 4954 2832 5008 diabolus
2858 4969 3016 5007 ausus
3035 4962 3114 5006 est
3140 4952 3393 5021 perdere,
3417 4955 3661 5018 quousque
3681 4934 3798 5028 desit-

2291 5065 2387 5119 per
2417 5057 2728 5118 potestatem
2758 5047 2978 5115 accepit.
3013 5020 3184 5100 Unum
3219 5045 3385 5113 igitur
3413 5043 3509 5094 hoc
3537 5034 3723 5104 primum
3743 5020 3800 5073 di'

2291 5130 2533 5207 dicimus,
2566 5157 2688 5195 eum
2715 5156 2811 5210 per
2837 5139 2941 5191 vim
2971 5148 3059 5190 aut
3085 5136 3462 5190 necessitatem
3491 5142 3586 5183 non
3609 5122 3801 5210 vincere!

2291 5202 2579 5288 secundum
2606 5202 2867 5300 postillud
2891 5228 3209 5292 addidimus,
3236 5224 3381 5296 quod
3411 5216 3632 5290 quamvis
3653 5202 3805 5309 fruiti-ib

2292 5328 2388 5382 bus
2419 5327 2623 5388 vincat,
2663 5340 2768 5378 non
2797 5333 2970 5376 tamen
3001 5322 3077 5376 sic
3102 5319 3315 5373 cunctis
3343 5312 3577 5385 superior
3625 5298 3804 5388 evadlli

2291 5430 2344 5473 et
2371 5432 2552 5472 rursus
2575 5387 2826 5470 athletam
2854 5417 3022 5483 ipsum
3055 5414 3104 5466 in
3130 5410 3370 5464 medium
3401 5403 3683 5476 protulimus
3700 5387 3778 5444 Job
3796 5422 3809 5446 ν

2291 5512 2373 5564 cui
2405 5511 2525 5564 licet
2552 5509 2696 5561 mille
2722 5505 2987 5560 machinas
3016 5502 3315 5558 admoverit
3341 5543 3356 5565 ,
3393 5513 3497 5553 non
3532 5506 3638 5548 eum
3671 5493 3758 5537 lam

3761 5491 3810 5531 ιη

2294 5603 2390 5676 bac
2420 5602 2625 5658 ratione
2664 5598 2968 5670 superavit,
3009 5595 3102 5652 sed
3137 5603 3194 5650 et
3239 5593 3414 5648 vim.
3453 5578 3696 5642 abscessit.
3718 5568 3811 5624 [ἠδ
