4036 6206
286 241 402 300 2.57

280 357 406 412 καθ’
431 356 579 429 ἡμᾶς
620 355 930 428 ἀπρονόητα
982 351 1114 412 εἰναι
1152 357 1483 430 νομίζωμεν,
1518 360 1631 413 ἀλλ’
1665 363 1728 413 ἐκ
1780 358 1870 430 μέ-

286 459 414 514 ρους
443 439 843 506 καταλαϐόντες
875 442 1041 496 αὐτοῦ
1069 441 1166 513 τὴν
1200 443 1476 515 πρόνοιαν,
1504 447 1561 498 ἐν
1588 448 1700 508 τοῖς
1733 445 1870 498 ἀκα-

281 525 582 595 ταλήπτοις
601 523 1022 594 παραχωρῶμεν
1053 525 1218 578 αὐτοῦ
1251 526 1328 596 τῷ
1357 528 1746 598 ἀνεξιχνιάστῳ
1776 528 1872 598 τῆς

285 609 501 679 σοφίας.
525 607 589 660 Εἰ
614 607 722 678 γὰρ
749 606 1040 678 ἀνθρώπου
1074 607 1270 680 τέχνην
1296 611 1355 662 οὑ
1385 612 1610 665 δυνατὸν
1637 609 1875 667 καταλα-

281 693 406 746 ϐεῖν
438 689 517 761 τῷ
547 688 751 761 ἰδιώτῃ,
780 689 959 761 πολλῷ
992 692 1192 761 μᾶλλον
1219 694 1320 762 τῆς
1348 694 1440 747 τοῦ
1463 693 1599 746 Θεοῦ
1623 694 1874 766 προνοίας

283 777 348 829 τὸ
395 775 624 845 ἄπειρον
675 772 938 828 ἀδύνατον
986 777 1217 830 συνιδεῖν
1261 777 1578 852 ἀνθρωπίνῃ
1625 778 1832 849 διανοίᾳ
1858 795 1870 807 ·

297 857 759 923 Ἀνεξερεύνητα
793 856 903 926 γὰρ
930 860 1000 911 τὰ
1029 861 1282 928 κρίματα
1313 863 1520 928 αὐτοῦ,
1555 863 1651 916 καὶ
1697 862 1875 926 ἀνεξ-

283 944 589 1010 ιχνίαστοι
612 943 671 993 αἰ
707 941 832 995 ὁδοὶ
855 942 1064 996 αὑτοῦ.
1086 945 1223 997 Ἀλλ’
1245 947 1395 1014 ὅμως
1422 947 1529 999 ἀπὸ
1548 946 1656 1000 τῶν
1681 947 1878 1015 ὀλίγων

285 1029 384 1080 καὶ
420 1024 548 1095 περὶ
575 1023 670 1076 τοῦ
695 1023 895 1086 παντὸς
919 1026 1065 1096 σαφῆ
1088 1030 1180 1080 καὶ
1198 1028 1364 1098 δήλην
1388 1029 1646 1092 λαϐόντες
1674 1029 1875 1091 πίστιν,

285 1110 428 1181 ὑπὲρ
462 1107 716 1163 ἁπάντων
749 1108 858 1162 τῶν
882 1111 1223 1181 γιγνομὲνων
1255 1115 1670 1186 εὐχαριστῶμεν
1705 1114 1877 1186 αὐτῷ.

286 1193 401 1249 Καὶ
448 1194 557 1264 γὰρ
607 1192 701 1245 καὶ
734 1191 922 1263 ἕτερός
973 1196 1088 1246 ἐστι
1141 1194 1294 1263 λόγος
1349 1200 1738 1269 ἀναντίρρητος
1767 1200 1880 1260 τοῖς

286 1275 642 1347 βουλομένοις
669 1275 798 1345 περί
830 1278 929 1345 τῆς
963 1276 1056 1329 τοῦ
1083 1277 1218 1331 Θεοῦ
1253 1281 1508 1348 προνοίας
1543 1279 1876 1348 φιλοσοφεῖν.

297 1357 594 1431 Ἐρώμεθα
631 1358 741 1428 γάρ
788 1361 915 1422 τοὺς
967 1360 1527 1434 ἀντιλέγοντας,Ἀρα
1552 1364 1666 1417 ἔστι
1709 1365 1878 1428 Θεός;

285 1444 396 1496 κᾶν
432 1443 531 1514 μὲν
565 1442 813 1505 εἴπωσιν,
845 1443 926 1496 ὃτι
961 1443 1061 1496 οὐκ
1095 1444 1232 1509 ἔστι,
1269 1447 1402 1516 μηδέ
1435 1447 1878 1518 ἀποκρινώμεθα.

288 1528 508 1598 Ὠσπερ
532 1526 641 1597 γὰρ
660 1529 771 1589 τοῖς
799 1527 1149 1596 μαινομένοις
1171 1530 1270 1580 οὐκ
1297 1528 1444 1593 ἄξιον
1470 1529 1879 1599 ἀποκρίνεσθαι,

284 1610 468 1675 οὕτως
497 1609 616 1663 οὑδέ
645 1611 758 1673 τοῖς
787 1609 1009 1678 λέγουσι
1036 1611 1110 1681 μὴ
1141 1607 1280 1663 εἶναι
1308 1612 1462 1665 Θεόν.
1481 1614 1541 1665 ΕΞ
1564 1613 1672 1684 γὰρ
1699 1612 1879 1664 πλοῖον

285 1693 507 1759 ὀλίγους
553 1691 752 1756 ναύτας
798 1692 920 1762 ἔχον
968 1693 1062 1746 καὶ
1107 1694 1392 1758 ἐπιϐάτας,
1423 1696 1525 1748 οῦκ
1571 1697 1637 1749 ἂν
1675 1695 1792 1748 οὑδέ
1824 1695 1882 1749 ἓν

289 1777 510 1832 στάδιον
555 1775 844 1847 διασωθείη
880 1777 1048 1847 χωρὶς
1081 1776 1182 1846 τῆς
1211 1777 1559 1850 κυϐερνώσης
1593 1778 1724 1831 αὐτὸ
1769 1796 1882 1848 χει-

289 1861 411 1932 ρὸς,
441 1858 624 1929 πολλῷ
669 1859 870 1930 μᾶλλον
917 1859 1118 1930 κόσμος
1154 1859 1306 1932 [260]
1342 1861 1616 1924 τοσοῦτος,
1647 1861 1886 1916 τοσαῦτα

292 1942 528 2012 σώματα
550 1941 688 2012 ἔχων
715 1944 772 1995 ἐν
799 1941 976 2013 ἐαυτῷ
1002 1944 1065 1995 ἐκ
1088 1943 1360 2014 διαφόρων
1385 1945 1717 2015 συγκείμενα
1747 1961 1888 1998 στοι-

291 2026 482 2098 χείων,
519 2027 612 2079 ἐπὶ
640 2025 895 2080 τοσοῦτον
927 2026 1118 2097 χρόνον
1147 2027 1248 2080 οὐκ
1275 2027 1341 2080 ἂν
1371 2028 1680 2098 διήρκεσεν,
1711 2030 1759 2080 εί
1812 2027 1887 2099 μὴ

293 2109 522 2178 πρόνοια
562 2105 631 2180 ἦν
679 2128 762 2172 τις
811 2111 1121 2179 ἐφεστῶσα,
1159 2112 1252 2164 καὶ
1281 2111 1399 2164 τόδε
1428 2113 1488 2164 τὸ
1516 2114 1622 2164 πᾶν
1651 2129 1888 2184 συγκρα-

290 2193 466 2246 τοῦσα
496 2193 590 2250 καὶ
627 2194 926 2265 συνέχουσα
957 2194 1243 2265 διηνεκῶς.
1265 2195 1363 2246 Ἂν
1407 2195 1462 2247 δὲ
1510 2193 1888 2264 αἰσχυνθέντες

291 2275 396 2348 τὴν
423 2276 606 2348 κοινὴν
630 2276 886 2333 ἁπάντων
913 2276 1092 2348 ψῆφον
1120 2279 1214 2331 καὶ
1235 2277 1334 2348 τὴν
1366 2277 1472 2331 ἀπὸ
1495 2278 1605 2330 τῶν
1633 2279 1887 2350 πραγμά-

1391 2493 1544 2504 ..ι-.-

1294 239 1382 298 DE
1421 243 1726 302 DIABOLO
1753 243 2190 301 'IENTATORE.
2237 247 2474 304 HOMIL.
2517 249 2584 306 ll.

1971 376 2080 414 των
2111 365 2328 435 πεῖραν,
2363 363 2772 435 ὁμολογήσωσιν
2803 361 2984 419 εἶναι⁸
3020 364 3176 426 Θεὸν,
3202 365 3378 417 ἐκεῖνο
3395 360 3570 431 λὲγω-

1977 462 2076 515 μεν
2109 448 2246 519 πρὸς
2279 448 2496 512 αὐτοὺς,
2527 448 2610 500 ὃτι
2642 449 2691 500 εἰ
2727 448 2873 500 ἔστιν
2904 449 2932 499 ό
2957 448 3111 511 Θεὸς,
3139 446 3330 517 ῶσπερ
3355 443 3446 498 οὖν
3476 448 3568 499 καὶ

1973 528 2142 595 ἔστιν,
2174 531 2470 584 ἀκόλουθον
2498 527 2636 584 εἰναι
2673 532 2768 584 καὶ
2795 531 3003 584 δίκαιον
3026 548 3038 559 ·
3073 531 3121 582 εί
3167 528 3278 599 γὰρ
3328 528 3408 598 μή
3453 531 3568 582 ἐστι

1974 611 2200 680 δίκαιος,
2231 612 2354 666 οῦτε
2389 613 2520 677 Θεός
2549 615 2698 666 ἐστιν
2719 628 2732 642 ·
2761 613 2888 666 εἰδὲ
2920 611 3127 673 δίκαιός
3151 612 3322 674 ἐστιν,
3355 611 3571 681 ἑκάστῳ

1975 697 2044 750 τά
2094 697 2214 752 κατ’
2241 697 2402 762 ἀξίαν
2449 696 2952 750 ἀποδίδωσιν.“Λλλ’
2985 693 3202 765 ὁρῶμεν
3246 695 3308 746 ού
3363 693 3570 756 πάντας

1979 779 2214 834 ἐνταῦθα
2245 783 2363 833 κατ’
2388 781 2546 847 ἀξίαν
2576 778 3098 850 ἀπολαμϐάνοντας·
3130 775 3328 828 οὐκοῦν
3355 775 3571 846 ἀνάγκη

1977 864 2099 917 τινὰ
2131 863 2349 916 ἐλπίσαι
2399 864 2592 934 ἑτέραν
2627 863 3000 933 ἀποκειμένην
3032 858 3286 930 ἀμοιϐὴν,
3322 857 3409 912 ἴνα
3443 857 3569 911 ἐκάο

1983 965 2110 1000 στου
2160 947 2229 1000 τά
2277 949 2399 1000 κατ’
2434 947 2593 1013 ἀξίαν
2623 946 3010 1008 ἀπολαϐόντος,
3042 946 3184 1014 φανῇ
3208 942 3304 1007 τοῦ
3335 941 3471 994 Θεοῦ
3512 943 3572 994 τὸ

1979 1031 2207 1086 δίκαιον.
2239 1024 2407 1094 Οὗτος
2459 1030 2562 1102 γὰρ
2595 1032 2622 1082 ό
2657 1029 2834 1098 λόγος,
2880 1031 2941 1082 οὐ
2987 1027 3085 1098 τὴν
3139 1027 3272 1097 περὶ
3316 1027 3572 1095 προνοίας

1985 1115 2165 1184 μόνον,
2191 1113 2329 1168 ἀλλά
2360 1114 2454 1166 καὶ
2479 1113 2578 1184 τὴν
2608 1115 2735 1186 περὶ
2761 1112 3112 1175 ἀναστάσεως
3136 1109 3446 1177 συνεισάγει
3482 1125 3572 1176 cpt-

1981 1197 2238 1266 λοσοφίαν
2268 1199 2415 1267 ἡμῖν.
2448 1195 2632 1250 Ταῦτα
2658 1197 2837 1249 τοίνυν
2865 1195 3086 1257 εἰδότες,
3115 1196 3209 1247 καὶ
3240 1194 3394 1246 αὐτοί
3418 1192 3575 1262 μελε-

1981 1281 2166 1351 τῶμεν
2192 1280 2263 1334 τά
2290 1299 2356 1334 πε
2368 1282 2420 1352 ρί
2444 1281 2700 1352 προνοίας
2725 1280 2820 1333 καὶ
2843 1278 3216 1340 ἀναστάσεως,
3235 1276 3331 1330 καὶ
3353 1275 3574 1346 ἐτέρους

1982 1365 2344 1434 διδάσκωμεν,
2379 1364 2475 1417 καὶ
2511 1363 2749 1432 σπουδὴν
2785 1360 3144 1432 ποιησώμεθα
3183 1361 3400 1414 ἃπασαν
3446 1359 3573 1422 τοὺς

1985 1446 2126 1500 κατά
2147 1446 2238 1499 τοῦ
2265 1447 2539 1500 Δεσπότου
2565 1446 2874 1509 λυττῶντας
2895 1443 3288 1513 ἐπιστομίζειν,
3304 1445 3398 1497 καὶ
3418 1442 3574 1496 αὐτοὶ

1983 1530 2297 1600 δοξάσωμεν
2325 1529 2490 1582 αὑτὸν
2524 1531 2580 1582 ἐν
2611 1531 2796 1583 πᾶσιν.
2824 1529 2980 1584 υύτω
3010 1528 3119 1598 γὰρ
3149 1527 3320 1580 πλείω
3345 1526 3443 1598 τὴν
3471 1544 3577 1596 κη·-

1986 1613 2240 1686 δεμονίαν
2285 1612 2451 1668 αὐτοῦ
2496 1613 2937 1682 ἐπισπασόμεθα,
2970 1612 3065 1664 καὶ
3100 1610 3300 1681 πολλῆς
3333 1609 3575 1663 ἀπολαύ-

1991 1714 2156 1766 σομεν
2193 1696 2386 1766 ῥοπῆς,
2422 1698 2514 1748 καὶ
2539 1696 2681 1748 οὓτω
2705 1695 3052 1767 δυνησόμεθα
3079 1695 3178 1765 τῆς
3199 1695 3367 1757 ὅντως
3400 1693 3575 1746 ἀπαλ-

1989 1779 2220 1850 λαγῆναι
2256 1779 2477 1842 κακίας,
2515 1779 2608 1832 καὶ
2650 1779 2757 1832 τῶν
2788 1778 3091 1849 μελλόντων
3120 1778 3398 1848 ἐπιτυχεῖν
3434 1778 3575 1844 ἀγα-

1989 1862 2120 1925 θῶν,
2139 1861 2322 1933 χάριτι
2347 1864 2440 1916 καὶ
2463 1861 2845 1934 φιλανθρωπία
2868 1861 2964 1915 τοῦ
2983 1861 3190 1934 Κυρίου
3210 1863 3243 1932 ἡ
3253 1860 3368 1932 μῶν
3401 1858 3578 1929 Ἰησοῦ

1991 1946 2250 2018 Χριστοῦ,
2281 1946 2349 1998 δι’
2379 1938 2441 1998 οῦ
2481 1947 2575 1998 καὶ
2629 1947 2745 2017 μεθ’
2780 1943 2841 2002 οὗ
2891 1946 2968 2017 τῷ
3013 1946 3188 2016 Πατρὶ
3214 1947 3247 2015 ή
3279 1942 3424 2010 δόξα,
3464 1943 3581 2012 ᾶμοι

1990 2029 2069 2099 τῷ
2099 2031 2240 2098 ἁγίῳ
2277 2030 2578 2100 Πνεύματι,
2609 2029 2702 2082 νῦν
2729 2032 2824 2083 καὶ
2855 2030 2965 2094 ἀεὶ,
2997 2030 3091 2082 καὶ
3121 2031 3200 2092 είς
3224 2028 3352 2092 τοὺς
3378 2024 3580 2092 αἰῶνας

1992 2113 2100 2166 τῶν
2128 2114 2360 2168 αἰώνων.
2379 2114 2573 2184 Ἀμήν.

2059 2284 2085 2313 ⁸
2109 2284 2246 2334 Colb.
2269 2285 2558 2349 πραγμάτων
2582 2287 3066 2348 όμο).ογίαν,ι“ίπωσιν
3089 2286 3224 2335 εἶναι.

297 2687 461 2757 Πρὸς
494 2689 634 2757 τοὺς
669 2689 1102 2760 ἐγκαλοῦντας,
1149 2690 1310 2756 τίνος
1335 2707 1354 2728 ι
1405 2691 1614 2744 ἕνεκεν
1664 2691 1777 2755 οὐκ
1842 2690 1912 2745 ἐκ
1982 2689 2183 2758 μέσου
2205 2687 2456 2759 γέγονεν
2484 2691 2515 2743 ό
2545 2688 2857 2755 διάϐολος·
2898 2689 2997 2742 κιιί
3063 2690 3153 2744 ὅτι
3183 2689 3364 2746 οὐδὲν
3424 2686 3588 2760 ἡμᾶς,

865 2783 1132 2851 ,βλάπτει
1180 2783 1218 2851 ἠ
1268 2785 1484 2840 τούτου
1517 2785 1776 2855 πονηρία
1820 2783 1929 2838 ἐὰν
1970 2785 2388 2856 προσέχωμεν·
2422 2783 2518 2838 καί
2560 2783 2691 2854 περὶ
2715 2783 3058 2854 μετανοίας.

1893 2966 1970 2982 -

978 3091 1211 3162 Ὀμιλία
1239 3090 1322 3155 β’·

379 3191 449 3238 α’.
481 3184 540 3237 '0
564 3182 662 3252 μὲν
705 3181 888 3236 Ἰσαάκ
913 3183 1260 3254 ἐπιθυμήσας
1292 3183 1422 3238 ποτέ
1447 3183 1668 3256 ἄριστον
1698 3186 1762 3238 ἐκ
1783 3185 1893 3239 τῶν

304 3267 511 3340 χειρῶν
550 3266 643 3319 τοῦ
679 3265 868 3329 παιδὸς
909 3269 1126 3336 φαγεῖν,
1158 3266 1251 3320 τὸν
1291 3267 1459 3321 παῖδα
1489 3268 1570 3330 εἰς
1593 3267 1692 3338 τὴν
1721 3266 1894 3340 θήραν

303 3351 621 3422 ἐξέπεμψεν
649 3353 714 3402 ἐκ
743 3350 842 3421 τῆς
868 3351 1078 3413 οἰκίας·
1115 3342 1272 3414 οὗτος
1301 3351 1358 3404 δὲ
1398 3353 1427 3404 ό
1465 3350 1654 3404 Ἰσαάκ
1697 3353 1893 3405 ἐπιθυ-

309 3436 498 3507 μήσας
521 3435 742 3506 ἄριστον
768 3435 834 3487 ἐκ
861 3434 968 3486 τῶν
999 3433 1286 3505 ἡμετέρων
1320 3432 1520 3504 χειρῶν
1557 3433 1765 3502 λαϐεῖν,
1797 3435 1897 3505 οὐχ

305 3521 460 3591 ἡμᾶς
486 3517 790 3588 ἐξέπεμψεν
819 3517 884 3570 ἐκ
910 3516 1009 3588 τῆς
1041 3517 1242 3581 οἰκίας,
1295 3517 1412 3570 ἀλλ’
1439 3517 1602 3579 αὐτὸς
1633 3517 1772 3588 πρὸς
1799 3517 1897 3589 τὴν

307 3602 588 3674 ἡμετέραν
621 3601 821 3672 ἔδραμε
851 3600 1151 3671 τράπεζαν.
1180 3600 1244 3652 Τί
1276 3599 1467 3654 τούτου
1496 3599 1900 3671 φιλοστοργότε-

311 3703 409 3759 ρον
437 3684 631 3752 γένοιτ’
655 3683 749 3751 ἀν;
786 3684 837 3737 τί
869 3683 926 3736 δέ
951 3683 1367 3756 ταπεινότερον;
1399 3683 1458 3746 ὃς
1491 3682 1636 3735 οὕτω
1689 3683 1900 3754 θερμὴν

310 3767 688 3834 ἐπιδείξασθαι
739 3767 838 3839 τὴν
892 3767 1112 3838 ἀγάπην
1144 3765 1474 3837 κατηξίωσε,
1503 3766 1597 3819 καὶ
1645 3765 1900 3820 τοσοῦτον

311 3852 618 3922 καταϐῆναι
653 3851 933 3921 ήνέσχετο.
963 3850 1062 3904 Διά
1087 3866 1166 3902 τοι
1196 3849 1354 3902 τοῦτο
1382 3849 1477 3902 καὶ
1500 3851 1664 3920 ἡμεῖς
1695 3850 1900 3903 καὶτὸν

308 3936 468 3992 τόνον
493 3935 591 4004 τῆς
623 3934 807 4004 φωνῆς
833 3935 926 3987 καὶ⁹
957 3933 1055 4004 τὴν
1087 3931 1316 4003 δύναμιν
1344 3932 1452 3986 τῶν
1485 3932 1660 3986 ποδῶν
1678 3934 1705 3973 b
1729 3951 1902 3987 κατα-

313 4019 572 4082 ϐαλόντες
601 4017 709 4070 ἀπὸ
741 4016 838 4087 τῆς
867 4015 1094 4085 ἑωθινῆς
1119 4015 1426 4081 διαλέξεως,
1460 4016 1656 4080 ἰδόντες
1676 4015 1773 4089 τὴν
1795 4033 1906 4071 πα-

311 4101 511 4172 τρικὴν
556 4100 700 4170 ὄψιν,
745 4099 947 4163 εὐθέως
997 4098 1375 4168 ἐπελαθόμεθα
1426 4099 1526 4169 τῆς
1574 4098 1859 4163 ἀσθενείας
1886 4137 1903 4164 ,

311 4183 639 4254 ἀπεθέμεθα
657 4183 748 4236 τὸν
771 4182 949 4247 όκνον,
964 4183 1164 4235 ἀνεπτε
1174 4181 1320 4252 ρώθη
1331 4199 1428 4251 μεν
1447 4182 1551 4235 ὑπὸ
1571 4183 1668 4252 τῆς
1687 4183 1901 4254 ήδονῆς,

313 4268 535 4338 εἴδομεν
579 4265 677 4336 τήν
727 4265 984 4336 λαμπράν
1013 4264 1225 4328 πολιὰν,
1262 4264 1358 4318 καὶ
1387 4264 1564 4334 φωτὸς
1597 4265 1905 4336 ἐνεπλήσθη

315 4350 479 4420 ήμῶν
513 4351 547 4420 ὴ
574 4349 743 4419 ψυχή.
789 4348 890 4401 Διά
938 4347 1096 4401 τοῦτο
1137 4349 1232 4402 καὶ
1284 4349 1421 4419 μετά
1465 4349 1775 4421 προθυμίας
1806 4349 1906 4419 τὴν

314 4431 601 4504 τράπεζαν
629 4430 1068 4504 παρατιθέμεθα,
1104 4431 1192 4484 ἵνα
1227 4431 1418 4500 φαγὼν
1449 4431 1718 4503 εὑλογήσῃ
1754 4429 1906 4503 [261]

319 4519 493 4588 ἡμᾶς.
526 4516 641 4569 Οὐκ
667 4515 814 4568 ἔστιν
842 4513 1076 4568 ἐνταῦθα
1109 4515 1284 4584 κλοπὴ
1327 4515 1421 4568 καὶ
1461 4514 1630 4579 δόλος,
1659 4514 1911 4586 καθάπερ

319 4602 443 4657 ἐκεῖ
475 4599 594 4652 τότε
614 4613 628 4628 ·
661 4598 848 4669 ἕτερος
876 4597 974 4668 μὲν
998 4597 1243 4668 ἐπετάγη
1273 4599 1625 4666 εἰσενεγκεῖν,
1649 4597 1834 4670 ’ἑτερος
1856 4597 1913 4651 δὲ

321 4685 648 4756 εἰσήνεγκεν
674 4697 687 4711 ·
734 4680 850 4735 ἀλλ’
883 4679 994 4750 ἐγὼ
1021 4681 1115 4734 καὶ
1145 4680 1419 4750 ἐπετάγην
1453 4681 1802 4754 εἰσενεγκεῖν,
1817 4679 1912 4738 καὶ

311 4766 646 4838 ¹εἰσήνεγκα.
679 4764 990 4834 Εὑλόγησον
1036 4765 1102 4835 δὴ
1151 4763 1321 4834 ἡμᾶς,
1353 4758 1399 4818 ὦ
1433 4765 1629 4836 πάτερ,
1665 4762 1914 4832 εὐλογίαν

325 4849 730 4921 πνευματικὴν,
756 4848 852 4902 καὶ
897 4848 964 4920 ῆν
1016 4848 1216 4911 πάντες
1260 4848 1534 4919 εὐχόμεθα
1581 4847 1764 4901 λαϐεῖν
1805 4846 1913 4911 ἀεὶ,

327 4934 428 4987 καὶ
449 4933 548 5002 τὴν
575 4933 636 4986 ού
667 4933 750 4985 σοὶ
779 4931 960 5003 μόνον,
992 4930 1128 4984 ἀλλά
1156 4932 1250 4984 καὶ
1283 4931 1408 5002 ἐμοὶ
1433 4931 1527 4984 καὶ
1552 4930 1760 4994 τούτοις
1783 4931 1916 4984 πᾶσι

328 5016 644 5088 χρησίμην·
676 5015 1062 5086 παρακάλεσον
1100 5014 1199 5067 τὸν
1243 5015 1424 5068 κοινὸν
1467 5013 1626 5085 ὴμῶν
1661 5013 1918 5068 ἀπάντων

329 5100 634 5170 Δεσπότην,
671 5099 750 5162 εἰς
773 5098 834 5151 τὸ
867 5097 1076 5171 μακρὸν
1104 5097 1284 5168 γῆρας
1307 5096 1406 5152 τοῦ
1441 5095 1628 5152 Ὶσαάκ
1651 5097 1752 5170 τὴν
1773 5094 1919 5166 ζωήν

399 5268 427 5296 ⁸
449 5265 646 5316 Titulus
665 5267 714 5314 in
740 5265 849 5314 Sav.
868 5266 984 5326 πρὸς
1005 5266 1114 5322 τοὺς
1137 5265 1388 5323 ζητοῦντας
1403 5267 1546 5326 τίνος,
1571 5284 1620 5316 κ.
1635 5282 1678 5314 τ.
1693 5267 1733 5314 ί.

400 5329 429 5368 ιι
454 5332 482 5377 '1
497 5330 562 5390 ὧν
584 5328 760 5375 ποδῶν.
789 5327 859 5376 lla
879 5327 1094 5390 Reg.,et
1119 5329 1244 5377 hanc
1273 5328 1537 5377 lectionem
1559 5329 1704 5376 affert
1721 5328 1770 5375 in
1791 5327 1922 5374 notis

335 5391 527 5442 Fronto
541 5389 749 5438 Duceus
763 5409 774 5436 :
789 5403 898 5449 quae
911 5389 1083 5449 utique
1098 5404 1210 5438 vera
1226 5395 1278 5436 et
1297 5403 1528 5449 germana
1542 5395 1638 5444 est,
1651 5396 1816 5436 contra
1833 5403 1920 5436 ve-

335 5452 668 5512 roilla,quam
692 5449 892 5512 praefert
914 5451 1040 5512 edit.
1069 5451 1240 5500 Morel.
1263 5453 1358 5499 τῶν
1371 5453 1561 5498 πολλῶν
1573 5449 1759 5512 vitiata,
1782 5457 1833 5497 ιιι
1859 5463 1920 5502 ex

338 5515 476 5563 serie
499 5511 674 5574 liquet.
695 5510 820 5560 Pari
839 5510 959 5574 vitio
990 5511 1241 5574 laborabat
1272 5513 1673 5574 lectiusequens
1703 5511 1922 5574 λαμπρὰν

338 5571 576 5646 πόλιν.ρῴ
585 5574 802 5646 λαμπρὰν
811 5571 1574 5646 1:9).td~3:splepgaidam_caggiliem,
1587 5585 1731 5646 quam
1744 5571 1923 5646 ίοοῐίοτ

347 5649 462 5704 pem
479 5635 626 5704 habet
640 5635 770 5702 idem
780 5635 933 5704 codex
962 5635 1085 5704 Reg.
1100 5643 1152 5684 et
1177 5636 1356 5685 Fronto
1380 5636 1595 5704 ,ηιμ-ειυς
1607 5635 1663 5704 .in
1676 5637 1824 5704 nolig.
1836 5639 1921 5696 qui

348 5701 510 5746 tamen
546 5697 679 5746 πόλιν
711 5697 760 5746 in
792 5701 931 5746 textu
961 5698 1250 5761 reliquerat,
1274 5697 1583 5751 etcim'talcm
1607 5697 1920 5755 inversione.

1999 3111 2098 3182 τὴν
2138 3111 2236 3183 σὴν
2267 3112 2573 3182 ἐξαγαγεῖν.
2611 3113 2783 3166 Τοῦτο
2811 3113 2931 3184 γὰρ,
2965 3114 3070 3168 καί
3099 3114 3224 3185 ἐμοὶ
3258 3115 3348 3168 καί
3376 3113 3584 3179 τούτοις

1998 3194 2097 3263 τῆς
2127 3194 2316 3265 δρόσου
2343 3196 2437 3249 τοῦ
2463 3198 2695 3269 οὐρανοῦ
2726 3196 2821 3250 καὶ
2848 3197 2960 3269 τῆς,
2975 3197 3226 3268 πιότητος
3245 3199 3344 3270 τῆς
3368 3199 3472 3269 γῆς
3500 3215 3585 3252 τι-

2002 3277 2270 3348 μιώτερον
2303 3279 2398 3333 καὶ
2429 3281 2882 3352 ἀναγκαιότερον.

2084 3360 2244 3414 Ἀλλά
2269 3361 2378 3434 γὰρ
2411 3362 2531 3434 ῶρα
2562 3362 2750 3418 λοιπὸν
2781 3364 3106 3435 παραθεῖναι
3135 3363 3237 3433 τὴν
3267 3361 3583 3428 τράπεζαν·

2000 3443 2084 3507 τίς
2110 3441 2203 3500 οῦν
2235 3448 2381 3501 ἐστιν
2420 3447 2560 3518 αὕτη
2585 3465 2600 3511 ;
2631 3449 2712 3502 Τά
2737 3449 2967 3519 λείψανα
2997 3448 3107 3501 τῶν
3141 3445 3330 3518 πρώην
3360 3445 3588 3518 εἰρημέ-

2001 3543 2108 3580 νων
2142 3529 2276 3598 πρδς
2322 3529 2421 3600 τὴν
2466 3531 2743 3602 ὑμετέραν
2795 3533 3048 3601 ἀγάπην·
3094 3531 3173 3584 ἔτι
3209 3532 3337 3603 γὰρ.
3385 3530 3466 3582 ἔτι
3496 3530 3588 3582 τὸν

2003 3611 2131 3681 περὶ
2159 3610 2252 3663 τοῦ
2287 3610 2530 3665 διαϐόλου
2564 3612 2722 3681 λόγον
2749 3614 3136 3686 ἀνακινοῦμεν,
3168 3614 3227 3667 ὃν
3253 3613 3359 3685 πρὸ
3383 3613 3589 3666 τούτων

2002 3692 2110 3748 τῶν
2138 3692 2230 3746 δύο
2247 3694 2471 3766 ἡμερῶν
2501 3697 2834 3767 ἐκινήσαμεν
2853 3713 2864 3727 ο
2901 3697 2960 3750 ὃν
2987 3698 3081 3749 καὶ
3106 3696 3273 3749 ἕωθεν
3301 3695 3437 3766 πρὸς
3462 3696 3589 3760 τοὺς

2010 3779 2576 3848 μυσταγωγουμένους
2607 3781 2861 3850 εἴπαμεν,
2891 3781 2976 3834 ὅτε
3008 3781 3138 3852 περὶ
3181 3779 3464 3850 άποταγῆς
3495 3780 3590 3832 καὶ

2007 3863 2277 3934 συνταγῆς
2321 3863 2674 3934 διελεγόμεθα
2719 3864 2950 3928 τούτοις.
3007 3865 3278 3936 Ιῐοιοῦμεν
3329 3864 3384 3918 δὲ
3432 3863 3590 3916 τοῦτο

2004 3945 2104 3998 οὐκ
2147 3945 2335 4018 ἐπειδὴ
2371 3946 2500 4018 ἡδὺς
2547 3949 2680 4018 ἡμῖν
2721 3949 2750 4001 ό
2789 3949 2920 4019 περὶ
2968 3947 3065 4002 τοῦ
3112 3947 3361 4002 διαϐόλου
3409 3947 3589 4014 λόγος,

2005 4027 2123 4081 ἀλλ’
2156 4028 2342 4100 ἐπειδὴ
2369 4029 2615 4101 ἀσφαλὴς
2641 4031 2770 4100 ὑμῖν
2793 4041 2815 4069 ο
2869 4032 2903 4102 ή
2935 4030 3065 4102 περὶ
3109 4029 3298 4083 τούτου
3337 4029 3592 4084 διδασκα-

2006 4112 2097 4166 λία
2121 4129 2134 4142 ·
2166 4112 2360 4184 ἐχθρὸς
2381 4113 2492 4185 γάρ
2518 4116 2634 4172 ἐστι
2665 4116 2759 4168 καὶ
2783 4115 3042 4186 πολέμιος
3058 4129 3074 4145 ·
3107 4114 3320 4184 μεγάλη
3341 4114 3397 4167 δὲ
3421 4113 3591 4182 ἀσφάο

2008 4196 2127 4249 λεια
2147 4196 2219 4249 τά
2233 4196 2342 4250 τῶν
2365 4197 2459 4272 ἐχθ
2470 4197 2576 4268 ρῶν
2593 4197 2785 4250 εἰδέναι
2813 4197 3022 4267 σαφῶς.
3037 4198 3353 4269 Εἰρήκαμεν
3377 4195 3590 4268 πρώην,

2008 4279 2092 4333 ὃτι
2120 4277 2210 4351 βίᾳ
2237 4279 2296 4331 οὐ
2325 4282 2536 4350 κρατεῖ,
2566 4280 2688 4334 ούδέ
2726 4282 3025 4352 τυραννίδι,
3071 4281 3193 4334 οὐδὲ
3242 4279 3592 4349 ἀναγκάζων,

2010 4361 2129 4416 οὐδὲ
2163 4362 2481 4433 βιαζόμενος
2504 4377 2518 4392 ⁶
2571 4365 2694 4418 ἐπεὶ
2725 4365 2775 4418 εἰ
2805 4363 2963 4418 τοῦτο
2993 4361 3083 4436 ἧν,
3119 4363 3326 4428 πάντας
3373 4364 3438 4418 ἂν
3485 4363 3595 4418 ἀπ-

2007 4444 2199 4501 ὤλεσε.
2225 4449 2335 4501 Καὶ
2363 4447 2553 4500 τούτου
2583 4451 2886 4520 τεκμήριον
2915 4450 3313 4522 παρηγάγομεν
3338 4451 3464 4513 τοὺς
3483 4448 3600 4519 χοί⁴

2013 4545 2161 4600 ρους,
2204 4524 2280 4584 ὧν
2323 4531 2421 4583 οὐκ
2452 4531 2799 4604 ἠδυνήθησαν
2833 4534 3240 4605 κατατολμῆσαι
3269 4534 3318 4586 οἱ
3346 4533 3598 4603 δαίμονες

2012 4614 2120 4686 πρὸ
2164 4615 2262 4686 τῆς
2299 4616 2599 4687 ἐπιτροπῆς
2631 4616 2725 4671 τοῦ
2772 4619 3074 4672 Δεσπότου·
3107 4619 3174 4672 τὰ
3206 4617 3462 4690 βουκόλια,
3499 4613 3595 4669 τοῦ

2025 4697 2144 4751 Ἰὼϐ
2193 4699 2288 4751 καὶ
2336 4699 2403 4751 τὰ
2453 4699 2709 4771 ποίμνια·
2761 4702 2880 4754 οὐδὲ
2926 4702 3034 4778 γάρ
3067 4702 3242 4757 ταῦτα
3287 4701 3597 4770 διαφθεῖραι

2014 4780 2313 4851 ἐτόλμησεν
2341 4783 2370 4834 ό
2405 4781 2672 4847 διάϐολος,
2703 4782 2809 4848 ἕως
2840 4784 3046 4839 ἀνωθεν
3068 4787 3168 4856 τὴν
3197 4784 3446 4848 ἐξουσίαν
3473 4782 3597 4836 ἐλα-

2017 4865 2238 4921 ϐεν.⁶Ἐν
2263 4866 2442 4918 τοίνυν
2465 4867 2622 4921 τοῦτο
2650 4869 2868 4939 πρῶτον
2894 4870 3191 4941 ἐμάθομεν,
3215 4870 3296 4922 ότι
3324 4868 3415 4939 βία
3437 4865 3596 4938 ήμῶν

2013 4949 2074 5001 οὐ
2107 4951 2320 5018 κρατεῖ,
2353 4949 2474 5001 οὑδέ
2506 4949 2722 5022 ἀνάγκη
2743 4969 2757 4983 ο
2788 4952 3038 5024 δεύτερον
3070 4954 3186 5024 μετ’
3212 4953 3390 5004 ἐκεῖνο
3422 4967 3594 5021 προσ-

2015 5033 2317 5103 εθήκαμεν,
2351 5034 2432 5087 ὅτι
2465 5034 2558 5087 καὶ
2581 5035 2765 5107 ἀπάτῃ
2799 5038 3037 5106 κρατῶν,
3057 5036 3178 5092 οὐδὲ
3208 5035 3350 5089 οὕτω
3378 5037 3597 5089 πάντων

2015 5117 2388 5189 περιγίνεται·
2420 5119 2514 5171 καὶ
2543 5119 2705 5172 πάλιν
2743 5119 2904 5172 αὑτὸν
2933 5119 3021 5173 τὸν
3051 5119 3287 5191 ἀθλητὴν
3317 5122 3396 5184 εἰς
3431 5119 3597 5190 μέσον

2015 5203 2416 5274 παρηγάγομεν
2447 5204 2536 5257 τὸν
2575 5202 2716 5267 Ἰὼϐ,
2745 5202 2868 5256 καθ’
2897 5197 2958 5256 οῦ
3010 5203 3178 5274 μυρία
3228 5205 3458 5274 κινήσας
3491 5220 3599 5275 μη-

2017 5287 2328 5357 χανήματα,
2351 5286 2473 5340 οὐδὲ
2506 5287 2648 5340 οὕτω
2669 5287 3035 5356 περιεγένετο,
3062 5285 3196 5340 ἀλλά
3227 5288 3320 5341 καὶ
3345 5287 3600 5359 ἡττηθεὶς

2017 5367 2493 5441 ἀνεχώρησεν.“Εν
2526 5369 2875 5424 ὑπολείπεται
2915 5371 3137 5442 ζήτημα
3183 5369 3390 5427 λοιπόν.
3440 5372 3600 5426 Ποῖον

2023 5687 2051 5733 ᾖ
2087 5627 2111 5698 ξ
2141 5623 2290 5739 Ἱὲιῇζ.
2332 5623 2413 5676 Sic
2451 5624 2598 5687 Beg.,
2644 5625 2828 5676 rectius
2849 5639 3004 5690 quam
3043 5625 3214 5678 Moutt.
3251 5627 3337 5691 qui
3381 5625 3601 5676 ediderat

2043 5703 2149 5739 ριιιν.
2290 5723 2300 5736 .

2042 5703 2149 5746 mw.
2166 5703 2300 5739 non.
