4036 6206
297 279 371 336 59
1232 268 1320 325 DE
1359 271 1655 331 DlABOl.O
1689 273 2133 331 TENTATORE.
2176 272 2413 329 "OMIL.
2436 273 2522 352 ll.

252 394 363 463 jam
393 397 553 446 restat
581 389 824 461 qumstio.
856 388 1108 456 Qumnam
1136 388 1223 443 illa
1256 389 1468 444 tandem
1493 390 1517 444 ‘l
1546 386 1696 457 Quod
1723 388 1845 443 licet

258 498 355 555 per
395 480 499 535 vim
526 520 544 547 ,
587 478 871 551 inquiunt,
904 495 1009 535 non
1052 480 1266 546 vincat,
1305 486 1537 534 attamen
1580 478 1848 533 fraudibus

258 576 420 629 riucit
444 592 458 629 :
489 574 714 644 ideoque
742 575 928 630 melius
955 573 1110 641 foret,
1134 584 1189 628 ut
1215 576 1425 646 penitus
1448 574 1658 629 deletus
1684 583 1846 629 esset.

258 667 510 734 Quamvis
550 667 693 723 enim
732 666 834 722 Job
877 668 1120 736 superior
1146 668 1418 731 evaserit,
1456 667 1625 722 Adam
1669 677 1847 721 tamen

256 762 512 831 deceptus
542 769 621 814 est
647 770 704 816 et
731 759 1102 829 supplantatos
1134 777 1147 814 :
1180 758 1320 830 quod
1349 760 1392 814 si
1418 759 1585 814 semel
1611 773 1643 815 e
1672 758 1849 814 medio

255 852 497 907 sublatus
519 862 682 915 esset,
710 869 776 907 ne
796 851 965 906 Adam
984 853 1198 922 quidem
1224 854 1591 922 supplantatus
1619 866 1846 921 unquam

251 942 483 1009 fuisset;
512 942 621 1013 jam
648 958 791 1006 vero,
822 941 947 998 dum
977 952 1196 1006 manet,
1223 944 1292 997 ab
1322 959 1426 998 uno
1451 943 1661 1011 quidem
1688 957 1848 1011 supe-

250 1045 425 1101 ratur,
451 1051 513 1090 ac
532 1036 713 1090 multis
734 1036 977 1106 superior
994 1035 1170 1090 evadit
1193 1052 1207 1090 :
1229 1035 1415 1090 decem
1439 1035 1584 1089 illum
1609 1034 1845 1103 vincunt,

248 1126 352 1180 sed
392 1125 461 1179 ab
491 1140 557 1179 eo
587 1125 731 1179 mille
771 1135 1090 1196 superantur
1112 1135 1164 1181 et
1195 1137 1565 1196 expugnantur
1590 1144 1602 1180 :
1632 1126 1711 1180 sin
1752 1141 1848 1179 an-

243 1224 363 1272 tem
396 1217 541 1271 illum
564 1232 596 1272 e
622 1215 798 1271 medio
823 1217 1146 1283 sustulisset,
1174 1231 1346 1286 neque
1378 1216 1523 1270 mille
1544 1216 1629 1270 isti
1659 1217 1848 1287 periis-

244 1314 395 1363 scnt.
428 1307 564 1372 Quid
594 1307 750 1377 igitur
777 1305 843 1360 ad
871 1298 970 1362 hoc
997 1305 1477 1375 reSpondebimus?
1502 1304 1664 1361 Multo
1692 1306 1849 1361 nimi-

251 1413 375 1451 rum
406 1397 570 1467 pluris
600 1411 719 1451 esse
747 1395 1020 1452 iaciendos
1047 1396 1134 1466 qui
1165 1396 1420 1460 vincunt,
1451 1412 1606 1466 quam
1636 1396 1721 1465 qui
1751 1411 1846 1450 su-

251 1496 544 1557 perantur,
576 1487 694 1540 licet
742 1486 793 1539 hi
837 1487 1015 1556 plures
1057 1488 1198 1553 sint,
1234 1485 1309 1540 illi
1342 1487 1633 1555 pauciores.
1668 1485 1850 1539 Melior

250 1563 399 1633 enim
427 1586 497 1630 est
518 1618 532 1640 ,
564 1578 769 1646 inquit,
803 1593 932 1631 unus
953 1583 1040 1645 qui
1065 1578 1219 1647 faciat
1249 1577 1553 1631 voluntatem
1582 1575 1676 1630 Dei
1699 1592 1847 1646 quam

249 1670 399 1724 mille
423 1669 581 1739 iniqui
609 1668 626 1740 (
652 1667 811 1722 Eccli.
844 1668 930 1723 16.
958 1668 992 1723 5
1014 1668 1051 1737 ).
1097 1666 1294 1723 Deinde
1321 1682 1447 1722 vero
1473 1666 1611 1737 quod
1651 1667 1844 1721 adver-

246 1760 398 1823 sario
424 1761 629 1814 sublato
661 1761 831 1814 victor
870 1759 982 1829 ipse
1023 1775 1118 1828 per
1156 1757 1283 1814 illud
1325 1758 1517 1811 damno
1549 1756 1838 1811 afﬁciatur.

247 1851 388 1907 Nam
414 1853 458 1907 si
487 1853 848 1907 adversarium
875 1851 1088 1923 quidem
1116 1867 1334 1907 manere
1362 1850 1654 1920 permittas,
1688 1849 1837 1919 igna-

243 1948 434 2000 viores
466 1960 571 1999 non
603 1945 671 1999 ob
700 1959 794 1999 eos
818 1987 832 2011 ,
863 1945 953 2014 qui
994 1944 1161 2015 magis
1200 1943 1406 1997 strenui
1446 1950 1605 2008 sunt,
1647 1942 1741 1995 sed
1777 1941 1846 1995 ob

249 2036 520 2107 ignaviam
543 2051 692 2090 suam
713 2037 904 2091 damna
929 2036 1230 2106 patiuntur;
1259 2035 1339 2088 sin
1361 2045 1539 2088 autem
1566 2032 1846 2087 sustuleris

248 2127 639 2192 adversarium,
673 2127 762 2197 qui
790 2128 957 2199 magis
982 2127 1180 2181 strenui
1208 2133 1351 2189 sunt,
1383 2124 1452 2179 ob
1479 2124 1696 2194 ignavos
1722 2121 1843 2177 afﬁ-

243 2217 467 2279 ciuntur
494 2216 704 2287 injuria,
750 2232 923 2286 neque
952 2218 1162 2273 virtutis
1189 2232 1301 2272 sua:
1330 2214 1795 2286 specimen‘edunt
1818 2256 1833 2280 ,

249 2324 434 2379 neque
458 2324 685 2364 coronas
713 2309 1097 2379 adipiscuntur.

322 2400 380 2453 2.
427 2399 671 2454 Nondum
712 2398 936 2455 fortasse
979 2399 1288 2470 percipitis,
1316 2413 1435 2470 qua:
1473 2397 1625 2453 dixi:
1656 2413 1841 2469 quam-

242 2491 440 2544 obrem
470 2491 677 2545 clarius
713 2491 899 2546 eadem
927 2496 1009 2545 est
1039 2504 1259 2545 necesse
1297 2489 1558 2544 dicantur.
1591 2488 1673 2545 Sit
1700 2488 1845 2560 pugil

248 2596 395 2638 unus
425 2580 478 2643 ις
507 2582 614 2636 sint
637 2591 690 2636 et
715 2581 927 2637 athleta:
956 2581 1062 2636 duo
1086 2582 1175 2651 qui
1200 2596 1324 2663 cum
1352 2597 1418 2636 eo
1442 2582 1548 2637 sint
1575 2581 1840 2648 luctaturi,

244 2682 416 2746 atque
439 2688 502 2728 ex
535 2674 616 2728 his
643 2673 850 2730 duobus
875 2674 1090 2729 athletis
1121 2690 1256 2730 unus
1285 2674 1497 2745 quidem
1525 2674 1594 2728 sit
1617 2673 1845 2744 ingluvie

243 2776 536 2835 Corruptus
555 2806 570 2831 ,
600 2775 970 2835 contemptus,
1002 2766 1202 2820 viribus
1232 2764 1490 2831 defectus,
1520 2774 1842 2831 enervatus;

240 2856 387 2916 alter
405 2871 533 2910 vero
554 2856 644 2926 qui
664 2864 878 2911 strenue
895 2872 953 2911 se
970 2852 1137 2927 gerat,
1154 2856 1289 2911 bene
1311 2855 1488 2910 habito
1507 2856 1576 2911 sit
1594 2869 1839 2924 corpore,

244 2949 304 3004 in
332 2949 579 3017 palaestra
609 2959 869 3015 versetur,
889 2949 939 3004 in
968 2949 1147 3003 multis
1175 2949 1483 3020 gymnasiis,
1512 2948 1763 3018 omnique
1783 2962 1843 3004 se

240 3042 500 3101 athletiea
546 3043 929 3103 exercitatione
968 3043 1283 3099 corroboret
1329 3060 1343 3096 :
1394 3043 1439 3098 si
1483 3042 1843 3098 adversarium

240 3148 384 3204 ergo
412 3135 731 3200 sustuleris,
774 3134 880 3190 utri
926 3133 1114 3191 horum
1160 3134 1404 3204 injuriam
1449 3132 1689 3190 lnl‘eres?
1716 3149 1842 3189 num

243 3226 448 3296 ignavo
469 3235 525 3280 et
551 3226 835 3297 negligenti
855 3268 869 3290 ,
911 3241 977 3281 an
1006 3236 1222 3281 strenuo
1246 3266 1262 3294 ,
1292 3225 1379 3295 qui
1409 3233 1485 3280 tot
1512 3225 1720 3280 labores
1745 3241 1842 3280 ex-

240 3316 579 3374 antlaverit?
623 3315 772 3371 Haud
813 3316 1031 3372 dubium
1056 3358 1072 3382 ,
1108 3316 1233 3387 quin
1274 3324 1492 3371 strenuo
1527 3333 1541 3370 :
1593 3330 1714 3370 nam
1758 3314 1845 3370 hic

243 3408 471 3478 quidem
498 3417 716 3478 propter
741 3407 986 3478 ignavum
1018 3406 1324 3463 adversario
1352 3407 1560 3461 sublato
1588 3405 1841 3460 damnum

242 3511 335 3557 est.
362 3514 583 3568 passus;
615 3508 669 3554 at
695 3501 913 3571 ignavus
942 3499 1033 3554 illo
1061 3508 1310 3554 manente
1340 3514 1444 3553 non
1466 3498 1575 3568 jam
1606 3497 1676 3552 ob
1701 3508 1841 3553 stre-

244 3606 416 3655 nuum
446 3591 635 3661 injuria
656 3598 738 3646 est
762 3589 1001 3658 alfectus,
1022 3590 1215 3660 quippe
1231 3588 1319 3661 qui
1343 3596 1559 3659 propter
1581 3587 1843 3659 ignaviam

246 3697 406 3739 suam
434 3682 747 3737 conciderit.

327 3772 453 3827 Non
476 3773 704 3828 diabolus
730 3772 868 3827 latdit
892 3771 1163 3835 hominem,
1190 3769 1279 3824 sed
1305 3769 1512 3839 propria
1526 3767 1749 3840 ignavia.
1772 3797 1845 3810 —

247 3867 443 3935 Dicam
482 3876 537 3923 et
572 3866 729 3920 aliam
764 3865 1076 3936 qutestionis
1101 3863 1258 3933 hujus
1287 3862 1601 3917 Solutionem
1624 3902 1638 3927 ,
1672 3868 1730 3914 ut
1759 3861 1844 3915 in-

250 3960 466 4029 telligas
494 3975 597 4013 non
623 3958 893 4012 diabolum
923 3956 1167 4029 injuriam
1194 3954 1390 4009 inferre
1412 3994 1428 4021 ,
1455 3951 1548 4008 sed
1574 3952 1842 4021 propriam

250 4052 520 4122 ignaviam
551 4065 645 4104 eos
669 4091 683 4116 ,
720 4050 809 4117 qui
842 4047 1059 4101 minime
1086 4045 1269 4099 attenti
1300 4051 1425 4097 sunt
1446 4084 1461 4109 ,
1496 4042 1688 4111 ubique
1712 4055 1842 4110 sup-

250 4146 519 4209 plantare.
553 4141 899 4210 Relinquatur
925 4138 1169 4193 diabolus
1205 4134 1493 4189 admodum
1534 4133 1705 4187 malus
1734 4147 1842 4190 non

247 4248 446 4295 natura
476 4277 491 4301 ,
543 4236 637 4291 sed
681 4233 842 4288 animi
882 4230 1155 4301 proposito
1196 4242 1259 4283 ac
1307 4226 1570 4281 sententia
1601 4241 1614 4277 :
1648 4224 1843 4278 malum

248 4330 399 4385 enim
431 4335 618 4381 natura
649 4341 753 4379 non
780 4339 897 4379 esse
924 4322 1191 4377 diabolum
1219 4359 1233 4384 ,
1266 4335 1331 4374 ex
1371 4316 1677 4372 nominibus
1718 4315 1845 4385 ipsis

250 4430 543 4489 cognosce.
573 4416 821 4471 Diabolus
841 4426 1091 4482 namque,
1120 4413 1221 4466 hoc
1241 4418 1323 4466 est
1349 4417 1645 4471 accusator,
1674 4407 1847 4462 dictus

249 4519 341 4567 est
364 4511 435 4565 ab
456 4508 788 4563 accusando:
814 4506 1084 4560 hominem
1110 4503 1252 4559 enim
1280 4501 1418 4571 apud
1444 4502 1606 4554 Deum
1632 4514 1848 4555 accusa-

250 4606 335 4658 vit
357 4643 372 4666 ,
406 4597 546 4654 Nam
571 4600 727 4671 gratis
754 4597 851 4652 Job
883 4605 930 4650 te
955 4596 1116 4651 colit?
1143 4594 1415 4664 inquiens,
1446 4591 1533 4646 sed
1563 4591 1700 4644 mitte
1734 4606 1846 4642 mu-

247 4709 379 4748 nitm
410 4702 569 4751 luant,
600 4699 645 4743 et
676 4699 822 4759 tange
841 4702 953 4756 quae
979 4685 1124 4740 habet
1154 4699 1172 4738 :
1197 4686 1238 4738 si
1259 4682 1432 4737 nonin
1454 4682 1633 4754 [aciem
1661 4694 1708 4734 te
1733 4679 1847 4733 bla-

246 4781 576 4853 spltemabit’
603 4776 744 4849 (Job
771 4778 820 4832 i.
865 4776 919 4832 9.
955 4776 1009 4831 Η
1037 4776 1080 4845 ).
1125 4773 1412 4829 Accusavit
1456 4783 1639 4826 rursus
1681 4770 1846 4824 Deum

246 4873 397 4946 apud
430 4872 697 4927 hominem
723 4909 737 4934 ,
779 4868 924 4939 Ignis
953 4865 1132 4921 cecidit
1175 4866 1238 4918 de
1277 4863 1400 4917 rario
1426 4904 1440 4926 ,
1486 4862 1736 4930 inquiens
1758 4901 1770 4922 ,
1803 4868 1851 4914 et

248 4964 532 5022 combussit
559 4978 674 5017 om
713 4958 835 5031 (Ib.
868 4974 917 5014 υ.
948 4957 1054 5030 ιθ)
1086 4975 1098 5011 :
1130 4955 1395 5026 siquidem
1424 4954 1495 5008 illi
1528 4951 1851 5023 persuadere

247 5056 548 5120 nitebatur,
578 5053 809 5124 desuper
847 5064 880 5106 e
907 5049 1054 5106 ctelis
1083 5048 1276 5102 bellum
1308 5044 1445 5099 istud
1489 5045 1540 5099 in
1577 5058 1697 5098 eum
1728 5057 1850 5097 esse

246 5158 621 5211 commotum.
656 5154 712 5202 et
744 5159 955 5201 servum
994 5157 1115 5198 cum
1157 5140 1375 5195 domino
1402 5139 1683 5193 collidebat
1705 5178 1719 5201 ,
1751 5137 1848 5191 do-

248 5245 573 5308 minumque
600 5252 723 5293 cum
759 5250 917 5292 servo
949 5250 963 5287 :
996 5234 1104 5288 imo
1132 5246 1259 5287 vero
1291 5246 1398 5285 non
1423 5229 1726 5293 collidebat,
1757 5228 1849 5283 sed

246 5340 485 5391 «natus
512 5338 598 5386 est
626 5328 840 5400 quidem
859 5368 876 5394 ,
918 5334 974 5381 at.
1020 5340 1125 5380 non
1154 5323 1315 5378 valuit
1347 5339 1362 5377 :
1391 5331 1448 5377 ut
1475 5336 1596 5377 cum
1625 5322 1852 5376 alterum

335 5465 357 5527 ξ
387 5462 518 5527 ligo,
540 5461 600 5527 sit
625 5462 772 5527 pugil
784 5474 923 5527 unus,
947 5460 1070 5527 ἔστῳ
1093 5455 1440 5527 ignava:ng
1467 5455 1545 5513 εἷς,
1568 5454 1777 5527 deerant.
1800 5454 1847 5527 in

262 5523 400 5572 Ιίιιιι.
430 5513 737 5581 Morel.,'sed
762 5513 1011 5573 habentur
1034 5524 1083 5568 in
1108 5513 1230 5580 ltegl
1254 5522 1308 5567 et
1329 5517 1486 5574 Colb.,
1510 5523 1778 5577 monetque
1799 5513 1849 5562 in

264 5586 402 5632 notis
423 5585 527 5634 suis
555 5587 760 5635 Ducaaus
794 5596 905 5632 esse
928 5582 1248 5631 restituenda.

337 5643 500 5707 ηυξ.
530 5649 665 5695 solus
690 5647 856 5707 habet,
888 5644 931 5695 si
959 5642 1041 5694 tibi
1065 5636 1323 5703 benedicct,
1352 5639 1407 5689 σὲ
1429 5637 1692 5700 εὐλογήσω,
1720 5637 1849 5699 quod

266 5706 454 5757 Codeta
479 5709 676 5757 recidit.

3427 282 3537 342 ἰω

1957 387 2154 445 videris
2192 403 2403 446 servum
2444 404 2565 447 cum
2606 390 2823 450 domino
2860 398 3199 454 commissum
3233 408 3288 455 et
3320 402 3443 456 odio
3482 401 3538 456 in

1958 496 2078 533 eum
2110 489 2455 548 commotum,
2488 482 2655 537 Adam
2682 484 2883 540 scilicet
2909 486 2960 541 in
2989 489 3173 554 Deum,
3205 490 3425 561 ejusque
3446 504 3539 544 ca-

1957 570 2172 625 lumniae
2200 571 2356 627 ﬁdem
2388 573 2692 640 habentem,
2724 592 2831 630 non
2857 594 2920 633 ex
2952 582 3162 650 propria
3196 584 3410 649 virtute,
3442 582 3537 639 sed

1956 679 2020 719 ex
2054 664 2193 720 illius
2218 680 2339 720 eum
2367 667 2571 737 ignavia
2600 668 2955 740 socordiaque
2975 671 3147 727 discas
3174 675 3334 729 robur
3361 678 3543 747 acqui-

1955 754 2164 811 sivisse.
2193 757 2444 812 Diabolus
2472 758 2629 827 igitur
2656 758 2853 815 idcirco
2874 762 3045 817 dictus
3069 773 3170 829 est,
3201 764 3252 819 id
3278 777 3360 821 est
3385 783 3542 825 aecu-

1953 856 2141 902 sator:
2176 862 2335 917 porro
2375 864 2629 906 accusare
2667 860 2721 907 et
2768 869 2874 908 non
2904 870 3154 910 accusare
3204 867 3389 913 natura
3434 877 3542 916 non

1955 946 2056 1002 est,
2089 937 2181 992 sed
2212 939 2369 1005 actio,
2401 956 2518 1010 quae
2550 941 2606 995 lit
2631 951 2688 996 et
2714 958 2835 998 esse
2862 944 3056 999 desinit
3080 987 3094 1010 ,
3126 963 3246 1017 qua:
3270 950 3461 1004 accidit
3492 962 3546 1007 et

1940 1031 2196 1087 -accidere
2217 1030 2407 1087 desinit
2435 1050 2448 1087 :
2481 1048 2568 1088 res
2593 1043 2767 1088 autem
2794 1034 3052 1104 ejusmodi
3085 1053 3189 1092 non
3213 1050 3417 1094 naturas
3447 1057 3543 1095 ne-

1954 1136 2058 1189 que
2088 1121 2397 1176 substantia:
2434 1122 2791 1178 conditionem
2836 1134 2959 1179 sunt
2994 1135 3181 1181 nactae.
3212 1127 3335 1183 Seio
3364 1131 3544 1185 multis

1953 1211 2342 1281 comprehensu
2384 1199 2653 1269 difﬁcilem
2704 1213 2842 1270 hunc
2871 1231 2992 1271 esse
3021 1217 3086 1270 de
3120 1219 3415 1274 substantia
3445 1220 3542 1274 de-

1952 1318 2058 1374 que
2082 1304 2442 1360 accidentibus
2480 1319 2818 1373 Sermonem;
2864 1307 2956 1361 sed
3000 1319 3123 1362 sunt
3161 1311 3250 1378 qui
3295 1311 3542 1365 subtilius
3612 1302 3613 1305 “

1953 1396 2133 1449 audire
2158 1405 2412 1465 possunt:
2436 1412 2591 1466 quam
2614 1397 2683 1452 ob
2707 1414 2918 1453 causam
2941 1409 2995 1453 et
3021 1414 3117 1453 nos
3145 1399 3258 1455 haec
3285 1401 3535 1456 diximus.

1954 1486 2121 1541 Vultis
2150 1498 2202 1541 ct
2222 1488 2286 1541 ad
2315 1489 2538 1543 alterum
2569 1506 2761 1543 nomen
2791 1490 3021 1553 veniam,
3054 1507 3117 1546 ac
3143 1493 3385 1549 videbitis
3409 1493 3535 1549 illud

1953 1566 2163 1646 quoque
2202 1594 2307 1632 non
2350 1580 2660 1634 substantiae
2706 1596 2879 1650 neque
2922 1592 3123 1636 natura:
3163 1599 3357 1639 nomen
3383 1585 3537 1639 esse?

1952 1665 2121 1721 Malus
2149 1676 2366 1722 vocatur
2392 1684 2405 1720 :
2443 1670 2640 1722 malitia
2665 1685 2794 1724 vero
2821 1686 2925 1725 non
2955 1681 3031 1726 est
3064 1682 3265 1726 natura:
3284 1714 3299 1740 ,
3328 1674 3420 1728 sed
3449 1690 3536 1728 ar—

1952 1759 2092 1812 bitrii
2130 1774 2194 1813 ac
2241 1760 2493 1829 propositi
2524 1779 2538 1816 :
2569 1778 2688 1815 nam
2729 1772 2782 1817 et
2821 1762 2929 1831 ipsa
2966 1779 3344 1836 nonuumquan
3377 1768 3534 1832 inest,

1957 1860 2011 1905 et
2037 1867 2434 1922 nonnumquam
2468 1853 2641 1908 inesse
2662 1854 2876 1909 desinit.
2901 1855 3013 1909 Noli
3041 1858 3181 1912 enim
3210 1858 3335 1911 mihi
3360 1858 3540 1914 dicere

1950 1942 2002 1997 in
2032 1943 2122 1996 illo
2146 1958 2262 1998 eam
2294 1953 2547 2013 perpetuo
2576 1961 2793 2002 manere
2824 1964 2838 2001 :
2869 1963 2988 2001 nam
3017 1956 3071 2002 et
3101 1949 3151 2003 in
3182 1949 3270 2003 illo
3296 1949 3362 2005 ab
3387 1951 3537 2006 initio

1949 2048 2055 2088 non
2080 2031 2197 2100 ﬁiit,
2219 2034 2312 2089 sed
2347 2045 2527 2104 postea
2553 2038 2777 2091 accessit
2802 2053 2816 2103 ;
2849 2039 3192 2108 quamobrem
3215 2048 3269 2094 et
3298 2050 3538 2110 apostata

1949 2122 2142 2180 dicitur
2170 2145 2183 2179 :
2215 2128 2421 2182 tametsi
2449 2143 2567 2182 eum
2607 2128 2756 2182 multi
2787 2130 2891 2183 sint
2922 2129 3162 2185 homines
3189 2132 3310 2187 mali
3338 2174 3353 2199 ,
3386 2131 3535 2187 solus

1954 2218 2042 2273 ille
2066 2234 2157 2288 per
2176 2219 2542 2275 excellentiam
2572 2220 2739 2274 Malus
2764 2220 2973 2276 dicitur.
3003 2222 3169 2288 Quam
3201 2224 3411 2279 tandem
3442 2224 3538 2295 igi-

1955 2320 2040 2364 tur
2093 2310 2162 2364 ob
2215 2324 2428 2365 causam
2473 2311 2551 2365 sic
2592 2310 2938 2381 appellatur?
2979 2311 3130 2380 Quod
3170 2314 3467 2369 nullatenus
3504 2331 3536 2370 a

1948 2401 2102 2456 nobis
2145 2401 2335 2473 injuria
2379 2400 2691 2469 lacessitus,
2737 2419 2855 2457 cum
2897 2402 3024 2457 nihil
3068 2403 3316 2473 exiguum
3346 2445 3362 2473 ,
3405 2405 3536 2461 nihil

1950 2508 2198 2563 magnum
2228 2503 2406 2563 posset
2432 2495 2684 2565 objicere,
2716 2510 2833 2549 cum
2866 2494 3068 2550 honore
3094 2494 3339 2551 allectum
3371 2496 3533 2552 vidise

1949 2594 2032 2640 set
2061 2584 2352 2653 hominem,
2381 2588 2633 2640 continuo
2660 2586 2809 2641 bonis
2836 2587 2951 2655 ejus
2981 2587 3188 2641 invidit.
3217 2586 3352 2654 Quid
3380 2588 3538 2657 igitur

1950 2675 2053 2733 bac
2084 2678 2282 2732 malitia
2311 2678 2535 2747 nequius
2569 2678 2693 2748 ﬁngi
2726 2678 2928 2746 possit,
2957 2695 3114 2748 quam
3141 2694 3260 2733 cum
3290 2678 3431 2732 nulla
3459 2680 3534 2735 le-.

1946 2772 2127 2842 gitima
2152 2772 2218 2827 dc
2244 2784 2399 2826 causa
2426 2773 2606 2827 odium
2634 2787 2695 2827 ac
2723 2773 2918 2828 bellum
2944 2773 3219 2827 exoritur?
3248 2772 3534 2843 Relinqua-

1949 2871 2035 2918 lur
2064 2864 2240 2934 itaque
2268 2864 2551 2929 diabolus;
2581 2873 2634 2920 et
2659 2875 2959 2919 creaturam
3005 2866 3056 2919 in
3095 2865 3324 2919 medimn
3360 2865 3535 2935 profe-

1947 2968 2160 3019 ramus,
2204 2961 2262 3009 ut
2304 2953 2479 3009 diseas
2518 2970 2623 3008 non
2659 2970 2871 3010 causam
2918 2955 3070 3009 nobis
3113 2955 3373 3009 malorum
3414 2970 3534 3010 csso

1946 3041 2238 3107 diabolum,
2270 3043 2315 3099 si
2341 3046 2574 3098 animmu
2597 3044 2874 3101 attendere
2894 3044 3117 3099 velimus
3144 3062 3157 3099 :
3191 3055 3247 3098 ut
3271 3043 3533 3115 intelligas

1947 3149 2067 3190 eum
2087 3176 2101 3199 ,
2135 3135 2224 3206 qui
2262 3137 2533 3205 pr0posito
2560 3135 2721 3191 animi
2747 3145 2830 3191 est
2858 3136 3157 3202 imbecillis,
3192 3136 3462 3207 negligens
3480 3149 3537 3192 et

1948 3225 2168 3295 ignavus
2193 3267 2207 3289 ,
2246 3226 2454 3281 etiamsi
2502 3226 2745 3282 diabolus
2783 3243 2888 3281 non
2932 3227 3038 3293 sit,
3079 3226 3363 3283 concidere
3395 3227 3534 3283 etin

1947 3318 2111 3373 multa
2149 3318 2393 3373 vitiorum
2440 3318 2686 3373 barathra
2727 3318 2959 3387 seipsum
2996 3317 3320 3389 prmcipitem
3351 3332 3529 3386 agere.

1947 3409 2202 3465 Diabolus
2231 3409 2402 3464 malus
2430 3418 2513 3464 est
2537 3427 2550 3463 :
2582 3408 2694 3464 scio
2719 3407 2986 3478 equidem,
3018 3417 3073 3462 et
3102 3408 3153 3461 in
3181 3406 3426 3463 confesso
3450 3415 3532 3462 est

1946 3502 2084 3570 apud
2109 3515 2296 3556 omnes
2319 3516 2335 3563 ;
2366 3500 2457 3555 sed
2481 3500 2695 3556 attende
2718 3499 2994 3570 diligenter
3019 3499 3083 3553 ad
3114 3514 3173 3554 ea
3195 3540 3210 3566 ,
3243 3514 3361 3570 qute
3387 3513 3529 3552 nunc

1946 3590 2134 3645 dicturi
2166 3605 2351 3645 sumus
2384 3606 2397 3644 :
2431 3605 2535 3643 non
2567 3590 2710 3644 enim
2744 3605 2831 3644 res
2862 3597 2985 3642 sunt
3014 3589 3260 3655 volgares
3288 3631 3303 3656 ,
3344 3588 3436 3644 sed
3467 3587 3534 3643 de

1946 3681 2139 3752 quibus
2160 3696 2188 3735 a
2218 3681 2398 3735 multis
2424 3692 2793 3748 smpenumero
2821 3678 2997 3733 multis
3027 3678 3077 3732 in
3111 3679 3242 3734 locis
3273 3678 3536 3733 habentur

1946 3788 2258 3839 sermones;
2290 3772 2357 3826 de
2378 3771 2569 3841 quibus
2599 3771 2759 3824 multa
2788 3782 2930 3838 saepe
2953 3770 3222 3823 contentio
3250 3779 3304 3822 et
3331 3767 3530 3822 bellum

1947 3864 2202 3929 exoritur,
2228 3879 2331 3919 non
2359 3862 2601 3917 ﬁdelibus
2629 3870 2828 3914 tantum
2856 3859 3109 3914 adversus
3135 3858 3374 3913 inﬁdeles
3394 3900 3409 3921 ,
3438 3858 3533 3912 sed

1947 3967 1999 4011 ct
2023 3956 2261 4011 ﬁdelibus
2290 3955 2545 4011 adversus
2584 3954 2769 4009 ﬁdeles
2797 3969 2812 4007 :
2843 3953 2946 4008 hoc
2971 3952 3112 4009 enim
3143 3960 3245 4020 est,
3274 3952 3413 4023 quod
3440 3952 3537 4006 do-

1949 4047 2118 4103 lorem
2146 4047 2327 4101 inurit.

2018 4139 2072 4194 5.
2117 4139 2391 4194 Diabolum
2443 4137 2601 4207 igitur
2644 4135 2839 4191 malum
2867 4150 2985 4191 esse
3024 4134 3258 4190 fatentur
3296 4148 3531 4191 omnes:

1949 4228 2074 4301 quid
2097 4230 2162 4285 de
2190 4240 2427 4285 creatura
2452 4216 2567 4282 ista.
2586 4227 2721 4284 bona
2750 4236 2804 4283 et
2825 4228 3173 4282 admiratione
3205 4226 3360 4296 digna
3391 4225 3535 4281 dice-

1955 4321 2114 4377 mus?
2139 4337 2205 4375 an
2245 4321 2402 4375 etiam
2440 4319 2629 4375 malam
2670 4331 2789 4372 esse
2817 4317 3160 4372 creaturam?
3185 4314 3252 4370 Et
3279 4316 3395 4385 quis
3445 4315 3536 4371 ille

1950 4412 2085 4466 adeo
2110 4412 2386 4476 scelestus,
2414 4412 2533 4480 quis
2557 4410 2689 4463 adeo
2712 4409 2951 4479 stupidus
2972 4424 3033 4463 ac
3059 4417 3235 4463 mente
3251 4418 3460 4477 captus,
3477 4416 3537 4463 ut

1951 4514 2253 4559 creaturam
2286 4502 2539 4557 accuset?
2564 4500 2703 4567 Quid
2735 4516 2862 4571 ergo
2895 4501 2963 4555 de
2989 4500 3073 4555 illa
3102 4499 3383 4554 dicemus?
3420 4499 3535 4555 Non

1953 4597 2094 4651 enim
2128 4596 2264 4650 mala
2292 4604 2394 4660 est,
2426 4594 2518 4649 sed
2542 4602 2596 4649 et
2621 4594 2780 4659 bona,
2806 4602 2859 4648 et
2881 4594 3155 4664 sapientiae
3183 4593 3295 4660 Dei,
3327 4592 3536 4647 virtutis

1952 4704 2014 4743 ac
2034 4688 2374 4758 benignitatis
2398 4696 2481 4741 est
2504 4695 2893 4756 argumentum.
2934 4686 3070 4741 Audi
3097 4701 3224 4756 ergo
3249 4701 3353 4756 quo
3383 4692 3537 4753 pacto

1954 4780 2098 4834 illam
2137 4778 2431 4833 admiretur
2454 4777 2711 4847 propheta
2754 4775 2936 4831 dicens
2968 4794 2981 4830 :
3017 4775 3182 4842 Quam
3212 4774 3538 4845 magniﬁcam

1954 4880 2070 4924 sunt
2098 4884 2251 4939 Opera
2282 4866 2637 4934 tua,.Domine
2687 4866 2709 4922 l
2762 4868 2932 4922 omnia
2980 4868 3031 4921 in
3079 4864 3324 4936 sapientia
3377 4862 3537 4934 fecisti

1959 4960 2127 5032 (Psai.
2162 4960 2285 5015 103.
2315 4958 2429 5028 24).
2454 4958 2566 5012 Non
2590 4958 2857 5029 sigillatim
2882 4958 3174 5027 percurrit;
3207 4954 3299 5009 sed
3329 4954 3536 5009 incom-

1957 5051 2300 5121 prehensibili
2330 5049 2521 5105 divina:
2541 5050 2814 5120 sapientia:
2843 5047 3180 5103 immensltati
3203 5045 3382 5101 cessit.
3428 5043 3540 5100 Uti-

1957 5144 2076 5198 liter
2115 5154 2291 5198 autem
2333 5142 2468 5197 adeo
2507 5144 2697 5197 bonam
2738 5152 2791 5196 et
2822 5140 3151 5212 magniﬁcam
3181 5138 3325 5194 illam
3367 5153 3397 5193 a
3430 5138 3542 5195 Deo

1958 5234 2148 5290 laetam
2176 5249 2295 5290 esse
2327 5243 2382 5289 ut
2431 5235 2674 5299 noveris,
2720 5234 2839 5288 audi
2881 5231 3180 5303 quempiam
3225 5231 3536 5286 dicentem:

1960 5324 2042 5380 Ex
2068 5326 2411 5395 magnitudine
2433 5334 2477 5380 et
2495 5325 2656 5393 specie
2677 5332 3015 5377 creaturarum
3047 5337 3135 5383 per
3165 5323 3537 5393 proportionem

1958 5427 2154 5471 creator
2199 5417 2402 5469 illarum
2453 5417 2646 5469 videtur
2690 5412 2855 5483 (Sop.
2912 5416 2998 5471 15.
3044 5413 3118 5482 5)
3160 5412 3328 5467 :audi
3379 5414 3537 5471 etiam

1961 5511 2177 5566 Paulum
2229 5508 2487 5564 (licentem
2521 5525 2534 5561 :
2565 5504 2847 5561 lnvisibllia
2900 5507 3030 5559 enim
3058 5506 3221 5575 ipsius
3254 5523 3285 5559 (ι
3310 5514 3540 5563 creatura

1958 5600 2135 5653 mundi
2171 5616 2258 5669 per
2277 5615 2333 5653 ea
2361 5613 2473 5668 qua!
2513 5597 2647 5666 facta
2685 5608 2820 5663 sunt,
2870 5597 3121 5650 intellecta
3166 5596 3544 5665 conspiciuntur

1963 5689 2139 5763 (Rom.
2175 5693 2223 5744 l.
2250 5691 2376 5762 9.0).
2407 5688 2604 5745 llorum
2634 5691 2773 5747 enim
2800 5690 3021 5762 quisque
3052 5704 3146 5761 per
3174 5705 3234 5746 ea
3255 5729 3271 5757 ,
3303 5702 3418 5758 qua:
3456 5684 3542 5740 di-
