4036 6206
529 153 630 208 9M

531 267 628 328 xit,
665 277 764 318 nos
788 261 854 318 ab
883 277 966 328 ea,
999 259 1150 330 quasi
1174 257 1490 324 mann,duci
1516 257 1582 314 ad
1615 255 1704 310 Dei
1731 255 2108 325 cognitionem,

532 353 885 408 sulundicavit
903 393 917 416 ,
943 349 1082 421 quod
1119 349 1205 404 illa
1228 347 1441 414 efﬁciat,
1465 357 1522 400 ut
1551 347 1832 404 Dominum
1860 357 2116 414 agnosca-

531 457 670 500 mus.
711 443 847 511 Quid
899 441 1094 512 igitur?
1147 439 1206 496 Si
1234 439 1427 492 bonam
1477 437 1616 491 hanc
1661 444 1714 490 et
1747 433 2114 489 admirabilem

533 545 830 590 creaturam
874 535 1053 590 multis
1079 533 1362 601 impietatis
1389 545 1603 584 causam
1647 529 1912 582 exstitisse
1939 526 2118 580 videa-

535 641 677 692 mus,
707 642 830 680 nutn
875 625 1016 680 illam
1069 622 1476 678 accusabimus?
1503 621 1874 690 Nequaquam,
1905 617 1997 673 sed
2025 633 2116 671 eos

534 717 624 787 qui
675 717 958 782 medicina,
989 727 1044 770 ut
1074 717 1337 785 Oportuit,
1367 730 1472 768 non
1519 723 1643 766 sunt
1693 713 1793 766 usi.
1839 709 2117 778 Quomodo

537 823 666 877 ergo
695 825 852 864 causa
871 809 1153 882 impietatis
1180 807 1279 866 crit
1297 807 1402 871 illa,
1428 823 1545 876 qua:
1562 806 1624 858 ad
1649 807 1738 860 Dei
1765 805 2116 874 cognitionem

539 913 638 952 nos
668 897 945 966 provehit?
988 897 1307 951 Obtenebrati
1355 905 1501 960 sunt,
1534 897 1733 965 inquit,
1765 897 1817 948 in
1859 896 2118 965 cogitatio-

540 988 686 1042 nibus
711 989 812 1042 suis
842 987 1132 1056 philosOphi
1149 1027 1164 1051 ,
1196 995 1242 1040 et
1271 987 1560 1052 coluerunt,
1588 995 1635 1039 et
1676 987 1947 1038 servierunt
1981 1002 2120 1038 crea-

541 1085 668 1130 turte
697 1079 859 1142 potius
887 1095 1036 1148 quant
1065 1078 1278 1132 creatori
1312 1075 1484 1148 (Rom.
1517 1079 1566 1130 1.
1593 1077 1683 1130 2i.
1711 1075 1824 1148 25).
1854 1076 2119 1146 Nusquam

541 1167 780 1222 diabolus
823 1169 924 1230 hic,
961 1185 1218 1240 nusquam
1255 1169 1340 1223 hic
1363 1169 1591 1234 daemon,
1622 1167 1714 1224 sed
1741 1179 1980 1223 creatura
2009 1169 2122 1222 sola

542 1259 736 1314 divina:
763 1261 1077 1330 cognitionis
1105 1261 1354 1330 magistra
1383 1262 1433 1314 in
1477 1260 1652 1314 medio
1703 1260 1971 1329 proposita
2019 1268 2120 1313 est.

545 1353 784 1419 Quonam
816 1367 942 1422 ergo
965 1361 1119 1422 pacto
1158 1367 1314 1406 causa
1347 1351 1630 1420 impietatis
1660 1360 1740 1404 est
1787 1349 1962 1404 facta?
2007 1348 2122 1402 Non

542 1455 610 1494 ex
645 1451 830 1494 natura
863 1455 986 1507 sua,
1016 1441 1108 1495 sed
1131 1457 1192 1494 ex
1216 1457 1402 1496 eorum
1429 1441 1626 1494 incuria
1647 1483 1660 1505 ,
1693 1441 1777 1510 qui
1806 1439 1869 1494 ad
1894 1455 1978 1494 res
2003 1453 2126 1492 suas

543 1533 728 1586 attenti
767 1549 872 1588 non
911 1543 1082 1590 erant.
1123 1533 1258 1599 Quid
1309 1533 1504 1604 igitur?
1543 1533 1875 1599 tollemUsue,
1921 1545 2122 1601 quarso,

543 1633 842 1680 creaturam
888 1639 1098 1694 quoque
1114 1625 1136 1678 ?

625 1715 833 1769 Rectum
855 1717 1189 1770 membrorum
1218 1731 1364 1768 usum
1390 1715 1665 1784 corrumpit
1693 1715 1912 1784 ignauia.
1934 1743 2007 1754 —
2023 1713 2128 1769 Sed

547 1807 673 1878 quid
701 1822 800 1878 ego
831 1807 900 1862 de
929 1819 1172 1862 creatura
1195 1807 1416 1878 loquor?
1445 1807 1524 1862 Ad
1552 1807 1786 1861 membra
1831 1816 2009 1861 nostra
2039 1822 2131 1863 ve-

549 1900 756 1956 niamus
788 1917 800 1953 :
832 1915 953 1954 nam
982 1909 1034 1954 et
1063 1899 1173 1969 ipsa
1221 1915 1432 1954 causam
1459 1913 1578 1954 esse
1621 1897 1930 1968 perditionis
1977 1911 2132 1967 repe-

547 1993 769 2058 riemus,
819 1991 918 2046 nisi
962 1991 1196 2045 animum
1243 1992 1596 2058 attendamus,
1649 2007 1754 2044 non
1801 2006 1865 2047 ex
1919 1991 2130 2062 propria

549 2093 756 2148 natura,
784 2083 876 2137 sed
905 2098 970 2136 cx
997 2083 1200 2152 ignavia
1228 2091 1428 2136 nostra.
1472 2083 1548 2137 Ac
1575 2081 1709 2146 vide,
1731 2097 1944 2151 quatso;
1977 2081 2132 2134 datus

549 2183 632 2232 est
658 2173 862 2240 oculus,
889 2182 948 2227 ut
969 2185 1263 2228 creaturam
1293 2175 1523 2240 intuens,
1542 2175 1819 2228 Dominum
1837 2173 2128 2244 gloriﬁccs;

548 2275 602 2322 at
628 2265 671 2320 si
694 2265 847 2320 oculo
879 2273 1022 2320 recte
1050 2281 1152 2320 non
1185 2267 1378 2334 utaris,
1426 2265 1668 2321 adulterii
1702 2265 1792 2322 tibi
1823 2266 2133 2322 conciliator

547 2355 742 2410 evadit.
784 2355 986 2426 Lingua
1029 2371 1157 2412 vero
1183 2349 1406 2412 data'cst
1432 2400 1444 2424 ,
1478 2367 1534 2412 ut
1562 2359 1766 2424 laudes,
1800 2369 1858 2414 nt
1895 2359 2134 2416 celebres

548 2459 878 2516 creatorem;
909 2457 965 2502 at
995 2449 1038 2504 si
1067 2458 1214 2505 recte
1245 2467 1348 2504 non
1377 2451 1640 2518 attendas,
1672 2451 2014 2521 blasphemia:
2041 2452 2133 2507 tibi

550 2539 608 2592 lit
651 2539 982 2594 administro.
1023 2540 1208 2596 Manus
1256 2541 1393 2596 data:
1425 2551 1568 2610 sunt,
1611 2554 1667 2598 ut
1707 2543 1773 2598 ad
1809 2559 1992 2613 preces
2019 2544 2136 2600 illas

551 2631 841 2697 extendas;
874 2631 967 2687 sed
1003 2633 1046 2688 si
1078 2635 1288 2688 sohrius
1337 2651 1442 2690 non
1497 2636 1591 2702 sis,
1640 2635 1705 2690 ad
1753 2636 1990 2706 rapinam
2043 2651 2136 2694 eas

552 2721 818 2776 extendis.
861 2721 1030 2778 Pedes
1056 2723 1162 2779 dati
1185 2733 1338 2790 sunt,
1369 2735 1426 2780 ut
1461 2725 1528 2780 ad
1551 2726 1687 2781 bona
1717 2742 1876 2796 opera
1906 2743 2090 2784 curras
2116 2746 2133 2796 ;

554 2811 647 2866 sed
692 2812 736 2866 si
784 2813 1052 2885 negligens
1084 2816 1273 2882 fueris,
1307 2833 1490 2872 eorum
1540 2833 1642 2888 ope
1687 2821 1853 2874 malas
1900 2821 2137 2875 actiones

555 2903 886 2973 exsequeris.
935 2905 1088 2960 Vides
1143 2907 1413 2962 inﬁrmum
1465 2919 1654 2964 cuncta
1710 2909 1950 2966 laedere?
1991 2911 2137 2966 vides

555 2989 822 3054 inﬁrmum
874 2997 1107 3052 remedia
1145 2999 1396 3053 salutaria
1435 3001 1757 3070 praecipitem
1799 3002 1850 3056 in
1911 3013 2136 3056 mortem

555 3099 733 3156 agere,
757 3103 862 3142 non
893 3103 960 3144 ex
983 3099 1168 3144 natura
1197 3105 1312 3158 sua,
1337 3092 1429 3146 sed
1463 3109 1528 3146 ex
1568 3093 1706 3146 illius
1737 3094 2136 3150 imbecillitate?

555 3179 756 3233 Caelum
789 3181 1024 3236 condidit
1067 3181 1226 3248 Deus,
1259 3193 1314 3236 ut
1363 3197 1494 3251 opus
1534 3183 1821 3248 admirans,
1855 3185 2134 3240 Dominum

557 3267 807 3326 adorares
829 3287 843 3336 ;
873 3281 927 3326 at
949 3271 1036 3325 alii
1055 3273 1328 3328 conditore
1347 3273 1600 3328 derelicto
1615 3275 1800 3328 cadum
1825 3277 1992 3344 ipsum
2011 3276 2142 3332 ado-

559 3371 780 3418 rarunt:
815 3363 867 3418 id
893 3379 1020 3418 vero
1051 3375 1265 3434 propter
1295 3381 1479 3420 eorum
1517 3367 1776 3436 ignaviam
1808 3377 1859 3421 et
1887 3368 2140 3438 insipien-

560 3455 684 3508 tiam
712 3453 922 3510 accidit.
965 3453 1066 3510 Sed
1099 3455 1220 3526 quid
1249 3473 1346 3526 ego
1374 3467 1668 3512 creaturam
1691 3457 1848 3512 dico?
1893 3459 2144 3514 Enimve-

559 3559 622 3600 ro
643 3545 767 3616 quid
798 3545 1082 3600 salutarius
1106 3563 1264 3603 cruce
1313 3550 1424 3604 ﬁeri
1476 3551 1675 3619 possit?
1703 3551 1846 3620 atqui
1882 3566 2008 3606 crux
2041 3551 2140 3606 ista

559 3637 864 3692 scandalum
905 3639 1130 3694 inﬁrmis
1174 3649 1254 3694 est
1299 3639 1436 3696 facta
1475 3661 1488 3696 :
1529 3641 1752 3713 Verbum
1801 3644 1932 3696 enim
1977 3645 2142 3698 crucis

563 3731 879 3802 pereuntibus
917 3733 1115 3800 quidem
1161 3735 1372 3787 stultitia
1419 3745 1528 3798 est;
1573 3736 1635 3789 iis
1671 3745 1837 3790 autent
1880 3735 1966 3806 qui
2016 3735 2144 3788 salvi

563 3821 728 3890 ﬁunt,
765 3821 858 3875 Dei
883 3823 1038 3877 uirtus
1067 3833 1140 3876 est
1163 3825 1236 3892 (l.
1261 3823 1382 3880 Cor.
1414 3826 1466 3884 l.
1499 3827 1584 3896 ιδ)
1613 3841 1626 3890 ;
1659 3835 1712 3880 et
1757 3842 1969 3891 rursus,
2001 3825 2146 3880 Prw-

565 3911 792 3964 dicamus
813 3909 1415 3981 Christumcruciﬁxum,
1457 3915 1654 3970 Judteis
1690 3919 1891 3987 quidem
1931 3917 2146 3972 scanda-

565 3999 694 4064 lum,
722 4001 948 4070 gentibus
967 4011 1134 4056 autem
1157 4005 1420 4057 stultitiam
1449 4007 1522 4076 (l.
1561 4005 1679 4060 Cor.
1711 4009 1759 4061 l.
1779 4007 1894 4078 25).
1917 4009 2054 4076 Quid
2077 4010 2145 4064 ad

566 4091 862 4146 docendum
901 4093 1074 4162 aptius
1103 4093 1266 4148 Paulo
1311 4095 1430 4166 ﬁngi
1459 4097 1627 4164 possit
1665 4105 1718 4151 et
1757 4100 2052 4166 apostolis?
2093 4109 2148 4156 al.

569 4183 656 4238 isti
699 4185 923 4254 apostoli
961 4187 1140 4240 multis
1169 4187 1302 4242 odor
1331 4189 1516 4242 mortis
1537 4199 1660 4242 sunt
1689 4189 1844 4244 facti:
1867 4193 1940 4246 ait
1969 4193 2146 4263 igitur,

567 4275 697 4328 Aliis
723 4275 920 4344 quidem
943 4277 1070 4330 odor
1099 4279 1276 4331 mortis
1305 4279 1356 4330 in
1399 4289 1611 4332 mortem
1633 4294 1654 4343 ,'
1677 4280 1792 4334 aliis
1817 4292 1986 4334 autem
2024 4285 2149 4338 odor

568 4365 752 4418 vincia
775 4365 1019 4434 uitauit?"
1047 4365 1164 4420 Cor.
1213 4367 1268 4421 2.
1311 4368 1424 4438 16).
1461 4369 1622 4424 Vides
1649 4371 1964 4428 inﬁrmuma
1989 4375 2150 4430 Paulo

569 4457 728 4510 etiam
749 4455 890 4522 hedi,
915 4455 1144 4512 validum
1170 4469 1346 4514 autem
1375 4477 1442 4516 ne
1467 4475 1496 4515 a
1527 4457 1740 4517 diabolo
1757 4464 1972 4534 quidem
2009 4467 2150 4524 afﬁci

567 4547 807 4603 damno?

639 4639 693 4694 4.
739 4639 830 4694 Vis
869 4641 1028 4694 etiam
1055 4641 1122 4696 de
1155 4641 1367 4699 Christo
1421 4659 1724 4701 sermonem
1779 4648 2152 4706 instituamus?

569 4731 705 4798 Quid
729 4746 850 4786 cum
879 4731 964 4786 illa
987 4733 1158 4788 salute
1185 4735 1414 4789 Conferri
1435 4738 1776 4808 potest?quid
1805 4739 1894 4794 illo
1923 4741 2152 4796 adventu

571 4823 931 4878 fructuosius?
953 4823 1096 4894 atqui
1119 4823 1206 4879 hic
1227 4827 1339 4894 ipse
1359 4826 1621 4881 adventus
1645 4829 1889 4883 salutaris
1915 4841 1968 4884 et
1989 4833 2152 4899 utilis,

571 4915 752 4968 multis
775 4915 1010 4969 accessio
1031 4930 1306 4985 poenarum
1327 4925 1410 4970 est
1431 4916 1618 4972 factus.
1639 4917 1706 4972 In
1725 4920 1978 4988 judicium
1999 4924 2152 4990 enim,

573 5009 760 5078 inquit,
785 5009 834 5062 in
857 5007 992 5061 [tunc
1019 5011 1262 5060 mundum
1285 5009 1416 5074 veni,
1447 5019 1498 5062 ut
1540 5011 1626 5076 qui
1665 5027 1762 5064 non
1791 5013 1956 5066 rident
1975 5055 1990 5078 ,
2019 5015 2152 5067 ride-

573 5111 683 5164 ant,
713 5109 760 5152 et
785 5099 872 5170 qui
893 5099 1076 5166 rident,
1113 5099 1234 5153 arci
1257 5101 1386 5168 [iant
1413 5099 1594 5170 (Joau.
1621 5101 1674 5156 9.
1699 5101 1810 5172 '59).
1857 5103 1994 5168 Quid
2039 5105 2156 5158 ais?

583 5191 666 5244 lux
693 5191 948 5245 excitatis
977 5205 1136 5246 causa
1161 5190 1295 5245 facta
1327 5191 1447 5245 est?
1477 5190 1590 5244 Non
1615 5192 1701 5244 lux
1731 5191 1868 5246 facta
1893 5203 2157 5249 estcausa

577 5283 852 5346 cwcilalis,
883 5281 974 5336 sed
1001 5283 1274 5338 oculorum
1315 5284 1508 5338 anima:
1547 5283 1876 5338 imbecillitas
1923 5287 2162 5356 recipere

581 5371 760 5426 lumen
793 5389 896 5426 non
929 5375 1113 5428 valuit.
1157 5375 1316 5430 Vides
1353 5375 1620 5430 inﬁrmum
1643 5377 1876 5445 undique
1905 5377 2044 5442 la‘di,
2073 5395 2162 5432 va-

583 5465 746 5522 lidum
771 5477 946 5520 autem
975 5467 1204 5537 undique
1233 5471 1511 5524 utilitatem
1539 5467 1862 5537 decerpere?
1887 5468 2016 5522 Nam
2049 5471 2164 5523 ubi-

581 5575 689 5636 que
717 5559 960 5618 voluntas
979 5571 1060 5616 cst
1085 5559 1139 5615 in
1165 5575 1322 5616 causa
1339 5603 1354 5628 ,
1383 5561 1580 5631 ubique
1623 5571 1862 5616 nostrum
1887 5561 2164 5617 arbitrium

1239 144 1294 200 S.
1336 141 1614 200 JOANNIS
1651 133 2120 195 CllllYSOSTOMl
2161 133 2478 190 ARCIIIEP.
2519 133 3052 191 CONSTANTlNOP.

2489 45 2516 55 ι.

3625 135 3701 194 25?

2223 257 2306 304 est
2335 255 2522 302 auctor
2551 263 2566 299 :
2593 243 3018 316 quandoquidem
3047 235 3306 310 diabolus,
3335 244 3378 301 si
3421 261 3557 306 nosse
3589 254 3702 318 velis,

2220 341 2379 395 etiam
2413 337 2554 392 utilis
2579 336 2733 391 nobis
2775 345 2879 398 est,
2909 337 2954 390 si
2993 351 3075 400 eo,
3105 347 3264 406 prout
3307 349 3514 409 oportet,
3533 353 3701 410 utamur,

2219 445 2568 502 magnamque
2597 429 2752 484 nobis
2781 429 3059 484 utilitatem
3087 431 3260 498 parit,
3309 445 3467 502 neque
3509 434 3704 492 mediocre

2223 525 2377 578 nobis
2401 524 2524 592 inde
2549 523 2752 578 lucrum
2801 521 3035 576 obvenit.
3075 522 3186 577 Hoc
3211 523 3464 578 umltoties
3494 536 3538 578 et
3559 541 3608 580 ex
3627 528 3706 596 ipso

2222 616 2323 671 Job
2351 616 2678 671 ostendimus
2709 631 2721 667 :
2755 623 2929 684 potest
2952 625 3126 669 autem
3153 630 3218 670 ex
3249 615 3360 684 ipso
3387 633 3569 688 quoque
3591 619 3705 675 Patth

2226 707 2442 777 intelligi
2475 724 2487 760 :
2518 707 2596 762 sic
2620 707 2761 760 enim
2791 707 2865 759 ait
2910 705 2977 760 de
3017 706 3330 761 fornicatum
3357 709 3594 763 scribens:
3618 710 3707 764 Tm-

2223 799 2325 853 dite
2353 800 2646 869 lmjusmodi
2673 809 2866 853 satana:
2889 800 2942 854 in
2973 801 3228 853 interitum
3255 802 3434 867 carnis,
3477 811 3524 854 ut
3559 804 3707 873 spirits:

2224 891 2390 944 salvus
2416 891 2477 942 sit
2505 888 2578 962 (l.
2605 887 2722 944 Cor.
2769 891 2824 944 5.
2871 891 2948 960 5).
2987 890 3122 946 Ecce
3173 892 3329 946 etiam
3386 892 3547 946 salutis
3580 905 3711 948 auctor

2225 983 2396 1037 factus
2420 991 2502 1036 est
2527 982 2794 1048 diabolus,
2827 983 3032 1036 tametsi
3057 999 3161 1037 non
3186 999 3252 1038 ex
3283 984 3436 1052 ipsius
3463 993 3624 1051 mente,
3647 985 3710 1040 sed

2227 1091 2292 1131 ex
2319 1076 2548 1130 artiﬁcio
2575 1077 2822 1145 apostoli.
2863 1077 2994 1130 Nam
3029 1077 3461 1152 quemadmodum
3488 1081 3638 1134 medici
3657 1082 3711 1134 ri-

2229 1181 2384 1236 peras
2411 1175 2646 1234 sumunt,
2677 1177 2726 1221 et
2757 1151 3068 1236 perniciosis
3097 1151 3346 1223 membris
3365 1169 3557 1224 resectis
3577 1171 3714 1224 theria-

2228 1273 2288 1311 ca
2319 1257 2703 1313 medicamenta
2727 1258 3016 1314 conﬁciunt
3042 1278 3054 1313 :
3085 1259 3155 1314 ita
3191 1275 3395 1331 quoque
3427 1262 3712 1328 Paulusfecit;

2229 1348 2480 1418 quidquid
2511 1349 2680 1404 inerat
2707 1351 2832 1404 utile
2852 1366 2918 1404 ex
2947 1351 3093 1405 illato
3133 1367 3163 1404 a
3194 1351 3398 1406 diabolo
3419 1353 3632 1422 supplicio
3652 1368 3714 1407 su-

2231 1455 2382 1494 mens
2411 1440 2670 1510 reliquum
2691 1442 2893 1495 omisit.
2937 1441 3007 1497 Ut
3051 1442 3194 1495 enim
3248 1443 3492 1511 intelligas
3521 1459 3603 1496 non
3636 1457 3716 1496 esse

2231 1533 2416 1587 salutis
2435 1542 2706 1588 auctorem
2735 1533 3022 1596 diabolum,
3051 1532 3144 1586 sed
3171 1533 3316 1586 illum
3335 1533 3382 1585 in
3405 1531 3450 1586 id
3470 1533 3716 1595 incubuisse,

2233 1637 2290 1682 ut
2319 1627 2588 1682 hominem
2623 1625 2870 1695 perderet
2897 1639 2960 1678 ac
2987 1623 3288 1688 devoraret,
3317 1623 3718 1692 apostolumautmt

2233 1720 2492 1790 sapientia
2519 1735 2610 1774 sua
2641 1719 2821 1788 gulam
2849 1717 2896 1773 ei
2925 1717 3176 1787 fregisse,
3209 1716 3326 1770 audi
3349 1716 3462 1786 quid
3487 1715 3530 1768 in
3551 1713 3719 1768 secunda

2234 1811 2300 1866 ad
2322 1811 2629 1867 Corinthios
2661 1809 2894 1881 Epistula
2923 1808 2991 1862 de
3019 1809 3210 1863 eodem
3265 1807 3552 1870 fornicatum
3595 1807 3719 1860 dicat:

2237 1903 2546 1972 Couﬁrmate
2573 1903 2624 1955 in
2651 1902 2797 1954 illum
2844 1901 3140 1966 caritatem,
3189 1917 3252 1954 ne
3291 1899 3414 1970 forte
3452 1896 3724 1951 abundantiori

2237 1993 2440 2047 tristitia
2463 1991 2790 2046 absorbeatur
2811 1990 2899 2061 qui
2914 1989 3170 2060 ejusmodi
3188 1999 3279 2054 est,
3297 1999 3342 2042 et
3367 1989 3722 2044 circumveniantur

2237 2101 2268 2138 a
2314 2093 2494 2138 satana
2517 2081 2573 2154 (2
2602 2080 2722 2138 Cor.
2751 2081 2807 2135 2.
2837 2081 2885 2136 8.
2914 2081 2966 2134 7.
2997 2081 3086 2152 ll)
3115 2097 3127 2133 :
3155 2080 3502 2150 prteripiamus
3518 2095 3570 2133 ex
3592 2077 3724 2130 bellum

2239 2173 2478 2229 faucibus
2500 2173 2791 2238 hominem,
2814 2173 2908 2226 ait.
2947 2171 3244 2242 Tamquam
3271 2171 3404 2227 enim
3424 2169 3629 2225 carniﬁce
3643 2183 3723 2238 per-

2238 2281 2380 2335 saepe
2401 2265 2612 2320 diabolo
2662 2279 2788 2318 usus
2835 2271 2917 2320 est
2961 2263 3273 2334 apostolus;
3323 2261 3566 2318 carniﬁces
3600 2267 3724 2313 autem

2239 2356 2513 2410 maleﬁcos
2537 2355 2750 2425 quidem
2779 2355 3039 2426 puniunt,
3071 2363 3130 2408 at
3159 2370 3264 2410 non
3305 2362 3533 2424 quantum
3579 2351 3724 2416 volunt,

2240 2447 2332 2501 sed
2362 2455 2614 2516 quantum
2648 2446 2854 2515 judices
2879 2445 3058 2500 sinunt
3089 2461 3102 2498 :
3135 2459 3202 2500 ea
3245 2447 3428 2517 quippe
3455 2445 3524 2498 lex
3559 2451 3724 2498 cstcsr-

2241 2538 2432 2604 niﬁeis,
2466 2548 2522 2592 ut
2545 2538 2610 2591 ad
2629 2535 3027 2606 judicis'uutum
3047 2537 3330 2594 attendens
3359 2551 3542 2606 [mnam
3573 2533 3724 2588 inferat.

2243 2631 2401 2686 Vides
2438 2630 2502 2684 ad
2542 2639 2793 2700 quantam
2841 2630 3148 2685 ascenderit
3185 2629 3442 2700 apostolus
3463 2622 3726 2697 dignitatem?

2241 2721 2340 2790 Qui
2389 2721 2748 2776 circumdatus
2793 2729 2910 2778 erat
2956 2737 3190 2792 corpore
3213 2721 3508 2792 incorporeo
3532 2727 3727 2786 tamquam

2241 2812 2492 2870 carniﬁce
2519 2812 2795 2878 utebatur;
2823 2821 2878 2867 et
2926 2813 3070 2882 quod
3125 2812 3338 2868 diabolo
3378 2809 3624 2866 communis
3655 2807 3726 2860 Do-

2243 2905 2418 2960 minus
2449 2905 2516 2959 dc
2539 2904 2640 2959 Job
2686 2905 2756 2958 ita
2788 2905 3101 2974 praecipiens
3143 2906 3236 2972 ait,
3266 2905 3430 2973 Tange
3449 2917 3616 2956 carnem
3636 2898 3726 2968 eius,

2242 3005 2580 3051 uerumtamen
2637 2995 2858 3049 auimmn
2883 2997 2991 3066 ejus
3015 3013 3078 3049 ne
3111 2998 3328 3068 tetigeris
3378 2995 3486 3064 (Job
3519 2994 3562 3048 2.
3586 2991 3628 3062 6)
3651 3007 3661 3042 :
3683 2989 3729 3042 li-

2243 3088 2400 3142 mites
2427 3082 2809 3156 mensurasque
2845 3101 3124 3156 pmnarnm
3165 3089 3508 3159 pra-scribens,
3557 3099 3610 3138 ne
3647 3093 3730 3135 cum

2245 3195 2442 3250 procax
2467 3188 2520 3235 et
2552 3179 2824 3234 eﬁ'rzenata
2851 3181 2920 3234 sit
2945 3179 3126 3236 bellua
3147 3223 3162 3248 ,
3215 3181 3504 3237 insolentius
3544 3179 3728 3245 impetu

2247 3269 2404 3324 faciat
2435 3285 2450 3322 :
2483 3270 2584 3324 hoc
2603 3270 2764 3324 etiam
2789 3271 2895 3340 agit
2919 3273 3196 3340 apostolus
3223 3289 3236 3326 :
3265 3287 3379 3327 cum
3407 3271 3530 3325 enim
3553 3263 3731 3321 tradidis-

2246 3372 2328 3416 set
2352 3362 2401 3416 ci
2423 3361 2800 3416 fornicatorem
2824 3404 2840 3428 ,
2869 3361 2962 3425 ait,
2991 3360 3058 3414 In
3114 3363 3370 3417 interitum
3413 3353 3728 3427 carnis(l.(.‘or.

2246 3455 2300 3509 5.
2341 3455 2432 3526 5),
2461 3454 2565 3509 hoc
2591 3463 2691 3520 est,
2723 3455 2969 3508 Animam
2999 3454 3119 3524 ejus
3149 3471 3217 3510 ne
3248 3455 3483 3525 tetigeris.
3523 3449 3645 3504 Vides
3665 3461 3730 3499 au-

2246 3549 2544 3602 ctoritatem
2575 3547 2749 3602 servi?
2803 3545 2918 3601 Noli
2957 3561 3084 3616 ergo
3113 3547 3378 3602 diabolum
3431 3547 3614 3605 timere,
3649 3539 3734 3593 licet

2249 3639 2592 3709 incorporeus
2613 3625 2682 3692 sit
2715 3656 2728 3690 :
2755 3638 2972 3709 impegit
2997 3639 3142 3692 enim
3169 3656 3184 3704 ;
3203 3649 3256 3692 at
3271 3639 3396 3694 nihil
3412 3633 3734 3691 imbecilliusesl

2249 3746 2333 3794 eo,
2361 3730 2450 3800 qui
2479 3730 2753 3800 impegerit
2777 3771 2792 3793 ,
2825 3729 2949 3784 licet
2979 3730 3202 3786 minime
3239 3744 3450 3800 corpore
3477 3727 3536 3780 sit
3571 3723 3734 3776 circum-

2249 3821 2430 3886 datus;
2453 3821 2903 3890 quemadmodum
2947 3838 3122 3892 neque
3151 3825 3411 3878 robustius
3434 3830 3506 3874 est
3525 3814 3736 3887 Quidquam

2253 3929 2340 3980 eo,
2371 3913 2458 3982 qui
2487 3913 2652 3967 libere
2671 3921 2870 3967 etcum
2901 3913 3092 3968 ﬁducia
3125 3917 3294 3985 possit
3321 3929 3484 3985 agere,
3509 3911 3606 3966 licet
3634 3917 3735 3960 mot-

2253 4007 2356 4061 tale
2381 4021 2574 4075 corpus
2593 4005 2950 4062 circumferat.

2325 4097 2378 4152 5.
2423 4097 2546 4151 ll.cc
2573 4113 2602 4150 a
2629 4113 2716 4151 me
2763 4113 2904 4152 nunc
2929 4097 3068 4153 dicta
3109 4109 3238 4153 sunt
3265 4097 3449 4162 omnia,
3475 4108 3564 4149 non
3589 4098 3632 4144 ut
3655 4086 3734 4140 dia.

2253 4188 2430 4244 bolum
2451 4189 2672 4244 crimine
2689 4189 2988 4254 liberarem,
3015 4189 3108 4244 sed
3127 4203 3186 4246 ut
3205 4207 3298 4247 vos
3321 4191 3383 4245 ab
3407 4187 3582 4256 ignavia
3599 4182 3738 4236 liberos

2253 4281 2531 4336 redderem
2553 4299 2566 4334 :
2587 4281 2844 4350 siquidem
2871 4296 3194 4351 magnopere
3217 4280 3474 4338 contendit
3499 4277 3584 4341 ille,
3605 4282 3739 4343 pecca-

2259 4381 2434 4426 torum
2461 4382 2518 4426 ut
2555 4381 2860 4426 nostrorum
2887 4373 2940 4426 in
2971 4373 3144 4443 ipsum
3169 4376 3374 4444 culpam
3397 4370 3676 4440 rejiciamus:
3699 4367 3738 4412 ιιι

2264 4462 2366 4518 hac
2415 4477 2508 4534 spe
2533 4462 2731 4528 laetati,
2759 4477 2880 4516 cum
2907 4479 3066 4518 omne
3087 4480 3256 4534 genus
3281 4465 3522 4519 scelerum
3557 4463 3736 4528 pervase-

2257 4555 2440 4620 rimus,
2489 4553 2656 4608 multa
2695 4555 2955 4622 supplicia
3003 4555 3156 4609 nobis
3201 4567 3491 4625 augeamus,
3521 4562 3600 4603 nec
3622 4543 3734 4598 ullam

2259 4647 2380 4702 ideo
2400 4648 2608 4702 veniam
2637 4647 3002 4718 impetremus,
3035 4649 3177 4718 quod
3203 4649 3402 4718 culpam
3429 4648 3474 4700 in
3491 4657 3591 4698 eum
3610 4647 3734 4691 trans-

2261 4737 2554 4804 tulerimus,
2585 4739 2722 4792 sicut
2743 4755 2842 4794 nec
2863 4739 2972 4794 Eva
3001 4741 3316 4810 impetravit.
3339 4739 3440 4794 Nos
3461 4752 3567 4790 veru
3589 4741 3734 4796 nequa-

2259 4848 2416 4904 quam
2445 4831 2495 4886 id
2519 4847 2757 4902 agamus,
2785 4833 2876 4886 sed
2905 4849 3004 4888 nos
3031 4834 3174 4904 ipsos
3209 4843 3549 4903 agnoscamus,
3577 4821 3734 4876 νιιιιιεετ³

2261 4938 2610 4993 agnoscamus
2651 4941 2666 4978 :
2693 4925 2770 4979 sic
2795 4925 2935 4979 enim
2961 4935 3016 4980 et
3035 4925 3406 4980 medicamenta
3431 4919 3668 4992 poterimus
3681 4904 3743 4960 ad-

2263 5017 2448 5072 hibere
2477 5032 2632 5072 :nam
2661 5019 2752 5088 qui
2777 5019 3020 5074 morbum
3045 5035 3146 5074 non
3179 5020 3342 5084 novit,
3361 5016 3480 5070 nihil
3501 5013 3558 5067 de
3577 5003 3734 5075 egritu-

2263 5107 2388 5164 dine
2415 5109 2674 5164 sollicitus
2699 5111 2820 5164 erit.
2845 5109 3004 5166 Multa
3025 5113 3350 5181 peccavimus
3371 5125 3384 5174 ;
3403 5121 3502 5161 scio
3519 5097 3734 5170 equidem:

2265 5215 2452 5256 omnes
2499 5203 2642 5256 enim
2683 5203 2856 5273 paruis
2889 5203 3102 5260 obnoxii
3143 5217 3358 5264 sumus;
3399 5208 3450 5252 at
3469 5194 3598 5250 venia
3629 5183 3740 5242 nobis

2269 5303 2456 5362 negata
2495 5309 2602 5347 non
2633 5305 2736 5360 est,
2763 5310 2864 5349 nec
2891 5311 2922 5349 τι
2961 5295 3264 5366 pceniteutia
3291 5289 3556 5348 excidimus
3581 5275 3737 5372 :adhuc

2269 5383 2410 5436 enim
2437 5393 2641 5438 stamus
2670 5385 2722 5438 in
2749 5397 3058 5450 scammate,
3087 5397 3142 5441 et
3165 5386 3214 5439 iu
3241 5377 3538 5454 ptenitentize
3553 5379 3741 5427 certami-

2271 5472 2427 5527 nibus
2451 5489 2748 5530 versamur.
2779 5475 2950 5532 Senex
2991 5491 3072 5540 es,
3101 5487 3154 5530 et
3177 5473 3242 5528 ad
3269 5475 3426 5543 ipsum
3456 5465 3626 5522 exitum
3653 5456 3739 5550 vita!

2273 5567 2560 5634 pervenisti
2581 5569 2602 5622 ?
2627 5567 2704 5625 δεῖ
2737 5579 2844 5624 tum
2867 5568 3078 5640 quidem
3101 5585 3132 5624 a
3157 5561 3442 5638 ptenitcntia
3469 5569 3512 5614 te
3533 5554 3740 5611 arbitram

3886 1529 3892 1769 ι

3887 1876 3891 2087 ι
