4036 6206
660 180 697 203 ρ

353 262 452 321 261

346 376 710 454 χειραγωγεῖ·
746 376 825 430 ὅτι
855 375 995 449 αὕτη
1034 379 1178 432 ποιεῖ
1201 379 1588 451 ἐπιγινώσκειν
1615 382 1705 438 τὸν
1738 386 1935 439 Δεσπό-

346 478 468 535 την.
502 461 569 514 Τί
589 456 704 526 οὖν,
737 459 833 515 ἐὰν
877 460 1077 532 ἴδωμεν
1107 462 1207 534 τὴν
1245 464 1417 537 καλὴν
1445 465 1650 537 ταύτην
1683 468 1778 521 καὶ
1806 468 1936 522 θαυ-

349 543 586 617 μαστὴν,
618 543 789 613 αὐτὴν
819 545 1121 616 γενομένην
1163 546 1420 611 ἀσεϐείας
1467 549 1649 602 αἰτίαν
1701 549 1931 614 πολλοῖς,

345 625 711 697 αἰτιασόμεθα
736 626 944 695 αὐτήν;
977 627 1263 698 Οὐδαμῶς,
1291 629 1406 683 ἀλλ’
1441 631 1683 695 ἐκείνους
1706 634 1833 696 τοὺς
1858 633 1933 705 μὴ

344 710 730 784 χρησαμένους
754 710 835 772 είς
853 709 972 763 δέον
1000 710 1079 782 τῷ
1105 712 1403 784 φαρμάκῳ.
1424 714 1533 768 Ποῦ
1557 711 1650 769 οὖν
1679 716 1933 781 ἀσεϐείας

342 795 494 851 αίτία
516 792 655 865 αῦτη
681 795 715 864 ἡ
739 794 1163 864 χειραγωγοῦσα
1186 795 1323 865 πρὸς
1344 797 1707 866 θεογνωσίαν;
1738 800 1935 854 Ἔσκο-

340 873 672 946 τΙσθησαν,
711 879 900 948 φησὶν,
935 877 1005 930 ἐν
1038 878 1163 945 τοῖς
1189 878 1603 950 διαλογισμοῖς
1650 883 1848 937 αὐτῶν
1878 887 1932 938 οι

340 963 694 1033 φιλόσοφοι,
719 960 816 1014 καὶ
850 960 1300 1029 ἐσεϐάσθησαν,
1333 964 1431 1016 καὶ
1457 963 1835 1033 ἐλάτρευσαν
1856 964 1932 1035 τῇ

337 1046 540 1100 κτίσει
573 1044 733 1112 παρὰ
771 1045 882 1097 τὸν
925 1046 1237 1098 κτίσαντα.
1272 1045 1522 1117 Οὐδαμοῦ
1562 1048 1808 1113 διάϐολος
1845 1051 1932 1103 ἐν-

333 1129 534 1191 ταῦθα,
567 1126 805 1199 οὐδαμοῦ
841 1126 1051 1197 δαίμων
1084 1126 1343 1193 ἐνταῦθα,
1373 1129 1509 1184 ἀλλά
1553 1132 1732 1196 κτίσις
1762 1134 1843 1196 εἰς
1867 1132 1930 1185 τὸ

337 1213 510 1285 μέσον
562 1212 848 1283 πρόκειται
901 1211 1033 1281 μόνη
1086 1212 1404 1277 διδάσκαλος
1444 1214 1545 1284 τῆς
1575 1215 1925 1284 θεογνωσίας.

335 1296 470 1360 Πῶς
494 1296 624 1367 γοῦν
656 1295 879 1364 γέγονεν
913 1294 1170 1359 ἀσεϐείας
1194 1296 1374 1363 αἰτία;
1398 1298 1472 1351 Ού
1503 1298 1654 1369 παρὰ
1676 1300 1775 1370 τὴν
1803 1299 1928 1353 ἐαυ-

332 1380 443 1451 τῆς
476 1379 658 1449 φύσιν,
686 1378 822 1432 ἀλλά
854 1376 1009 1451 παρά
1055 1377 1155 1450 τὴν
1199 1379 1461 1449 ἀμέλειαν
1495 1380 1605 1434 τῶν
1650 1383 1724 1453 μὴ
1754 1399 1926 1453 προσ-

333 1464 595 1536 σχόντων.
628 1462 694 1529 Τί
741 1456 870 1531 οῦν;
902 1461 1276 1536 ἀναιρήσομεν
1304 1464 1401 1519 καὶ
1430 1463 1528 1541 τὴν
1573 1465 1771 1530 κτίσιν,
1805 1465 1927 1524 εἰπέ

344 1566 441 1620 μοι
461 1564 478 1621 ἰ

409 1664 522 1719 Καὶ
547 1663 603 1716 τί
628 1663 777 1731 λέγω
813 1662 943 1733 περὶ
973 1661 1073 1731 τῆς
1103 1660 1371 1727 κτίσεως;
1418 1662 1543 1725 Ἐπὶ
1572 1663 1640 1717 τά
1681 1664 1817 1735 μέλη
1848 1664 1927 1717 ἑλ-

331 1748 523 1818 θωμεν
570 1746 641 1800 τά
686 1742 963 1817 ἡμέτερα·
1011 1744 1107 1797 καί⁸
1139 1743 1247 1813 γὰρ
1287 1745 1382 1798 καὶ
1416 1744 1592 1799 ταῦτα
1622 1747 1926 1817 εὑρήσομεν

329 1830 616 1894 ἀπωλείας
643 1830 813 1892 αίτια,
843 1828 940 1881 ἐάν
973 1827 1048 1899 μὴ
1085 1828 1465 1899 προσέχωμεν,
1499 1831 1559 1882 οὐ
1589 1828 1740 1901 [2641
1774 1831 1925 1901 παρά

328 1917 438 1987 τὴν
466 1913 675 1969 οἰκείαν
708 1911 765 1965 δέ
791 1912 975 1982 φύσιν,
1017 1909 1154 1963 ἀλλά
1185 1910 1336 1980 παρά
1379 1910 1479 1982 τήν
1522 1912 1800 1983 ἡμετέραν
1836 1916 1925 1984 ρᾳ-

328 1998 556 2070 θυμίαν.
586 1995 787 2050 Σκόπει
817 1993 897 2048 δέ·
921 1987 1232 2063 Ὀφθαλμὸς
1261 1993 1438 2065 ἐδόθη,
1466 1993 1552 2047 ἴνα
1586 1994 1797 2066 βλέπων
1824 1998 1922 2067 τὴν

327 2082 516 2137 κτίσιν
546 2079 775 2150 δοξάζῃς
820 2077 914 2130 τὸν
957 2077 1266 2148 Δεσπότην·
1320 2078 1436 2131 ἀλλ’
1463 2079 1559 2132 ἐάν
1612 2080 1687 2151 μὴ
1739 2081 1921 2146 καλῶς

325 2162 620 2238 χρήσῃ-τῷ
647 2157 934 2231 ὀφθαλμῷ,
971 2159 1217 2231 μοιχείας
1250 2177 1333 2213 σοι
1363 2161 1574 2229 γίνεται
1621 2161 1880 2233 πρόξενος
1902 2178 1918 2194 ο

322 2248 550 2318 γλῶττα
584 2246 642 2299 δέ
672 2244 852 2315 ἐδόθη,
885 2244 974 2298 ἵνα
1004 2244 1281 2316 εὐφημῇς,
1316 2244 1404 2297 ῐνα
1436 2245 1615 2317 ὐμνῇς
1638 2246 1731 2299 τὸν
1764 2248 1923 2317 Ποιη.

322 2334 464 2404 τήν·
495 2328 610 2385 ἀλλ’
635 2328 732 2383 ἐάν
767 2327 842 2399 μὴ
884 2327 1068 2391 καλῶς
1114 2328 1409 2400 προσέχῃς,
1442 2328 1794 2400 βλασφημίας
1836 2347 1920 2384 σοι

323 2418 541 2488 γίνεται
569 2412 718 2467 αίτία
738 2427 754 2443 ·
783 2415 968 2483 χεῖρες
992 2411 1049 2465 δὲ
1082 2411 1367 2483 ἐδόθησαν,
1402 2413 1490 2467 ἵνα
1518 2412 1805 2485 ἀνατείνῃς
1830 2414 1922 2467 αὐ-

319 2501 432 2563 τάς
460 2499 539 2561 εἰς
571 2494 770 2566 εὐχάς·
820 2493 937 2547 ἀλλ’
971 2493 1068 2549 ἐὰν
1116 2495 1191 2566 μὴ
1240 2496 1437 2568 νήφης,
1489 2498 1569 2560 είς
1607 2495 1919 2562 πλεονεξίαν

321 2583 497 2647 αὐτάς
516 2580 781 2643 ἐκτείνεις
801 2594 814 2607 ·
839 2577 1003 2641 πόδες
1028 2577 1314 2649 ἐδόθησαν,
1338 2579 1427 2633 ἴνα
1450 2578 1652 2652 τρέχῃς
1676 2580 1756 2643 είς
1780 2578 1920 2635 καλά

312 2668 498 2737 ἔργα·
527 2663 642 2718 ἀλλ’
675 2661 771 2715 ἐάν
798 2661 1030 2733 ἀμελῇς,
1061 2661 1158 2725 τὰς
1193 2661 1438 2734 πονηράς
1470 2663 1538 2716 δι’
1565 2663 1748 2728 αὐτῶν
1776 2662 1919 2730 ἐξεις

320 2748 579 2820 πράξεις.
596 2746 763 2818 Ὁρᾷς
799 2746 882 2799 ὅτι
927 2745 1021 2798 τὸν
1049 2744 1251 2816 ἀσθενῆ
1283 2745 1462 2798 πάντα
1490 2744 1752 2816 βλάπτει;
1787 2748 1920 2818 ὁρᾷς

318 2834 410 2887 ὅτι
430 2831 521 2886 τὸν
540 2829 742 2901 ἀσθενῆ
771 2828 866 2883 καὶ
891 2827 958 2881 τά
986 2828 1255 2900 φάρμακα
1276 2828 1345 2883 τά
1376 2832 1621 2903 σωτήρια
1645 2831 1725 2895 εἰς
1754 2831 1920 2884 θάναο

318 2933 419 2973 τον
449 2913 734 2985 ἐμϐάλλει,
766 2911 828 2965 οὐ
854 2910 1006 2981 παρά
1036 2912 1134 2981 τὴν
1160 2912 1369 2965 οἰκείαν
1391 2912 1577 2981 φύσιν,
1607 2912 1744 2968 ἀλλά
1767 2913 1920 2985 παρὰ

318 2999 427 3071 τὴν
475 2996 761 3052 ἀσθένειαν
807 2993 905 3065 τὴν
954 2995 1209 3060 ἐκείνους
1269 2995 1560 3066 Ἐποίησεν
1610 2996 1843 3067 οὐρανὸν
1889 2997 1920 3049 ὀ

318 3083 480 3147 Θεὸς,
515 3082 605 3135 ἶνα
640 3079 931 3150 Θαυμάσας
965 3080 1025 3132 τὸ
1069 3078 1231 3150 ἔργον
1277 3082 1665 3152 προσκυνήσῃς
1698 3081 1791 3133 τὸν
1824 3082 1919 3133 Δε-

322 3166 538 3235 σπότην
557 3180 570 3192 ·
602 3151 716 3217 ἀλλ’
744 3163 922 3233 ἐτεροι
951 3161 1041 3215 τὸν
1077 3162 1314 3234 Ποιητὴν
1349 3163 1598 3231 ἀφέντες,
1629 3164 1791 3217 αὐτὸν
1826 3163 1918 3217 τὸν

318 3249 554 3324 οὐρανὸν
580 3246 1034 3319 προσεκύνησαν·
1083 3246 1259 3299 ταῦτα
1306 3246 1363 3299 δὲ
1413 3248 1522 3300 ἀπο
1562 3247 1660 3316 τῆς
1694 3246 1917 3300 ἐκείνων

323 3331 599 3409 ῥᾳθυμίας
627 3347 687 3383 τε
717 3330 813 3383 καί.
845 3328 1234 3392 ἀνοίας.Ἀλλά
1278 3330 1331 3383 τί
1372 3330 1513 3398 λέγω
1552 3332 1763 3397 κτίσιν;
1808 3331 1918 3383 Καὶ

323 3416 438 3487 μὴν
470 3415 522 3467 τί
541 3412 636 3467 τοῦ
666 3411 902 3484 σταυροῦ
925 3411 1333 3483 σωτηριωδέστε
1344 3431 1433 3485 ρον
1455 3414 1651 3482 γένοιτ’
1673 3414 1773 3478 ἀν;
1802 3414 1915 3467 ἀλλ·

319 3502 355 3554 6
391 3497 627 3569 σταυρὸς
667 3490 824 3558 οὗτος
860 3494 1158 3549 σκάνδαλον
1188 3498 1300 3559 τοῖς
1327 3496 1613 3550 ἀσθενοῦσι
1648 3498 1872 3565 γέγονεν
1896 3516 1911 3531 ·

329 3581 401 3638 ὀ
432 3582 617 3651 λόγος
639 3578 753 3648 τὰρ
780 3580 812 3633 d
838 3577 946 3633 τοῦ
981 3579 1253 3647 σταυροῦ
1301 3579 1425 3647 τοῖς
1474 3579 1593 3649 μὲν
1650 3581 1916 3635 ἀπολλυ-

312 3666 525 3737 μένοις
563 3662 754 3734 μωρία
802 3660 959 3724 ἐστὶ,
998 3660 1128 3727 τοῖς
1171 3660 1240 3714 δὲ
1273 3663 1628 3733 σωζομένοις
1662 3664 1915 3733 δύναμις

321 3749 479 3816 Θεοῦ
498 3765 514 3781 ·
542 3747 637 3801 καὶ
664 3746 828 3800 πάλιν
847 3760 862 3775 ·
898 3746 1304 3815 Κηρύσσομεν
1323 3746 1584 3815 Χριστὸν
1608 3747 1914 3815 ἐστιιιιοω-

314 3832 530 3904 μένον,
547 3828 863 3894 Ἰουδαίοις
895 3827 1015 3896 μὲν
1047 3827 1419 3894 σκάνδαλον,
1466 3829 1668 3883 ἔθνεσι
1698 3829 1767 3883 δὲ
1792 3847 1912 3899 μω-

312 3915 483 3985 ρίαν.
520 3913 587 3968 Τί
636 3912 729 3966 τοῦ
774 3910 987 3965 Παύλου
1031 3910 1554 3982 διδασκαλικώτερον
1606 3913 1800 3981 γένοιτ’
1845 3911 1914 3966 ἂν

321 4000 422 4053 καὶ
465 3997 578 4051 τῶν
615 3994 965 4061 άποστόλωνς
1011 3994 1128 4047 ἀλλ’
1152 3996 1199 4047 οί
1247 3994 1536 4048 ἀπόστολοι
1581 3989 1728 4049 οῦτοι
1766 3996 1909 4067 ὀσμὴ

319 4081 557 4136 θανάτου
585 4082 701 4143 τοῖς
735 4077 949 4141 πολλοῖς
974 4078 1223 4146 ἐγένοντο
1243 4094 1257 4109 ·
1299 4080 1435 4149 φησί
1458 4078 1588 4147 γοῦν
1608 4096 1621 4110 ·
1662 4074 1764 4145 Οἷς
1794 4079 1913 4148 μὲν

316 4163 485 4234 ὀσμὴ
524 4162 786 4217 θανάτου
814 4162 900 4226 εἰς
932 4159 1211 4227 θάνατον,
1246 4155 1338 4227 οἷς
1365 4160 1435 4215 δὲ
1455 4160 1605 4230 ζωῆς
1628 4164 1716 4229 εις
1736 4162 1907 4229 ζωήν,

328 4247 499 4319 Ὁρᾷς
520 4247 603 4301 δτι
629 4246 658 4298 6
688 4243 788 4314 μέν
812 4242 1043 4314 ἀσθενής
1069 4244 1164 4297 καὶ
1184 4244 1293 4297 ἀπὸ
1319 4243 1415 4297 τοῦ
1444 4244 1654 4298 Παύλου
1686 4245 1913 4315 βλάπτε-

314 4345 437 4396 ται,
464 4331 493 4383 6
517 4329 574 4383 δέ
604 4326 823 4398 ἰσχυρὸς
848 4325 967 4379 οὐδὲ
992 4326 1102 4379 ἀπὸ
1131 4326 1224 4381 τοῦ
1254 4326 1503 4382 διαϐόλου
1535 4328 1839 4395 ἀδικεῖται;

388 4444 455 4498 δ’.
485 4445 674 4499 Βούλει
702 4446 797 4499 καὶ
822 4446 915 4500 ἐπὶ
942 4443 1040 4498 τοῦ
1060 4443 1300 4517 Χριστοῦ
1323 4444 1413 4499 τὸν
1434 4445 1592 4515 λόγον
1619 4444 1911 4516 γυμνάζω-

323 4544 461 4598 μεν;
505 4528 571 4581 Τί
608 4529 709 4600 τῆς
748 4529 1022 4600 σωτηρίας
1050 4527 1268 4598 ἐκείνης
1302 4529 1450 4594 τσονς
1483 4528 1535 4580 τί
1576 4528 1675 4598 τῆς
1710 4546 1911 4599 παρου-

320 4612 446 4675 σίας
484 4611 699 4681 ἐκείνης
744 4610 1194 4683 χρησιμώτερον;
1241 4610 1354 4664 ἀλλ’
1394 4609 1531 4681 αῦτη
1566 4613 1604 4683 ἡ
1635 4612 1908 4682 παρουσία

316 4697 354 4767 ἡ
389 4696 763 4767 σαπηριώδης,
795 4698 828 4768 ἡ
860 4694 1129 4767 χρησίμη,
1165 4693 1377 4757 πολλοῖς
1409 4694 1695 4767 προσθήκη
1732 4690 1906 4763 ’κολά-

317 4796 460 4844 σεως
505 4782 755 4849 γέγονεν·
808 4782 915 4846 Εἰς
961 4779 1146 4848 κρῖμα
1178 4776 1309 4848 γὰρ,
1344 4779 1531 4849 φησὶν,
1565 4778 1681 4849 ἐγὼ
1717 4776 1909 4850 ἦλθον

313 4864 408 4927 είς
466 4862 575 4916 τὸν
622 4864 858 4931 κόσμον
892 4860 1131 4924 τοῦτον,
1183 4861 1286 4914 ἵνα
1334 4864 1387 4915 οἱ
1433 4861 1521 4931 μὴ
1567 4861 1909 4930 ,βλέποντες

321 4944 619 5014 βλέψωσι,
650 4947 748 5000 καὶ
780 4948 835 5000 οι
864 4936 1208 5011 ,βλέποντες
1241 4944 1461 5014 τυφλοὶ
1498 4946 1807 5015 γένωνται.
1837 4949 1904 5001 Τί

317 5026 535 5096 λέγεις;
577 5030 641 5083 τὸ
688 5029 805 5100 φῶς
849 5028 1163 5101 πηρώσεως
1200 5029 1373 5083 αίτιον
1424 5029 1683 5099 γέγονεν;
1737 5032 1812 5084 Οὐ
1846 5032 1906 5086 τὸ

320 5111 438 5179 φῶς
473 5111 774 5184 πηρώσεως
812 5113 983 5168 αἴτιον
1013 5111 1255 5182 γέγονεν,
1300 5113 1475 5186 ἀλλ’ἡ
1510 5115 1764 5169 ἀσθένεια
1797 5119 1907 5172 τῶν

317 5193 616 5267 ὀφθαλμῶν
647 5195 747 5267 τῆς
779 5196 961 5268 ψυχῆς
986 5196 1049 5251 τὸ
1085 5196 1202 5266 φῶς
1233 5197 1594 5262 ὐποδέξασθαι
1624 5200 1726 5253 οὐκ
1763 5200 1907 5273 ῐσχυ-

333 5293 448 5332 σεν.
505 5276 658 5345 Εἶδες
702 5282 784 5337 ὅτι
823 5283 1057 5355 ἀσθενὴς
1112 5284 1374 5338 πάντοθεν
1426 5283 1752 5354 βλάπτεται,
1785 5288 1814 5339 6
1857 5286 1915 5342 δέ

335 5364 557 5438 ἰσχυρὸς
602 5368 866 5423 πάντοθεν
893 5371 1218 5439 ώφελεῖται;
1256 5371 1537 5442 Πανταχοῦ
1568 5373 1678 5445 γάρ
1710 5376 1742 5444 ἡ
1777 5390 1914 5445 προ-

329 5451 545 5523 αίρεσις
587 5456 771 5522 αἰτία,
829 5457 1103 5527 πανταχοῦ
1144 5461 1178 5529 ἡ
1226 5458 1419 5530 γνώμη
1468 5461 1664 5531 κυρία·
1706 5462 1833 5515 ἐπεὶ
1884 5463 1914 5516 6

330 5538 597 5608 διάϐολος,
619 5546 668 5596 εἰ
704 5542 880 5613 βούλει
919 5545 1132 5617 μαθεῖν,
1160 5548 1254 5601 καὶ
1288 5548 1557 5619 χρήσιμος
1581 5551 1712 5621 ἡμῖν
1740 5551 1908 5617 ἐστιν,

331 5627 429 5682 ἐάν
468 5629 549 5693 είς
581 5629 700 5684 δέον
742 5632 891 5703 αὐτῷ
934 5632 1229 5706 χρώμεθα,
1279 5636 1373 5689 καὶ
1409 5636 1478 5690 τά
1520 5638 1728 5709 μεγάλα
1764 5640 1912 5710 ἡμᾶς

330 5714 568 5785 ὠφελεῖ,
600 5720 693 5774 καὶ
728 5721 1078 5799 κερδαίνομεν
1118 5725 1178 5780 οὐ
1224 5725 1288 5780 τά
1327 5726 1571 5799 τυχόντα.
1614 5727 1737 5805 Καὶ-
1754 5728 1910 5784 τοῦτο

1336 263 1425 321 DE
1464 264 1761 322 DIABOLO
1802 267 2224 325 TENTATORE
2263 268 2498 327 HOMIL.
2539 268 2604 325 ll.

3524 270 3630 328 962

2043 385 2325 456 ἐδείξαμεν
2372 384 2662 439 πολλοστὸν
2719 386 2812 445 καὶ
2863 385 2971 440 ἀπὸ
3003 384 3096 443 τοῦ
3131 384 3288 439 Ίώϐ·
3340 384 3517 451 ἔξεστι
3564 387 3628 441 δλ

2042 477 2138 529 καὶ
2174 476 2282 530 ἀπὸ
2308 475 2402 530 τοῦ
2444 476 2655 530 Παύλου
2703 477 2895 548 μαθεῖν
2920 496 2935 509 ·
2985 480 3112 550 περὶ
3155 477 3265 550 γὰρ
3294 478 3388 532 τοῦ
3420 496 3626 549 πεπορο

2041 560 2295 624 νευκότος
2326 560 2554 631 γράφων
2580 561 2722 615 οὕτω
2752 561 2931 629 λέγει·
2972 563 3273 631 Παράδοτε
3299 562 3407 617 τὸν
3435 565 3629 619 τοιοῦ-

2040 658 2147 694 τον
2183 640 2263 707 τῷ
2295 641 2533 710 Σατανᾷ
2568 646 2655 710 εὶς
2686 645 2938 711 ὄλεθρον
2988 643 3098 712 τῆς
3128 646 3372 711 σαρκὸς,
3416 648 3517 699 ἵνα
3558 647 3625 701 τὸ

2040 726 2275 793 πνεῦμα
2322 725 2510 793 σωθῇ.
2554 727 2683 780 Ἰδοὺ
2736 728 2831 781 καὶ
2882 727 3154 798 σωτηρίας
3204 728 3377 791 αἴτιος
3424 732 3452 782 6
3506 730 3624 783 διά-

2039 806 2192 869 ϐολος
2219 807 2463 876 γέγονεν,
2493 809 2607 861 ἀλλ’
2635 810 2695 862 οὐ
2726 810 2874 882 παρά
2902 810 3001 881 τὴν
3034 809 3195 867 αὐτοῦ
3220 809 3463 881 γνώμην,
3491 811 3625 865 ἀλλά

2039 889 2190 960 παρὰ
2220 890 2319 961 τὴν
2358 893 2554 962 τέχνην
2595 891 2689 945 τοῦ
2730 892 3079 947 Ἀποστόλου.
3126 894 3394 965 Καθάπερ
3434 895 3543 965 γὰρ
3574 897 3624 948 οἱ

2041 974 2214 1043 ἰατροὶ
2248 974 2459 1045 ἐχίδνας
2510 976 2880 1047 λαμϐάνοντες
2923 978 3018 1030 καὶ
3065 975 3133 1029 τά
3185 977 3404 1048 ὀλέθρια
3445 972 3642 1032 αὐτῶν

2036 1055 2433 1126 ἀποτέμνοντες
2505 1059 2673 1130 μέλη,
2728 1060 2798 1113 τὰ
2849 1060 3089 1131 θηριακὰ
3149 1062 3624 1127 κατασκευάζουσι

2037 1139 2337 1210 φάρμακα·
2371 1140 2514 1193 οὓτω
2548 1143 2644 1195 καὶ
2684 1144 2712 1195 6
2744 1143 2957 1207 Παῦλος
3000 1144 3257 1214 ἐποίησεν
3279 1161 3293 1175 ·
3331 1146 3454 1198 ὅσον
3488 1146 3625 1217 χρή-

2038 1239 2195 1294 σιμον
2242 1221 2310 1295 ἦν
2359 1225 2468 1279 ἀπὸ
2515 1225 2614 1296 τῆς
2646 1226 2923 1290 κολάσεως
2954 1228 3052 1298 τῆς
3093 1230 3441 1299 ἐπαγομένης
3471 1230 3623 1301 παρά

2032 1306 2127 1359 τοῦ
2154 1306 2405 1360 διαϐόλου
2447 1307 2650 1371 λαϐὼν,
2677 1310 2737 1362 τὸ
2770 1309 2957 1363 λοιπὸν
2991 1312 3193 1364 εἴασεν.
3222 1312 3338 1364 Ἵνα
3366 1311 3474 1382 γάρ
3517 1313 3621 1382 μά⁹

2035 1389 2154 1464 θῃς,
2199 1390 2283 1444 ὅτι
2315 1390 2415 1461 οὐχ
2445 1392 2473 1443 6
2506 1391 2753 1455 διάϐολος
2803 1392 2901 1462 τῆς
2953 1393 3227 1464 σωτηρίας
3272 1395 3465 1457 αἴτιος,
3502 1393 3618 1446 ἀλλ’

2033 1471 2296 1529 ἀπολέσαι
2346 1475 2440 1527 τὸν
2485 1474 2770 1546 ἄνθρωπον
2815 1474 2909 1527 καὶ
2949 1478 3558 1547 καταπιεῖν¹ἡπείγετο,
3590 1478 3620 1530 ὁ

2030 1553 2086 1606 δὲ
2136 1554 2453 1620 Ἀπόστολος
2493 1556 2581 1610 διὰ
2624 1558 2724 1628 τῆς
2767 1557 2933 1613 αὐτοῦ
2983 1559 3176 1627 σοφίας
3221 1561 3320 1629 τὴν
3359 1560 3560 1631 λαίμην
3590 1571 3617 1607 ι

2033 1633 2183 1708 [265]
2224 1638 2501 1708 ἐνέκοψεν,
2531 1640 2763 1694 ἄκουσον
2796 1644 2853 1694 ἐν
2882 1644 2947 1712 τῇ
2987 1641 3214 1714 δευτέρᾳ
3241 1647 3306 1713 τῇ
3342 1644 3481 1713 πρὸς
3514 1645 3619 1696 K0-

2032 1719 2271 1790 ρινθίους
2314 1719 2602 1793 Ἐπιστολῇ
2642 1722 2694 1776 τί
2741 1740 2873 1795 φησι
2910 1724 3040 1795 περὶ
3080 1725 3245 1780 αὐτοῦ
3273 1725 3369 1779 τοῦ
3412 1742 3619 1797 πεπορ-

2029 1803 2313 1867 νευκότος·
2345 1805 2665 1875 κυρώσατε
2709 1809 2797 1871 είς
2832 1807 3021 1861 αὑτὸν
3058 1808 3322 1878 ἀγάπην,
3360 1808 3445 1877 μή
3491 1825 3619 1873 πως

2029 1882 2105 1952 τῇ
2143 1890 2544 1957 περισσοτέρᾳ
2574 1891 2742 1957 λύπῃ
2788 1890 3099 1959 καταποθῇ
3128 1894 3161 1944 d
3198 1889 3487 1957 τοιοῦτος,
3518 1890 3619 1945 καὶ

2029 1973 2563 2042 πλεονεκτηθῶμεν
2608 1974 2730 2029 ὑπὸ
2784 1976 2892 2029 τοῦ
2940 1973 3210 2029 Σατανᾶ·
3263 1974 3618 2047 προεξαρπά-

2030 2067 2212 2121 σωμεν
2256 2055 2358 2125 τῆς
2418 2057 2704 2126 φάρυγγος
2761 2057 2858 2110 τοῦ
2909 2056 3101 2129 θηρίου
3151 2058 3243 2111 τὸν
3307 2057 3615 2129 ἄνθρωπον,

2028 2135 2212 2204 φησίν·
2262 2137 2349 2201 Ὠς
2378 2139 2488 2211 γὰρ
2532 2140 2714 2210 δημίῳ
2750 2140 3014 2205 πολλάκις
3060 2142 3333 2213 ἐχρήσατο
3379 2141 3458 2212 τῷ
3499 2140 3620 2196 διαο

2028 2218 2168 2290 ϐόλῳ
2198 2222 2228 2274 6
2266 2221 2617 2286 ’Λπόστολος·
2648 2225 2696 2276 οί
2723 2223 2781 2276 δὲ
2813 2224 3001 2295 δήμιοι
3034 2225 3325 2290 κολάζουσι
3362 2225 3461 2295 μὲν
3487 2225 3617 2291 τοὺς

2026 2302 2436 2373 ἡμαρτηκότας,
2474 2305 2536 2359 οὐ
2592 2306 2698 2377 μὴν
2736 2307 2860 2359 ὅσον
2901 2308 3216 2378 βούλονται,
3271 2308 3386 2362 ἀλλ’
3412 2308 3534 2362 ὅσον
3565 2308 3616 2368 οἰ

2024 2385 2336 2451 δικάζοντες
2378 2389 2804 2461 ἐπιτρέπουσιν·
2838 2386 2995 2455 οὗτος
3031 2391 3142 2462 γὰρ
3180 2392 3378 2463 δημίου
3426 2391 3613 2462 νόμος,

2024 2466 2102 2536 τῷ
2134 2469 2364 2541 νεύματι
2399 2471 2495 2526 τοῦ
2539 2472 2796 2526 δικαστοῦ
2843 2473 3184 2546 προσέχοντα
3229 2474 3612 2545 τιμωρεῖσθαι,

2026 2546 2179 2615 Εἶδες
2216 2555 2295 2617 εἰς
2321 2554 2444 2608 ὅσον
2472 2554 2691 2627 ἀξίωμα
2717 2555 2886 2626 ἀνέϐη
2909 2557 2939 2607 6
2971 2556 3326 2620 Ἀπόστολος;
3362 2557 3420 2610 ὐ
3453 2555 3617 2627 σῶμα

2026 2637 2408 2709 περικείμενος
2432 2638 2512 2709 τῷ
2545 2639 2827 2711 ἀσωμάτῳ
2858 2640 2934 2703 ώς
2978 2640 3159 2710 δημίῳ
3198 2642 3487 2710 ἐχρήσατο,
3521 2641 3615 2693 καὶ

2023 2718 2162 2791 ὅπερ
2194 2722 2223 2774 6
2259 2721 2433 2785 κοινὸς
2472 2724 2752 2795 Δεσπότης
2790 2722 2939 2792 λέγει
2978 2722 3057 2794 τῷ
3105 2723 3335 2794 διαϐόλῳ
3361 2723 3490 2794 περὶ
3519 2721 3614 2779 τοῦ

2037 2801 2180 2869 Ἰὼϐ,
2218 2805 2613 2876 παραγγέλλων
2648 2806 2843 2872 οὕτως,
2878 2806 3057 2875 Ἀψαι
3094 2806 3207 2873 τῆς
3239 2806 3469 2875 σαρκὸς
3509 2808 3617 2860 αὐ-

2024 2886 2153 2948 τοῦ,
2217 2889 2387 2956 πλὴν
2445 2888 2555 2957 τῆς
2606 2889 2819 2960 ψυχῆς
2870 2891 3058 2945 αὐτοῦ
3112 2892 3192 2956 μὴ
3252 2890 3412 2958 ἅψῃ,
3452 2891 3613 2962 ὅρους

2025 2970 2177 3040 αὐτῷ
2207 2972 2385 3035 διδοὺς
2419 2972 2516 3025 καί
2551 2973 2729 3043 μέτρα
2760 2973 3065 3045 τιμωριῶν,
3099 2975 3185 3026 ῐνα
3221 2974 3296 3045 μὴ
3341 2974 3614 3045 προπετὲς

2023 3052 2084 3106 ὂν
2114 3053 2177 3106 τὸ
2205 3054 2394 3125 θηρίον
2422 3056 2909 3127 ἀναισχυντότερον
2944 3057 3284 3129 ἐπιπηδήσῃ,
3320 3057 3481 3111 τοῦτο
3517 3058 3613 3110 καὶ

2023 3136 2052 3187 6
2092 3137 2414 3202 Ἀπόστολος
2447 3142 2625 3192 ποιεῖ·
2664 3139 2939 3210 παραδοὺς
2968 3140 3078 3211 γὰρ
3108 3140 3256 3211 αὐτῷ
3285 3142 3372 3193 τὸν
3409 3157 3612 3211 πεπορ-

2024 3220 2286 3283 νευκότα,
2329 3221 2517 3292 φησίν·
2565 3225 2671 3289 Εἰς
2729 3223 2984 3290 ὀλεθρον
3016 3223 3127 3292 τῆς
3171 3225 3434 3292 σαρκός·
3467 3222 3611 3276 τοῦτ’

2024 3302 2161 3368 ἐστι,
2211 3303 2327 3373 Τῆς
2369 3305 2581 3375 ψυχῆς
2605 3305 2800 3360 αὑτοῦ
2825 3307 2912 3375 μὴ
2942 3306 3091 3375 ὄψῃ.
3129 3301 3282 3370 Εἶδες
3326 3306 3613 3359 αὐθεντίαν

2022 3386 2267 3451 οίκέτου;
2307 3388 2398 3459 Μὴ
2428 3374 2607 3442 τοίνυν
2637 3388 2804 3457 φοϐοῦ
2830 3374 2925 3442 τὸν
2950 3374 3216 3453 διάϐολον,
3247 3388 3349 3441 κᾶν
3382 3387 3611 3458 ἀσώμα-

2022 3485 2112 3532 τος
2244 3471 2618 3542 προσέκρουσε
2657 3474 2793 3540 γάρ·
2822 3473 2976 3525 οὐδὲν
3015 3474 3072 3526 δὲ
3106 3472 3201 3527 τοῦ
3235 3490 3612 3545 προσκεκρου-

2023 3552 2180 3615 κοτος
2208 3553 2614 3627 ἀσθενέστερον,
2652 3555 2755 3608 κᾶν
2797 3557 2872 3627 μὴ
2911 3555 3070 3627 σῶμα
3111 3558 3494 3629 περικείμενος

2020 3634 2210 3707 ὥσπερ
2255 3632 2348 3690 οὖν
2401 3637 2554 3691 οὐδὲν
2588 3639 2681 3691 τοῦ
2729 3641 3045 3711 παρρησίαν
3079 3639 3294 3710 ἔχοντος
3332 3642 3611 3713 ίσχυρότεο

2024 3736 2137 3800 ρον,
2168 3719 2271 3773 κᾶν
2313 3719 2473 3792 σῶμα
2504 3721 2778 3799 περιφέρη
2805 3724 3020 3795 θνητόν.

2090 3885 2151 3933 ε’.
2187 3878 2375 3934 Ταῦτά
2410 3896 2501 3951 μοι
2540 3879 2717 3935 πάντα
2738 3878 2954 3951 εἴρηται
2978 3880 3097 3945 νῦν,
3126 3882 3224 3952 οὐχ
3254 3882 3345 3936 ἵνα
3374 3881 3466 3936 τὸν
3487 3881 3606 3938 διάο

2019 3962 2177 4017 ϐολον
2227 3963 2592 4035 ἐγκλημάτων
2636 3960 2953 4029 ἀπαλλάξω,
3004 3966 3120 4019 ἀλλ’
3149 3966 3236 4020 ἴνα
3269 3967 3413 4037 ὑμᾶς
3456 3967 3608 4019 ἐλευ-

2020 4046 2247 4119 θερώσω
2289 4047 2389 4118 τῆς
2445 4047 2737 4119 ῥᾳθυμίας.
2786 4048 2899 4101 Καὶ
2950 4049 3059 4118 γάρ
3105 4049 3309 4122 σφόδρα
3358 4049 3609 4121 βούλεται

2017 4129 2223 4193 ἐκεῖνος
2252 4129 2360 4183 τῶν
2390 4130 2672 4202 ἡμετέρων
2703 4131 3119 4202 ἁμαρτημάτων
3149 4134 3235 4184 ἐπ’
3261 4134 3423 4186 αὐτὸν
3451 4135 3608 4203 ἄγειν

2016 4213 2115 4283 τὴν
2148 4214 2350 4278 αἰτίαν,
2383 4214 2470 4267 ἵνα
2509 4213 2735 4277 ταύταις
2770 4216 2890 4277 ταῖς
2914 4215 3098 4268 ἐλπίσι
3127 4217 3474 4287 τρεφόμενοι,
3509 4220 3610 4275 καὶ

2017 4298 2126 4363 πᾷν
2165 4293 2303 4360 εἶδος
2339 4297 2537 4359 κακίας
2566 4297 2832 4361 ἐπιόντες,
2872 4297 3073 4368 πολλὴν
3114 4298 3442 4371 αὐξήσωμεν
3482 4301 3605 4356 καθ’

2016 4380 2229 4434 ἑαυτῶν
2264 4381 2365 4451 τὴν
2395 4381 2641 4446 κόλασιν,
2669 4378 2931 4452 οὐδεμιᾶς
2965 4383 3328 4453 τυγχάνοντες
3363 4384 3608 4454 συγγνώ-

2019 4480 2128 4535 μης
2179 4463 2289 4518 ἀπὸ
2334 4463 2428 4516 τοῦ
2485 4463 2835 4534 μετατιθέναι
2879 4464 2967 4521 ἐπ’
3010 4466 3175 4519 αὐτὸν
3236 4466 3335 4538 τὴν
3391 4469 3603 4522 αἰτίαν·

2015 4544 2205 4618 ὥσπερ
2230 4542 2324 4599 οῦν
2362 4546 2485 4600 οὐδέ
2514 4547 2548 4617 ἡ
2578 4545 2693 4601 Εὔα
2725 4547 2936 4618 ἔτυχεν.
2971 4548 3112 4602 Ἀλλ’
3137 4552 3304 4622 ἡμεῖς
3336 4550 3412 4622 μὴ
3448 4551 3608 4606 τοῦτο

2015 4627 2281 4699 ποιῶμεν,
2331 4628 2447 4682 ἀλλ’
2495 4629 2811 4701 ἐπιγνῶμεν
2858 4631 3126 4697 ἑαυτοὺς,
3173 4633 3491 4705 ἐπιγνῶμεν
3536 4635 3606 4688 τά

2014 4711 2340 4784 τραύματα·
2388 4710 2533 4766 οὕτω
2572 4713 2683 4785 γάρ
2735 4715 2829 4768 καὶ⁸
2879 4716 2950 4770 τά
3006 4717 3281 4788 φάρμακα
3330 4718 3604 4772 ἐπιθεῖναι

2013 4795 2391 4867 δυνησόμεθα·
2443 4798 2473 4849 6
2520 4796 2629 4877 γάρ
2692 4800 2793 4868 τὴν
2857 4798 3015 4854 νόσον
3076 4801 3286 4868 ἀγνοῶν
3344 4801 3606 4871 οὐδεμίαν

2014 4881 2302 4952 ποιήσεται
2358 4880 2456 4950 τῆς
2504 4879 2818 4952 ἀρρωστίας
2868 4883 3208 4955 ἐπιμέλειαν.
3254 4885 3602 4955 Ἥμάρτομεν

2014 4964 2215 5018 πολλά·
2250 4959 2367 5017 οἶδα
2400 4962 2588 5033 κάγώ·
2619 4965 2821 5031 πάντες
2850 4968 2959 5038 γάρ
2984 4970 3150 5039 ἐσμεν
3173 4969 3232 5021 ἐν
3266 4969 3564 5040 ἐπιτιμίοις
3583 4987 3600 5003 ο

2013 5048 2128 5102 ἀλλ’
2167 5047 2268 5101 οὐκ
2307 5048 2732 5119 ἀπεστερήμεθα
2779 5049 3134 5122 συγγνώμης,
3181 5052 3303 5105 οὐδέ
3345 5053 3604 5117 ἐξεπέσοο

2013 5147 2117 5203 μεν
2152 5131 2471 5201 μετανοίας·
2501 5131 2582 5184 ἐτι
2607 5131 2718 5203 γάρ
2753 5134 2811 5186 ἐν
2838 5132 2919 5203 τῷ
2950 5134 3240 5205 σκάμματι
3266 5137 3602 5207 ἑστήκαμεν,

2013 5215 2107 5269 καὶ
2145 5215 2201 5268 ἐν
2225 5218 2335 5280 τοῖς
2381 5214 2557 5285 ἀγῶσι
2586 5215 2685 5285 τῆς
2721 5217 3012 5285 μετανοίας
3045 5218 3235 5288 ἐσμέν.
3276 5219 3461 5290 Γέρων
3493 5216 3546 5274 εἷ
3571 5223 3600 5262 1³

2012 5298 2107 5352 καὶ
2140 5298 2277 5370 πρὸς
2304 5298 2404 5369 τὴν
2435 5296 2672 5369 ἐσχάτην
2715 5299 3040 5370 ἀπήντηκας
3076 5300 3291 5369 ἐξοδον;
3327 5301 3419 5371 Μὴ
3442 5305 3593 5374 νομί.

2014 5395 2114 5452 σῃς
2146 5380 2282 5453 μηδέ
2309 5380 2483 5444 οὕτως
2508 5381 2925 5436 ἐκπεπτωκέναι
2958 5384 3272 5454 μετανοίας,
3305 5385 3441 5458 μηδὲ
3469 5388 3601 5442 ἀπο-

2073 5596 2101 5627 ⁸
2119 5596 2245 5660 Reg.
2271 5600 2324 5646 cl
2347 5593 2485 5647 Colb.
2510 5592 2680 5708 λύρην,
2705 5599 2962 5650 mendose.

2073 5657 2101 5699 δ
2125 5658 2209 5708 εἰσ
2248 5658 2369 5708 Βοα.
2419 5661 2471 5707 οι
2497 5657 2564 5708 (lo
2587 5658 2636 5708 b.
2672 5668 2831 5708 recte.
2858 5660 2984 5708 Edil-
3034 5663 3205 5708 κοῖαι.
3242 5664 3435 5708 νινωνιῖ

2009 5657 2223 5783 “1:316
2248 5658 2369 5725 Reg.
2419 5661 2471 5707 οι
2497 5657 2636 5710 (ιοιι).
2672 5668 2831 5713 recte.
2858 5660 2985 5714 Edil.
3034 5663 3205 5716 ὶιοτοι.
3242 5664 3451 5730 γιγωνιῖ,
3477 5679 3593 5730 ρει·-
