4036 6206
295 304 402 361 265

291 420 601 483 excidisse;
634 431 808 487 neque
831 412 901 471 de
926 425 1013 472 tua
1043 415 1216 471 salute
1236 415 1493 485 desperes
1524 451 1539 476 .
1561 415 1678 470 .scd
1734 409 1874 466 latro

298 509 397 566 tibi
425 511 605 566 veniat
634 510 685 565 in
717 518 969 574 mentem,
1002 509 1093 579 qui
1123 509 1172 563 in
1201 523 1359 563 cruce
1388 508 1629 562 libertate
1654 506 1879 561 donatus

290 615 397 663 est.
427 603 562 672 Quid
585 601 728 657 enim
750 601 965 656 brevius
982 601 1068 655 illa
1088 600 1236 664 hora,
1267 600 1318 655 in
1335 615 1436 670 qua
1462 606 1744 653 coronatus
1759 595 1879 651 est?

292 705 529 750 attamen
548 694 662 749 lucc
682 696 841 748 etiam
871 692 943 746 illi
965 691 1030 745 ad
1052 691 1276 747 salutem
1299 689 1524 746 sull‘ccit.
1552 690 1770 744 iuvenis
1784 688 1878 773 es?

290 787 400 842 noli
422 785 691 841 conlidere
711 783 1003 856 juventuti,
1033 797 1130 837 nec
1145 782 1416 837 existimes
1438 781 1652 851 longum
1674 788 1727 834 te
1755 780 1877 834 vita:

290 881 523 950 Spatium
569 876 874 933 habiturum
908 895 923 932 :
974 874 1095 930 Dies
1136 877 1270 930 enim
1314 873 1521 930 Domini
1547 874 1674 929 sicut
1711 874 1798 943 fur
1821 874 1875 928 in

284 983 454 1037 nocte,
481 972 553 1024 ita
574 969 735 1024 veniet
768 968 845 1040 (ι.
871 967 1049 1022 Thess.
1090 968 1144 1023 5.
1188 967 1266 1038 2).
1296 966 1581 1037 Propterea
1611 966 1871 1021 incertum

284 1064 442 1120 nobis
470 1063 672 1119 obitum
701 1061 950 1124 reddidit,
988 1068 1045 1114 ut
1087 1068 1292 1115 certum
1318 1059 1551 1114 studium
1581 1075 1643 1115 ac
1672 1058 1871 1114 sollici—

282 1154 529 1210 tudinem
560 1152 930 1207 adhibeamus.
959 1150 1077 1206 Non
1120 1151 1264 1206 vides
1292 1165 1405 1214 eos,
1435 1151 1522 1219 qui
1552 1160 1873 1220 prmmaturo

283 1243 341 1300 in
371 1244 486 1297 dies
530 1244 675 1299 obitu
710 1241 1093 1313 abripiuntur?
1133 1242 1329 1296 idcirco
1354 1242 1604 1296 admonet
1631 1240 1865 1311 quidam,

283 1335 412 1392 Non
453 1337 621 1391 tardes
647 1336 866 1391 converti
895 1337 962 1390 ad
987 1334 1277 1398 Dominum,
1302 1344 1348 1388 et
1381 1351 1442 1388 ne
1471 1332 1676 1402 di/Teras
1704 1335 1766 1387 de
1790 1333 1872 1387 die

288 1430 346 1483 in
374 1430 506 1482 diem
536 1428 723 1502 (Eccli.
751 1430 803 1483 5.
829 1427 931 1495 8.),
965 1443 1031 1481 ne
1059 1427 1214 1492 forte,
1239 1426 1363 1481 dum
1404 1427 1691 1493 cunctaris,
1737 1440 1866 1480 con-

282 1519 495 1575 leraris.
519 1518 830 1573 Adbortatio
862 1519 950 1573 illa
986 1518 1099 1572 seni
1130 1517 1486 1582 adhibeatur;
1527 1517 1627 1573 hac
1654 1518 1867 1587 juvenis

278 1609 648 1665 admonitione
692 1609 967 1664 doceatur.
1013 1610 1083 1664 At
1128 1609 1180 1663 in
1214 1619 1325 1664 tuto
1364 1611 1612 1671 versaris,
1654 1620 1706 1663 et
1735 1611 1866 1664 divi-

281 1702 373 1755 tiis
398 1700 573 1757 afﬂuis
604 1718 618 1766 ;
653 1700 886 1771 pecuniis
916 1700 1202 1763 redundas,
1235 1704 1407 1771 neque
1438 1702 1558 1755 mali
1589 1703 1680 1755 tibi
1707 1702 1864 1771 quid-

274 1808 440 1863 quam
466 1792 701 1847 accidit?
739 1807 922 1847 verum
968 1791 1112 1855 audi,
1138 1792 1264 1862 quid
1292 1792 1435 1847 dicat
1468 1792 1663 1847 Paulus
1696 1809 1708 1844 :
1738 1790 1864 1847 Cum

274 1885 499 1939 dixerint
530 1900 702 1953 pacem
752 1896 799 1939 et
820 1882 1233 1956 tranquillitatem
1261 1925 1275 1950 ,
1307 1893 1423 1936 tunc
1469 1884 1761 1953 repentinus
1790 1886 1862 1938 eis

273 1979 591 2048 superveniet
630 1978 864 2032 interitus
903 1978 981 2047 (Ι.
1009 1974 1187 2030 Tltess.
1221 1977 1275 2031 5.
1305 1974 1382 2048 5).
1415 1975 1576 2029 Multa
1619 1975 1862 2030 laborant

272 2070 642 2125 vicissitudine
680 2084 743 2123 ac
786 2069 1078 2124 mutatione
1103 2082 1190 2123 res
1242 2067 1487 2122 humanm
1521 2085 1534 2121 :
1564 2082 1669 2123 non
1698 2069 1858 2123 estin

274 2172 542 2233 potestate
609 2170 790 2216 nostra
858 2160 1068 2224 obitus,
1117 2161 1187 2214 sit
1247 2159 1300 2214 in
1368 2169 1628 2230 potestate
1678 2173 1857 2217 noStra

271 2254 444 2308 virtus
478 2271 492 2307 :
533 2254 791 2324 benignus
815 2262 899 2308 est
929 2253 1182 2307 Dominus
1209 2263 1391 2308 noster
1420 2253 1679 2309 Christus.

346 2346 398 2402 6.
436 2346 665 2421 Quinque
690 2347 997 2418 paenitentia:
1026 2347 1138 2401 vite.
1163 2376 1236 2387 —
1272 2345 1445 2401 Vultis
1484 2347 1644 2403 etiam
1678 2348 1853 2417 [νωιιί-

269 2438 454 2493 lentim
482 2437 591 2491 vias
617 2437 1072 2494 commemorem?
1096 2437 1271 2492 Multa:
1296 2452 1426 2493 sane
1453 2447 1577 2493 sunt
1607 2439 1726 2504 ilhc,
1763 2455 1854 2493 va-

265 2530 366 2584 riae
423 2543 487 2584 ac
548 2528 893 2593 dilfercntes,
948 2538 1003 2584 et
1053 2544 1242 2584 omnes
1288 2529 1354 2585 ad
1405 2531 1593 2585 caelum
1633 2531 1851 2585 ducunt.

264 2620 445 2677 Prima
473 2632 555 2677 est
571 2622 898 2697 pmuitentia:
918 2624 1000 2678 via
1023 2622 1293 2678 damnatio
1330 2634 1667 2694 peccatorum
1700 2643 1714 2678 :
1759 2624 1856 2678 Dic

260 2715 401 2769 enim
431 2725 485 2768 tu
514 2722 707 2784 primus
736 2722 944 2784 peccata
989 2725 1079 2769 tua
1105 2756 1121 2782 ,
1153 2724 1206 2769 ut
1223 2717 1522 2787 justi/iceris
1552 2716 1569 2787 (
1599 2714 1727 2769 Isai.
1760 2717 1849 2772 45.

261 2807 380 2878 26).
411 2807 700 2877 Propterea
726 2822 944 2878 quoque
977 2808 1196 2864 dicebat
1227 2809 1486 2879 propheta
1516 2825 1530 2861 :
1563 2807 1705 2877 Dixi,
1729 2826 1850 2878 pro-

259 2897 509 2952 nuntiabo
561 2898 823 2951 adversum
844 2914 924 2951 me
944 2898 1244 2969 injustitiam
1266 2916 1426 2953 meam
1452 2897 1691 2964 Domino,
1721 2909 1768 2953 et
1795 2909 1850 2954 tu

258 2991 507 3047 remisisti
525 2992 830 3061 impietatem
857 2992 1024 3045 cordis
1046 2992 1144 3046 mei
1170 2993 1187 3060 (
1220 2991 1362 3047 Psal.
1395 2994 1482 3048 5L
1510 2992 1545 3049 5
1576 2998 1614 3063 ).
1649 2993 1848 3050 Damna

258 3085 427 3154 igitur
455 3092 509 3137 et
532 3093 584 3137 tu
615 3100 700 3148 ea,
733 3083 785 3137 itt
818 3084 1011 3152 quibus
1038 3086 1265 3153 peccasti
1298 3101 1312 3139 :
1354 3085 1458 3141 hoc
1487 3087 1711 3142 Domino
1731 3085 1846 3142 suf-

259 3174 378 3230 ﬁcit
405 3174 471 3227 ad
494 3173 900 3229 excusationem
935 3192 949 3228 :
976 3175 1063 3244 qui
1093 3175 1235 3229 enim
1260 3192 1321 3230 ea
1350 3176 1571 3232 damnat
1595 3220 1611 3245 ,
1639 3178 1691 3231 in
1723 3178 1846 3249 qui-

257 3262 367 3318 bus
395 3264 671 3332 peccavit,
702 3264 907 3319 tardius
945 3263 999 3318 in
1037 3265 1224 3320 eadem
1270 3283 1454 3323 rursus
1495 3268 1722 3324 incidit:
1752 3268 1851 3323 doc

256 3355 543 3409 rnesticum
591 3363 954 3410 accusatorem
980 3357 1152 3411 excitu
1179 3358 1556 3413 conscientiam
1588 3370 1753 3425 tuam,
1781 3377 1847 3418 ne

257 3455 630 3502 accusatorem
660 3447 766 3502 illic
789 3446 986 3503 habeas
1005 3463 1184 3503 coram
1204 3450 1407 3505 Domini
1433 3452 1697 3506 tribunali.
1721 3452 1845 3508 llaec

255 3539 425 3609 igitur
449 3553 549 3592 una
576 3547 660 3593 est
709 3541 907 3608 optima
954 3542 1277 3609 pmnitentiae
1308 3542 1389 3596 via
1415 3559 1430 3608 ;
1458 3543 1631 3598 adhuc
1664 3554 1842 3606 autem

255 3642 311 3685 et
339 3631 511 3684 altera
538 3639 619 3684 est
667 3631 833 3686 nihilo
887 3633 1105 3687 inferior
1134 3633 1231 3687 ista
1255 3675 1269 3695 ,
1306 3643 1361 3688 ut
1410 3645 1746 3705 acceptarum
1775 3636 1843 3692 ab

249 3721 494 3779 inimicis
546 3722 857 3791 injuriarum
917 3739 1182 3778 memores
1225 3738 1330 3779 non
1379 3727 1585 3792 simus,
1641 3736 1697 3780 ut
1749 3728 1842 3781 irte

255 3812 611 3882 imperemus,
640 3822 700 3868 ut
722 3830 1103 3869 conservorum
1138 3827 1348 3884 peccata
1377 3817 1705 3874 dimittamus
1727 3838 1740 3874 :
1765 3821 1842 3875 sic

258 3904 408 3959 enim
441 3914 495 3959 et
528 3920 646 3973 qua:
678 3905 731 3959 in
764 3905 1044 3959 Dominum
1086 3908 1371 3962 commissa
1401 3909 1628 3974 fuerint,
1658 3910 1840 3965 dimit-

255 4001 485 4048 tentnr:
529 4008 594 4047 en
640 3993 864 4049 alteram
888 3996 1047 4049 etiam
1089 4005 1424 4065 peccatorum
1458 3999 1837 4067 capiationcm.

254 4083 315 4139 Si
342 4084 477 4136 enim
506 4083 818 4150 dimiseritis,
846 4083 1035 4156 inquit,
1069 4086 1372 4142 debitoribus
1401 4091 1597 4156 vestris,
1627 4092 1841 4146 dimittet

247 4191 297 4232 et
329 4174 468 4227 vobis
504 4172 665 4227 Pater
708 4185 869 4229 vester
911 4178 1162 4248 ειιλΙειιίε(
1193 4177 1381 4233 Matth.
1404 4180 1455 4235 6.
1504 4181 1572 4236 16
1598 4185 1638 4250 ).
1672 4182 1758 4237 Vis
1786 4193 1842 4240 et

254 4267 470 4320 tertiam
509 4269 835 4336 poenitentia:
874 4270 1010 4323 viam
1057 4269 1302 4328 discere?
1341 4273 1523 4328 Oratio
1551 4275 1759 4332 fervens
1786 4287 1841 4334 et

251 4368 543 4424 acrurata,
593 4368 754 4430 atque
800 4376 865 4414 ex
914 4361 1102 4416 intimo
1146 4363 1315 4419 corde
1347 4381 1689 4433 promanans.
1716 4369 1834 4426 Non

252 4461 309 4505 tu
344 4452 561 4505 viduam
595 4452 737 4508 illam
780 4452 986 4521 vidisti,
1016 4470 1122 4524 quo
1149 4467 1306 4525 pacto
1330 4457 1691 4528 impudentem
1735 4464 1835 4519 sibi

248 4543 309 4614 ju
332 4543 487 4597 licem
520 4542 664 4598 illum
694 4544 991 4599 conciliarit
1022 4544 1041 4615 (
1085 4546 1210 4601 Luc.
1245 4548 1330 4604 18.
1364 4550 1398 4603 '5
1419 4549 1476 4621 )?
1504 4554 1575 4605 At
1604 4561 1656 4606 tu
1688 4570 1839 4609 mau-

1284 302 1371 357 DE
1411 302 1704 359 DIABOLO
1739 302 2169 360 TENTATORE.
2214 305 2441 363 liOMlL.
2484 307 2549 363 lll

3463 316 3568 375 ΞΜ

1987 421 2196 469 suetum
2242 425 2431 473 nactus
2471 433 2530 475 es
2558 418 2859 484 Dominum,
2883 423 3081 483 bonum
3122 436 3177 484 et
3213 429 3570 494 clementem:

1986 505 2072 561 illa
2102 507 2358 564 adversus
2404 512 2657 568 inimicos
2686 518 3031 585 postulabat;
3079 531 3136 576 tu
3166 538 3298 579 vero
3340 542 3445 581 non
3472 528 3570 584 ad-

1985 610 2173 652 versus
2217 599 2496 669 inimicos,
2547 604 2642 657 sed
2694 620 2792 675 pro
2816 615 2900 661 tua
2927 610 3099 665 salute
3124 617 3380 683 postulas.
3414 617 3567 686 Quod

1982 687 2027 742 si
2056 699 2297 759 quartam
2329 693 2487 748 etiam
2528 710 2688 751 nosse
2738 698 2891 763 velis,
2920 700 3311 776 elcemosyuam
3342 708 3513 764 dicam
3550 729 3567 766 :

1981 779 2202 835 multam
2233 783 2376 837 enim
2408 798 2470 839 ea
2502 794 2554 839 et
2581 787 2856 856 copiosam
2907 793 3012 845 vim
3068 792 3226 849 habet
3258 814 3273 849 :
3302 797 3564 867 siquidem

1979 869 2507 942 Nahuchodonosori,
2548 879 2638 948 qui
2694 878 2760 933 ad
2818 895 2979 937 omne
3022 883 3375 954 improbitatis
3397 904 3565 960 genus

1980 972 2264 1030 prOVectus
2298 974 2436 1033 erat,
2465 977 2520 1022 et
2543 983 2757 1023 omnem
2791 970 3118 1042 impietatem
3157 978 3372 1033 molitus
3401 991 3516 1036 erat
3543 1023 3559 1049 ,

1977 1054 2051 1108 ait
2080 1055 2263 1111 Daniel
2297 1075 2311 1112 :
2340 1057 2472 1125 Rex,
2491 1062 2754 1116 consilium
2781 1081 2945 1118 meum
2974 1067 3173 1135 placeat
3191 1071 3279 1124 tibi
3305 1088 3323 1127 :
3358 1084 3563 1142 peccata

1977 1154 2065 1199 tua
2089 1147 2141 1200 in
2163 1149 2489 1221 eleentosynis
2523 1154 2731 1217 redime,
2755 1165 2799 1209 et
2821 1156 3112 1228 iniquitates
3138 1169 3253 1215 tuas
3274 1178 3326 1215 tn
3352 1165 3562 1219 miseru-

1976 1237 2193 1292 tionibus
2214 1256 2497 1310 pauperum
2541 1242 2705 1315 (Dan.
2745 1247 2795 1301 4.
2830 1246 2949 1318 24).
2982 1249 3118 1316 Quid
3173 1267 3291 1307 cum
3339 1253 3439 1310 hac
3466 1256 3560 1312 be-

1975 1328 2235 1398 nignitate
2281 1331 2512 1387 conferri
2544 1337 2749 1404 queat?
2797 1338 2926 1393 Post
2974 1341 3249 1399 innumera
3300 1358 3555 1416 peccata,

1975 1430 2095 1489 post
2127 1429 2202 1475 tot
2230 1430 2283 1477 et
2309 1433 2483 1479 tantas
2504 1427 2834 1484 calamitates
2863 1431 3128 1501 placatum
3162 1435 3223 1489 iri
3250 1453 3309 1490 se
3333 1439 3552 1506 pollice-

1974 1527 2059 1567 tur
2081 1514 2152 1579 ei,
2181 1516 2271 1585 qui
2298 1516 2621 1584 offenderat,
2652 1522 2694 1575 si
2720 1537 2843 1593 erga
2867 1539 3155 1582 conservos
3176 1543 3299 1583 suos
3328 1531 3554 1601 benigne

1971 1619 2030 1658 se
2057 1608 2304 1675 gesserit.
2336 1609 2403 1663 Et
2434 1627 2580 1677 vero,
2611 1612 2655 1666 si
2701 1614 2941 1671 modeste
2967 1631 3085 1687 agat
3112 1621 3250 1690 quis,
3277 1632 3330 1677 et
3372 1623 3550 1680 humi-

1971 1698 2036 1753 lis
2062 1700 2151 1766 sit,
2186 1700 2288 1756 boc
2334 1719 2440 1756 non
2470 1704 2646 1761 minus
2672 1723 2829 1775 quam
2856 1725 2974 1777 qua!
3014 1711 3151 1766 dicta
3188 1724 3311 1768 sunt
3339 1718 3549 1782 omnia,

1971 1800 2309 1859 peccatorum
2349 1803 2594 1849 naturam
2626 1798 2858 1852 absumit
2893 1816 2906 1852 :
2952 1803 3106 1870 cujus
3139 1804 3215 1859 rei
3267 1808 3418 1861 testis
3467 1818 3551 1863 est

1968 1880 2298 1950 publicanus,
2324 1885 2413 1954 qui
2466 1897 2614 1942 recte
2670 1888 2810 1943 facta
2868 1892 3080 1961 quidem
3129 1909 3552 1956 conunemorare

1968 1988 2075 2026 non
2106 1984 2343 2040 poterat,
2371 1976 2465 2029 sed
2495 1979 2733 2034 omnium
2766 1981 2885 2037 loco
2944 1983 3295 2041 humilitatem
3336 1988 3546 2058 obtulit,

2057 2078 2218 2134 grave
2254 2078 2595 2135 peccatorum
2629 2087 2767 2125 onus
2812 2073 3059 2143 deposuit
3087 2076 3107 2149 (
3132 2076 3258 2132 Luc.
3291 2080 3377 2136 18.
3411 2081 3479 2137 15
3502 2083 3545 2153 ).

1966 2152 2106 2209 Ecce
2135 2156 2370 2227 quinque
2392 2161 2724 2229 paenitentia:
2751 2163 2864 2219 vias
2891 2166 3246 2224 indicavimus
3271 2187 3285 2223 :
3316 2152 3546 2241 primam

1962 2254 2305 2314 pzccatoruut
2329 2249 2728 2307 damnationem
2750 2296 2765 2319 ,
2798 2257 3086 2325 secundum
3131 2274 3254 2313 cum
3286 2264 3545 2331 proximis

1961 2348 2176 2408 peccata
2195 2339 2534 2406 dimittimus,
2552 2347 2764 2400 tertiam
2787 2363 2905 2417 quae
2936 2349 2988 2403 in
3011 2352 3253 2408 oratione
3278 2355 3539 2419 consistit,

1959 2440 2201 2500 quartam
2239 2448 2359 2502 qum
2388 2434 2439 2488 in
2472 2434 2835 2508 clcemosyna,
2868 2441 3107 2509 quintam
3137 2460 3257 2513 qua:
3287 2444 3339 2500 in
3370 2446 3545 2501 Immi-

1959 2520 2124 2577 litate.
2145 2520 2259 2577 Noli
2288 2524 2443 2595 igitur
2459 2528 2635 2591 otiari,
2658 2530 2749 2583 sed
2771 2533 3004 2599 quotidie
3028 2550 3121 2603 per
3142 2533 3236 2590 has
3255 2552 3442 2593 omnes
3462 2539 3543 2593 in-

1957 2611 2086 2667 cede
2108 2630 2120 2663 :
2139 2622 2263 2667 sunt
2298 2616 2437 2671 enim
2466 2615 2645 2673 faciles
2668 2621 2785 2681 vite,
2808 2636 2978 2691 neque
3006 2634 3366 2693 paupertatem
3390 2640 3542 2697 potes

1956 2701 2247 2759 obtendere
2275 2721 2289 2758 :
2321 2706 2416 2761 sed
2448 2708 2569 2763 licet
2595 2710 2646 2763 itt
2677 2720 2913 2780 egestate
2950 2715 3181 2783 graviori
3221 2718 3382 2772 vitam
3427 2728 3540 2773 tra-

1957 2792 2139 2858 ducas,
2170 2804 2222 2848 et
2248 2796 2378 2850 iram
2405 2796 2676 2868 deponere
2702 2811 2755 2855 et
2783 2801 3138 2860 humilitatem
3171 2822 3282 2877 prie
3318 2817 3370 2864 te
3399 2808 3541 2867 ferre

1956 2884 2179 2954 poteris,
2214 2895 2266 2940 et
2291 2888 2503 2943 assidue
2533 2892 2759 2959 precari,
2787 2902 2841 2947 et
2881 2906 3093 2963 peccata
3124 2897 3379 2955 damnare
3401 2942 3415 2967 ,
3447 2917 3540 2957 ne-

1954 2990 2058 3044 que
2113 2986 2395 3047 paupertas
2442 2980 2645 3049 uspiam
2695 2982 3131 3053 impedimentum
3176 2989 3329 3046 alfert
3364 3010 3377 3045 :
3410 2995 3537 3064 qttid

1954 3065 2074 3121 dico
2099 3066 2206 3133 hic,
2239 3069 2667 3141 quandoquidem
2714 3089 2813 3129 nec
2839 3076 2892 3130 in
2936 3077 3020 3131 illa
3053 3081 3377 3148 paenitentia:
3420 3087 3533 3155 via,

1953 3159 2005 3213 in
2033 3175 2134 3229 qua
2168 3163 2418 3230 pecunias
2447 3162 2570 3218 licet
2589 3179 2806 3235 erogare
2830 3168 3259 3242 (eleemosynam
3277 3174 3442 3245 dico),
3468 3194 3538 3233 ne

1953 3250 2059 3305 illic
2091 3252 2303 3321 quidem
2335 3254 2489 3309 nobis
2529 3256 2596 3309 ad
2624 3257 2927 3312 mandatum
2971 3264 3366 3331 exsequendum
3395 3267 3535 3336 obji-a

1950 3341 2023 3396 cit
2051 3343 2484 3415 impedimentum
2516 3349 2839 3417 paupertas?
2869 3350 2924 3405 ld
2951 3367 3075 3406 vero
3113 3355 3268 3408 vidua
3306 3356 3532 3413 demon-

1953 3437 2160 3501 stravit,
2189 3452 2307 3506 anc
2338 3438 2444 3493 duo
2464 3441 2666 3494 minuta
2693 3442 2835 3495 misit
2866 3443 2883 3512 (
2909 3442 3073 3497 Marc.
3099 3444 3185 3499 12.
3215 3446 3283 3501 42
3307 3447 3346 3518 ).
3397 3447 3531 3504 Cum

1952 3527 2109 3595 igitur
2143 3525 2278 3580 hanc
2299 3528 2515 3583 vulnera
2556 3541 2734 3585 nostra
2761 3533 2981 3587 curandi
3022 3537 3285 3591 rationem
3326 3538 3531 3595 didicca

1950 3618 2137 3682 rimus,
2166 3617 2280 3672 haec
2322 3618 2709 3676 medicamenta
2740 3622 3089 3679 adhibeamus
3112 3667 3127 3690 ,
3154 3636 3211 3681 ut
3233 3644 3357 3683 vera
3386 3631 3532 3685 sauia

1950 3715 2057 3762 tate
2104 3719 2448 3779 recuperata,
2497 3725 2647 3765 sacra
2674 3728 2853 3765 mensa
2880 3728 3000 3768 cum
3050 3716 3237 3771 ﬁducia
3287 3720 3530 3787 perfruaus

1950 3817 2088 3867 tnur,
2118 3811 2172 3855 et
2211 3802 2370 3856 inulta
2401 3818 2520 3857 cum
2552 3804 2716 3873 gloria
2749 3804 2961 3860 Christo
2992 3808 3099 3878 regi
3137 3810 3319 3878 gloria:
3345 3827 3532 3868 occur-

1950 3907 2128 3946 ramus
2152 3933 2166 3956 ,
2198 3903 2506 3963 mternaque
2540 3894 2753 3950 assidue
2796 3896 2930 3950 bona
2961 3913 3379 3969 consequamur,
3411 3918 3532 3973 gra-

1952 3984 2040 4048 tia,
2083 3984 2469 4051 misericordia,
2498 3996 2551 4040 ct
2601 3986 2920 4056 benignitate
2939 3989 3144 4044 Domini
3193 3994 3357 4047 nostri
3402 3995 3529 4049 Jcsu

1947 4074 2177 4139 Christi;
2209 4092 2302 4145 per
2350 4092 2506 4147 quem
2538 4085 2591 4131 et
2634 4090 2755 4131 cum
2794 4094 2898 4147 quo
2940 4079 3081 4134 Patri
3126 4082 3329 4151 gloria,
3361 4085 3529 4154 impc-

1947 4168 2120 4233 rium,
2168 4168 2378 4233 honor,
2441 4185 2540 4222 una
2584 4184 2703 4223 cum
2757 4180 2961 4235 sancto,
2993 4172 3131 4226 bono
3190 4189 3253 4228 ac
3320 4176 3529 4231 vivifico

1946 4257 2144 4327 Spiritu
2171 4300 2185 4324 ,
2220 4274 2359 4314 nunc
2383 4270 2435 4314 et
2465 4271 2796 4329 semper,.et
2841 4261 2893 4315 in
2945 4264 3136 4319 saecula
3181 4266 3524 4324 saeculorum.

1944 4353 2135 4411 Amen.

247 4734 3520 4772 ——-—————————_—____.__________________________

247 4838 427 4890 QUOD
469 4839 555 4881 EI
598 4835 849 4881 DESIDIA
892 4839 1298 4896 IMPROBITAS,
1345 4843 1429 4885 EX
1473 4845 1841 4893 DILIGENTIA
1909 4850 2138 4896 VIRTUS
2193 4847 2474 4892 OBIATUB
2522 4848 2537 4889 3

2584 4847 2882 4901 QUODQUE
2924 4848 3039 4893 NEC
3085 4852 3348 4896 IMPROBI
3412 4854 3525 4899 ΗΟ*

338 4939 557 4992 κικιζε,
605 4938 722 4980 NEC
768 4939 903 4981 IPSE
947 4939 1255 4985 DIABOLUS
1302 4943 1533 4988 HOMINI
1579 4947 1903 4994 VIGILANTI
1949 4951 2197 4994 NOCERE
2242 4948 2513 4992 POSSINT.
2588 4949 3078 4995 DEMONSTRATIO
3142 4954 3361 4999 ΔΟΤΕΜ
3421 4956 3504 4999 PE

332 5037 529 5081 τιτυιι
573 5035 707 5079 TUM
751 5037 913 5080 Αιιιε
955 5038 1185 5082 MULTIS
1253 5041 1339 5083 EX
1381 5042 1579 5101 LOCIS,
1626 5047 1759 5092 TUﬂ
1805 5051 1855 5091 EI

1962 5050 2011 5094 ts
2053 5049 2196 5103 quas
2238 5048 2459 5092 Δολιιο
2503 5050 2583 5092 ετ
2609 5050 2763 5095 sono
2805 5052 3248 5097 courroenuar
3293 5035 3404 5119 (a).

1558 5200 1854 5216 5*—

822 5242 1040 5284 BOHILIA
1065 5245 1146 5285 Ill.

822 5243 854 5281 ιι
1130 5269 1146 5285 .

333 5309 387 5364 Ι.
421 5312 560 5366 Ante
584 5243 1138 5382 hesternmﬁi‘q'n'ifleiit
1165 5312 1308 5368 diem
1346 5314 1414 5369 de
1440 5315 1651 5373 diabolo
1689 5321 1845 5375 nobis

247 5402 395 5469 apud
423 5403 700 5459 caritatem
729 5414 963 5459 vestram
987 5413 1069 5458 est
1095 5405 1330 5461 instituta
1353 5408 1525 5462 oratio
1548 5425 1564 5473 ;
1595 5411 1684 5465 alii
1710 5428 1838 5467 vero

244 5492 440 5547 tudel"
458 5491 698 5557 die,cum
721 5508 818 5548 nos
843 5493 930 5548 hic
949 5508 1011 5548 ea
1026 5494 1093 5550 de
1119 5510 1176 5551 re
1196 5496 1602 5564 dissereremus,
1621 5499 1671 5554 in
1696 5500 1842 5557 thea-

228 5664 243 5679 ’
312 5683 383 5749 (ο)
418 5682 598 5736 usitata
620 5698 730 5736 cum
758 5685 926 5737 Codice
954 5694 1071 5751 ειυς.
1102 5686 1219 5737 1964
1237 5695 1289 5739 et
1311 5687 1518 5740 Colbert.
1548 5689 1684 5741 1030.

1862 5179 2242 5234 m————

1957 5319 2053 5373 tris
2080 5318 2361 5384 sedentes,
2382 5317 2580 5374 diaboli
2608 5333 2856 5389 pompam
2885 5321 3195 5389 spectabant
3223 5340 3237 5377 :
3265 5323 3338 5380 illi
3366 5340 3533 5384 mere-

1954 5411 2225 5465 triciamm
2252 5410 2662 5473 cantilenarum,
2691 5425 2786 5463 vos
2807 5411 3063 5466 doctrime
3090 5414 3381 5483 spiritualis
3412 5434 3533 5487 par-

1949 5503 2136 5571 ticipes
2166 5503 2331 5557 eratis
2360 5518 2372 5553 :
2404 5501 2477 5555 illi
2522 5501 2897 5571 impurissimis
2944 5502 3139 5559 diaboli
3184 5506 3323 5561 escis
3358 5520 3535 5565 vesci.»

1956 5597 2171 5659 bantur,
2218 5608 2314 5648 vos
2348 5603 2618 5662 unguento
2676 5594 2939 5663 spirituali
2994 5596 3369 5666 pascebamini.
3400 5599 3534 5667 Quis

1950 5700 2078 5755 ergo
2109 5684 2230 5740 illos
2258 5685 2506 5740 aberrare
2537 5684 2661 5741 fecit
2684 5686 2708 5740 ἲ
2733 5686 2851 5757 quis
2879 5700 2907 5741 a
2951 5701 3105 5744 sacro
3132 5688 3257 5745 ovili
3283 5703 3530 5761 segrega-
