4036 6206
589 238 694 294 id!)

593 353 705 405 vit?
733 350 867 404 Num
900 350 1020 404 illos
1063 364 1274 419 quoque
1322 349 1562 404 diabolus
1601 349 1850 417 decepit?
1897 347 2162 418 quomodo

587 447 740 513 igitur
767 459 860 496 vos
891 459 994 496 ntm
1026 443 1284 511 decepit?
1321 443 1384 496 Et
1404 458 1496 496 vos
1535 451 1588 496 et
1631 442 1705 496 illi
1737 441 1980 495 homines
2005 441 2154 503 estis,

585 537 876 592 secundum
925 546 1166 589 naturam
1221 536 1408 603 loquor
1449 553 1462 587 :
1499 533 1684 588 eadem
1719 534 1928 601 utrique
1977 543 2164 585 natura

585 628 790 697 praediti
815 629 945 682 estis
969 669 983 690 ,
1013 627 1200 680 iisdem
1231 625 1560 678 naturalibus
1587 623 1960 692 cupiditatibus
1991 641 2003 676 :
2035 637 2165 691 quo-

585 719 744 772 modo
769 719 927 786 igitur
959 733 1062 770 non
1091 717 1232 770 idem
1281 725 1514 768 vestrum
1555 729 1846 782 eorumque
1886 712 2162 766 studium?

584 811 715 875 Quia
745 826 848 862 non
897 809 1080 863 eadem
1112 809 1348 876 utrisque
1375 807 1616 859 voluntas
1645 823 1660 858 ι
1707 805 1825 858 ideo
1855 805 1924 857 illi
1955 803 2160 871 decepti

583 910 727 963 sunt,
756 914 850 952 vos
873 914 974 952 non
1005 900 1151 952 item.
1181 897 1360 966 Neque
1403 899 1472 949 ita
1504 898 1708 964 loquor,
1749 904 1805 947 ut
1833 894 2100 948 diabolmu
2131 908 2162 947 e

582 991 806 1043 crimine
831 1004 1033 1054 eruam,
1055 988 1145 1041 sed
1175 998 1232 1041 ut
1259 1003 1350 1039 vos
1377 1004 1404 1038 a
1438 986 1669 1055 peccatis
1694 985 1890 1040 liberos
1916 984 2158 1037 reddam.

580 1078 838 1149 Maligntts
864 1089 944 1132 est
967 1079 1226 1141 diabolus,
1258 1077 1306 1130 id
1339 1092 1436 1146 ego
1455 1077 1645 1140 fateor;
1678 1075 1769 1129 sed
1799 1075 1896 1128 sibi
1927 1073 2024 1142 ipsi
2051 1088 2161 1126 ma-

581 1169 775 1238 lignus,
803 1185 907 1222 non
935 1169 1084 1222 nobis
1107 1207 1124 1234 ,
1153 1169 1195 1220 si
1224 1167 1519 1236 vigilemus.
1549 1166 1690 1218 Talis
1719 1165 1907 1233 quippe
1935 1173 2015 1217 est
2047 1179 2157 1215 ma-

579 1261 829 1330 lignitatis
861 1271 1048 1314 natura
1080 1275 1094 1311 :
1133 1275 1193 1313 ea
1243 1257 1480 1328 praeditis
1517 1257 1688 1310 solum
1717 1265 1798 1309 est
1827 1256 2153 1322 perniciosa;

579 1353 744 1406 virtus
771 1361 950 1406 autem
985 1361 1168 1405 contra
1209 1367 1312 1404 non
1359 1352 1472 1418 ipsa
1519 1349 1752 1418 praeditis
1798 1357 2032 1410 tantum,
2062 1345 2156 1400 sed

577 1447 736 1499 etiam
769 1445 1022 1513 proximis
1048 1444 1192 1497 utilis
1217 1457 1335 1496 esse
1363 1451 1550 1511 potest.
1595 1441 1662 1495 Ut
1685 1455 1812 1494 vero
1857 1439 2030 1494 discas
2059 1440 2157 1492 im-

577 1535 800 1604 probum
830 1536 930 1589 sibi
957 1535 1274 1605 improbum,
1305 1533 1498 1587 bonum
1527 1541 1702 1586 autem
1720 1533 1836 1586 aliis
1851 1534 2010 1587 etiam
2035 1546 2155 1586 esse

575 1625 795 1690 bonum,
823 1625 1152 1692 proverbiale
1177 1624 1268 1676 tibi
1297 1624 1654 1676 testimonium
1683 1623 1943 1690 proferam
1981 1640 1991 1674 :
2027 1620 2150 1686 Fili,

574 1716 745 1784 inquit
773 1758 788 1782 ,
825 1718 866 1768 si
892 1718 1052 1768 malus
1085 1717 1152 1768 sis
1177 1756 1192 1778 ,
1215 1716 1351 1768 solus
1399 1715 1598 1767 haurias
1625 1714 1797 1776 mala;
1823 1715 1899 1765 sin
1921 1714 2144 1782 sapiens,

574 1819 620 1862 et
646 1811 733 1861 tibi
753 1811 850 1878 ipsi
881 1819 926 1862 et
949 1810 1176 1877 proximo
1205 1809 1300 1860 eris
1328 1807 1528 1874 sapiens
1555 1809 1574 1876 (
1603 1806 1755 1859 Prov.
1783 1806 1836 1860 9.
1871 1805 1936 1860 η
1969 1807 2007 1871 ).

643 1897 828 1952 Contra
855 1898 1174 1952 theatralium
1201 1898 1594 1966 spectaculorum
1621 1908 1906 1950 sectatores.
1949 1895 2146 1949 Volun-

573 2001 648 2043 tas
679 1990 856 2058 ubique
879 1989 1101 2042 domina.
1128 2019 1201 2028 ——
1228 1989 1304 2040 Illi
1333 1988 1536 2055 decepti
1575 1995 1696 2040 sunt
1733 1987 1784 2040 in
1817 1985 2068 2050 theatris;
2097 1993 2152 2038 at

571 2098 666 2136 vos
707 2097 812 2135 non
847 2081 1054 2149 decepti
1095 2081 1240 2135 estis.
1289 2080 1527 2148 Magnum
1571 2080 1698 2132 illud
1729 2093 1792 2132 ex
1834 2079 1990 2132 rebus
2023 2078 2149 2146 ipsis

569 2182 968 2242 argumentum,
997 2173 1136 2224 clara
1173 2170 1553 2225 demonstratio
1593 2179 1646 2222 et
1683 2169 2014 2223 ratiocinatio
2045 2185 2148 2223 non

568 2265 746 2328 dubia,
777 2266 1098 2317 voluntatem
1127 2264 1320 2332 ubique
1344 2263 1608 2316 dominam
1639 2277 1777 2316 esse.
1805 2262 1912 2315 Ilac
1939 2273 1990 2315 tu
2022 2263 2147 2316 item

567 2358 860 2428 argumenti
905 2358 1108 2410 ratione
1149 2367 1296 2409 utere
1335 2375 1346 2406 :
1387 2365 1440 2409 et
1479 2357 1522 2409 si
1565 2355 1744 2408 videas
1789 2354 2054 2408 hominem
2094 2355 2144 2406 in

567 2451 796 2519 nequitia
825 2451 1002 2504 vivere
1024 2491 1036 2514 ,
1069 2461 1226 2518 atque
1256 2449 1644 2518 improbitatem
1670 2463 1881 2501 omnem
1918 2448 2106 2502 sectari
2129 2490 2143 2512 ,

566 2557 627 2594 ac
653 2540 840 2594 deinde
869 2540 1250 2609 providentiam
1277 2538 1369 2590 Dei
1399 2537 1666 2591 criminari
1692 2537 1994 2604 dicereque,
2025 2551 2144 2590 eum

567 2635 790 2687 fortuna:
839 2641 892 2684 et.
941 2631 1030 2684 fati
1086 2630 1384 2684 necessitati
1435 2629 1840 2697 diemonumque
1882 2629 2146 2698 tyrannidi

567 2739 801 2781 nostram
831 2727 1120 2796 subjecisse
1152 2735 1394 2779 naturam
1415 2766 1429 2788 ,
1461 2733 1514 2778 et
1538 2725 1767 2793 undique
1791 2723 1998 2791 culpam
2030 2739 2058 2774 a
2088 2738 2145 2777 se

565 2819 790 2884 amoliri,
819 2829 976 2887 atque
1005 2819 1056 2872 in
1090 2827 1408 2882 creatorem,
1431 2817 1518 2885 qui
1546 2817 1792 2870 universo
1820 2815 1940 2868 huic
1971 2815 2146 2883 provi-

565 2913 674 2976 det,
706 2929 821 2966 cam
859 2911 1142 2966 transferre
1173 2929 1185 2964 :
1219 2910 1332 2978 ejus
1363 2925 1422 2962 os
1453 2909 1659 2967 obtnra.
1694 2925 1795 2960 non
1835 2907 2018 2972 verbo,
2049 2903 2142 2960 sed

567 3005 719 3067 facto,
753 3003 1079 3071 ostendequc
1105 3003 1172 3054 illi
1201 3002 1361 3054 alium
1388 3015 1702 3054 conservum
1731 2999 1893 3068 probe
1917 3015 1978 3052 ac
2007 3008 2142 3052 tem-

565 3104 748 3160 perate
789 3093 1072 3146 viventem.
1114 3090 1226 3144 Non
1267 3105 1397 3158 opus
1435 3099 1514 3144 est
1550 3092 1700 3158 longa
1731 3089 2002 3152 oratione,
2037 3104 2140 3142 non

564 3198 697 3249 opus
724 3181 984 3234 concinno
1011 3190 1284 3248 apparatu,
1319 3195 1424 3232 non
1455 3177 1806 3248 syllogismis;
1839 3179 1932 3232 sed
1963 3179 2142 3246 operi~

567 3273 662 3325 bus
689 3273 742 3324 fit
771 3270 1176 3324 demonstratio.
1207 3269 1296 3322 Dic
1323 3269 1394 3322 illi
1427 3286 1440 3322 :
1475 3268 1538 3320 Et
1566 3277 1619 3321 tu
1650 3283 1836 3322 servus
1861 3283 1918 3321 es
1944 3277 2000 3320 ut
2031 3267 2136 3331 ille,

565 3375 616 3416 tu
646 3363 804 3416 homo
841 3373 895 3416 ut
929 3363 1015 3416 ille
1050 3381 1061 3414 :
1097 3362 1146 3414 in
1177 3360 1364 3415 eodem
1407 3361 1606 3414 mundo
1635 3360 1882 3422 versaris,
1922 3359 2018 3412 sub
2045 3375 2139 3413 eo-

562 3457 681 3510 dem
721 3457 850 3508 cat-lo
891 3456 1076 3508 iisdem
1125 3455 1354 3508 vesceris
1397 3455 1526 3508 cibis
1557 3471 1570 3506 :
1599 3469 1696 3507 cur
1731 3465 1783 3506 ιιι
1820 3455 1870 3506 in
1909 3455 2139 3520 nequitia

563 3547 730 3614 tlegis,
761 3546 846 3598 ille
875 3547 924 3598 in
958 3543 1184 3597 virtute?
1215 3543 1335 3597 Ideo
1364 3543 1602 3611 permisit
1628 3543 1764 3596 Deus
1792 3543 1959 3595 malos
1989 3543 2139 3596 bonis

563 3637 853 3704 permixtos
878 3651 1016 3696 esse,
1049 3651 1145 3688 nec
1173 3635 1328 3687 aliam
1373 3634 1524 3688 bouis
1553 3645 1768 3697 terram,
1797 3635 1956 3690 ali.qu
1987 3633 2139 3687 malis

559 3729 741 3782 orbem
771 3727 951 3792 dedit;
991 3727 1082 3780 sed
1124 3726 1219 3778 bos
1251 3726 1350 3779 illis
1379 3725 1750 3791 commiscuit,
1782 3739 1892 3779 rem
1921 3726 2134 3779 utilissi-

561 3833 699 3870 mam
729 3825 994 3884 operatus.
1029 3815 1158 3868 Nam
1186 3816 1306 3870 boni
1339 3817 1668 3884 probatiores
1695 3825 1982 3884 apparent,
2012 3816 2137 3870 dum

562 3908 614 3961 in
663 3909 834 3960 medio
877 3908 1146 3960 hominum
1171 3949 1186 3972 ,
1216 3907 1302 3974 qui
1331 3922 1423 3960 eos
1451 3924 1480 3960 a
1514 3915 1657 3959 recta
1687 3907 1896 3960 vivendi
1938 3908 2139 3961 ratione

561 4008 782 4052 avocant
825 4009 878 4051 et
913 3997 978 4050 ad
1019 3997 1212 4050 malum
1255 3995 1504 4056 trahunt,
1535 4007 1848 4060 versantur,
1880 4004 1934 4049 et
1963 4005 2136 4050 tamen

562 4091 806 4142 virtutem
837 4097 1124 4142 sectantur.
1155 4085 1362 4154 Oportet
1387 4087 1550 4150 enim,
1582 4087 1772 4154 inquit,
1801 4087 2010 4140 luereses
2035 4103 2140 4140 esse

562 4183 614 4233 in
653 4182 816 4242 vobis,
848 4190 901 4231 ut
940 4180 1024 4248 qui
1063 4178 1255 4248 probati
1297 4187 1452 4242 sunt,
1493 4177 1745 4246 manifesti
1778 4178 1902 4246 [iant
1928 4180 1979 4230 in
2006 4179 2139 4232 vobis

563 4271 640 4338 (ι.
664 4267 780 4322 Cor.
815 4271 900 4322 ll.
943 4269 1054 4336 I9).

635 4359 735 4412 Cur
772 4359 884 4410 boui
915 4375 1029 4410 cum
1063 4358 1209 4410 uirilis
1251 4357 1504 4425 permixti.
1533 4387 1606 4397 -——
1633 4355 1758 4410 Ideo
1787 4355 1943 4425 igitur
1974 4359 2139 4413 malos

565 4453 615 4505 in
649 4450 824 4504 medio
853 4451 1098 4517 reliquit,
1127 4459 1182 4502 nt
1211 4450 1334 4502 boni
1373 4450 1538 4518 magis
1565 4449 1922 4517 splenderent.
1959 4450 2140 4502 \‘itlen‘

560 4553 818 4613 quantum
846 4541 1092 4594 lucrum?
1118 4542 1219 4595 Sed
1250 4557 1353 4594 non
1381 4541 1448 4593 ab
1485 4541 1740 4608 improbis
1777 4541 1976 4594 lucrum
1999 4583 2012 4599 ,
2045 4541 2137 4594 sed

561 4655 592 4692 a
629 4635 922 4690 constantia
953 4635 1231 4688 bonorum.
1275 4633 1472 4687 Idcirco
1507 4633 1618 4686 Noe
1657 4634 1999 4696 admiramur,
2033 4651 2136 4686 non

535 4717 699 4799 fquod
733 4727 906 4796 justus
950 4741 1012 4779 ac
1057 4725 1322 4794 perfectus
1361 4733 1504 4777 esset
1531 4734 1730 4776 tantum
1751 4765 1766 4788 ,
1797 4723 1887 4776 sed
1919 4725 2056 4792 quod
2087 4725 2137 4776 in

561 4820 903 4887 generatione
926 4816 1008 4870 illa
1035 4831 1190 4884 prava
1214 4825 1370 4882 atque
1397 4829 1642 4884 perversa
1667 4815 1910 4867 virtutem
1934 4828 2140 4866 servas-

561 4921 680 4974 set,
722 4923 842 4962 cum
887 4907 1087 4960 nullum
1136 4905 1340 4957 virtutis
1378 4905 1678 4973 exemplum
1726 4905 1980 4968 haberet,
2015 4919 2135 4955 cum

533 4993 748 5055 ‘omnes
777 5016 896 5053 eum
933 4999 996 5051 ad
1039 4999 1287 5052 malitiam
1323 5005 1607 5050 evocarent
1637 5012 1650 5047 :
1681 5005 1732 5047 at
1771 4997 1894 5061 ipsis
1924 5007 2134 5050 contra-

565 5094 693 5146 riam
723 5094 861 5145 viam
895 5092 1137 5154 tenebat,
1169 5090 1310 5144 velut
1340 5090 1384 5142 si
1415 5089 1584 5141 viator
1617 5088 1872 5156 qniSpiam
1895 5131 1907 5148 ,
1950 5103 2134 5157 magna

566 5185 895 5237 multitudine
920 5184 1104 5236 eodem
1134 5181 1321 5235 itinere
1343 5195 1462 5232 cum
1489 5179 1686 5246 impetu
1713 5187 1982 5247 pergente,
2011 5194 2139 5230 eon-

568 5279 782 5328 trarium
806 5285 986 5343 carpat
1015 5277 1132 5328 iter.
1159 5275 1491 5342 Quapropter
1517 5287 1618 5324 non
1650 5272 1960 5340 simpliciter
1985 5270 2134 5330 dixit,

570 5364 682 5418 Noe
698 5367 864 5433 justus
887 5375 930 5416 et
957 5370 1197 5436 perfectus
1215 5406 1229 5428 ,
1260 5363 1350 5417 sed
1380 5362 1604 5430 adjecit,
1626 5363 1678 5414 in
1707 5361 2021 5431 generatione
2045 5376 2138 5410 sua

566 5455 716 5524 (Gen.
741 5455 793 5510 6.
817 5455 897 5520 9),
921 5470 1168 5522 perversa
1197 5455 1398 5508 scilicet
1423 5463 1476 5508 et
1497 5451 1794 5521 desperata,
1823 5451 1908 5503 ubi
1939 5451 2136 5502 nullum

567 5547 773 5600 virtutis
792 5545 1166 5598 commercium
1188 5555 1318 5597 erat.
1338 5545 1520 5612 Itaque
1543 5544 1608 5598 ab
1634 5541 1884 5610 improbis
1913 5539 1962 5592 id
1988 5539 2139 5592 bonis

563 5634 694 5692 lucri
741 5633 1069 5690 accedebat:
1111 5634 1187 5687 sic
1221 5643 1273 5688 et
1319 5635 1533 5688 arbores
1574 5649 1602 5685 a
1650 5631 1928 5686 contrariis
1967 5630 2135 5684 ventis

1305 235 1364 290 S.
1403 235 1681 293 JO.\NNIS
1704 234 2181 290 CIIRYSOSTOMl
2225 239 2537 296 AlllilllEI‘.
2579 243 3112 305 CONSTANTINOP.
3646 261 3716 319 illi

2279 349 2486 418 agitata:
2515 349 2840 408 robustiores
2863 353 3012 408 fiunt.
3039 356 3136 410 Est
3157 359 3304 415 etiam
3333 363 3544 434 improbis
3563 385 3585 424 a
3607 372 3718 428 bono-

2274 455 2389 492 rum
2412 442 2679 494 consortio
2705 442 2904 497 lucrum
2929 463 2943 498 :
2973 452 3374 508 verecundantur
3393 472 3562 528 nempe,
3583 465 3716 530 pudore

2273 531 2576 586 afficiuntur
2604 543 2657 586 et
2695 538 3017 592 erubescunt
3057 540 3126 594 ab
3162 544 3265 607 eis;
3292 549 3473 603 etiamsi
3496 567 3596 608 vero
3616 573 3637 609 a
3657 569 3715 613 ne.

2273 621 2433 686 quitia
2464 638 2568 675 non
2599 623 2854 678 absistant
2874 665 2888 690 ,
2917 637 3143 684 attamen
3177 633 3384 690 latenter
3416 641 3555 694 solum
3589 647 3718 704 audent

2271 709 2504 764 facinora
2537 723 2859 782 perpetrare.
2889 716 2996 772 Nec
3037 736 3214 788 parum
3245 736 3318 778 est
3347 727 3590 797 iniquitatis
3611 738 3718 790 auda-

2271 801 2417 892 ciam,
2454 803 2562 854 tolli
2603 821 2615 856 :
2655 805 2876 858 aliorum
2923 809 3116 878 quippe
3157 814 3255 866 vita
3298 815 3480 872 illorum
3517 827 3717 892 nequitiam

2270 890 2599 944 criminatur.
2635 893 2770 947 Audi
2810 895 2966 964 igitur
2991 899 3113 968 quid
3143 901 3335 956 dicatur
3360 905 3418 960 de
3439 907 3558 975 justo
3617 913 3721 968 Ilolc-

2269 991 2376 1076 stus
2403 993 2476 1076 est
2505 983 2644 1037 nobis
2671 987 2746 1039 vel
2770 988 2891 1040 dum
2918 987 3216 1060 conspicitur
3243 995 3387 1067 (Sap.
3411 999 3458 1053 ἓ.
3487 1001 3577 1074 15).
3602 1006 3721 1076 Neque

2271 1071 2320 1125 id
2351 1073 2623 1128 minimum
2652 1086 2733 1130 est
2757 1079 3142 1136 emendationis
3165 1083 3379 1152 initium,
3404 1105 3508 1145 cum
3531 1071 3618 1162 ejus
3635 1071 3722 1163 pre

2267 1169 2436 1219 sentia
2468 1175 2780 1236 torquentur
2809 1189 2822 1223 :
2856 1171 2954 1226 nisi
2982 1176 3122 1228 enim
3149 1177 3224 1230 eis
3251 1178 3480 1236 molestus
3503 1197 3612 1239 esset
3630 1189 3722 1242 illius

2267 1267 2613 1326 conspectus,
2647 1277 2748 1314 non
2791 1263 2860 1316 ita
2897 1264 3252 1335 loquerentur.
3277 1271 3378 1326 Nec
3403 1271 3619 1331 modicum
3639 1273 3722 1334 illud

2266 1347 2699 1416 impedimentum
2744 1361 2863 1416 est,
2911 1371 3016 1424 quo
3065 1359 3238 1414 minus
3283 1363 3460 1416 malitia
3499 1381 3574 1418 sua
3612 1367 3724 1423 liberti

2266 1450 2497 1494 utantur.
2526 1443 2706 1496 Vidisti
2737 1457 2987 1513 quantum
3013 1449 3216 1504 lucrum
3245 1453 3386 1507 bonis
3412 1470 3492 1524 per
3517 1457 3721 1526 improbos,

2266 1529 2517 1599 improbis
2554 1549 2646 1600 per
2685 1533 2850 1588 bonos
2879 1539 3127 1592 accedat?
3160 1540 3276 1595 ideo
3308 1559 3406 1597 non
3439 1549 3648 1614 separavit
3665 1563 3724 1602 eos

2264 1619 2420 1682 Deus,
2448 1621 2538 1674 sed
2569 1625 2885 1678 commixtos
2911 1627 3141 1696 reliquit.

2331 1707 2384 1765 9.
2428 1711 2527 1766 Cur
2559 1715 2788 1770 diabolus
2825 1718 3154 1788 relinquatur.
3181 1751 3253 1761 —
3288 1722 3419 1778 Idem
3460 1725 3602 1796 itaque
3625 1729 3725 1781 nobis

2262 1803 2419 1857 etiam
2450 1805 2514 1860 de
2540 1805 2748 1860 diabolo
2775 1809 2842 1862 sit
2875 1819 3068 1865 sermo.
3103 1811 3226 1867 Ideo
3255 1817 3386 1869 enim
3419 1815 3543 1871 illum
3568 1819 3725 1874 hicessi

2259 1897 2399 1960 sivit,
2424 1906 2478 1950 ut
2501 1906 2549 1952 te
2571 1897 2840 1954 fortiorem
2863 1903 3126 1970 redderet,
3159 1913 3214 1960 ut
3235 1907 3592 1976 splendidiorem
3609 1912 3724 1964 athle-

2261 1993 2366 2039 tam
2397 1987 2611 2053 faceret,
2637 2000 2690 2042 ut
2713 1989 2908 2060 majora
2933 1993 3105 2048 forent
3124 2000 3421 2052 certamina.
3445 2000 3490 2054 Si
3514 2003 3604 2070 quis
3623 1999 3726 2070 igitur

2259 2073 2419 2142 dicat,
2443 2079 2547 2132 Cur
2571 2079 2835 2134 diabolum
2863 2084 3074 2153 reliquit
3102 2087 3278 2140 Deus?
3309 2085 3414 2143 lucc
3441 2091 3503 2143 illi
3524 2091 3724 2159 responde.

2259 2167 2388 2232 Quia
2422 2168 2484 2222 iis
2511 2171 2596 2238 qui
2626 2171 2852 2240 vigilant.
2865 2183 2916 2226 et
2945 2175 3043 2228 sibi
3071 2177 3364 2243 attendunt,
3389 2195 3479 2232 non
3503 2182 3626 2233 modo
3640 2179 3724 2233 nihil

2258 2267 2448 2321 nocet,
2487 2263 2576 2311 sed
2619 2261 2775 2312 etiam
2823 2262 2962 2316 utilis
3001 2271 3118 2327 est,
3155 2272 3260 2319 no'n
3288 2269 3486 2322 arbitrio
3506 2255 3725 2338 suo,quotl

2257 2349 2452 2414 nullum
2480 2361 2559 2403 est
2580 2392 2592 2410 .
2621 2352 2712 2404 sed
2755 2353 2963 2407 illorum
3006 2356 3336 2422 fortitudine,
3366 2361 3446 2430 qui
3472 2361 3565 2428 ejus
3593 2361 3726 2414 malitia

2258 2443 2312 2493 u't
2341 2457 2434 2508 par
2460 2452 2540 2496 est
2569 2451 2800 2498 utuntur.
2839 2447 3104 2516 Siquidem
3149 2459 3202 2503 et
3241 2466 3354 2506 cum
3391 2451 3508 2506 Jobo
3535 2450 3726 2512 conﬂixit.

2257 2549 2361 2584 non
2392 2544 2448 2586 ut
2473 2535 2614 2588 illum
2643 2538 2918 2592 clariorem
2946 2541 3217 2604 redderet,
3243 2544 3331 2596 sed
3356 2553 3406 2596 ut
3424 2543 3723 2611 supplantaretz'

2257 2622 2480 2691 ideoque
2511 2627 2676 2678 malus
2705 2638 2814 2692 est,
2847 2628 2985 2696 quod
3015 2631 3102 2684 tali
3147 2631 3216 2685 sit
3259 2635 3506 2706 proposito
3527 2647 3576 2686 ac
3596 2630 3727 2684 voluti-

2257 2722 2398 2780 tate;
2435 2725 2664 2768 attamen
2713 2719 2839 2771 nihil
2877 2721 3074 2786 justum
3107 2723 3242 2776 laesit
3265 2766 3279 2788 ,
3311 2725 3398 2778 sed
3427 2726 3500 2777 hic
3525 2725 3654 2792 potius
3672 2723 3727 2774 1η-

2253 2819 2400 2858 crum
2442 2823 2505 2859 ex
2538 2809 2626 2860 ta‘li
2671 2824 2836 2878 pugna
2879 2814 3202 2880 reportavit,
3233 2824 3291 2867 ut
3317 2815 3418 2884 jam
3444 2809 3727 2868 ostendimusi

2253 2899 2412 2966 atque
2457 2899 2662 2952 dazmon
2715 2901 3038 2970 nequitiam,
3081 2903 3261 2971 justus
3305 2917 3424 2959 vero
3461 2903 3728 2959 fortitudinem

2253 2988 2510 3042 exhibuit.
2546 2991 2613 3043 At
2651 2995 2842 3048 multos
2871 2995 3213 3062 supplantat,
3245 2997 3437 3067 inquies
3461 3013 3474 3052 :
3498 2995 3556 3050 ob
3573 2995 3729 3048 .illornui

2251 3079 2454 3134 scilicet
2497 3080 2888 3148 infirmitatem,
2933 3097 3038 3137 non
3083 3095 3264 3141 autem
3304 3087 3480 3140 virtute
3509 3100 3609 3148 sua,
3637 3076 3730 3151 quod

2248 3167 2356 3236 jam
2389 3169 2623 3236 pluribus
2649 3171 3064 3227 demonstratum
3094 3187 3204 3231 est.
3235 3175 3396 3230 Tuum
3424 3190 3533 3244 ergo
3553 3183 3664 3228 recte
3677 3171 3731 3223 dio

2251 3261 2363 3328 rige
2405 3263 2672 3326 aninmm,
2713 3272 2767 3316 ct
2803 3279 3084 3334 numquam
3133 3268 3202 3322 ab
3239 3268 3408 3337 aliquo
3447 3266 3730 3320 detrimentum

2249 3353 2496 3422 accipies.
2527 3354 2632 3406 imo
2659 3357 2885 3409 maxima
2913 3358 3231 3422 lucraberis,
3259 3375 3358 3412 non
3385 3374 3411 3411 a
3435 3357 3587 3427 probis
3606 3353 3729 3415 modo.

2249 3447 2340 3496 sed
2365 3445 2521 3498 etiam
2545 3443 2610 3498 ah
2633 3446 2902 3514 improbis.
2933 3445 3054 3500 Ideo
3077 3449 3248 3514 enim,
3279 3461 3333 3503 ut
3355 3459 3495 3503 antea
3514 3447 3618 3508 dixi,
3635 3455 3734 3498 cont-

2251 3535 2445 3588 mixtos
2487 3537 2691 3605 reliquit
2739 3530 2877 3590 Deus
2924 3537 3211 3606 homines,
3248 3541 3463 3594 maxime
3497 3540 3632 3592 bonos
3651 3543 3732 3586 cunt

2251 3625 2433 3686 malis,
2465 3636 2520 3678 ut
2551 3627 2648 3680 hos
2685 3627 2750 3680 ad
2788 3643 2935 3680 suam
2979 3633 3250 3698 propriam
3281 3632 3514 3686 reducant
3539 3631 3733 3682 virtutem;

2249 3715 2384 3770 Audi
2414 3718 2537 3786 quid
2568 3718 2837 3786 disclpulis
2864 3720 3002 3774 dicat
3029 3721 3277 3776 Christus
3307 3743 3320 3778 :
3347 3723 3509 3777 Simile
3529 3725 3670 3792 factum
3687 3711 3736 3766 nl

2249 3825 2454 3878 regnum
2477 3811 2712 3862 (telorum
2735 3811 2949 3876 mulieri,
2977 3828 3090 3878 qua:
3111 3825 3367 3882 acceptum
3395 3806 3736 3884 fornicatuittabsé

2217 3907 2222 3910 ’
2249 3901 2418 3952 condit
2455 3901 2508 3952 in
2551 3901 2730 3967 farina'
2770 3903 2892 3954 satis
2931 3904 3088 3955 tribus
3119 3903 3348 3976 (Matth.
3379 3905 3456 3958 l5.
3484 3899 3736 3968 35).Ιι²(1¹¹⁸

2245 3989 2370 4056 justi
2407 3990 2510 4042 vim
2555 3989 2796 4044 fermenti
2841 3992 3073 4057 habent,
3109 4005 3165 4047 ut
3195 3995 3260 4048 ad
3289 4011 3430 4048 suam
3465 3991 3736 4048 conditionem

2251 4079 2520 4147 improbos
2561 4081 2895 4136 transferant.
2939 4081 3042 4136 Sed
3089 4087 3242 4153 pauci
3281 4091 3400 4138 sunt
3429 4083 3569 4152 justi,
3594 4079 3738 4148 quiael

2249 4165 2564 4223 fermentum
2597 4183 2814 4238 parvum
2846 4182 2964 4237 est;
2995 4189 3184 4227 verum
3225 4174 3310 4228 illa
3342 4175 3552 4244 paucitas
3572 4177 3736 4224 massam

2249 4277 2352 4314 tum
2395 4262 2572 4325 laedit,
2611 4263 2700 4316 sed
2745 4273 2904 4316 totum
2953 4264 3174 4318 farinam
3219 4285 3315 4336 pro
3357 4269 3497 4321 insita
3531 4259 3738 4317 virtutcitl

2247 4368 2397 4406 suam
2447 4354 2696 4406 transfert
2737 4355 3118 4409 conditionem.
3176 4357 3268 4412 Sic
3309 4357 3550 4426 justorum
3588 4347 3740 4420 quoqtté

2249 4445 2414 4496 virtus
2455 4459 2558 4497 non
2599 4444 2649 4497 in
2679 4459 2899 4498 numero
2923 4446 3020 4498 sita
3053 4457 3134 4500 est
3158 4488 3174 4511 ,
3205 4449 3298 4502 sed
3327 4449 3376 4501 in
3401 4446 3548 4516 gratia
3575 4439 3740 4510 Spiritus

2249 4533 2411 4586 robur
2437 4545 2600 4586 totum
2632 4535 2808 4588 habet.
2841 4535 3122 4588 Duodecim
3157 4545 3310 4591 erant
3361 4535 3558 4605 apostoli
3584 4550 3594 4585 :
3619 4523 3740 4581 vidctt'

2247 4642 2404 4693 quam
2439 4627 2700 4680 modicum
2732 4627 2800 4679 sit
2831 4627 3193 4681 fermentum?
3225 4639 3365 4682 totus
3389 4629 3520 4681 orbis
3545 4627 3586 4678 in
3609 4619 3740 4676 inlide-

2247 4717 2393 4770 Iitate
2423 4715 2730 4770 versabatur
2760 4733 2772 4770 :
2805 4717 2974 4770 viden‘
3003 4729 3200 4787 quanta
3233 4719 3439 4773 massa?
3465 4716 3544 4770 sed
3572 4713 3630 4766 illi
3649 4711 3742 4762 duit—

2247 4806 2418 4858 dccim
2447 4815 2610 4858 totum
2643 4807 2826 4860 orbem
2859 4807 2921 4859 ad
2959 4823 3016 4861 se
3044 4819 3438 4862 cottverternnt.
3477 4806 3739 4860 Fennorum"

2247 4907 2298 4949 et
2325 4911 2493 4949 massa
2523 4897 2760 4964 ejusdem
2787 4907 2908 4950 sunt
2934 4907 3158 4962 natural,
3189 4899 3282 4952 sed
3313 4913 3412 4950 non
3437 4893 3634 4964 ejusdem
3651 4899 3740 4953 qua-

2249 4991 2407 5040 litatis
2439 5006 2451 5041 :
2483 4989 2823 5058 quamobrem
2856 4990 2992 5042 inter
3017 4989 3192 5056 justus
3225 4992 3425 5058 reliquit
3454 4983 3734 5054 improbos,n:
3761 5011 3768 5030 .-

2248 5079 2690 5146 tptematlmodntn
2725 5079 2774 5131 Iti
2815 5080 3047 5146 ejusdem
3092 5089 3296 5134 natura:
3331 5090 3446 5133 sunt
3469 5063 3737 5144 atquerSll.

2247 5173 2322 5225 sic
2353 5171 2585 5240 ejusdem
2619 5172 2870 5239 propositi
2905 5171 3107 5226 fierent.

2321 5263 2486 5316 Ηοηοο
2516 5265 2651 5316 solus
2675 5275 2848 5316 auctor
2872 5265 3078 5328 peccati.
3105 5293 3179 5302 --
3211 5263 3333 5316 ηερε
3365 5255 3590 5314 memoria
3611 5257 3744 5304 tene?

2248 5355 2332 5412 tis.
2369 5354 2450 5407 his
2478 5369 2537 5406 os
2567 5357 2806 5408 obturate
2837 5355 3036 5422 ignavis
3077 5353 3206 5419 illis,
3239 5353 3515 5416 dissolutis,
3545 5335 3745 5412 segniori-

2250 5445 2346 5498 bus
2369 5488 2381 5504 .
2415 5446 2500 5514 qui
2547 5447 2753 5499 virtutis
2799 5446 3002 5499 labores
3043 5445 3342 5515 refugiunt,
3370 5441 3456 5511 qui
3479 5433 3746 5518 communem

2249 5547 2485 5589 nostrum
2518 5538 2796 5589 [lotninnm
2831 5537 3088 5589 incusant.
3133 5533 3381 5598 Peccasti,
3413 5530 3577 5599 inquit,
3601 5519 3748 5588 φαίητε

2251 5626 2401 5694 (Gen.
2432 5629 2482 5684 4.
2515 5629 2568 5697 7)
2603 5645 2614 5680 :
2649 5643 2714 5682 ne
2740 5627 2954 5696 adjicias
2979 5627 3119 5680 aliud
3149 5627 3358 5696 gravius
3383 5629 3621 5692 peccatum
3643 5605 3748 5680 (Ef’
