4036 6206
265 316 374 374 9.65

262 429 556 492 κάκείνους
602 429 632 481 6
663 427 906 489 6766010;
940 427 1226 497 ὴπάτησε;
1265 426 1381 490 πῶς
1413 423 1506 482 οὖν
1554 428 1697 499 ὑμᾶς
1747 427 1847 479 οὑκ

271 514 597 587 ἠπάτησενς
628 514 692 565 Οἰ
720 512 875 566 αὑτοὶ
909 510 1186 581 ἄνθρωποι
1218 512 1377 581 ὑμεῖς
1408 512 1671 577 κάκεῖνοι,
1711 509 1854 563 κατὰ

262 598 368 669 τὴν
409 595 572 666 φύσιν
611 594 790 663 λέγω·
819 594 920 664 τὴν
953 593 1124 665 αὑτὴν
1156 592 1308 664 ἔχετε
1337 593 1517 665 ψυχὴν
1559 594 1717 664 ὑμεῖς
1753 593 1855 645 x6-

266 682 471 743 κεῖνοι,
515 677 618 741 τὰς
649 676 819 739 αὑτάς
866 675 1019 747 ἔχετε
1074 676 1367 746 ἐπιθυμίας
1414 675 1511 739 τὰς
1563 676 1715 746 παρὰ
1755 674 1855 745 τῆς

266 762 516 832 φύσεως·
547 761 664 824 πῶς
691 756 784 814 οὖν
819 760 921 815 οὑκ
946 762 1004 815 ἑν
1034 761 1147 824 τοῖς
1174 761 1359 824 αὑτοῖς
1385 760 1545 830 ὑμεῖς
1575 760 1853 823 κάκείνοις

281 844 504 915 Ἐπειδὴ
532 846 589 899 αἰ
622 844 969 914 προαιρέσεις
1017 844 1116 912 οὑχ
1165 844 1219 895 αἱ
1267 843 1429 896 αὑταὶ
1454 842 1480 871 ⁸
1512 843 1641 912 ὑμῖν
1672 841 1858 895 κάκεί-

267 946 411 994 νοις·
442 929 532 983 διὰ
572 928 729 981 τοῦτο
772 930 969 983 ἐκεῖνοι
1003 926 1103 998 μὲν
1138 928 1195 980 ἐν
1230 927 1438 997 ἀπάτῃ,
1471 926 1627 996 ὑμεῖς
1667 925 1723 978 δὲ
1762 926 1858 977 ἑκ-

266 1014 362 1075 τὸς
395 1013 492 1083 τῆς
519 1010 752 1080 ἀπάτης.
782 1010 857 1063 06
888 1010 1051 1063 πάλιν
1089 1009 1180 1062 τὸν
1214 1008 1459 1062 διάϐολον
1502 1007 1857 1062 ἀπαλλάττων

268 1095 635 1165 ἐγκλημάτων
675 1092 850 1147 ταῦτα
896 1093 1063 1162 λέγω,
1115 1093 1234 1147 ἀλλ’
1261 1093 1405 1163 ὑμᾶς
1447 1092 1857 1163 ἁμαρτημάτων

269 1178 639 1248 ἐλευθερῶσαι
689 1176 1027 1241 σπουδάζων.
1079 1175 1322 1247 Πονηρὸς
1365 1178 1394 1228 ὁ
1420 1174 1685 1239 διάὗολος,
1728 1175 1858 1244 ὀμο-

268 1260 420 1329 λογῶ
447 1260 620 1329 κάγὼ,
670 1260 787 1314 ἀλλ’
828 1260 1007 1330 ἑαυτῷ
1042 1262 1296 1331 πονηρὸς,
1338 1260 1436 1329 οὑχ
1469 1261 1621 1330 ήμῖν,
1656 1259 1722 1312 ἂν
1764 1260 1860 1330 νή·-

271 1360 497 1414 φωμεν·
528 1342 748 1414 τοιαύτη
781 1343 893 1415 γάρ
936 1343 1037 1413 τῆς
1075 1343 1273 1405 κακίας
1307 1344 1339 1413 ή
1383 1342 1574 1411 φύσις·
1621 1345 1729 1406 τοῖς
1764 1360 1858 1395 κε-

271 1426 567 1498 κτημένοις
593 1428 741 1480 ἐστὶν
780 1425 1001 1498 ὀλεθρία
1047 1426 1248 1496 μόνοις,
1278 1426 1311 1495 ή
1345 1424 1403 1478 δὲ
1431 1425 1601 1497 ἀρετὴ
1641 1427 1862 1479 τούναν-

272 1510 420 1563 τίον·
447 1509 568 1579 οὑχῖ
597 1508 725 1569 τοὺς
770 1507 1144 1579 κεκτημένους
1201 1508 1383 1577 μόνον,
1429 1507 1563 1560 ἀλλὰ
1596 1508 1690 1560 καὶ
1734 1507 1861 1570 τοὺς

273 1593 506 1664 πλησίον
542 1592 772 1663 ὠφελεῖν
809 1592 1050 1645 δύναται.
1094 1592 1205 1644 K61
1239 1592 1326 1644 ἵνα
1357 1589 1557 1663 μάθῃς.
1587 1591 1723 1645 ὅτιὸ
1764 1592 1861 1661 μὲν

275 1677 451 1740 κακὸς
471 1675 649 1746 ἑαυτῷ
674 1674 864 1738 κακὸς,
896 1676 924 1727 6
946 1674 1003 1727 δὲ
1029 1673 1252 1742 ἀγαθὸς,
1281 1674 1376 1725 καὶ
1400 1674 1607 1744 ἑτέροις
1636 1673 1859 1741 ἀγαθὸς,

279 1758 595 1831 μαρτυρίαν
623 1774 706 1812 σοι
734 1758 963 1829 παρέχω
989 1755 1359 1827 παροιμιώδη.
1394 1755 1634 1819 Τέκνον,
1672 1756 1857 1827 φησὶν,

273 1844 390 1897 ἐὰν
421 1842 607 1907 κακὸς
637 1841 812 1912 γένῃ,
848 1842 1038 1911 μόνος
1069 1840 1397 1905 ἀντλήσεις
1424 1838 1497 1892 τὰ
1540 1838 1724 1893 κακά·
1756 1837 1865 1893 ἐὰν

277 1927 350 1981 δὲ
376 1927 591 1997 σοφὸς,
618 1925 812 1992 ἐαυτῷ
838 1926 935 1979 καί
966 1924 1047 1991 τῷ
1080 1924 1369 1990 πλησίον.

368 2009 757 2080 Ἦπατήθησαν
804 2010 861 2061 ἑν
917 2010 1032 2071 τοῖς
1088 2006 1371 2079 θεάτροις,
1420 2006 1532 2061 ἀλλ’
1560 2006 1716 2077 ὑμεῖς
1764 2007 1865 2059 οὑκ

278 2094 624 2165 ἠπατήθητε.
677 2093 926 2163 Μεγίστη
975 2090 1115 2161 αὕτη
1164 2091 1508 2162 πραγμάτιον
1557 2090 1863 2156 ἀπόδειξις,

280 2178 506 2248 ἔλεγχος
546 2177 723 2247 σαφὴς
761 2176 857 2229 καὶ
894 2175 1154 2245 λογισμὸς
1185 2174 1335 2253 [268]
1386 2175 1868 2246 ἀναμφισϐήτητος

279 2262 378 2315 τοῦ
411 2258 687 2330 πανταχοῦ
715 2260 814 2331 τὴν
863 2259 1183 2331 προαίρεσιν
1236 2255 1375 2313 εἶναι
1417 2260 1633 2331 κυρίαν.
1679 2260 1866 2328 Τούτῳ

279 2345 351 2416 δή
389 2346 481 2398 καὶ
528 2344 691 2408 αὑτὸς
742 2342 983 2415 κέχρησο
1014 2343 1092 2414 τῷ
1136 2344 1324 2414 τρόπῳ
1357 2345 1454 2415 τῆς
1502 2343 1864 2408 ἀποδείξεως·

284 2429 392 2483 κᾶν
444 2429 558 2500 ῐδῃς
602 2427 887 2498 ἄνθρωπον
934 2429 992 2481 ἑν
1038 2428 1272 2499 πονηρίᾳ
1316 2428 1493 2493 ζῶντα
1539 2428 1633 2481 καὶ
1688 2429 1868 2480 πᾶσαν

282 2512 488 2566 κακίαν
532 2511 999 2581 ἐπιδεικνύμενον,
1048 2507 1168 2564 εἶτα
1224 2510 1550 2581 αἰτιώμενον
1594 2509 1688 2562 τοῦ
1733 2509 1867 2562 Θεοῦ

282 2596 389 2666 τὴν
435 2594 690 2665 πρόνοιαν
738 2595 832 2646 καὶ
884 2592 1134 2662 λέγοντα,
1185 2593 1268 2646 ὅτι
1319 2594 1488 2664 τύχης
1536 2594 1629 2646 καῖ
1678 2592 1871 2663 εἱμαρ-

290 2679 462 2750 μένης
491 2678 703 2749 ἀνάγκῃ
738 2678 834 2732 καὶ
872 2678 1143 2746 δαιμόνων
1168 2678 1442 2749 τυραννίδι
1469 2676 1566 2748 τὴν
1598 2678 1871 2748 ἡμετέραν

289 2760 525 2827 ἐξέδωκε
559 2760 741 2829 φύσιν,
770 2761 864 2814 καὶ
904 2760 1167 2815 πάντοθεν
1209 2761 1307 2831 τὴν
1341 2760 1518 2814 αἰτίαν
1550 2760 1642 2829 ἀφ’
1678 2758 1870 2813 ἑαυτοῦ

290 2846 396 2915 μὲν
429 2843 735 2912 ἀπάγοντα,
764 2844 856 2896 ἑπὶ
885 2843 941 2897 δὲ
968 2843 1059 2896 τὸν
1093 2843 1424 2916 δημιουργὸν
1454 2844 1549 2897 καὶ
1592 2842 1743 2897 τοῦδε
1776 2841 1870 2895 τοῦ

286 2926 495 2990 παντὸς
525 2925 858 2998 προνοοῦντα
906 2926 1315 2997 μεταφέροντα,
1357 2925 1671 2998 ἀπόφραξον
1709 2924 1872 2978 αὑτοῦ

284 3014 353 3064 τὸ
387 3011 583 3080 στόμα,
626 3009 701 3081 μὴ
750 3008 912 3080 λόγῳ,
940 3008 1054 3061 ἀλλ’
1082 3010 1250 3080 ἔργῳ,
1284 3009 1557 3074 ἐπιδείξας
1594 3007 1876 3061 σύνδουλον

284 3093 482 3163 ετερον
510 3096 568 3146 ἑν
607 3094 775 3164 ἀρετῇ
814 3093 909 3146 x61
950 3092 1224 3161 ἐπιεικείᾳ
1263 3090 1461 3157 ζῶντα.
1492 3091 1567 3145 Οὑ
1601 3092 1757 3162 χρεία
1786 3091 1875 3144 λό-

286 3193 409 3245 γων
460 3176 706 3247 μακρῶν,
749 3175 809 3228 06
849 3176 1009 3245 χρεία
1054 3174 1403 3243 κατασκευῆς
1451 3174 1877 3245 συμπεπλεγμέ-

291 3275 419 3330 νης,
464 3258 586 3311 οὑδὲ
617 3257 994 3327 συλλογισμῶν
1015 3273 1028 3287 ·
1058 3257 1147 3310 διὰ
1188 3256 1295 3309 τῶν
1324 3256 1501 3328 ἑργων
1535 3258 1569 3327 ή
1606 3255 1877 3321 ἀπόδειξις

290 3343 540 3410 γίνεται·
572 3342 693 3395 εἰπὲ
727 3341 863 3412 πρὸς
896 3341 1057 3393 αὑτόν
1080 3357 1094 3370 ·
1131 3340 1241 3393 K61
1277 3340 1341 3393 σὺ
1378 3338 1587 3401 δοῦλος,
1626 3340 1879 3402 κάκεῖνος

289 3425 518 3489 δοῦλος·
557 3427 653 3478 καὶ
684 3425 750 3478 σὺ
791 3424 1099 3496 ἅνθρωπος,
1148 3425 1399 3487 κάκεῖνος
1431 3422 1748 3494 ἄνθρωπος·
1788 3423 1879 3475 τὸν

288 3509 463 3564 αὑτὸν
491 3507 697 3579 κόσμον
745 3509 954 3573 οἰκεῖς,
1004 3507 1111 3561 ὑπὸ
1160 3506 1253 3559 τὸν
1305 3504 1467 3559 αὑτὸν
1517 3506 1747 3575 οὐρανὸν
1778 3504 1879 3568 τὰς

291 3590 471 3655 αὑτὰς
511 3592 683 3663 τρέφῃ
713 3590 946 3661 τροφάς·
981 3590 1101 3653 πῶς
1129 3590 1193 3642 σὺ
1238 3589 1336 3660 μὲν
1363 3590 1421 3642 ἑν
1455 3588 1709 3658 πονηρίᾳ,
1741 3588 1881 3639 ἐκεῖ-

292 3692 389 3739 νος
418 3675 476 3728 δὲ
504 3676 563 3727 ἑν
592 3676 800 3746 ἀρετῇ;
835 3674 937 3728 Διά
974 3674 1133 3727 τοῦτο
1161 3674 1254 3727 καὶ
1287 3674 1315 3725 6
1348 3670 1480 3734 Θεὸς
1525 3670 1707 3740 ἀφῆκε
1753 3670 1880 3732 τοὺς

295 3759 573 3830 πονηροὺς
602 3761 715 3823 τοῖς
743 3758 969 3826 ἀγαθοῖς
1017 3755 1414 3828 ἀναμεμίχθαι,
1447 3755 1542 3807 καὶ
1570 3754 1672 3807 οὑκ
1713 3753 1880 3823 ἀλλην

298 3843 404 3913 μὲν
448 3843 563 3904 τοῖς
610 3844 864 3913 πονηροῖς
906 3840 1072 3894 ἔδωκε
1119 3843 1243 3911 γῆν,
1293 3839 1373 3901 είς
1425 3839 1619 3910 ἑτέραν
1650 3836 1707 3889 δὲ
1755 3839 1881 3898 τοὺς

295 3926 543 3995 άγαθοὺς
567 3925 894 3995 οἰκουμένην
918 3922 1219 3994 ἀπῴκισεν,
1247 3921 1381 3975 ἀλλά
1405 3920 1629 3991 ἀνέμιξε
1659 3918 1880 3983 τούτους

296 4009 570 4072 ἐκείνοις,
618 4008 753 4062 πολὺ
789 4008 852 4061 τὸ
902 4009 1171 4077 χρήσιμον
1217 4004 1605 4076 ἐργαζόμενος.
1662 4005 1725 4055 Ut
1773 4003 1882 4073 γὰρ

296 4092 503 4162 ἀγαθοὶ⁸
532 4091 886 4162 δοκιμώτεροι
916 4090 1214 4158 φαίνονται,
1243 4090 1301 4140 ἐν
1333 4087 1484 4158 μέσῳ
1510 4086 1616 4140 τῶν
1644 4082 1884 4139 κωλυόν-

300 4194 414 4230 των
469 4176 669 4239 αὑτοὺς
713 4174 887 4245 ὀρθῶς
928 4173 1028 4245 ζῇν
1077 4174 1171 4226 καὶ
1211 4171 1347 4245 πρὸς
1382 4170 1582 4224 κακίαν
1618 4168 1884 4222 ἑλκόντων

299 4259 459 4323 ὅντες
498 4260 594 4313 καὶ
638 4259 734 4329 τῆς
779 4257 983 4329 ἀρετῆς
1031 4254 1577 4326 ἀντιλαμϐανόμενοι.
1609 4252 1710 4305 Δεῖ
1753 4250 1883 4321 γάρ,

302 4344 463 4415 φησὶ,
498 4341 598 4396 καί
640 4341 899 4409 αἱρέσεις
936 4336 1089 4394 εἶναι
1124 4341 1194 4392 ἐν
1234 4336 1398 4407 ὑμῖν,
1431 4337 1533 4390 ἵνα
1561 4338 1613 4389 οἱ
1652 4334 1887 4403 δόκιμοι

302 4425 556 4498 φανεροί
588 4425 871 4495 γένωνται
911 4423 982 4475 ἐν
1015 4421 1182 4491 ὑμῖν.

380 4507 595 4562 Οὐκοῦν
622 4508 714 4561 καὶ
748 4506 836 4560 διὰ
860 4505 1019 4559 τοῦτο
1044 4506 1170 4568 τοὺς
1201 4502 1474 4574 πονηροὺς
1506 4500 1719 4570 ἀφῆκεν
1747 4496 1887 4553 εἶναι

306 4594 367 4646 ἑν
390 4592 472 4663 τῷ
502 4593 672 4663 μέσῳ,
696 4593 782 4645 ἵνα
806 4592 855 4644 οἰ
881 4589 1075 4658 ἀγαθοὶ
1103 4588 1450 4657 διαλάμπωσι
1476 4585 1695 4655 μᾶλλον.
1727 4584 1890 4654 Ὀρᾷς

304 4678 371 4731 τὸ
402 4676 591 4746 κέρδος
619 4678 773 4739 ὄσον;
813 4673 949 4727 Ἀλλ’
980 4673 1040 4726 οὑ
1076 4674 1223 4744 παρά
1248 4670 1355 4722 τῶν
1390 4668 1642 4738 πονηρῶν
1675 4667 1735 4720 τὸ
1768 4668 1890 4739 κέρ-

306 4760 422 4824 δος,
454 4760 589 4812 6116
618 4759 771 4829 παρά
801 4758 899 4827 τῆς
925 4753 1174 4827 ἀνδρείας
1205 4753 1312 4807 τῶν
1342 4750 1581 4821 ἀγαθῶν.
1610 4750 1709 4829 Διὰ
1735 4749 1891 4803 τοῦτο

310 4844 409 4897 καὶ
442 4843 534 4896 τὸν
567 4828 1094 4911 Νῶείθαυμάζομεν,
1139 4836 1236 4907 οὑχ
1266 4838 1346 4890 ὅτι
1394 4832 1597 4895 δίκαιος
1634 4828 1721 4904 ἦν,
1772 4832 1893 4886 οὑδὲ

306 4928 397 4981 δτι
429 4926 636 4989 τέλειος
665 4922 733 4997 ἦν
766 4925 943 4996 μόνον,
970 4923 1083 4976 ἀλλ’
1111 4922 1193 4975 ὃτι
1224 4922 1280 4973 ἐν
1313 4922 1379 4991 τῇ
1408 4918 1569 4987 γενεᾷ
1603 4916 1787 4989 ἐκείνῃ
1824 4917 1891 4986 τῇ

307 5011 717 5083 διεστραμμένη
763 5010 856 5063 καὶ
903 5008 1113 5080 πονηρᾷ
1144 5005 1365 5058 διέσωσε
1412 5003 1510 5074 τὴν
1547 5000 1769 5073 ἀρετὴν,
1803 5001 1892 5053 ὅτε

309 5094 415 5149 οὑκ
444 5090 556 5164 εἶχε
580 5093 929 5163 παράδειγμα
955 5092 1175 5161 ἀρετῆς,
1203 5089 1290 5141 ὅτε
1325 5085 1523 5147 πάντες
1560 5084 1695 5154 πρὸς
1728 5099 1895 5154 πονη-

315 5179 442 5249 ρίαν
491 5178 653 5230 αὺτὸν
711 5175 1081 5247 παρεκάλουν·
1124 5171 1218 5224 καὶ
1276 5171 1457 5222 πᾶσαν
1516 5168 1609 5220 ἀπ’
1646 5166 1895 5249 ἐναντίας

309 5247 479 5333 ἦλθεν
533 5261 758 5324 ἐκείνοις
781 5300 794 5320 ,
836 5259 1090 5326 καθάπερ
1128 5271 1210 5318 τις
1242 5254 1423 5322 ὁδίτης
1470 5249 1651 5319 πολλῷ
1686 5247 1902 5333 πλήθει-

315 5330 469 5415 ῥύμῃ
498 5344 782 5414 φερομένῳ
811 5343 913 5413 τὴν
946 5337 1193 5394 ἐναντίαν
1221 5336 1419 5391 ὁδεύων
1448 5334 1586 5387 ὀδόν.
1612 5331 1709 5384 Διά
1738 5330 1898 5384 τοῦτο

312 5430 417 5499 οὑχ
448 5427 635 5491 ἁπλῶς
664 5422 804 5491 εἰπε,
840 5422 967 5479 Νῶε
1003 5422 1251 5484 δίκαιος,
1285 5418 1533 5483 τέλειος,
1562 5415 1699 5469 ἀλλά
1730 5431 1899 5499 προσο

312 5498 541 5582 έθηκεν,
579 5510 649 5563 ἐν
684 5508 761 5578 τῇ
797 5505 972 5577 γενεᾷ
1024 5504 1232 5569 αὐτοῦ,
1261 5505 1319 5556 ἑν
1350 5504 1415 5572 τῇ
1455 5498 1896 5582 διεστραμμένη,

315 5593 378 5647 ἑν
513 5576 934 5662 ἀπεγνωσμένῃ.
980 5591 1069 5642 ὅτε
1116 5585 1268 5640 οὑδὲν
1305 5576 1728 5664 ἑμπόρευμαῆν
1770 5581 1902 5664 ἀρε-

313 5663 603 5747 τῆςζτοῖς
640 5677 737 5746 μὲν
773 5672 868 5728 οὑν
900 5673 1125 5742 ἀγαθοῖς
1158 5671 1265 5725 ἀπὸ
1296 5668 1405 5722 τῶν
1446 5663 1699 5736 πονηρῶν
1740 5663 1903 5747 τοῦτο

315 5758 385 5812 τὸ
419 5758 607 5829 κέρδος
651 5754 751 5829 ἦν·
798 5757 940 5810 οὔτω
986 5755 1116 5825 γοῦν
1167 5754 1261 5808 καὶ
1300 5751 1491 5823 δένδρα
1537 5747 1642 5802 67:6
1677 5746 1892 5829 ἀνέμων

318 5826 577 5895 ἐναντίων
629 5826 954 5913 ῥιπιζόμενα
1005 5837 1329 5911 ἰσχυρότερα
1373 5834 1601 5902 γίνεται.
1635 5831 1790 5882 Ἔστι
1841 5826 1893 5880 δὲ

390 5946 417 5977 ⁸
441 5947 561 6010 Reg.
582 5949 611 6004 ἡ
636 5946 908 6009 προαίρεσις
930 5943 1017 6007 οὑχ
1036 5946 1065 6001 ἡ
1102 5942 1237 6001 αὐτή.

1191 312 1279 369 DE
1318 312 1611 370 DIABOLO
1653 307 2092 368 TENTATORE.
2140 310 2369 368 HOMIL.
2412 309 2499 364 Ill.

3420 316 3535 374 266

1956 425 2050 479 καὶ
2088 427 2200 489 τοῖς
2249 426 2505 493 πονηροῖς
2557 422 2745 494 κέρδος
2797 424 2906 478 67:6
2949 425 3048 496 τῆς
3098 426 3377 497 ἐπιμιξίας
3423 429 3535 484 τῶν

1955 508 2209 577 ἀγαθῶν·
2263 508 2559 572 αἰδοῦνται,
2610 508 2973 578 αἰσχύνονται,
3020 510 3347 583 ἐρυθριῶσιν
3392 506 3535 567 ἑκεί-

1956 610 2099 655 νους,
2133 594 2234 646 κᾶν
2270 592 2343 663 μὴ
2377 591 2655 645 ἀποστῶσι
2689 592 2788 661 τῆς
2819 592 3035 654 κακίας,
3061 593 3175 645 ἀλλ’
3204 595 3353 665 ὅμως
3393 596 3533 667 μετά

1955 676 2049 732 τοῦ
2080 674 2361 729 λανθάνειν
2396 674 2665 745 τολμῶσιν
2707 675 2850 747 άπερ
2880 674 3168 746 τολμῶσιν.
3213 678 3286 731 Οὑ
3337 680 3535 751 μικρὸν

1956 758 2012 811 δὲ
2047 759 2227 825 τοῦτο,
2267 758 2341 830 μὴ
2374 759 2519 829 ἔχειν
2563 760 3125 831 πεπαρῤησιασμένην
3166 760 3263 832 τὴν
3300 780 3536 834 παρανο-

1962 841 2090 912 μίαν
2110 858 2124 872 ·
2156 844 2184 895 6
2220 841 2327 914 γὰρ
2355 841 2462 895 τῶν
2509 842 2681 897 ἀλλων
2712 842 2823 913 βίος
2852 844 3156 915 κατήγορος
3192 846 3291 915 τῆς
3330 847 3535 901 τούτων

1959 926 2157 990 κακίας
2182 926 2409 995 γίνεται.
2441 927 2706 979 ’Ἄκουσον
2751 925 2882 996 γοῦν
2917 926 2968 980 τί
2994 944 3125 994 φασι
3159 929 3286 997 περὶ
3320 927 3414 981 τοῦ
3459 930 3536 983 δι-

1960 1010 2143 1063 καίον·
2193 1011 2390 1079 Βαρύς
2441 1011 2613 1063 ἐστιν
2656 1010 2802 1080 ἡμῖν
2850 1010 2949 1063 καὶ
3010 1012 3414 1081 βλεπόμενος.
3460 1013 3534 1066 Οὑ

1964 1092 2133 1164 μικρὰ
2167 1094 2223 1146 δὲ
2269 1094 2410 1164 ἀρχὴ
2440 1091 2777 1163 διορθώσεως
2812 1092 2872 1146 τὸ
2915 1093 3203 1147 δάκνεσθαι
3255 1096 3420 1149 αὑτοῦ
3466 1098 3536 1168 τῇ

1962 1175 2264 1248 παρουσίᾳ·
2297 1179 2391 1228 καὶ
2419 1175 2526 1247 γάρ
2561 1177 2607 1227 εἰ
2637 1176 2710 1245 μὴ
2745 1175 2965 1229 ἔδακνεν
2994 1177 3191 1240 αὑτοὺς
3220 1180 3252 1249 ή
3283 1178 3406 1248 ὄψις
3440 1179 3536 1231 τοῦ

1960 1260 2191 1322 δικαίου,
2233 1260 2333 1312 οὑκ
2370 1259 2436 1312 ἂν
2476 1260 2632 1312 τοῦτο
2683 1257 3013 1328 ἐφθέγξαντο
3046 1260 3106 1312 τὸ
3155 1262 3325 1331 ῥῆμα·
3376 1262 3435 1315 τὸ
3480 1258 3539 1315 δὲ

1960 1343 2249 1396 δάκνεσθαι
2276 1343 2367 1395 καὶ
2398 1341 2695 1412 στύφεσθαι
2722 1341 2783 1394 τὸ
2818 1343 3054 1405 συνειδὸς
3079 1343 3186 1395 ἀπὸ
3211 1344 3311 1413 τῆς
3339 1361 3540 1415 παρου-

1964 1427 2086 1490 σίας
2112 1427 2343 1490 ἑκείνου,
2369 1427 2429 1479 06
2468 1426 2661 1497 μικρὸν
2691 1425 2757 1478 ἂν
2789 1428 2871 1496 είη
2903 1426 3130 1497 κώλυμα
3154 1427 3248 1480 τοῦ
3284 1428 3358 1498 μὴ
3401 1428 3540 1497 μετά

1922 1578 1925 1581 _
1961 1511 2146 1573 ἀδείας
2173 1512 2240 1582 τῇ
2287 1511 2522 1582 πονηρίᾳ
2548 1510 2867 1581 κεχρῆσθαι.
2900 1507 3053 1574 Εἶδες
3083 1513 3247 1564 πόσον
3276 1512 3392 1565 ἐστὶ
3419 1513 3542 1584 κέρ-

1962 1593 2050 1656 δος
2095 1596 2189 1647 καὶ
2232 1597 2345 1658 τοῖς
2393 1594 2618 1662 ἀγαθοῖς
2658 1594 2767 1647 67:6
2813 1594 2921 1647 τῶν
2974 1595 3243 1666 πονηρῶν,
3286 1597 3380 1649 καὶ
3426 1600 3541 1661 τοῖς

1967 1679 2219 1747 πονηροῖς
2264 1678 2371 1730 67:6
2421 1676 2529 1731 τῶν
2574 1676 2834 1744 ἀγαθῶν;
2879 1677 2966 1730 διὰ
3018 1677 3177 1731 τοῦτο
3234 1681 3294 1732 06
3343 1680 3538 1734 διεῖλεν

1964 1760 2156 1823 αὑτοὺς
2184 1762 2211 1813 6
2236 1759 2385 1823 Θεὸς,
2418 1759 2532 1812 ἀλλ’
2556 1760 2767 1830 ἀφῆκεν
2793 1759 3186 1831 ἀναμεμίχθαι.

2038 1842 2190 1915 [269]
2226 1844 2293 1914 β’.
2346 1844 2406 1895 '0
2431 1841 2595 1906 αὐτὸς
2615 1842 2793 1896 τοίνυν
2818 1845 2948 1913 ἡμῖν
2977 1842 3136 1911 λόγος
3169 1844 3263 1898 καί
3295 1846 3421 1916 περ)⁸
3446 1845 3540 1899 τοῦ

1963 1926 2232 1981 διαϐόλου.
2276 1924 2375 1978 Διά
2426 1925 2534 1996 γὰρ
2591 1923 2746 1979 τοῦτο
2798 1928 2895 1979 καὶ
2947 1924 3133 1979 τοῦτον
3187 1928 3398 1998 ἀφῆκεν
3455 1929 3545 1981 ἑν·-

1963 2010 2138 2064 ταῦθα
2171 2005 2330 2073 εἶναι,
2363 2009 2448 2062 ἴνα
2477 2010 2534 2062 σὲ
2574 2008 2920 2080 ἰσχυρότερον
2949 2010 3268 2081 ἐργάσηται,
3299 2012 3383 2063 ἵνα
3413 2010 3546 2081 λαμ-

1965 2093 2229 2165 πρότερον
2280 2093 2482 2162 ποιήσῃ
2533 2092 2625 2144 τὸν
2689 2091 2950 2163 ἀθλητὴν,
3002 2093 3089 2146 ἴνα
3139 2088 3430 2165 μείζοναῇ
3476 2094 3546 2148 τά

1965 2175 2343 2246 ἀγωνίσματα.
2369 2173 2541 2229 ’Όταν
2573 2170 2664 2227 οῦν
2700 2175 2834 2245 λέγῃ
2862 2193 2964 2238 τις,
2988 2176 3086 2228 Διά
3111 2176 3163 2228 τί
3186 2177 3276 2228 τὸν
3301 2176 3545 2229 διάϐολον

1969 2263 2179 2332 ἀερῆκεν
2206 2264 2234 2314 6
2258 2260 2421 2325 956;;
2453 2259 2623 2312 ταῦτα
2645 2259 2769 2327 λέγε
2801 2259 2936 2327 πρὸς
2966 2261 3173 2312 ἐκεῖνον
3202 2260 3269 2313 τὰ
3293 2261 3541 2330 ῥήματα.ό

1968 2344 2093 2397 Ὀτι
2126 2345 2250 2407 τοὺς
2285 2344 2553 2413 νήφοντας
2591 2342 2686 2395 καὶ
2714 2342 3081 2411 προσέχοντας
3106 2342 3165 2393 οὑ
3202 2343 3360 2412 μόνον
3393 2342 3546 2395 οὐδὲν

1968 2427 2337 2500 παρέὸλαψεν,
2370 2425 2504 2479 ἀλλά
2540 2426 2633 2479 καὶ
2659 2425 2960 2496 ὠφέλησεν,
3003 2425 3064 2478 οὑ
3100 2425 3251 2495 7:696
3288 2425 3388 2494 τὴν
3420 2426 3549 2477 ἑαυυ

1968 2512 2061 2566 τοῦ
2090 2512 2407 2583 προαίρεσιν
2441 2509 2676 2580 (πονηρά
2712 2509 2818 2580 γάρ
2863 2507 3055 2579 ἐστιν).
3086 2508 3220 2562 ἀλλά
3264 2508 3412 2579 παρά
3447 2510 3547 2580 τὴν
3640 2550 3645 2553 -
3693 2570 3718 2591 l

1969 2596 2191 2649 ἐκείνων
2218 2595 2467 2666 ἀνδρείαν
2507 2593 2615 2647 τῶν
2642 2596 2707 2662 τῇ
2753 2592 2985 2663 πονηρίᾳ
3015 2593 3095 2655 εἰς
3118 2592 3236 2645 δέον
3270 2591 3550 2663 χρησαμέ-

1969 2697 2095 2734 νων.
2141 2678 2292 2733 Ἐπιεί⁵
2348 2679 2443 2732 καὶ
2497 2677 2574 2747 τῷ
2615 2676 2735 2730 Ἰὼϐ
2771 2676 3127 2747 προσεπλάκη
3188 2677 3307 2746 μὲν,
3354 2678 3413 2730 οὑ
3460 2676 3550 2731 διὰ

1970 2762 2127 2815 τοῦτο
2176 2762 2255 2826 δὲ,
2288 2761 2376 2815 ἵνα
2426 2760 2586 2814 αὑτὸν
2636 2759 3016 2831 λαμπρότερον
3057 2761 3281 2830 ποιήσῃ,
3322 2759 3436 2813 ἀλλ’
3467 2760 3553 2813 ἵνα

1971 2845 2336 2918 ὑποσκελίσῃ·
2386 2844 2475 2897 διά
2521 2844 2679 2897 τοῦτο
2728 2842 2983 2913 πονηρὸς,
3033 2841 3121 2895 διὰ
3157 2843 3254 2913 τὴν
3297 2843 3553 2913 τοιαύτην

1971 2929 2197 2999 γνώμην
2231 2930 2325 2982 καὶ
2363 2928 2463 2998 τὴν
2496 2925 2818 2999 προαίρεσιν
2840 2942 2853 2955 ·
2888 2925 3004 2978 ἀλλ’
3037 2926 3186 2996 ὅμως
3222 2926 3374 2979 οὐδὲν
3413 2944 3555 2997 παρ-

1973 3011 2172 3079 έϐλαψε
2211 3012 2300 3064 τον
2329 3011 2557 3076 δίκαιον,
2591 3008 2728 3063 ἀλλά
2761 3010 2854 3063 καὶ
2882 3009 3136 3063 ἀπώνατο
3178 3008 3376 3078 μᾶλλον
3408 3009 3554 3061 ἑκεῖ-

1971 3111 2063 3157 νος
2086 3094 2199 3149 ἀπὸ
2221 3094 2320 3165 τῆς
2345 3094 2545 3165 μάχης,
2569 3095 2707 3165 ὅπερ
2744 3087 2837 3146 οὑν
2868 3093 2961 3145 καὶ
2989 3084 3370 3162 ἀπεδείξαμεν·
3405 3092 3499 3145 καὶ
3525 3092 3557 3144 6

1973 3178 2184 3250 δαίμων
2233 3178 2331 3247 τὴν
2382 3177 2687 3249 πονηρίαν,
2736 3178 2831 3230 καὶ
2869 3176 3124 3239 όδίκαιος
3156 3176 3256 3245 τὴν
3303 3175 3556 3250 ἀνδρείαν

1976 3262 2306 3327 ἐπεδείξατο.
2360 3260 2520 3314 Ἀλλὰ
2548 3261 2644 3315 καλ⁵
2692 3259 3034 3325 ὑποσκελίζει
3086 3258 3352 3321 πολλοὺς,
3389 3258 3552 3328 φησί·

1979 3345 2131 3417 παρά
2183 3346 2282 3415 τὴν
2313 3342 2491 3397 αὐτῶν
2526 3343 2850 3406 ἀσθένειαν,
2901 3342 2961 3394 06
2994 3340 3145 3412 7:696
3197 3340 3295 3411 τήν
3347 3339 3557 3394 οἰκείαν

1979 3429 2133 3499 ἰσχύν
2153 3445 2166 3459 ·
2191 3429 2285 3481 καὶ
2316 3426 2424 3498 γάρ
2444 3427 2600 3479 τοῦτο
2633 3425 2925 3496 ἀπεδείχθη
2948 3424 3036 3477 διὰ
3058 3422 3267 3476 πολλῶν
3301 3422 3429 3499 ήδη.
3443 3423 3488 3474 Τ
3490 3424 3557 3491 ὴν

1978 3498 2177 3566 σαυτοῦ
2204 3512 2383 3564 τοίνυν
2413 3511 2762 3580 κατόρθωσον
2793 3507 3040 3577 γνώμην,
3070 3507 3162 3560 καί
3186 3507 3317 3574 παρ’
3343 3498 3556 3568 οὐδενὸς

1976 3597 2230 3649 οὐδέποτε
2254 3595 2380 3666 δέξῃ
2407 3593 2622 3663 βλάϐος,
2655 3593 2791 3645 6116
2838 3592 2931 3644 καὶ
2970 3590 3038 3643 τά
3082 3589 3315 3659 μέγιστα
3361 3589 3558 3660 κερδα-

1978 3681 2108 3741 νεῖς,
2136 3678 2258 3747 ούχῖ
2284 3676 2434 3747 παρὰ
2470 3676 2577 3728 τῶν
2605 3673 2829 3742 ἀγαθῶν
2874 3673 3034 3743 μόνον
3059 3713 3073 3733 ,
3102 3672 3237 3725 ἀλλά
3278 3672 3372 3731 καὶ
3406 3670 3559 3741 παρὰ

1977 3759 2390 3835 τῶνῇπονηρῶν.
2433 3758 2532 3811 Διά
2574 3757 2683 3828 γάρ
2721 3754 2885 3835 τοῦτο
2899 3794 2913 3815 .
2949 3754 3206 3823 καθάπερ
3248 3753 3558 3825 ἔμπροσθεν

1978 3834 2152 3904 εἷπον,
2198 3842 2315 3912 μετ’
2339 3839 2584 3910 ἀλλήλων
2607 3839 2820 3908 ἀφῆκεν
2846 3834 2983 3891 εἶναι
3015 3838 3141 3898 τοὺς
3185 3835 3504 3909 ἀνθρώπους
3528 3837 3559 3889 6

1979 3925 2132 3989 Θεὸς,
2168 3924 2262 3977 καὶ
2292 3923 2525 3993 μάλιστα
2544 3922 2671 3985 τοὺς
2692 3921 2928 3989 ἀγαθοὺς
2962 3919 3100 3990 μετά
3134 3919 3242 3972 τῶν
3282 3918 3556 3990 πονηρῶν,

1980 4009 2067 4060 ἵνα
2095 4006 2379 4068 κάκείνους
2408 4004 2544 4075 πρὸς
2573 4003 2669 4075 τὴν
2697 4002 2906 4056 οίκείαν
2935 4001 3554 4072 μεταγάγωσινάρετήν.

1986 4092 2252 4143 Ἀκουσον
2309 4087 2439 4155 γοῦν
2474 4087 2527 4140 τί
2577 4103 2711 4157 φησι
2740 4088 2854 4148 τοῖς
2892 4084 3164 4154 μαθηταῖς
3214 4085 3243 4136 6
3289 4082 3557 4154 Χριστός·

1993 4172 2273 4243 Ὡμοιώθη
2306 4173 2344 4239 ἡ
2364 4172 2656 4236 ,ϐασιλεία
2679 4169 2797 4222 τῶν
2822 4167 3099 4236 οὐρανῶν
3133 4165 3390 4236 γυναικί,
3429 4165 3561 4233 ἥτις

1980 4256 2256 4311 λαϐοῦσα
2294 4253 2481 4323 (amr
2505 4255 2771 4321 ἔκρυψεν
2799 4254 2885 4317 είς
2919 4251 3180 4317 ἀλεύρου
3222 4248 3378 4303 σάτα
3405 4250 3557 4319 τρία.

1986 4342 2148 4391 Ὥστε
2172 4337 2352 4408 ζύμης
2374 4336 2603 4407 δύναμιν
2627 4336 2840 4405 ἔχουσιν
2863 4335 2912 4386 οἰ
2945 4333 3166 4393 δίκαιοι,
3202 4332 3289 4385 ἵνα
3314 4331 3449 4403 πρὸς
3462 4330 3563 4401 τὴν

1985 4420 2195 4474 ἑαυτῶν
2225 4419 2486 4490 ποιότητα
2517 4419 2644 4481 τοὺς
2664 4416 2936 4488 πονηροὺς
2956 4416 3388 4486 μεταστήσωσιν.
3425 4412 3563 4466 Ἀλλ’

1985 4505 2157 4572 ὀλίγοι
2195 4505 2244 4555 οἰ
2277 4502 2496 4564 δίκαιοι,
2535 4502 2630 4553 καὶ
2672 4501 2782 4569 γὰρ
2813 4500 2907 4552 καὶ
2952 4500 2985 4569 ἡ
3023 4496 3170 4569 ζύμη
3211 4496 3416 4568 μικρά·
3448 4495 3563 4550 ἀλλ’

1986 4588 2194 4657 οὑδὲνή
2255 4586 2521 4656 μικρότης
2557 4582 2943 4653 παραϐλάπτει
2981 4581 3044 4633 τὸ
3087 4581 3338 4651 φύραμα,
3369 4579 3481 4632 ἀλλ’
3530 4578 3564 4648 ἠ

1989 4670 2289 4741 σμικῴτης
2320 4668 2502 4736 ἑκείνη
2532 4665 2676 4718 ἅπαν
2706 4664 2768 4716 τὸ
2802 4664 3030 4734 ἄλευρον
3052 4664 3188 4732 πρὸς
3206 4661 3402 4731 ἑαυτὴν
3434 4659 3565 4730 μεθ-

1992 4755 2171 4824 ίστησι
2206 4751 2292 4803 διὰ
2320 4751 2417 4820 τῆς
2448 4747 2673 4815 ἐνούσης
2702 4747 2840 4813 αὑτῇ
2873 4746 3173 4816 δυνάμεως.
3204 4743 3361 4796 (ὶῦτω
3381 4741 3568 4824 δήκαὶ

1988 4837 2024 4906 ή
2051 4834 2279 4902 δύναμις
2310 4830 2418 4883 τῶν
2449 4830 2677 4884 δικαίων
2710 4830 2810 4882 οὑκ
2848 4831 2907 4881 ἑν
2939 4831 3005 4899 τῇ
3040 4827 3298 4895 ποσότητι
3324 4823 3418 4876 τοῦ
3444 4823 3568 4892 697c-

1991 4905 2154 4990 θμοῦ,
2185 4918 2300 4970 ἀλλ’
2330 4918 2388 4968 ἑν
2431 4918 2497 4987 τῇ
2551 4914 2641 4967 τοῦ
2677 4913 2993 4982 Πνεύμστος
3041 4910 3223 4980 χάριτι
3269 4906 3369 4978 τήν
3413 4905 3567 4975 ἰσχὺν

1992 5004 2125 5074 ἔχει.
2153 5001 2374 5054 Δώδεκα
2403 4996 2542 5072 ἦσαν
2567 5001 2615 5052 οἰ
2640 4997 2929 5051 ἀπόστολοι
2949 5011 2962 5023 ·
3015 4992 3153 5074 εἶδες
3183 4990 3300 5074 πῶς
3328 4990 3500 5074 μικρά
3531 4991 3566 5060 ή

1994 5070 2175 5157 ζ’ύμη;
2206 5086 2303 5155 ὅλη
2335 5087 2368 5155 ή
2400 5070 2693 5153 οἰκουμένη
2731 5083 2789 5134 ἐν
2819 5078 3050 5148 ἀπιστίᾳ
3090 5073 3157 5145 ἦν
3178 5092 3191 5105 ·
3226 5070 3367 5136 εἶδες
3402 5072 3567 5125 πόσον

1992 5156 2348 5242 τδφύραμας
2382 5167 2493 5220 ἀλλ’
2526 5167 2722 5221 ἐκεῖνοι
2744 5165 2793 5217 οἰ
2818 5161 3026 5216 δώδεκα
3061 5161 3240 5242 πᾶσαν
3259 5156 3359 5242 τήν
3391 5157 3570 5242 οἰκου-

1997 5238 2321 5325 μένηνπρὸς
2344 5250 2572 5307 ἑαυτοὺς
2594 5245 2956 5317 ἐπέστρεψαν.
3002 5243 3063 5295 'H
3095 5241 3239 5312 ζύμη
3267 5238 3569 5325 776176796-

1998 5322 2146 5412 ραμα
2173 5338 2274 5408 τῆς
2311 5335 2483 5405 αὐτῆς
2522 5331 2757 5403 φύσεως,
2784 5329 2897 5412 ἀλλ’
2927 5327 2990 5412 οὑ
3023 5327 3120 5412 τῆς
3154 5325 3325 5412 αὐτῆς
3348 5322 3569 5412 ποιότη-

1994 5407 2123 5486 τος·
2146 5407 2237 5475 διά
2259 5419 2415 5473 τοῦτο
2439 5417 2622 5486 ἀφῆκε
2656 5410 2861 5484 μεταξὺ
2892 5411 3000 5465 τῶν
3041 5408 3269 5462 δικαίων
3302 5407 3429 5466 τοὺς
3470 5423 3572 5459 πο-

1997 5504 2214 5575 νηροὺς,
2253 5503 2321 5555 ἶν’
2368 5500 2557 5569 ῶσπερ
2598 5496 2697 5566 τῆς
2734 5494 2905 5564 αὐτῆς
2954 5490 3170 5564 φύσεώς
3215 5492 3321 5575 εἰσι
3355 5492 3464 5553 τοῖς
3492 5489 3574 5541 δι-

1998 5572 2195 5650 καίοις,
2227 5586 2371 5639 οὑτω
2398 5581 2607 5649 καὶτῆς
2647 5578 2820 5648 αὑτῆς
2852 5575 3227 5648 προαιρέσεως
3253 5572 3538 5642 γένωνται.

2071 5669 2289 5724 Τούτων
2330 5663 2632 5738 μέμνησθε,
2664 5662 2875 5726 τούτοις
2899 5656 3283 5729 ἑπιστομίζετε
3319 5654 3446 5716 τοὺς
3477 5655 3576 5724 ρᾳ-

2002 5754 2227 5824 θύμους,
2249 5737 2376 5813 τους
2390 5746 2841 5817 διακεχυμένους,
2861 5746 2988 5806 τοὺς
3011 5738 3431 5824 όκνηροτέρους,
3452 5737 3576 5824 τοὺς

2006 5837 2400 5907 ἀναδυομένους
2431 5831 2567 5903 πρὸς
2596 5831 2723 5894 τοὺς
2741 5830 2840 5898 τῆς
2857 5826 3062 5900 ἀρετῆς
3085 5825 3305 5889 πόνους,
3339 5820 3463 5873 τοὺς
3481 5815 3579 5907 τοῦ

2007 5919 2186 5974 κοινοῦ
2208 5898 2490 5973 ’Δεσπότον
2520 5898 2981 5987 κατηγοροῦντας.
3032 5907 3339 5976 Ἥμαρτες,
3391 5898 3576 5969 φησὶν,
