4036 6206
165 274 272 331 267

165 388 249 443 cli.
286 381 378 439 9t.
410 381 466 454 l)
504 397 518 436 :
552 395 659 436 non
705 378 777 433 ita
816 382 974 448 grave
1010 382 1094 431 est
1130 382 1353 445 peccare
1375 415 1391 441 ,
1431 386 1589 444 quam
1630 377 1749 440 post

166 476 454 533 admissum
508 472 787 543 peccatum
843 466 1124 523 Dominum
1179 470 1453 521 accusare.
1512 460 1754 533 Agnosee

168 567 368 640 peccati
393 573 688 629 auctorem,
716 563 1027 630 nullumque
1051 560 1211 615 alium
1239 557 1498 628 reperies,
1523 568 1679 626 quam
1704 561 1755 609 te

164 664 253 734 qui
284 660 536 733 peccasﬁ.
572 656 776 727 Ubique
800 655 942 711 bono
970 668 1105 725 epus
1138 662 1221 710 est
1262 650 1533 723 proposito
1564 648 1755 704 volun-

165 753 321 817 tatis;
354 751 407 807 id
432 756 608 805 autem
637 745 789 803 vobis
823 744 1184 816 comprObavi,
1214 759 1319 799 non
1348 744 1517 799 solum
1546 740 1757 796 ratioci-

166 845 303 906 niis,
335 840 429 897 sed
459 838 711 908 exemplo
736 846 1117 892 conservorum
1137 877 1155 902 ,
1187 834 1276 905 qui
1320 834 1372 887 in
1415 831 1518 887 hoc
1557 830 1756 886 mundo

169 935 431 989 vivebant.
464 930 574 986 liae
597 940 652 984 et
671 937 725 982 tu
748 939 906 983 utere
924 924 1376 982 demonstratione
1402 938 1416 975 :
1440 923 1517 978 sic
1536 928 1591 976 et
1611 935 1759 975 com—

163 1025 346 1079 munis
385 1021 638 1077 Dominus
667 1028 765 1075 nos
786 1017 1044 1088 iudicabit
1068 1033 1085 1072 :
1115 1016 1257 1071 hunc
1285 1011 1757 1069 demenstratitinis

164 1116 385 1172 modum
419 1114 639 1178 discite,
668 1112 724 1167 et
760 1120 920 1167 nemo
955 1109 1105 1165 vobis
1147 1104 1342 1178 poterit
1370 1107 1531 1163 verba
1560 1105 1690 1161 dare
1714 1106 1754 1160 ³.

162 1206 484 1264 Fornicatur
508 1201 815 1275 quispiam?
836 1200 1065 1257 ostende
1104 1200 1177 1255 illi
1220 1198 1383 1254 alium
1421 1197 1758 1254 continenter

163 1307 435 1371 agentem.
477 1298 685 1352 Avarus
722 1296 807 1348 est
846 1293 983 1347 alius
1023 1294 1078 1347 et
1117 1291 1323 1361 rapai?
1360 1290 1755 1359 eleemosynam

162 1397 473 1460 erogantem
510 1385 589 1441 illi
632 1383 845 1440 exhibe.
879 1384 935 1438 lu
973 1382 1142 1437 livore
1170 1391 1225 1437 et
1259 1380 1453 1435 inv‘idia
1478 1379 1759 1435 versatur?

163 1482 233 1536 ab
262 1480 365 1535 hoc
392 1476 579 1534 morbo
605 1476 835 1530 liberum
866 1475 914 1530 ei
951 1472 1197 1529 ostende.
1237 1472 1526 1526 Iracundus
1553 1470 1676 1525 est?
1706 1471 1757 1525 in

163 1569 403 1626 medium
432 1569 606 1624 adduc
633 1566 788 1632 etim,
814 1565 906 1637 qui
933 1580 1061 1621 cum
1095 1562 1433 1635 philosophia
1464 1563 1613 1617 vivit.
1642 1562 1757 1617 Non

159 1663 309 1718 enim
344 1669 552 1715 veteres
580 1658 752 1714 solum
793 1654 1044 1711 historias
1076 1664 1322 1725 repetere
1346 1663 1433 1709 est
1460 1664 1594 1724 Opus
1618 1670 1633 1718 ;
1662 1652 1759 1707 sed

159 1769 190 1807 a
224 1748 579 1822 prs-sentibus
605 1748 849 1817 extempla
875 1745 1136 1803 Sumenda
1163 1754 1307 1800 sunt.
1336 1744 1466 1800 Nam
1493 1743 1760 1814 hodieque

164 1860 265 1914 per
295 1842 387 1897 Dei
410 1840 635 1912 gratiam
662 1846 768 1895 neu
799 1840 1005 1895 minora
1036 1837 1305 1909 prioribus
1343 1834 1468 1892 sunt
1503 1836 1759 1905 praeclara

159 1949 349 2005 Opera.
378 1931 689 1988 incredulus
713 1934 828 1995 εει,
857 1938 915 1986 et
945 1929 1228 1986 mendaces
1267 1936 1417 1998 putat
1456 1940 1576 1983 esse
1615 1926 1762 1981 Scri-

161 2025 389 2096 pturas?
432 2039 538 2079 non
577 2022 750 2078 credit
789 2022 979 2079 Jobum
1012 2022 1172 2077 talem
1200 2019 1408 2075 fuisse?
1434 2018 1657 2074 ostende
1685 2017 1760 2072 illi

160 2120 333 2174 alium
365 2118 657 2181 hominem,
689 2116 778 2186 qui
806 2115 947 2170 illius
970 2113 1100 2184 justi
1128 2112 1368 2168 imitetur
1388 2111 1571 2167 vitam.
1595 2109 1686 2166 Sic
1708 2118 1763 2166 et

163 2226 269 2266 nos
291 2209 549 2265 Dominus
568 2207 829 2277 iudicabit
850 2223 865 2261 :
887 2216 1177 2261 conservos
1197 2217 1316 2259 cum
1338 2201 1613 2258 conservis
1633 2215 1762 2256 con-

161 2302 361 2367 stituit,
389 2315 495 2356 nee
519 2313 617 2354 suo
641 2297 843 2370 judicio
876 2296 980 2352 fert
1013 2294 1353 2361 sententiam,
1383 2307 1451 2347 ne
1474 2291 1594 2363 quis
1619 2290 1762 2346 dicat

160 2395 403 2458 iterum,
441 2387 889 2461 quemadmodum
935 2387 1026 2443 ille
1069 2384 1329 2451 famulus,
1372 2383 1458 2439 cui
1502 2383 1761 2437 talentum

158 2486 434 2542 creditum
462 2482 654 2547 fuerat,
682 2490 736 2538 et
763 2495 863 2554 pro
891 2480 1093 2537 talento
1121 2476 1512 2533 accusationem
1538 2474 1720 2529 retulit
1744 2489 1762 2529 :

162 2579 308 2646 Quia
344 2584 572 2631 anstmzs
598 2586 653 2629 e‘s
685 2571 907 2646 (Matth.
931 2570 1023 2625 23.
1050 2570 1167 2640 24).
1198 2568 1334 2625 Cum
1367 2567 1508 2623 enim
1539 2565 1763 2637 ingemi-

159 2685 323 2726 scere
370 2668 724 2739 oportuisset,
765 2662 909 2736 quod
956 2663 1209 2719 talentum
1247 2662 1355 2716 non
1401 2658 1762 2732 duplicasset,

158 2761 387 2833 gravius
416 2758 627 2812 admisit
670 2766 943 2827 peccatum
968 2795 985 2821 ,
1013 2752 1244 2824 propriae
1277 2749 1518 2823 segnitiei
1547 2763 1765 2804 accusa-

162 2855 371 2907 tionem
419 2858 605 2906 contra
653 2845 926 2902 dominum
974 2844 1248 2913 adjiciens.
1289 2841 1427 2911 Quid
1467 2841 1610 2896 enim
1650 2839 1767 2893 ait?

162 2943 421 2999 Sciebant
441 2940 560 3011 quia
582 2950 813 2993 austeras
843 2953 913 2991 es.
938 2934 983 2991 Ο
1008 2935 1190 2998 miser,
1218 2949 1252 2988 o
1279 2932 1458 2987 infelix
1479 2939 1539 2987 et
1563 2931 1768 3001 ingrate

157 3046 218 3091 et
253 3034 484 3105 ignave!
508 3046 634 3086 cum
674 3029 937 3100 ignaviam
966 3036 1108 3082 tuam
1138 3037 1393 3080 accusare
1418 3022 1646 3078 deberes
1668 3063 1683 3086 ,
1714 3026 1770 3076 et

164 3131 250 3184 sic
281 3127 436 3197 prius
472 3132 743 3195 peccatum
772 3121 1012 3176 minuere
1032 3161 1046 3185 ,
1079 3127 1135 3173 tu
1162 3127 1346 3173 contra
1374 3115 1647 3170 dominum
1676 3127 1769 3169 ac-

163 3219 510 3274 cusalionem
537 3226 773 3281 vertens,
804 3214 924 3268 loco
952 3210 1131 3267 talenti
1166 3220 1439 3281 peccatum
1464 3206 1765 3277 duplicasti.

239 3314 299 3369 5.
332 3309 538 3366 idcirco
566 3308 705 3363 Deus
732 3320 919 3363 servos
948 3314 999 3360 et
1038 3317 1224 3359 servos
1252 3300 1455 3367 statuit,
1484 3309 1543 3355 ut
1569 3300 1623 3355 1ιί
1650 3300 1770 3354 illos

160 3402 436 3473 judicent,
460 3408 514 3455 et
536 3398 609 3453 illi
631 3398 698 3453 ab
719 3398 800 3452 his
819 3395 1060 3467 iudicati,
1091 3409 1196 3449 non
1221 3391 1453 3447 habeant
1472 3391 1607 3445 ultra
1630 3386 1770 3445 unde

160 3492 468 3548 Dominum
497 3490 766 3544 accusent.
797 3486 1081 3555 Propterea
1107 3482 1236 3538 dicit
1264 3500 1277 3536 :
1316 3480 1463 3536 Venit
1491 3479 1660 3534 Filius
1681 3479 1773 3533 ho-

160 3587 328 3640 minis
354 3584 406 3637 in
431 3583 595 3654 gloria
622 3581 795 3635 Patris
822 3583 903 3636 sui
928 3574 1140 3652 (Matth.
1170 3575 1260 3632 16.
1286 3573 1404 3646 9.7).
1430 3572 1563 3629 Vide
1588 3571 1772 3643 gloria:~

158 3676 540 3748 mqualitatem
559 3693 572 3729 :
590 3690 699 3732 non
722 3672 882 3741 dixit,
898 3668 956 3728 In
979 3667 1147 3740 gloria
1173 3666 1333 3722 simili
1360 3665 1543 3736 gloria:
1569 3661 1767 3725 Patris,

155 3765 304 3833 sed,
350 3763 418 3818 In
460 3762 625 3834 gloria
660 3759 862 3825 Patris,
908 3756 956 3812 et
995 3754 1313 3829 congregabit
1354 3764 1522 3827 gentes
1561 3768 1773 3807 omnes:

158 3856 421 3914 terribile
447 3852 698 3922 tribunal,
729 3850 967 3907 terribile
994 3847 1365 3920 peccatoribus
1389 3855 1445 3901 et
1471 3845 1576 3901 rcis
1606 3861 1619 3898 :
1647 3857 1770 3897 nam

156 3949 275 4004 sibi
322 3938 563 4001 consciis
598 3943 665 3999 de
712 3942 854 3998 bono
891 3955 1055 4011 opere
1079 3981 1094 4006 ,
1125 3936 1478 3994 desiderabile
1514 3935 1775 4003 dulceque

152 4046 251 4100 est
283 4061 302 4096 :
334 4038 405 4095 Et
441 4037 706 4092 constituet
737 4051 851 4090 oves
885 4050 915 4087 a
952 4032 1174 4097 dextris,
1213 4041 1261 4084 et
1301 4028 1473 4084 haedos
1499 4045 1530 4082 a
1557 4026 1775 4081 sinistris

154 4131 398 4207 (fault.
440 4128 531 4184 25.
572 4125 665 4201 5'5)
700 4144 713 4180 :
744 4124 799 4181 et
820 4124 876 4180 lii
907 4130 961 4179 et
986 4123 1059 4177 illi
1090 4121 1336 4176 homines
1363 4128 1505 4174 sunt.
1538 4117 1644 4172 Cur
1671 4116 1774 4171 ita-

152 4240 278 4297 que
310 4223 389 4278 illi
424 4234 556 4277 oves
576 4260 591 4284 ,
618 4217 675 4272 hi
714 4215 892 4273 litedi?
929 4214 1043 4270 Non
1073 4222 1131 4267 ut
1158 4210 1510 4267 differentiam
1540 4216 1772 4273 natura},

154 4315 265 4372 sed
299 4323 365 4370 ut
390 4309 682 4367 voluntatis
704 4307 988 4364 discrimen
1014 4302 1241 4359 ediscas.
1265 4301 1371 4359 Cur
1398 4300 1575 4382 autem
1606 4299 1663 4365 ii,
1685 4299 1777 4370 qui

150 4409 583 4477 eleemosynam
610 4417 717 4457 non
743 4406 1050 4472 erogarunt,
1084 4396 1227 4454 haedi
1257 4395 1419 4451 sunt?
1445 4394 1578 4464 Quia
1608 4392 1778 4448 infru-

146 4476 433 4554 etunsum
459 4505 543 4550 est
569 4491 767 4547 animal
791 4533 806 4559 ,
835 4476 983 4562 quod
1004 4488 1179 4558 neque
1205 4484 1365 4543 lactis’
1389 4485 1739 4542 ministerium
1759 4524 1776 4549 ,

151 4592 365 4664 neque
388 4587 616 4660 prolem,
645 4588 817 4656 neque
843 4584 1066 4654 pilorum
1089 4582 1372 4637 utilitatem
1399 4578 1567 4652 pessit
1587 4574 1781 4634 all‘erre

145 4679 444 4744 dominis,
466 4677 589 4749 quia
614 4676 685 4731 ob
709 4673 1091 4746 pra-maturam
1110 4674 1331 4727 aetatem
1349 4668 1473 4724 talis
1492 4672 1780 4739 preventus

144 4788 389 4848 expers
411 4779 515 4827 est.
545 4768 671 4826 Ideo
694 4783 793 4824 eos
817 4766 908 4839 qui
937 4765 1138 4821 nullum
1169 4762 1524 4835 eleemosy'nte
1552 4759 1779 4814 [metum

143 4871 389 4933 ierunt,
420 4865 609 4921 haedos
632 4862 873 4926 vocavit;
896 4874 989 4916 eos
1012 4866 1190 4914 autem
1215 4855 1302 4927 qui
1331 4870 1360 4909 a
1386 4853 1606 4919 dextris,
1629 4858 1777 4908 otes.

140 4962 242 5020 Ab
279 4961 408 5018 illis
427 4958 574 5015 enim
605 4957 793 5029 ingens
822 4958 1113 5025 proventus
1139 4952 1213 5006 ex’
1232 4949 1387 5013 lana‘,
1416 4954 1480 5003 ex
1508 4946 1684 5018 prole,
1715 4960 1779 5000 ex

138 5059 346 5115 lacte.
380 5040 520 5120 Quid
568 5050 726 5122 igitur
765 5049 839 5104 ait
875 5046 981 5102 illis
1010 5063 1024 5100 :
1055 5040 1511 5100 Esdric'ntem‘me'
1536 5036 1779 5103 vidistis,

136 5162 206 5208 et
238 5145 575 5204 unlrivistis
602 5158 729 5208 me;
767 5139 987 5204 nudum,
1015 5136 1069 5193 et
1098 5132 1374 5199 intl'ttis‘tis‘;
1410 5130 1695 5203 hospitem,
1727 5130 1792 5187 et'

131 5237 483 5310 collegistis
512 5226 727 5306 ('D’Iatth.
756 5226 849 5289 ιδ’.
879 5232 992 5303 35).
1026 5230 1254 5284 Rursum
1297 5227 1367 5281 ad
1404 5226 1522 5281 illas
1561 5228 1778 5280 contra-

138 5336 229 5390 ria
268 5351 290 5389 :
326 5339 394 5384 ct
421 5325 638 5401 quidem
670 5334 777 5379 tam
813 5325 885 5379 illi
915 5326 1072 5395 quam
1103 5320 1155 5376 lii
1188 5319 1430 5374 homines
1457 5326 1629 5384 erant,
1658 5330 1778 5371 eas-

134 5427 288 5481 dem
319 5420 549 5491 utrique
570 5422 885 5487 acceperant
907 5412 1307 5486 promi‘s'siones,
1332 5406 1518 5466 eadem
1545 5408 1784 5478 utrisque

132 5522 305 5574 ιιιειιε
332 5510 691 5584 οριηηιίιηιέ
715 5507 933 5582 ρτωιηίο
954 5506 1222 5579 preposita
1245 5522 1260 5559 :
1282 5500 1420 5559 idem
1446 5503 1560 5575 ipse
1584 5499 1783 5571 probis

129 5621 197 5669 ct
236 5622 369 5681 pro
401 5604 504 5660 illis
541 5603 718 5669 venit,
747 5597 935 5656 eadem
973 5600 1101 5654 cum
1137 5592 1373 5651 nuditate
1399 5592 1464 5649 ad
1495 5600 1783 5663 utrosque,

211 5724 232 5755 ε
280 5727 453 5779 κει..
470 5728 552 5767 vos
572 5726 765 5780 capere,
798 5725 902 5777 pro.
927 5711 1057 5763 vobis
1080 5710 1223 5762 verba
1246 5710 1384 5761 dare.

521 5802 767 5859 l’nnot
835 5800 951 5860 Gtt.
995 5798 1223 5867 XLIX.

1156 262 1243 319 DE
1281 261 1575 318 DIABOLO
1611 258 2049 317 TENTATORE.
2084 260 2313 316 ilOiilL.
2355 259 2446 315 ιη.

3330 274 3435 331 268

1862 371 2051 426 eadem
2076 371 2233 437 fame,
2264 370 2456 442 liespes
2485 370 2664 425 itidem
2690 385 2703 423 :
2725 371 2900 425 omnia
2927 381 3048 427 sunt
3071 381 3125 426 et
3153 369 3234 427 bis
3259 380 3313 429 et
3334 376 3443 430 illis

1862 465 2103 535 trqttalia.

1933 557 2014 612 Ex
2040 556 2311 611 voluntatis
2339 557 2595 625 preposito
2624 557 2740 611 boni
2784 555 2860 611 uel
2907 557 3029 611 ntali
3052 550 3448 614 sumam—Cur

1857 666 1989 720 ergo
2035 648 2153 702 linis
2175 663 2278 703 non
2307 646 2538 704 similis?
2562 650 2692 717 Quia
2716 646 2768 703 id
2790 649 3074 704 voluntatis
3117 651 3448 720 propositum

1862 756 1965 796 non
1990 742 2227 812 permisit
2246 759 2259 793 :
2278 741 2405 795 illud
2435 741 2574 794 enim
2593 741 2763 795 solum
2783 740 3175 796 distinctionem
3201 740 3344 796 illam
3368 740 3452 796 fe-

1862 834 1952 889 cit.
2010 834 2177 903 liuius
2225 844 2382 887 causa
2439 832 2515 887 ini
2540 834 2594 886 in
2622 833 2939 902 gehennam,
2992 831 3044 886 lii
3097 832 3149 887 in
3200 847 3445 903 regnum,

1865 924 2295 1004 pergui'itaquod
2335 924 2379 978 si
2416 923 2667 979 diabolus
2696 923 2826 996 ipsis
2875 932 3062 978 auctor
3107 924 3448 994 peccatorum

1860 1025 2024 1085 esset,
2053 1033 2159 1073 non
2193 1019 2390 1087 utique,
2441 1018 2548 1072 alio
2574 1018 2825 1088 peccante
2845 1024 2898 1072 et
2927 1016 2993 1072 ad
3039 1024 3313 1087 peceatum
3345 1018 3446 1071 im-

1864 1112 2124 1181 pellente,
2169 1110 2221 1163 bi
2249 1108 2509 1179 supplicio
2535 1108 2795 1164 alliciendi
2827 1108 2997 1165 erant.
3027 1106 3221 1166 Viden’
3250 1110 3336 1165 hie
3392 1120 3450 1166 et

1863 1203 1950 1273 qui
1980 1212 2331 1273 peccaverunt
2361 1206 2414 1258 et
2434 1202 2524 1273 qui
2556 1203 2690 1258 lieno
2707 1198 2966 1272 egerunt?
2987 1201 3157 1257 viden'
3181 1201 3451 1273 quomodo

1861 1311 2156 1352 conservos
2178 1296 2441 1361 videntes,
2464 1295 2865 1372 obmutu'erunt?
2891 1297 2999 1365 Age
3016 1295 3080 1349 ad
3108 1295 3249 1351 aliud
3271 1310 3451 1350 exem-

1864 1388 2008 1459 plum
2030 1400 2329 1442 sermonem
2351 1385 2752 1443 transferamus.
2772 1386 3033 1457 Virgines,
3055 1386 3242 1456 inquit,
3262 1385 3447 1440 decem

1865 1488 2018 1534 erant
2038 1477 2247 1551 (Matth.
2280 1478 2396 1551 25).
2422 1476 2518 1533 llic
2547 1488 2734 1533 rursus
2755 1479 3055 1533 voluntates
3079 1489 3202 1533 sunt
3219 1494 3336 1550 qua:
3358 1478 3451 1534 lie-

1862 1586 1931 1626 ne
1951 1578 2256 1641 operantur,
2273 1577 2324 1626 et
2346 1583 2463 1640 quae
2485 1570 2819 1641 delinquunt,
2843 1579 2900 1625 ut
2918 1586 2984 1625 ex
3013 1571 3257 1641 Opposito
3283 1580 3335 1625 et
3357 1569 3450 1625 lia-

1864 1680 1981 1719 rum
2013 1675 2230 1734 peccata
2250 1662 2449 1729 videas,
2471 1673 2525 1718 et
2546 1664 2755 1719 illarum
2780 1664 2916 1719 bona
2935 1679 3096 1732 opera
3129 1682 3141 1718 :
3170 1679 3449 1734 compara-

1867 1758 2095 1814 tiocnim
2157 1757 2273 1812 haec
2300 1759 2443 1813 clare
2476 1757 2711 1812 exhibet.
2735 1756 2802 1812 Et
2841 1757 2924 1811 lue
2968 1768 3021 1812 et
3069 1758 3172 1812 illa:
3196 1752 3447 1828 virgines,

1869 1858 1926 1904 et
1967 1850 2047 1903 lite
2070 1857 2123 1903 et
2153 1847 2257 1903 illa;
2288 1847 2552 1919 qtinquc;
2585 1847 2855 1919 lampadas
2882 1856 3121 1918 utraeque
3158 1842 3449 1912 habebant,

1865 1952 2050 1993 omnes
2076 1951 2330 2008 sponsum
2358 1935 2870 2007 exspectabantCur
2893 1939 3007 1993 alite
3031 1938 3300 2008 ingressae,
3332 1940 3454 1994 alite

1865 2046 1970 2086 non
1999 2031 2248 2101 ingressa:
2265 2029 2426 2085 sunt?
2446 2030 2579 2096 Quia
2603 2029 2705 2085 illa:
2722 2030 2936 2102 quidem
2957 2028 3260 2086 inhumana:
3276 2040 3450 2096 erant,

1866 2121 1947 2174 lite
1972 2135 2100 2175 vero
2129 2128 2419 2176 mansuetae
2442 2124 2497 2175 et
2523 2120 2792 2178 humanae.
2822 2118 3009 2176 Viden‘
3027 2136 3238 2177 rursum
3265 2104 3451 2178 volun;

1865 2212 1988 2268 tatis
2040 2211 2367 2282 propositum
2391 2227 2607 2266 causam
2640 2209 2804 2266 fuisse
2834 2210 2971 2274 linis,
3004 2228 3111 2265 non
3136 2223 3311 2265 autem
3333 2211 3455 2266 dias

1865 2300 2087 2357 bolum?
2117 2301 2267 2356 vides
2300 2316 2369 2356 ex
2394 2302 2638 2373 opposito
2662 2300 2879 2372 judicia,
2899 2310 2952 2356 et
2974 2302 3036 2356 ex
3060 2298 3318 2357 similibus
3343 2302 3451 2357 cal-

1867 2391 2016 2447 culos
2043 2391 2205 2446 ferri?
2230 2390 2485 2446 Conservi
2511 2405 2801 2447 conservos
2823 2391 3150 2461 judicabant.
3172 2388 3332 2447 Visne
3355 2392 3452 2446 tibi

1866 2483 2144 2540 ostendam
2170 2484 2328 2538 etiam
2353 2498 2417 2538 ex
2440 2482 2788 2538 dissimilibus
2818 2480 2933 2538 ﬁeri
2961 2482 3453 2552 comparationem?

1869 2576 1929 2631 fit
1948 2576 2089 2632 enim
2116 2586 2174 2632 et
2195 2590 2259 2631 ex
2282 2575 2652 2640 dissimilibus,
2675 2584 2733 2630 ut
2752 2574 3129 2631 condemnatio
3149 2576 3218 2630 sit
3236 2574 3451 2631 clarior.

1876 2665 1987 2721 Viri
2024 2664 2289 2733 Ninivitaz,
2324 2666 2729 2738 inquit,surgent
2754 2675 2799 2719 et
2824 2663 3224 2720 condemnabam
3243 2682 3456 2737 genera-

1869 2758 2054 2812 tionem
2072 2757 2205 2811 hanc
2222 2756 2433 2830 (Matth.
2455 2756 2542 2812 12.
2565 2757 2678 2828 il).
2695 2755 2810 2811 Non
2829 2756 2965 2811 ultra
2986 2750 3187 2811 similes
3207 2750 3330 2810 sunt
3346 2754 3376 2808 ii
3391 2748 3457 2809 de

1869 2848 2060 2919 quibus
2082 2848 2339 2918 judicium
2362 2847 2530 2903 fertur
2554 2865 2565 2901 :
2592 2863 2713 2902 nam
2736 2847 2824 2901 alii
2846 2846 3056 2902 barbari
3083 2856 3227 2913 sunt,
3245 2846 3333 2901 alii
3360 2846 3456 2901 Ju-

1870 2940 1995 2997 dtei:
2026 2941 2080 2995 1ιί
2111 2940 2472 3012 prepbeticam
2501 2940 2801 2995 doctrinam
2829 2938 3099 3011 assequuti
3150 2949 3323 3005 erant,
3367 2939 3457 2994 alii

1872 3046 2158 3103 numquam
2190 3032 2258 3087 de
2282 3031 2478 3088 divinis
2500 3031 2794 3087 audierant.
2819 3029 3003 3102 Neque
3023 3030 3124 3085 hoc
3150 3039 3350 3086 tantum
3380 3030 3461 3085 in-

1873 3134 2035 3182 terest
2077 3125 2422 3192 discriminis,
2454 3122 2546 3180 sed
2573 3122 2713 3195 quod
2739 3122 2807 3179 ad
2846 3123 2967 3178 illos
2995 3116 3178 3178 servus
3200 3164 3214 3188 ,
3240 3122 3304 3178 ad
3359 3122 3460 3176 hos

1874 3217 2131 3273 Dominus
2160 3216 2365 3272 venerit
2396 3233 2410 3269 :
2441 3225 2497 3270 et
2522 3214 2610 3271 ille
2639 3213 2851 3286 quidem
2883 3213 3113 3269 futuram
3156 3212 3463 3268 subversio—

1871 3325 1994 3364 nem
2015 3308 2428 3379 prainuntiabat,
2446 3298 2545 3362 'bic
2579 3321 2706 3363 vero
2726 3310 2948 3378 regnum
2978 3306 3235 3361 cmlorum
3263 3305 3460 3376 prandi-

1873 3400 2047 3456 cabat.
2069 3401 2215 3469 Quos
2242 3414 2370 3470 ergo
2412 3398 2711 3454 credituros
2754 3413 2876 3453 esse
2922 3392 3263 3452 verisimilius
3313 3406 3459 3463 erat,

1874 3490 2198 3547 barbarosnc
2227 3490 2379 3552 illos,
2433 3490 2764 3560 insipientes,
2797 3489 2886 3561 qui
2933 3504 3221 3561 numquam
3270 3476 3464 3546 divinat

1873 3581 2131 3637 doctrinm:
2145 3581 2426 3651 participes
2442 3579 2667 3647 fuerant,
2690 3595 2759 3633 an
2781 3593 2874 3634 eos
2895 3578 2983 3649 qui
3000 3594 3028 3631 a
3048 3579 3244 3634 teneris
3267 3580 3319 3634 in
3336 3595 3464 3651 pro-

1878 3670 2103 3742 plieticis
2142 3670 2293 3726 libris
2337 3670 2545 3727 educati
2577 3668 2819 3724 fuerant?
2865 3662 3073 3724 Nemini
3104 3685 3210 3725 non
3250 3670 3466 3726 videtur

1874 3761 2088 3818 Judmos
2113 3763 2288 3834 potius
2303 3759 2638 3824 credituros;
2666 3758 2757 3816 sed
2780 3756 3106 3817 contrarium
3138 3764 3350 3818 accidit.
3401 3763 3463 3817 lli

1876 3855 2090 3927 quidem
2136 3869 2242 3908 non
2276 3852 2621 3909 crediderunt
2668 3851 2892 3909 Domino
2938 3869 3160 3924 regnum
3208 3854 3465 3910 cmlurum

1880 3946 2212 4019 priedicanti,
2244 3945 2319 4001 illi
2348 3960 2475 4001 vero
2504 3942 2849 4001 crediderunt
2872 3959 3135 4001 conservo
3160 3945 3466 4001 subversio-

1880 4040 2001 4095 nem
2028 4036 2392 4101 comminanti,
2413 4033 2688 4094 ut'clarius
2714 4047 2767 4092 et
2791 4052 2978 4093 eorum
3009 4037 3254 4109 aequitas,
3276 4048 3329 4092 et
3360 4037 3461 4113 bo-

1878 4146 1997 4186 rum
2022 4126 2336 4200 improbitas
2365 4128 2669 4200 a'ppareret.
2703 4126 2968 4200 Numquid
3019 4114 3266 4184 daemon?
3305 4144 3464 4184 num-

1879 4220 2007 4294 quid
2050 4219 2330 4277 diabolus?
2359 4219 2614 4292 numquid
2657 4218 2905 4274 fortuna?
2956 4219 3212 4291 numquid
3264 4219 3467 4275 fatum?

1881 4312 2136 4382 numquid
2185 4311 2285 4368 sibi
2306 4313 2531 4383 quisque
2559 4308 2717 4367 eausa
2762 4310 2860 4366 fuit
2890 4320 2999 4367 tum
3038 4310 3324 4382 nequitiae,
3355 4318 3467 4366 tum

1879 4404 2128 4460 virtutis?
2155 4401 2269 4460 Nisi
2298 4400 2441 4459 enim
2473 4402 2549 4458 illi
2588 4396 2665 4457 rei
2717 4400 2874 4457 futuri
2903 4410 3100 4468 essent,
3134 4400 3467 4472 nequaquam

1881 4498 2129 4554 dixisset:
2144 4493 2560 4553 Condemnabunt
2577 4490 2947 4566 generationem
2967 4492 3466 4566 hancmequaquanl

1881 4588 2106 4645 dixisset
2132 4587 2370 4658 reginam
2393 4586 2572 4640 Austri
2594 4582 3068 4663 eondemnaturam
3090 4582 3305 4641 Judmos
3321 4597 3464 4641 esse.

1883 4678 2000 4735 Non
2025 4678 2195 4733 solum
2218 4677 2358 4733 enim
2387 4674 2567 4747 populi
2586 4672 2830 4745 populos,
2859 4670 2953 4731 sed
2980 4689 3118 4729 unus
3142 4674 3302 4729 homo
3325 4688 3467 4743 stupe

1885 4771 2149 4841 integrum
2193 4767 2447 4839 pupulum
2480 4763 2847 4822 condemnat:
2877 4762 3091 4836 quando
3117 4763 3174 4831 ii,
3198 4762 3289 4835 qui
3313 4760 3465 4839 facile

1882 4861 2057 4932 decipi
2088 4862 2245 4932 posse
2272 4857 2605 4927 videbantur,
2629 4858 2734 4913 non
2755 4856 2962 4928 decepti
2988 4854 3152 4913 fuisse
3170 4848 3467 4928 deprellen-

1885 4954 2097 5020 duntur,
2141 4962 2197 5010 et
2222 4952 2312 5023 qui
2336 4950 2483 5008 omni
2513 4950 2672 5007 modo
2712 4947 2929 5007 vincere
2957 4943 3249 5014 debebant,
3289 4956 3468 5003 tamen

1887 5046 2219 5121 superantur.
2238 5044 2364 5101 [deo
2393 5044 2582 5101 Adami
2611 5040 2666 5101 et
2694 5042 2812 5101 J'obi
2850 5038 3177 5100 mentionem
3204 5040 3465 5100 fecimus:

1883 5142 1992 5214 jam
2010 5140 2151 5196 enim
2182 5137 2247 5193 ad
2270 5135 2401 5194 illud
2427 5147 2796 5210 argumentum
2820 5133 2997 5194 redire
3024 5132 3255 5207 necesse
3273 5142 3373 5198 est,
3409 5141 3467 5188 ut

1888 5232 2028 5308 quod
2046 5230 2303 5303 reliquum
2332 5229 2411 5286 est
2433 5226 2797 5309 expediamus.
2825 5224 3086 5283 Adamum
3113 5220 3271 5294 igitur
3312 5218 3465 5278 nudis

1892 5334 2091 5382 tantum
2111 5323 2305 5386 verbis.
2332 5320 2522 5379 Jebum
2544 5308 2695 5391 factis
2711 5314 2995 5391 aggressus
3011 5322 3091 5372 est
3114 5334 3127 5370 :
3161 5308 3304 5371 hunc
3323 5315 3468 5370 enim

1889 5412 2137 5474 omnibus
2174 5408 2371 5471 divitiis
2414 5410 2661 5485 spoliavit
2707 5406 2936 5481 ﬁliisque
2977 5400 3210 5471 Orbavit',
3265 5404 3339 5460 illi
3370 5420 3474 5459 nec

1890 5508 2168 5565 minimum
2202 5506 2301 5563 nec
2336 5502 2582 5578 magnum
2622 5498 2890 5577 quidpiam
2924 5498 3159 5557 abstulit.
3202 5497 3339 5564 Quin
3373 5510 3471 5566 po-

1891 5601 1994 5657 tius
2032 5600 2144 5670 ipsa
2173 5596 2332 5653 verba
2363 5594 2770 5667 perpendamus,
2810 5603 2863 5648 et
2892 5588 3199 5649 insidiarum
3232 5586 3467 5642 modum.

1888 5689 2323 5763 Accessitﬁnquit,
2346 5705 2569 5761 serpens,
2594 5690 2639 5742 et
2654 5688 2779 5743 dixit
2808 5686 3001 5741 mulieri
3024 5702 3039 5738 :
3066 5681 3168 5736 Cur
3189 5681 3311 5736 dixit
3337 5676 3477 5735 vobis
