  <div class='ocr_page' id='page_1' title='image "/cluster/home/n/w/nwhite01/storage/ocr_20150623/49/hvd.32044054086806/267.png"; bbox 0 0 4036 6206; ppageno 0'>
   <div class='ocr_carea' id='block_1_1' title="bbox 640 222 752 279">
    <p class='ocr_par' dir='ltr' id='par_1_1' title="bbox 640 222 752 279">
     <span class='ocr_line' id='line_1_1' title="bbox 640 222 752 279; baseline 0.018 -8"><span class='ocrx_word' id='word_1_1' title='bbox 640 222 752 279; x_wconf 72' lang='lat'><strong>$69</strong></span> 
     </span>
    </p>
   </div>
   <div class='ocr_carea' id='block_1_2' title="bbox 634 323 2221 393">
    <p class='ocr_par' dir='ltr' id='par_1_2' title="bbox 634 323 2221 393">
     <span class='ocr_line' id='line_1_2' title="bbox 634 323 2221 393; baseline -0.004 -12"><span class='ocrx_word' id='word_1_2' title='bbox 634 330 795 386; x_wconf 68' lang='lat' dir='ltr'><strong>lteris.</strong></span> <span class='ocrx_word' id='word_1_3' title='bbox 828 324 946 379; x_wconf 56' lang='grc' dir='ltr'><strong>ἄση</strong></span> <span class='ocrx_word' id='word_1_4' title='bbox 974 323 1241 378; x_wconf 78' lang='lat' dir='ltr'><strong>comedetis</strong></span> <span class='ocrx_word' id='word_1_5' title='bbox 1265 339 1330 376; x_wconf 78' lang='lat' dir='ltr'><strong>c1:</strong></span> <span class='ocrx_word' id='word_1_6' title='bbox 1354 325 1491 376; x_wconf 88' lang='lat' dir='ltr'><strong>omni</strong></span> <span class='ocrx_word' id='word_1_7' title='bbox 1517 324 1652 393; x_wconf 84' lang='lat' dir='ltr'><strong>ligno</strong></span> <span class='ocrx_word' id='word_1_8' title='bbox 1672 365 1687 389; x_wconf 95' lang='lat'><strong>,</strong></span> <span class='ocrx_word' id='word_1_9' title='bbox 1713 326 1847 393; x_wconf 83' lang='lat' dir='ltr'><strong>quod</strong></span> <span class='ocrx_word' id='word_1_10' title='bbox 1874 334 1947 377; x_wconf 81' lang='lat' dir='ltr'><strong>est</strong></span> <span class='ocrx_word' id='word_1_11' title='bbox 1981 324 2033 377; x_wconf 88' lang='lat' dir='ltr'><strong>in</strong></span> <span class='ocrx_word' id='word_1_12' title='bbox 2071 339 2221 393; x_wconf 69' lang='lat' dir='ltr'><strong>paruo</strong></span> 
     </span>
    </p>
   </div>
   <div class='ocr_carea' id='block_1_3' title="bbox 635 415 2223 487">
    <p class='ocr_par' dir='ltr' id='par_1_3' title="bbox 635 415 2223 487">
     <span class='ocr_line' id='line_1_3' title="bbox 635 415 2223 487; baseline -0.004 -14"><span class='ocrx_word' id='word_1_13' title='bbox 635 423 746 473; x_wconf 81' lang='lat' dir='ltr'><strong>disc</strong></span> <span class='ocrx_word' id='word_1_14' title='bbox 767 418 915 487; x_wconf 77' lang='lat' dir='ltr'><strong>(Gen.</strong></span> <span class='ocrx_word' id='word_1_15' title='bbox 943 420 998 474; x_wconf 79' lang='grc'><strong>5.</strong></span> <span class='ocrx_word' id='word_1_16' title='bbox 1033 420 1085 487; x_wconf 77' lang='grc'><strong>1)</strong></span> <span class='ocrx_word' id='word_1_17' title='bbox 1108 418 1133 469; x_wconf 82' lang='lat'><strong>?</strong></span> <span class='ocrx_word' id='word_1_18' title='bbox 1163 416 1258 471; x_wconf 91' lang='lat' dir='ltr'><strong>llic</strong></span> <span class='ocrx_word' id='word_1_19' title='bbox 1282 431 1527 485; x_wconf 90' lang='lat' dir='ltr'><strong>serpens,</strong></span> <span class='ocrx_word' id='word_1_20' title='bbox 1555 416 1663 470; x_wconf 91' lang='lat' dir='ltr'><strong>illic</strong></span> <span class='ocrx_word' id='word_1_21' title='bbox 1692 432 1831 471; x_wconf 83' lang='lat' dir='ltr'><strong>uxor</strong></span> <span class='ocrx_word' id='word_1_22' title='bbox 1852 415 1988 470; x_wconf 81' lang='lat' dir='ltr'><strong>Jobo</strong></span> <span class='ocrx_word' id='word_1_23' title='bbox 2011 415 2223 468; x_wconf 80' lang='lat' dir='ltr'><strong>insidia-</strong></span> 
     </span>
    </p>
   </div>
   <div class='ocr_carea' id='block_1_4' title="bbox 626 506 2222 563">
    <p class='ocr_par' dir='ltr' id='par_1_4' title="bbox 626 506 2222 563">
     <span class='ocr_line' id='line_1_4' title="bbox 626 506 2222 563; baseline -0.003 -1"><span class='ocrx_word' id='word_1_24' title='bbox 626 522 723 563; x_wconf 72' lang='lat' dir='ltr'><strong>anr</strong></span> <span class='ocrx_word' id='word_1_25' title='bbox 749 527 763 563; x_wconf 88' lang='lat'>:</span> <span class='ocrx_word' id='word_1_26' title='bbox 792 510 875 563; x_wconf 91' lang='lat' dir='ltr'><strong>hic</strong></span> <span class='ocrx_word' id='word_1_27' title='bbox 902 509 1123 563; x_wconf 90' lang='lat' dir='ltr'><strong>multum</strong></span> <span class='ocrx_word' id='word_1_28' title='bbox 1138 508 1358 562; x_wconf 90' lang='lat' dir='ltr'><strong>interest</strong></span> <span class='ocrx_word' id='word_1_29' title='bbox 1379 508 1515 561; x_wconf 85' lang='lat' dir='ltr'><strong>inter</strong></span> <span class='ocrx_word' id='word_1_30' title='bbox 1533 508 1867 562; x_wconf 75' lang='lat' dir='ltr'><strong>consiliarios</strong></span> <span class='ocrx_word' id='word_1_31' title='bbox 1882 506 2222 562; x_wconf 73' lang='lat' dir='ltr'><strong>discriminis.</strong></span> 
     </span>
    </p>
   </div>
   <div class='ocr_carea' id='block_1_5' title="bbox 634 597 2228 669">
    <p class='ocr_par' dir='ltr' id='par_1_5' title="bbox 634 597 2228 669">
     <span class='ocr_line' id='line_1_5' title="bbox 634 597 2228 669; baseline -0.002 -14"><span class='ocrx_word' id='word_1_32' title='bbox 634 600 768 655; x_wconf 79' lang='lat' dir='ltr'><strong>Nam</strong></span> <span class='ocrx_word' id='word_1_33' title='bbox 820 600 908 654; x_wconf 90' lang='lat' dir='ltr'><strong>ille</strong></span> <span class='ocrx_word' id='word_1_34' title='bbox 930 658 933 661; x_wconf 95' lang='lat'><em>_</em></span> <span class='ocrx_word' id='word_1_35' title='bbox 956 598 1170 668; x_wconf 80' lang='lat' dir='ltr'><strong>quidem</strong></span> <span class='ocrx_word' id='word_1_36' title='bbox 1208 613 1399 653; x_wconf 74' lang='lat' dir='ltr'><strong>servus</strong></span> <span class='ocrx_word' id='word_1_37' title='bbox 1418 640 1436 665; x_wconf 94' lang='lat'><strong>,</strong></span> <span class='ocrx_word' id='word_1_38' title='bbox 1485 599 1600 653; x_wconf 74' lang='lat' dir='ltr'><strong>bzrc</strong></span> <span class='ocrx_word' id='word_1_39' title='bbox 1626 600 1746 655; x_wconf 78' lang='lat' dir='ltr'><strong>vita:</strong></span> <span class='ocrx_word' id='word_1_40' title='bbox 1773 600 2038 669; x_wconf 71' lang='lat' dir='ltr'><strong>particeps</strong></span> <span class='ocrx_word' id='word_1_41' title='bbox 2066 617 2077 649; x_wconf 77' lang='grc' dir='ltr'><strong><em>τ</em></strong></span> <span class='ocrx_word' id='word_1_42' title='bbox 2111 597 2228 652; x_wconf 69' lang='grc' dir='ltr'>ιιῖιια</span> 
     </span>
    </p>
   </div>
   <div class='ocr_carea' id='block_1_6' title="bbox 636 688 2226 758">
    <p class='ocr_par' dir='ltr' id='par_1_6' title="bbox 636 688 2226 758">
     <span class='ocr_line' id='line_1_6' title="bbox 636 688 2226 758; baseline -0.003 -14"><span class='ocrx_word' id='word_1_43' title='bbox 636 692 956 754; x_wconf 86' lang='lat' dir='ltr'><strong>anxiliatrix,</strong></span> <span class='ocrx_word' id='word_1_44' title='bbox 992 690 1080 745; x_wconf 89' lang='lat' dir='ltr'><strong>ille</strong></span> <span class='ocrx_word' id='word_1_45' title='bbox 1116 704 1245 744; x_wconf 89' lang='lat' dir='ltr'><strong>vero</strong></span> <span class='ocrx_word' id='word_1_46' title='bbox 1270 689 1517 745; x_wconf 82' lang='lat' dir='ltr'><strong>subditus</strong></span> <span class='ocrx_word' id='word_1_47' title='bbox 1543 700 1679 744; x_wconf 89' lang='lat' dir='ltr'><strong>erat.</strong></span> <span class='ocrx_word' id='word_1_48' title='bbox 1711 688 1895 745; x_wconf 67' lang='lat' dir='ltr'><strong>Viden‘</strong></span> <span class='ocrx_word' id='word_1_49' title='bbox 1922 705 2079 758; x_wconf 92' lang='lat' dir='ltr'><strong>quam</strong></span> <span class='ocrx_word' id='word_1_50' title='bbox 2106 688 2226 741; x_wconf 84' lang='lat' dir='ltr'><strong>nul-</strong></span> 
     </span>
    </p>
   </div>
   <div class='ocr_carea' id='block_1_7' title="bbox 640 782 2227 837">
    <p class='ocr_par' dir='ltr' id='par_1_7' title="bbox 640 782 2227 837">
     <span class='ocr_line' id='line_1_7' title="bbox 640 782 2227 837; baseline 0 -2"><span class='ocrx_word' id='word_1_51' title='bbox 640 783 722 835; x_wconf 88' lang='lat' dir='ltr'><strong>lus</strong></span> <span class='ocrx_word' id='word_1_52' title='bbox 768 785 837 837; x_wconf 91' lang='lat' dir='ltr'><strong>sit</strong></span> <span class='ocrx_word' id='word_1_53' title='bbox 863 783 1031 836; x_wconf 68' lang='lat' dir='ltr'><strong>xenia:</strong></span> <span class='ocrx_word' id='word_1_54' title='bbox 1071 782 1264 836; x_wconf 77' lang='lat' dir='ltr'><strong>locus?</strong></span> <span class='ocrx_word' id='word_1_55' title='bbox 1294 782 1439 836; x_wconf 93' lang='lat' dir='ltr'><strong>illam</strong></span> <span class='ocrx_word' id='word_1_56' title='bbox 1465 782 1608 837; x_wconf 82' lang='lat' dir='ltr'><strong>enim</strong></span> <span class='ocrx_word' id='word_1_57' title='bbox 1657 782 1901 837; x_wconf 85' lang='lat' dir='ltr'><strong>subditus</strong></span> <span class='ocrx_word' id='word_1_58' title='bbox 1942 797 2005 836; x_wconf 91' lang='lat' dir='ltr'><strong>ac</strong></span> <span class='ocrx_word' id='word_1_59' title='bbox 2042 795 2227 836; x_wconf 85' lang='lat' dir='ltr'><strong>servus</strong></span> 
     </span>
    </p>
   </div>
   <div class='ocr_carea' id='block_1_8' title="bbox 634 869 2228 940">
    <p class='ocr_par' dir='ltr' id='par_1_8' title="bbox 634 869 2228 940">
     <span class='ocr_line' id='line_1_8' title="bbox 634 869 2228 940; baseline 0.002 -18"><span class='ocrx_word' id='word_1_60' title='bbox 634 869 836 925; x_wconf 78' lang='lat' dir='ltr'><strong>ilcvieit</strong></span> <span class='ocrx_word' id='word_1_61' title='bbox 863 889 877 924; x_wconf 91' lang='lat'><strong>:</strong></span> <span class='ocrx_word' id='word_1_62' title='bbox 904 872 1049 937; x_wconf 80' lang='lat' dir='ltr'><strong>illum</strong></span> <span class='ocrx_word' id='word_1_63' title='bbox 1071 886 1139 924; x_wconf 90' lang='lat' dir='ltr'><strong>ne</strong></span> <span class='ocrx_word' id='word_1_64' title='bbox 1150 870 1365 940; x_wconf 84' lang='lat' dir='ltr'><strong>quidem</strong></span> <span class='ocrx_word' id='word_1_65' title='bbox 1376 886 1597 925; x_wconf 82' lang='lat' dir='ltr'><strong>consors</strong></span> <span class='ocrx_word' id='word_1_66' title='bbox 1616 879 1671 925; x_wconf 87' lang='lat' dir='ltr'><strong>et</strong></span> <span class='ocrx_word' id='word_1_67' title='bbox 1697 871 1995 925; x_wconf 71' lang='lat' dir='ltr'><strong>auxiliutrix</strong></span> <span class='ocrx_word' id='word_1_68' title='bbox 2018 872 2228 925; x_wconf 83' lang='lat' dir='ltr'><strong>vincere</strong></span> 
     </span>
    </p>
   </div>
   <div class='ocr_carea' id='block_1_9' title="bbox 640 960 2225 1031">
    <p class='ocr_par' dir='ltr' id='par_1_9' title="bbox 640 960 2225 1031">
     <span class='ocr_line' id='line_1_9' title="bbox 640 960 2225 1031; baseline 0.002 -18"><span class='ocrx_word' id='word_1_69' title='bbox 640 962 831 1031; x_wconf 76' lang='lat' dir='ltr'><strong>potuit.</strong></span> <span class='ocrx_word' id='word_1_70' title='bbox 856 963 924 1015; x_wconf 83' lang='lat' dir='ltr'><strong>At</strong></span> <span class='ocrx_word' id='word_1_71' title='bbox 970 960 1244 1015; x_wconf 85' lang='lat' dir='ltr'><strong>videamus</strong></span> <span class='ocrx_word' id='word_1_72' title='bbox 1270 960 1395 1031; x_wconf 87' lang='lat' dir='ltr'><strong>quid</strong></span> <span class='ocrx_word' id='word_1_73' title='bbox 1423 961 1566 1015; x_wconf 85' lang='lat' dir='ltr'><strong>dicat</strong></span> <span class='ocrx_word' id='word_1_74' title='bbox 1592 980 1607 1015; x_wconf 83' lang='lat'><strong>:</strong></span> <span class='ocrx_word' id='word_1_75' title='bbox 1638 962 1742 1016; x_wconf 83' lang='lat' dir='ltr'><strong>Cur</strong></span> <span class='ocrx_word' id='word_1_76' title='bbox 1761 962 1887 1015; x_wconf 69' lang='lat' dir='ltr'><strong>dixit</strong></span> <span class='ocrx_word' id='word_1_77' title='bbox 1913 962 2047 1015; x_wconf 78' lang='lat' dir='ltr'><strong>tiobis</strong></span> <span class='ocrx_word' id='word_1_78' title='bbox 2071 961 2225 1028; x_wconf 79' lang='lat' dir='ltr'><strong>Deus,</strong></span> 
     </span>
    </p>
   </div>
   <div class='ocr_carea' id='block_1_10' title="bbox 643 1051 2228 1122">
    <p class='ocr_par' dir='ltr' id='par_1_10' title="bbox 643 1051 2228 1122">
     <span class='ocr_line' id='line_1_10' title="bbox 643 1051 2228 1122; baseline 0.001 -17"><span class='ocrx_word' id='word_1_79' title='bbox 643 1051 767 1105; x_wconf 67' lang='lat' dir='ltr'><strong>Non</strong></span> <span class='ocrx_word' id='word_1_80' title='bbox 794 1052 1056 1105; x_wconf 81' lang='lat' dir='ltr'><strong>comedetis</strong></span> <span class='ocrx_word' id='word_1_81' title='bbox 1081 1068 1143 1105; x_wconf 83' lang='lat' dir='ltr'><strong>ea:</strong></span> <span class='ocrx_word' id='word_1_82' title='bbox 1161 1053 1297 1105; x_wconf 80' lang='lat' dir='ltr'><strong>omni</strong></span> <span class='ocrx_word' id='word_1_83' title='bbox 1322 1052 1499 1122; x_wconf 78' lang='lat' dir='ltr'><strong>ligno!</strong></span> <span class='ocrx_word' id='word_1_84' title='bbox 1516 1053 1673 1122; x_wconf 79' lang='lat' dir='ltr'><strong>Atqui</strong></span> <span class='ocrx_word' id='word_1_85' title='bbox 1703 1068 1805 1107; x_wconf 92' lang='lat' dir='ltr'><strong>non</strong></span> <span class='ocrx_word' id='word_1_86' title='bbox 1838 1053 2053 1108; x_wconf 85' lang='lat' dir='ltr'><strong>idDeus</strong></span> <span class='ocrx_word' id='word_1_87' title='bbox 2076 1053 2228 1107; x_wconf 89' lang='lat' dir='ltr'><strong>dixe-</strong></span> 
     </span>
    </p>
   </div>
   <div class='ocr_carea' id='block_1_11' title="bbox 647 1142 2229 1213">
    <p class='ocr_par' dir='ltr' id='par_1_11' title="bbox 647 1142 2229 1213">
     <span class='ocr_line' id='line_1_11' title="bbox 647 1142 2229 1213; baseline 0.002 -20"><span class='ocrx_word' id='word_1_88' title='bbox 647 1152 751 1207; x_wconf 91' lang='lat' dir='ltr'><strong>rat,</strong></span> <span class='ocrx_word' id='word_1_89' title='bbox 782 1142 875 1195; x_wconf 86' lang='lat' dir='ltr'><strong>sed</strong></span> <span class='ocrx_word' id='word_1_90' title='bbox 905 1156 1120 1210; x_wconf 86' lang='lat' dir='ltr'><strong>prorsus</strong></span> <span class='ocrx_word' id='word_1_91' title='bbox 1144 1144 1492 1197; x_wconf 86' lang='lat' dir='ltr'><strong>contrarium.</strong></span> <span class='ocrx_word' id='word_1_92' title='bbox 1514 1142 1811 1198; x_wconf 85' lang='lat' dir='ltr'><strong>Considera</strong></span> <span class='ocrx_word' id='word_1_93' title='bbox 1854 1144 2030 1213; x_wconf 90' lang='lat' dir='ltr'><strong>itaque</strong></span> <span class='ocrx_word' id='word_1_94' title='bbox 2070 1144 2229 1196; x_wconf 79' lang='lat' dir='ltr'><strong>vafri-</strong></span> 
     </span>
    </p>
   </div>
   <div class='ocr_carea' id='block_1_12' title="bbox 646 1234 2226 1305">
    <p class='ocr_par' dir='ltr' id='par_1_12' title="bbox 646 1234 2226 1305">
     <span class='ocr_line' id='line_1_12' title="bbox 646 1234 2226 1305; baseline 0.001 -20"><span class='ocrx_word' id='word_1_95' title='bbox 646 1235 769 1288; x_wconf 90' lang='lat' dir='ltr'><strong>tiem</strong></span> <span class='ocrx_word' id='word_1_96' title='bbox 788 1234 980 1289; x_wconf 88' lang='lat' dir='ltr'><strong>diaboli</strong></span> <span class='ocrx_word' id='word_1_97' title='bbox 1002 1252 1017 1287; x_wconf 87' lang='lat'><strong><em>:</em></strong></span> <span class='ocrx_word' id='word_1_98' title='bbox 1042 1234 1177 1288; x_wconf 90' lang='lat' dir='ltr'><strong>dixit</strong></span> <span class='ocrx_word' id='word_1_99' title='bbox 1217 1234 1359 1305; x_wconf 91' lang='lat' dir='ltr'><strong>quod</strong></span> <span class='ocrx_word' id='word_1_100' title='bbox 1389 1249 1494 1289; x_wconf 93' lang='lat' dir='ltr'><strong>non</strong></span> <span class='ocrx_word' id='word_1_101' title='bbox 1514 1235 1712 1290; x_wconf 89' lang='lat' dir='ltr'><strong>dictum</strong></span> <span class='ocrx_word' id='word_1_102' title='bbox 1738 1234 2226 1297; x_wconf 78' lang='lat' dir='ltr'><strong>fuerat,utedisce-</strong></span> 
     </span>
    </p>
   </div>
   <div class='ocr_carea' id='block_1_13' title="bbox 644 1326 2228 1397">
    <p class='ocr_par' dir='ltr' id='par_1_13' title="bbox 644 1326 2228 1397">
     <span class='ocr_line' id='line_1_13' title="bbox 644 1326 2228 1397; baseline -0.001 -17"><span class='ocrx_word' id='word_1_103' title='bbox 644 1338 723 1380; x_wconf 89' lang='lat' dir='ltr'><strong>ret</strong></span> <span class='ocrx_word' id='word_1_104' title='bbox 748 1327 885 1396; x_wconf 91' lang='lat' dir='ltr'><strong>quod</strong></span> <span class='ocrx_word' id='word_1_105' title='bbox 909 1328 1104 1380; x_wconf 82' lang='lat' dir='ltr'><strong>dictum</strong></span> <span class='ocrx_word' id='word_1_106' title='bbox 1133 1329 1319 1381; x_wconf 81' lang='lat' dir='ltr'><strong>fuerat.</strong></span> <span class='ocrx_word' id='word_1_107' title='bbox 1350 1326 1485 1393; x_wconf 84' lang='lat' dir='ltr'><strong>Quid</strong></span> <span class='ocrx_word' id='word_1_108' title='bbox 1514 1327 1671 1397; x_wconf 77' lang='lat' dir='ltr'><strong>igitur</strong></span> <span class='ocrx_word' id='word_1_109' title='bbox 1686 1327 1909 1380; x_wconf 86' lang='lat' dir='ltr'><strong>mulier?</strong></span> <span class='ocrx_word' id='word_1_110' title='bbox 1934 1341 2228 1394; x_wconf 88' lang='lat' dir='ltr'><strong>cumopor-</strong></span> 
     </span>
    </p>
   </div>
   <div class='ocr_carea' id='block_1_14' title="bbox 645 1419 2228 1489">
    <p class='ocr_par' dir='ltr' id='par_1_14' title="bbox 645 1419 2228 1489">
     <span class='ocr_line' id='line_1_14' title="bbox 645 1419 2228 1489; baseline -0.001 -16"><span class='ocrx_word' id='word_1_111' title='bbox 645 1421 835 1473; x_wconf 84' lang='lat' dir='ltr'><strong>tuissct</strong></span> <span class='ocrx_word' id='word_1_112' title='bbox 882 1420 952 1472; x_wconf 85' lang='lat' dir='ltr'><strong>illi</strong></span> <span class='ocrx_word' id='word_1_113' title='bbox 990 1436 1050 1473; x_wconf 92' lang='lat' dir='ltr'><strong>os</strong></span> <span class='ocrx_word' id='word_1_114' title='bbox 1078 1421 1357 1483; x_wconf 86' lang='lat' dir='ltr'><strong>obturare,</strong></span> <span class='ocrx_word' id='word_1_115' title='bbox 1409 1420 1493 1473; x_wconf 89' lang='lat' dir='ltr'><strong>vel</strong></span> <span class='ocrx_word' id='word_1_116' title='bbox 1522 1435 1625 1473; x_wconf 91' lang='lat' dir='ltr'><strong>non</strong></span> <span class='ocrx_word' id='word_1_117' title='bbox 1674 1419 2033 1489; x_wconf 89' lang='lat' dir='ltr'><strong>respondere,</strong></span> <span class='ocrx_word' id='word_1_118' title='bbox 2068 1420 2228 1471; x_wconf 88' lang='lat' dir='ltr'><strong>stulte</strong></span> 
     </span>
    </p>
   </div>
   <div class='ocr_carea' id='block_1_15' title="bbox 644 1508 2227 1579">
    <p class='ocr_par' dir='ltr' id='par_1_15' title="bbox 644 1508 2227 1579">
     <span class='ocr_line' id='line_1_15' title="bbox 644 1508 2227 1579; baseline -0.001 -17"><span class='ocrx_word' id='word_1_119' title='bbox 644 1511 960 1564; x_wconf 74' lang='lat' dir='ltr'><strong>dominicam</strong></span> <span class='ocrx_word' id='word_1_120' title='bbox 986 1510 1303 1564; x_wconf 83' lang='lat' dir='ltr'><strong>sententiam</strong></span> <span class='ocrx_word' id='word_1_121' title='bbox 1333 1510 1539 1579; x_wconf 88' lang='lat' dir='ltr'><strong>aperuit</strong></span> <span class='ocrx_word' id='word_1_122' title='bbox 1566 1526 1581 1561; x_wconf 88' lang='lat'><strong>:</strong></span> <span class='ocrx_word' id='word_1_123' title='bbox 1615 1508 1842 1579; x_wconf 84' lang='lat' dir='ltr'><strong>hincque</strong></span> <span class='ocrx_word' id='word_1_124' title='bbox 1869 1509 1945 1563; x_wconf 88' lang='lat' dir='ltr'><strong>illi</strong></span> <span class='ocrx_word' id='word_1_125' title='bbox 1984 1523 2227 1578; x_wconf 89' lang='lat' dir='ltr'><strong>magnam</strong></span> 
     </span>
    </p>
   </div>
   <div class='ocr_carea' id='block_1_16' title="bbox 647 1601 1101 1669">
    <p class='ocr_par' dir='ltr' id='par_1_16' title="bbox 647 1601 1101 1669">
     <span class='ocr_line' id='line_1_16' title="bbox 647 1601 1101 1669; baseline 0 -16"><span class='ocrx_word' id='word_1_126' title='bbox 647 1601 871 1669; x_wconf 71' lang='lat' dir='ltr'><strong>pnebuit</strong></span> <span class='ocrx_word' id='word_1_127' title='bbox 895 1616 1101 1655; x_wconf 87' lang='lat' dir='ltr'><strong>ansam.</strong></span> 
     </span>
    </p>
   </div>
   <div class='ocr_carea' id='block_1_17' title="bbox 708 1690 2230 1760">
    <p class='ocr_par' dir='ltr' id='par_1_17' title="bbox 708 1690 2230 1760">
     <span class='ocr_line' id='line_1_17' title="bbox 708 1690 2230 1760; baseline 0.001 -16"><span class='ocrx_word' id='word_1_128' title='bbox 708 1690 759 1744; x_wconf 74' lang='grc'><strong>4.</strong></span> <span class='ocrx_word' id='word_1_129' title='bbox 793 1690 927 1743; x_wconf 81' lang='lat' dir='ltr'><strong>Vide</strong></span> <span class='ocrx_word' id='word_1_130' title='bbox 954 1700 1208 1760; x_wconf 87' lang='lat' dir='ltr'><strong>quantum</strong></span> <span class='ocrx_word' id='word_1_131' title='bbox 1238 1692 1435 1746; x_wconf 90' lang='lat' dir='ltr'><strong>malum</strong></span> <span class='ocrx_word' id='word_1_132' title='bbox 1463 1691 1532 1745; x_wconf 92' lang='lat' dir='ltr'><strong>sit</strong></span> <span class='ocrx_word' id='word_1_133' title='bbox 1559 1706 1677 1746; x_wconf 90' lang='lat' dir='ltr'><strong>sese</strong></span> <span class='ocrx_word' id='word_1_134' title='bbox 1700 1700 1898 1746; x_wconf 84' lang='lat' dir='ltr'><strong>temere</strong></span> <span class='ocrx_word' id='word_1_135' title='bbox 1925 1692 2153 1745; x_wconf 87' lang='lat' dir='ltr'><strong>inimicis</strong></span> <span class='ocrx_word' id='word_1_136' title='bbox 2174 1701 2230 1745; x_wconf 85' lang='lat' dir='ltr'><strong>et</strong></span> 
     </span>
    </p>
   </div>
   <div class='ocr_carea' id='block_1_18' title="bbox 643 1778 2232 1837">
    <p class='ocr_par' dir='ltr' id='par_1_18' title="bbox 643 1778 2232 1837">
     <span class='ocr_line' id='line_1_18' title="bbox 643 1778 2232 1837; baseline 0.001 -5"><span class='ocrx_word' id='word_1_137' title='bbox 643 1778 1049 1835; x_wconf 73' lang='lat' dir='ltr'><strong>insidiatoribus</strong></span> <span class='ocrx_word' id='word_1_138' title='bbox 1082 1781 1292 1836; x_wconf 90' lang='lat' dir='ltr'><strong>tradere</strong></span> <span class='ocrx_word' id='word_1_139' title='bbox 1322 1800 1335 1836; x_wconf 91' lang='lat'>:</span> <span class='ocrx_word' id='word_1_140' title='bbox 1365 1783 1485 1837; x_wconf 89' lang='lat' dir='ltr'><strong>ideo</strong></span> <span class='ocrx_word' id='word_1_141' title='bbox 1516 1782 1757 1837; x_wconf 89' lang='lat' dir='ltr'><strong>Christus</strong></span> <span class='ocrx_word' id='word_1_142' title='bbox 1783 1783 1990 1837; x_wconf 83' lang='lat' dir='ltr'><strong>dicebat</strong></span> <span class='ocrx_word' id='word_1_143' title='bbox 2016 1800 2029 1836; x_wconf 90' lang='lat'><strong>:</strong></span> <span class='ocrx_word' id='word_1_144' title='bbox 2060 1782 2232 1835; x_wconf 62' lang='lat' dir='ltr'><strong>Nolite</strong></span> 
     </span>
    </p>
   </div>
   <div class='ocr_carea' id='block_1_19' title="bbox 641 1871 2230 1943">
    <p class='ocr_par' dir='ltr' id='par_1_19' title="bbox 641 1871 2230 1943">
     <span class='ocr_line' id='line_1_19' title="bbox 641 1871 2230 1943; baseline 0.003 -21"><span class='ocrx_word' id='word_1_145' title='bbox 641 1871 770 1923; x_wconf 77' lang='lat' dir='ltr'><strong>dare</strong></span> <span class='ocrx_word' id='word_1_146' title='bbox 792 1880 965 1924; x_wconf 83' lang='lat' dir='ltr'><strong>sancta</strong></span> <span class='ocrx_word' id='word_1_147' title='bbox 987 1873 1211 1937; x_wconf 90' lang='lat' dir='ltr'><strong>canibus,</strong></span> <span class='ocrx_word' id='word_1_148' title='bbox 1240 1889 1395 1942; x_wconf 84' lang='lat' dir='ltr'><strong>neque</strong></span> <span class='ocrx_word' id='word_1_149' title='bbox 1420 1874 1698 1943; x_wconf 72' lang='lat' dir='ltr'><strong>proﬁciatis</strong></span> <span class='ocrx_word' id='word_1_150' title='bbox 1726 1874 2022 1942; x_wconf 84' lang='lat' dir='ltr'><strong>margaritas</strong></span> <span class='ocrx_word' id='word_1_151' title='bbox 2043 1884 2230 1926; x_wconf 81' lang='lat' dir='ltr'><strong>vestras</strong></span> 
     </span>
    </p>
   </div>
   <div class='ocr_carea' id='block_1_20' title="bbox 647 1962 2223 2033">
    <p class='ocr_par' dir='ltr' id='par_1_20' title="bbox 647 1962 2223 2033">
     <span class='ocr_line' id='line_1_20' title="bbox 647 1962 2223 2033; baseline 0.003 -22"><span class='ocrx_word' id='word_1_152' title='bbox 647 1970 765 2013; x_wconf 83' lang='lat' dir='ltr'><strong>ante</strong></span> <span class='ocrx_word' id='word_1_153' title='bbox 797 1978 995 2031; x_wconf 87' lang='lat' dir='ltr'><strong>porcos,</strong></span> <span class='ocrx_word' id='word_1_154' title='bbox 1025 1979 1087 2017; x_wconf 83' lang='lat' dir='ltr'><strong>ne</strong></span> <span class='ocrx_word' id='word_1_155' title='bbox 1126 1967 1256 2033; x_wconf 78' lang='lat' dir='ltr'><strong>forte</strong></span> <span class='ocrx_word' id='word_1_156' title='bbox 1295 1964 1517 2017; x_wconf 87' lang='lat' dir='ltr'><strong>conrersi</strong></span> <span class='ocrx_word' id='word_1_157' title='bbox 1561 1964 1880 2032; x_wconf 83' lang='lat' dir='ltr'><strong>disrumpant</strong></span> <span class='ocrx_word' id='word_1_158' title='bbox 1909 1979 1989 2015; x_wconf 76' lang='lat' dir='ltr'><strong>vos</strong></span> <span class='ocrx_word' id='word_1_159' title='bbox 2016 1962 2223 2032; x_wconf 81' lang='lat' dir='ltr'><strong>(Matth.</strong></span> 
     </span>
    </p>
   </div>
   <div class='ocr_carea' id='block_1_21' title="bbox 638 2050 2231 2123">
    <p class='ocr_par' dir='ltr' id='par_1_21' title="bbox 638 2050 2231 2123">
     <span class='ocr_line' id='line_1_21' title="bbox 638 2050 2231 2123; baseline 0.003 -21"><span class='ocrx_word' id='word_1_160' title='bbox 638 2050 700 2102; x_wconf 77' lang='grc' dir='ltr'><strong>Ἰ.</strong></span> <span class='ocrx_word' id='word_1_161' title='bbox 726 2050 801 2119; x_wconf 85' lang='lat'><strong>6).</strong></span> <span class='ocrx_word' id='word_1_162' title='bbox 834 2051 943 2104; x_wconf 88' lang='lat' dir='ltr'><strong>lloc</strong></span> <span class='ocrx_word' id='word_1_163' title='bbox 969 2060 1144 2106; x_wconf 90' lang='lat' dir='ltr'><strong>autem</strong></span> <span class='ocrx_word' id='word_1_164' title='bbox 1174 2052 1302 2106; x_wconf 66' lang='lat' dir='ltr'><strong>Eva:</strong></span> <span class='ocrx_word' id='word_1_165' title='bbox 1331 2054 1550 2123; x_wconf 89' lang='lat' dir='ltr'><strong>contigit</strong></span> <span class='ocrx_word' id='word_1_166' title='bbox 1582 2072 1596 2107; x_wconf 90' lang='lat'>:</span> <span class='ocrx_word' id='word_1_167' title='bbox 1626 2053 1774 2107; x_wconf 88' lang='lat' dir='ltr'><strong>dedit</strong></span> <span class='ocrx_word' id='word_1_168' title='bbox 1802 2062 1979 2107; x_wconf 83' lang='lat' dir='ltr'><strong>saneta</strong></span> <span class='ocrx_word' id='word_1_169' title='bbox 2008 2054 2148 2117; x_wconf 91' lang='lat' dir='ltr'><strong>cani,</strong></span> <span class='ocrx_word' id='word_1_170' title='bbox 2175 2064 2231 2107; x_wconf 92' lang='lat' dir='ltr'><strong>et</strong></span> 
     </span>
    </p>
   </div>
   <div class='ocr_carea' id='block_1_22' title="bbox 648 2141 2227 2209">
    <p class='ocr_par' dir='ltr' id='par_1_22' title="bbox 648 2141 2227 2209">
     <span class='ocr_line' id='line_1_22' title="bbox 648 2141 2227 2209; baseline 0.002 -14"><span class='ocrx_word' id='word_1_171' title='bbox 648 2155 840 2209; x_wconf 89' lang='lat' dir='ltr'><strong>porco;</strong></span> <span class='ocrx_word' id='word_1_172' title='bbox 872 2141 958 2195; x_wconf 87' lang='lat' dir='ltr'><strong>ille</strong></span> <span class='ocrx_word' id='word_1_173' title='bbox 987 2142 1146 2197; x_wconf 90' lang='lat' dir='ltr'><strong>verba</strong></span> <span class='ocrx_word' id='word_1_174' title='bbox 1191 2143 1543 2208; x_wconf 84' lang='lat' dir='ltr'><strong>conculcavit,</strong></span> <span class='ocrx_word' id='word_1_175' title='bbox 1576 2152 1628 2197; x_wconf 88' lang='lat' dir='ltr'><strong>et</strong></span> <span class='ocrx_word' id='word_1_176' title='bbox 1652 2159 1941 2198; x_wconf 86' lang='lat' dir='ltr'><strong>conversus</strong></span> <span class='ocrx_word' id='word_1_177' title='bbox 1981 2144 2227 2198; x_wconf 88' lang='lat' dir='ltr'><strong>feminam</strong></span> 
     </span>
    </p>
   </div>
   <div class='ocr_carea' id='block_1_23' title="bbox 646 2231 2224 2304">
    <p class='ocr_par' dir='ltr' id='par_1_23' title="bbox 646 2231 2224 2304">
     <span class='ocr_line' id='line_1_23' title="bbox 646 2231 2224 2304; baseline 0.001 -19"><span class='ocrx_word' id='word_1_178' title='bbox 646 2231 893 2302; x_wconf 89' lang='lat' dir='ltr'><strong>disrupit.</strong></span> <span class='ocrx_word' id='word_1_179' title='bbox 940 2233 1321 2288; x_wconf 76' lang='lat' dir='ltr'><strong>Animadverte</strong></span> <span class='ocrx_word' id='word_1_180' title='bbox 1369 2244 1546 2288; x_wconf 89' lang='lat' dir='ltr'><strong>autem</strong></span> <span class='ocrx_word' id='word_1_181' title='bbox 1587 2250 1743 2304; x_wconf 90' lang='lat' dir='ltr'><strong>quam</strong></span> <span class='ocrx_word' id='word_1_182' title='bbox 1777 2234 1921 2289; x_wconf 83' lang='lat' dir='ltr'><strong>vafre</strong></span> <span class='ocrx_word' id='word_1_183' title='bbox 1947 2236 2224 2303; x_wconf 79' lang='lat' dir='ltr'><strong>loquatur:</strong></span> 
     </span>
    </p>
   </div>
   <div class='ocr_carea' id='block_1_24' title="bbox 637 2322 2227 2398">
    <p class='ocr_par' dir='ltr' id='par_1_24' title="bbox 637 2322 2227 2398">
     <span class='ocr_line' id='line_1_24' title="bbox 637 2322 2227 2398; baseline 0.004 -24"><span class='ocrx_word' id='word_1_184' title='bbox 637 2322 769 2377; x_wconf 65' lang='lat' dir='ltr'><strong>TNon</strong></span> <span class='ocrx_word' id='word_1_185' title='bbox 798 2334 957 2377; x_wconf 86' lang='lat' dir='ltr'><strong>morte</strong></span> <span class='ocrx_word' id='word_1_186' title='bbox 984 2326 1265 2380; x_wconf 84' lang='lat' dir='ltr'><strong>moriemini</strong></span> <span class='ocrx_word' id='word_1_187' title='bbox 1284 2325 1434 2398; x_wconf 77' lang='lat' dir='ltr'><strong>(Gen.</strong></span> <span class='ocrx_word' id='word_1_188' title='bbox 1464 2326 1607 2397; x_wconf 60' lang='lat'><strong>3.4),</strong></span> <span class='ocrx_word' id='word_1_189' title='bbox 1640 2327 1825 2398; x_wconf 89' lang='lat' dir='ltr'><strong>inquit.</strong></span> <span class='ocrx_word' id='word_1_190' title='bbox 1846 2327 1943 2380; x_wconf 90' lang='lat' dir='ltr'><strong>llic</strong></span> <span class='ocrx_word' id='word_1_191' title='bbox 1964 2342 2090 2381; x_wconf 88' lang='lat' dir='ltr'><strong>vero</strong></span> <span class='ocrx_word' id='word_1_192' title='bbox 2110 2326 2227 2380; x_wconf 80' lang='lat' dir='ltr'><strong>ani-</strong></span> 
     </span>
    </p>
   </div>
   <div class='ocr_carea' id='block_1_25' title="bbox 638 2417 2225 2490">
    <p class='ocr_par' dir='ltr' id='par_1_25' title="bbox 638 2417 2225 2490">
     <span class='ocr_line' id='line_1_25' title="bbox 638 2417 2225 2490; baseline 0.004 -21"><span class='ocrx_word' id='word_1_193' title='bbox 638 2432 787 2470; x_wconf 87' lang='lat' dir='ltr'><strong>mum</strong></span> <span class='ocrx_word' id='word_1_194' title='bbox 822 2417 1083 2473; x_wconf 89' lang='lat' dir='ltr'><strong>advertite</strong></span> <span class='ocrx_word' id='word_1_195' title='bbox 1112 2437 1126 2472; x_wconf 92' lang='lat'><strong>:</strong></span> <span class='ocrx_word' id='word_1_196' title='bbox 1152 2421 1331 2490; x_wconf 81' lang='lat' dir='ltr'><strong>potuit</strong></span> <span class='ocrx_word' id='word_1_197' title='bbox 1377 2420 1570 2475; x_wconf 89' lang='lat' dir='ltr'><strong>mulier</strong></span> <span class='ocrx_word' id='word_1_198' title='bbox 1600 2419 1839 2475; x_wconf 83' lang='lat' dir='ltr'><strong>fraudem</strong></span> <span class='ocrx_word' id='word_1_199' title='bbox 1886 2421 2179 2490; x_wconf 83' lang='lat' dir='ltr'><strong>intelligere</strong></span> <span class='ocrx_word' id='word_1_200' title='bbox 2209 2439 2225 2475; x_wconf 88' lang='lat'><strong>:</strong></span> 
     </span>
    </p>
   </div>
   <div class='ocr_carea' id='block_1_26' title="bbox 644 2510 2229 2566">
    <p class='ocr_par' dir='ltr' id='par_1_26' title="bbox 644 2510 2229 2566">
     <span class='ocr_line' id='line_1_26' title="bbox 644 2510 2229 2566; baseline 0.003 -6"><span class='ocrx_word' id='word_1_201' title='bbox 644 2511 820 2561; x_wconf 90' lang='lat' dir='ltr'><strong>statim</strong></span> <span class='ocrx_word' id='word_1_202' title='bbox 844 2510 986 2563; x_wconf 91' lang='lat' dir='ltr'><strong>enim</strong></span> <span class='ocrx_word' id='word_1_203' title='bbox 1016 2511 1342 2563; x_wconf 82' lang='lat' dir='ltr'><strong>inimicitiam</strong></span> <span class='ocrx_word' id='word_1_204' title='bbox 1374 2522 1427 2566; x_wconf 91' lang='lat' dir='ltr'><strong>et</strong></span> <span class='ocrx_word' id='word_1_205' title='bbox 1451 2511 1645 2565; x_wconf 89' lang='lat' dir='ltr'><strong>bellum</strong></span> <span class='ocrx_word' id='word_1_206' title='bbox 1670 2512 1923 2565; x_wconf 86' lang='lat' dir='ltr'><strong>adversus</strong></span> <span class='ocrx_word' id='word_1_207' title='bbox 1953 2512 2116 2566; x_wconf 89' lang='lat' dir='ltr'><strong>Deum</strong></span> <span class='ocrx_word' id='word_1_208' title='bbox 2146 2512 2229 2565; x_wconf 80' lang='lat' dir='ltr'><strong>dc-</strong></span> 
     </span>
    </p>
   </div>
   <div class='ocr_carea' id='block_1_27' title="bbox 645 2601 2226 2675">
    <p class='ocr_par' dir='ltr' id='par_1_27' title="bbox 645 2601 2226 2675">
     <span class='ocr_line' id='line_1_27' title="bbox 645 2601 2226 2675; baseline 0.003 -22"><span class='ocrx_word' id='word_1_209' title='bbox 645 2601 923 2666; x_wconf 88' lang='lat' dir='ltr'><strong>nuntiavit,</strong></span> <span class='ocrx_word' id='word_1_210' title='bbox 956 2603 1134 2655; x_wconf 80' lang='lat' dir='ltr'><strong>statim</strong></span> <span class='ocrx_word' id='word_1_211' title='bbox 1165 2604 1213 2656; x_wconf 87' lang='lat' dir='ltr'><strong>ei</strong></span> <span class='ocrx_word' id='word_1_212' title='bbox 1268 2605 1605 2658; x_wconf 80' lang='lat' dir='ltr'><strong>contradixit.</strong></span> <span class='ocrx_word' id='word_1_213' title='bbox 1631 2605 1780 2669; x_wconf 83' lang='lat' dir='ltr'><strong>Esto,</strong></span> <span class='ocrx_word' id='word_1_214' title='bbox 1808 2610 1951 2675; x_wconf 88' lang='lat' dir='ltr'><strong>prius</strong></span> <span class='ocrx_word' id='word_1_215' title='bbox 1982 2606 2071 2659; x_wconf 90' lang='lat' dir='ltr'><strong>Dei</strong></span> <span class='ocrx_word' id='word_1_216' title='bbox 2102 2622 2226 2660; x_wconf 88' lang='lat' dir='ltr'><strong>seu-</strong></span> 
     </span>
    </p>
   </div>
   <div class='ocr_carea' id='block_1_28' title="bbox 646 2689 2225 2764">
    <p class='ocr_par' dir='ltr' id='par_1_28' title="bbox 646 2689 2225 2764">
     <span class='ocr_line' id='line_1_28' title="bbox 646 2689 2225 2764; baseline 0.004 -22"><span class='ocrx_word' id='word_1_217' title='bbox 646 2689 862 2743; x_wconf 88' lang='lat' dir='ltr'><strong>tentiam</strong></span> <span class='ocrx_word' id='word_1_218' title='bbox 904 2689 1145 2746; x_wconf 84' lang='lat' dir='ltr'><strong>ediscere</strong></span> <span class='ocrx_word' id='word_1_219' title='bbox 1176 2692 1372 2747; x_wconf 88' lang='lat' dir='ltr'><strong>volenti</strong></span> <span class='ocrx_word' id='word_1_220' title='bbox 1402 2693 1652 2758; x_wconf 79' lang='lat' dir='ltr'><strong>dieebas;</strong></span> <span class='ocrx_word' id='word_1_221' title='bbox 1682 2705 1733 2748; x_wconf 87' lang='lat' dir='ltr'><strong>at</strong></span> <span class='ocrx_word' id='word_1_222' title='bbox 1761 2696 1929 2764; x_wconf 78' lang='lat' dir='ltr'><strong>ipsum</strong></span> <span class='ocrx_word' id='word_1_223' title='bbox 1960 2698 2225 2751; x_wconf 88' lang='lat' dir='ltr'><strong>contraria</strong></span> 
     </span>
    </p>
   </div>
   <div class='ocr_carea' id='block_1_29' title="bbox 648 2781 2228 2854">
    <p class='ocr_par' dir='ltr' id='par_1_29' title="bbox 648 2781 2228 2854">
     <span class='ocr_line' id='line_1_29' title="bbox 648 2781 2228 2854; baseline 0.008 -23"><span class='ocrx_word' id='word_1_224' title='bbox 648 2790 824 2849; x_wconf 87' lang='lat' dir='ltr'><strong>postea</strong></span> <span class='ocrx_word' id='word_1_225' title='bbox 850 2781 1112 2837; x_wconf 88' lang='lat' dir='ltr'><strong>dicentem</strong></span> <span class='ocrx_word' id='word_1_226' title='bbox 1156 2799 1251 2838; x_wconf 92' lang='lat' dir='ltr'><strong>cur</strong></span> <span class='ocrx_word' id='word_1_227' title='bbox 1276 2786 1843 2854; x_wconf 73' lang='lat' dir='ltr'><strong>sequebaris‘IDixerat</strong></span> <span class='ocrx_word' id='word_1_228' title='bbox 1873 2788 2035 2853; x_wconf 64' lang='grc' dir='ltr'><strong>απυδ,</strong></span> <span class='ocrx_word' id='word_1_229' title='bbox 2064 2789 2228 2843; x_wconf 79' lang='lat' dir='ltr'><strong>Morte</strong></span> 
     </span>
    </p>
   </div>
   <div class='ocr_carea' id='block_1_30' title="bbox 650 2872 2227 2949">
    <p class='ocr_par' dir='ltr' id='par_1_30' title="bbox 650 2872 2227 2949">
     <span class='ocr_line' id='line_1_30' title="bbox 650 2872 2227 2949; baseline 0.007 -27"><span class='ocrx_word' id='word_1_230' title='bbox 650 2872 931 2925; x_wconf 79' lang='lat' dir='ltr'><strong>moriemini</strong></span> <span class='ocrx_word' id='word_1_231' title='bbox 954 2889 972 2925; x_wconf 91' lang='lat'><strong><em>:</em></strong></span> <span class='ocrx_word' id='word_1_232' title='bbox 990 2873 1071 2927; x_wconf 89' lang='lat' dir='ltr'><strong>his</strong></span> <span class='ocrx_word' id='word_1_233' title='bbox 1100 2876 1414 2929; x_wconf 78' lang='lat' dir='ltr'><strong>contradixit</strong></span> <span class='ocrx_word' id='word_1_234' title='bbox 1456 2877 1541 2931; x_wconf 89' lang='lat' dir='ltr'><strong>ille</strong></span> <span class='ocrx_word' id='word_1_235' title='bbox 1567 2877 1650 2930; x_wconf 90' lang='lat' dir='ltr'><strong>his</strong></span> <span class='ocrx_word' id='word_1_236' title='bbox 1679 2879 1871 2942; x_wconf 86' lang='lat' dir='ltr'><strong>verbis,</strong></span> <span class='ocrx_word' id='word_1_237' title='bbox 1896 2878 2227 2949; x_wconf 71' lang='lat' dir='ltr'><strong>Nequaquam</strong></span> 
     </span>
    </p>
   </div>
   <div class='ocr_carea' id='block_1_31' title="bbox 642 2965 2227 3040">
    <p class='ocr_par' dir='ltr' id='par_1_31' title="bbox 642 2965 2227 3040">
     <span class='ocr_line' id='line_1_31' title="bbox 642 2965 2227 3040; baseline 0.007 -26"><span class='ocrx_word' id='word_1_238' title='bbox 642 2972 804 3016; x_wconf 75' lang='lat' dir='ltr'><strong>morte</strong></span> <span class='ocrx_word' id='word_1_239' title='bbox 835 2965 1286 3031; x_wconf 86' lang='lat' dir='ltr'><strong>moriemini.Quid</strong></span> <span class='ocrx_word' id='word_1_240' title='bbox 1320 2966 1420 3021; x_wconf 87' lang='lat' dir='ltr'><strong>hoc</strong></span> <span class='ocrx_word' id='word_1_241' title='bbox 1448 2968 1586 3023; x_wconf 89' lang='lat' dir='ltr'><strong>bello</strong></span> <span class='ocrx_word' id='word_1_242' title='bbox 1611 2968 1829 3023; x_wconf 87' lang='lat' dir='ltr'><strong>clarius?</strong></span> <span class='ocrx_word' id='word_1_243' title='bbox 1852 2970 2227 3040; x_wconf 50' lang='lat' dir='ltr'><strong>undenampo¢</strong></span> 
     </span>
    </p>
   </div>
   <div class='ocr_carea' id='block_1_32' title="bbox 633 3054 2225 3130">
    <p class='ocr_par' dir='ltr' id='par_1_32' title="bbox 633 3054 2225 3130">
     <span class='ocr_line' id='line_1_32' title="bbox 633 3054 2225 3130; baseline 0.007 -25"><span class='ocrx_word' id='word_1_244' title='bbox 633 3061 780 3106; x_wconf 22' lang='lat' dir='ltr'><strong>iterat</strong></span> <span class='ocrx_word' id='word_1_245' title='bbox 819 3054 1007 3108; x_wconf 85' lang='lat' dir='ltr'><strong>melius</strong></span> <span class='ocrx_word' id='word_1_246' title='bbox 1036 3058 1281 3125; x_wconf 88' lang='lat' dir='ltr'><strong>cognosci</strong></span> <span class='ocrx_word' id='word_1_247' title='bbox 1342 3058 1588 3112; x_wconf 89' lang='lat' dir='ltr'><strong>inimicus</strong></span> <span class='ocrx_word' id='word_1_248' title='bbox 1616 3068 1665 3112; x_wconf 93' lang='lat' dir='ltr'><strong>et</strong></span> <span class='ocrx_word' id='word_1_249' title='bbox 1693 3058 1879 3125; x_wconf 87' lang='lat' dir='ltr'><strong>hostis,</strong></span> <span class='ocrx_word' id='word_1_250' title='bbox 1906 3075 2063 3129; x_wconf 87' lang='lat' dir='ltr'><strong>quam</strong></span> <span class='ocrx_word' id='word_1_251' title='bbox 2085 3061 2225 3130; x_wconf 89' lang='lat' dir='ltr'><strong>quod</strong></span> 
     </span>
    </p>
   </div>
   <div class='ocr_carea' id='block_1_33' title="bbox 640 3145 2224 3222">
    <p class='ocr_par' dir='ltr' id='par_1_33' title="bbox 640 3145 2224 3222">
     <span class='ocr_line' id='line_1_33' title="bbox 640 3145 2224 3222; baseline 0.007 -26"><span class='ocrx_word' id='word_1_252' title='bbox 640 3145 1044 3200; x_wconf 62' lang='lat' dir='ltr'><strong>eontraria’Deo</strong></span> <span class='ocrx_word' id='word_1_253' title='bbox 1068 3147 1402 3216; x_wconf 87' lang='lat' dir='ltr'><strong>loqueretur?</strong></span> <span class='ocrx_word' id='word_1_254' title='bbox 1429 3148 1720 3205; x_wconf 78' lang='lat' dir='ltr'><strong>Confestim</strong></span> <span class='ocrx_word' id='word_1_255' title='bbox 1763 3166 1889 3222; x_wconf 87' lang='lat' dir='ltr'><strong>ergo</strong></span> <span class='ocrx_word' id='word_1_256' title='bbox 1928 3152 2224 3221; x_wconf 89' lang='lat' dir='ltr'><strong>deeipulam</strong></span> 
     </span>
    </p>
   </div>
   <div class='ocr_carea' id='block_1_34' title="bbox 633 3232 2221 3310">
    <p class='ocr_par' dir='ltr' id='par_1_34' title="bbox 633 3232 2221 3310">
     <span class='ocr_line' id='line_1_34' title="bbox 633 3232 2221 3310; baseline 0.006 -23"><span class='ocrx_word' id='word_1_257' title='bbox 633 3232 779 3289; x_wconf 71' lang='lat' dir='ltr'><strong>hanc</strong></span> <span class='ocrx_word' id='word_1_258' title='bbox 795 3235 1077 3306; x_wconf 79' lang='lat' dir='ltr'><strong>confugere</strong></span> <span class='ocrx_word' id='word_1_259' title='bbox 1093 3253 1187 3307; x_wconf 90' lang='lat' dir='ltr'><strong>par</strong></span> <span class='ocrx_word' id='word_1_260' title='bbox 1208 3237 1325 3303; x_wconf 90' lang='lat' dir='ltr'><strong>fuit,</strong></span> <span class='ocrx_word' id='word_1_261' title='bbox 1351 3254 1377 3290; x_wconf 89' lang='lat' dir='ltr'><strong>a</strong></span> <span class='ocrx_word' id='word_1_262' title='bbox 1398 3238 1588 3309; x_wconf 80' lang='lat' dir='ltr'><strong>laqueo</strong></span> <span class='ocrx_word' id='word_1_263' title='bbox 1611 3240 1818 3295; x_wconf 65' lang='lat' dir='ltr'><strong>resilire</strong></span> <span class='ocrx_word' id='word_1_264' title='bbox 1835 3244 2084 3310; x_wconf 89' lang='lat' dir='ltr'><strong>oportuit.</strong></span> <span class='ocrx_word' id='word_1_265' title='bbox 2110 3241 2221 3297; x_wconf 85' lang='lat' dir='ltr'><strong>Ne-</strong></span> 
     </span>
    </p>
   </div>
   <div class='ocr_carea' id='block_1_35' title="bbox 638 3329 2224 3403">
    <p class='ocr_par' dir='ltr' id='par_1_35' title="bbox 638 3329 2224 3403">
     <span class='ocr_line' id='line_1_35' title="bbox 638 3329 2224 3403; baseline 0.006 -26"><span class='ocrx_word' id='word_1_266' title='bbox 638 3341 885 3395; x_wconf 77' lang='lat' dir='ltr'><strong>quaquam</strong></span> <span class='ocrx_word' id='word_1_267' title='bbox 902 3340 1059 3381; x_wconf 85' lang='lat' dir='ltr'><strong>morte</strong></span> <span class='ocrx_word' id='word_1_268' title='bbox 1078 3329 1373 3393; x_wconf 81' lang='lat' dir='ltr'><strong>moriemini,</strong></span> <span class='ocrx_word' id='word_1_269' title='bbox 1394 3331 1561 3400; x_wconf 86' lang='lat' dir='ltr'><strong>inquit</strong></span> <span class='ocrx_word' id='word_1_270' title='bbox 1582 3348 1597 3383; x_wconf 90' lang='lat'><strong>:</strong></span> <span class='ocrx_word' id='word_1_271' title='bbox 1616 3332 1706 3384; x_wconf 89' lang='lat' dir='ltr'><strong>scit</strong></span> <span class='ocrx_word' id='word_1_272' title='bbox 1718 3332 1900 3402; x_wconf 77' lang='lat' dir='ltr'><strong>quippe</strong></span> <span class='ocrx_word' id='word_1_273' title='bbox 1918 3330 2073 3399; x_wconf 84' lang='lat' dir='ltr'><strong>Deus,</strong></span> <span class='ocrx_word' id='word_1_274' title='bbox 2089 3334 2224 3403; x_wconf 84' lang='lat' dir='ltr'><strong>quod</strong></span> 
     </span>
    </p>
   </div>
   <div class='ocr_carea' id='block_1_36' title="bbox 631 3416 2224 3487">
    <p class='ocr_par' dir='ltr' id='par_1_36' title="bbox 631 3416 2224 3487">
     <span class='ocr_line' id='line_1_36' title="bbox 631 3416 2224 3487; baseline 0.007 -21"><span class='ocrx_word' id='word_1_275' title='bbox 631 3431 739 3484; x_wconf 63' lang='lat' dir='ltr'><strong>qua</strong></span> <span class='ocrx_word' id='word_1_276' title='bbox 778 3416 860 3469; x_wconf 83' lang='lat' dir='ltr'><strong>die</strong></span> <span class='ocrx_word' id='word_1_277' title='bbox 908 3418 1240 3484; x_wconf 83' lang='lat' dir='ltr'><strong>comederitis,</strong></span> <span class='ocrx_word' id='word_1_278' title='bbox 1293 3420 1583 3487; x_wconf 74' lang='lat' dir='ltr'><strong>aperientur</strong></span> <span class='ocrx_word' id='word_1_279' title='bbox 1632 3420 1766 3474; x_wconf 80' lang='lat' dir='ltr'><strong>oculi</strong></span> <span class='ocrx_word' id='word_1_280' title='bbox 1806 3423 1972 3487; x_wconf 85' lang='lat' dir='ltr'><strong>vestri,</strong></span> <span class='ocrx_word' id='word_1_281' title='bbox 2003 3432 2049 3475; x_wconf 86' lang='lat' dir='ltr'><strong>et</strong></span> <span class='ocrx_word' id='word_1_282' title='bbox 2086 3424 2224 3477; x_wconf 80' lang='lat' dir='ltr'><strong>eritis</strong></span> 
     </span>
    </p>
   </div>
   <div class='ocr_carea' id='block_1_37' title="bbox 638 3505 2223 3583">
    <p class='ocr_par' dir='ltr' id='par_1_37' title="bbox 638 3505 2223 3583">
     <span class='ocr_line' id='line_1_37' title="bbox 638 3505 2223 3583; baseline 0.008 -27"><span class='ocrx_word' id='word_1_283' title='bbox 638 3506 765 3557; x_wconf 85' lang='lat' dir='ltr'><strong>sicut</strong></span> <span class='ocrx_word' id='word_1_284' title='bbox 784 3506 875 3561; x_wconf 89' lang='lat' dir='ltr'><strong>dii.</strong></span> <span class='ocrx_word' id='word_1_285' title='bbox 898 3505 1005 3575; x_wconf 87' lang='lat' dir='ltr'><strong>Spe</strong></span> <span class='ocrx_word' id='word_1_286' title='bbox 1034 3508 1251 3577; x_wconf 87' lang='lat' dir='ltr'><strong>majoris</strong></span> <span class='ocrx_word' id='word_1_287' title='bbox 1272 3510 1516 3578; x_wconf 77' lang='lat' dir='ltr'><strong>promissi</strong></span> <span class='ocrx_word' id='word_1_288' title='bbox 1543 3511 1702 3565; x_wconf 87' lang='lat' dir='ltr'><strong>etiam</strong></span> <span class='ocrx_word' id='word_1_289' title='bbox 1721 3512 1878 3580; x_wconf 89' lang='lat' dir='ltr'><strong>bona,</strong></span> <span class='ocrx_word' id='word_1_290' title='bbox 1902 3529 2018 3583; x_wconf 79' lang='lat' dir='ltr'><strong>qua:</strong></span> <span class='ocrx_word' id='word_1_291' title='bbox 2036 3514 2087 3568; x_wconf 85' lang='lat' dir='ltr'><strong>in</strong></span> <span class='ocrx_word' id='word_1_292' title='bbox 2110 3530 2223 3570; x_wconf 88' lang='lat' dir='ltr'><strong>ma-</strong></span> 
     </span>
    </p>
   </div>
   <div class='ocr_carea' id='block_1_38' title="bbox 638 3595 2212 3670">
    <p class='ocr_par' dir='ltr' id='par_1_38' title="bbox 638 3595 2212 3670">
     <span class='ocr_line' id='line_1_38' title="bbox 638 3595 2212 3670; baseline 0.009 -23"><span class='ocrx_word' id='word_1_293' title='bbox 638 3595 795 3649; x_wconf 91' lang='lat' dir='ltr'><strong>nibus</strong></span> <span class='ocrx_word' id='word_1_294' title='bbox 825 3607 995 3662; x_wconf 90' lang='lat' dir='ltr'><strong>erant,</strong></span> <span class='ocrx_word' id='word_1_295' title='bbox 1021 3598 1253 3668; x_wconf 87' lang='lat' dir='ltr'><strong>perdidit</strong></span> <span class='ocrx_word' id='word_1_296' title='bbox 1282 3616 1294 3654; x_wconf 89' lang='lat'>:</span> <span class='ocrx_word' id='word_1_297' title='bbox 1319 3602 1635 3670; x_wconf 88' lang='lat' dir='ltr'><strong>promiserat</strong></span> <span class='ocrx_word' id='word_1_298' title='bbox 1662 3603 1751 3658; x_wconf 91' lang='lat' dir='ltr'><strong>ille</strong></span> <span class='ocrx_word' id='word_1_299' title='bbox 1801 3619 1859 3660; x_wconf 88' lang='lat' dir='ltr'><strong>se</strong></span> <span class='ocrx_word' id='word_1_300' title='bbox 1897 3604 2027 3661; x_wconf 91' lang='lat' dir='ltr'><strong>deos</strong></span> <span class='ocrx_word' id='word_1_301' title='bbox 2076 3606 2212 3661; x_wconf 83' lang='lat' dir='ltr'><strong>effe-</strong></span> 
     </span>
    </p>
   </div>
   <div class='ocr_carea' id='block_1_39' title="bbox 636 3690 2219 3767">
    <p class='ocr_par' dir='ltr' id='par_1_39' title="bbox 636 3690 2219 3767">
     <span class='ocr_line' id='line_1_39' title="bbox 636 3690 2219 3767; baseline 0.008 -28"><span class='ocrx_word' id='word_1_302' title='bbox 636 3697 929 3753; x_wconf 88' lang='lat' dir='ltr'><strong>cturum,et</strong></span> <span class='ocrx_word' id='word_1_303' title='bbox 960 3690 1011 3742; x_wconf 93' lang='lat' dir='ltr'><strong>in</strong></span> <span class='ocrx_word' id='word_1_304' title='bbox 1038 3690 1224 3743; x_wconf 89' lang='lat' dir='ltr'><strong>mortis</strong></span> <span class='ocrx_word' id='word_1_305' title='bbox 1257 3692 1589 3762; x_wconf 73' lang='lat' dir='ltr'><strong>tyrannidem</strong></span> <span class='ocrx_word' id='word_1_306' title='bbox 1620 3693 1866 3763; x_wconf 83' lang='lat' dir='ltr'><strong>conjecit.</strong></span> <span class='ocrx_word' id='word_1_307' title='bbox 1891 3694 2041 3751; x_wconf 90' lang='lat' dir='ltr'><strong>Unde</strong></span> <span class='ocrx_word' id='word_1_308' title='bbox 2070 3712 2219 3767; x_wconf 84' lang='lat' dir='ltr'><strong>ergo,</strong></span> 
     </span>
    </p>
   </div>
   <div class='ocr_carea' id='block_1_40' title="bbox 637 3778 2221 3857">
    <p class='ocr_par' dir='ltr' id='par_1_40' title="bbox 637 3778 2221 3857">
     <span class='ocr_line' id='line_1_40' title="bbox 637 3778 2221 3857; baseline 0.008 -26"><span class='ocrx_word' id='word_1_309' title='bbox 637 3778 847 3841; x_wconf 88' lang='lat' dir='ltr'><strong>mulier,</strong></span> <span class='ocrx_word' id='word_1_310' title='bbox 864 3779 1073 3834; x_wconf 83' lang='lat' dir='ltr'><strong>diabolo</strong></span> <span class='ocrx_word' id='word_1_311' title='bbox 1093 3781 1248 3835; x_wconf 87' lang='lat' dir='ltr'><strong>tidem</strong></span> <span class='ocrx_word' id='word_1_312' title='bbox 1263 3781 1529 3837; x_wconf 85' lang='lat' dir='ltr'><strong>habuisti?</strong></span> <span class='ocrx_word' id='word_1_313' title='bbox 1554 3785 1677 3854; x_wconf 93' lang='lat' dir='ltr'><strong>quid</strong></span> <span class='ocrx_word' id='word_1_314' title='bbox 1700 3786 1821 3839; x_wconf 91' lang='lat' dir='ltr'><strong>boni</strong></span> <span class='ocrx_word' id='word_1_315' title='bbox 1842 3788 2221 3857; x_wconf 80' lang='lat' dir='ltr'><strong>perSpiciebas?</strong></span> 
     </span>
    </p>
   </div>
   <div class='ocr_carea' id='block_1_41' title="bbox 638 3870 2221 3948">
    <p class='ocr_par' dir='ltr' id='par_1_41' title="bbox 638 3870 2221 3948">
     <span class='ocr_line' id='line_1_41' title="bbox 638 3870 2221 3948; baseline 0.008 -29"><span class='ocrx_word' id='word_1_316' title='bbox 638 3882 815 3920; x_wconf 88' lang='lat' dir='ltr'><strong>annon</strong></span> <span class='ocrx_word' id='word_1_317' title='bbox 856 3876 937 3921; x_wconf 86' lang='lat' dir='ltr'><strong>sat</strong></span> <span class='ocrx_word' id='word_1_318' title='bbox 972 3870 1065 3923; x_wconf 88' lang='lat' dir='ltr'><strong>tibi</strong></span> <span class='ocrx_word' id='word_1_319' title='bbox 1108 3881 1224 3924; x_wconf 91' lang='lat' dir='ltr'><strong>erat</strong></span> <span class='ocrx_word' id='word_1_320' title='bbox 1252 3874 1539 3926; x_wconf 83' lang='lat' dir='ltr'><strong>auctoritas</strong></span> <span class='ocrx_word' id='word_1_321' title='bbox 1576 3874 1890 3944; x_wconf 86' lang='lat' dir='ltr'><strong>lcgislatoris</strong></span> <span class='ocrx_word' id='word_1_322' title='bbox 1914 3919 1929 3942; x_wconf 94' lang='lat'><strong>,</strong></span> <span class='ocrx_word' id='word_1_323' title='bbox 1974 3878 2221 3948; x_wconf 88' lang='lat' dir='ltr'><strong>quodque</strong></span> 
     </span>
    </p>
   </div>
   <div class='ocr_carea' id='block_1_42' title="bbox 634 3957 2218 4030">
    <p class='ocr_par' dir='ltr' id='par_1_42' title="bbox 634 3957 2218 4030">
     <span class='ocr_line' id='line_1_42' title="bbox 634 3957 2218 4030; baseline 0.006 -17"><span class='ocrx_word' id='word_1_324' title='bbox 634 3957 778 4014; x_wconf 88' lang='lat' dir='ltr'><strong>Deus</strong></span> <span class='ocrx_word' id='word_1_325' title='bbox 805 3969 1014 4013; x_wconf 88' lang='lat' dir='ltr'><strong>creator</strong></span> <span class='ocrx_word' id='word_1_326' title='bbox 1039 3970 1092 4015; x_wconf 91' lang='lat' dir='ltr'><strong>et</strong></span> <span class='ocrx_word' id='word_1_327' title='bbox 1120 3962 1294 4030; x_wconf 77' lang='lat' dir='ltr'><strong>Opifex</strong></span> <span class='ocrx_word' id='word_1_328' title='bbox 1322 3972 1482 4027; x_wconf 79' lang='lat' dir='ltr'><strong>esset,</strong></span> <span class='ocrx_word' id='word_1_329' title='bbox 1507 3964 1592 4017; x_wconf 89' lang='lat' dir='ltr'><strong>ille</strong></span> <span class='ocrx_word' id='word_1_330' title='bbox 1622 3980 1747 4019; x_wconf 87' lang='lat' dir='ltr'><strong>vero</strong></span> <span class='ocrx_word' id='word_1_331' title='bbox 1773 3965 2015 4021; x_wconf 83' lang='lat' dir='ltr'><strong>diabolus</strong></span> <span class='ocrx_word' id='word_1_332' title='bbox 2041 3978 2094 4022; x_wconf 93' lang='lat' dir='ltr'><strong>et</strong></span> <span class='ocrx_word' id='word_1_333' title='bbox 2115 3970 2218 4022; x_wconf 88' lang='lat' dir='ltr'><strong>ini-</strong></span> 
     </span>
    </p>
   </div>
   <div class='ocr_carea' id='block_1_43' title="bbox 639 4049 2217 4125">
    <p class='ocr_par' dir='ltr' id='par_1_43' title="bbox 639 4049 2217 4125">
     <span class='ocr_line' id='line_1_43' title="bbox 639 4049 2217 4125; baseline 0.006 -21"><span class='ocrx_word' id='word_1_334' title='bbox 639 4049 848 4105; x_wconf 85' lang='lat' dir='ltr'><strong>micus?</strong></span> <span class='ocrx_word' id='word_1_335' title='bbox 875 4050 1109 4105; x_wconf 79' lang='lat' dir='ltr'><strong>Necdum</strong></span> <span class='ocrx_word' id='word_1_336' title='bbox 1148 4052 1416 4106; x_wconf 88' lang='lat' dir='ltr'><strong>diabolum</strong></span> <span class='ocrx_word' id='word_1_337' title='bbox 1444 4054 1669 4108; x_wconf 79' lang='lat' dir='ltr'><strong>dixerim</strong></span> <span class='ocrx_word' id='word_1_338' title='bbox 1689 4096 1703 4121; x_wconf 91' lang='lat'><strong>,</strong></span> <span class='ocrx_word' id='word_1_339' title='bbox 1733 4067 2031 4125; x_wconf 80' lang='lat' dir='ltr'><strong>serpentem</strong></span> <span class='ocrx_word' id='word_1_340' title='bbox 2074 4059 2217 4113; x_wconf 89' lang='lat' dir='ltr'><strong>enim</strong></span> 
     </span>
    </p>
   </div>
   <div class='ocr_carea' id='block_1_44' title="bbox 638 4145 2217 4220">
    <p class='ocr_par' dir='ltr' id='par_1_44' title="bbox 638 4145 2217 4220">
     <span class='ocr_line' id='line_1_44' title="bbox 638 4145 2217 4220; baseline 0.005 -23"><span class='ocrx_word' id='word_1_341' title='bbox 638 4152 840 4197; x_wconf 90' lang='lat' dir='ltr'><strong>tantum</strong></span> <span class='ocrx_word' id='word_1_342' title='bbox 864 4159 982 4199; x_wconf 85' lang='lat' dir='ltr'><strong>csse</strong></span> <span class='ocrx_word' id='word_1_343' title='bbox 1011 4145 1264 4214; x_wconf 84' lang='lat' dir='ltr'><strong>putabas:</strong></span> <span class='ocrx_word' id='word_1_344' title='bbox 1298 4155 1671 4215; x_wconf 88' lang='lat' dir='ltr'><strong>serpentemne</strong></span> <span class='ocrx_word' id='word_1_345' title='bbox 1694 4150 1821 4201; x_wconf 87' lang='lat' dir='ltr'><strong>tanti</strong></span> <span class='ocrx_word' id='word_1_346' title='bbox 1854 4150 2026 4204; x_wconf 87' lang='lat' dir='ltr'><strong>facere</strong></span> <span class='ocrx_word' id='word_1_347' title='bbox 2054 4166 2217 4220; x_wconf 82' lang='lat' dir='ltr'><strong>opor-</strong></span> 
     </span>
    </p>
   </div>
   <div class='ocr_carea' id='block_1_45' title="bbox 637 4236 2217 4307">
    <p class='ocr_par' dir='ltr' id='par_1_45' title="bbox 637 4236 2217 4307">
     <span class='ocr_line' id='line_1_45' title="bbox 637 4236 2217 4307; baseline 0.009 -20"><span class='ocrx_word' id='word_1_348' title='bbox 637 4236 755 4297; x_wconf 87' lang='lat' dir='ltr'><strong>tuit,</strong></span> <span class='ocrx_word' id='word_1_349' title='bbox 782 4245 839 4289; x_wconf 91' lang='lat' dir='ltr'><strong>ut</strong></span> <span class='ocrx_word' id='word_1_350' title='bbox 857 4237 1182 4291; x_wconf 85' lang='lat' dir='ltr'><strong>Dominicam</strong></span> <span class='ocrx_word' id='word_1_351' title='bbox 1206 4239 1631 4307; x_wconf 89' lang='lat' dir='ltr'><strong>ipsisententiam</strong></span> <span class='ocrx_word' id='word_1_352' title='bbox 1650 4240 1989 4297; x_wconf 83' lang='lat' dir='ltr'><strong>denuntiares</strong></span> <span class='ocrx_word' id='word_1_353' title='bbox 2016 4244 2036 4298; x_wconf 85' lang='lat'><strong>?</strong></span> <span class='ocrx_word' id='word_1_354' title='bbox 2064 4243 2217 4301; x_wconf 78' lang='lat' dir='ltr'><strong>Vides</strong></span> 
     </span>
    </p>
   </div>
   <div class='ocr_carea' id='block_1_46' title="bbox 637 4326 2217 4404">
    <p class='ocr_par' dir='ltr' id='par_1_46' title="bbox 637 4326 2217 4404">
     <span class='ocr_line' id='line_1_46' title="bbox 637 4326 2217 4404; baseline 0.008 -26"><span class='ocrx_word' id='word_1_355' title='bbox 637 4326 871 4393; x_wconf 87' lang='lat' dir='ltr'><strong>potuisse</strong></span> <span class='ocrx_word' id='word_1_356' title='bbox 899 4328 1139 4383; x_wconf 88' lang='lat' dir='ltr'><strong>fraudem</strong></span> <span class='ocrx_word' id='word_1_357' title='bbox 1167 4329 1380 4395; x_wconf 85' lang='lat' dir='ltr'><strong>videre;</strong></span> <span class='ocrx_word' id='word_1_358' title='bbox 1412 4340 1466 4384; x_wconf 88' lang='lat' dir='ltr'><strong>at</strong></span> <span class='ocrx_word' id='word_1_359' title='bbox 1494 4330 1664 4385; x_wconf 89' lang='lat' dir='ltr'><strong>noluit</strong></span> <span class='ocrx_word' id='word_1_360' title='bbox 1706 4333 1837 4402; x_wconf 85' lang='lat' dir='ltr'><strong>ipsa.</strong></span> <span class='ocrx_word' id='word_1_361' title='bbox 1871 4336 2026 4404; x_wconf 86' lang='lat' dir='ltr'><strong>Atqui</strong></span> <span class='ocrx_word' id='word_1_362' title='bbox 2079 4337 2217 4391; x_wconf 89' lang='lat' dir='ltr'><strong>Deus</strong></span> 
     </span>
    </p>
   </div>
   <div class='ocr_carea' id='block_1_47' title="bbox 636 4417 2215 4497">
    <p class='ocr_par' dir='ltr' id='par_1_47' title="bbox 636 4417 2215 4497">
     <span class='ocr_line' id='line_1_47' title="bbox 636 4417 2215 4497; baseline 0.008 -27"><span class='ocrx_word' id='word_1_363' title='bbox 636 4417 742 4491; x_wconf 80' lang='lat' dir='ltr'><strong>jam</strong></span> <span class='ocrx_word' id='word_1_364' title='bbox 770 4418 931 4472; x_wconf 86' lang='lat' dir='ltr'><strong>multa</strong></span> <span class='ocrx_word' id='word_1_365' title='bbox 964 4419 1326 4474; x_wconf 75' lang='lat' dir='ltr'><strong>beneficentia:</strong></span> <span class='ocrx_word' id='word_1_366' title='bbox 1346 4436 1454 4475; x_wconf 74' lang='lat' dir='ltr'><strong>sua:</strong></span> <span class='ocrx_word' id='word_1_367' title='bbox 1477 4434 1782 4493; x_wconf 87' lang='lat' dir='ltr'><strong>argumenta</strong></span> <span class='ocrx_word' id='word_1_368' title='bbox 1806 4424 2025 4480; x_wconf 87' lang='lat' dir='ltr'><strong>dederat</strong></span> <span class='ocrx_word' id='word_1_369' title='bbox 2044 4468 2058 4492; x_wconf 90' lang='lat'><strong>,</strong></span> <span class='ocrx_word' id='word_1_370' title='bbox 2085 4442 2215 4497; x_wconf 86' lang='lat' dir='ltr'><strong>ope-</strong></span> 
     </span>
    </p>
   </div>
   <div class='ocr_carea' id='block_1_48' title="bbox 636 4508 2214 4584">
    <p class='ocr_par' dir='ltr' id='par_1_48' title="bbox 636 4508 2214 4584">
     <span class='ocr_line' id='line_1_48' title="bbox 636 4508 2214 4584; baseline 0.008 -23"><span class='ocrx_word' id='word_1_371' title='bbox 636 4508 887 4577; x_wconf 85' lang='lat' dir='ltr'><strong>ribusque</strong></span> <span class='ocrx_word' id='word_1_372' title='bbox 916 4510 1299 4579; x_wconf 71' lang='lat' dir='ltr'><strong>providentiam</strong></span> <span class='ocrx_word' id='word_1_373' title='bbox 1321 4528 1607 4584; x_wconf 89' lang='lat' dir='ltr'><strong>curamque</strong></span> <span class='ocrx_word' id='word_1_374' title='bbox 1636 4530 1784 4569; x_wconf 90' lang='lat' dir='ltr'><strong>suam</strong></span> <span class='ocrx_word' id='word_1_375' title='bbox 1812 4516 2214 4573; x_wconf 82' lang='lat' dir='ltr'><strong>demonstrave-</strong></span> 
     </span>
    </p>
   </div>
   <div class='ocr_carea' id='block_1_49' title="bbox 635 4599 2211 4679">
    <p class='ocr_par' dir='ltr' id='par_1_49' title="bbox 635 4599 2211 4679">
     <span class='ocr_line' id='line_1_49' title="bbox 635 4599 2211 4679; baseline 0.008 -26"><span class='ocrx_word' id='word_1_376' title='bbox 635 4610 737 4653; x_wconf 81' lang='lat' dir='ltr'><strong>rat.</strong></span> <span class='ocrx_word' id='word_1_377' title='bbox 761 4599 1309 4670; x_wconf 62' lang='lat' dir='ltr'><strong>Namquc&#39;homincm,</strong></span> <span class='ocrx_word' id='word_1_378' title='bbox 1329 4606 1416 4675; x_wconf 89' lang='lat' dir='ltr'><strong>qui</strong></span> <span class='ocrx_word' id='word_1_379' title='bbox 1433 4617 1585 4661; x_wconf 88' lang='lat' dir='ltr'><strong>antea</strong></span> <span class='ocrx_word' id='word_1_380' title='bbox 1603 4623 1706 4661; x_wconf 89' lang='lat' dir='ltr'><strong>non</strong></span> <span class='ocrx_word' id='word_1_381' title='bbox 1733 4619 1867 4675; x_wconf 88' lang='lat' dir='ltr'><strong>erat,</strong></span> <span class='ocrx_word' id='word_1_382' title='bbox 1891 4610 2211 4679; x_wconf 79' lang='lat' dir='ltr'><strong>effurtnavit,</strong></span> 
     </span>
    </p>
   </div>
   <div class='ocr_carea' id='block_1_50' title="bbox 632 4692 2209 4771">
    <p class='ocr_par' dir='ltr' id='par_1_50' title="bbox 632 4692 2209 4771">
     <span class='ocr_line' id='line_1_50' title="bbox 632 4692 2209 4771; baseline 0.008 -24"><span class='ocrx_word' id='word_1_383' title='bbox 632 4692 862 4747; x_wconf 79' lang='lat' dir='ltr'><strong>animum</strong></span> <span class='ocrx_word' id='word_1_384' title='bbox 887 4694 983 4765; x_wconf 83' lang='lat' dir='ltr'><strong>ipsi</strong></span> <span class='ocrx_word' id='word_1_385' title='bbox 1006 4695 1298 4765; x_wconf 76' lang='lat' dir='ltr'><strong>inspiravit,</strong></span> <span class='ocrx_word' id='word_1_386' title='bbox 1318 4698 1679 4770; x_wconf 87' lang='lat' dir='ltr'><strong>adimaginem</strong></span> <span class='ocrx_word' id='word_1_387' title='bbox 1710 4716 1861 4755; x_wconf 91' lang='lat' dir='ltr'><strong>suam</strong></span> <span class='ocrx_word' id='word_1_388' title='bbox 1889 4703 2033 4757; x_wconf 91' lang='lat' dir='ltr'><strong>illum</strong></span> <span class='ocrx_word' id='word_1_389' title='bbox 2067 4704 2209 4771; x_wconf 85' lang='lat' dir='ltr'><strong>fecit,</strong></span> 
     </span>
    </p>
   </div>
   <div class='ocr_carea' id='block_1_51' title="bbox 633 4786 2209 4861">
    <p class='ocr_par' dir='ltr' id='par_1_51' title="bbox 633 4786 2209 4861">
     <span class='ocr_line' id='line_1_51' title="bbox 633 4786 2209 4861; baseline 0.007 -22"><span class='ocrx_word' id='word_1_390' title='bbox 633 4786 924 4857; x_wconf 85' lang='lat' dir='ltr'><strong>principem</strong></span> <span class='ocrx_word' id='word_1_391' title='bbox 965 4789 1202 4842; x_wconf 90' lang='lat' dir='ltr'><strong>omnium</strong></span> <span class='ocrx_word' id='word_1_392' title='bbox 1223 4829 1238 4853; x_wconf 90' lang='lat'><strong>,</strong></span> <span class='ocrx_word' id='word_1_393' title='bbox 1271 4805 1389 4860; x_wconf 76' lang='lat' dir='ltr'><strong>qua:</strong></span> <span class='ocrx_word' id='word_1_394' title='bbox 1422 4792 1473 4845; x_wconf 91' lang='lat' dir='ltr'><strong>in</strong></span> <span class='ocrx_word' id='word_1_395' title='bbox 1499 4800 1637 4847; x_wconf 89' lang='lat' dir='ltr'><strong>terra</strong></span> <span class='ocrx_word' id='word_1_396' title='bbox 1668 4803 1847 4848; x_wconf 88' lang='lat' dir='ltr'><strong>essent</strong></span> <span class='ocrx_word' id='word_1_397' title='bbox 1871 4836 1885 4860; x_wconf 94' lang='lat'><strong>,</strong></span> <span class='ocrx_word' id='word_1_398' title='bbox 1916 4795 2209 4861; x_wconf 88' lang='lat' dir='ltr'><strong>constituit,</strong></span> 
     </span>
    </p>
   </div>
   <div class='ocr_carea' id='block_1_52' title="bbox 629 4879 2213 4954">
    <p class='ocr_par' dir='ltr' id='par_1_52' title="bbox 629 4879 2213 4954">
     <span class='ocr_line' id='line_1_52' title="bbox 629 4879 2213 4954; baseline 0.007 -22"><span class='ocrx_word' id='word_1_399' title='bbox 629 4879 944 4949; x_wconf 88' lang='lat' dir='ltr'><strong>adjutricem</strong></span> <span class='ocrx_word' id='word_1_400' title='bbox 967 4879 1132 4947; x_wconf 90' lang='lat' dir='ltr'><strong>dedit,</strong></span> <span class='ocrx_word' id='word_1_401' title='bbox 1158 4882 1458 4952; x_wconf 89' lang='lat' dir='ltr'><strong>paradisum</strong></span> <span class='ocrx_word' id='word_1_402' title='bbox 1479 4886 1754 4954; x_wconf 76' lang='lat' dir='ltr'><strong>plantavit,</strong></span> <span class='ocrx_word' id='word_1_403' title='bbox 1787 4898 1839 4941; x_wconf 89' lang='lat' dir='ltr'><strong>et</strong></span> <span class='ocrx_word' id='word_1_404' title='bbox 1866 4903 1963 4942; x_wconf 90' lang='lat' dir='ltr'><strong>usu</strong></span> <span class='ocrx_word' id='word_1_405' title='bbox 1993 4899 2213 4943; x_wconf 64' lang='lat' dir='ltr'><strong>ett-teru-</strong></span> 
     </span>
    </p>
   </div>
   <div class='ocr_carea' id='block_1_53' title="bbox 630 4973 2214 5050">
    <p class='ocr_par' dir='ltr' id='par_1_53' title="bbox 630 4973 2214 5050">
     <span class='ocr_line' id='line_1_53' title="bbox 630 4973 2214 5050; baseline 0.004 -22"><span class='ocrx_word' id='word_1_406' title='bbox 630 4988 747 5028; x_wconf 88' lang='lat' dir='ltr'><strong>rum</strong></span> <span class='ocrx_word' id='word_1_407' title='bbox 771 4973 1032 5044; x_wconf 82' lang='lat' dir='ltr'><strong>lignorum</strong></span> <span class='ocrx_word' id='word_1_408' title='bbox 1060 4988 1337 5041; x_wconf 85' lang='lat' dir='ltr'><strong>concesso,</strong></span> <span class='ocrx_word' id='word_1_409' title='bbox 1362 4991 1528 5030; x_wconf 91' lang='lat' dir='ltr'><strong>unum</strong></span> <span class='ocrx_word' id='word_1_410' title='bbox 1564 4986 1765 5031; x_wconf 90' lang='lat' dir='ltr'><strong>tantum</strong></span> <span class='ocrx_word' id='word_1_411' title='bbox 1797 4994 1864 5034; x_wconf 93' lang='lat' dir='ltr'><strong>ne</strong></span> <span class='ocrx_word' id='word_1_412' title='bbox 1892 4980 2214 5050; x_wconf 83' lang='lat' dir='ltr'><strong>attingerent</strong></span> 
     </span>
    </p>
   </div>
   <div class='ocr_carea' id='block_1_54' title="bbox 630 5064 2207 5139">
    <p class='ocr_par' dir='ltr' id='par_1_54' title="bbox 630 5064 2207 5139">
     <span class='ocr_line' id='line_1_54' title="bbox 630 5064 2207 5139; baseline 0.006 -21"><span class='ocrx_word' id='word_1_413' title='bbox 630 5064 798 5119; x_wconf 80' lang='lat' dir='ltr'><strong>vetuit</strong></span> <span class='ocrx_word' id='word_1_414' title='bbox 823 5082 837 5118; x_wconf 86' lang='lat'><strong>:</strong></span> <span class='ocrx_word' id='word_1_415' title='bbox 868 5064 1009 5136; x_wconf 90' lang='lat' dir='ltr'><strong>quod</strong></span> <span class='ocrx_word' id='word_1_416' title='bbox 1042 5065 1213 5136; x_wconf 90' lang='lat' dir='ltr'><strong>ipsum</strong></span> <span class='ocrx_word' id='word_1_417' title='bbox 1242 5065 1307 5121; x_wconf 88' lang='lat' dir='ltr'><strong>ad</strong></span> <span class='ocrx_word' id='word_1_418' title='bbox 1336 5065 1571 5135; x_wconf 92' lang='lat' dir='ltr'><strong>ipsorum</strong></span> <span class='ocrx_word' id='word_1_419' title='bbox 1600 5069 1882 5123; x_wconf 88' lang='lat' dir='ltr'><strong>utilitatem</strong></span> <span class='ocrx_word' id='word_1_420' title='bbox 1917 5070 2207 5139; x_wconf 86' lang='lat' dir='ltr'><strong>prohibuit.</strong></span> 
     </span>
    </p>
   </div>
   <div class='ocr_carea' id='block_1_55' title="bbox 631 5156 2213 5232">
    <p class='ocr_par' dir='ltr' id='par_1_55' title="bbox 631 5156 2213 5232">
     <span class='ocr_line' id='line_1_55' title="bbox 631 5156 2213 5232; baseline 0.004 -23"><span class='ocrx_word' id='word_1_421' title='bbox 631 5156 883 5211; x_wconf 85' lang='lat' dir='ltr'><strong>Diabolus</strong></span> <span class='ocrx_word' id='word_1_422' title='bbox 921 5172 1048 5212; x_wconf 90' lang='lat' dir='ltr'><strong>vero</strong></span> <span class='ocrx_word' id='word_1_423' title='bbox 1076 5173 1246 5228; x_wconf 89' lang='lat' dir='ltr'><strong>neque</strong></span> <span class='ocrx_word' id='word_1_424' title='bbox 1272 5158 1570 5217; x_wconf 85' lang='lat' dir='ltr'><strong>minimum.</strong></span> <span class='ocrx_word' id='word_1_425' title='bbox 1596 5174 1766 5230; x_wconf 89' lang='lat' dir='ltr'><strong>neque</strong></span> <span class='ocrx_word' id='word_1_426' title='bbox 1796 5177 2040 5231; x_wconf 89' lang='lat' dir='ltr'><strong>magnum</strong></span> <span class='ocrx_word' id='word_1_427' title='bbox 2060 5163 2213 5232; x_wconf 88' lang='lat' dir='ltr'><strong>quid-</strong></span> 
     </span>
    </p>
   </div>
   <div class='ocr_carea' id='block_1_56' title="bbox 630 5247 2211 5319">
    <p class='ocr_par' dir='ltr' id='par_1_56' title="bbox 630 5247 2211 5319">
     <span class='ocr_line' id='line_1_56' title="bbox 630 5247 2211 5319; baseline 0.007 -23"><span class='ocrx_word' id='word_1_428' title='bbox 630 5247 768 5313; x_wconf 85' lang='lat' dir='ltr'><strong>piam</strong></span> <span class='ocrx_word' id='word_1_429' title='bbox 816 5248 939 5303; x_wconf 88' lang='lat' dir='ltr'><strong>boni</strong></span> <span class='ocrx_word' id='word_1_430' title='bbox 966 5264 1126 5319; x_wconf 88' lang='lat' dir='ltr'><strong>opere</strong></span> <span class='ocrx_word' id='word_1_431' title='bbox 1166 5251 1444 5319; x_wconf 71' lang='lat' dir='ltr'><strong>praestitit;</strong></span> <span class='ocrx_word' id='word_1_432' title='bbox 1479 5250 1571 5304; x_wconf 91' lang='lat' dir='ltr'><strong>sed</strong></span> <span class='ocrx_word' id='word_1_433' title='bbox 1621 5252 1775 5306; x_wconf 85' lang='lat' dir='ltr'><strong>nudis</strong></span> <span class='ocrx_word' id='word_1_434' title='bbox 1801 5262 2003 5306; x_wconf 90' lang='lat' dir='ltr'><strong>tantum</strong></span> <span class='ocrx_word' id='word_1_435' title='bbox 2035 5254 2211 5307; x_wconf 81' lang='lat' dir='ltr'><strong>verbis</strong></span> 
     </span>
    </p>
   </div>
   <div class='ocr_carea' id='block_1_57' title="bbox 630 5336 2209 5413">
    <p class='ocr_par' dir='ltr' id='par_1_57' title="bbox 630 5336 2209 5413">
     <span class='ocr_line' id='line_1_57' title="bbox 630 5336 2209 5413; baseline 0.005 -23"><span class='ocrx_word' id='word_1_436' title='bbox 630 5336 868 5391; x_wconf 90' lang='lat' dir='ltr'><strong>mulieris</strong></span> <span class='ocrx_word' id='word_1_437' title='bbox 892 5341 1124 5394; x_wconf 88' lang='lat' dir='ltr'><strong>animum</strong></span> <span class='ocrx_word' id='word_1_438' title='bbox 1153 5341 1433 5410; x_wconf 81' lang='lat' dir='ltr'><strong>extollens,</strong></span> <span class='ocrx_word' id='word_1_439' title='bbox 1485 5356 1725 5412; x_wconf 88' lang='lat' dir='ltr'><strong>vanaque</strong></span> <span class='ocrx_word' id='word_1_440' title='bbox 1749 5358 1842 5413; x_wconf 89' lang='lat' dir='ltr'><strong>spe</strong></span> <span class='ocrx_word' id='word_1_441' title='bbox 1887 5342 2097 5409; x_wconf 82' lang='lat' dir='ltr'><strong>inﬂaus,</strong></span> <span class='ocrx_word' id='word_1_442' title='bbox 2138 5344 2209 5398; x_wconf 89' lang='lat' dir='ltr'><strong>ita</strong></span> 
     </span>
    </p>
   </div>
   <div class='ocr_carea' id='block_1_58' title="bbox 626 5432 2208 5508">
    <p class='ocr_par' dir='ltr' id='par_1_58' title="bbox 626 5432 2208 5508">
     <span class='ocr_line' id='line_1_58' title="bbox 626 5432 2208 5508; baseline 0.004 -21"><span class='ocrx_word' id='word_1_443' title='bbox 626 5432 856 5501; x_wconf 84' lang='lat' dir='ltr'><strong>decepit.</strong></span> <span class='ocrx_word' id='word_1_444' title='bbox 881 5434 1009 5499; x_wconf 58' lang='lat' dir='ltr'><strong>Quae</strong></span> <span class='ocrx_word' id='word_1_445' title='bbox 1066 5446 1243 5491; x_wconf 89' lang='lat' dir='ltr'><strong>tamen</strong></span> <span class='ocrx_word' id='word_1_446' title='bbox 1290 5436 1561 5492; x_wconf 89' lang='lat' dir='ltr'><strong>diabolum</strong></span> <span class='ocrx_word' id='word_1_447' title='bbox 1612 5438 1721 5493; x_wconf 85' lang='lat' dir='ltr'><strong>Deo</strong></span> <span class='ocrx_word' id='word_1_448' title='bbox 1763 5437 1865 5493; x_wconf 86' lang='lat' dir='ltr'><strong>fnle</strong></span> <span class='ocrx_word' id='word_1_449' title='bbox 1912 5437 2208 5508; x_wconf 82' lang='lat' dir='ltr'><strong>digniorem</strong></span> 
     </span>
    </p>
   </div>
   <div class='ocr_carea' id='block_1_59' title="bbox 624 5523 2207 5598">
    <p class='ocr_par' dir='ltr' id='par_1_59' title="bbox 624 5523 2207 5598">
     <span class='ocr_line' id='line_1_59' title="bbox 624 5523 2207 5598; baseline 0.004 -19"><span class='ocrx_word' id='word_1_450' title='bbox 624 5523 967 5590; x_wconf 72' lang='lat' dir='ltr'><strong>existimavit,</strong></span> <span class='ocrx_word' id='word_1_451' title='bbox 988 5526 1088 5580; x_wconf 88' lang='lat' dir='ltr'><strong>etsi</strong></span> <span class='ocrx_word' id='word_1_452' title='bbox 1114 5526 1255 5582; x_wconf 89' lang='lat' dir='ltr'><strong>Deus</strong></span> <span class='ocrx_word' id='word_1_453' title='bbox 1283 5529 1534 5598; x_wconf 86' lang='lat' dir='ltr'><strong>operibus</strong></span> <span class='ocrx_word' id='word_1_454' title='bbox 1588 5529 2012 5585; x_wconf 87' lang='lat' dir='ltr'><strong>benevolentiam</strong></span> <span class='ocrx_word' id='word_1_455' title='bbox 2058 5545 2207 5587; x_wconf 89' lang='lat' dir='ltr'><strong>suam</strong></span> 
     </span>
    </p>
   </div>
   <div class='ocr_carea' id='block_1_60' title="bbox 620 5615 2206 5693">
    <p class='ocr_par' dir='ltr' id='par_1_60' title="bbox 620 5615 2206 5693">
     <span class='ocr_line' id='line_1_60' title="bbox 620 5615 2206 5693; baseline 0.005 -21"><span class='ocrx_word' id='word_1_456' title='bbox 620 5615 1044 5675; x_wconf 79' lang='lat' dir='ltr'><strong>demonstrasset</strong></span> <span class='ocrx_word' id='word_1_457' title='bbox 1075 5635 1088 5673; x_wconf 90' lang='lat'>:</span> <span class='ocrx_word' id='word_1_458' title='bbox 1117 5618 1188 5686; x_wconf 91' lang='lat' dir='ltr'><strong>ei,</strong></span> <span class='ocrx_word' id='word_1_459' title='bbox 1239 5620 1327 5693; x_wconf 88' lang='lat' dir='ltr'><strong>qui</strong></span> <span class='ocrx_word' id='word_1_460' title='bbox 1376 5620 1519 5678; x_wconf 87' lang='lat' dir='ltr'><strong>nuda</strong></span> <span class='ocrx_word' id='word_1_461' title='bbox 1564 5623 1723 5679; x_wconf 83' lang='lat' dir='ltr'><strong>verba</strong></span> <span class='ocrx_word' id='word_1_462' title='bbox 1782 5621 2017 5693; x_wconf 62' lang='lat' dir='ltr'><strong>nihilque</strong></span> <span class='ocrx_word' id='word_1_463' title='bbox 2066 5638 2206 5693; x_wconf 70' lang='lat' dir='ltr'><strong>pne-</strong></span> 
     </span>
    </p>
   </div>
   <div class='ocr_carea' id='block_1_61' title="bbox 1375 206 3738 280">
    <p class='ocr_par' dir='ltr' id='par_1_61' title="bbox 1375 206 3738 280">
     <span class='ocr_line' id='line_1_61' title="bbox 1375 206 3738 280; baseline -0.004 -14"><span class='ocrx_word' id='word_1_464' title='bbox 1375 212 1430 266; x_wconf 89' lang='lat' dir='ltr'><strong>S.</strong></span> <span class='ocrx_word' id='word_1_465' title='bbox 1469 210 1749 266; x_wconf 63' lang='lat' dir='ltr'><strong>JOANNIS</strong></span> <span class='ocrx_word' id='word_1_466' title='bbox 1785 206 2257 263; x_wconf 66' lang='lat' dir='ltr'><strong>CHRYSOSTOMI</strong></span> <span class='ocrx_word' id='word_1_467' title='bbox 2295 206 2611 262; x_wconf 74' lang='lat' dir='ltr'><strong>ARClllEP.</strong></span> <span class='ocrx_word' id='word_1_468' title='bbox 2652 209 3183 264; x_wconf 71' lang='lat' dir='ltr'><strong>CONSTANTINOP.</strong></span> <span class='ocrx_word' id='word_1_469' title='bbox 3675 228 3738 280; x_wconf 55' lang='grc' dir='ltr'><strong>εἶθ</strong></span> 
     </span>
    </p>
   </div>
   <div class='ocr_carea' id='block_1_62' title="bbox 2332 320 3743 389">
    <p class='ocr_par' dir='ltr' id='par_1_62' title="bbox 2332 320 3743 389">
     <span class='ocr_line' id='line_1_62' title="bbox 2332 320 3743 389; baseline 0.007 -13"><span class='ocrx_word' id='word_1_470' title='bbox 2332 332 2476 377; x_wconf 82' lang='lat' dir='ltr'><strong>terea</strong></span> <span class='ocrx_word' id='word_1_471' title='bbox 2500 322 2713 389; x_wconf 81' lang='lat' dir='ltr'><strong>obtulit,</strong></span> <span class='ocrx_word' id='word_1_472' title='bbox 2765 320 2924 376; x_wconf 84' lang='lat' dir='ltr'><strong>ﬁdem</strong></span> <span class='ocrx_word' id='word_1_473' title='bbox 2968 323 3147 377; x_wconf 79' lang='lat' dir='ltr'><strong>habuit</strong></span> <span class='ocrx_word' id='word_1_474' title='bbox 3173 324 3360 378; x_wconf 77' lang='lat' dir='ltr'><strong>mulier.</strong></span> <span class='ocrx_word' id='word_1_475' title='bbox 3395 324 3538 379; x_wconf 59' lang='grc' dir='ltr'><strong>τιολαὶ</strong></span> <span class='ocrx_word' id='word_1_476' title='bbox 3560 344 3609 381; x_wconf 76' lang='lat' dir='ltr'><strong>ex</strong></span> <span class='ocrx_word' id='word_1_477' title='bbox 3638 338 3743 386; x_wconf 67' lang='lat' dir='ltr'><strong>mihi.</strong></span> 
     </span>
    </p>
   </div>
   <div class='ocr_carea' id='block_1_63' title="bbox 2330 413 3740 485">
    <p class='ocr_par' dir='ltr' id='par_1_63' title="bbox 2330 413 3740 485">
     <span class='ocr_line' id='line_1_63' title="bbox 2330 413 3740 485; baseline -0.001 -18"><span class='ocrx_word' id='word_1_478' title='bbox 2330 415 2401 467; x_wconf 86' lang='lat' dir='ltr'><strong>tia</strong></span> <span class='ocrx_word' id='word_1_479' title='bbox 2431 423 2634 466; x_wconf 88' lang='lat' dir='ltr'><strong>tantum</strong></span> <span class='ocrx_word' id='word_1_480' title='bbox 2655 422 2710 467; x_wconf 89' lang='lat' dir='ltr'><strong>et</strong></span> <span class='ocrx_word' id='word_1_481' title='bbox 2734 413 2961 483; x_wconf 80' lang='lat' dir='ltr'><strong>ignavia,</strong></span> <span class='ocrx_word' id='word_1_482' title='bbox 2997 428 3107 468; x_wconf 84' lang='lat' dir='ltr'><strong>non</strong></span> <span class='ocrx_word' id='word_1_483' title='bbox 3149 423 3316 468; x_wconf 68' lang='lat' dir='ltr'><strong>autem</strong></span> <span class='ocrx_word' id='word_1_484' title='bbox 3340 416 3379 468; x_wconf 63' lang='lat' dir='ltr'><strong>vi</strong></span> <span class='ocrx_word' id='word_1_485' title='bbox 3408 417 3594 473; x_wconf 69' lang='lat' dir='ltr'><strong>tandem</strong></span> <span class='ocrx_word' id='word_1_486' title='bbox 3633 422 3740 485; x_wconf 56' lang='lat' dir='ltr'><strong>pm.</strong></span> 
     </span>
    </p>
   </div>
   <div class='ocr_carea' id='block_1_64' title="bbox 2327 502 3743 576">
    <p class='ocr_par' dir='ltr' id='par_1_64' title="bbox 2327 502 3743 576">
     <span class='ocr_line' id='line_1_64' title="bbox 2327 502 3743 576; baseline 0.001 -18"><span class='ocrx_word' id='word_1_487' title='bbox 2327 514 2469 558; x_wconf 84' lang='lat' dir='ltr'><strong>ctam</strong></span> <span class='ocrx_word' id='word_1_488' title='bbox 2482 519 2613 558; x_wconf 83' lang='lat' dir='ltr'><strong>esse</strong></span> <span class='ocrx_word' id='word_1_489' title='bbox 2628 504 2652 558; x_wconf 74' lang='lat'><strong><em>2</em></strong></span> <span class='ocrx_word' id='word_1_490' title='bbox 2666 502 3070 574; x_wconf 23' lang='lat' dir='ltr'><strong>’thueclarius</strong></span> <span class='ocrx_word' id='word_1_491' title='bbox 3086 504 3303 565; x_wconf 82' lang='lat' dir='ltr'><strong>ediscas,</strong></span> <span class='ocrx_word' id='word_1_492' title='bbox 3320 506 3427 558; x_wconf 82' lang='lat' dir='ltr'><strong>audi</strong></span> <span class='ocrx_word' id='word_1_493' title='bbox 3442 508 3645 576; x_wconf 61' lang='lat' dir='ltr'><strong>quoniam</strong></span> <span class='ocrx_word' id='word_1_494' title='bbox 3658 511 3743 565; x_wconf 67' lang='lat' dir='ltr'><strong>Sui</strong></span> 
     </span>
    </p>
   </div>
   <div class='ocr_carea' id='block_1_65' title="bbox 2330 595 3744 669">
    <p class='ocr_par' dir='ltr' id='par_1_65' title="bbox 2330 595 3744 669">
     <span class='ocr_line' id='line_1_65' title="bbox 2330 595 3744 669; baseline 0.003 -21"><span class='ocrx_word' id='word_1_495' title='bbox 2330 605 2484 665; x_wconf 88' lang='lat' dir='ltr'><strong>ptura</strong></span> <span class='ocrx_word' id='word_1_496' title='bbox 2505 595 2778 650; x_wconf 87' lang='lat' dir='ltr'><strong>mulierem</strong></span> <span class='ocrx_word' id='word_1_497' title='bbox 2798 606 3033 651; x_wconf 84' lang='lat' dir='ltr'><strong>accuset.</strong></span> <span class='ocrx_word' id='word_1_498' title='bbox 3043 597 3169 650; x_wconf 74' lang='lat' dir='ltr'><strong>.Nun</strong></span> <span class='ocrx_word' id='word_1_499' title='bbox 3185 599 3313 651; x_wconf 83' lang='lat' dir='ltr'><strong>enim</strong></span> <span class='ocrx_word' id='word_1_500' title='bbox 3323 598 3459 664; x_wconf 80' lang='lat' dir='ltr'><strong>dixit,</strong></span> <span class='ocrx_word' id='word_1_501' title='bbox 3483 599 3744 669; x_wconf 71' lang='grc' dir='ltr'><strong>θεαμῃαί,</strong></span> 
     </span>
    </p>
   </div>
   <div class='ocr_carea' id='block_1_66' title="bbox 2329 687 3749 757">
    <p class='ocr_par' dir='ltr' id='par_1_66' title="bbox 2329 687 3749 757">
     <span class='ocr_line' id='line_1_66' title="bbox 2329 687 3749 757; baseline 0.004 -16"><span class='ocrx_word' id='word_1_502' title='bbox 2329 687 2644 756; x_wconf 84' lang='lat' dir='ltr'><strong>Conspicata</strong></span> <span class='ocrx_word' id='word_1_503' title='bbox 2680 688 2902 757; x_wconf 84' lang='lat' dir='ltr'><strong>lignum,</strong></span> <span class='ocrx_word' id='word_1_504' title='bbox 2955 689 3097 757; x_wconf 85' lang='lat' dir='ltr'><strong>quod</strong></span> <span class='ocrx_word' id='word_1_505' title='bbox 3127 689 3379 756; x_wconf 75' lang='lat' dir='ltr'><strong>pulchrum</strong></span> <span class='ocrx_word' id='word_1_506' title='bbox 3402 699 3549 753; x_wconf 80' lang='lat' dir='ltr'><strong>esset,</strong></span> <span class='ocrx_word' id='word_1_507' title='bbox 3586 692 3749 746; x_wconf 66' lang='lat' dir='ltr'><strong>maelii.</strong></span> 
     </span>
    </p>
   </div>
   <div class='ocr_carea' id='block_1_67' title="bbox 2334 779 3751 849">
    <p class='ocr_par' dir='ltr' id='par_1_67' title="bbox 2334 779 3751 849">
     <span class='ocr_line' id='line_1_67' title="bbox 2334 779 3751 849; baseline 0.001 -15"><span class='ocrx_word' id='word_1_508' title='bbox 2334 779 2515 849; x_wconf 88' lang='lat' dir='ltr'><strong>Itaque</strong></span> <span class='ocrx_word' id='word_1_509' title='bbox 2543 780 2746 834; x_wconf 85' lang='lat' dir='ltr'><strong>crimen</strong></span> <span class='ocrx_word' id='word_1_510' title='bbox 2777 780 2904 833; x_wconf 88' lang='lat' dir='ltr'><strong>illud</strong></span> <span class='ocrx_word' id='word_1_511' title='bbox 2932 780 3319 849; x_wconf 72' lang='lat' dir='ltr'><strong>intemperantis</strong></span> <span class='ocrx_word' id='word_1_512' title='bbox 3341 790 3551 849; x_wconf 78' lang='lat' dir='ltr'><strong>aspectus</strong></span> <span class='ocrx_word' id='word_1_513' title='bbox 3580 793 3669 845; x_wconf 81' lang='lat' dir='ltr'><strong>erat,</strong></span> <span class='ocrx_word' id='word_1_514' title='bbox 3689 798 3751 835; x_wconf 75' lang='lat' dir='ltr'><strong>non</strong></span> 
     </span>
    </p>
   </div>
   <div class='ocr_carea' id='block_1_68' title="bbox 2333 871 3753 940">
    <p class='ocr_par' dir='ltr' id='par_1_68' title="bbox 2333 871 3753 940">
     <span class='ocr_line' id='line_1_68' title="bbox 2333 871 3753 940; baseline -0.001 -14"><span class='ocrx_word' id='word_1_515' title='bbox 2333 871 2862 926; x_wconf 70' lang='lat' dir='ltr'><strong>fallacitediabolica:</strong></span> <span class='ocrx_word' id='word_1_516' title='bbox 2890 880 3096 925; x_wconf 82' lang='lat' dir='ltr'><strong>tantum</strong></span> <span class='ocrx_word' id='word_1_517' title='bbox 3116 888 3133 924; x_wconf 88' lang='lat'><strong>:</strong></span> <span class='ocrx_word' id='word_1_518' title='bbox 3153 886 3185 924; x_wconf 95' lang='lat' dir='ltr'><strong>a</strong></span> <span class='ocrx_word' id='word_1_519' title='bbox 3210 872 3402 940; x_wconf 85' lang='lat' dir='ltr'><strong>propria</strong></span> <span class='ocrx_word' id='word_1_520' title='bbox 3426 887 3605 939; x_wconf 71' lang='lat' dir='ltr'><strong>uanique</strong></span> <span class='ocrx_word' id='word_1_521' title='bbox 3628 886 3753 924; x_wconf 71' lang='lat' dir='ltr'><strong>unm-</strong></span> 
     </span>
    </p>
   </div>
   <div class='ocr_carea' id='block_1_69' title="bbox 2334 962 3757 1035">
    <p class='ocr_par' dir='ltr' id='par_1_69' title="bbox 2334 962 3757 1035">
     <span class='ocr_line' id='line_1_69' title="bbox 2334 962 3757 1035; baseline -0.004 -15"><span class='ocrx_word' id='word_1_522' title='bbox 2334 966 2615 1035; x_wconf 79' lang='lat' dir='ltr'><strong>piscentia,</strong></span> <span class='ocrx_word' id='word_1_523' title='bbox 2632 979 2752 1019; x_wconf 72' lang='lat' dir='ltr'><strong>non</strong></span> <span class='ocrx_word' id='word_1_524' title='bbox 2778 979 2811 1018; x_wconf 90' lang='lat' dir='ltr'><strong>a</strong></span> <span class='ocrx_word' id='word_1_525' title='bbox 2830 964 3093 1019; x_wconf 50' lang='lat' dir='ltr'><strong>dar-monis</strong></span> <span class='ocrx_word' id='word_1_526' title='bbox 3118 963 3309 1018; x_wconf 87' lang='lat' dir='ltr'><strong>malitia</strong></span> <span class='ocrx_word' id='word_1_527' title='bbox 3347 974 3555 1030; x_wconf 81' lang='lat' dir='ltr'><strong>superata</strong></span> <span class='ocrx_word' id='word_1_528' title='bbox 3584 973 3656 1015; x_wconf 83' lang='lat' dir='ltr'><strong>est.</strong></span> <span class='ocrx_word' id='word_1_529' title='bbox 3682 962 3757 1015; x_wconf 69' lang='lat' dir='ltr'><strong>loco</strong></span> 
     </span>
    </p>
   </div>
   <div class='ocr_carea' id='block_1_70' title="bbox 2332 1056 3756 1127">
    <p class='ocr_par' dir='ltr' id='par_1_70' title="bbox 2332 1056 3756 1127">
     <span class='ocr_line' id='line_1_70' title="bbox 2332 1056 3756 1127; baseline -0.002 -16"><span class='ocrx_word' id='word_1_530' title='bbox 2332 1060 2539 1113; x_wconf 83' lang='lat' dir='ltr'><strong>veniam</strong></span> <span class='ocrx_word' id='word_1_531' title='bbox 2568 1073 2673 1112; x_wconf 88' lang='lat' dir='ltr'><strong>non</strong></span> <span class='ocrx_word' id='word_1_532' title='bbox 2694 1066 2779 1113; x_wconf 88' lang='lat' dir='ltr'><strong>est</strong></span> <span class='ocrx_word' id='word_1_533' title='bbox 2802 1068 3149 1127; x_wconf 84' lang='lat' dir='ltr'><strong>consequuta,</strong></span> <span class='ocrx_word' id='word_1_534' title='bbox 3177 1056 3267 1112; x_wconf 87' lang='lat' dir='ltr'><strong>sed</strong></span> <span class='ocrx_word' id='word_1_535' title='bbox 3285 1072 3394 1111; x_wconf 84' lang='lat' dir='ltr'><strong>cum</strong></span> <span class='ocrx_word' id='word_1_536' title='bbox 3411 1056 3607 1119; x_wconf 67' lang='lat' dir='ltr'><strong>dixisset,</strong></span> <span class='ocrx_word' id='word_1_537' title='bbox 3618 1056 3756 1123; x_wconf 64' lang='lat' dir='ltr'><strong>Sapori</strong></span> 
     </span>
    </p>
   </div>
   <div class='ocr_carea' id='block_1_71' title="bbox 2334 1147 3758 1218">
    <p class='ocr_par' dir='ltr' id='par_1_71' title="bbox 2334 1147 3758 1218">
     <span class='ocr_line' id='line_1_71' title="bbox 2334 1147 3758 1218; baseline -0.003 -18"><span class='ocrx_word' id='word_1_538' title='bbox 2334 1149 2525 1218; x_wconf 77' lang='lat' dir='ltr'><strong>decepit</strong></span> <span class='ocrx_word' id='word_1_539' title='bbox 2553 1166 2650 1213; x_wconf 85' lang='lat' dir='ltr'><strong>me,</strong></span> <span class='ocrx_word' id='word_1_540' title='bbox 2691 1158 2960 1204; x_wconf 76' lang='lat' dir='ltr'><strong>extremas</strong></span> <span class='ocrx_word' id='word_1_541' title='bbox 2986 1158 3166 1201; x_wconf 80' lang='lat' dir='ltr'><strong>tamen</strong></span> <span class='ocrx_word' id='word_1_542' title='bbox 3201 1162 3371 1215; x_wconf 70' lang='lat' dir='ltr'><strong>pinnas</strong></span> <span class='ocrx_word' id='word_1_543' title='bbox 3388 1147 3475 1199; x_wconf 88' lang='lat' dir='ltr'><strong>luit</strong></span> <span class='ocrx_word' id='word_1_544' title='bbox 3497 1165 3510 1197; x_wconf 88' lang='lat'>:</span> <span class='ocrx_word' id='word_1_545' title='bbox 3531 1161 3649 1213; x_wconf 81' lang='lat' dir='ltr'><strong>penes</strong></span> <span class='ocrx_word' id='word_1_546' title='bbox 3672 1147 3758 1198; x_wconf 68' lang='lat' dir='ltr'><strong>illan</strong></span> 
     </span>
    </p>
   </div>
   <div class='ocr_carea' id='block_1_72' title="bbox 2334 1238 3759 1305">
    <p class='ocr_par' dir='ltr' id='par_1_72' title="bbox 2334 1238 3759 1305">
     <span class='ocr_line' id='line_1_72' title="bbox 2334 1238 3759 1305; baseline -0.006 -10"><span class='ocrx_word' id='word_1_547' title='bbox 2334 1242 2474 1295; x_wconf 90' lang='lat' dir='ltr'><strong>enim</strong></span> <span class='ocrx_word' id='word_1_548' title='bbox 2499 1250 2613 1294; x_wconf 89' lang='lat' dir='ltr'><strong>erat</strong></span> <span class='ocrx_word' id='word_1_549' title='bbox 2632 1257 2737 1294; x_wconf 91' lang='lat' dir='ltr'><strong>non</strong></span> <span class='ocrx_word' id='word_1_550' title='bbox 2764 1240 2976 1294; x_wconf 84' lang='lat' dir='ltr'><strong>cadere.</strong></span> <span class='ocrx_word' id='word_1_551' title='bbox 3002 1239 3153 1305; x_wconf 83' lang='lat' dir='ltr'><strong>Quod</strong></span> <span class='ocrx_word' id='word_1_552' title='bbox 3185 1249 3237 1292; x_wconf 90' lang='lat' dir='ltr'><strong>ut</strong></span> <span class='ocrx_word' id='word_1_553' title='bbox 3262 1238 3441 1291; x_wconf 86' lang='lat' dir='ltr'><strong>clarius</strong></span> <span class='ocrx_word' id='word_1_554' title='bbox 3454 1238 3759 1305; x_wconf 65' lang='lat' dir='ltr'><strong>erant.ch</strong></span> 
     </span>
    </p>
   </div>
   <div class='ocr_carea' id='block_1_73' title="bbox 2334 1328 3759 1393">
    <p class='ocr_par' dir='ltr' id='par_1_73' title="bbox 2334 1328 3759 1393">
     <span class='ocr_line' id='line_1_73' title="bbox 2334 1328 3759 1393; baseline -0.004 -9"><span class='ocrx_word' id='word_1_555' title='bbox 2334 1330 2525 1384; x_wconf 84' lang='lat' dir='ltr'><strong>Jobnm</strong></span> <span class='ocrx_word' id='word_1_556' title='bbox 2542 1345 2854 1385; x_wconf 83' lang='lat' dir='ltr'><strong>sermonem</strong></span> <span class='ocrx_word' id='word_1_557' title='bbox 2872 1341 3264 1393; x_wconf 73' lang='lat' dir='ltr'><strong>consertamus,</strong></span> <span class='ocrx_word' id='word_1_558' title='bbox 3286 1344 3316 1381; x_wconf 92' lang='lat' dir='ltr'><strong>a</strong></span> <span class='ocrx_word' id='word_1_559' title='bbox 3341 1328 3477 1382; x_wconf 81' lang='lat' dir='ltr'><strong>vietis</strong></span> <span class='ocrx_word' id='word_1_560' title='bbox 3498 1328 3551 1380; x_wconf 80' lang='lat' dir='ltr'><strong>ad</strong></span> <span class='ocrx_word' id='word_1_561' title='bbox 3577 1328 3759 1387; x_wconf 54' lang='lat' dir='ltr'><strong>viderent,</strong></span> 
     </span>
    </p>
   </div>
   <div class='ocr_carea' id='block_1_74' title="bbox 2333 1419 3761 1492">
    <p class='ocr_par' dir='ltr' id='par_1_74' title="bbox 2333 1419 3761 1492">
     <span class='ocr_line' id='line_1_74' title="bbox 2333 1419 3761 1492; baseline -0.005 -17"><span class='ocrx_word' id='word_1_562' title='bbox 2333 1438 2363 1475; x_wconf 90' lang='lat' dir='ltr'><strong>a</strong></span> <span class='ocrx_word' id='word_1_563' title='bbox 2390 1423 2649 1491; x_wconf 88' lang='lat' dir='ltr'><strong>superatis</strong></span> <span class='ocrx_word' id='word_1_564' title='bbox 2672 1422 2739 1475; x_wconf 87' lang='lat' dir='ltr'><strong>ad</strong></span> <span class='ocrx_word' id='word_1_565' title='bbox 2766 1431 3105 1492; x_wconf 76' lang='lat' dir='ltr'><strong>superantern</strong></span> <span class='ocrx_word' id='word_1_566' title='bbox 3130 1439 3144 1473; x_wconf 92' lang='lat'><strong>:</strong></span> <span class='ocrx_word' id='word_1_567' title='bbox 3174 1422 3261 1474; x_wconf 90' lang='lat' dir='ltr'><strong>ille</strong></span> <span class='ocrx_word' id='word_1_568' title='bbox 3278 1434 3489 1487; x_wconf 85' lang='lat' dir='ltr'><strong>namque</strong></span> <span class='ocrx_word' id='word_1_569' title='bbox 3512 1419 3682 1486; x_wconf 73' lang='lat' dir='ltr'><strong>maiores</strong></span> <span class='ocrx_word' id='word_1_570' title='bbox 3706 1432 3761 1468; x_wconf 79' lang='lat' dir='ltr'><strong>no-</strong></span> 
     </span>
    </p>
   </div>
   <div class='ocr_carea' id='block_1_75' title="bbox 2335 1510 3763 1577">
    <p class='ocr_par' dir='ltr' id='par_1_75' title="bbox 2335 1510 3763 1577">
     <span class='ocr_line' id='line_1_75' title="bbox 2335 1510 3763 1577; baseline -0.005 -10"><span class='ocrx_word' id='word_1_571' title='bbox 2335 1514 2418 1567; x_wconf 91' lang='lat' dir='ltr'><strong>bis</strong></span> <span class='ocrx_word' id='word_1_572' title='bbox 2443 1514 2651 1568; x_wconf 87' lang='lat' dir='ltr'><strong>animos</strong></span> <span class='ocrx_word' id='word_1_573' title='bbox 2682 1513 2857 1577; x_wconf 86' lang='lat' dir='ltr'><strong>faciet,</strong></span> <span class='ocrx_word' id='word_1_574' title='bbox 2890 1524 2946 1567; x_wconf 85' lang='lat' dir='ltr'><strong>ut</strong></span> <span class='ocrx_word' id='word_1_575' title='bbox 2966 1528 3153 1567; x_wconf 90' lang='lat' dir='ltr'><strong>manus</strong></span> <span class='ocrx_word' id='word_1_576' title='bbox 3171 1527 3289 1567; x_wconf 84' lang='lat' dir='ltr'><strong>cum</strong></span> <span class='ocrx_word' id='word_1_577' title='bbox 3308 1510 3497 1564; x_wconf 86' lang='lat' dir='ltr'><strong>diabolo</strong></span> <span class='ocrx_word' id='word_1_578' title='bbox 3515 1522 3763 1563; x_wconf 66' lang='lat' dir='ltr'><strong>consensus</strong></span> 
     </span>
    </p>
   </div>
   <div class='ocr_carea' id='block_1_76' title="bbox 2332 1600 3764 1676">
    <p class='ocr_par' dir='ltr' id='par_1_76' title="bbox 2332 1600 3764 1676">
     <span class='ocr_line' id='line_1_76' title="bbox 2332 1600 3764 1676; baseline -0.008 -16"><span class='ocrx_word' id='word_1_579' title='bbox 2332 1606 2446 1660; x_wconf 91' lang='lat' dir='ltr'><strong>lllic</strong></span> <span class='ocrx_word' id='word_1_580' title='bbox 2472 1621 2696 1676; x_wconf 87' lang='lat' dir='ltr'><strong>serpens</strong></span> <span class='ocrx_word' id='word_1_581' title='bbox 2709 1616 2845 1668; x_wconf 89' lang='lat' dir='ltr'><strong>erat,</strong></span> <span class='ocrx_word' id='word_1_582' title='bbox 2872 1607 2958 1675; x_wconf 87' lang='lat' dir='ltr'><strong>qui</strong></span> <span class='ocrx_word' id='word_1_583' title='bbox 2983 1605 3295 1675; x_wconf 78' lang='lat' dir='ltr'><strong>decipiebat,</strong></span> <span class='ocrx_word' id='word_1_584' title='bbox 3318 1612 3368 1657; x_wconf 87' lang='lat' dir='ltr'><strong>et</strong></span> <span class='ocrx_word' id='word_1_585' title='bbox 3390 1603 3498 1656; x_wconf 83' lang='lat' dir='ltr'><strong>vicit</strong></span> <span class='ocrx_word' id='word_1_586' title='bbox 3518 1603 3613 1665; x_wconf 87' lang='lat' dir='ltr'><strong>;bic</strong></span> <span class='ocrx_word' id='word_1_587' title='bbox 3632 1600 3764 1665; x_wconf 79' lang='lat' dir='ltr'><strong>mulier,</strong></span> 
     </span>
    </p>
   </div>
   <div class='ocr_carea' id='block_1_77' title="bbox 2335 1690 3768 1767">
    <p class='ocr_par' dir='ltr' id='par_1_77' title="bbox 2335 1690 3768 1767">
     <span class='ocr_line' id='line_1_77' title="bbox 2335 1690 3768 1767; baseline -0.003 -16"><span class='ocrx_word' id='word_1_588' title='bbox 2335 1712 2454 1766; x_wconf 81' lang='lat' dir='ltr'><strong>qua:</strong></span> <span class='ocrx_word' id='word_1_589' title='bbox 2484 1712 2589 1751; x_wconf 93' lang='lat' dir='ltr'><strong>non</strong></span> <span class='ocrx_word' id='word_1_590' title='bbox 2617 1698 2915 1767; x_wconf 63' lang='lat' dir='ltr'><strong>praevaluit,</strong></span> <span class='ocrx_word' id='word_1_591' title='bbox 2939 1699 3149 1750; x_wconf 84' lang='lat' dir='ltr'><strong>tametsi</strong></span> <span class='ocrx_word' id='word_1_592' title='bbox 3176 1695 3240 1749; x_wconf 86' lang='lat' dir='ltr'><strong>ad</strong></span> <span class='ocrx_word' id='word_1_593' title='bbox 3266 1692 3628 1764; x_wconf 81' lang='lat' dir='ltr'><strong>persuadendum</strong></span> <span class='ocrx_word' id='word_1_594' title='bbox 3646 1690 3768 1757; x_wconf 70' lang='lat' dir='ltr'><strong>aptior.</strong></span> 
     </span>
    </p>
   </div>
   <div class='ocr_carea' id='block_1_78' title="bbox 2332 1779 3769 1858">
    <p class='ocr_par' dir='ltr' id='par_1_78' title="bbox 2332 1779 3769 1858">
     <span class='ocr_line' id='line_1_78' title="bbox 2332 1779 3769 1858; baseline -0.01 -15"><span class='ocrx_word' id='word_1_595' title='bbox 2332 1804 2492 1858; x_wconf 85' lang='lat' dir='ltr'><strong>quam</strong></span> <span class='ocrx_word' id='word_1_596' title='bbox 2514 1790 2622 1843; x_wconf 91' lang='lat' dir='ltr'><strong>ille.</strong></span> <span class='ocrx_word' id='word_1_597' title='bbox 2667 1789 2744 1843; x_wconf 79' lang='lat' dir='ltr'><strong>Ac</strong></span> <span class='ocrx_word' id='word_1_598' title='bbox 2771 1788 2907 1843; x_wconf 83' lang='lat' dir='ltr'><strong>Jobo</strong></span> <span class='ocrx_word' id='word_1_599' title='bbox 2949 1787 3166 1858; x_wconf 84' lang='lat' dir='ltr'><strong>quidem</strong></span> <span class='ocrx_word' id='word_1_600' title='bbox 3208 1796 3324 1856; x_wconf 87' lang='lat' dir='ltr'><strong>post</strong></span> <span class='ocrx_word' id='word_1_601' title='bbox 3346 1784 3635 1854; x_wconf 72' lang='lat' dir='ltr'><strong>pecuniam</strong></span> <span class='ocrx_word' id='word_1_602' title='bbox 3665 1779 3769 1847; x_wconf 73' lang='lat' dir='ltr'><strong>jactu-</strong></span> 
     </span>
    </p>
   </div>
   <div class='ocr_carea' id='block_1_79' title="bbox 2334 1872 3772 1944">
    <p class='ocr_par' dir='ltr' id='par_1_79' title="bbox 2334 1872 3772 1944">
     <span class='ocr_line' id='line_1_79' title="bbox 2334 1872 3772 1944; baseline -0.014 -6"><span class='ocrx_word' id='word_1_603' title='bbox 2334 1896 2469 1944; x_wconf 82' lang='lat' dir='ltr'><strong>ram,</strong></span> <span class='ocrx_word' id='word_1_604' title='bbox 2503 1881 2727 1933; x_wconf 80' lang='lat' dir='ltr'><strong>ﬁliorum</strong></span> <span class='ocrx_word' id='word_1_605' title='bbox 2749 1880 3112 1943; x_wconf 86' lang='lat' dir='ltr'><strong>amissionem,</strong></span> <span class='ocrx_word' id='word_1_606' title='bbox 3138 1892 3342 1932; x_wconf 85' lang='lat' dir='ltr'><strong>necnon</strong></span> <span class='ocrx_word' id='word_1_607' title='bbox 3364 1876 3590 1929; x_wconf 81' lang='lat' dir='ltr'><strong>bonorum</strong></span> <span class='ocrx_word' id='word_1_608' title='bbox 3604 1872 3772 1927; x_wconf 78' lang='lat' dir='ltr'><strong>ennium,</strong></span> 
     </span>
    </p>
   </div>
   <div class='ocr_carea' id='block_1_80' title="bbox 2333 1956 3771 2035">
    <p class='ocr_par' dir='ltr' id='par_1_80' title="bbox 2333 1956 3771 2035">
     <span class='ocr_line' id='line_1_80' title="bbox 2333 1956 3771 2035; baseline -0.012 -9"><span class='ocrx_word' id='word_1_609' title='bbox 2333 1972 2575 2026; x_wconf 80' lang='lat' dir='ltr'><strong>.nachina</strong></span> <span class='ocrx_word' id='word_1_610' title='bbox 2606 1972 3019 2035; x_wconf 84' lang='lat' dir='ltr'><strong>admovebatur;</strong></span> <span class='ocrx_word' id='word_1_611' title='bbox 3046 1971 3155 2024; x_wconf 88' lang='lat' dir='ltr'><strong>illic</strong></span> <span class='ocrx_word' id='word_1_612' title='bbox 3171 1984 3295 2024; x_wconf 90' lang='lat' dir='ltr'><strong>vero</strong></span> <span class='ocrx_word' id='word_1_613' title='bbox 3314 1966 3433 2020; x_wconf 87' lang='lat' dir='ltr'><strong>nihil</strong></span> <span class='ocrx_word' id='word_1_614' title='bbox 3455 1973 3551 2019; x_wconf 84' lang='lat' dir='ltr'><strong>erat</strong></span> <span class='ocrx_word' id='word_1_615' title='bbox 3570 1956 3771 2029; x_wconf 77' lang='lat' dir='ltr'><strong>ejusmodi:</strong></span> 
     </span>
    </p>
   </div>
   <div class='ocr_carea' id='block_1_81' title="bbox 2336 2052 3774 2131">
    <p class='ocr_par' dir='ltr' id='par_1_81' title="bbox 2336 2052 3774 2131">
     <span class='ocr_line' id='line_1_81' title="bbox 2336 2052 3774 2131; baseline -0.006 -15"><span class='ocrx_word' id='word_1_616' title='bbox 2336 2063 2472 2118; x_wconf 79' lang='lat' dir='ltr'><strong>ﬁlios</strong></span> <span class='ocrx_word' id='word_1_617' title='bbox 2502 2078 2607 2118; x_wconf 89' lang='lat' dir='ltr'><strong>non</strong></span> <span class='ocrx_word' id='word_1_618' title='bbox 2628 2064 2881 2118; x_wconf 81' lang='lat' dir='ltr'><strong>amiserat</strong></span> <span class='ocrx_word' id='word_1_619' title='bbox 2907 2078 3005 2117; x_wconf 90' lang='lat' dir='ltr'><strong>nee</strong></span> <span class='ocrx_word' id='word_1_620' title='bbox 3028 2063 3281 2131; x_wconf 84' lang='lat' dir='ltr'><strong>pecunias</strong></span> <span class='ocrx_word' id='word_1_621' title='bbox 3305 2059 3478 2118; x_wconf 80' lang='lat' dir='ltr'><strong>Adam.</strong></span> <span class='ocrx_word' id='word_1_622' title='bbox 3497 2052 3681 2123; x_wconf 77' lang='lat' dir='ltr'><strong>nequein</strong></span> <span class='ocrx_word' id='word_1_623' title='bbox 3698 2052 3774 2101; x_wconf 64' lang='lat' dir='ltr'><strong>ﬁmo</strong></span> 
     </span>
    </p>
   </div>
   <div class='ocr_carea' id='block_1_82' title="bbox 2333 2145 3774 2222">
    <p class='ocr_par' dir='ltr' id='par_1_82' title="bbox 2333 2145 3774 2222">
     <span class='ocr_line' id='line_1_82' title="bbox 2333 2145 3774 2222; baseline -0.014 -14"><span class='ocrx_word' id='word_1_624' title='bbox 2333 2154 2574 2219; x_wconf 87' lang='lat' dir='ltr'><strong>sedebat,</strong></span> <span class='ocrx_word' id='word_1_625' title='bbox 2607 2154 2700 2208; x_wconf 89' lang='lat' dir='ltr'><strong>sed</strong></span> <span class='ocrx_word' id='word_1_626' title='bbox 2732 2153 2787 2207; x_wconf 91' lang='lat' dir='ltr'><strong>in</strong></span> <span class='ocrx_word' id='word_1_627' title='bbox 2810 2154 3055 2222; x_wconf 87' lang='lat' dir='ltr'><strong>paradiso</strong></span> <span class='ocrx_word' id='word_1_628' title='bbox 3083 2151 3367 2220; x_wconf 82' lang='lat' dir='ltr'><strong>voluptatis</strong></span> <span class='ocrx_word' id='word_1_629' title='bbox 3386 2145 3625 2203; x_wconf 77' lang='lat' dir='ltr'><strong>habitabat,</strong></span> <span class='ocrx_word' id='word_1_630' title='bbox 3642 2151 3682 2194; x_wconf 84' lang='lat' dir='ltr'><strong>et</strong></span> <span class='ocrx_word' id='word_1_631' title='bbox 3707 2155 3774 2190; x_wconf 60' lang='lat' dir='ltr'><strong>one</strong></span> 
     </span>
    </p>
   </div>
   <div class='ocr_carea' id='block_1_83' title="bbox 2334 2227 3776 2315">
    <p class='ocr_par' dir='ltr' id='par_1_83' title="bbox 2334 2227 3776 2315">
     <span class='ocr_line' id='line_1_83' title="bbox 2334 2227 3776 2315; baseline -0.013 -17"><span class='ocrx_word' id='word_1_632' title='bbox 2334 2246 2417 2299; x_wconf 92' lang='lat' dir='ltr'><strong>nis</strong></span> <span class='ocrx_word' id='word_1_633' title='bbox 2442 2245 2653 2315; x_wconf 81' lang='lat' dir='ltr'><strong>generis</strong></span> <span class='ocrx_word' id='word_1_634' title='bbox 2679 2245 2939 2314; x_wconf 89' lang='lat' dir='ltr'><strong>lignorum</strong></span> <span class='ocrx_word' id='word_1_635' title='bbox 2957 2244 3117 2313; x_wconf 79' lang='lat' dir='ltr'><strong>ecpia</strong></span> <span class='ocrx_word' id='word_1_636' title='bbox 3142 2241 3427 2301; x_wconf 83' lang='lat' dir='ltr'><strong>fruebatur,</strong></span> <span class='ocrx_word' id='word_1_637' title='bbox 3456 2235 3697 2291; x_wconf 68' lang='lat' dir='ltr'><strong>fiuiteitem,</strong></span> <span class='ocrx_word' id='word_1_638' title='bbox 3717 2227 3776 2280; x_wconf 72' lang='lat' dir='ltr'><strong>llu-</strong></span> 
     </span>
    </p>
   </div>
   <div class='ocr_carea' id='block_1_84' title="bbox 2333 2320 3776 2415">
    <p class='ocr_par' dir='ltr' id='par_1_84' title="bbox 2333 2320 3776 2415">
     <span class='ocr_line' id='line_1_84' title="bbox 2333 2320 3776 2415; baseline -0.008 -26"><span class='ocrx_word' id='word_1_639' title='bbox 2333 2336 2451 2401; x_wconf 84' lang='lat' dir='ltr'><strong>viis,</strong></span> <span class='ocrx_word' id='word_1_640' title='bbox 2491 2337 2714 2405; x_wconf 81' lang='lat' dir='ltr'><strong>aliisque</strong></span> <span class='ocrx_word' id='word_1_641' title='bbox 2756 2335 3005 2390; x_wconf 89' lang='lat' dir='ltr'><strong>omnibus</strong></span> <span class='ocrx_word' id='word_1_642' title='bbox 3057 2332 3392 2389; x_wconf 78' lang='lat' dir='ltr'><strong>commodis:</strong></span> <span class='ocrx_word' id='word_1_643' title='bbox 3420 2341 3631 2394; x_wconf 77' lang='lat' dir='ltr'><strong>nusquam</strong></span> <span class='ocrx_word' id='word_1_644' title='bbox 3668 2320 3776 2415; x_wconf 56' lang='lat' dir='ltr'><strong>ant.</strong></span> 
     </span>
    </p>
   </div>
   <div class='ocr_carea' id='block_1_85' title="bbox 2332 2418 3774 2491">
    <p class='ocr_par' dir='ltr' id='par_1_85' title="bbox 2332 2418 3774 2491">
     <span class='ocr_line' id='line_1_85' title="bbox 2332 2418 3774 2491; baseline -0.011 -11"><span class='ocrx_word' id='word_1_645' title='bbox 2332 2442 2437 2480; x_wconf 91' lang='lat' dir='ltr'><strong>non</strong></span> <span class='ocrx_word' id='word_1_646' title='bbox 2469 2427 2701 2491; x_wconf 87' lang='lat' dir='ltr'><strong>tristitia,</strong></span> <span class='ocrx_word' id='word_1_647' title='bbox 2735 2441 2839 2479; x_wconf 94' lang='lat' dir='ltr'><strong>non</strong></span> <span class='ocrx_word' id='word_1_648' title='bbox 2868 2440 3089 2490; x_wconf 75' lang='lat' dir='ltr'><strong>mceror,</strong></span> <span class='ocrx_word' id='word_1_649' title='bbox 3144 2439 3249 2477; x_wconf 93' lang='lat' dir='ltr'><strong>non</strong></span> <span class='ocrx_word' id='word_1_650' title='bbox 3275 2418 3573 2476; x_wconf 67' lang='lat' dir='ltr'><strong>coruumelie</strong></span> <span class='ocrx_word' id='word_1_651' title='bbox 3593 2423 3634 2467; x_wconf 83' lang='lat' dir='ltr'><strong>et</strong></span> <span class='ocrx_word' id='word_1_652' title='bbox 3660 2423 3774 2464; x_wconf 73' lang='lat' dir='ltr'><strong>conn-</strong></span> 
     </span>
    </p>
   </div>
   <div class='ocr_carea' id='block_1_86' title="bbox 2330 2506 3775 2586">
    <p class='ocr_par' dir='ltr' id='par_1_86' title="bbox 2330 2506 3775 2586">
     <span class='ocr_line' id='line_1_86' title="bbox 2330 2506 3775 2586; baseline -0.011 -13"><span class='ocrx_word' id='word_1_653' title='bbox 2330 2519 2432 2582; x_wconf 82' lang='lat' dir='ltr'><strong>cia,</strong></span> <span class='ocrx_word' id='word_1_654' title='bbox 2449 2532 2623 2586; x_wconf 88' lang='lat' dir='ltr'><strong>neque</strong></span> <span class='ocrx_word' id='word_1_655' title='bbox 2641 2518 2912 2571; x_wconf 88' lang='lat' dir='ltr'><strong>innumera</strong></span> <span class='ocrx_word' id='word_1_656' title='bbox 2936 2517 3024 2570; x_wconf 88' lang='lat' dir='ltr'><strong>illa</strong></span> <span class='ocrx_word' id='word_1_657' title='bbox 3048 2518 3210 2580; x_wconf 90' lang='lat' dir='ltr'><strong>mala,</strong></span> <span class='ocrx_word' id='word_1_658' title='bbox 3230 2511 3479 2582; x_wconf 67' lang='lat' dir='ltr'><strong>qumJobo</strong></span> <span class='ocrx_word' id='word_1_659' title='bbox 3498 2506 3775 2561; x_wconf 65' lang='lat' dir='ltr'><strong>immissasutﬂ:</strong></span> 
     </span>
    </p>
   </div>
   <div class='ocr_carea' id='block_1_87' title="bbox 2329 2599 3775 2674">
    <p class='ocr_par' dir='ltr' id='par_1_87' title="bbox 2329 2599 3775 2674">
     <span class='ocr_line' id='line_1_87' title="bbox 2329 2599 3775 2674; baseline -0.006 -14"><span class='ocrx_word' id='word_1_660' title='bbox 2329 2617 2562 2660; x_wconf 90' lang='lat' dir='ltr'><strong>attamen</strong></span> <span class='ocrx_word' id='word_1_661' title='bbox 2591 2622 2713 2661; x_wconf 88' lang='lat' dir='ltr'><strong>cum</strong></span> <span class='ocrx_word' id='word_1_662' title='bbox 2740 2606 2867 2660; x_wconf 84' lang='lat' dir='ltr'><strong>nihil</strong></span> <span class='ocrx_word' id='word_1_663' title='bbox 2894 2606 3111 2661; x_wconf 89' lang='lat' dir='ltr'><strong>adesset</strong></span> <span class='ocrx_word' id='word_1_664' title='bbox 3136 2601 3448 2674; x_wconf 73' lang='lat' dir='ltr'><strong>huiusmodi,</strong></span> <span class='ocrx_word' id='word_1_665' title='bbox 3474 2599 3618 2666; x_wconf 81' lang='lat' dir='ltr'><strong>lapsus</strong></span> <span class='ocrx_word' id='word_1_666' title='bbox 3634 2599 3673 2644; x_wconf 74' lang='lat' dir='ltr'><strong>el</strong></span> <span class='ocrx_word' id='word_1_667' title='bbox 3696 2601 3775 2651; x_wconf 63' lang='grc' dir='ltr'><strong>δεῖν·</strong></span> 
     </span>
    </p>
   </div>
   <div class='ocr_carea' id='block_1_88' title="bbox 2333 2678 3779 2768">
    <p class='ocr_par' dir='ltr' id='par_1_88' title="bbox 2333 2678 3779 2768">
     <span class='ocr_line' id='line_1_88' title="bbox 2333 2678 3779 2768; baseline -0.013 -16"><span class='ocrx_word' id='word_1_668' title='bbox 2333 2700 2597 2766; x_wconf 81' lang='lat' dir='ltr'><strong>plantatus</strong></span> <span class='ocrx_word' id='word_1_669' title='bbox 2622 2708 2724 2753; x_wconf 90' lang='lat' dir='ltr'><strong>est.</strong></span> <span class='ocrx_word' id='word_1_670' title='bbox 2755 2700 2945 2752; x_wconf 80' lang='lat' dir='ltr'><strong>Annon</strong></span> <span class='ocrx_word' id='word_1_671' title='bbox 2996 2699 3167 2768; x_wconf 82' lang='lat' dir='ltr'><strong>liquet</strong></span> <span class='ocrx_word' id='word_1_672' title='bbox 3206 2697 3257 2750; x_wconf 89' lang='lat' dir='ltr'><strong>id</strong></span> <span class='ocrx_word' id='word_1_673' title='bbox 3282 2712 3345 2750; x_wconf 76' lang='lat' dir='ltr'><strong>ex</strong></span> <span class='ocrx_word' id='word_1_674' title='bbox 3374 2692 3551 2763; x_wconf 80' lang='lat' dir='ltr'><strong>ignavia</strong></span> <span class='ocrx_word' id='word_1_675' title='bbox 3585 2678 3779 2739; x_wconf 69' lang='lat' dir='ltr'><strong>accidisse!</strong></span> 
     </span>
    </p>
   </div>
   <div class='ocr_carea' id='block_1_89' title="bbox 2331 2780 3780 2868">
    <p class='ocr_par' dir='ltr' id='par_1_89' title="bbox 2331 2780 3780 2868">
     <span class='ocr_line' id='line_1_89' title="bbox 2331 2780 3780 2868; baseline -0.011 -26"><span class='ocrx_word' id='word_1_676' title='bbox 2331 2788 2532 2842; x_wconf 83' lang='lat' dir='ltr'><strong>Eodem</strong></span> <span class='ocrx_word' id='word_1_677' title='bbox 2565 2789 2722 2844; x_wconf 90' lang='lat' dir='ltr'><strong>modo</strong></span> <span class='ocrx_word' id='word_1_678' title='bbox 2749 2806 2869 2844; x_wconf 91' lang='lat' dir='ltr'><strong>cum</strong></span> <span class='ocrx_word' id='word_1_679' title='bbox 2902 2789 2989 2844; x_wconf 90' lang='lat' dir='ltr'><strong>ille</strong></span> <span class='ocrx_word' id='word_1_680' title='bbox 3014 2789 3081 2844; x_wconf 90' lang='lat' dir='ltr'><strong>iis</strong></span> <span class='ocrx_word' id='word_1_681' title='bbox 3105 2788 3349 2843; x_wconf 90' lang='lat' dir='ltr'><strong>omnibus</strong></span> <span class='ocrx_word' id='word_1_682' title='bbox 3379 2780 3692 2837; x_wconf 71' lang='lat' dir='ltr'><strong>instaiuibuset</strong></span> 
     </span>
    </p>
   </div>
   <div class='ocr_carea' id='block_1_90' title="bbox 2328 2868 3781 2948">
    <p class='ocr_par' dir='ltr' id='par_1_90' title="bbox 2328 2868 3781 2948">
     <span class='ocr_line' id='line_1_90' title="bbox 2328 2868 3781 2948; baseline -0.011 -16"><span class='ocrx_word' id='word_1_683' title='bbox 2328 2881 2607 2943; x_wconf 83' lang='lat' dir='ltr'><strong>mentibus,</strong></span> <span class='ocrx_word' id='word_1_684' title='bbox 2639 2879 2844 2934; x_wconf 76' lang='lat' dir='ltr'><strong>fortiter</strong></span> <span class='ocrx_word' id='word_1_685' title='bbox 2863 2881 3030 2942; x_wconf 89' lang='lat' dir='ltr'><strong>stetit,</strong></span> <span class='ocrx_word' id='word_1_686' title='bbox 3053 2894 3233 2934; x_wconf 87' lang='lat' dir='ltr'><strong>annon</strong></span> <span class='ocrx_word' id='word_1_687' title='bbox 3259 2878 3462 2948; x_wconf 85' lang='lat' dir='ltr'><strong>planum</strong></span> <span class='ocrx_word' id='word_1_688' title='bbox 3475 2881 3543 2926; x_wconf 89' lang='lat' dir='ltr'><strong>est</strong></span> <span class='ocrx_word' id='word_1_689' title='bbox 3560 2868 3599 2922; x_wconf 90' lang='lat' dir='ltr'><strong>id</strong></span> <span class='ocrx_word' id='word_1_690' title='bbox 3618 2881 3663 2919; x_wconf 76' lang='lat' dir='ltr'><strong>ex</strong></span> <span class='ocrx_word' id='word_1_691' title='bbox 3678 2873 3781 2913; x_wconf 70' lang='lat' dir='ltr'><strong>3mm</strong></span> 
     </span>
    </p>
   </div>
   <div class='ocr_carea' id='block_1_91' title="bbox 2327 2970 2977 3038">
    <p class='ocr_par' dir='ltr' id='par_1_91' title="bbox 2327 2970 2977 3038">
     <span class='ocr_line' id='line_1_91' title="bbox 2327 2970 2977 3038; baseline 0 -15"><span class='ocrx_word' id='word_1_692' title='bbox 2327 2970 2592 3038; x_wconf 74' lang='lat' dir='ltr'><strong>vigilantia</strong></span> <span class='ocrx_word' id='word_1_693' title='bbox 2618 2980 2791 3025; x_wconf 91' lang='lat' dir='ltr'><strong>ortum</strong></span> <span class='ocrx_word' id='word_1_694' title='bbox 2819 2970 2977 3026; x_wconf 86' lang='lat' dir='ltr'><strong>esse?</strong></span> 
     </span>
    </p>
   </div>
   <div class='ocr_carea' id='block_1_92' title="bbox 2399 3116 3778 3203">
    <p class='ocr_par' dir='ltr' id='par_1_92' title="bbox 2399 3116 3778 3203">
     <span class='ocr_line' id='line_1_92' title="bbox 2399 3116 3778 3203; baseline -0.01 -15"><span class='ocrx_word' id='word_1_695' title='bbox 2399 3134 2450 3188; x_wconf 76' lang='grc'><strong>5.</strong></span> <span class='ocrx_word' id='word_1_696' title='bbox 2489 3133 2607 3187; x_wconf 84' lang='lat' dir='ltr'><strong>Jobi</strong></span> <span class='ocrx_word' id='word_1_697' title='bbox 2634 3135 2891 3203; x_wconf 83' lang='lat' dir='ltr'><strong>patientia</strong></span> <span class='ocrx_word' id='word_1_698' title='bbox 2943 3135 3187 3187; x_wconf 86' lang='lat' dir='ltr'><strong>omnibus</strong></span> <span class='ocrx_word' id='word_1_699' title='bbox 3216 3116 3778 3187; x_wconf 49' lang='lat' dir='ltr'><strong>consolatio.—-I&#39;lf&#39;ﬂ&#39;l“9</strong></span> 
     </span>
    </p>
   </div>
   <div class='ocr_carea' id='block_1_93' title="bbox 2322 3217 3777 3300">
    <p class='ocr_par' dir='ltr' id='par_1_93' title="bbox 2322 3217 3777 3300">
     <span class='ocr_line' id='line_1_93' title="bbox 2322 3217 3777 3300; baseline -0.011 -23"><span class='ocrx_word' id='word_1_700' title='bbox 2322 3224 2507 3294; x_wconf 83' lang='lat' dir='ltr'><strong>igitur,</strong></span> <span class='ocrx_word' id='word_1_701' title='bbox 2544 3226 2843 3289; x_wconf 85' lang='lat' dir='ltr'><strong>carissime,</strong></span> <span class='ocrx_word' id='word_1_702' title='bbox 2887 3242 3148 3297; x_wconf 79' lang='lat' dir='ltr'><strong>magnum</strong></span> <span class='ocrx_word' id='word_1_703' title='bbox 3198 3226 3403 3279; x_wconf 90' lang='lat' dir='ltr'><strong>lucrum</strong></span> <span class='ocrx_word' id='word_1_704' title='bbox 3439 3220 3673 3282; x_wconf 81' lang='lat' dir='ltr'><strong>decerpere</strong></span> 
     </span>
    </p>
   </div>
   <div class='ocr_carea' id='block_1_94' title="bbox 2321 3304 3780 3391">
    <p class='ocr_par' dir='ltr' id='par_1_94' title="bbox 2321 3304 3780 3391">
     <span class='ocr_line' id='line_1_94' title="bbox 2321 3304 3780 3391; baseline -0.018 -24"><span class='ocrx_word' id='word_1_705' title='bbox 2321 3313 2399 3367; x_wconf 82' lang='lat' dir='ltr'><strong>sis</strong></span> <span class='ocrx_word' id='word_1_706' title='bbox 2426 3331 2438 3367; x_wconf 89' lang='lat'><strong>:</strong></span> <span class='ocrx_word' id='word_1_707' title='bbox 2469 3314 2729 3368; x_wconf 79' lang='lat' dir='ltr'><strong>Adamum</strong></span> <span class='ocrx_word' id='word_1_708' title='bbox 2754 3315 2976 3368; x_wconf 90' lang='lat' dir='ltr'><strong>imiteris</strong></span> <span class='ocrx_word' id='word_1_709' title='bbox 2996 3326 3352 3383; x_wconf 83' lang='lat' dir='ltr'><strong>eave,gnarus</strong></span> <span class='ocrx_word' id='word_1_710' title='bbox 3380 3314 3549 3378; x_wconf 81' lang='lat' dir='ltr'><strong>quanta</strong></span> <span class='ocrx_word' id='word_1_711' title='bbox 3564 3316 3616 3355; x_wconf 84' lang='lat' dir='ltr'><strong>ex</strong></span> <span class='ocrx_word' id='word_1_712' title='bbox 3635 3304 3780 3391; x_wconf 58' lang='lat' dir='ltr'><strong>segnitie</strong></span> 
     </span>
    </p>
   </div>
   <div class='ocr_carea' id='block_1_95' title="bbox 2321 3388 3781 3477">
    <p class='ocr_par' dir='ltr' id='par_1_95' title="bbox 2321 3388 3781 3477">
     <span class='ocr_line' id='line_1_95' title="bbox 2321 3388 3781 3477; baseline -0.017 -13"><span class='ocrx_word' id='word_1_713' title='bbox 2321 3408 2457 3464; x_wconf 88' lang='lat' dir='ltr'><strong>mala</strong></span> <span class='ocrx_word' id='word_1_714' title='bbox 2495 3409 2734 3463; x_wconf 81' lang='lat' dir='ltr'><strong>oriantur</strong></span> <span class='ocrx_word' id='word_1_715' title='bbox 2766 3406 2919 3461; x_wconf 83' lang='lat' dir='ltr'><strong>:Jobi</strong></span> <span class='ocrx_word' id='word_1_716' title='bbox 2952 3408 3213 3477; x_wconf 88' lang='lat' dir='ltr'><strong>pietatem</strong></span> <span class='ocrx_word' id='word_1_717' title='bbox 3237 3405 3466 3469; x_wconf 85' lang='lat' dir='ltr'><strong>imitare,</strong></span> <span class='ocrx_word' id='word_1_718' title='bbox 3500 3410 3601 3452; x_wconf 84' lang='lat' dir='ltr'><strong>cum</strong></span> <span class='ocrx_word' id='word_1_719' title='bbox 3616 3388 3781 3445; x_wconf 72' lang='lat' dir='ltr'><strong>didicch</strong></span> 
     </span>
    </p>
   </div>
   <div class='ocr_carea' id='block_1_96' title="bbox 2320 3485 3785 3579">
    <p class='ocr_par' dir='ltr' id='par_1_96' title="bbox 2320 3485 3785 3579">
     <span class='ocr_line' id='line_1_96' title="bbox 2320 3485 3785 3579; baseline -0.02 -26"><span class='ocrx_word' id='word_1_720' title='bbox 2320 3506 2514 3568; x_wconf 83' lang='lat' dir='ltr'><strong>quanta</strong></span> <span class='ocrx_word' id='word_1_721' title='bbox 2544 3514 2611 3553; x_wconf 84' lang='lat' dir='ltr'><strong>ex</strong></span> <span class='ocrx_word' id='word_1_722' title='bbox 2648 3498 2919 3567; x_wconf 82' lang='lat' dir='ltr'><strong>diligentia</strong></span> <span class='ocrx_word' id='word_1_723' title='bbox 2965 3498 3104 3551; x_wconf 88' lang='lat' dir='ltr'><strong>bona</strong></span> <span class='ocrx_word' id='word_1_724' title='bbox 3159 3503 3477 3552; x_wconf 88' lang='lat' dir='ltr'><strong>nascantur:</strong></span> <span class='ocrx_word' id='word_1_725' title='bbox 3503 3490 3618 3579; x_wconf 85' lang='lat' dir='ltr'><strong>hunc</strong></span> 
     </span>
    </p>
   </div>
   <div class='ocr_carea' id='block_1_97' title="bbox 2320 3564 3785 3659">
    <p class='ocr_par' dir='ltr' id='par_1_97' title="bbox 2320 3564 3785 3659">
     <span class='ocr_line' id='line_1_97' title="bbox 2320 3564 3785 3659; baseline -0.007 -17"><span class='ocrx_word' id='word_1_726' title='bbox 2320 3564 2494 3643; x_wconf 75' lang='lat' dir='ltr'><strong>tecum</strong></span> <span class='ocrx_word' id='word_1_727' title='bbox 2512 3598 2697 3659; x_wconf 90' lang='lat' dir='ltr'><strong>reputa</strong></span> <span class='ocrx_word' id='word_1_728' title='bbox 2720 3590 2975 3643; x_wconf 89' lang='lat' dir='ltr'><strong>victorem</strong></span> <span class='ocrx_word' id='word_1_729' title='bbox 2997 3598 3340 3649; x_wconf 89' lang='lat' dir='ltr'><strong>coronatum,</strong></span> <span class='ocrx_word' id='word_1_730' title='bbox 3362 3592 3507 3654; x_wconf 88' lang='lat' dir='ltr'><strong>atque</strong></span> <span class='ocrx_word' id='word_1_731' title='bbox 3521 3564 3785 3645; x_wconf 67' lang='grc' dir='ltr'><strong>ἰιιίῐιιοτὶίδο·</strong></span> 
     </span>
    </p>
   </div>
   <div class='ocr_carea' id='block_1_98' title="bbox 2318 3666 3785 3751">
    <p class='ocr_par' dir='ltr' id='par_1_98' title="bbox 2318 3666 3785 3751">
     <span class='ocr_line' id='line_1_98' title="bbox 2318 3666 3785 3751; baseline -0.016 -15"><span class='ocrx_word' id='word_1_732' title='bbox 2318 3680 2432 3736; x_wconf 89' lang='lat' dir='ltr'><strong>lore</strong></span> <span class='ocrx_word' id='word_1_733' title='bbox 2477 3682 2855 3736; x_wconf 76' lang='lat' dir='ltr'><strong>etcalanzitate</strong></span> <span class='ocrx_word' id='word_1_734' title='bbox 2912 3696 3163 3751; x_wconf 88' lang='lat' dir='ltr'><strong>magnam</strong></span> <span class='ocrx_word' id='word_1_735' title='bbox 3212 3678 3428 3734; x_wconf 84' lang='lat' dir='ltr'><strong>habebis</strong></span> <span class='ocrx_word' id='word_1_736' title='bbox 3454 3666 3785 3729; x_wconf 72' lang='lat' dir='ltr'><strong>consolationem.</strong></span> 
     </span>
    </p>
   </div>
   <div class='ocr_carea' id='block_1_99' title="bbox 2316 3762 3787 3841">
    <p class='ocr_par' dir='ltr' id='par_1_99' title="bbox 2316 3762 3787 3841">
     <span class='ocr_line' id='line_1_99' title="bbox 2316 3762 3787 3841; baseline -0.008 -14"><span class='ocrx_word' id='word_1_737' title='bbox 2316 3773 2771 3841; x_wconf 85' lang='lat' dir='ltr'><strong>Quemadmodum</strong></span> <span class='ocrx_word' id='word_1_738' title='bbox 2797 3774 2937 3827; x_wconf 88' lang='lat' dir='ltr'><strong>enim</strong></span> <span class='ocrx_word' id='word_1_739' title='bbox 2959 3774 3017 3827; x_wconf 84' lang='lat' dir='ltr'><strong>in</strong></span> <span class='ocrx_word' id='word_1_740' title='bbox 3056 3772 3333 3827; x_wconf 72' lang='lat' dir='ltr'><strong>eoruniuni</strong></span> <span class='ocrx_word' id='word_1_741' title='bbox 3357 3768 3491 3824; x_wconf 90' lang='lat' dir='ltr'><strong>orbis</strong></span> <span class='ocrx_word' id='word_1_742' title='bbox 3515 3762 3676 3817; x_wconf 73' lang='lat' dir='ltr'><strong>theatro</strong></span> <span class='ocrx_word' id='word_1_743' title='bbox 3701 3763 3787 3803; x_wconf 68' lang='lat'><strong>00&quot;“</strong></span> 
     </span>
    </p>
   </div>
   <div class='ocr_carea' id='block_1_100' title="bbox 2315 3852 3791 3934">
    <p class='ocr_par' dir='ltr' id='par_1_100' title="bbox 2315 3852 3791 3934">
     <span class='ocr_line' id='line_1_100' title="bbox 2315 3852 3791 3934; baseline -0.013 -15"><span class='ocrx_word' id='word_1_744' title='bbox 2315 3866 2529 3919; x_wconf 84' lang='lat' dir='ltr'><strong>Stitutus</strong></span> <span class='ocrx_word' id='word_1_745' title='bbox 2554 3864 2739 3918; x_wconf 88' lang='lat' dir='ltr'><strong>beatus</strong></span> <span class='ocrx_word' id='word_1_746' title='bbox 2769 3880 2830 3918; x_wconf 91' lang='lat' dir='ltr'><strong>ac</strong></span> <span class='ocrx_word' id='word_1_747' title='bbox 2859 3878 3158 3934; x_wconf 86' lang='lat' dir='ltr'><strong>generosus</strong></span> <span class='ocrx_word' id='word_1_748' title='bbox 3180 3863 3291 3925; x_wconf 89' lang='lat' dir='ltr'><strong>ille,</strong></span> <span class='ocrx_word' id='word_1_749' title='bbox 3317 3872 3494 3915; x_wconf 80' lang='lat' dir='ltr'><strong>omnes</strong></span> <span class='ocrx_word' id='word_1_750' title='bbox 3517 3867 3594 3925; x_wconf 85' lang='lat' dir='ltr'><strong>per</strong></span> <span class='ocrx_word' id='word_1_751' title='bbox 3607 3852 3791 3902; x_wconf 53' lang='lat' dir='ltr'><strong>rerum!”S</strong></span> 
     </span>
    </p>
   </div>
   <div class='ocr_carea' id='block_1_101' title="bbox 2316 3938 3789 4025">
    <p class='ocr_par' dir='ltr' id='par_1_101' title="bbox 2316 3938 3789 4025">
     <span class='ocr_line' id='line_1_101' title="bbox 2316 3938 3789 4025; baseline -0.016 -12"><span class='ocrx_word' id='word_1_752' title='bbox 2316 3972 2439 4013; x_wconf 86' lang='lat' dir='ltr'><strong>Suas</strong></span> <span class='ocrx_word' id='word_1_753' title='bbox 2465 3957 2724 4022; x_wconf 89' lang='lat' dir='ltr'><strong>hortatur,</strong></span> <span class='ocrx_word' id='word_1_754' title='bbox 2753 3966 2808 4009; x_wconf 93' lang='lat' dir='ltr'><strong>ut</strong></span> <span class='ocrx_word' id='word_1_755' title='bbox 2838 3974 2953 4025; x_wconf 74' lang='lat' dir='ltr'><strong>qua:</strong></span> <span class='ocrx_word' id='word_1_756' title='bbox 2978 3957 3236 4011; x_wconf 88' lang='lat' dir='ltr'><strong>accidunt</strong></span> <span class='ocrx_word' id='word_1_757' title='bbox 3263 3953 3436 4008; x_wconf 83' lang='lat' dir='ltr'><strong>omnia</strong></span> <span class='ocrx_word' id='word_1_758' title='bbox 3470 3947 3641 4003; x_wconf 84' lang='lat' dir='ltr'><strong>fortiter</strong></span> <span class='ocrx_word' id='word_1_759' title='bbox 3659 3938 3789 4025; x_wconf 56' lang='lat' dir='ltr'><strong>(enni.</strong></span> 
     </span>
    </p>
   </div>
   <div class='ocr_carea' id='block_1_102' title="bbox 2315 4021 3792 4117">
    <p class='ocr_par' dir='ltr' id='par_1_102' title="bbox 2315 4021 3792 4117">
     <span class='ocr_line' id='line_1_102' title="bbox 2315 4021 3792 4117; baseline -0.015 -15"><span class='ocrx_word' id='word_1_760' title='bbox 2315 4063 2490 4117; x_wconf 88' lang='lat' dir='ltr'><strong>neque</strong></span> <span class='ocrx_word' id='word_1_761' title='bbox 2510 4021 2896 4103; x_wconf 82' lang='lat' dir='ltr'><strong>calamitatibus</strong></span> <span class='ocrx_word' id='word_1_762' title='bbox 2918 4048 3297 4117; x_wconf 86' lang='lat' dir='ltr'><strong>ingruentibus</strong></span> <span class='ocrx_word' id='word_1_763' title='bbox 3325 4043 3521 4099; x_wconf 90' lang='lat' dir='ltr'><strong>cedant.</strong></span> <span class='ocrx_word' id='word_1_764' title='bbox 3545 4036 3636 4092; x_wconf 85' lang='lat' dir='ltr'><strong>Non</strong></span> <span class='ocrx_word' id='word_1_765' title='bbox 3659 4036 3718 4083; x_wconf 84' lang='lat' dir='ltr'><strong>est</strong></span> <span class='ocrx_word' id='word_1_766' title='bbox 3737 4021 3792 4075; x_wconf 81' lang='grc' dir='ltr'><strong>ιιΙ·</strong></span> 
     </span>
    </p>
   </div>
   <div class='ocr_carea' id='block_1_103' title="bbox 2314 4126 3790 4217">
    <p class='ocr_par' dir='ltr' id='par_1_103' title="bbox 2314 4126 3790 4217">
     <span class='ocr_line' id='line_1_103' title="bbox 2314 4126 3790 4217; baseline 0.005 -27"><span class='ocrx_word' id='word_1_767' title='bbox 2314 4137 2444 4202; x_wconf 89' lang='lat' dir='ltr'><strong>lmn,</strong></span> <span class='ocrx_word' id='word_1_768' title='bbox 2475 4154 2578 4192; x_wconf 93' lang='lat' dir='ltr'><strong>non</strong></span> <span class='ocrx_word' id='word_1_769' title='bbox 2603 4146 2704 4204; x_wconf 90' lang='lat' dir='ltr'><strong>est,</strong></span> <span class='ocrx_word' id='word_1_770' title='bbox 2729 4138 2961 4207; x_wconf 88' lang='lat' dir='ltr'><strong>inquam,</strong></span> <span class='ocrx_word' id='word_1_771' title='bbox 2991 4139 3161 4191; x_wconf 90' lang='lat' dir='ltr'><strong>ullum</strong></span> <span class='ocrx_word' id='word_1_772' title='bbox 3188 4137 3313 4190; x_wconf 84' lang='lat' dir='ltr'><strong>mali</strong></span> <span class='ocrx_word' id='word_1_773' title='bbox 3340 4146 3511 4206; x_wconf 77' lang='lat' dir='ltr'><strong>genus.</strong></span> <span class='ocrx_word' id='word_1_774' title='bbox 3552 4128 3594 4181; x_wconf 64' lang='lat'><strong>3“</strong></span> <span class='ocrx_word' id='word_1_775' title='bbox 3613 4135 3690 4191; x_wconf 69' lang='lat'><strong>‘1&quot;0</strong></span> <span class='ocrx_word' id='word_1_776' title='bbox 3715 4126 3790 4217; x_wconf 43' lang='lat'><strong>.&quot;0&quot;</strong></span> 
     </span>
    </p>
   </div>
   <div class='ocr_carea' id='block_1_104' title="bbox 2314 4216 3794 4300">
    <p class='ocr_par' dir='ltr' id='par_1_104' title="bbox 2314 4216 3794 4300">
     <span class='ocr_line' id='line_1_104' title="bbox 2314 4216 3794 4300; baseline -0.005 -16"><span class='ocrx_word' id='word_1_777' title='bbox 2314 4230 2579 4300; x_wconf 80' lang='lat' dir='ltr'><strong>possimus</strong></span> <span class='ocrx_word' id='word_1_778' title='bbox 2609 4230 2729 4284; x_wconf 90' lang='lat' dir='ltr'><strong>inde</strong></span> <span class='ocrx_word' id='word_1_779' title='bbox 2756 4229 3184 4284; x_wconf 88' lang='lat' dir='ltr'><strong>consolationem</strong></span> <span class='ocrx_word' id='word_1_780' title='bbox 3213 4226 3458 4282; x_wconf 89' lang='lat' dir='ltr'><strong>mutuari.</strong></span> <span class='ocrx_word' id='word_1_781' title='bbox 3474 4222 3641 4276; x_wconf 82' lang='lat' dir='ltr'><strong>Omnes</strong></span> <span class='ocrx_word' id='word_1_782' title='bbox 3663 4216 3794 4277; x_wconf 73' lang='grc' dir='ltr'><strong>ίιωΡΡο</strong></span> 
     </span>
    </p>
   </div>
   <div class='ocr_carea' id='block_1_105' title="bbox 2312 4305 3793 4392">
    <p class='ocr_par' dir='ltr' id='par_1_105' title="bbox 2312 4305 3793 4392">
     <span class='ocr_line' id='line_1_105' title="bbox 2312 4305 3793 4392; baseline -0.017 -17"><span class='ocrx_word' id='word_1_783' title='bbox 2312 4323 2364 4375; x_wconf 84' lang='grc' dir='ltr'><strong><em>ὶιι</em></strong></span> <span class='ocrx_word' id='word_1_784' title='bbox 2394 4330 2505 4376; x_wconf 86' lang='grc' dir='ltr'>ιοιο</span> <span class='ocrx_word' id='word_1_785' title='bbox 2534 4336 2733 4392; x_wconf 79' lang='lat' dir='ltr'><strong>sparsa:</strong></span> <span class='ocrx_word' id='word_1_786' title='bbox 2770 4321 2901 4376; x_wconf 90' lang='lat' dir='ltr'><strong>orbe</strong></span> <span class='ocrx_word' id='word_1_787' title='bbox 2938 4336 3200 4375; x_wconf 71' lang='lat' dir='ltr'><strong>terumna:</strong></span> <span class='ocrx_word' id='word_1_788' title='bbox 3253 4322 3306 4374; x_wconf 93' lang='lat' dir='ltr'><strong>in</strong></span> <span class='ocrx_word' id='word_1_789' title='bbox 3354 4318 3453 4372; x_wconf 86' lang='lat' dir='ltr'><strong>hoc</strong></span> <span class='ocrx_word' id='word_1_790' title='bbox 3494 4323 3630 4366; x_wconf 88' lang='lat' dir='ltr'><strong>unum</strong></span> <span class='ocrx_word' id='word_1_791' title='bbox 3660 4305 3793 4392; x_wconf 39' lang='lat' dir='ltr'><strong>corpus.</strong></span> 
     </span>
    </p>
   </div>
   <div class='ocr_carea' id='block_1_106' title="bbox 2309 4382 3796 4484">
    <p class='ocr_par' dir='ltr' id='par_1_106' title="bbox 2309 4382 3796 4484">
     <span class='ocr_line' id='line_1_106' title="bbox 2309 4382 3796 4484; baseline -0.016 -16"><span class='ocrx_word' id='word_1_792' title='bbox 2309 4382 2578 4484; x_wconf 69' lang='lat' dir='ltr'><strong>congestae</strong></span> <span class='ocrx_word' id='word_1_793' title='bbox 2600 4422 2742 4469; x_wconf 87' lang='lat' dir='ltr'><strong>sunt.</strong></span> <span class='ocrx_word' id='word_1_794' title='bbox 2772 4415 2901 4482; x_wconf 72' lang='lat' dir='ltr'><strong>Qua:</strong></span> <span class='ocrx_word' id='word_1_795' title='bbox 2926 4415 3087 4484; x_wconf 89' lang='lat' dir='ltr'><strong>igitur</strong></span> <span class='ocrx_word' id='word_1_796' title='bbox 3112 4414 3267 4467; x_wconf 90' lang='lat' dir='ltr'><strong>venia</strong></span> <span class='ocrx_word' id='word_1_797' title='bbox 3289 4412 3357 4475; x_wconf 89' lang='lat' dir='ltr'><strong>ei,</strong></span> <span class='ocrx_word' id='word_1_798' title='bbox 3382 4408 3467 4479; x_wconf 87' lang='lat' dir='ltr'><strong>qui</strong></span> <span class='ocrx_word' id='word_1_799' title='bbox 3488 4420 3576 4459; x_wconf 87' lang='lat' dir='ltr'><strong>non</strong></span> <span class='ocrx_word' id='word_1_800' title='bbox 3598 4402 3729 4469; x_wconf 83' lang='lat' dir='ltr'><strong>potest</strong></span> <span class='ocrx_word' id='word_1_801' title='bbox 3743 4382 3796 4438; x_wconf 71' lang='grc' dir='ltr'><strong>τε]</strong></span> 
     </span>
    </p>
   </div>
   <div class='ocr_carea' id='block_1_107' title="bbox 2309 4491 3793 4579">
    <p class='ocr_par' dir='ltr' id='par_1_107' title="bbox 2309 4491 3793 4579">
     <span class='ocr_line' id='line_1_107' title="bbox 2309 4491 3793 4579; baseline -0.018 -13"><span class='ocrx_word' id='word_1_802' title='bbox 2309 4521 2513 4578; x_wconf 76' lang='lat' dir='ltr'><strong>partem</strong></span> <span class='ocrx_word' id='word_1_803' title='bbox 2544 4508 2824 4579; x_wconf 89' lang='lat' dir='ltr'><strong>quamdam</strong></span> <span class='ocrx_word' id='word_1_804' title='bbox 2847 4524 3053 4574; x_wconf 90' lang='lat' dir='ltr'><strong>eorum,</strong></span> <span class='ocrx_word' id='word_1_805' title='bbox 3087 4524 3213 4579; x_wconf 77' lang='lat' dir='ltr'><strong>qua:</strong></span> <span class='ocrx_word' id='word_1_806' title='bbox 3252 4506 3350 4576; x_wconf 87' lang='lat' dir='ltr'><strong>ipsi</strong></span> <span class='ocrx_word' id='word_1_807' title='bbox 3375 4502 3551 4558; x_wconf 83' lang='lat' dir='ltr'><strong>inﬂicta</strong></span> <span class='ocrx_word' id='word_1_808' title='bbox 3574 4491 3793 4579; x_wconf 40' lang='lat' dir='ltr'><strong>suntrcmn</strong></span> 
     </span>
    </p>
   </div>
   <div class='ocr_carea' id='block_1_108' title="bbox 2308 4577 3799 4677">
    <p class='ocr_par' dir='ltr' id='par_1_108' title="bbox 2308 4577 3799 4677">
     <span class='ocr_line' id='line_1_108' title="bbox 2308 4577 3799 4677; baseline -0.015 -21"><span class='ocrx_word' id='word_1_809' title='bbox 2308 4577 2594 4671; x_wconf 78' lang='lat' dir='ltr'><strong>gratiarum</strong></span> <span class='ocrx_word' id='word_1_810' title='bbox 2619 4604 2827 4657; x_wconf 90' lang='lat' dir='ltr'><strong>actione</strong></span> <span class='ocrx_word' id='word_1_811' title='bbox 2853 4600 3013 4665; x_wconf 87' lang='lat' dir='ltr'><strong>ferre,</strong></span> <span class='ocrx_word' id='word_1_812' title='bbox 3036 4616 3166 4655; x_wconf 88' lang='lat' dir='ltr'><strong>cum</strong></span> <span class='ocrx_word' id='word_1_813' title='bbox 3197 4600 3290 4654; x_wconf 89' lang='lat' dir='ltr'><strong>ille</strong></span> <span class='ocrx_word' id='word_1_814' title='bbox 3319 4612 3422 4653; x_wconf 89' lang='lat' dir='ltr'><strong>non</strong></span> <span class='ocrx_word' id='word_1_815' title='bbox 3458 4599 3631 4663; x_wconf 87' lang='lat' dir='ltr'><strong>partem</strong></span> <span class='ocrx_word' id='word_1_816' title='bbox 3653 4577 3799 4677; x_wconf 43' lang='lat' dir='ltr'><strong>sol-&quot;ﬁll:</strong></span> 
     </span>
    </p>
   </div>
   <div class='ocr_carea' id='block_1_109' title="bbox 2308 4662 3799 4763">
    <p class='ocr_par' dir='ltr' id='par_1_109' title="bbox 2308 4662 3799 4763">
     <span class='ocr_line' id='line_1_109' title="bbox 2308 4662 3799 4763; baseline -0.017 -18"><span class='ocrx_word' id='word_1_817' title='bbox 2308 4692 2399 4746; x_wconf 89' lang='lat' dir='ltr'><strong>sed</strong></span> <span class='ocrx_word' id='word_1_818' title='bbox 2426 4694 2673 4748; x_wconf 80' lang='lat' dir='ltr'><strong>universa</strong></span> <span class='ocrx_word' id='word_1_819' title='bbox 2698 4692 2971 4746; x_wconf 88' lang='lat' dir='ltr'><strong>hominum</strong></span> <span class='ocrx_word' id='word_1_820' title='bbox 3002 4692 3146 4747; x_wconf 82' lang='lat' dir='ltr'><strong>mala</strong></span> <span class='ocrx_word' id='word_1_821' title='bbox 3177 4689 3461 4763; x_wconf 88' lang='lat' dir='ltr'><strong>pertulisse</strong></span> <span class='ocrx_word' id='word_1_822' title='bbox 3501 4666 3719 4734; x_wconf 80' lang='lat' dir='ltr'><strong>videatur?</strong></span> <span class='ocrx_word' id='word_1_823' title='bbox 3750 4662 3799 4713; x_wconf 67' lang='lat' dir='ltr'><strong>AC</strong></span> 
     </span>
    </p>
   </div>
   <div class='ocr_carea' id='block_1_110' title="bbox 2310 4767 3803 4848">
    <p class='ocr_par' dir='ltr' id='par_1_110' title="bbox 2310 4767 3803 4848">
     <span class='ocr_line' id='line_1_110' title="bbox 2310 4767 3803 4848; baseline -0.013 -11"><span class='ocrx_word' id='word_1_824' title='bbox 2310 4800 2376 4839; x_wconf 89' lang='lat' dir='ltr'><strong>ne</strong></span> <span class='ocrx_word' id='word_1_825' title='bbox 2403 4800 2487 4840; x_wconf 90' lang='lat' dir='ltr'><strong>me</strong></span> <span class='ocrx_word' id='word_1_826' title='bbox 2518 4794 2573 4839; x_wconf 94' lang='lat' dir='ltr'><strong>ut</strong></span> <span class='ocrx_word' id='word_1_827' title='bbox 2598 4785 2756 4839; x_wconf 88' lang='lat' dir='ltr'><strong>nimia</strong></span> <span class='ocrx_word' id='word_1_828' title='bbox 2779 4785 3041 4839; x_wconf 89' lang='lat' dir='ltr'><strong>dicentem</strong></span> <span class='ocrx_word' id='word_1_829' title='bbox 3061 4783 3320 4848; x_wconf 78' lang='lat' dir='ltr'><strong>damnes,</strong></span> <span class='ocrx_word' id='word_1_830' title='bbox 3344 4796 3437 4848; x_wconf 78' lang='lat' dir='ltr'><strong>age</strong></span> <span class='ocrx_word' id='word_1_831' title='bbox 3458 4768 3655 4841; x_wconf 81' lang='lat' dir='ltr'><strong>singulas</strong></span> <span class='ocrx_word' id='word_1_832' title='bbox 3674 4767 3803 4814; x_wconf 61' lang='lat' dir='ltr'><strong>totum“</strong></span> 
     </span>
    </p>
   </div>
   <div class='ocr_carea' id='block_1_111' title="bbox 2310 4854 3799 4950">
    <p class='ocr_par' dir='ltr' id='par_1_111' title="bbox 2310 4854 3799 4950">
     <span class='ocr_line' id='line_1_111' title="bbox 2310 4854 3799 4950; baseline -0.021 -10"><span class='ocrx_word' id='word_1_833' title='bbox 2310 4895 2405 4934; x_wconf 68' lang='lat' dir='ltr'><strong>nos</strong></span> <span class='ocrx_word' id='word_1_834' title='bbox 2429 4889 2832 4949; x_wconf 80' lang='lat' dir='ltr'><strong>pertractantes,</strong></span> <span class='ocrx_word' id='word_1_835' title='bbox 2864 4878 3021 4932; x_wconf 89' lang='lat' dir='ltr'><strong>dictis</strong></span> <span class='ocrx_word' id='word_1_836' title='bbox 3050 4876 3218 4931; x_wconf 88' lang='lat' dir='ltr'><strong>fidem</strong></span> <span class='ocrx_word' id='word_1_837' title='bbox 3243 4875 3511 4930; x_wconf 86' lang='lat' dir='ltr'><strong>faciamus.</strong></span> <span class='ocrx_word' id='word_1_838' title='bbox 3532 4864 3588 4918; x_wconf 85' lang='lat' dir='ltr'><strong>Et</strong></span> <span class='ocrx_word' id='word_1_839' title='bbox 3608 4858 3642 4913; x_wconf 70' lang='lat' dir='ltr'><strong>si</strong></span> <span class='ocrx_word' id='word_1_840' title='bbox 3660 4854 3799 4950; x_wconf 56' lang='lat' dir='ltr'><strong>plztfeli</strong></span> 
     </span>
    </p>
   </div>
   <div class='ocr_carea' id='block_1_112' title="bbox 2306 4940 3801 5043">
    <p class='ocr_par' dir='ltr' id='par_1_112' title="bbox 2306 4940 3801 5043">
     <span class='ocr_line' id='line_1_112' title="bbox 2306 4940 3801 5043; baseline -0.021 -22"><span class='ocrx_word' id='word_1_841' title='bbox 2306 4969 2445 5039; x_wconf 89' lang='lat' dir='ltr'><strong>quod</strong></span> <span class='ocrx_word' id='word_1_842' title='bbox 2473 4970 2711 5024; x_wconf 83' lang='lat' dir='ltr'><strong>omnium</strong></span> <span class='ocrx_word' id='word_1_843' title='bbox 2730 4968 2961 5023; x_wconf 88' lang='lat' dir='ltr'><strong>maxime</strong></span> <span class='ocrx_word' id='word_1_844' title='bbox 2977 4966 3322 5023; x_wconf 87' lang='lat' dir='ltr'><strong>intolerabile</strong></span> <span class='ocrx_word' id='word_1_845' title='bbox 3339 4962 3554 5022; x_wconf 77' lang='lat' dir='ltr'><strong>videtur.</strong></span> <span class='ocrx_word' id='word_1_846' title='bbox 3582 4954 3624 5007; x_wconf 79' lang='lat' dir='ltr'><strong>in</strong></span> <span class='ocrx_word' id='word_1_847' title='bbox 3639 4940 3801 5043; x_wconf 61' lang='lat' dir='ltr'><strong>modum</strong></span> 
     </span>
    </p>
   </div>
   <div class='ocr_carea' id='block_1_113' title="bbox 2305 5024 3801 5129">
    <p class='ocr_par' dir='ltr' id='par_1_113' title="bbox 2305 5024 3801 5129">
     <span class='ocr_line' id='line_1_113' title="bbox 2305 5024 3801 5129; baseline -0.001 -15"><span class='ocrx_word' id='word_1_848' title='bbox 2305 5024 2665 5127; x_wconf 67' lang='lat' dir='ltr'><strong>adducamus,</strong></span> <span class='ocrx_word' id='word_1_849' title='bbox 2695 5068 3085 5129; x_wconf 84' lang='lat' dir='ltr'><strong>paupertatem,</strong></span> <span class='ocrx_word' id='word_1_850' title='bbox 3122 5060 3367 5129; x_wconf 89' lang='lat' dir='ltr'><strong>inquam,</strong></span> <span class='ocrx_word' id='word_1_851' title='bbox 3405 5061 3459 5109; x_wconf 87' lang='lat' dir='ltr'><strong>et</strong></span> <span class='ocrx_word' id='word_1_852' title='bbox 3488 5046 3685 5104; x_wconf 66' lang='lat' dir='ltr'><strong>dolorem</strong></span> 
     </span>
    </p>
   </div>
   <div class='ocr_carea' id='block_1_114' title="bbox 2305 5116 3803 5230">
    <p class='ocr_par' dir='ltr' id='par_1_114' title="bbox 2305 5116 3803 5230">
     <span class='ocr_line' id='line_1_114' title="bbox 2305 5116 3803 5230; baseline 0.005 -27"><span class='ocrx_word' id='word_1_853' title='bbox 2305 5161 2543 5206; x_wconf 69' lang='lat' dir='ltr'><strong>natum:</strong></span> <span class='ocrx_word' id='word_1_854' title='bbox 2596 5154 2819 5209; x_wconf 85' lang='lat' dir='ltr'><strong>idenim</strong></span> <span class='ocrx_word' id='word_1_855' title='bbox 2875 5153 3126 5207; x_wconf 86' lang='lat' dir='ltr'><strong>homines</strong></span> <span class='ocrx_word' id='word_1_856' title='bbox 3181 5153 3383 5220; x_wconf 87' lang='lat' dir='ltr'><strong>ubique</strong></span> <span class='ocrx_word' id='word_1_857' title='bbox 3428 5116 3803 5230; x_wconf 29' lang='lat' dir='ltr'><strong>demta“?</strong></span> 
     </span>
    </p>
   </div>
   <div class='ocr_carea' id='block_1_115' title="bbox 2307 5216 3805 5318">
    <p class='ocr_par' dir='ltr' id='par_1_115' title="bbox 2307 5216 3805 5318">
     <span class='ocr_line' id='line_1_115' title="bbox 2307 5216 3805 5318; baseline 0.007 -20"><span class='ocrx_word' id='word_1_858' title='bbox 2307 5260 2433 5313; x_wconf 84' lang='lat' dir='ltr'><strong>ergo</strong></span> <span class='ocrx_word' id='word_1_859' title='bbox 2453 5243 2587 5299; x_wconf 82' lang='lat' dir='ltr'><strong>Jubo</strong></span> <span class='ocrx_word' id='word_1_860' title='bbox 2610 5246 2891 5315; x_wconf 87' lang='lat' dir='ltr'><strong>pauperius</strong></span> <span class='ocrx_word' id='word_1_861' title='bbox 2917 5243 3011 5298; x_wconf 79' lang='lat' dir='ltr'><strong>fuit</strong></span> <span class='ocrx_word' id='word_1_862' title='bbox 3055 5285 3072 5309; x_wconf 96' lang='lat'><strong>,</strong></span> <span class='ocrx_word' id='word_1_863' title='bbox 3099 5244 3193 5313; x_wconf 90' lang='lat' dir='ltr'><strong>qui</strong></span> <span class='ocrx_word' id='word_1_864' title='bbox 3217 5244 3379 5297; x_wconf 88' lang='lat' dir='ltr'><strong>etiam</strong></span> <span class='ocrx_word' id='word_1_865' title='bbox 3404 5239 3481 5301; x_wconf 80' lang='lat' dir='ltr'><strong>iis,</strong></span> <span class='ocrx_word' id='word_1_866' title='bbox 3503 5232 3578 5303; x_wconf 63' lang='lat' dir='ltr'><strong>‘lui</strong></span> <span class='ocrx_word' id='word_1_867' title='bbox 3596 5229 3635 5279; x_wconf 74' lang='grc' dir='ltr'><strong>ίη</strong></span> <span class='ocrx_word' id='word_1_868' title='bbox 3657 5216 3805 5318; x_wconf 41' lang='lat' dir='ltr'><strong>Mf”:</strong></span> 
     </span>
    </p>
   </div>
   <div class='ocr_carea' id='block_1_116' title="bbox 2306 5306 3808 5406">
    <p class='ocr_par' dir='ltr' id='par_1_116' title="bbox 2306 5306 3808 5406">
     <span class='ocr_line' id='line_1_116' title="bbox 2306 5306 3808 5406; baseline -0.034 2"><span class='ocrx_word' id='word_1_869' title='bbox 2306 5337 2496 5406; x_wconf 57' lang='lat' dir='ltr'><strong>“hiemi</strong></span> <span class='ocrx_word' id='word_1_870' title='bbox 2524 5348 2668 5405; x_wconf 71' lang='lat' dir='ltr'><strong>sum.</strong></span> <span class='ocrx_word' id='word_1_871' title='bbox 2698 5338 2780 5392; x_wconf 71' lang='lat' dir='ltr'><strong>vel</strong></span> <span class='ocrx_word' id='word_1_872' title='bbox 2811 5338 2862 5391; x_wconf 85' lang='lat' dir='ltr'><strong>in</strong></span> <span class='ocrx_word' id='word_1_873' title='bbox 2893 5336 3074 5391; x_wconf 81' lang='lat' dir='ltr'><strong>cinere</strong></span> <span class='ocrx_word' id='word_1_874' title='bbox 3104 5334 3309 5390; x_wconf 88' lang='lat' dir='ltr'><strong>camini</strong></span> <span class='ocrx_word' id='word_1_875' title='bbox 3335 5333 3540 5392; x_wconf 89' lang='lat' dir='ltr'><strong>cubant,</strong></span> <span class='ocrx_word' id='word_1_876' title='bbox 3560 5331 3607 5377; x_wconf 89' lang='lat' dir='ltr'><strong>et</strong></span> <span class='ocrx_word' id='word_1_877' title='bbox 3625 5306 3808 5370; x_wconf 73' lang='lat' dir='ltr'><strong>OmlllbUS</strong></span> 
     </span>
    </p>
   </div>
   <div class='ocr_carea' id='block_1_117' title="bbox 2309 5407 3806 5499">
    <p class='ocr_par' dir='ltr' id='par_1_117' title="bbox 2309 5407 3806 5499">
     <span class='ocr_line' id='line_1_117' title="bbox 2309 5407 3806 5499; baseline -0.025 -15"><span class='ocrx_word' id='word_1_878' title='bbox 2309 5445 2525 5499; x_wconf 86' lang='lat' dir='ltr'><strong>prorsus</strong></span> <span class='ocrx_word' id='word_1_879' title='bbox 2553 5429 2855 5485; x_wconf 90' lang='lat' dir='ltr'><strong>hominibus</strong></span> <span class='ocrx_word' id='word_1_880' title='bbox 2882 5428 3175 5499; x_wconf 83' lang='lat' dir='ltr'><strong>pauperior</strong></span> <span class='ocrx_word' id='word_1_881' title='bbox 3212 5425 3367 5482; x_wconf 82' lang='lat' dir='ltr'><strong>erat?</strong></span> <span class='ocrx_word' id='word_1_882' title='bbox 3398 5423 3461 5477; x_wconf 81' lang='lat' dir='ltr'><strong>lli</strong></span> <span class='ocrx_word' id='word_1_883' title='bbox 3500 5416 3622 5474; x_wconf 85' lang='lat' dir='ltr'><strong>enim</strong></span> <span class='ocrx_word' id='word_1_884' title='bbox 3657 5407 3806 5499; x_wconf 69' lang='lat' dir='ltr'><strong>restent</strong></span> 
     </span>
    </p>
   </div>
   <div class='ocr_carea' id='block_1_118' title="bbox 2305 5493 3809 5589">
    <p class='ocr_par' dir='ltr' id='par_1_118' title="bbox 2305 5493 3809 5589">
     <span class='ocr_line' id='line_1_118' title="bbox 2305 5493 3809 5589; baseline -0.012 -15"><span class='ocrx_word' id='word_1_885' title='bbox 2305 5493 2493 5575; x_wconf 79' lang='lat' dir='ltr'><strong>saltem</strong></span> <span class='ocrx_word' id='word_1_886' title='bbox 2522 5522 2740 5577; x_wconf 86' lang='lat' dir='ltr'><strong>scissam</strong></span> <span class='ocrx_word' id='word_1_887' title='bbox 2780 5493 3008 5583; x_wconf 70' lang='lat' dir='ltr'><strong>habent,</strong></span> <span class='ocrx_word' id='word_1_888' title='bbox 3049 5519 3147 5574; x_wconf 89' lang='lat' dir='ltr'><strong>ille</strong></span> <span class='ocrx_word' id='word_1_889' title='bbox 3194 5534 3325 5573; x_wconf 88' lang='lat' dir='ltr'><strong>vero</strong></span> <span class='ocrx_word' id='word_1_890' title='bbox 3352 5514 3516 5571; x_wconf 83' lang='lat' dir='ltr'><strong>nudus</strong></span> <span class='ocrx_word' id='word_1_891' title='bbox 3552 5493 3809 5589; x_wconf 59' lang='grc' dir='ltr'><strong>εράεὶηιοίξί</strong></span> 
     </span>
    </p>
   </div>
   <div class='ocr_carea' id='block_1_119' title="bbox 2306 5593 3810 5688">
    <p class='ocr_par' dir='ltr' id='par_1_119' title="bbox 2306 5593 3810 5688">
     <span class='ocr_line' id='line_1_119' title="bbox 2306 5593 3810 5688; baseline -0.005 -17"><span class='ocrx_word' id='word_1_892' title='bbox 2306 5615 2445 5688; x_wconf 89' lang='lat' dir='ltr'><strong>quod</strong></span> <span class='ocrx_word' id='word_1_893' title='bbox 2476 5616 2647 5673; x_wconf 79' lang='lat' dir='ltr'><strong>solum</strong></span> <span class='ocrx_word' id='word_1_894' title='bbox 2689 5631 2719 5671; x_wconf 86' lang='lat' dir='ltr'><strong>a</strong></span> <span class='ocrx_word' id='word_1_895' title='bbox 2747 5626 2929 5672; x_wconf 87' lang='lat' dir='ltr'><strong>natura</strong></span> <span class='ocrx_word' id='word_1_896' title='bbox 2971 5614 3359 5670; x_wconf 85' lang='lat' dir='ltr'><strong>vestimentum</strong></span> <span class='ocrx_word' id='word_1_897' title='bbox 3402 5604 3636 5665; x_wconf 63' lang='lat' dir='ltr'><strong>habebat.</strong></span> <span class='ocrx_word' id='word_1_898' title='bbox 3678 5593 3810 5646; x_wconf 63' lang='grc'><strong>⁸³⁸³³⁵</strong></span> 
     </span>
    </p>
   </div>
  </div>
