4036 6206
235 369 336 424 271

239 482 519 545 amictum,
547 478 692 550 aurci
721 477 998 547 puttctiitlc
1032 476 1262 546 undique
1291 486 1603 549 corruperat
1642 475 1827 530 diabo-

241 573 347 625 lus.
380 570 616 625 Rursum
643 570 695 623 fti
727 584 986 639 pauperes
1013 567 1201 624 saltem
1224 568 1491 623 subteetis
1519 566 1825 623 Suntvesti~

240 661 493 716 bulorutn
521 662 575 716 in
599 661 822 724 balneis,
850 661 1036 715 saltem
1059 660 1276 714 latibulo
1298 667 1562 730 teguntur;
1591 660 1680 714 ille
1701 673 1827 713 vero

240 753 344 808 sub
364 751 455 808 dio
475 763 630 809 nocte
656 752 847 822 dieque
875 768 1086 821 semper
1105 752 1348 821 degebat,
1379 767 1551 821 neque
1572 751 1828 820 simplicis

239 845 370 898 tecti
414 845 660 901 solatium
720 859 817 897 nae
845 859 903 898 us
930 859 943 894 ε
974 843 1217 914 quodque
1245 843 1456 914 gravius
1480 851 1588 903 est.
1621 842 1674 894 hi
1714 841 1828 910 qui.

237 938 365 989 dem
394 935 676 991 multorum
707 933 804 988 sibi
831 934 1086 987 malorum
1126 933 1324 988 conscii
1365 942 1521 998 sunt;
1565 933 1651 987 ille
1704 947 1830 985 vero

241 1028 445 1082 nullius
463 1028 560 1081 sibi
582 1028 828 1083 conscius
850 1036 962 1080 erat
987 1027 1025 1081 ¹.
1053 1025 1162 1081 lloc
1179 1037 1353 1082 autem
1384 1026 1434 1080 itt
1456 1026 1673 1095 singulis
1694 1040 1829 1095 quo-

239 1133 351 1187 que
368 1117 578 1173 casibus
595 1117 983 1172 observandum
1007 1126 1088 1172 est
1111 1136 1124 1172 :
1149 1116 1290 1188 quod
1312 1133 1438 1171 sane
1460 1119 1712 1186 majorem
1734 1118 1830 1185 ipsi

239 1209 491 1266 dolorem
531 1211 893 1280 maioremque
936 1211 1254 1264 anxietatem
1287 1211 1552 1280 pariebat,
1585 1209 1722 1277 quod
1767 1225 1831 1263 ne

240 1318 463 1358 causam
491 1302 702 1372 quidem
733 1302 1149 1371 contingentium
1197 1302 1454 1355 malorutu
1497 1309 1691 1354 nosset.
1729 1299 1827 1360 Illi,

243 1391 486 1462 inquam,
517 1391 582 1445 de
607 1392 787 1444 multis
812 1406 869 1445 se
890 1406 1140 1445 accusare
1168 1401 1445 1460 potuerunt
1479 1410 1492 1446 :
1522 1405 1618 1445 nec
1648 1406 1828 1460 parum

245 1483 384 1538 illud
413 1483 474 1538 ad
503 1485 918 1538 eottSolatiouem
950 1484 1128 1553 juvat,
1178 1499 1296 1537 cum
1327 1484 1447 1553 jure
1503 1484 1601 1537 sibi
1650 1497 1832 1551 pmnas

244 1572 416 1644 lniligi
465 1575 794 1645 agnoscitur;
829 1575 917 1628 ille
956 1586 1131 1628 autem
1165 1573 1262 1628 hac
1291 1589 1484 1628 vacuus
1509 1584 1622 1628 erat
1643 1587 1834 1627 conso-

243 1669 465 1732 latione,
495 1678 545 1722 et
596 1683 715 1722 cum
741 1668 898 1721 vitam
936 1670 1127 1722 virtute
1158 1668 1364 1736 plenam
1411 1665 1682 1730 duxisset,
1735 1681 1831 1718 ex-

242 1774 416 1818 tretna
445 1761 970 1818 sceleratissimorum
993 1759 1247 1830 supplicia
1280 1759 1473 1814 luebat.
1506 1759 1588 1822 ili,
1622 1758 1708 1826 qui
1743 1772 1833 1825 pe-

237 1870 343 1910 nes
371 1869 470 1907 nos
497 1863 641 1918 sunt,
675 1867 932 1922 pauperes
955 1852 1064 1921 jam
1093 1853 1218 1905 olim
1246 1867 1274 1904 a
1301 1849 1558 1919 principio
1592 1849 1713 1903 huic
1737 1865 1828 1899 ca-

242 1943 470 1998 lamitati
500 1953 624 1998 sunt
653 1943 885 2007 assueti;
917 1943 1004 1997 ille
1026 1956 1152 1997 vero
1183 1942 1505 2011 inopinatam
1551 1942 1667 1995 tulit
1699 1955 1828 2008 pan.

241 2032 810 2104 pertatem,confestim
828 2033 1401 2100 divitiarumjacturam
1421 2030 1821 2102 pﬂS>.llS-Qllclll-

237 2127 530 2182 admodum
576 2127 732 2197 igitur
768 2141 981 2183 causam
1037 2125 1560 2180 calamitatumnosse
1582 2135 1826 2191 maguum

237 2217 406 2273 affert
432 2219 497 2272 ad
513 2218 930 2272 consolationem
961 2225 1311 2282 momentum,
1341 2215 1418 2268 ita
1437 2225 1541 2269 n0n
1568 2213 1825 2266 minorem

240 2309 386 2375 parit
417 2309 467 2362 in
499 2317 803 2379 paupertate
827 2307 1036 2377 degenti
1077 2307 1296 2377 pristina
1325 2304 1563 2376 ejusdem
1604 2319 1825 2373 pauper-

238 2400 368 2454 tatis
383 2402 689 2461 exercitatio
723 2418 736 2454 :
764 2409 1108 2467 utrorumque
1137 2407 1310 2453 autem
1333 2397 1507 2466 justus
1530 2395 1618 2449 ille
1637 2409 1827 2463 expers

238 2499 382 2553 erat,
414 2504 584 2559 neque
616 2501 789 2546 tamen
810 2492 887 2544 sic
915 2491 1092 2544 animo
1122 2489 1372 2544 concidit.
1404 2486 1591 2543 Vidisti
1628 2502 1748 2540 eum
1772 2486 1824 2538 in

235 2591 534 2636 extremam
562 2581 832 2637 redactum
860 2592 1244 2651 paupertatem,
1263 2581 1344 2634 cui
1376 2579 1562 2635 similis
1579 2578 1723 2635 nulla
1738 2593 1824 2632 es-

235 2687 302 2729 ae
324 2673 534 2741 potest?
555 2672 680 2741 quid
707 2674 849 2728 enim
880 2673 1024 2727 nudo
1040 2680 1516 2742 tectoquecareute
1541 2668 1824 2747 pauperies

233 2763 398 2817 fuerit
423 2766 446 2817 '!
473 2763 585 2817 lmo
607 2765 694 2818 ille
720 2780 786 2818 ne
815 2763 1026 2834 quidem
1053 2763 1223 2817 solum
1251 2777 1354 2832 quo
1383 2760 1640 2830 gauderet
1664 2758 1824 2814 habe-

235 2853 368 2918 bat;
402 2869 574 2923 neque
601 2853 740 2910 enim
760 2856 812 2908 in
842 2865 980 2910 terra
1001 2896 1016 2920 ,
1047 2855 1139 2908 sed
1159 2855 1209 2906 itt
1240 2853 1364 2906 fimo
1381 2853 1615 2906 sedebat.
1643 2851 1822 2918 Itaque

228 2959 357 2999 cum
380 2952 435 2998 to
462 2944 660 2998 videris
688 2955 996 3014 paupertate
1039 2943 1312 3004 afﬂictum,
1336 2944 1505 3013 cogita
1529 2942 1652 3012 justi
1681 2941 1821 2994 illius

228 3033 590 3089 calamitatem
611 3036 893 3104 statimque
913 3035 1148 3088 animum
1166 3035 1357 3103 erigas,
1378 3043 1432 3086 et
1449 3048 1659 3087 omnem
1682 3047 1820 3086 mot-

230 3124 376 3178 νοτὶς
403 3125 690 3192 cogitatum
719 3125 968 3194 repelles.
999 3126 1170 3194 Atque
1201 3127 1312 3179 lucc
1360 3124 1570 3194 quidem
1597 3124 1815 3178 calami-

229 3224 319 3268 tas
337 3215 578 3270 onmium
610 3216 870 3270 malorum
897 3215 1048 3285 quasi
1079 3214 1479 3269 fundamentum
1517 3213 1822 3268 hominibus

226 3319 355 3360 esse
394 3304 632 3371 videtur;
674 3307 839 3361 altera
870 3322 995 3362 vero
1020 3307 1306 3377 posterior,
1332 3307 1440 3360 imo
1482 3307 1654 3376 prior,
1705 3313 1819 3360 erat

229 3398 476 3465 corporis
500 3399 671 3467 plaga.
688 3398 820 3465 Quis
841 3413 1090 3467 umquam
1121 3398 1222 3452 hoc
1247 3398 1418 3451 morbi
1442 3413 1640 3467 genere
1664 3396 1815 3450 labo-

227 3487 407 3542 ravit?
429 3490 545 3558 quis
576 3489 732 3543 talem
750 3487 1117 3559 mgritudinem
1161 3488 1320 3542 tulit?
1343 3489 1460 3558 quis
1483 3487 1634 3541 talem
1658 3501 1815 3540 exce-

228 3577 306 3646 pit
334 3579 565 3648 plagam.
593 3587 687 3636 aut
704 3580 868 3636 alium
893 3579 1242 3648 excipientem
1268 3577 1438 3633 vidit?
1473 3576 1640 3632 Nemo
1665 3592 1812 3632 sane.

229 3669 490 3722 Paulatim
519 3670 614 3739 ipsi
657 3684 851 3738 corpus
873 3670 1268 3735 absumebatur,
1305 3669 1546 3724 membra
1583 3667 1816 3735 undique

230 3758 505 3813 vermibus
545 3761 842 3825 scatebaut,
862 3769 1151 3830 perpetuus
1170 3770 1284 3814 erat
1301 3760 1387 3815 ille
1413 3758 1606 3823 fluxus,
1636 3767 1690 3812 et
1713 3759 1814 3812 imo

229 3858 317 3903 tor
340 3849 577 3921 undique
596 3851 960 3920 gravissimus,
991 3866 1292 3922 corpusque
1313 3850 1440 3905 dum
1469 3851 1548 3906 sic
1567 3851 1810 3919 paulatim

227 3940 474 3994 interiret
501 3949 554 3994 et
575 3951 715 3995 tanta
743 3942 1021 4012 putredine
1050 3943 1363 4006 tabesceret,
1397 3944 1629 4012 ingratos
1653 3943 1811 3994 etiam

226 4031 378 4087 citos
407 4032 680 4096 reddebat,
707 4033 976 4104 ﬁttuesque
998 4035 1070 4088 illi
1095 4045 1207 4088 erat
1227 4035 1433 4088 insolita
1462 4034 1812 4088 incredibilis~

227 4139 330 4193 que
360 4136 378 4177 :
409 4139 580 4192 neque
609 4127 748 4178 enim
775 4126 952 4180 oblato
999 4127 1118 4181 cibo
1151 4125 1250 4180 frui
1301 4136 1525 4194 poterat.
1562 4125 1812 4180 Fcetorem

224 4214 392 4279 enim,
417 4215 604 4282 inquit,
631 4216 770 4270 video
789 4232 894 4270 esse
913 4216 1046 4270 cibos
1070 4233 1201 4270 meos
1221 4215 1338 4289 (Job
1368 4215 1420 4271 6.
1471 4217 1545 4285 7).
1563 4215 1694 4271 Cum
1721 4233 1810 4270 er-

225 4305 369 4372 κοίη
413 4306 656 4359 morbum
707 4306 1233 4372 incideris,ohomo,
1279 4308 1811 4376 recordarecorporis

224 4391 368 4448 illius
395 4406 698 4466 sanctznque
727 4397 902 4450 carnis
929 4413 942 4449 :
971 4405 1152 4452 sancta
1179 4399 1371 4467 quippe
1391 4407 1504 4452 erat
1531 4407 1688 4467 atque
1717 4413 1813 4467 pu-

225 4499 316 4550 ra,
345 4483 476 4542 licet
527 4485 606 4540 his
631 4487 939 4542 vulneribus
988 4487 1197 4542 affecta.
1249 4488 1302 4543 Si
1331 4489 1450 4559 quis
1494 4490 1544 4543 in
1573 4491 1809 4544 exercitu

226 4578 436 4644 positus
483 4577 677 4648 injuste
718 4580 966 4650 nullaque
992 4582 1180 4637 saltem
1228 4581 1487 4651 probabili
1535 4581 1602 4635 de
1651 4595 1812 4634 causa

223 4669 370 4740 ligno
417 4684 727 4738 suspensus,
755 4673 917 4725 latera
941 4673 1040 4726 sibi
1081 4673 1301 4728 lacerari
1359 4671 1565 4734 videat,
1612 4686 1812 4739 nequa-

222 4778 388 4832 quam
409 4761 460 4817 id
487 4763 788 4833 ignomiuize
814 4763 930 4818 loco
957 4763 1167 4824 habeat.
1194 4781 1364 4834 neque
1383 4780 1441 4820 se
1469 4762 1656 4818 dolore
1683 4778 1810 4818 con-

227 4853 316 4908 ﬁci
346 4854 508 4917 sinat,
537 4864 778 4910 sanctum
809 4856 953 4910 illum
981 4855 1238 4911 memoria
1267 4863 1535 4924 repetens.
1585 4856 1655 4908 At
1694 4854 1807 4920 ille,

225 4945 461 5015 inquies,
479 4960 744 5001 summam
771 4945 958 5000 habuit
982 4947 1425 5008 consolationem,
1455 4945 1597 5014 quod
1648 4947 1809 5000 sciret

227 5037 396 5090 Deum
429 5035 546 5091 hare
578 5037 680 5092 sibi
707 5036 966 5106 infligere.
999 5040 1156 5109 Atqui
1189 5041 1289 5093 hoc
1333 5040 1502 5109 ipsum
1541 5039 1706 5109 magis
1747 5038 1810 5092 11-

223 5127 335 5179 lum
396 5127 641 5182 turbabat
679 5127 1085 5199 affligebatque,
1126 5131 1266 5199 quod
1314 5131 1572 5200 cogitaret
1608 5130 1806 5199 justum

225 5218 420 5284 Deum,
470 5235 628 5290 quem
658 5222 771 5290 ipse
798 5223 944 5276 omni
977 5223 1135 5277 modo
1156 5224 1440 5289 coluisset,
1493 5239 1680 5280 secum
1711 5240 1808 5294 pu-

222 5327 415 5381 gnaro.
440 5311 547 5368 Nec
577 5314 738 5370 ullam
761 5315 843 5368 vel
877 5315 1200 5384 probabilem
1223 5331 1428 5381 eorum,
1456 5332 1573 5386 qua:
1597 5318 1805 5371 accide-

225 5407 374 5468 bant.
406 5420 623 5460 causam
661 5408 895 5476 reperire
920 5416 1142 5476 poterat.
1165 5407 1294 5462 Nam
1321 5408 1408 5462 ubi
1434 5407 1645 5463 demum
1676 5423 1807 5464 cau-

223 5508 340 5548 sam
365 5495 549 5550 didicit
572 5538 586 5559 .
633 5497 756 5552 vide
778 5508 1026 5568 quantam
1052 5499 1306 5568 pietatem
1329 5500 1644 5556 exhibuerit.
1671 5501 1806 5558 Cum

225 5583 368 5637 enim
391 5584 464 5639 illi
489 5586 624 5641 Deus
644 5588 776 5642 dixit
807 5604 821 5641 :
853 5589 1030 5643 Alione
1050 5600 1195 5658 putas
1225 5591 1370 5644 modo
1392 5608 1464 5645 me
1492 5593 1578 5646 tibi
1601 5595 1805 5647 oracula

287 5785 308 5816 ι
341 5783 462 5835 Vide
492 5788 655 5834 notam
681 5786 895 5836 Graecam

1231 368 1320 428 DE
1360 372 1654 430 DlABOLO
1695 372 2130 434 TENTATORE.
2176 375 2405 434 1103111..
2450 375 2548 432 111.’

3396 376 3503 430 γη

1934 477 2142 543 fudisse,
2171 493 2319 546 quam
2342 491 2393 532 ut
2415 482 2585 550 justus
2613 485 3026 555 appareretUob
3054 489 3142 545 10.
3167 488 3260 559 8)?
3296 459 3509 560 perutil-

1934 583 2024 622 sus
2052 570 2137 623 ille
2169 572 2440 639 respondit
2470 591 2482 626 :
2511 571 2714 626 Manum
2743 591 2925 642 ponam
2950 592 3097 644 super
3119 593 3173 630 os
3201 596 3398 635 meum:
3423 598 3505 635 te-

1935 661 2031 712 me!
2051 660 2282 726 loquutus
2303 679 2433 728 smn,
2453 664 2668 716 secundo
2694 681 2791 717 non
2814 666 2997 717 addam
3040 665 3142 732 (Ib.
3173 685 3218 721 tt.
3243 670 3294 724 4.
3328 671 3380 738 5)
3407 688 3421 724 :
3449 688 3510 727 ac

1935 767 2165 818 rursum,
2192 752 2358 822 Usque
2377 755 2442 806 ad
2479 756 2618 808 auris
2640 756 2868 808 auditum
2892 757 3060 808 audiri
3080 768 3125 810 te
3147 769 3328 822 antea;
3379 777 3514 814 nune

1934 853 2099 896 autem
2121 845 2292 897 oculus
2313 863 2446 898 meus
2467 845 2588 898 vidtt
2609 857 2673 904 te.
2697 846 2861 912 Quare
2879 851 3120 916 meipsum
3148 849 3291 902 vilem
3311 861 3512 919 reputa-

1937 935 2001 997 vi,
2049 943 2094 988 et
2120 935 2319 988 extabui
2347 952 2366 991 :
2392 938 2615 1006 reputavi
2641 948 2806 990 autem
2833 939 3074 1007 mcipsutn
3093 949 3276 994 terram
3305 948 3351 993 et
3380 943 3515 995 rima

1935 1042 2038 1078 rem
2069 1022 2224 1096 (Job.
2250 1024 2339 1080 4‘2.
2361 1026 2412 1080 5.
2447 1029 2522 1097 6).

2007 1118 2058 1171 6.
2101 1118 2252 1183 Quod
2283 1119 2326 1172 si
2356 1117 2467 1172 hmc
2491 1119 2618 1174 satis
2646 1120 2711 1174 ad
2737 1122 3152 1176 consolationem
3182 1139 3297 1175 esse
3328 1133 3508 1190 putas,

1939 1209 2137 1275 poteris
2159 1218 2212 1262 ct
2241 1211 2348 1277 ipse
2381 1210 2478 1264 hac
2507 1211 2870 1264 consolatione
2895 1213 3014 1265 frui.
3055 1211 3187 1266 Nam
3235 1213 3356 1267 licet
3405 1230 3512 1266 non

1939 1313 2032 1366 pro
2061 1299 2168 1351 Deo
2197 1299 2392 1368 aliquid
2421 1299 2543 1354 mali
2572 1301 2856 1364 sustineas,
2883 1301 2974 1355 sed
3003 1316 3067 1355 ex
3101 1303 3370 1357 hominum
3410 1321 3508 1356 tto-

1936 1401 2200 1456 etttueuto,
2220 1391 2262 1444 si
2283 1394 2479 1462 gratias
2496 1395 2668 1462 egeris
2694 1407 2792 1448 nec
2815 1393 3268 1460 blaSphemaveris
3293 1394 3344 1446 in
3364 1410 3507 1457 eum.

1936 1485 2024 1553 qui
2055 1485 2310 1555 impedire
2338 1486 2548 1556 quidem
2579 1494 2808 1554 poterat,
2850 1486 2943 1538 sed
2969 1485 3033 1538 ad
3064 1495 3203 1538 tuam
3239 1487 3508 1554 probatio-

1939 1593 2057 1631 nem
2097 1579 2354 1647 permisit,
2405 1581 2543 1632 sicut
2571 1579 2605 1631 ii
2625 1577 2710 1648 qui
2763 1587 2976 1648 propter
3025 1578 3188 1630 Deum
3241 1579 3514 1646 patiuntur-

1937 1669 2362 1733 coronantttr,sic
2388 1679 2440 1722 et
2469 1679 2521 1722 tu
2551 1667 2790 1722 eamdem
2811 1668 3155 1735 consequeris
3184 1667 3503 1732 mercedem,

1937 1761 2056 1830 quia
2085 1761 2255 1816 illatas
2287 1761 2375 1815 tibi
2397 1763 2464 1815 ab
2495 1760 2796 1814 hominibus
2821 1759 3149 1814 calamitates
3178 1757 3384 1813 fortiter
3431 1772 3511 1814 tu-

1939 1854 2064 1918 listi,
2092 1857 2210 1908 etei
2241 1857 2466 1923 quicum
2498 1854 2613 1907 illas
2641 1851 2922 1921 prohibere
2962 1859 3174 1919 posset,
3230 1851 3400 1904 noluit
3427 1860 3510 1903 ta-

1937 1943 2629 2014 meu,gratiasegisti.Ecce
2657 1944 2812 2013 igitur
2832 1953 2883 1998 et
2909 1951 3268 2011 paupertatem
3291 1952 3342 1995 et
3370 1957 3514 1995 mor-

1934 2033 2056 2089 bum
2082 2051 2237 2105 supra
2261 2035 2474 2089 modunt
2505 2051 2714 2089 omnem
2733 2035 2875 2104 justo
2901 2035 3100 2088 illatum
3117 2033 3312 2088 vidisti.
3344 2031 3511 2087 Visne

1934 2126 2090 2180 etiam
2123 2136 2178 2179 ut
2206 2125 2422 2190 bellum,
2453 2127 2591 2195 quod
2624 2127 2720 2195 ipsi
2753 2138 2933 2179 natura
2959 2127 3154 2190 intulit,
3177 2125 3364 2179 eodem
3387 2140 3510 2178 cum

1935 2218 2132 2286 impetu
2163 2216 2348 2271 fortem
2383 2218 2553 2270 virum
2587 2218 2843 2270 invasisse
2881 2215 3200 2271 ostendam?
3227 2217 3414 2269 lieeem
3449 2213 3511 2266 η-

1934 2309 2033 2362 lios
2059 2308 2308 2377 perdidit,
2337 2307 2520 2363 decem
2553 2308 2729 2367 simul.
2759 2307 2941 2362 decem
2978 2307 3163 2362 eodem
3212 2303 3507 2374 juventutis

1932 2400 2082 2462 flore,
2112 2399 2294 2455 decem
2328 2400 2519 2453 virtute
2544 2401 2810 2468 prmditos,
2859 2414 2955 2451 nec
2985 2396 3252 2450 communi
3303 2403 3505 2448 natura:

1932 2491 2068 2560 lege,
2098 2491 2192 2546 sed
2222 2491 2451 2544 violenta
2481 2488 2876 2558 miserabilique
2923 2497 3112 2541 morte.
3166 2486 3295 2551 Quis
3345 2485 3512 2537 talem.

1930 2585 2282 2638 calamitatem
2337 2583 2638 2651 exprimere
2693 2581 2901 2636 valeat?
2957 2579 3124 2634 Nemo
3163 2595 3311 2633 sane.
3369 2577 3518 2631 Cum

1930 2689 2126 2744 ergoet
2153 2673 2321 2727 ﬁlium
2340 2683 2396 2729 et
2433 2673 2596 2728 filiam
2645 2672 2802 2726 simul
2844 2671 3126 2735 amiseris,
3179 2683 3392 2722 recurre
3437 2668 3504 2722 ad

1923 2767 2132 2836 justum
2156 2767 2325 2832 illum,
2353 2766 2679 2835 multamque
2702 2763 3020 2818 nancisceris
3060 2761 3521 2816 COIIsOl'JliOttCttL.

1927 2859 2060 2913 Nunt
2091 2859 2205 2913 hmc
2233 2867 2436 2912 tantum
2460 2860 2559 2928 ipsi
2588 2858 2830 2912 accidere
2855 2856 3034 2910 mala?
3067 2855 3371 2908 Amicorum
3420 2854 3504 2906 iu-

1927 2964 2088 3017 supcr
2115 2947 2344 3003 defectio
2371 2958 2424 3002 et
2445 2948 2698 3016 proditio,
2722 2957 3034 3009 scommata,
3064 2945 3336 3008 convicia,
3365 2942 3504 2996 deri-

1926 3041 2127 3104 siones,
2149 3041 2301 3095 senui
2326 3059 2339 3095 :
2368 3041 2435 3095 ab
2461 3039 2706 3094 omnibus
2733 3049 2912 3093 autem
2946 3037 3180 3092 divexari
3221 3051 3374 3105 quam
3423 3037 3502 3087 111-

1927 3130 2256 3184 tolerandum
2287 3129 2473 3184 fuerit!
2508 3129 2622 3183 Non
2651 3128 2790 3182 enim
2817 3132 2886 3181 ita
2909 3143 3263 3182 :erumuarum
3292 3135 3500 3188 natura,

1925 3230 1984 3276 ut
2003 3222 2059 3288 ii,
2090 3221 2178 3291 qui
2205 3221 2357 3276 nobis
2378 3235 2645 3274 tcrutnnas
2665 3221 3009 3290 exprobrant,
3040 3218 3289 3272 mordere
3342 3218 3496 3268 Solet.

1925 3311 2037 3368 Non
2069 3312 2228 3367 modo
2251 3329 2355 3367 non
2385 3313 2590 3378 aderat,
2647 3312 2737 3381 qui
2779 3312 3170 3374 consolaretur;
3219 3307 3309 3361 sed
3349 3307 3519 3358 multi—

1925 3403 2156 3473 undique
2178 3404 2444 3458 instabant
2469 3404 2854 3458 conviciautes.
2885 3401 3147 3468 Videsque
3199 3400 3342 3451 illum
3401 3396 3498 3448 hac

1921 3491 1988 3549 de
2010 3511 2066 3548 re
2093 3496 2366 3564 conqueri,
2399 3509 2461 3547 ac
2487 3494 2663 3546 dicere
2692 3509 2706 3544 :
2744 3496 2804 3544 At
2833 3507 2919 3545 vos
2951 3490 3191 3543 invaditis
3228 3506 3308 3541 me
3367 3485 3498 3557 (Job

1924 3583 2008 3638 19.
2034 3583 2111 3656 5).
2135 3598 2330 3652 eosque
2361 3581 2805 3636 immisericordes
2836 3589 2987 3632 vocat
3017 3578 3097 3630 his
3125 3578 3300 3630 verbis
3327 3596 3336 3626 :
3368 3578 3506 3643 Quia

1921 3675 2289 3743 abnegauertmt
2315 3689 2393 3725 me
2412 3672 2625 3742 proximi
2653 3671 2748 3724 ntei
2762 3687 2780 3735 ;
2811 3679 2855 3723 et
2881 3669 3138 3722 domestici
3181 3668 3277 3718 mei
3323 3677 3518 3718 contra.

1921 3781 2000 3818 mc
2023 3764 2369 3833 loquebantur,
2415 3772 2460 3816 et
2490 3762 2624 3829 ﬁlios
2666 3761 2897 3829 pellicum
2949 3773 3174 3811 mearum
3218 3757 3450 3808 t'ornbum
3479 3773 3496 3808 :

1925 3857 2003 3910 illi
2022 3871 2138 3909 vero
2163 3855 2445 3908 resiliebant
2469 3850 2588 3925 (Ib.
2618 3868 2662 3905 υ.
2697 3853 2782 3906 li.
2811 3852 2922 3920 17).
2952 3851 3072 3912 Atii,
3127 3851 3318 3918 inquit,
3373 3863 3494 3900 ron-

1918 3948 2160 4016 :puebant
2187 3948 2237 4000 in
2263 3963 2357 4011 me,
2387 3962 2448 3999 ac
2473 3944 2742 3999 ludibrium
2772 3947 2935 4014 [actus
2963 3961 3075 3998 sunt
3104 3944 3328 3996 omnibus
3361 3939 3490 4012 (Job

1918 4038 2010 4097 39.
2035 4038 2090 4093 9.
2126 4038 2214 4105 10)
2243 4055 2256 4090 :
2286 4047 2332 4090 et
2360 4037 2491 4106 ipsa,
2529 4035 2736 4105 inquit,
2767 4036 2912 4089 vestit
2964 4051 3042 4087 me
3091 4033 3377 4086 abominata
3423 4042 3497 4086 cst

1921 4129 2038 4202 (Job
2067 4129 2119 4185 9.
2147 4131 2259 4199 3|).
2291 4129 2418 4183 Haec
2463 4144 2530 4182 ne
2573 4125 3004 4195 auditusquidem
3034 4125 3267 4185 ferenda,
3299 4123 3494 4178 nedum

1920 4223 2034 4292 ipso
2056 4235 2233 4275 rerum
2281 4219 2422 4274 facto
2469 4217 2806 4273 sustinenda.
2864 4216 3152 4283 Paupertas
3205 4222 3442 4267 extrema
3478 4254 3492 4273 ,

1919 4314 2136 4368 morbus
2163 4309 2545 4373 intolerandus,
2578 4321 2745 4362 novus
2759 4316 2812 4360 et
2833 4305 3119 4368 inauditus,
3149 4312 3292 4358 totet
3313 4303 3494 4356 talium

1919 4403 2146 4458 filiorum
2173 4400 2390 4455 amissio
2417 4399 2504 4453 tali
2536 4397 2692 4452 modo
2711 4395 2872 4460 facta,
2899 4395 3159 4459 convicia,
3177 4403 3494 4455 scommata,

1917 4493 2176 4562 vituperia
2199 4493 2266 4546 ab
2288 4490 2609 4545 hominibus.
2641 4488 2741 4543 Alii
2771 4485 2985 4557 quidem
3017 4485 3308 4540 irridebant
3341 4526 3354 4546 ,
3408 4484 3495 4537 alii

1916 4583 2372 4645 conviciabantur,
2395 4581 2485 4636 alii
2531 4581 2874 4650 spernebant,
2908 4592 3014 4632 non
3041 4577 3240 4632 inimici
3268 4585 3492 4638 tantum,
3565 4587 3569 4594 '

1916 4675 2014 4731 sed
2044 4686 2097 4730 et
2119 4675 2310 4739 amici;
2338 4689 2442 4727 non
2464 4673 2620 4726 amici
2645 4680 2846 4724 tantum
2875 4709 2892 4734 ,
2943 4667 3039 4724 scd
3091 4678 3145 4722 et
3193 4667 3492 4722 domeStici.

1917 4766 2096 4836 Neque
2126 4765 2296 4820 solum
2325 4762 2615 4818 irridebant
2665 4768 2721 4815 et
2762 4759 3002 4815 convicia
3051 4757 3349 4827 iactabant.
3398 4755 3491 4809 sed

1916 4858 2074 4912 etiam
2103 4851 2720 4916 abomiuabantur;h:cc
2759 4865 2918 4920 porro
2967 4864 3070 4903 non
3114 4846 3358 4911 duobus,
3410 4846 3491 4898 \‘cl

1917 4946 2204 5012 tribus,vel
2233 4945 2416 5000 decem
2443 4944 2648 5008 diebus,
2696 4942 2790 4998 sed
2841 4942 3019 4997 multis
3060 4938 3332 4993 mensibus
3377 4953 3391 4989 :
3439 4946 3493 4988 et

1914 5039 2054 5110 quod
2079 5039 2148 5092 illi
2179 5037 2269 5092 utti
2293 5035 2532 5106 contigit,
2557 5050 2624 5090 ne
2649 5031 3056 5100 noctis-quidem
3073 5027 3488 5084 consolationem

1916 5129 2168 5197 habebat,
2183 5128 2277 5185 sed
2308 5129 2510 5183 diurnis
2535 5127 2787 5181 terumnis
2821 5122 3179 5177 accessionem
3223 5119 3483 5189 majorem

1918 5224 2550 5282 faeiebatnoctttrnarum
2580 5215 2926 5274 formidinum
2980 5213 3276 5284 phantasia.
3330 5212 3484 5279 Quod

1915 5322 2053 5377 enim
2090 5318 2172 5372 vel
2223 5317 2276 5372 in
2315 5315 2516 5369 somnis
2556 5310 2790 5382 graviora
2836 5322 3022 5378 passus
3049 5307 3135 5370 sit,
3167 5306 3289 5361 audi
3345 5306 3490 5360 illum

1914 5413 2177 5468 dicentem
2203 5427 2216 5464 :
2253 5409 2423 5476 Quare
2450 5421 2528 5460 me
2555 5415 2709 5457 terres
2733 5403 2785 5454 in
2814 5400 3023 5466 somnia,
3068 5409 3114 5452 et
3142 5399 3194 5451 in
3220 5398 3496 5451 visionibus

1914 5521 1994 5558 me
2013 5511 2298 5556 consternat
2325 5495 2450 5568 (Job
2477 5497 2528 5550 7.
2560 5491 2696 5564 ΜΗ
2746 5491 2876 5558 Quis
2903 5500 3007 5545 tam
3058 5488 3263 5543 ferreus
3311 5488 3490 5548 homo,

1913 5595 2032 5664 quis
2050 5593 2267 5647 adamas
2284 5590 2398 5644 hac
2421 5588 2560 5643 mala
2583 5587 2846 5642 sustinere
2871 5582 3075 5654 possit?
3096 5581 3228 5636 Nam
3253 5581 3298 5634 si
3322 5580 3493 5648 quod:

1916 5687 2044 5742 libet
2072 5700 2258 5741 eorum
2279 5681 2503 5739 seorsim
2529 5678 2922 5735 consideratum
2948 5672 3338 5730 intolerandum
3359 5679 3445 5724 est
3468 5707 3488 5732 ,

1915 5786 2165 5848 quantum
2197 5777 2473 5832 tumultum
2496 5774 2670 5830 omnia
2691 5767 3062 5828 concurrentia
3089 5763 3359 5820 attulerint
3409 5769 3490 5810 tor
