4036 6206
233 286 344 341 ΥΠ

1420 564 1559 634 DE
1620 563 2331 653 PGENITENTIA:

1407 284 1492 355 DE
1532 281 1996 357 pmxtrsmts.
2041 284 2271 358 notus.
2311 285 2350 341 t.
3413 279 3519 339 2's

1388 735 1519 784 emt
1564 736 1739 779 unus
1787 735 1924 779 IPSE
1967 718 2365 779 33016881“.

830 1005 1046 1061 multis
1074 1005 1090 1045 ι
1116 987 1214 1062 (α).

317 1086 365 1151 ι.
392 1085 547 1157 Amor
581 1093 629 1149 et
674 1082 966 1147 sollicitudo
1009 1078 1353 1151 (ἑαυτυβωιριβί
1393 1093 1511 1148 erat!
1553 1075 1819 1146 ρρριίιωη·

230 1175 411 1241 Paula
455 1176 727 1242 emittatur
768 1175 903 1245 ﬁlios
949 1174 1134 1233 item»
1174 1170 1498 1241 sarmenti.
1538 1198 1610 1208 —
1647 1166 1820 1234 Num,

229 1287 440 1344 quatso.
465 1282 733 1329 memores
759 1265 929 1327 nostri
958 1263 1150 1329 fuistis,
1170 1269 1370 1333 quanto
1397 1269 1637 1329 tempore
1664 1274 1697 1317 a
1726 1274 1823 1312 vo-

235 1364 325 1421 bis
351 1361 623 1419 abfuimus
639 1361 663 1414 ?
682 1359 816 1419 Nam
845 1359 962 1429 ipse
981 1356 1196 1428 quidem
1223 1352 1388 1417 vestri
1404 1366 1664 1422 nusquam
1679 1350 1823 1413 obli-

233 1458 372 1515 visci
416 1454 564 1526 potui
585 1493 601 1521 ,
642 1452 738 1510 sed
765 1452 955 1509 urbem
982 1448 1278 1514 dimittens,
1310 1444 1625 1505 memoriam
1659 1440 1824 1505 weatt‘i

232 1564 345 1606 non
368 1548 587 1605 dimisi:
610 1542 1063 1616 quemadmodum
1089 1541 1234 1599 enim
1264 1538 1354 1610 qui
1383 1551 1666 1608 corporum
1691 1550 1828 1605 prius

233 1639 406 1697 stanti
432 1638 602 1693 forma
631 1636 938 1706 capiuntur,
967 1645 1303 1711 quocumque
1349 1627 1693 1695 recesserint,
1732 1640 1824 1683 see

233 1745 362 1788 eum
388 1728 749 1785 desideratam
780 1725 974 1782 faciem
1019 1723 1403 1781 circumferunt
1430 1738 1445 1775 :
1475 1718 1616 1781 haud
1666 1732 1826 1779 secus

233 1824 339 1894 ipsi
359 1831 643 1877 venustate
662 1820 962 1875 animarum
990 1823 1288 1875 vestrarum
1332 1814 1456 1870 tacti
1476 1852 1493 1877 ,
1524 1827 1644 1871 eam
1672 1825 1827 1871 men-

233 1916 307 1970 tis
336 1924 527 1970 vestrae
553 1911 789 1982 speciem
818 1921 1035 1981 semper
1060 1904 1342 1962 nobiscum
1372 1902 1823 1962 cireumferimus.

233 2005 309 2062 Et
352 2002 801 2076 quemadmodum
850 2000 1087 2070 pictores
1132 1995 1406 2052 coloribus
1437 1993 1606 2050 variis
1650 1993 1828 2051 mixtis

233 2095 485 2165 corporis
512 2093 773 2163 imagines
800 2090 1059 2161 effingere
1083 2097 1487 2144 consueverunt
1514 2102 1530 2140 :
1558 2085 1628 2139 ita
1649 2092 1703 2140 et
1728 2083 1829 2154 ipsi

232 2186 472 2242 studium
496 2193 731 2240 restrum
754 2183 808 2237 in
828 2179 1090 2245 collectis,
1114 2179 1168 2234 in
1194 2175 1459 2233 audiendo
1474 2174 1825 2239 alacritatem,

234 2276 672 2335 benevolentiam
696 2289 821 2345 erga
843 2273 1298 2334 concionatorem,
1323 2277 1624 2338 caeteraque
1650 2265 1827 2322 omnia

234 2366 421 2422 oﬂicia
462 2367 628 2421 veluti
658 2366 870 2420 colores
911 2364 1166 2420 virtutum
1199 2360 1376 2416 varios
1425 2358 1789 2416 immiseentes
1811 2395 1827 2420 ,

234 2465 406 2527 atque
436 2457 608 2526 ipsum
647 2456 946 2511 animarum
994 2461 1290 2508 vestrarum
1338 2447 1830 2505 cbaracteremim-

235 2549 541 2619 primentcs
565 2546 870 2615 mentisque
892 2551 1227 2614 appouentes
1247 2540 1437 2606 oculis,
1482 2554 1547 2597 ea
1588 2536 1832 2607 specula.-

236 2639 392 2694 tione
433 2638 563 2693 satis
599 2647 795 2691 nostrae
822 2632 1267 2705 peregrinationis
1304 2630 1609 2699 accepimus
1632 2627 1825 2689 solatii.

239 2728 373 2785 Haec
401 2739 457 2785 et
481 2727 736 2783 sedentes
761 2735 819 2782 et
839 2733 1145 2795 surgentes.
1169 2733 1225 2778 et
1248 2721 1587 2779 ambulantes
1602 2729 1658 2774 et
1677 2719 1829 2788 quies

236 2827 477 2879 seentes.
501 2828 555 2872 et
574 2818 911 2874 introeuntes
940 2823 996 2870 et
1020 2823 1298 2877 exeuntes,
1315 2810 1567 2866 continuo
1584 2807 1836 2871 versaba-

238 2925 395 2975 tnus,
421 2908 705 2967 caritatem
732 2917 967 2961 vestram
991 2905 1074 2959 vel
1096 2904 1148 2958 in
1178 2901 1403 2959 somniis
1424 2901 1715 2963 intuentes,
1739 2913 1835 2954 ue.-

237 3016 355 3073 que
384 3001 621 3057 interdiu
667 3000 863 3065 solum,
909 2998 1006 3054 sed
1032 2997 1195 3052 etiam
1226 3005 1388 3053 noctu
1418 2992 1609 3050 iisdem
1637 2992 1838 3062 cogita~

242 3092 491 3157 tionibus
548 3090 703 3162 quasi
768 3090 977 3146 deliciis
1030 3086 1468 3148 enutriebamur.
1534 3082 1665 3139 illud
1713 3097 1834 3138 cum

241 3184 543 3242 Salomne
585 3180 986 3253 scienteszEgo
1015 3180 1231 3245 dormio,
1259 3188 1305 3235 et
1333 3194 1421 3235 cor
1469 3192 1636 3235 meum
1664 3175 1837 3245 vigilet

242 3278 428 3349 (Cant.
451 3277 504 3331 5.
528 3276 607 3346 ἢ).
650 3276 885 3344 ldipsum
909 3284 964 3329 et
1008 3272 1163 3328 nobis
1189 3270 1533 3340 contingebat
1557 3285 1572 3323 :
1600 3283 1723 3325 nam
1749 3280 1839 3323 so.

242 3372 365 3425 mni
389 3368 606 3439 quidem
632 3367 930 3422 necessitas
959 3364 1240 3435 palpebras
1286 3362 1429 3432 ipsas
1450 3357 1801 3419 contrahebat
1819 3397 1835 3425 ,

240 3457 496 3531 tyrannis
524 3472 653 3512 vero
671 3456 877 3511 amoris
900 3455 1063 3511 vestri
1084 3454 1272 3513 oculos
1299 3460 1497 3506 nostra:
1524 3450 1719 3507 mentis
1739 3464 1838 3509 ex-

240 3550 454 3607 citabat
484 3568 499 3603 :
537 3559 697 3619 atque
726 3561 1101 3619 saepenumero
1130 3560 1225 3615 per
1271 3557 1518 3600 somnum
1560 3540 1838 3596 vobiscum

247 3642 401 3712 loqui
428 3639 560 3697 mihi
583 3637 822 3697 videbar.
860 3636 1073 3693 Etenim
1117 3633 1396 3690 consuevit
1415 3632 1592 3687 anima
1618 3644 1736 3700 quas
1761 3629 1840 3689 in-

248 3731 431 3787 terdiu
457 3730 678 3800 cogitat,
701 3728 892 3784 eadem
921 3728 975 3782 in
1001 3725 1207 3781 somnis
1234 3739 1330 3794 per
1362 3721 1697 3793 phantasiam
1723 3734 1843 3777 cer-

244 3835 406 3887 nere,
436 3821 579 3892 quod
602 3830 657 3875 et
685 3820 838 3875 nobis
869 3828 995 3873 tunc
1018 3816 1212 3875 accidit
1239 3834 1252 3869 :
1277 3824 1332 3870 et
1364 3828 1459 3869 vos
1482 3812 1691 3869 carneis
1714 3825 1842 3869 ocu-

250 3912 323 3968 lis
349 3911 574 3966 minime
606 3910 828 3976 videns,
858 3909 1024 3964 oculis
1052 3906 1289 3963 caritatis
1306 3904 1614 3970 cernebam,
1644 3917 1840 3971 corpo-

248 4018 426 4073 reque
472 4002 679 4058 absens
698 4043 714 4066 ,
742 4001 934 4059 aﬂcctu
973 4014 1212 4071 prtesens
1237 4013 1408 4059 eram,
1446 4006 1501 4051 et
1528 4010 1663 4051 mete
1686 4008 1843 4049 aures

251 4108 474 4165 semper
496 4094 734 4149 clamore
760 4099 942 4147 vestro
963 4091 1338 4162 personabant.
1363 4088 1539 4157 Quare
1564 4094 1619 4143 et
1647 4099 1843 4155 corpo-

251 4186 332 4242 ris
358 4184 678 4255 aegritudine
717 4184 789 4239 ibi
816 4183 1018 4243 diutius
1042 4190 1267 4253 cogente
1290 4178 1587 4243 immorari,
1618 4185 1673 4232 et
1702 4176 1844 4232 aeris

253 4275 578 4331 salubritate
617 4274 685 4329 ad
732 4275 914 4331 carnis
960 4274 1244 4329 sanitatem
1275 4269 1609 4341 proliciente,
1665 4266 1720 4322 id
1763 4266 1847 4321 vis

254 4367 464 4421 amoris
485 4366 651 4425 vestri
674 4380 780 4419 non
818 4364 1105 4431 tolerabat,
1133 4362 1230 4418 sed
1263 4360 1632 4425 exclamabat,
1667 4370 1840 4426 neque

259 4458 414 4527 prius
444 4456 783 4511 moli-stando
812 4456 1064 4520 cessavit,
1094 4468 1255 4525 quam
1284 4453 1439 4509 nobis
1462 4449 1695 4507 suaserit
1721 4457 1848 4507 ante

257 4547 543 4619 praeﬁxum
573 4558 782 4618 tempus
797 4558 1112 4618 exsurgere,
1140 4553 1196 4602 et
1214 4544 1497 4600 sanitatem
1522 4552 1576 4599 et
1599 4541 1846 4610 volupta-

258 4646 371 4693 tem
424 4644 485 4692 et
528 4650 690 4691 onme
729 4633 1102 4706 quodcumque
1127 4641 1211 4689 est
1234 4631 1431 4695 bonum
1466 4672 1481 4697 ,
1523 4637 1847 4685 conventum

260 4728 409 4785 hunc
433 4735 674 4781 vestrum
714 4726 1044 4782 existimare.
1082 4723 1217 4779 iluic
1241 4723 1400 4794 igitur
1426 4736 1631 4779 morem
1655 4735 1850 4791 geren-

259 4830 368 4886 tes,
395 4816 685 4872 maluimus
716 4816 918 4883 redire,
966 4819 1177 4871 tametsi
1205 4814 1378 4870 morbi
1406 4812 1647 4882 reliquis:
1675 4820 1847 4867 resta-

261 4920 408 4977 rent,
442 4926 604 4981 quam
632 4911 879 4980 corporis
909 4907 1271 4963 infirmitatem
1315 4919 1539 4977 prorsus
1581 4904 1852 4974 deponere

258 5010 597 5072 satagentes,
630 5001 699 5057 de
743 5009 943 5056 caetero
969 5000 1180 5055 caritati
1209 5006 1402 5067 vestra:
1450 4996 1723 5057 molestias
1765 4995 1851 5067 'ut-

261 5091 431 5147 εει-τε.
463 5091 596 5147 Nam
619 5102 674 5148 et
699 5092 810 5148 illic
833 5106 1058 5146 manens
1093 5088 1497 5145 criminationes
1526 5094 1734 5145 vestras
1752 5099 1852 5143 att-

260 5183 486 5240 diebam
510 5202 524 5239 :
545 5184 817 5246 continuas
842 5184 989 5239 enim
1017 5182 1185 5237 litem
1214 5181 1310 5235 bas
1335 5179 1488 5236 nobis
1512 5176 1805 5240 alieris
1831 5213 1848 5242 ,

263 5275 616 5345 artioremque
651 5275 872 5333 adhibui
901 5274 1312 5331 criminantibus
1340 5287 1445 5327 non
1470 5270 1666 5339 minus,
1692 5282 1851 5338 quam

267 5359 613 5415 laudantibus
636 5362 679 5415 ⁸.
712 5359 843 5415 Nam
863 5361 1059 5414 anima:
1099 5357 1318 5413 scientis
1339 5370 1519 5410 amare
1546 5355 1650 5409 illae
1674 5352 1857 5407 crimi-

328 5474 352 5511 ⁸
385 5472 600 5537 colbert.
647 5475 717 5525 sic
755 5471 946 5537 titulum
978 5472 1144 5537 habet,
1171 5471 1233 5537 in
1263 5477 1498 5537 sanctis...
1536 5462 1858 5530 Chrysostomi

267 5548 492 5607 recense
514 5532 629 5607 rure
652 5534 875 5607 regressi,
898 5536 1033 5607 etde.
1055 5532 1345 5607 pwnitentia.

338 5602 359 5629 ²
394 5596 567 5661 lilibet
588 5595 772 5660 gratias
792 5597 868 5661 egi
892 5595 1276 5661 criminantibus,
1292 5603 1390 5661 ego.

338 5662 416 5720 ta)
446 5650 625 5723 collata
639 5672 753 5723 cum
772 5650 1028 5723 codicibus
1060 5660 1220 5723 ttegiis
1259 5650 1396 5717 i8”,
1421 5653 1540 5706 1829
1568 5658 1620 5704 et
1640 5650 1783 5711 2PM,
1803 5656 1855 5699 et

271 5734 385 5772 cum
407 5721 680 5772 mibertino
700 5721 840 5773 3061.

1945 989 2188 1041 nationes
2236 986 2491 1055 fuerant,
2522 986 2818 1045 absentiam
2887 1000 3124 1049 nostram
3183 1001 3522 1049 accusantes.

1955 1076 2249 1146 Propterea
2301 1092 2526 1148 surgens
2583 1080 2837 1144 cucurri;
2894 1092 3173 1153 propterea
3239 1098 3528 1154 numquam

1951 1181 2071 1223 mea
2089 1183 2185 1223 vos
2210 1180 2389 1224 mente
2416 1171 2561 1240 quivi
2581 1170 2899 1229 excludere:
2927 1173 3022 1229 sed
3049 1174 3172 1243 quid
3203 1176 3395 1231 mirum
3417 1177 3527 1231 ruri

1953 1260 1999 1317 si
2027 1269 2411 1327 commoratus,
2446 1261 2660 1317 licentia
2685 1262 2913 1333 quadam
2940 1272 2996 1318 et
3024 1263 3270 1321 libertate
3300 1265 3483 1320 fruens
3510 1308 3525 1330 ,

1951 1361 2147 1407 vestrm
2209 1352 2456 1408 caritatis
2498 1368 2605 1407 non
2652 1370 2770 1408 sum
2823 1354 3019 1411 oblitus
3050 1374 3064 1409 :
3095 1356 3528 1427 quandoquidem

1957 1443 2153 1499 Paulus
2177 1443 2403 1499 vinculis
2423 1444 2690 1515 alligatus,
2718 1460 2988 1501 carcerem
3013 1446 3339 1514 inhabitans,
3367 1457 3529 1517 atque

1953 1532 2159 1590 inﬁnita
2188 1550 2324 1604 pene
2353 1535 2591 1605 pericula
2622 1536 2954 1591 imminentia
2980 1535 3189 1602 videns,
3234 1537 3288 1591 in
3314 1550 3531 1591 carcere

1954 1644 2061 1689 non
2107 1644 2264 1685 secus
2308 1644 2465 1698 quam
2495 1629 2547 1683 in
2584 1639 2738 1699 prato
2767 1637 3030 1692 versatus,
3061 1629 3141 1683 sic
3166 1626 3386 1684 fratrum
3414 1643 3528 1683 me-

1952 1723 2175 1776 moriam
2216 1721 2448 1775 habebat
2471 1762 2485 1784 ,
2520 1730 2573 1775 et
2623 1720 2886 1775 scribebat
2928 1722 3113 1775 dicens
3143 1736 3158 1773 :
3190 1719 3335 1775 Sicut
3354 1729 3425 1773 est
3440 1722 3533 1789 ju-

1950 1822 2082 1866 stum
2103 1812 2227 1865 milii
2250 1811 2345 1864 hoc
2371 1811 2552 1865 seruire
2566 1826 2659 1880 pro
2684 1811 2914 1865 omnibus
2934 1809 3150 1875 vobis,eo
3166 1809 3301 1878 quod
3325 1809 3534 1863 habeant

1951 1921 2041 1960 vos
2060 1906 2113 1959 in
2137 1904 2287 1959 corde
2302 1913 2350 1959 et
2374 1905 2425 1958 in
2462 1903 2675 1958 vinculis
2703 1905 2842 1968 meis,
2867 1904 2921 1957 in
2949 1902 3238 1975 defensione
3256 1910 3302 1955 et
3347 1902 3535 1970 conﬁr-

1950 1999 2173 2052 matione
2191 1999 2432 2070 evangelii
2451 1997 2826 2069 (Philipp.i.7)
2843 1999 2869 2052 ἵ
2894 1997 3055 2054 Extra
3081 1998 3411 2052 inimicorum
3441 2010 3533 2051 ca-

1954 2097 2099 2153 tena,
2131 2088 2269 2143 intra
2299 2088 2498 2142 amoris
2520 2088 2900 2157 discipulorum
2925 2101 3112 2144 catena
3137 2105 3149 2140 :
3180 2087 3275 2143 sed
3301 2086 3534 2142 exterior

1951 2180 2164 2250 quidem
2195 2196 2259 2235 ex
2289 2179 2432 2236 ferro
2457 2188 2779 2248 constructa,
2803 2179 3026 2234 interior
3042 2194 3109 2234 ex
3124 2179 3345 2233 caritate
3361 2177 3531 2241 facta;

1951 2286 2002 2330 et
2026 2274 2166 2328 illam
2192 2269 2402 2346 quidem
2425 2286 2791 2341 saepenumero
2808 2269 3214 2341 deposuit,hanc
3232 2282 3360 2322 vero
3384 2281 3538 2320 num-

1952 2381 2110 2437 quam
2132 2364 2392 2419 dissolvit.
2419 2363 2525 2420 Sed
2553 2360 2996 2435 quemadmodum
3014 2359 3259 2413 mulieres
3279 2365 3537 2427 quotquot

1952 2460 2195 2515 dolorum
2223 2467 2400 2528 partus
2417 2455 2838 2526 experimentum
2864 2452 3217 2522 sumpsere,et
3241 2458 3437 2505 matres
3457 2446 3539 2502 fa-

1952 2561 2054 2606 cta:
2073 2560 2214 2616 sunt,
2243 2547 2454 2614 horum,
2476 2561 2610 2617 quos
2627 2555 2962 2616 pepererunt,
2981 2543 3301 2612 ubicumque
3321 2540 3535 2606 fuerint,

1954 2644 2178 2699 vinculis
2224 2656 2438 2711 semper
2478 2649 2602 2695 sunt
2649 2637 3018 2693 astrictatzsie
3055 2644 3110 2691 et
3131 2634 3348 2700 Paulus,
3380 2641 3538 2702 atque

1956 2737 2092 2793 adeo
2120 2736 2287 2791 multo
2312 2734 2533 2800 fortius,
2561 2731 2835 2802 discipulis
2863 2729 2975 2784 suis
2994 2727 3318 2793 adltmrebat,
3358 2732 3537 2779 tanto-

1958 2844 2062 2898 que
2083 2827 2270 2897 magis,
2292 2832 2494 2895 quanto
2519 2821 2849 2878 naturalibus
2877 2818 3178 2887 spirituales
3211 2825 3394 2885 partus
3415 2820 3541 2867 sunt

1958 2914 2477 2976 ferventiores.Nam
2509 2928 2615 2968 non
2644 2911 2810 2967 semel
2840 2951 2856 2977 ,
2887 2908 2983 2964 sed
3008 2906 3223 2962 eosdem
3252 2905 3333 2959 bis
3359 2911 3541 2973 partu-

1959 3011 2102 3077 rivit,
2131 3017 2185 3064 et
2204 3005 2468 3062 clamabat
2485 3003 2689 3068 dicens,
2720 2999 2899 3055 Filioli
2928 3000 3044 3065 mei,
3071 3013 3195 3069 quos
3216 2997 3395 3049 iterum
3416 3008 3540 3063 par-

1960 3103 2093 3157 turio
2123 3098 2266 3172 (Gal.
2316 3098 2370 3152 4.
2402 3093 2513 3169 i9).
2545 3095 2601 3150 ld
2632 3108 2759 3149 vero
2784 3092 2976 3147 mulier
3007 3104 3295 3159 numquam
3325 3097 3539 3158 patere-

1962 3203 2071 3258 tur,
2100 3206 2271 3261 neque
2297 3188 2543 3243 sull‘errct
2567 3186 2787 3242 eosdem
2810 3185 3000 3239 iterum
3044 3182 3259 3237 dolores
3288 3197 3301 3235 :
3328 3177 3423 3234 sed
3461 3188 3543 3232 to-

1962 3284 2168 3341 lerabat
2194 3283 2294 3337 hoc
2331 3279 2550 3345 Paulus,
2591 3277 2732 3348 quod
2765 3276 2816 3330 in
2855 3284 3044 3330 natura
3071 3287 3177 3327 non
3218 3278 3302 3326 est
3324 3269 3538 3324 videre:

1962 3385 2019 3432 ut
2047 3391 2181 3447 quos
2209 3373 2375 3430 semel
2399 3378 2699 3443 pepererat,
2732 3370 2922 3424 iterum
2958 3366 3238 3435 reciperet,
3282 3372 3338 3417 et
3359 3369 3543 3415 acutos

1962 3486 2124 3541 super
2151 3469 2256 3535 illis
2300 3467 2513 3521 dolores
2566 3464 2839 3533 perferret.
2897 3460 3184 3528 Pmpterea
3223 3466 3278 3512 et
3315 3452 3543 3510 confun-

1964 3562 2094 3616 dere
2144 3573 2239 3614 eos
2285 3557 2506 3620 volens,
2560 3553 2695 3608 dixit
2744 3568 2758 3605 :
2814 3550 2954 3614 Quos
3014 3549 3197 3601 iterum
3271 3545 3543 3616 parturio:

1965 3650 2117 3723 quasi
2164 3650 2406 3713 diceret,
2458 3645 2668 3700 Parcite
2722 3642 2854 3697 mihi
2889 3660 2903 3695 :
2936 3639 3109 3695 nullus
3166 3637 3308 3693 filius
3349 3650 3544 3691 secun-

1965 3742 2036 3798 do
2101 3749 2403 3803 maternum
2468 3748 2675 3791 uterum
2750 3743 2934 3803 partus
3000 3727 3273 3784 doloribus
3321 3725 3496 3781 affecit
3526 3765 3543 3791 ,

1964 3833 2103 3907 quod
2156 3847 2244 3887 me
2288 3829 2396 3900 pati
2449 3825 2655 3898 cogitis.
2708 3823 2857 3879 Licet
2900 3820 3114 3876 dolores
3163 3817 3239 3872 illi
3281 3831 3386 3871 uno
3414 3826 3548 3870 tem-

1966 3906 2110 3998 poris
2136 3933 2404 3980 momento
2444 3925 2724 3990 torqueant
2749 3958 2764 3983 ,
2793 3926 2950 3985 atque
2979 3912 3179 3968 infante
3204 3925 3268 3965 ex
3309 3908 3429 3964 alvo
3457 3906 3551 3962 de-

1972 4017 2184 4081 labente
2223 4023 2277 4070 et
2307 4013 2406 4083 ipsi
2433 4025 2645 4082 quoque
2672 4007 2986 4063 delabantur
3015 4023 3029 4059 :
3060 4003 3116 4058 bi
3142 4016 3272 4057 vero
3316 4014 3423 4055 non
3446 3999 3547 4065 sic,

1969 4111 2064 4167 sed
2086 4121 2139 4165 et
2161 4107 2435 4169 mensibus
2458 4088 2674 4174 integiis
2697 4106 2945 4171 maneant
2978 4115 2992 4152 :
3021 4110 3141 4150 nam
3167 4103 3222 4150 et
3243 4106 3440 4147 annum
3464 4099 3548 4144 to-

1969 4213 2082 4258 tum
2107 4211 2472 4272 smpenumero
2511 4192 2786 4265 parturivit
2823 4188 3051 4253 Paulus,
3080 4194 3238 4255 atque
3264 4189 3554 4251 conceptos
3640 4202 3643 4203 '

1970 4312 2077 4351 non
2098 4292 2305 4367 peperit
2329 4308 2342 4344 :
2368 4298 2422 4345 et
2451 4287 2558 4342 illic
2584 4283 2798 4357 quidem
2824 4280 3000 4337 carnis
3022 4288 3105 4334 est
3128 4277 3299 4341 labor,
3324 4273 3553 4328 bicvero

1969 4362 2189 4445 dolores
2229 4399 2336 4439 non
2372 4386 2612 4436 ventrem
2654 4372 2980 4443 distendunt,
3014 4369 3111 4427 sed
3152 4367 3345 4422 anima:
3392 4362 3555 4420 robur

1975 4483 2226 4537 lacerant.
2253 4477 2428 4548 Atque
2448 4481 2504 4528 ut
2518 4471 2695 4527 discas
2714 4483 2808 4524 eos
2823 4467 3169 4523 ferventiores
3185 4475 3306 4517 esse
3316 4458 3552 4522 dolores,

1970 4587 2090 4641 quae
2132 4581 2363 4641 unquam
2414 4570 2587 4617 mater
2621 4567 2769 4631 Optat
2814 4565 3056 4612 natorum
3096 4556 3215 4609 loco
3259 4551 3553 4622 gehennam

1971 4658 2276 4731 sustinere?
2313 4656 2411 4710 ilic
2451 4668 2578 4708 vero
2606 4666 2712 4711 non
2743 4646 2903 4703 modo
2926 4645 3247 4717 gehennam,
3274 4641 3367 4695 sed
3407 4646 3555 4708 Optat

1971 4754 2131 4815 etiam
2171 4748 2453 4819 anathema
2478 4759 2599 4800 esse
2628 4757 2657 4795 a
2674 4740 2888 4797 Christo
2913 4738 3089 4807 (Rom.
3118 4732 3172 4790 9.
3195 4733 3251 4803 3)
3268 4773 3283 4798 ,
3311 4744 3416 4800 quo
3432 4742 3558 4819 pos-

1972 4854 2056 4915 set
2078 4841 2291 4911 Judteos
2323 4851 2512 4910 parere
2537 4849 2671 4906 quos
2695 4847 2906 4902 semper
2929 4828 3180 4885 continue
3208 4818 3552 4893 parturiebat.

1975 4909 2030 4991 et
2067 4909 2315 5005 quoniam
2330 4909 2385 4984 id
2410 4943 2514 4981 non
2547 4924 2849 4988 eveniebat,
2874 4920 2994 4975 ideo
3014 4915 3227 4972 dolebat
3243 4909 3552 4967 etdicebat:

1974 4999 2202 5089 Tristitia
2245 4999 2369 5079 mihi
2397 5028 2468 5075 est
2505 5034 2708 5089 magna,
2737 5022 2781 5067 et
2810 5012 3073 5066 continuus
3117 5004 3262 5060 dolor
3286 4999 3427 5055 cordi
3448 5014 3555 5051 mea

1976 5119 2153 5192 (Rom.
2204 5114 2258 5185 9,
2333 5112 2426 5184 2).
2474 5113 2647 5180 Atque
2681 5106 2766 5161 hic
2806 5116 2990 5159 rursus
3022 5115 3035 5153 :
3066 5094 3243 5151 Filioli
3266 5092 3382 5158 mei,
3430 5105 3557 5192 quos

1976 5182 2157 5273 iterant
2186 5182 2433 5280 periurio,
2454 5204 2612 5271 donec
2638 5200 2865 5258 CInistus
2888 5200 3133 5269 formetur
3159 5191 3208 5245 in
3236 5187 3371 5242 vobis
3411 5182 3550 5256 (Gal.

1975 5274 2464 5377 bamb-Quidnam
2529 5298 2654 5355 alvo
2706 5294 2791 5348 illa
2848 5288 3054 5345 beatius
3096 5282 3210 5377 fuit,
3254 5274 3557 5377 qnatAtales

1980 5363 2328 5468 lilios'parere
2346 5390 2535 5462 potuit,
2558 5387 2647 5459 qui
2675 5384 2725 5439 in
2743 5398 2801 5437 se
2820 5377 3085 5435 Christum
3110 5366 3411 5428 haberent?
3430 5363 3556 5468 quid

1978 5454 2113 5549 rere
2142 5454 2455 5545 iracundius
2501 5454 2590 5546 ea,
2626 5490 2742 5548 quae
2790 5471 2977 5528 orbem
3016 5466 3295 5539 progenuit
3344 5454 3557 5515 totum?

1978 5585 2105 5660 quid
2123 5598 2187 5642 ea
2213 5580 2423 5644 fortius,
2448 5589 2569 5649 qua:
2582 5571 2756 5630 editos
2780 5576 2835 5624 et
2858 5563 3068 5621 adultos
3087 5558 3355 5616 abortivos
3380 5557 3557 5660 posset

1979 5642 2155 5737 denuo
2184 5642 2484 5744 concipere-
2508 5682 2570 5724 ac
2614 5659 2944 5723 reformare?
2973 5655 3027 5714 id
3055 5654 3196 5712 enim
3236 5650 3291 5706 in
3330 5642 3552 5703 naturali
