4036 6206
515 332 623 392 ἳἺΘ

516 455 669 515 partu
719 451 911 514 praeter
959 442 1219 497 humanas
1254 452 1335 497 est
1364 443 1526 497 vires.
1559 443 1732 509 Quare
1779 446 1938 516 igitur
1986 462 2092 502 non

514 538 648 591 dixit
676 554 691 591 :
724 534 900 589 Fitioli
942 534 1059 600 mei,
1087 551 1212 605 quos
1259 534 1438 588 iterum
1468 549 1781 604 progenero,
1818 536 1934 602 sed,
1980 554 2100 607 par-

515 630 650 682 turio
676 631 701 684 .9
745 628 956 683 Etenim
978 626 1100 680 alibi
1127 641 1383 695 generare
1398 640 1458 680 se
1479 626 1626 692 dicit,
1657 626 1722 679 In
1750 626 1949 682 Cltristo
1969 629 2100 683 enim

517 719 643 773 Jesu
697 736 787 789 ego
833 734 919 772 vos
960 716 1116 788 genui
1138 718 1212 789 (l.
1242 717 1358 771 Cor.
1389 719 1439 772 4.
1468 718 1580 788 l5).
1614 718 1727 773 illic
1752 734 1878 789 ergo
1906 734 2102 790 cogna-

524 813 720 866 tionem
751 812 1115 865 tantummodo
1134 811 1417 866 ostendere
1438 812 1622 877 voluit,
1655 812 1740 866 hic
1768 829 1893 867 vero
1919 824 1972 868 et
2000 814 2102 869 do-

524 903 693 958 lorem
739 918 918 957 ceram
960 912 1192 957 statuere
1256 912 1478 956 conatus
1508 910 1609 956 est.
1641 902 1917 969 Quomodo
1958 904 2100 958 enim

530 996 667 1049 filios
696 1004 867 1059 vocat,
898 1009 1030 1077 quos
1058 992 1290 1047 nondum
1318 993 1505 1047 enixus
1532 994 1646 1046 est?
1675 994 1717 1046 si
1742 994 1883 1047 enim
1914 1004 2100 1062 partu-

524 1088 626 1147 rit,
661 1085 894 1139 nondum
929 1085 1131 1154 peperit
1168 1103 1181 1138 :
1213 1084 1480 1154 quomodo
1508 1099 1634 1152 ergo
1662 1085 1797 1138 filios
1823 1087 2011 1139 vocat?
2040 1085 2105 1141 Ut

526 1176 724 1243 discas,
756 1176 902 1230 illum
932 1192 1035 1230 non
1066 1176 1330 1245 prioribus
1352 1184 1535 1242 partus
1555 1174 1826 1229 doloribus
1850 1185 1972 1229 tunc
1992 1191 2105 1229 cru-

528 1264 747 1331 ciatum,
779 1266 919 1334 quod
946 1269 1076 1318 satis
1101 1265 1207 1318 illis
1231 1275 1345 1319 erat
1373 1264 1437 1318 ad
1467 1266 1733 1318 ruborem.
1770 1265 1997 1329 Etenim,
2025 1267 2107 1319 in:

528 1358 665 1427 quit,
690 1359 855 1413 semel
876 1358 1043 1411 factus
1064 1374 1180 1412 sum
1205 1365 1371 1427 pater,
1419 1356 1759 1425 debitumque
1789 1357 1839 1410 in
1871 1372 1965 1409 vos
1988 1372 2107 1425 par-

532 1458 642 1501 tttm
662 1448 900 1513 toleravi,
933 1464 1025 1503 vos
1048 1464 1175 1502 vero
1198 1448 1287 1501 filii
1315 1448 1481 1501 semel
1506 1446 1625 1501 facti
1652 1449 1782 1502 estis
1806 1465 1820 1500 :
1843 1448 2107 1517 quomodo

529 1554 616 1593 me
640 1538 706 1592 ad
752 1539 1016 1593 secundos
1054 1540 1247 1593 iterum
1288 1538 1501 1592 dolores
1542 1539 1786 1591 mittitis?
1814 1540 1945 1593 satis
1965 1539 2106 1593 enim

532 1628 625 1696 qui
674 1627 933 1697 principio
975 1628 1254 1690 habentur,
1303 1635 1425 1680 sunt
1456 1636 1637 1695 partus
1688 1628 1941 1692 dolores;
1983 1629 2109 1698 quid

535 1733 622 1770 me
674 1716 910 1770 secundo
961 1716 1235 1769 doloribus
1261 1715 1556 1769 cruciatis?
1582 1715 1711 1768 Nam
1751 1716 1984 1769 fidelium
2036 1718 2112 1770 la-

537 1821 686 1875 psus,
720 1821 824 1858 nou
854 1807 1113 1859 minorem
1147 1806 1267 1874 ipsi,
1299 1821 1456 1874 quam
1499 1806 1587 1875 qui
1615 1805 1845 1859 nondum
1870 1806 2111 1861 credide—

538 1907 691 1961 rant,
716 1897 948 1952 laborem
977 1897 1290 1952 inferebant.
1312 1896 1646 1952 Intolerabile
1680 1899 1820 1953 enim
1851 1908 1968 1953 erat
1994 1908 2112 1968 post

536 1989 719 2042 talium
765 1991 1135 2060 mysteriorum
1186 1991 1611 2045 communionem
1655 1992 1834 2047 videre
1858 1993 2110 2062 quosdam

533 2077 600 2131 ad
631 2077 954 2147 impietatem
980 2089 1168 2149 Sponte
1202 2080 1486 2135 declinare.
1513 2080 1685 2147 Quare
1709 2083 1900 2137 acriter
1925 2082 2112 2137 admo-

538 2168 664 2224 dum
709 2185 770 2224 ac
801 2168 944 2224 omni
990 2171 1211 2225 muliere
1238 2171 1589 2226 miserabilius
1637 2171 2115 2241 ingemiscebatdi-

541 2274 668 2315 cens
700 2276 713 2315 :
744 2258 919 2314 Filioli
947 2260 1064 2326 mei,
1101 2277 1224 2330 quos
1243 2261 1422 2315 iterum
1448 2262 1861 2331 parturio,donec
1887 2261 2115 2317 Christus

539 2352 785 2419 formetur
808 2350 861 2402 in
904 2348 1037 2404 vobis
1076 2349 1234 2421 (Cal.
1258 2351 1311 2404 4.
1344 2350 1468 2421 i9).
1497 2350 1549 2405 Id
1586 2359 1761 2405 autem
1784 2351 1989 2406 diccbat
2013 2393 2029 2417 ,
2062 2363 2119 2407 ut

540 2437 644 2491 illis
665 2437 909 2493 fiduciam
933 2437 1091 2493 simul
1124 2450 1179 2494 et
1224 2439 1462 2495 timorem
1494 2439 1784 2496 induceret.
1817 2441 1948 2495 Cum
1978 2443 2117 2496 enim

539 2528 772 2582 ostendit
812 2544 917 2582 non
948 2529 1231 2582 formatum
1277 2529 1329 2583 in
1380 2529 1509 2598 ipsis
1537 2529 1830 2595 Christum,
1876 2532 2118 2585 timorem

541 2621 765 2675 incussit
800 2628 856 2675 et
901 2623 1143 2688 agoniam
1190 2638 1204 2673 :
1246 2635 1362 2673 cum
1391 2620 1770 2674 demonstravit
1811 2636 1965 2690 posse
2014 2621 2122 2676 for-

541 2709 697 2771 mari,
720 2708 910 2761 iterum
942 2708 1183 2761 ﬁduciam
1211 2708 1414 2761 indidit.
1442 2708 1571 2762 Cum
1597 2711 1737 2763 enim
1767 2711 1977 2774 dicitur,
2013 2710 2125 2765 Do—

548 2816 638 2852 nec
673 2802 939 2868 formetur,
991 2807 1271 2868 utrumque
1313 2798 1605 2852 ostenditur
1628 2842 1641 2863 ,
1669 2809 1722 2854 et
1752 2801 1984 2854 nondum
2014 2802 2121 2855 for-

548 2900 749 2944 matum
777 2904 917 2955 esse,
956 2900 1009 2943 et
1032 2890 1248 2944 formari
1295 2891 1484 2945 iterum
1514 2906 1685 2959 posse.
1735 2891 1788 2944 Si
1821 2893 1958 2946 enim
2011 2892 2124 2948 fieri

550 2994 655 3034 non
682 2990 882 3049 posset,
910 2982 959 3035 in
990 2996 1210 3035 vacuum
1237 2982 1302 3035 ad
1325 2998 1416 3037 eos
1438 2983 1683 3050 dixisset,
1711 2982 1880 3037 Donec
1901 2983 2127 3038 Christus

550 3074 797 3142 formetur
824 3075 876 3127 in
903 3074 1037 3128 vobis
1060 3089 1078 3127 :
1100 3084 1153 3128 et
1176 3075 1318 3142 ipsos
1342 3091 1435 3144 spe
1463 3090 1598 3129 vana
1629 3076 1896 3130 lactasset.

631 3168 687 3221 2.
729 3168 1020 3237 Desperatio
1049 3177 1093 3221 et
1118 3168 1345 3237 segnities
1367 3167 1673 3236 perniciosw.
1716 3196 1787 3206 —
1826 3167 1948 3220 Ηωο
1974 3166 2131 3236 igitur

557 3258 788 3312 scientes
811 3299 825 3319 ,
861 3272 1029 3325 neque
1053 3257 1148 3325 ipsi
1176 3272 1203 3309 a
1235 3272 1328 3325 spe
1356 3255 1606 3309 cadamus
1629 3297 1643 3321 ,
1675 3255 1768 3310 sed
1812 3272 1981 3323 neque
2016 3272 2132 3309 ont-

557 3351 686 3406 nino
712 3350 1055 3419 pigritemur;
1097 3359 1315 3417 utraque
1350 3348 1491 3402 enim
1526 3348 1638 3401 lucc
1680 3348 1994 3417 perniciosa.
2029 3348 2133 3401 De-

557 3442 788 3512 speratio
814 3441 1024 3511 quidem
1047 3440 1309 3509 jaccntcm
1332 3453 1614 3507 eitsurgere
1643 3453 1745 3490 non
1770 3437 1934 3503 sinit,
1967 3436 2129 3506 pigri-

563 3536 633 3588 tia
661 3548 789 3587 vero
819 3544 871 3586 et
898 3541 1121 3586 stantem
1154 3529 1343 3585 cadere
1382 3528 1506 3583 facit
1538 3546 1551 3581 :
1595 3536 1752 3597 atque
1798 3526 1885 3582 illa
1924 3526 2135 3596 quidem

559 3625 670 3695 jam
697 3624 856 3692 partis
885 3622 1091 3691 privare
1119 3636 1214 3675 nos
1245 3619 1380 3675 Solet
1412 3618 1561 3671 bonis
1586 3659 1599 3682 ,
1628 3618 1743 3672 htcc
1773 3617 1923 3670 malis
1951 3616 2139 3685 quibus

565 3729 818 3784 urgentur
848 3728 943 3766 nos
970 3710 1183 3766 liberari
1215 3726 1319 3763 non
1346 3709 1506 3773 sinit,
1548 3718 1600 3762 et
1627 3708 1895 3776 neglectus
1924 3703 2138 3775 quidem

568 3822 633 3860 ex
663 3806 788 3874 ipsis
817 3803 1046 3858 detrudit
1074 3803 1220 3856 cmlis
1243 3842 1259 3867 ,
1284 3800 1583 3869 desperatio
1604 3815 1730 3854 vero
1752 3800 1804 3853 in
1828 3800 1996 3869 ipsam
2029 3813 2143 3850 ma-

572 3898 701 3950 litiae
744 3895 955 3949 deducit
1001 3895 1289 3964 abyssum,
1339 3893 1473 3947 sicut
1516 3893 1558 3945 si
1607 3907 1712 3945 non
1765 3891 2136 3958 desperemus,

576 3986 684 4039 cito
712 3986 854 4038 illinc
881 3984 1203 4038 reduciinur.
1232 3982 1521 4037 Considera
1552 3998 1677 4037 vero
1701 3982 1969 4051 utriusque
1997 3982 2101 4034 vim
2130 3998 2145 4035 :

573 4076 816 4131 diabolus
841 4085 992 4130 antea
1020 4076 1191 4130 bonus
1226 4082 1377 4139 erat;
1418 4074 1671 4144 pigritans
1706 4089 1831 4129 vero
1867 4082 1921 4128 et
1956 4072 2149 4142 despe-

571 4183 697 4223 rans
723 4168 951 4233 cecidit,
984 4176 1231 4237 tantaque
1257 4166 1479 4221 obrutus
1505 4165 1701 4218 malitia
1730 4174 1812 4218 est
1832 4206 1846 4228 ,
1877 4173 1935 4218 ut
1964 4164 2017 4217 in
2049 4179 2147 4233 po-

574 4266 775 4313 sterum
806 4274 910 4313 non
943 4266 1202 4325 resurgat.
1232 4254 1384 4323 Quod
1415 4255 1553 4309 enim
1600 4254 1771 4308 bonus
1808 4253 1963 4307 fuerit
1986 4295 2001 4317 ,
2030 4253 2149 4307 audi

577 4346 705 4416 quid
735 4346 937 4401 dicatur
967 4365 980 4401 :
1021 4346 1136 4399 Vidi
1164 4356 1393 4400 satoriam
1430 4343 1579 4397 veluti
1607 4344 1780 4414 fulgur
1808 4344 2062 4397 cadentem
2091 4344 2153 4397 de

576 4437 701 4491 creto
753 4435 922 4508 (Luc.
966 4438 1051 4491 10.
1098 4435 1226 4506 18).
1271 4436 1512 4504 Fulguris
1550 4436 1690 4491 enim
1730 4435 2016 4490 similitudo
2042 4477 2056 4501 ,
2099 4446 2150 4491 et

575 4526 867 4581 claritatem
901 4526 1136 4598 pristinae
1163 4526 1579 4582 conversationis
1604 4526 1873 4593 ostendit,
1916 4535 1969 4580 et
2002 4541 2155 4581 casus

580 4616 939 4671 velocitatem.
973 4617 1164 4672 Paulus
1192 4616 1529 4687 blasphemus
1572 4624 1724 4682 erat,
1766 4623 1821 4669 et
1862 4629 2154 4685 persequu-

578 4718 701 4773 tor,
728 4715 783 4761 et
811 4707 1225 4761 contumeliosus
1263 4724 1277 4761 :
1318 4707 1440 4777 quia
1483 4721 1610 4761 vero
1647 4704 1923 4760 desudavit
1966 4713 2021 4759 et
2061 4720 2155 4774 spe

578 4811 686 4852 non
712 4795 946 4859 decidit,
975 4805 1029 4851 et
1056 4797 1359 4851 exsurrexit
1379 4837 1395 4860 ,
1424 4811 1519 4865 par
1543 4795 1743 4864 angelis
1767 4793 1985 4848 etfectus
2016 4810 2029 4846 :
2058 4793 2154 4848 Ju-

576 4888 674 4943 das
701 4888 971 4959 apostolus
1000 4896 1113 4943 erat
1141 4928 1158 4953 ,
1202 4885 1295 4941 sed
1322 4886 1573 4955 pigritans
1598 4884 1766 4939 factus
1790 4893 1872 4940 est
1898 4884 2154 4954 proditor.

578 4979 740 5035 Latro
772 4980 897 5034 item
927 4988 1046 5048 post
1074 4986 1276 5031 tantum
1307 4975 1518 5029 malitia:
1541 5017 1558 5041 ,
1589 4975 1709 5044 quia
1736 4974 1804 5029 de
1828 4989 1924 5044 spe
1950 4989 2053 5028 non
2084 4972 2162 5027 la-

578 5085 710 5140 psus
757 5079 839 5125 est
863 5110 879 5136 ,
924 5076 1047 5123 ante
1087 5067 1220 5120 alios
1260 5064 1561 5135 paradisum
1604 5062 1896 5133 ingreditur
1926 5079 1941 5116 :
1973 5061 2159 5116 Phari-

583 5177 723 5217 szeus
774 5161 1049 5217 conlidens
1086 5174 1152 5214 ex
1190 5158 1304 5227 ipso
1339 5155 1547 5211 virtutis
1589 5155 1819 5210 culmine
1859 5153 2056 5209 decidit
2106 5154 2160 5207 in

582 5254 943 5322 profundum:
994 5251 1305 5323 publicanus
1361 5248 1482 5317 quia
1531 5262 1635 5300 non
1686 5246 2022 5314 desperavit,
2080 5243 2161 5298 sic

582 5353 791 5398 erectus
814 5353 931 5408 est,
962 5351 1019 5397 ut
1058 5343 1204 5396 illum
1244 5340 1581 5411 prmvenirct.
1617 5337 1707 5391 Vis
1752 5346 1809 5390 ut
1850 5335 1941 5389 tibi
1980 5341 2164 5388 osten-

585 5435 708 5491 dam
736 5443 788 5487 et
816 5433 999 5488 urbem
1029 5441 1192 5487 totam
1237 5431 1338 5486 hoc
1379 5428 1608 5485 fecisse?
1651 5426 1997 5481 Ninivitarum
2038 5422 2164 5477 urbs

588 5523 667 5580 sic
692 5522 864 5576 omnis
889 5532 1093 5575 servata
1121 5530 1201 5576 est
1233 5541 1246 5576 :
1280 5522 1399 5575 illos
1427 5528 1571 5574 certe
1610 5518 1715 5571 lata
1751 5515 1859 5584 jam
1904 5513 2164 5568 sententia

588 5629 617 5671 a
642 5629 736 5684 spc
756 5611 1052 5681 depulerat.
1082 5611 1193 5664 Non
1221 5611 1360 5665 enim
1384 5609 1547 5673 dixit,
1576 5608 1629 5662 Si
1658 5603 2016 5676 pmnitentiam
2045 5617 2169 5671 cge-

591 5709 696 5762 t‘int
722 5745 736 5773 ,
769 5702 1119 5759 servabuntur
1147 5720 1157 5754 :
1186 5700 1278 5755 sed
1307 5700 1475 5755 solum
1503 5739 1516 5767 ,
1560 5698 1603 5752 Τ
1607 5716 1683 5753 res
1726 5697 1890 5751 adhuc
1934 5696 2039 5749 dies
2061 5735 2076 5759 ,
2116 5703 2164 5748 et

1237 327 1292 387 S.
1330 329 1607 386 JOANNIS
1644 330 2117 393 CHRYSOSTOMI
2153 336 2472 395 ARCHIEP.
2513 336 3047 398 CONSTANTINOP.

3682 346 3789 404 280

2210 449 2395 506 Ninive
2421 450 2727 506 subvertetur
2753 452 2773 522 (
2795 452 2919 508 Jan.
2948 455 3001 508 3.
3034 455 3069 509 4
3092 452 3136 526 ).
3168 453 3274 511 Sed
3306 462 3479 511 tamen
3510 457 3789 517 minitante

2207 543 2319 598 Deo
2341 584 2356 609 ,
2375 553 2428 600 et
2453 543 2708 614 propheta
2729 544 2993 600 clamante
3020 586 3035 611 ,
3064 548 3325 601 sententia
3346 546 3656 603 dilationem
3683 566 3787 605 non

2208 633 2437 690 habente
2479 651 2651 705 neque
2677 635 3067 691 distinctionem
3096 639 3133 703 ί,
3179 655 3287 692 non
3328 639 3640 694 ceciderunt
3680 640 3823 694 and

2209 728 2312 782 mis
2335 767 2349 792 ,
2382 743 2552 797 neque
2580 730 2747 783 bonas
2776 746 2896 800 spes
2926 730 3287 800 perdiderunt.
3332 731 3623 800 Pmpterea
3651 733 3789 785 enim
3819 727 3823 729 “

2211 816 2605 871 distinctionem
2638 834 2742 872 non
2772 820 3014 888 apposuit
3044 860 3059 885 ,
3100 835 3270 889 neque
3312 819 3483 884 dixit,
3516 820 3791 874 Pceniten-
3818 810 3827 834 ³

2210 908 2335 961 tiam
2366 909 2410 962 si
2439 910 2642 977 egerint
2667 950 2681 975 ,
2713 910 3067 963 servabuntur
3096 926 3110 962 :
3140 924 3245 978 quo
3270 919 3321 964 et
3355 910 3454 977 ipsi
3494 909 3657 963 latam
3701 910 3789 964 Dei

2212 1002 2531 1055 sententiam
2562 1000 2677 1056 sine
2697 1001 3034 1056 distinctione
3054 1002 3329 1056 audientes
3352 1040 3367 1065 ,
3396 1016 3573 1069 neque
3599 1002 3675 1055 sic
3700 1016 3791 1071 Spe

2210 1089 2463 1144 cadamus‘
2484 1131 2498 1154 ,
2531 1090 2641 1144 sed"
2669 1091 2734 1145 ad
2776 1091 2900 1145 illud
2935 1092 3234 1160 exemplum
3270 1090 3615 1159 reSpicientes
3636 1132 3654 1153 ,
3687 1107 3787 1144 non

2211 1179 2575 1249 deSperemus.
2610 1181 2791 1250 Neque
2825 1181 2873 1234 in
2900 1196 2965 1235 eo
3001 1182 3172 1234 solum
3214 1180 3393 1235 videre
3428 1190 3511 1235 est
3552 1180 3649 1235 Dei
3672 1182 3792 1236 acleo

2213 1273 2464 1326 mcutiam
2492 1313 2506 1338 ,
2530 1272 2671 1341 quod
2696 1274 2974 1326 sententiae
3002 1272 3140 1326 nulla
3163 1271 3395 1325 adhibita
3415 1271 3785 1334 distinctione,

2214 1373 2388 1417 tamen
2434 1363 2812 1432 paenitentibus
2852 1363 3235 1417 reconciliatus
3260 1362 3367 1427 sit;
3397 1362 3489 1417 sed
3520 1363 3608 1415 vel
3637 1378 3703 1417 ex
3727 1378 3789 1416 eo

2215 1456 2372 1509 etiam
2396 1453 2545 1524 quod
2564 1454 2803 1509 absolute
2826 1453 2924 1508 lata
2946 1454 3033 1508 sit.
3061 1452 3192 1507 Nam
3213 1467 3407 1522 augere
3429 1452 3617 1506 volens
3638 1452 3789 1505 timo-

2216 1562 2327 1601 rem
2353 1588 2368 1613 ,
2402 1548 2769 1616 ingentemque
2799 1546 3006 1599 illorum
3034 1543 3308 1613 segnitiem
3339 1553 3558 1611 tangere
3583 1582 3599 1601 .
3634 1542 3684 1595 id
3707 1542 3789 1595 ef-

2218 1638 2341 1693 fecit
2363 1677 2378 1704 ,
2412 1638 2686 1708 ipsumque
2718 1636 3037 1707 ptenitentiaa
3078 1646 3285 1705 tempus
3327 1634 3649 1688 inetl'abilem
3679 1634 3792 1700 eius

2218 1729 2447 1783 ostendit
2475 1728 2831 1782 clementiam.
2863 1726 3137 1794 Quomodo
3176 1728 3315 1778 enim
3357 1733 3465 1776 tres
3507 1723 3624 1777 dies
3666 1721 3792 1777 elic-

2219 1820 2455 1882 cissent',
2508 1825 2569 1872 ut
2610 1818 2877 1872 deleretur
2923 1816 3120 1869 malitia
3182 1814 3368 1867 tanta?
3416 1813 3609 1866 Cernis
3658 1811 3792 1880 quod

2220 1910 2377 1965 etiam
2405 1909 2527 1964 inde
2565 1909 2669 1962 Dei
2695 1906 3020 1977 providentia
3047 1903 3340 1976 appareat?
3369 1904 3488 1972 plus
3514 1903 3663 1957 enim
3690 1902 3799 1956 hate

2223 2000 2287 2053 ad
2320 2000 2437 2066 ejus
2466 1999 2609 2053 urbis
2647 1999 2868 2053 salutem
2898 1997 3140 2051 contulit;

2292 2089 2584 2158 Desperatio
2606 2090 2758 2143 tehtm
2778 2088 2982 2141 diaboli.
3006 2116 3078 2127 --
3099 2087 3230 2141 “me
3246 2086 3401 2156 igitur
3414 2085 3652 2139 scientes
3675 2124 3691 2145 ,
3709 2097 3806 2152 spe

2227 2197 2512 2250 numquam
2538 2181 2808 2235 cadamus.
2842 2179 3022 2249 Neque
3051 2179 3192 2232 enim
3219 2178 3382 2231 ullum
3408 2175 3546 2230 adeo
3578 2174 3809 2229 validum

2223 2282 2301 2326 est
2324 2272 2485 2326 telum
2505 2272 2735 2337 diabolo,
2756 2287 2819 2325 ac
2835 2271 3133 2339 desperatio
3155 2286 3170 2336 ;
3192 2268 3390 2323 idcirco
3408 2282 3586 2336 neque
3604 2267 3811 2320 tach-

2226 2372 2334 2417 tum
2353 2377 2473 2418 eum
2494 2373 2771 2433 peccantes
2800 2361 3258 2427 reddimus,quam
3282 2358 3652 2428 desperantes.
3674 2355 3809 2410 Audi

2226 2457 2277 2510 in
2300 2454 2771 2525 fornicante,quodl
2788 2454 2902 2523 plus
2920 2468 3075 2521 quam
3095 2459 3366 2521 peccatum
3380 2448 3596 2502 :Paulus
3618 2447 3812 2514 despc-

2227 2548 2483 2602 rationem
2509 2546 2762 2601 timuerit.
2782 2544 3068 2599 Corinthiis
3084 2542 3225 2597 enim
3251 2541 3491 2596 scribens
3508 2540 3587 2592 sic
3606 2538 3777 2605 inquit
3796 2553 3811 2588 :

2234 2639 2453 2692 Omnino
2479 2639 2682 2691 auditur
2705 2638 2757 2690 in
2786 2636 2920 2690 vobis
2964 2634 3265 2704 fornicatio,
3305 2642 3351 2685 et
3404 2632 3523 2685 tofis
3562 2645 3679 2699 qua
3728 2644 3813 2680 nes

2230 2732 2357 2784 inter
2381 2740 2549 2799 gentes
2576 2728 2896 2791 nominatur(
2923 2726 2938 2779 |
2964 2725 3079 2779 Cor.
3103 2727 3156 2781 5.
3181 2724 3274 2793 ιτ).
3299 2723 3413 2776 Non
3440 2721 3577 2775 dixit
3600 2762 3616 2784 ,
3646 2720 3811 2785 Quam

2231 2836 2331 2875 nec
2389 2822 2440 2874 in
2491 2820 2733 2890 gentibus
2781 2819 3012 2879 audent,
3067 2816 3201 2879 sed,
3245 2814 3430 2882 Neque
3469 2812 3765 2864 nominatur
3793 2824 3812 2860 :

2232 2913 2372 2982 quod
2398 2913 2480 2967 vel
2509 2912 2720 2965 nomine
2756 2911 2929 2963 solum
2959 2909 3058 2961 illis
3086 2905 3414 2961 intolerabile
3450 2913 3531 2958 est
3558 2943 3577 2966 ,
3626 2902 3679 2955 id
3717 2900 3815 2969 ipsi

2234 3018 2394 3071 opere
2423 3004 2532 3056 ausi
2563 3003 2706 3056 estis.
2740 3001 2803 3054 Et
2832 3018 2915 3054 vos
2951 3000 3115 3068 inﬂati
3164 2999 3279 3052 estis
3318 2995 3499 3067 (Ibid.
3527 3011 3582 3047 υ.
3606 2994 3643 3046 ‘2
3668 2993 3729 3061 )?
3757 2993 3817 3045 Et

2236 3110 2340 3147 non
2368 3094 2538 3157 dixit,
2570 3092 2662 3146 llle
2691 3092 2899 3146 inflatus
2927 3102 3007 3144 est
3034 3108 3047 3142 :
3092 3089 3185 3143 sed
3219 3104 3338 3143 eum
3363 3129 3379 3151 ,
3417 3087 3509 3155 qui
3555 3100 3815 3155 peccave-

2238 3195 2319 3240 rat
2342 3225 2357 3250 ,
2380 3184 2648 3238 dimittens
2669 3224 2682 3247 ,
2709 3197 2867 3238 sanos
2893 3182 3173 3250 alloquitur
3198 3198 3210 3232 :
3237 3177 3689 3249 quemadmodum
3711 3190 3816 3228 mc-

2240 3277 2342 3330 tlici
2399 3275 2635 3341 faciunt,
2672 3287 2843 3343 :egros
2891 3272 3214 3326 dimittentes
3241 3311 3256 3334 ,
3301 3267 3443 3336 apud
3496 3267 3816 3335 propinquos

2243 3368 2420 3436 plures
2448 3379 2723 3419 sermones
2752 3363 2966 3417 habent.
2999 3361 3241 3427 Alioquin
3282 3358 3333 3411 hi
3360 3356 3541 3411 omnis
3565 3369 3816 3422 arrogano

2244 3460 2329 3514 tia:
2374 3458 2451 3512 illi
2486 3466 2729 3511 auctores
2766 3463 2916 3509 erant
2940 3495 2954 3520 ,
2991 3451 3130 3521 quod
3169 3465 3287 3503 eum
3332 3464 3440 3501 non
3488 3447 3821 3514 corriperent

2246 3563 2344 3602 nec
2396 3554 2676 3602 terrerent.
2735 3543 2948 3598 Crimen
2991 3542 3147 3611 igitur
3188 3552 3472 3594 commune
3514 3535 3689 3599 fecit,
3718 3547 3823 3601 quo

2247 3639 2413 3693 facilis
2438 3638 2640 3693 curatio
2668 3635 2900 3689 vulneris
2925 3642 3085 3687 esset.
3111 3630 3281 3686 Grave
3300 3628 3515 3698 quidem
3548 3634 3824 3695 peceatum

2249 3740 2329 3786 est
2351 3772 2367 3796 ,
2397 3728 2490 3784 sed
2517 3729 2683 3782 multo
2710 3726 2918 3796 gravius
2943 3723 3107 3776 altum
3129 3735 3318 3791 sapere
3341 3720 3390 3772 in
3422 3726 3665 3786 peccato.
3691 3714 3828 3768 Nam

2249 3820 2297 3874 si
2326 3820 2390 3874 de
2420 3819 2622 3888 iustitia
2672 3815 2881 3881 inﬂari,
2930 3812 3145 3883 iustitiae
3183 3811 3253 3864 sit
3292 3807 3561 3862 evacuatio
3592 3824 3608 3855 :
3658 3806 3834 3858 multo

2253 3908 2420 3979 magis
2462 3907 2512 3960 id
2556 3907 2606 3960 in
2649 3903 2876 3973 peccatis
2912 3902 2953 3955 si
2998 3899 3303 3967 contingat,
3340 3894 3622 3949 maximam
3673 3893 3839 3947 nobis

2249 3999 2507 4069 jacturam
2538 3997 2763 4060 inferet,
2792 4002 2950 4062 atque
2978 3990 3106 4059 ipsis
3138 3987 3365 4058 peccatis
3401 3984 3573 4053 majus
3616 3984 3834 4039 crimen

2256 4092 2431 4148 fuerit.
2458 4092 2742 4160 Propterea
2773 4087 2939 4154 inquit
2969 4102 2982 4139 :
3015 4083 3139 4139 Cum
3167 4080 3333 4134 omnia
3373 4092 3484 4147 qua
3517 4077 3837 4145 principium

2258 4195 2340 4238 tur
2382 4182 2517 4236 vobis
2543 4222 2558 4246 ,
2601 4179 2853 4251 feceritis,
2897 4176 3043 4229 dicite
3083 4174 3201 4242 quia
3245 4171 3371 4225 servi
3414 4169 3618 4221 inutiles
3662 4182 3839 4221 minus

2260 4269 2707 4345 (Luc.i7.10).
2759 4269 2813 4324 Si
2868 4267 3008 4322 enim
3035 4280 3166 4330 eos,
3215 4263 3304 4332 qui
3352 4260 3533 4314 omnia
3593 4259 3837 4317 faciunt.

2259 4366 2487 4434 dejicere
2542 4379 2601 4417 se
2644 4370 2851 4431 oportet
2896 4377 2910 4413 :
2949 4357 3113 4412 multo
3159 4356 3325 4424 magis
3383 4362 3437 4406 et
3498 4360 3836 4420 peccatorem

2262 4457 2389 4511 ﬂere
2460 4455 2642 4516 decet,
2696 4462 2751 4507 et
2793 4452 3029 4505 infimum
3093 4461 3210 4501 sese
3254 4444 3493 4497 omnium
3552 4441 3838 4495 existimao

2263 4566 2341 4604 re.
2408 4547 2465 4601 ld
2521 4547 2696 4613 itaque
2740 4542 3058 4606 ostendens,
3121 4548 3244 4591 tunc
3283 4535 3451 4600 dixit,
3506 4532 3571 4585 Et
3601 4548 3706 4585 non
3736 4547 3845 4582 ms-

2263 4642 2339 4711 gis
2384 4637 2586 4708 ﬂevistis
2646 4637 2663 4704 (
2708 4635 2757 4689 Ι.
2806 4632 2924 4687 Cor.
2972 4633 3025 4685 5.
3068 4628 3105 4683 2
3143 4628 3204 4699 )‘i
3261 4625 3397 4691 Quid
3460 4622 3643 4677 dicis?
3711 4622 3848 4674 alter

2267 4710 2521 4799 peccavit,
2579 4735 2632 4780 et
2677 4739 2775 4793 ego
2818 4720 3077 4793 plorabo?
3136 4717 3246 4781 Ita,
3308 4714 3479 4783 inquit
3524 4730 3539 4766 :
3600 4710 3849 4781 corporis

2264 4821 2405 4875 cnim
2490 4826 2544 4872 et
2601 4815 2958 4871 membrorum
3010 4808 3253 4878 exemplo
3330 4815 3517 4860 mutuo
3579 4800 3850 4871 compacti

2266 4923 2492 4972 sumus;
2541 4907 2592 4961 in
2629 4919 2854 4977 corpore
2893 4910 3070 4955 autem
3112 4896 3319 4952 tametsi
3365 4909 3460 4964 pes
3488 4893 3689 4947 vulnus
3715 4893 3855 4945 acci-

2268 5003 2395 5073 piat,
2439 5000 2584 5055 humi
2612 5004 2770 5067 caput
2796 4994 3034 5050 inclinari
3060 4992 3320 5046 videmus.
3354 4988 3417 5043 Et
3441 4987 3566 5058 quid
3596 5002 3669 5040 eo
3692 5000 3855 5040 vene-

2269 5091 2529 5148 rabilius?
2567 5088 2670 5145 Sed
2698 5098 2878 5142 tamen
2899 5084 3209 5155 dignitatem
3234 5096 3383 5136 suam
3406 5094 3512 5133 non
3535 5078 3692 5133 novit
3713 5075 3858 5129 cata-

2272 5186 2466 5242 mitatis
2505 5193 2744 5253 tempore
2773 5197 2786 5232 :
2814 5180 2952 5234 idem
2973 5187 3026 5232 et
3063 5176 3175 5245 ipse
3206 5174 3306 5227 fac.
3353 5172 3529 5240 Quare
3556 5178 3614 5224 et
3654 5167 3857 5223 Paulus

2272 5279 2521 5333 admonet
2538 5318 2554 5343 ,
2596 5273 2827 5329 Gaudere
2851 5287 2963 5325 cum
2987 5266 3314 5339 gaudentibus
3334 5265 3505 5351 ,βω
3541 5279 3661 5316 cum
3685 5261 3863 5331 ﬂenti-

2341 5455 2357 5486 ¹
2392 5453 2435 5502 Si
2453 5451 2666 5500 Sarravio
2688 5446 2911 5499 credatur
2933 5443 2990 5493 ad
3015 5441 3288 5491 Salmasium
3306 5435 3568 5502 scribenti.
3592 5433 3708 5502 loco
3730 5433 3870 5481 vocis

2271 5494 2674 5574 ϐτεεᾷἰῖδξζέιξιᾷξ,
2693 5494 2809 5572 qua:
2833 5494 3179 5574 distinctionem
3186 5499 3445 5574 signiﬁcat.
3474 5494 3869 5574 lif3€'ﬂ“f}_§

2277 5557 2688 5637 ἐφέέἑᾴἐνῖἰὶιῖἓὲίς
2707 5557 2933 5637 inierant
2958 5565 3067 5637 50¢
3101 5566 3149 5612 ηί
3184 5557 3349 5637 ῖὲπφῗν.
3367 5557 3873 5637 ἔξεῖξῐειξνρὲἳ³1¹ὕὲῗὲίζ²ξ

2277 5615 2892 5693 minimum-titinie‘quadrat
2916 5643 2927 5675 :
2955 5615 3182 5693 metet-um
3206 5623 3322 5693 huic
3336 5615 3531 5667 lectioni
3547 5615 3689 5667 favet
3703 5616 3872 5667 series

2282 5699 2406 5760 ipsa;
2434 5704 2479 5745 et
2505 5688 2899 5757 alioquia'qtzotcr
2916 5689 3154 5750 repetitur
3172 5697 3280 5743 vos,
3306 5688 3499 5741 διηιηά..
