4036 6206
313 375 422 433 273

310 489 423 560 γάρ
457 486 548 540 ἐπὶ
575 485 683 539 τῶν
705 485 950 556 φυσικῶν
972 485 1146 541 τόκων
1179 484 1456 541 ἀδύνατον.
1492 486 1589 540 Διά
1623 489 1674 540 τί
1700 487 1756 541 δέ
1785 488 1885 541 οὐκ

310 571 469 646 [281]
491 566 610 624 εἷπε
631 588 645 600 ·
689 572 900 623 Τεκνία
912 587 1055 638 μου,
1084 570 1191 636 οὓς
1214 569 1400 624 πάλιν
1442 571 1743 638 ἀναγεννῶ,
1773 569 1886 623 ἀλλ’

309 654 541 715 ὠδίνως
573 653 748 706 καίτοι
787 669 850 721 γε
901 652 1133 722 ἀλλαχοῦ
1180 654 1374 724 γεννᾷν
1408 671 1572 725 φησιν
1594 671 1610 687 ·
1653 655 1750 707 Ἐν
1781 654 1889 725 γὰρ

309 733 551 806 Χριστῷ
593 734 789 802 Ἰησοῦ
820 734 976 804 ὑμᾶς
1005 735 1324 804 ἐγέννησα.
1365 736 1513 788 Ἐκεῖ
1545 736 1642 807 μὲν
1674 733 1766 788 οὖν
1794 735 1890 806 τὴν

314 821 635 891 συγγένειαν
674 818 911 889 δηλῶσαι
949 819 1108 889 μόνον
1136 819 1384 872 ἐϐούλετο
1407 835 1419 848 ·
1451 818 1683 872 ἐνταῦθα
1713 819 1768 871 δὲ
1796 821 1891 872 καὶ

309 905 405 958 τὸν
433 905 592 956 πόνον
607 902 955 972 παραστῆσαι
988 901 1305 966 ἐσπούδαζε.
1327 901 1449 964 Πῶς
1470 901 1526 954 δὲ
1555 902 1722 954 τέκνα
1739 901 1894 954 καλεῖ

310 991 384 1042 τά
417 987 641 1058 μηδέπω
669 985 964 1055 τεχθέντα;
999 987 1048 1039 εί
1077 985 1182 1056 γάρ
1215 984 1412 1050 ὡδίνει,
1456 984 1663 1037 οὐδέπω
1702 985 1854 1038 ἔτεκε
1874 1001 1886 1013 ·

313 1071 434 1134 πῶς
452 1065 544 1123 οὖν
567 1069 729 1122 τέκνα
759 1068 956 1133 καλεῖς
1013 1069 1131 1122 Ἵνα
1171 1068 1368 1139 μάθῃς,
1422 1070 1504 1122 ὅτι
1547 1069 1651 1135 (ού)
1692 1067 1893 1129 ταύτας

309 1156 495 1209 ὠδίνει
524 1154 626 1217 τάς
656 1151 881 1224 πρώτας
928 1152 1145 1215 ὠδῖνας,
1176 1153 1312 1222 ὅπερ
1342 1151 1524 1205 ἱκανὸν
1549 1146 1618 1221 ἦν
1651 1151 1893 1214 ἐκείνους

312 1237 598 1311 ἐντρέψαι.
637 1237 748 1289 Καὶ
799 1236 908 1307 γάρ
942 1236 1229 1306 ἐγενόμην,
1290 1235 1475 1306 φησὶν,
1504 1233 1650 1300 ἅπαξ
1685 1235 1889 1305 πατὴρ,

313 1323 412 1375 καὶ
444 1319 535 1373 τὸν
565 1318 912 1388 ὀφειλόμενον
939 1319 1022 1386 ἐφ’
1052 1318 1180 1389 ὑμῖν
1210 1317 1476 1388 ὑπέμεινα
1511 1317 1687 1381 τόκον,
1723 1317 1897 1385 ἐγένεο

313 1403 414 1457 σθε
442 1402 499 1456 δὲ
533 1399 698 1455 τέκνα
728 1401 822 1453 καὶ
863 1401 1021 1470 ὑμεῖς
1047 1399 1191 1467 ἀπαξ
1218 1416 1230 1430 ·
1257 1399 1375 1461 πῶς
1403 1396 1494 1454 οὖν
1526 1400 1686 1453 πάλιν
1719 1417 1784 1469 με
1814 1400 1893 1462 είς

310 1485 578 1555 δευτέρας
617 1483 810 1546 ὠδῖνας
845 1482 1180 1553 ἐμϐάλλετε;
1220 1483 1394 1536 ίκανοὶ
1419 1484 1468 1536 οἱ
1501 1484 1652 1537 πόνοι
1673 1481 1780 1535 τῶν
1807 1481 1894 1534 τό-

313 1586 433 1624 κων
463 1568 571 1621 τῶν
598 1565 658 1631 ἐξ
683 1567 876 1637 ἀρχῆς,
929 1566 984 1619 τί
1010 1583 1076 1638 με
1113 1565 1402 1620 διατείνετε
1440 1566 1602 1620 πάλιν
1628 1569 1748 1629 ταῖς
1774 1564 1894 1617 ὀδύ-

313 1669 469 1716 ναις;
509 1649 630 1703 Τῶν
658 1648 767 1720 γὰρ
797 1647 1021 1718 μηδέπω
1043 1650 1482 1703 πεπιστευκότων
1511 1649 1611 1702 οὐκ
1637 1649 1894 1702 ἐλάττονα

311 1735 480 1788 πόνον
509 1734 767 1803 παρεῖχεν
812 1730 961 1811 αύτῷ
979 1730 1088 1784 τῶν
1121 1731 1329 1786 πιστῶν
1356 1731 1426 1784 τά
1465 1731 1754 1802 πτώματα.
1785 1730 1894 1784 Καὶ

312 1817 428 1888 γάρ
456 1812 526 1887 ἦν
557 1816 850 1886 ἀφόρητον,
876 1815 1012 1886 μετά
1039 1815 1137 1885 τὴν
1161 1816 1270 1868 τῶν
1301 1813 1554 1868 τοιούτων
1580 1813 1894 1884 μυστηρίων

315 1899 607 1956 κοινωνίαν
654 1899 789 1970 πρὸς
843 1899 942 1970 τὴν
976 1897 1232 1951 ἀσέϐειαν
1271 1897 1699 1968 αὐτομολοῦντας
1728 1897 1890 1968 ὁρᾷν·

314 1982 400 2036 διὸ
431 1981 526 2034 καὶ
558 1981 764 2051 σφόδρα
800 1981 964 2051 δριμὺ
989 1981 1081 2034 καὶ
1120 1981 1299 2050 πάσης
1323 1979 1576 2048 γυναικὸς
1598 1978 1895 2049 περιπαθέ-

321 2081 515 2135 στερον
541 2059 865 2126 ἀνωλόλυξε,
898 2062 1104 2131 λέγων·
1140 2063 1350 2115 Τεκνία
1391 2079 1530 2131 μου,
1564 2061 1671 2126 οὓς
1711 2059 1897 2113 πάλιν

316 2147 532 2211 ὠδίνω,
559 2145 732 2215 ἄχρις
763 2141 834 2201 οὗ
853 2143 1138 2214 μορφωθῇ
1166 2143 1418 2214 Χριστὸς
1435 2143 1503 2196 ἐν
1525 2143 1685 2212 ὑμῖν.
1727 2142 1897 2196 Τοῦτο

313 2231 375 2288 δέ
403 2230 612 2298 ἔλεγεν,
650 2227 786 2300 ὁμοῦ
817 2229 912 2282 καὶ
941 2228 1203 2300 θαρρῦναι
1240 2230 1334 2282 καὶ
1367 2228 1601 2298 φοϐῆσαι
1635 2227 1892 2298 βουλόμε-

313 2329 442 2376 νοςο
475 2313 537 2366 τὸ
567 2311 665 2383 μὲν
712 2312 821 2382 γάρ
859 2310 1027 2376 δεῖξαι
1055 2310 1130 2382 μὴ
1161 2310 1585 2382 μεμορφωμένον
1623 2312 1680 2363 ἐν
1714 2311 1896 2373 αὐτοῖς

313 2396 412 2451 τὸν
434 2393 687 2466 Χριστὸν,
722 2393 962 2460 ἀγωνίαν
989 2393 1082 2445 καὶ
1110 2392 1273 2462 φόϐον
1301 2391 1550 2445 ἐνέϐαλλε
1576 2408 1590 2423 ⁸
1629 2393 1689 2444 τὸ
1716 2392 1771 2445 δέ
1800 2394 1897 2462 ἐμ-

319 2479 492 2550 φῆναι
516 2478 598 2530 ὅτι
627 2476 848 2530 δυνατὸν
881 2475 1044 2529 αὑτὸν
1086 2476 1455 2546 μορφωθῆναι,
1483 2475 1646 2528 πάλιν
1675 2476 1896 2546 θαρρεῖν

304 2558 720 2633 ’παρεσκεύαζε.
748 2559 822 2611 Τὸ
859 2558 966 2629 γάρ
993 2560 1187 2623 είπεῖν,
1221 2560 1427 2626 Ἀχρις
1473 2553 1544 2612 οὗ
1587 2556 1892 2626 μορφωθῇ,

317 2645 608 2716 ἀμφότερα
641 2642 812 2696 ταῦτά
838 2643 985 2696 ἐστιν
1011 2641 1441 2712 ἐνδεικνυμένου,
1466 2641 1559 2694 καὶ
1579 2641 1661 2694 ὅτι
1688 2641 1896 2694 οὐδέπω

321 2728 702 2800 μεμόρφωται,
732 2725 825 2778 καὶ
854 2725 935 2778 ὅτι
961 2724 1182 2778 δυνατὸν
1231 2725 1582 2795 μορφωθῆναι
1622 2724 1802 2778 πάλιν.
1831 2725 1895 2778 Et

316 2811 432 2882 γάρ
452 2809 526 2880 μὴ
559 2809 778 2861 δυνατὸν
797 2803 885 2878 ἦν,
913 2807 1035 2876 εἰκῆ
1067 2807 1203 2878 πρὸς
1231 2808 1426 2869 αὐτοὺς
1456 2807 1659 2874 ἔλεγεν,
1698 2808 1895 2874 Ἀχρις

315 2889 394 2948 οὗ
420 2890 706 2962 μορφωθῇ
730 2890 1065 2958 Χριστὸς-ἐν
1093 2889 1256 2959 ὑμῖν,
1289 2891 1382 2944 καὶ
1416 2889 1673 2960 ματαίαις
1699 2889 1893 2953 αὐτοὺς

317 2971 549 3047 ιτρεφεν
576 2974 773 3028 ἐλπίσι.

397 3180 464 3255 β’.
493 3183 676 3237 Ταῦτα
705 3179 796 3238 οὖν
825 3181 1024 3244 εἰδότες
1057 3180 1190 3252 μηδέ
1217 3181 1375 3250 ἡμεῖς
1399 3178 1894 3246 ἀπογινώσκωμεν,

322 3267 463 3320 ἀλλά
483 3266 618 3337 μηδέ
647 3266 1051 3337 ῥαθυμήσωμεν
1085 3262 1269 3324 ἀπλῶς
1287 3280 1299 3293 ·
1330 3263 1565 3330 ἐκάτερα
1595 3260 1704 3330 γάρ
1725 3258 1900 3312 ταῦτα

327 3349 570 3418 ὀλέθρια.
587 3349 652 3401 Ἠ
676 3350 772 3419 μὲν
787 3348 895 3418 γὰρ
911 3347 1218 3415 ἀπόγνωσις
1241 3345 1332 3397 τὸν
1356 3343 1607 3412 κείμενον
1618 3343 1717 3394 ούκ
1732 3340 1898 3410 ἀφίη-

323 3447 413 3485 σιν
463 3431 781 3500 ἀναστῆναι,
844 3431 878 3501 ή
928 3429 984 3482 δὲ
1035 3428 1276 3500 ῥᾳθυμία
1318 3427 1411 3479 τὸν
1447 3425 1656 3478 ἐστῶτα
1697 3436 1723 3464 ι
1759 3424 1902 3475 ποιεῖ

324 3516 693 3568 καταπίπτειν
717 3533 729 3546 ·
763 3515 946 3584 ἐκείνη
976 3515 1085 3567 τῶν
1110 3510 1473 3582 πορισθέντων
1514 3507 1732 3576 ἀγαθῶν
1770 3507 1904 3558 ἀπο.

325 3602 542 3670 στερείν
566 3599 780 3665 εἴωθεν,
804 3599 943 3669 αὕτη
975 3597 1084 3650 τῶν
1131 3593 1492 3664 ἐπικειμένων
1539 3592 1637 3642 οὐκ
1678 3589 1900 3658 ἀφίησιν

325 3683 706 3753 ἀπαλλαγῆναι
730 3683 945 3736 κακῶνο
974 3683 1068 3735 καὶ
1099 3682 1131 3750 ἡ
1169 3679 1265 3751 μὲν
1298 3676 1699 3746 καταφρόνησις
1729 3673 1820 3725 καὶ
1842 3673 1900 3738 ἐξ

326 3767 510 3820 αὐτῶν
559 3769 857 3838 καταφέρει
906 3765 1014 3819 τῶν
1043 3763 1305 3834 οὐρανῶν,
1333 3764 1366 3832 ἡ
1403 3761 1458 3813 δὲ
1490 3758 1796 3826 ἀπόγνωσις
1822 3757 1901 3838 είς

325 3849 500 3920 αὐτὴν
554 3835 789 3918 κατάγει
813 3849 909 3920 τῆς
937 3847 1135 3909 κακίας
1159 3847 1257 3915 τὴν
1307 3844 1562 3907 ἀϐυσσον,
1597 3841 1783 3910 ὥσπερ
1808 3835 1900 3892 οὖν

325 3933 388 3986 τὸ
427 3933 501 4003 μὴ
532 3931 838 4001 ἀπογνῶναι
873 3930 1127 3984 κάκεῖθεν
1161 3925 1707 3998 ταχέωςάναδραμεῖν
1737 3925 1897 3976 ποιεῖ.

326 4016 528 4069 Σκόπει
553 4015 608 4068 δὲ
637 4014 958 4084 ἀμφοτέρων
1011 4013 1110 4081 τὴν
1139 4009 1288 4080 ίσχύν
1312 4025 1327 4040 ο
1359 4010 1387 4061 ὀ
1420 4007 1664 4068 διάϐολος
1701 4005 1902 4073 ἀγαθὸς

325 4095 397 4169 ἦν
431 4097 538 4169 πρὸ
568 4097 758 4150 τούτου
781 4111 794 4125 ⁸
832 4095 1154 4166 ρᾳθυμήσας
1198 4093 1254 4144 δέ
1285 4091 1378 4144 καὶ
1414 4090 1680 4156 ἀπογνοὺς
1709 4088 1902 4140 ἔπεσεν

325 4185 411 4246 είς
459 4181 724 4252 τοσαύτην
771 4180 990 4242 κακίαν,
1045 4177 1120 4238 ὡς
1173 4174 1306 4246 μηδέ
1340 4170 1856 4252 ἀναστῆναιᾼλοιπόν
1883 4185 1899 4200 ο

326 4266 413 4318 ὅτι
452 4263 561 4335 γάρ
604 4249 806 4330 ἀγαθὸς
852 4257 941 4332 ἦν,
994 4260 1224 4313 ἄκουσον
1271 4256 1322 4308 τί
1369 4271 1564 4324 φησιν’
1594 4249 1773 4306 Εἶδον
1799 4250 1904 4304 τὸν

327 4345 609 4406 Σατανᾶν
629 4347 709 4411 ὡς
735 4342 1056 4412 ἀστραπὴν
1090 4341 1158 4394 ἐκ
1197 4338 1303 4393 τοῦ
1333 4335 1591 4405 οὐρανοῦ
1614 4338 1900 4389 πεσόντα.

341 4433 404 4484 Ἡ
437 4431 497 4483 δὲ
521 4429 805 4499 ἀστραπῆς
834 4424 1118 4498 παραϐολὴ
1136 4424 1230 4476 καὶ
1251 4420 1311 4474 τὸ
1341 4420 1566 4491 φαιδρὸν
1582 4419 1682 4489 τῆς
1710 4416 1906 4499 προτέ-

333 4531 434 4586 ρας
460 4497 728 4566 δείκνυσιν
741 4497 1109 4580 ἀναστροφῆς,
1127 4506 1221 4559 καὶ
1234 4505 1344 4586 τὴν
1377 4502 1476 4573 τῆς
1504 4502 1762 4586 πτῴσεως
1783 4497 1905 4586 ὀξύς-

329 4581 491 4668 τητα.
535 4595 591 4649 '0
623 4594 832 4657 Παῦλος
877 4593 1191 4663 βλάσφημος
1230 4583 1320 4660 ἦν,
1369 4587 1465 4641 καὶ
1517 4583 1770 4668 διώκτης,
1811 4581 1906 4668 καλ

331 4667 624 4752 ὑϐριστής·
656 4678 841 4749 ἐπειδὴ
865 4677 922 4729 δι
957 4675 1252 4730 ἐσπούδασε
1282 4672 1376 4726 και
1412 4669 1511 4723 οὐκ
1533 4667 1774 4736 ἀπέγνω,
1793 4667 1905 4752 ’καὶ

331 4749 534 4833 ἀνέστη
554 4749 654 4816 καὶ
675 4761 785 4815 τῶν
829 4758 1078 4828 ἀγγέλων
1114 4757 1338 4826 γέγονεν
1378 4754 1517 4816 ι’σος⁹
1549 4754 1578 4804 6
1609 4752 1666 4804 δὲ
1707 4749 1905 4814 Ἰούδας

330 4847 628 4910 ἀπόστολος
647 4841 735 4916 ἦν,
757 4843 894 4901 ἀλλά
927 4841 1249 4914 ρᾳθυμήσας
1300 4837 1490 4906 γέγονε
1519 4834 1804 4906 προδότης.
1847 4834 1905 4888 '0

332 4928 536 5001 λῃστὴς
567 4927 726 4981 πάλιν
760 4925 896 4998 μετά
918 4923 1184 4994 τοσαύτην
1210 4921 1427 4985 κακίαν,
1451 4918 1636 4987 ἐπειδὴ
1802 4918 1906 4970 ἀπ-

536 5009 642 5081 πρὸ
669 4997 776 5063 τῶν
800 5008 976 5064 ἀλλων
1019 5006 1272 5063 ἀπάντων
1307 5004 1389 5067 εἰς
1435 5001 1528 5055 τὸν
1576 4997 1906 5071 παράδεισον

337 5093 583 5165 εἰσῆλθεν
602 5109 614 5122 ·
651 5095 680 5147 6
703 5092 995 5164 ⁴Ιδαρισαῖος
1040 5089 1318 5161 θαρρήσας
1363 5085 1426 5150 ἐξ
1462 5083 1626 5139 αὐτοῦ
1653 5085 1753 5154 τῆς
1776 5084 1907 5154 ἀρε-

332 5177 435 5247 τῆς
461 5174 771 5246 κατηνέχθη
800 5173 897 5228 τοῦ
952 5172 1116 5242 ὕψους
1139 5189 1152 5202 ·
1178 5173 1208 5224 6
1246 5167 1483 5238 τελώνης
1509 5166 1583 5238 μὴ
1613 5165 1902 5234 ἀπογνοὺς,

335 5255 510 5323 οὕτως
536 5258 766 5331 ὡρθώθη
795 5257 871 5321 ὠς
895 5257 1143 5310 κάκεῖνον
1177 5254 1577 5325 παραδραμεῖν.
1609 5249 1796 5304 Βούλει
1823 5266 1906 5303 σοι

331 5342 492 5406 δείξω
518 5342 613 5396 καὶ
644 5340 798 5398 πόλιν
829 5339 1120 5410 ὁλόκληρον
1144 5337 1305 5395 τοῦτο
1333 5338 1671 5406 ποιήσασαν;
1712 5333 1777 5385 Ἡ
1797 5332 1908 5385 τῶν

335 5423 632 5481 Νινευῖτῶν
659 5422 809 5486 πόλις
829 5420 1001 5484 οὕτως
1022 5419 1201 5490 ἐσώθη
1226 5420 1377 5472 πᾶσα
1392 5435 1405 5447 ·
1431 5417 1606 5471 καίτοι
1624 5431 1687 5485 γε
1711 5417 1745 5486 ἡ
1769 5414 1907 5469 ἀπό-

336 5524 501 5577 φασις
527 5508 607 5569 είς
633 5506 938 5574 ἀπόγνωσιν
966 5504 1161 5567 αὐτοὺς
1189 5501 1438 5554 ἐνέϐαλεν
1467 5516 1480 5530 ⁸
1521 5501 1582 5552 οὐ
1622 5499 1730 5570 γὰρ
1755 5496 1906 5570 [282]

338 5587 490 5652 εἶπεν
517 5587 761 5653 ὃτι,Ἐάν
784 5589 1179 5662 μετανοήσωσι,
1198 5585 1552 5656 σωθήσονται,
1569 5583 1681 5637 ἀλλ’
1700 5582 1905 5646 ἁπλῶς,

417 5797 435 5820 '
461 5787 605 5841 Savil.
626 5787 705 5840 καὶ
731 5789 811 5838 τὸν
834 5787 1193 5850 ἐστῶτα,1)(ειιρ.
1222 5786 1356 5837 Eon.

1479 368 1570 430 DE
1608 371 2078 431 ΡοΕΝιτεΝτιΑ.
2124 371 2358 429 HOMIL.
2391 373 2430 428 1.

3457 365 3574 422 28.

1995 487 2122 539 Ἔτι
2151 488 2307 554 τρεῖς
2327 487 2559 556 ἡμέραι,
2595 484 2693 538 καὶ
2735 483 2943 538 Νινευῒ
2970 479 3562 551 καταστραφήσεταιο
3608 471 3620 512 ί

1987 568 2101 622 ἀλλ’
2130 571 2277 638 ὅμως
2306 567 2654 630 ἀπειλοῦντος
2703 566 2798 619 τοῦ
2828 565 2984 633 Θεοῦ,
3020 569 3114 621 καὶ
3151 586 3248 622 του
3283 579 3564 642 προφητου

1991 650 2240 720 βοῶντος,
2272 653 2488 722 καὶτῆς
2521 651 2848 720 ἀποφάσεως
2887 649 2987 702 οὐκ
3029 651 3262 722 ἐχούσης
3307 653 3566 723 μέλλησιν

1990 733 2109 786 οὐδὲ
2173 733 2471 804 διορισμὸν,
2516 735 2616 786 οὐκ
2669 733 2953 795 ἀνέπεσον,
3009 734 3129 786 οὐδὲ
3175 737 3275 797 τάς
3325 736 3565 806 χρηστάς

1991 817 2302 886 προέδωκαν
2327 818 2566 880 ἐλπίδας.
2602 817 2700 870 Διά
2732 816 2839 887 γάρ
2871 816 3028 868 τοῦτο
3062 816 3122 868 οὑ
3157 817 3463 888 προσέθηκε
3490 817 3566 871 διο

1991 898 2236 968 ορισμὺν,
2255 898 2374 951 οὐδὲ
2396 894 2566 961 εἶπεν,
2585 897 2708 949 Ἐάν
2728 897 2782 949 δὲ
2803 899 3190 968 μετανοήσωσι,
3217 897 3568 968 σωθήσονται,

1992 980 2078 1033 ἴνα
2110 981 2202 1032 καὶ
2238 982 2418 1050 ἡμεῖς,
2446 983 2574 1034 ὅταν
2608 981 2931 1051 ἀκούσωμεν
2958 982 3286 1052 ἀποφάσεως
3310 983 3402 1036 τοῦ
3435 983 3570 1036 Θεοῦ

1993 1065 2298 1134 φερομένης
2327 1066 2493 1136 χωρὶς
2513 1065 2819 1137 διορισμοῦ,
2855 1067 2988 1136 μηδέ
3019 1067 3193 1131 οὕτως
3219 1068 3569 1138 ἀπογνῶμεν,

1995 1145 2130 1214 μηδὲ
2159 1147 2645 1218 ἀπαγορεύσωμεν,
2690 1149 2767 1210 είς
2813 1149 2985 1200 ἐκεῖνο
3021 1148 3084 1201 τὸ
3111 1149 3412 1219 ὑπόδειγμα
3449 1148 3572 1218 βλέ-

1993 1245 2201 1292 ποντες.
2242 1231 2313 1281 Οὐ
2348 1229 2434 1283 διὰ
2487 1229 2675 1283 τούτου
2710 1230 2766 1282 δὲ
2803 1231 2964 1300 μόνον
3015 1230 3129 1282 ἐστι
3163 1231 3262 1300 τὴν
3301 1227 3394 1284 τοῦ
3434 1231 3571 1283 Θεοῦ

1993 1311 2402 1382 φιλανθρωπίαν
2440 1312 2586 1377 ἰδεῖν,
2621 1313 2701 1365 ὅτι
2744 1311 2818 1382 μὴ
2867 1311 3123 1382 προσθεὶς
3172 1312 3449 1382 διορισμὸν
3503 1316 3570 1383 τῇ

1992 1393 2282 1462 ἀποφάσει,
2316 1395 2465 1464 ὅμως
2501 1395 2867 1464 μετανοήσασι
2915 1393 3254 1464 κατηλλάγη,
3311 1393 3446 1447 ἀλλά
3477 1395 3572 1446 καί⁵

1993 1475 2051 1540 ἐξ
2077 1477 2240 1537 αὑτοῦ
2274 1477 2368 1529 τοῦ
2387 1477 2487 1547 τὴν
2515 1477 2792 1545 ἀπόφασιν
2809 1477 3226 1549 ἀπηρτισμένην
3247 1477 3568 1546 ἐξενεγκεῖν.

1991 1559 2232 1630 Αύξῆσαι
2263 1561 2372 1631 γὰρ
2410 1561 2501 1613 τὸν
2537 1560 2699 1629 φόϐον
2751 1559 3070 1630 βουλόμενος
3107 1561 3204 1614 καὶ
3239 1564 3338 1631 τῆς
3370 1562 3573 1631 πολλῆς

1993 1643 2171 1696 αὐτῶν
2227 1643 2497 1716 ῥᾳθυμίας
2556 1641 2943 1711 καθάψασθαι,
2989 1643 3148 1697 τοῦτο
3192 1645 3436 1714 ἐποίησε,
3479 1648 3574 1696 καὶ

1993 1725 2159 1787 αὐτὸς
2185 1724 2241 1776 δὲ
2265 1727 2293 1777 6
2316 1725 2505 1795 χρόνος
2532 1725 2634 1794 τῆς
2669 1724 2956 1793 μετανοίας
2976 1724 3246 1778 δείκνυσιν
3278 1725 3442 1779 αὐτοῦ
3475 1727 3574 1797 τὴν

1993 1807 2197 1875 ἄφατον
2231 1806 2661 1876 φιλανθρωπίαν.
2693 1807 2757 1859 Τί
2784 1806 2893 1878 γὰρ
2916 1808 3118 1878 ἡμέραι
3143 1811 3290 1878 τρεῖς
3321 1807 3574 1862 τοσοῦτον

1994 1891 2336 1960 εἰργάσαντο,
2387 1891 2462 1954 ὼς
2515 1891 2776 1960 ἀφανίσαι
2823 1891 3024 1944 κακίαν
3053 1891 3364 1961 τοσαύτην;
3411 1892 3574 1962 Ὁρᾷς

1995 1972 2112 2034 πῶς
2141 1973 2235 2025 καὶ
2268 1971 2519 2026 ἐντεῦθεν
2547 1974 2581 2043 ἡ
2609 1972 2704 2025 τοῦ
2731 1971 2864 2025 Θεοῦ
2890 1973 3139 2041 φαίνεται
3167 1974 3462 2044 κηδεμονία
3483 1973 3577 2038 ;τὺ

1993 2054 2102 2126 γάρ
2134 2055 2295 2107 πλέον
2347 2054 2485 2126 αὕτη
2523 2057 2942 2126 συνεισήνεγκεν
2974 2058 3056 2121 είς
3090 2057 3190 2128 τήν
3233 2057 3334 2128 τῆς
3365 2056 3575 2121 πόλεως

1998 2153 2142 2207 σωτη
2151 2137 2268 2207 ρίαν
2275 2176 2290 2190 .

2065 2345 2250 2400 Ταῦτα
2303 2341 2401 2403 οὖν
2457 2349 2687 2415 εἰδότες,
2745 2351 3012 2422 μηδέποτε
3063 2349 3569 2421 ἀπογινώσκωμενο

1993 2428 2145 2483 οὐδὲν
2177 2429 2287 2501 γὰρ
2314 2430 2486 2496 οὕτως
2518 2434 2736 2504 ἰσχυρὸν
2762 2433 2926 2488 ὅπλον
2946 2432 3026 2504 τῷ
3050 2433 3300 2504 διαϐόλῳ,
3330 2434 3406 2496 ὡς
3437 2433 3574 2486 ἀπό-

1994 2527 2223 2578 γνωσις·
2283 2513 2374 2567 διά
2417 2513 2577 2568 τοῦτο
2627 2517 2724 2585 οὐχ
2781 2515 2955 2579 οὕτως
3007 2517 3168 2569 αὐτὸν
3213 2517 3576 2586 εὐφραίνομεν

1995 2595 2421 2664 ἁμαρτάνοντες,
2479 2597 2554 2661 ὡς
2607 2599 3096 2667 ἀπογινώσκοντες.
3138 2601 3402 2652 ’Ἄκουσον
3445 2597 3577 2666 γοῦν

1994 2677 2088 2728 ἐπὶ
2117 2676 2210 2729 τοῦ
2242 2681 2693 2750 πεπορνευκότος,
2720 2682 2835 2745 πῶς
2863 2681 2962 2751 τῆς
2977 2681 3252 2752 ἁμαρτίας
3271 2680 3578 2750 μᾶλλον-τὴν

1994 2759 2305 2828 ἀπόγνωσιν
2349 2762 2584 2815 δέδοικεν
2633 2764 2661 2814 ὁ
2697 2763 2943 2827 Παῦλος’
2979 2763 3206 2834 γράφων
3228 2763 3335 2832 γὰρ
3376 2764 3576 2834 Κοριν-

1996 2840 2132 2900 θίοις
2160 2841 2331 2905 οὕτως
2353 2843 2536 2912 ἔλεγεν
2559 2860 2574 2874 ·
2599 2845 2787 2911 Ὅλως
2849 2845 3125 2900 ἀκούεται
3153 2845 3222 2896 ἐν
3259 2845 3401 2914 ὑμῖν
3434 2859 3578 2914 πορ-

1995 2925 2147 2991 νεία,
2173 2923 2269 2977 καί
2295 2927 2536 2993 τοιαύτη
2565 2927 2830 2992 πορνεία,
2861 2926 2992 2991 ἣτις
3016 2925 3158 2978 οὐδὲ
3176 2925 3245 2978 ἐν
3265 2925 3388 2990 τοῖς
3418 2926 3580 2979 ἔθνε-

1997 3019 2101 3056 σιν
2137 3004 2508 3074 ὀνομάζεται·
2547 3008 2642 3059 καὶ
2681 3008 2781 3060 οὐκ
2833 3003 3007 3071 εἶπεν,
3033 3008 3192 3070 Ἦτις
3222 3007 3342 3060 οὐδὲ
3389 3009 3446 3060 ἐν
3467 3009 3578 3069 10E;

1997 3087 2172 3140 ἔθνεσι
2195 3087 2479 3157 τολμᾶται,
2519 3089 2657 3156 ἀλλ’,
2690 3090 2823 3143 Οὐδὲ
2851 3090 3175 3160 ὀνομάζεται
3196 3108 3208 3121 ⁸
3231 3091 3259 3143 ὃ
3280 3091 3386 3162 γάρ
3415 3092 3578 3162 μέχρι

1973 3171 2366 3241 ⁵’προσηγορίας
2417 3173 2646 3234 ἐκείνοις
2698 3173 2993 3243 ἀφόρητον,
3049 3173 3210 3227 τοῦτο
3261 3175 3388 3244 ύμῖν
3429 3175 3578 3244 ἔργῳ

1997 3252 2344 3324 τετόλμηται.
2365 3253 2479 3308 Καὶ
2500 3255 2666 3324 ὑμεῖς
2688 3255 3130 3324 ,πεφυσιωμένοι
3150 3257 3325 3320 ἑστέ;
3349 3258 3460 3309 Καὶ
3476 3259 3577 3312 οὐκ

1999 3330 2143 3398 εἷπε,
2183 3336 2295 3389 Καὶ
2327 3337 2532 3400 ἐκεῖνος
2566 3336 3065 3405 πεφυσίωται,ἀλλ’
3099 3338 3258 3405 ἀφεὶς
3276 3340 3367 3391 τὸν
3395 3341 3578 3411 ἡμαρ-

1999 3421 2222 3487 τηκότα,
2246 3422 2356 3482 τοῖς
2373 3420 2672 3488 ὑγιαίνουσι
2696 3420 3031 3488 διαλέγεται·
3064 3420 3315 3490 καθάπερ
3329 3423 3378 3474 οἱ
3403 3425 3577 3492 ἰατροὶ

2001 3500 2262 3566 ποιοῦσιν,
2289 3503 2518 3569 ἀφέντες
2571 3503 2697 3564 τοὺς
2727 3502 3053 3571 κάμνοντας,
3088 3503 3226 3572 πρὸς
3268 3505 3391 3567 τοὺς
3417 3521 3578 3576 προσ-

2001 3583 2232 3652 ήκοντας
2278 3584 2460 3646 αὐτοῖς
2501 3583 2704 3636 πλείονι
2747 3584 3043 3654 κέχρηνται
3082 3585 3261 3655 λόγῳ·
3304 3586 3476 3650 άλλως
3521 3587 3579 3641 δὲ

2001 3666 2094 3719 καὶ
2119 3662 2260 3720 οὗτοι
2288 3667 2388 3736 τῆς
2419 3666 2676 3728 ἀπονοίας
2720 3666 2882 3718 αἴτιοι
2927 3668 3104 3736 πάσης
3128 3664 3268 3737 ἦσαν
3297 3671 3464 3740 αὐτῷ,
3502 3671 3577 3743 μὴ

2000 3748 2354 3818 ἐπιτιμῶντες
2387 3748 2519 3818 μηδὲ
2545 3747 2982 3818 ἐπιπλήττοντες.
3026 3749 3311 3803 Ἐκοίνωσε
3340 3751 3368 3790 δ
3397 3754 3576 3806 τοίνυν

1999 3833 2060 3885 τὸ
2098 3831 2366 3901 ἔγκλημα,
2403 3832 2491 3884 ἴνα
2519 3832 2676 3901 ῥᾳδία
2705 3831 2930 3901 γένηται
2957 3831 3050 3885 τοῦ
3079 3833 3394 3902 τραύματος
3422 3837 3456 3904 ἡ
3491 3835 3580 3888 θε-

2006 3915 2220 3986 ραπεία.
2277 3914 2456 3967 Δεινδν
2513 3915 2608 3985 μὲν
2657 3914 2767 3986 γὰρ
2798 3915 2860 3968 τὸ
2909 3916 3263 3985 ἁμαρτάνειν,
3323 3917 3578 3988 πολλᾷ)δέ

2002 3997 2381 4070 χαλεπώτερον
2419 3997 2482 4050 τὸ
2512 3998 2604 4050 καὶ
2636 3998 2778 4068 μέγα
2817 4001 3036 4069 φρονεῖν
3065 3999 3160 4051 ἐπὶ
3188 4002 3300 4062 τοῖς
3324 4001 3578 4072 ἁμαρτή-

2007 4099 2186 4150 μασιν.
2213 4082 2275 4134 Εί
2305 4082 2411 4152 γὰρ
2466 4083 2560 4133 ἐπὶ
2613 4081 2928 4155 δικαιοσύνῃ
2956 4082 3015 4135 τὺ
3049 4083 3324 4152 φυσᾶσθαι
3349 4085 3580 4148 κένωσις

2004 4164 2344 4234 δικαιοσύνης
2368 4165 2503 4230 ἐστὶ,
2535 4164 2712 4235 πολλῴ
2741 4166 2942 4236 μᾶλλον
2966 4167 3060 4219 ἐπὶ
3079 4169 3191 4229 τοῖς
3215 4167 3578 4237 ἁμαρτήμασι

2003 4249 2159 4302 τοῦτο
2184 4249 2476 4318 συμϐαῖνον
2510 4249 2744 4319 ἐσχάτην
2771 4249 2906 4301 οίσει
2939 4248 3142 4320 βλάϐην
3163 4251 3316 4319 ήμῖν,
3355 4250 3449 4302 καὶ
3471 4250 3579 4306 τῶν

2005 4330 2417 4401 ἁμαρτημάτων
2450 4330 2629 4383 αὐτῶν
2674 4332 2857 4400 μεῖζον
2889 4331 2951 4384 τὸ
2979 4331 3233 4402 ἔγκλημα
3274 4332 3445 4388 ἔσται.
3483 4335 3584 4388 Διά

2002 4412 2161 4466 τοῦτό
2201 4429 2390 4484 φησιν·
2429 4412 2616 4465 ’Ὅταν
2645 4412 2842 4466 πάντα
2886 4412 3200 4482 ποιήσητε,
3237 4413 3443 4484 λέγετε
3489 4415 3580 4468 ὅτι

2017 4496 2274 4566 Ἀχρεῖοι
2304 4495 2517 4550 δοῦλοί
2545 4496 2754 4565 ἐσμεν.
2805 4497 2866 4549 Εἰ
2903 4496 2959 4549 δὲ
2991 4499 3040 4550 οἱ
3087 4497 3264 4551 πάντα
3299 4497 3581 4562 ποιοῦντες

2004 4578 2275 4648 ὀφείλουσι
2302 4578 2675 4643 συνεστάλθαι,
2705 4577 2885 4649 πολλῷ
2905 4579 3107 4650 μᾶλλον
3120 4581 3579 4652 τὸνήμαρτηκότα

2005 4663 2100 4715 καὶ
2127 4661 2342 4733 θρηνεῖν
2397 4661 2492 4715 καὶ
2538 4663 2597 4714 ἐν
2632 4663 2742 4724 τοῖς
2790 4663 3039 4732 ἐσχάτοις
3090 4665 3282 4717 ἑαυτὸν
3325 4664 3579 4735 ἀριθμεῖν

2003 4745 2172 4812 ἀξιον.
2199 4747 2375 4817 Ὅπερ
2411 4742 2506 4800 οὖν
2567 4745 2663 4799 καὶ
2701 4745 2822 4799 τότε
2854 4746 3030 4818 δηλῶν
3075 4746 3262 4815 ελεγε·
3288 4747 3396 4800 Καὶ
3441 4748 3577 4816 οὐχί

1999 4827 2240 4898 μᾶλλον
2259 4828 2665 4898 ἐπενθήσατε;
2693 4829 2758 4882 Τί
2778 4829 2988 4898 λέγεις;
3015 4831 3201 4901 ἕτερος
3228 4830 3461 4900 ἥμαρτε,
3484 4829 3579 4882 καὶ

2004 4911 2116 4981 ἐγὼ
2138 4913 2426 4984 πενθήσω;
2473 4911 2603 4978 Ναὶ,
2637 4911 2770 4984 φησί
2799 4929 2814 4944 ο
2852 4911 3103 4984 σώματος
3130 4911 3239 4983 γάρ
3281 4913 3376 4966 καὶ
3402 4910 3579 4981 μελῶν

2003 4995 2160 5066 δίκην
2204 4996 2455 5068 ἀλλήλοις
2498 4997 2663 5067 ἐσμὲν
2703 4996 3102 5066 συνδεδεμένον
3144 4995 3239 5049 ἐπὶ
3263 4993 3322 5048 δὲ
3346 4992 3441 5048 τοῦ
3471 4993 3580 5048 σώ-

2009 5096 2177 5151 ματος
2201 5079 2304 5134 κάν
2327 5082 2357 5134 ό
2379 5079 2515 5144 ποῦς
2551 5080 2768 5151 δέξηται
2790 5078 3030 5152 τραῦμα,
3056 5079 3154 5151 τὴν
3187 5077 3426 5150 κεφαλήν
3455 5078 3579 5132 ἐπι-

2004 5163 2317 5216 κύπτουσαν
2361 5163 2597 5234 ὁρῶμεν.
2647 5163 2839 5216 Καίτοι
2869 5163 2923 5215 τί
2960 5161 3165 5232 ταύτης
3213 5163 3576 5234 σεμνότερονς

2018 5246 2156 5298 Ἀλλ’
2194 5247 2292 5317 οὐχ
2316 5249 2418 5319 δρᾷ
2448 5247 2548 5319 τὴν
2572 5247 2727 5314 ἀξίαν
2741 5248 2798 5300 ἐν
2819 5246 2899 5317 τῷ
2926 5243 3107 5318 ’καιρῷ
3125 5246 3226 5316 τῆς
3261 5248 3576 5317 συμφοράς’

2007 5328 2156 5402 [283]
2189 5329 2332 5384 οὕτω
2364 5331 2460 5386 καὶ
2514 5331 2579 5384 σὺ
2640 5329 2883 5400 ποίησον.
2920 5329 3020 5384 Διά
3043 5329 3204 5385 τοῦτο
3235 5329 3328 5383 καὶ
3369 5328 3581 5392 Παῦλος

2007 5420 2262 5489 παραινεῖ
2343 5418 2579 5487 Χαίρειν
2618 5416 2769 5486 μετὰ
2801 5419 3159 5486 χαιρόντων,
3203 5418 3301 5472 καὶ
3348 5416 3583 5472 κλαίειν

2000 5501 2150 5568 μετὰ
2169 5501 2519 5554 κλαιόντων.
2543 5501 2643 5553 Διά
2658 5498 2816 5553 τοῦτο
2832 5503 2926 5554 καὶ
2943 5501 3251 5572 Κορινθίοις
3278 5500 3410 5571 φησί
3431 5515 3445 5528 ·
3471 5495 3574 5553 Καὶ

2006 5582 2142 5652 οὐχὶ
2164 5581 2404 5652 μᾶλλον
2443 5583 2834 5650 ἐπενθήσατε,
2879 5585 2980 5639 ἵνα
3028 5581 3247 5653 ἐξαρθῇ
3277 5583 3345 5637 ἐκ
3383 5580 3574 5652 μέσον

2071 5783 2099 5827 δ
2127 5783 2224 5835 Alii
2245 5784 2486 5845 ἐκοίνωσε,
2504 5780 2588 5834 alii
2609 5784 2906 5844 ἐκοινώνησε.
