4036 6206
283 224 388 284 981

279 334 370 390 bus
393 327 569 402 (Rom.
602 325 686 382 12.
716 322 827 397 15).
868 323 994 382 ideo
1037 333 1091 379 et
1127 321 1419 378 Corinthiis
1456 321 1580 376 dicit
1617 341 1629 376 :
1660 319 1726 374 Et
1765 337 1862 373 non

279 424 440 493 magis
468 418 675 490 flevistis
696 461 708 482 ,
742 427 794 472 ut
824 417 1080 472 tolleretur
1110 415 1173 468 de
1204 408 1365 468 medio
1387 425 1599 468 vestrum
1624 414 1711 484 qui
1739 429 1865 482 Opus

279 516 333 565 id
359 519 547 584 fecerat
576 511 648 580 (l.
680 510 796 564 Cor.
823 509 876 565 5.
903 506 998 581 2)?
1027 505 1139 563 Non
1163 508 1311 571 dixit,
1339 507 1404 561 Et
1429 521 1533 560 non
1559 507 1723 576 magis
1749 513 1862 558 stu-

279 606 469 659 duistis
504 603 632 658 :sed
661 601 827 673 qttid?
877 600 994 655 Non
1033 601 1192 670 magis
1215 600 1451 670 ﬂevistis,
1498 601 1645 669 quasi
1679 600 1863 654 morbo

278 697 550 750 communi
577 703 631 749 et
656 702 805 762 peste
837 693 1103 746 civitatem
1144 691 1631 761 comproltendenlc
1663 708 1674 744 :
1712 689 1862 760 quasi

279 790 507 850 diceret,
538 786 789 841 Oratione
819 800 952 854 opus
979 793 1060 838 est
1087 793 1138 839 et
1156 784 1489 839 confessione
1517 793 1565 838 el
1597 785 1859 852 precibus,

281 896 389 948 quo
420 879 635 934 morbus
664 894 693 932 e
725 886 829 932 tota
858 878 1070 932 civitate
1111 877 1353 946 peilalur.
1404 876 1560 929 Vides
1609 886 1861 945 quantum

281 971 368 1026 bis
398 971 601 1025 timoris
630 969 885 1023 incussit?
910 967 1041 1022 Nam
1071 967 1318 1038 quoniam
1347 969 1598 1036 putabant
1624 966 1686 1019 ad
1716 967 1861 1020 illum

278 1060 559 1115 dumtaxat
592 1059 895 1129 pervenisse
922 1059 1114 1112 malum
1145 1071 1208 1111 ac
1233 1057 1533 1110 constitisse
1557 1098 1570 1117 ,
1601 1071 1694 1112 eos
1715 1056 1861 1110 solli-

279 1152 421 1206 citos
442 1150 634 1214 reddit,
657 1148 842 1204 dicens
870 1165 883 1201 :
919 1147 1134 1202 Nescitis
1149 1149 1283 1217 quod
1299 1149 1547 1200 modicum
1566 1149 1861 1217 ferrumtum

283 1255 442 1297 totam
479 1259 692 1296 massam
735 1241 1010 1308 corrumpit
1047 1239 1097 1308 (1
1135 1239 1251 1293 Cor.
1281 1241 1331 1293 5.
1366 1239 1460 1310 6)?
1506 1238 1656 1306 Quod
1686 1247 1860 1292 autem

279 1335 448 1399 dicit,
483 1334 588 1388 tale
619 1340 699 1386 est
727 1351 740 1386 :
771 1331 966 1385 malum
1000 1331 1133 1384 ultra
1171 1329 1465 1399 procedens
1490 1372 1503 1394 ,
1551 1329 1750 1398 reliqua
1780 1339 1860 1380 at-

283 1429 451 1496 tinget
481 1424 718 1479 mcmbra
755 1441 767 1476 :
810 1423 966 1476 veluti
999 1422 1064 1474 dc
1098 1421 1365 1474 connnuni
1399 1419 1539 1473 malo
1582 1421 1864 1472 consulen-

281 1527 395 1580 tes,
441 1515 696 1569 sollicitos
719 1528 812 1567 vos
837 1527 955 1568 esse
983 1512 1154 1567 decet.
1201 1511 1380 1581 Neque
1403 1511 1451 1564 id
1484 1510 1610 1564 mibi
1641 1510 1859 1574 dixeris,

280 1607 425 1676 quod
453 1607 538 1661 ille
563 1605 707 1659 solus
755 1604 1024 1674 peccavit,
1073 1603 1166 1657 sed
1202 1601 1331 1657 illud
1362 1600 1636 1655 considera
1659 1642 1672 1665 ,
1721 1599 1860 1671 quod

279 1699 464 1753 sanies
518 1696 762 1768 quardam
813 1704 894 1750 est
947 1704 1257 1764 peccatum,
1313 1694 1572 1762 reliquum
1624 1693 1862 1760 corporis

275 1790 594 1859 depascens.
617 1789 692 1842 Ac
714 1788 872 1842 veluti
900 1789 1059 1842 domo
1081 1787 1322 1847 ardente,
1346 1786 1435 1856 qui
1458 1783 1690 1838 nondum
1722 1782 1863 1836 malo

281 1872 566 1946 ltcduntur,
602 1881 685 1946 iis,
719 1879 809 1951 qui
837 1882 888 1934 in
917 1881 1060 1935 malo
1090 1889 1232 1944 sunt,
1261 1878 1503 1932 molestia
1533 1891 1636 1931 non
1669 1874 1862 1930 minori

279 1985 618 2042 premuntur,
646 1983 802 2042 atque
831 1974 1078 2027 universa
1101 1973 1416 2036 conferunt,
1445 1987 1550 2039 quo
1578 1985 1644 2024 ne
1669 1981 1863 2039 urgens

280 2067 419 2134 ignis
443 2066 510 2120 ad
549 2058 791 2136 proprias
834 2065 1044 2120 invadat
1071 2065 1258 2120 domos
1284 2084 1297 2119 :
1325 2066 1401 2118 sic
1431 2072 1482 2118 ct
1506 2065 1639 2117 istos
1665 2063 1862 2116 Paulus

278 2159 514 2224 excitat,
565 2157 748 2212 dicens
781 2174 796 2212 ι
829 2157 964 2230 Pyra
1011 2157 1250 2226 quaedam
1303 2165 1422 2221 est,
1475 2156 1862 2225 prteveniamus

277 2251 478 2304 malum
514 2268 528 2304 :
556 2252 954 2320 exstingnamus
979 2251 1303 2314 incendium,
1337 2251 1641 2319 priusquam
1673 2249 1852 2303 Eccle-

276 2342 414 2395 siam
455 2342 702 2406 invadat;
750 2341 793 2395 si
837 2357 963 2395 vero
1006 2342 1302 2410 neglexeris
1343 2348 1650 2410 peccatum,
1700 2337 1862 2392 veluti

279 2434 333 2487 in
384 2433 561 2487 alieno
615 2434 880 2488 exsislens
927 2447 1188 2501 corpore,
1241 2432 1470 2485 maxime
1513 2429 1726 2501 quidem
1779 2429 1860 2483 vel

276 2523 356 2577 sic
392 2523 549 2576 male.
603 2521 693 2578 Ille
720 2523 862 2578 enim
905 2522 1066 2576 homo
1096 2522 1390 2577 membrum
1433 2521 1598 2576 totius
1627 2529 1709 2575 est
1738 2534 1860 2572 cor-

275 2613 444 2682 poris.

347 2705 406 2758 3.
440 2704 634 2758 Verum
657 2715 708 2760 et
735 2705 787 2759 id
817 2705 1117 2773 considera,
1149 2705 1292 2776 quod
1323 2705 1364 2758 si
1393 2705 1672 2775 pigritatus
1700 2703 1862 2761 fueris

271 2810 339 2850 ac
368 2799 637 2864 spreveris
661 2839 675 2861 ,
719 2805 769 2851 te
799 2813 1009 2867 quoque
1044 2798 1360 2867 quandoque
1397 2796 1812 2865 comprehendet
1843 2809 1856 2845 :

271 2902 446 2956 quare
473 2888 518 2940 si
548 2902 653 2941 non
685 2886 862 2942 fratris
883 2930 897 2952 ,
929 2896 1014 2941 tua
1047 2897 1222 2943 tamen
1254 2903 1409 2942 causa
1439 2887 1706 2940 exciteris.
1759 2885 1860 2940 Rc-

271 2983 451 3050 primc
490 2992 723 3050 pestem,
756 2981 957 3036 saniem
987 2996 1174 3035 coerce
1195 3024 1207 3048 ,
1241 2980 1702 3050 depopulationem
1741 2995 1857 3032 am-

273 3083 428 3142 puta.
454 3073 576 3127 Hcce
605 3084 658 3127 et
687 3073 770 3128 ltis
795 3074 940 3144 plura
967 3072 1168 3138 dicens,
1198 3081 1251 3128 et
1276 3072 1531 3126 mandans
1552 3071 1684 3125 tradi
1712 3071 1856 3123 illum

267 3175 498 3229 satanze,
530 3164 758 3233 denique
782 3166 949 3234 inquit
973 3207 987 3232 ,
1011 3163 1441 3234 quandoquidem
1463 3177 1774 3222 conversus,
1805 3171 1858 3216 et

272 3257 469 3310 melior
493 3255 662 3310 faetus
689 3265 772 3310 est
795 3273 808 3308 :
842 3257 982 3310 Satis
1016 3257 1132 3308 huic
1153 3273 1211 3309 ea
1239 3255 1337 3324 fuit
1363 3255 1648 3324 objurgatio
1674 3270 1704 3304 a
1739 3253 1857 3320 plu-

265 3347 414 3399 ribus
439 3362 459 3399 :
490 3347 782 3413 conﬁrmate
825 3347 977 3416 igitur
1011 3345 1063 3397 in
1102 3361 1212 3398 eum
1254 3346 1510 3398 caritatem
1539 3344 1614 3416 (2.
1653 3342 1770 3398 Cor.
1797 3341 1852 3397 2.

263 3435 349 3508 8).
380 3437 664 3507 Postquam
692 3437 830 3491 enim
863 3452 983 3491 eum
1019 3451 1355 3490 communem
1384 3436 1654 3489 inimicum
1686 3445 1736 3489 et
1763 3435 1858 3488 ad-

267 3531 568 3586 versarium
607 3530 792 3584 statuit
822 3529 1084 3584 universis
1108 3536 1163 3582 et
1191 3543 1219 3582 a
1248 3543 1406 3597 grege
1441 3529 1664 3582 exclusit
1698 3537 1855 3595 atque

265 3636 298 3674 a
338 3637 568 3692 corpore
612 3621 836 3686 recidit,
865 3621 984 3675 vide
1011 3631 1209 3690 quanto
1231 3621 1283 3673 in
1311 3636 1430 3673 cum
1462 3619 1626 3672 utitur
1656 3618 1851 3684 studio,

267 3721 329 3765 ut
373 3727 495 3766 euut
538 3726 723 3766 rursus
765 3710 1051 3781 coniungat
1090 3719 1144 3765 et
1188 3719 1452 3764 annectat.
1510 3709 1623 3764 Non
1672 3710 1851 3775 modo,

265 3806 462 3858 Amate
493 3820 610 3856 cum
634 3847 648 3868 ,
690 3803 820 3858 dixit
854 3822 868 3858 :
902 3804 995 3858 sed
1015 3846 1030 3870 ,
1062 3803 1367 3871 Con/irmate
1393 3820 1544 3872 super
1581 3820 1692 3856 eum
1720 3803 1854 3856 cari-

265 3903 420 3947 tatem
447 3937 460 3958 ,
495 3894 545 3947 id
571 3903 670 3960 est,
702 3893 904 3948 firmam
937 3904 989 3948 et
1017 3895 1341 3948 immobilem
1371 3896 1421 3948 in
1444 3910 1563 3949 eum
1587 3895 1853 3948 ostendite

277 3986 605 4050 amicitiam,
656 3985 916 4040 (alentem
966 3987 1248 4056 quamdam
1299 3997 1353 4040 et
1403 3986 1653 4040 fervidam
1695 3996 1852 4055 atque

267 4078 490 4147 ignitam
517 4095 529 4129 :
562 4076 964 4146 mquivalcntem
998 4078 1156 4147 priori
1189 4077 1477 4131 inimicitiae
1509 4076 1849 4130 dilectionem

265 4169 484 4224 inferte.
506 4169 640 4236 Quid
661 4169 857 4223 factum
879 4179 978 4237 est,
1001 4169 1224 4239 quteso?
1253 4183 1428 4223 nonne
1452 4169 1708 4223 tradidisti
1730 4185 1851 4224 eum

266 4262 510 4315 satana?
547 4261 644 4329 lta,
674 4261 865 4331 inquit,
893 4261 986 4317 sed
1026 4279 1130 4319 non
1157 4279 1262 4334 quo
1294 4264 1347 4318 in
1377 4263 1621 4318 manibus
1648 4272 1845 4316 satante

267 4364 618 4422 permaneat,
667 4353 758 4407 sed
787 4363 844 4408 ut
871 4355 938 4409 ab
967 4354 1081 4424 ejus
1123 4356 1404 4427 tyrannide
1440 4359 1546 4410 cito
1575 4357 1848 4411 liberetur.

268 4443 338 4498 Et
383 4444 830 4512 quemadmodum
883 4444 1032 4511 dixi,
1080 4447 1358 4501 coitsidera
1409 4463 1566 4517 quam
1617 4447 1850 4500 timuerit

265 4535 694 4602 desperationem
765 4536 956 4590 Paulus
1031 4546 1298 4605 tamquam
1351 4553 1593 4608 magnam
1651 4537 1848 4591 diaboli

267 4638 594 4679 armaturam
639 4642 808 4681 :cum
853 4627 1074 4682 dixisset
1120 4630 1304 4683 enim:
1350 4629 1656 4697 Con/innate
1701 4643 1851 4696 super

260 4734 380 4770 cum
406 4719 699 4782 caritatem;
722 4728 774 4772 et
797 4733 1009 4773 causam
1035 4719 1212 4785 addit,
1240 4718 1323 4774 Ne
1347 4723 1475 4791 forte
1511 4723 1666 4774 nimia
1695 4722 1848 4775 tristi-

263 4808 338 4860 tia
361 4808 682 4862 absorbeatur
701 4809 787 4878 qui
813 4822 884 4863 est
913 4812 1158 4880 ejusmodi
1182 4810 1286 4881 (Ib.
1317 4828 1366 4866 υ.
1399 4813 1478 4883 7).
1515 4813 1569 4867 1η
1600 4813 1706 4883 lupi
1737 4814 1850 4868 fau-

263 4899 418 4952 cibus
465 4911 546 4954 est
591 4902 706 4955 ovis
749 4920 763 4955 :
807 4905 1189 4971 praeveniamus
1240 4905 1426 4976 igitur,
1483 4909 1849 4977 przeripiamus

267 5000 550 5058 antequam
585 4993 867 5046 absorbeat
911 5007 1000 5048 aut
1047 5007 1354 5065 corrumpat
1402 5009 1637 5053 nostrum
1682 5018 1849 5056 ntem-

269 5079 442 5132 brutn.
494 5081 822 5138 Periclitatur
864 5088 1010 5140 navis
1039 5105 1052 5138 :
1085 5089 1390 5158 pritISquam
1417 5092 1669 5146 obruatur
1690 5134 1704 5154 ,
1737 5095 1846 5148 cri-

266 5185 396 5239 pere
417 5172 686 5243 naufragio
705 5177 1030 5230 Studeamus.
1062 5178 1514 5246 Quemadmodum
1545 5186 1684 5237 enim
1713 5185 1846 5238 mari

267 5276 390 5317 sese
419 5264 636 5319 tollente
665 5277 718 5320 et
748 5266 992 5324 fluctibtts
1039 5285 1204 5339 usque
1243 5273 1309 5324 ad
1353 5289 1615 5326 summum
1644 5291 1703 5328 se
1731 5276 1843 5330 cle-

263 5355 516 5409 vantibus
535 5397 551 5421 ,
597 5360 788 5426 salpba
816 5359 1145 5431 demergitur
1176 5380 1188 5416 :
1217 5363 1295 5417 sic
1323 5373 1377 5418 et
1400 5365 1572 5419 anima
1615 5367 1845 5438 undique

263 5463 502 5504 merere
530 5450 853 5507 circumdata
874 5495 888 5517 ,
929 5457 1180 5510 velociter
1206 5457 1495 5514 suffocatur
1516 5503 1530 5527 ,
1579 5463 1631 5515 ni
1663 5477 1844 5531 quem-

267 5545 406 5607 piam
435 5542 679 5598 habuerit
700 5547 785 5616 qui
816 5564 1026 5602 tuanum
1057 5552 1324 5620 porrigat:
1359 5561 1413 5605 et
1448 5569 1566 5622 qum
1599 5555 1844 5610 salutaris

268 5631 316 5681 in
349 5637 582 5702 peccatis
606 5645 688 5690 est
715 5639 962 5694 mastitia
986 5680 1002 5710 ,
1044 5642 1266 5697 exitialis
1307 5651 1385 5696 est
1426 5644 1468 5698 si
1499 5643 1841 5702 immoderata

1442 207 1529 263 DE
1568 201 2032 263 ΡΟΕΝΙΤΕΝΤΙΑ.
2074 203 2299 264 1101111..
2344 209 2384 264 1.

3425 212 3534 271 282

1969 319 2055 371 sit.
2106 323 2179 373 Ae
2226 322 2345 375 vide
2391 323 2660 392 quomodo
2705 337 2951 382 accurate
3004 325 3252 400 loquutus
3300 327 3369 385 sit
3397 347 3412 385 :
3440 345 3546 387 non

1967 413 2106 468 enim
2133 413 2282 473 dixit,
2329 413 2405 469 Nc
2440 417 2578 470 hunc
2606 415 2844 472 diabolus
2881 419 3065 489 perdat
3096 440 3107 474 :
3139 421 3231 477 sed
3260 421 3431 492 quid”!
3481 425 3549 480 Εἰ

1969 521 2067 561 non
2095 507 2542 561 circumveniantur
2571 525 2602 562 a
2628 520 2804 563 satana
2833 508 2888 580 (2
2913 509 3028 567 Cor.
3055 512 3110 566 2.
3147 512 3256 586 11).
3309 515 3548 569 Circum-

1966 600 2148 654 venire
2177 611 2348 653 autem
2380 601 2464 654 bie
2490 611 2568 654 est
2602 603 2771 656 aliena
2801 606 3173 672 Concupiscere
3208 626 3220 661 :
3260 608 3548 664 ostendens

1969 691 2124 761 igitur
2164 692 2332 760 ipsum
2366 693 2595 746 alienum
2623 693 2690 746 ab
2720 707 2783 746 eo
2806 693 2873 748 de
2899 705 3094 748 C(l'le‘O
3123 695 3316 750 factum
3337 740 3352 761 ,
3388 707 3547 768 atque

1969 783 2018 835 in
2073 783 2266 836 Christi
2314 798 2526 852 gregem
2583 799 2642 837 sc
2692 799 2788 852 per
2835 785 3198 853 pmnitcntiam
3245 787 3542 853 reduxisse,

1965 876 2038 926 ait
2062 916 2076 938 ,
2107 873 2190 927 Ne
2226 875 2668 927 circumveniantur
2694 892 2724 926 a
2745 885 2938 928 satana.
2991 876 3046 930 Si
3088 877 3228 930 enim
3255 877 3321 932 de
3350 887 3545 932 caetero

1966 966 2375 1035 comprehendat
2401 977 2554 1030 cum,
2601 977 2836 1022 nostrum
2892 970 3059 1038 rapiet
3107 971 3440 1035 membrum,
3476 970 3545 1027 de

1965 1071 2124 1126 grege
2179 1071 2330 1111 ovem
2382 1059 2676 1127 Sttrripiet:
2723 1075 2842 1112 nam
2904 1061 3212 1127 pmttitenlia
3263 1071 3541 1132 peccatum

1964 1148 2225 1217 deposuit.

2035 1241 2198 1294 Iudas
2249 1241 2290 1295 si
2338 1257 2438 1294 non
2485 1241 2829 1310 desperasset,
2879 1241 3090 1294 salutem
3143 1254 3542 1305 consequuturus

1966 1339 2088 1386 erat.
2139 1363 2209 1372 -—
2249 1333 2435 1387 Sciens
2482 1334 2638 1403 igitur
2670 1333 2860 1387 Paulus
2893 1334 3015 1402 quid
3067 1333 3260 1387 feCerat
3305 1334 3548 1388 diabolus

1964 1424 2134 1492 Judm,
2164 1425 2336 1478 timuit
2356 1441 2422 1480 ne
2447 1425 2528 1478 hic
2556 1427 2776 1479 fortasse
2804 1425 2940 1479 idem
2967 1426 3178 1480 faceret.
3204 1425 3337 1494 Quid
3365 1437 3542 1482 autem

1963 1516 2088 1572 fecit
2117 1517 2166 1570 in
2196 1516 2366 1572 Juda‘!
2395 1517 2647 1571 Pmnituit
2667 1517 2854 1570 Judam
2884 1535 2897 1571 :
2927 1515 3177 1584 Peccavi,
3213 1517 3400 1586 inquit,
3435 1527 3546 1571 tra-

1964 1608 2086 1662 deus
2131 1610 2422 1679 sanguinem
2458 1616 2654 1677 justum
2686 1605 2895 1678 (Matt/1.
2919 1608 3008 1661 9.7.
3041 1609 3095 1680 4)
3139 1626 3151 1660 :
3189 1609 3386 1662 audivit
3428 1607 3546 1662 hrec

1964 1699 2123 1752 verba
2154 1700 2414 1761 diabolus,
2445 1699 2591 1752 novit
2619 1715 2738 1751 eum
2768 1700 2818 1752 in
2849 1700 3036 1752 melius
3061 1701 3198 1752 viam
3241 1700 3373 1753 inire
3399 1709 3450 1753 ct
3475 1699 3542 1753 ad

1965 1791 2186 1845 salutem
2219 1790 2454 1855 tendere,
2485 1791 2758 1860 timuitque
2786 1792 3150 1845 mutationem.
3185 1791 3540 1856 Clementem,

1966 1881 2152 1950 inquit,
2179 1881 2450 1935 dominum
2475 1881 2630 1935 habet
2658 1900 2669 1934 :
2697 1883 2782 1952 qtti
2812 1897 2930 1937 cum
2956 1897 3013 1937 se
3042 1884 3328 1939 traditurus
3352 1883 3542 1951 fuerat,

1965 1972 2191 2040 ploravit
2233 1989 2244 2024 :
2278 1983 2436 2042 atque
2478 1975 2644 2041 ipsum
2676 1973 2823 2027 miris
2852 1977 3157 2043 provocavit
3187 1976 3393 2040 modis;
3450 1994 3546 2030 ano

1965 2079 2070 2118 non
2111 2064 2277 2118 multo
2307 2067 2474 2136 magis
2512 2068 2854 2135 ptenitenlem
2885 2068 3179 2137 suscipiet?
3208 2069 3542 2124 Obstinalum

1965 2166 2019 2213 et
2046 2159 2394 2212 incorrectum
2423 2159 2600 2212 allexit
2627 2169 2679 2213 et
2712 2160 2955 2223 vocavit;
2988 2175 3163 2215 nonne
3187 2163 3351 2215 multo
3379 2163 3546 2231 magis

1962 2259 2256 2303 correctum
2287 2259 2339 2303 et
2370 2261 2640 2317 peccatum
2685 2261 3059 2319 agnoscentem
3093 2251 3304 2304 trahet?
3349 2253 3545 2306 idcirco

1963 2342 2104 2395 enim
2147 2341 2535 2410 crucifigendus
2580 2342 2739 2394 venit.
2789 2341 2922 2408 Quid
2965 2357 3093 2412 ergo
3143 2342 3304 2396 fecit?
3359 2344 3544 2396 Exter-

1964 2433 2067 2485 ruit
2096 2447 2215 2486 cum
2244 2441 2297 2486 et
2319 2432 2688 2486 obtenebravit
2718 2433 2964 2486 tntnroris
2993 2433 3346 2501 magnitudine
3374 2474 3385 2494 ,
3414 2447 3538 2501 pcr-

1963 2530 2214 2590 sequutus
2244 2529 2343 2586 est,
2378 2521 2582 2588 impulit
2616 2521 2786 2575 donec
2811 2520 2875 2575 ad
2908 2522 3151 2591 laqueum
3182 2521 3352 2585 duxit,
3384 2533 3544 2592 atque

1963 2625 1995 2665 e
2021 2611 2270 2681 praesenti
2295 2611 2478 2667 eduxit
2504 2613 2608 2665 vita
2630 2651 2645 2676 ,
2677 2611 3107 2680 panitentiaaque
3134 2612 3403 2680 proposito
3432 2627 3544 2681 prt-

1963 2703 2122 2758 vavit.
2158 2702 2307 2768 Quod
2333 2703 2476 2756 enim
2508 2703 2551 2756 si
2582 2703 2839 2766 vixisset,
2872 2712 2922 2756 ct
2965 2705 3076 2770 ipse
3103 2702 3328 2756 salutem
3351 2715 3544 2757 conse-

1962 2804 2222 2864 quuturus
2249 2804 2390 2849 esset
2409 2837 2422 2860 ,
2464 2795 2636 2863 palam
2664 2803 2744 2848 est
2773 2809 2840 2848 ex
2868 2794 3288 2848 crucitixoribus.
3323 2793 3377 2848 Si
3399 2794 3542 2848 enim

1964 2887 2062 2941 bos
2090 2888 2179 2957 qui
2206 2903 2326 2942 eum
2357 2889 2730 2941 cruciﬁxeraut
2755 2887 2924 2940 Salute
2949 2887 3196 2948 donavit,
3240 2896 3291 2940 et
3339 2887 3449 2956 ipse
3489 2888 3541 2941 in

1961 2995 2119 3034 cruce
2174 2979 2438 3034 exsistens
2486 2981 2690 3048 rogavit
2748 2979 2995 3043 Patrem,
3056 2978 3540 3048 indulgentiamun

1963 3079 2122 3124 tanta:
2163 3070 2400 3124 audaciae
2437 3069 2722 3140 postulavit
2763 3085 2777 3123 :
2819 3078 3028 3124 constat
3079 3069 3218 3138 quod
3269 3077 3323 3124 et
3369 3069 3542 3141 ipsum

1961 3163 2284 3233 proditorem
2321 3163 2478 3233 digne
2515 3165 2858 3233 pmnitentcm
2902 3178 3021 3216 cum
3059 3162 3202 3215 omni
3235 3172 3540 3217 mansuetu-

1958 3257 2084 3309 dine
2132 3257 2489 3326 suscepisset;
2538 3255 2630 3308 sed
2678 3254 2766 3310 ille
2808 3255 2858 3308 in
2905 3254 3144 3308 remedio
3174 3270 3389 3308 manere
3433 3269 3541 3308 non

1962 3347 2110 3408 tulit,
2159 3359 2389 3400 mcerore
2429 3345 2592 3398 nimio
2617 3344 2919 3412 abStlrplus.
2979 3343 3028 3397 ld
3083 3343 3239 3411 igitur
3269 3353 3320 3398 et
3347 3343 3540 3396 Paulus

1961 3440 2191 3504 timens,
2246 3438 2549 3493 Corinthios
2598 3437 2916 3491 sollicitabat
2969 3436 3176 3504 eripere
3220 3451 3247 3487 a
3300 3433 3540 3488 faucibus

1956 3529 2150 3581 diaboli
2186 3531 2473 3582 hominem.
2522 3527 2588 3581 Et
2614 3527 2736 3597 quid
2763 3541 2896 3595 OptlS
2927 3534 3008 3580 est
3037 3526 3103 3580 de
3140 3525 3427 3580 Cerintbiis
3453 3523 3538 3577 di~

1955 3623 2118 3676 cere?
2159 3620 2346 3675 Petrus
2375 3619 2514 3674 enim
2547 3630 2667 3687 post
2693 3618 3064 3688 mysteriorum
3105 3617 3533 3671 communionem

1958 3723 2039 3768 ter
2065 3722 2254 3783 negat,
2303 3721 2358 3767 et
2398 3712 2612 3779 plorans
2637 3709 2832 3763 delevit
2861 3709 3036 3761 omnia
3073 3725 3087 3762 :
3125 3707 3317 3762 Paulus
3347 3721 3531 3776 perse-

1955 3815 2183 3876 quutor,
2234 3803 2574 3872 blasphemus
2601 3811 2655 3856 et
2699 3799 3151 3864 cootumeliusus,
3205 3812 3308 3850 non
3355 3797 3531 3851 cruci-

1956 3897 2116 3950 fixum
2143 3895 2336 3961 modo,
2369 3893 2462 3949 sed
2491 3894 2630 3948 illius
2669 3893 2944 3946 universos
2984 3904 3330 3961 persequens,
3366 3889 3535 3959 paeni-

1956 3986 2118 4041 tentia
2169 3985 2398 4048 d’uctus,
2451 3984 2725 4053 apostolus
2769 3982 3018 4037 efllcitur.
3078 3979 3261 4036 Solum
3310 3997 3338 4033 a
3383 3980 3536 4034 nobis

1957 4078 2093 4132 Deus
2120 4078 2451 4131 occasionem
2473 4075 2556 4129 vel
2585 4087 2796 4144 parvam
2825 4073 3064 4144 requirit,
3110 4082 3267 4142 atque
3289 4076 3534 4126 universa

1953 4169 2171 4222 dimittit
2201 4167 2353 4221 nobis
2377 4177 2613 4236 peccata.
2670 4165 2845 4218 Dicam
2868 4165 3018 4218 vobis
3046 4171 3098 4219 et
3128 4162 3429 4233 parabolam
3456 4161 3533 4216 id-

1954 4259 2126 4328 ipsum
2154 4258 2576 4312 confirmantem.

2023 4352 2076 4405 4.
2096 4352 2208 4404 Duo
2230 4349 2442 4420 quidam
2462 4357 2613 4404 erant
2633 4347 2842 4412 fratres,
2867 4356 3190 4417 paternaque
3208 4345 3373 4400 divisa
3400 4344 3529 4400 sub-

1953 4443 2169 4505 stantia,
2205 4442 2394 4495 horum
2427 4455 2564 4494 unus
2599 4438 2812 4508 quidem
2842 4437 2984 4491 domi
3032 4437 3246 4498 mansit,
3279 4436 3414 4490 alter
3435 4451 3534 4490 au-

1953 4548 2058 4592 tem
2103 4546 2290 4591 cuncta
2339 4551 2456 4606 quae
2504 4535 2852 4596 obvenerant,
2895 4533 3210 4596 comedens,
3245 4532 3410 4600 patria
3435 4544 3532 4584 es-

1954 4629 2113 4684 torris
2153 4629 2323 4684 factus
2368 4637 2501 4693 erat,
2550 4626 2870 4696 paupertatis
2909 4641 3014 4679 non
3061 4624 3236 4678 ferens
3276 4622 3528 4693 pudorem

1953 4721 2102 4793 (Luc.
2135 4721 2220 4775 15.
2251 4721 2334 4775 ll.
2357 4721 2488 4792 sqq).
2513 4718 2660 4774 Hanc
2681 4727 2858 4773 autem
2884 4717 3188 4788 parabolam
3219 4716 3270 4770 in
3297 4713 3528 4769 medium

1951 4816 2150 4870 idcirco
2184 4815 2398 4886 protuli,
2427 4829 2534 4883 quo
2574 4811 2753 4867 sciatis
2789 4821 2844 4866 et
2887 4821 3220 4880 peccatorum
3262 4824 3378 4879 qute
3408 4814 3529 4878 post

1952 4907 2211 4977 baptisma
2239 4906 2647 4971 contrahuntur,
2688 4904 3059 4958 remissionem
3085 4916 3238 4964 esse,
3272 4901 3316 4953 si
3355 4908 3528 4952 atten-

1949 4998 2139 5051 damus
2163 5013 2176 5051 :
2203 4997 2323 5051 dico
2365 5007 2538 5050 autem
2571 5011 2674 5050 non
2721 4996 2792 5050 uti
2819 4995 2884 5048 ad
2913 4995 3153 5048 inertiam
3180 4989 3527 5058 compellam,

1948 5089 2042 5144 sed
2065 5098 2170 5143 uta
2190 5089 2562 5159 desperatione
2589 5102 2834 5142 revocem
2861 5102 2873 5144 :
2907 5100 3024 5138 nam
3047 5082 3342 5151 deSperatio
3366 5095 3526 5150 quam

1950 5183 2140 5236 inertia
2184 5183 2386 5252 majora
2432 5181 2586 5236 nobis
2620 5177 2826 5234 confert
2862 5177 3016 5229 mala.
3051 5175 3148 5228 Hic
3187 5174 3345 5243 igitur
3389 5172 3528 5227 ﬁlius

1947 5289 2156 5340 eorum,
2183 5275 2270 5343 qui
2300 5286 2418 5344 post
2447 5272 2707 5343 baptisma
2742 5269 2874 5338 lapsi
2915 5277 3056 5329 sunt,
3091 5266 3373 5334 imaginem
3415 5281 3522 5336 pra:

1947 5380 2006 5421 se
2033 5364 2166 5432 fert;
2199 5380 2292 5419 eos
2317 5366 2457 5419 enim
2489 5367 2578 5435 qui
2608 5373 2728 5434 post
2747 5362 3066 5432 baptismum
3099 5359 3230 5430 lapsi
3258 5369 3380 5413 sunt
3405 5373 3526 5414 eum

1947 5459 2248 5530 significare
2294 5457 2416 5512 hinc
2457 5465 2699 5521 constat,
2746 5455 2888 5525 quod
2938 5454 3076 5509 illius
3119 5452 3368 5508 dicatur:
3407 5467 3528 5507 nam

1949 5563 2098 5609 extra
2129 5552 2447 5623 baptismum
2486 5565 2644 5605 nemo
2685 5550 2776 5604 lilii
2803 5549 3164 5620 appellatione
3201 5547 3522 5602 nominatur.

1952 5645 2014 5701 Et
2035 5645 2248 5701 domum
2277 5643 2606 5698 habitaverat
2629 5653 2924 5715 paternam,
2948 5648 3000 5694 et
3018 5650 3290 5712 paternam
3311 5652 3524 5695 omnem

3509 5783 3522 5790 ι
3541 5737 3588 5781 .\\
