4036 6206
556 128 671 182 383

553 322 774 397 paterna
814 333 1078 404 accipere,
1121 350 1295 407 neque
1334 339 1686 400 hereditatem
1733 351 1986 420 consequi
2018 368 2031 406 :
2068 352 2141 407 ita

555 428 614 472 ut
632 436 708 474 ex
752 420 834 477 his
877 425 1126 481 omnibus
1169 426 1403 484 ﬁdelium
1447 442 1617 488 status
1654 435 2019 495 adumbretur.
2071 441 2139 497 Et

553 512 707 581 probi
746 512 911 568 frater
933 526 1079 581 erat;
1110 516 1275 574 frater
1307 536 1438 576 vero
1482 525 1601 580 sine
1625 525 1886 596 spirituali
1911 546 2136 601 regene-

555 603 761 658 rationc
787 620 1118 676 nequaquam
1147 607 1430 667 fueritJiic
1458 613 1616 684 igitur
1640 617 1704 671 ad
1732 632 1993 675 summam
2018 637 2136 676 ma-

550 692 721 747 litiam
739 694 1010 765 delapsus,
1035 700 1159 768 quid
1182 701 1388 772 inquit?
1412 704 1737 763 Revertarad
1756 722 1949 781 patrem
1971 732 2137 770 meum

558 783 709 853 (Luc.
740 788 825 839 15.
854 786 963 859 18).
990 789 1278 860 Propterea
1302 794 1443 851 hunc
1469 808 1620 867 pater
1643 800 1933 871 dimiserat,
1962 822 2136 877 neque

559 874 928 944 prohibuerat,
960 882 1246 949 quominus
1290 885 1341 939 in
1371 892 1642 958 regionem
1685 891 1858 949 abiret
1882 894 2131 960 alienam,

553 975 815 1031 quatenus
854 972 1221 1038 experimento
1265 974 1497 1033 disceret
1546 992 1825 1049 accurate,
1875 996 2132 1056 quantum

554 1053 869 1113 beneficium
891 1065 1183 1133 susceperit
1203 1064 1346 1123 domi
1362 1085 1602 1126 manens.
1627 1072 1781 1145 Sche
1805 1053 1947 1131 enim
1971 1078 2129 1143 Deus,

553 1160 675 1201 cum
700 1148 857 1203 dictis
900 1153 1077 1210 minus
1128 1157 1343 1222 suadet,
1376 1177 1554 1217 rerum
1603 1167 1985 1235 experimentis
2028 1170 2129 1225 do-

551 1238 778 1293 ctrinam
802 1244 1081 1309 permittit.
1112 1246 1263 1314 Quod
1299 1261 1354 1305 et
1374 1252 1439 1307 ad
1474 1253 1690 1313 Judceos
1715 1258 1925 1316 dicebat
1948 1277 1966 1315 :
1990 1278 2127 1333 quo-

550 1327 689 1381 niam
720 1331 929 1399 quidem
959 1334 1162 1391 inﬁnita
1201 1356 1299 1409 per
1336 1345 1624 1414 prophetas
1668 1350 1829 1405 verba
1859 1368 1980 1408 cum
2007 1327 2129 1409 ’ἰηι-

549 1420 841 1489 pcndisset,
870 1440 973 1479 non
1019 1431 1187 1484 suasit
1229 1449 1402 1502 neque
1442 1438 1642 1506 illexit;
1676 1445 1990 1511 permittens
2031 1463 2128 1503 eos

547 1523 642 1575 per
694 1511 898 1582 ﬂagella
948 1522 1189 1590 corrigi,
1247 1525 1376 1581 dicit
1416 1529 1517 1584 illis
1568 1549 1582 1585 :
1632 1533 1882 1603 Corripiet
1946 1548 1993 1591 te
2048 1556 2127 1593 re-

546 1601 692 1655 bellio
722 1612 895 1669 lua,et
917 1612 1111 1663 malitia
1145 1624 1239 1667 tua
1264 1629 1441 1688 arguet
1484 1631 1531 1675 te
1554 1622 1686 1693 (Jer.
1720 1601 1788 1678 2.
1818 1625 1926 1699 19).
1951 1628 2124 1699 Opor-

545 1702 720 1748 tucrat
793 1698 964 1767 ipsum
1045 1705 1258 1772 quidem
1336 1710 1440 1765 [ide
1494 1713 1709 1782 dignum
1780 1698 2123 1777 liaberin‘el

540 1796 664 1839 ante
696 1788 927 1855 ipsarum
955 1808 1130 1848 rerum
1153 1809 1399 1854 eventum
1422 1819 1435 1866 ;
1458 1807 1706 1873 quoniam
1734 1824 1859 1863 vero
1880 1819 1985 1865 tam
2014 1824 2125 1867 stu-

538 1873 650 1940 pidi
678 1875 907 1941 fuerunt,
937 1891 993 1935 ut
1020 1899 1084 1938 co
1108 1900 1356 1944 monente
1384 1903 1436 1946 ct
1462 1897 1773 1953 consulente
1804 1915 1907 1955 non
1930 1904 2120 1959 crede-

538 1975 677 2033 rent,
708 1986 828 2023 cum
867 1988 960 2028 eos
1003 1978 1149 2044 prius
1175 1986 1536 2055 repressisset,
1578 2005 1645 2044 ne
1672 1994 1887 2049 malitia:
1915 1996 2121 2052 obtem-

536 2071 807 2127 perarent,
839 2068 1078 2133 permisit
1104 2085 1199 2127 eos
1227 2090 1401 2129 rerum
1423 2090 1618 2135 eventu
1648 2087 1861 2156 corrigi,
1894 2104 2000 2159 quo
2036 2092 2117 2146 vel

533 2147 613 2201 sic
656 2164 750 2204 eos
789 2168 1149 2225 recuperaret.
1182 2162 1466 2235 Postquam
1499 2171 1656 2239 igitur
1681 2178 1981 2234 concedens
2029 2181 2116 2237 ille

529 2239 803 2311 prodigus,
854 2247 905 2300 in
946 2250 1171 2306 alienam
1210 2264 1403 2311 terram
1452 2262 1611 2318 rebus
1643 2265 1768 2335 ipsis
1813 2270 2111 2340 perdidicit,

529 2332 656 2400 quid
692 2336 815 2390 mali
841 2340 911 2393 sit
951 2352 1172 2412 paterna
1200 2348 1360 2404 domo
1407 2332 1683 2421 excidere,
1716 2370 1770 2415 et
1800 2332 1976 2430 rediit,
2006 2381 2111 2422 non

527 2419 627 2477 l'uit
656 2440 860 2483 memor
902 2432 1109 2501 injuria:
1154 2448 1338 2509 pater,
1382 2444 1474 2499 sed
1506 2449 1676 2515 passis
1713 2467 1837 2509 eum
1874 2460 2112 2528 suscepit

524 2515 789 2610 manibus.
818 2518 955 2587 Quid
1004 2525 1112 2580 ita?
1140 2528 1273 2595 Quia
1317 2543 1495 2603 pater,
1530 2553 1634 2593 non
1673 2541 1837 2610 judex
1880 2515 2111 2605 erat.'Et

524 2602 746 2663 chorem.
764 2614 815 2662 et
832 2613 1003 2680 epula:
1028 2626 1081 2670 et
1106 2617 1229 2674 festi
1259 2637 1553 2683 conventus
1577 2631 1769 2687 deinde
1799 2636 1921 2691 facti
1948 2650 2104 2708 sunt,

524 2692 748 2766 lanaque
776 2709 830 2754 et
855 2705 1092 2772 gaudens
1122 2720 1239 2766 erat
1263 2713 1472 2771 domus.
1510 2719 1645 2788 Quid
1674 2723 1845 2779 dicis?
1872 2692 2108 2789 limccine

520 2794 645 2839 sunt
671 2789 886 2846 malitia:
914 2798 1128 2864 prarmia
1151 2802 1174 2856 ἲ
1198 2802 1312 2859 Non
1353 2808 1589 2877 malitia‘,
1618 2828 1651 2867 ο
1674 2813 1855 2883 homo,
1892 2821 1983 2875 sed
2016 2839 2104 2878 re-

516 2872 660 2932 ditus
688 2897 702 2932 :
733 2897 837 2937 non
865 2891 1089 2957 peccati,
1121 2893 1214 2949 sed
1247 2872 1617 2966 paenitentiae
1652 2918 1755 2963 non
1784 2909 2101 2981 improbita-

517 2967 605 3074 tis,
631 2971 723 3026 sed
751 2973 802 3028 in
829 2979 1021 3034 melius
1052 2988 1359 3045 mutationis
1387 3008 1404 3047 :
1441 3002 1497 3048 et
1525 2998 1666 3064 quod
1694 3009 1777 3055 est
1812 2967 2004 3074 majus,
2033 3006 2102 3064 de

514 3053 599 3111 his
627 3059 928 3133 indignatus
966 3080 1049 3126 est
1078 3073 1250 3145 major
1288 3079 1456 3149 ﬁlius;
1508 3053 1593 3141 hic
1619 3100 1797 3146 autem
1834 3053 2099 3165 eripsum

512 3162 786 3208 mansuete
813 3159 1104 3231 mitigavit,
1132 3166 1317 3226 dicens
1347 3190 1363 3227 :
1393 3173 1646 3241 Quoniam
1673 3191 1725 3235 tu
1748 3159 2091 3253 quidem-sem.

508 3340 625 3388 tuus
645 3346 772 3404 erat,
788 3351 839 3395 et
851 3344 1354 3420 revixit(Lue.lS,5l
1370 3396 1383 3406 .
1409 3357 1520 3428 32).
1541 3358 1674 3416 Cum
1688 3379 1818 3421 vero
1830 3370 2091 3437 perditum

502 3437 722 3482 servare
747 3442 979 3502 oportet,
1014 3436 1201 3509 inquit,
1234 3458 1340 3500 non
1376 3446 1561 3516 judicii
1611 3436 1951 3526 tempuscst,
2000 3478 2092 3518 nc-

502 3528 607 3624 que
651 3518 943 3581 subtilioris
994 3532 1285 3602 examinis,
1335 3538 1430 3594 sed
1470 3518 1767 3603 clementia:
1814 3518 2090 3624 venusque

1273 3601 1276 3602 ,
1749 3601 1760 3603 ν
1828 3601 1833 3602 ⁷
1855 3601 2088 3624 """‘I""

502 3601 798 3667 dumtaxat.
844 3613 1032 3675 Nullus
1063 3624 1205 3679 enim
1237 3628 1499 3698 medicus,
1533 3636 1699 3692 misso
1729 3642 2088 3701 medicamen-

498 3705 674 3756 torum
705 3719 824 3770 usu,
871 3708 1269 3774 incontinentia:
1297 3737 1480 3791 poenas
1522 3727 1590 3783 ab
1619 3744 1684 3785 eo
1726 3736 1983 3806 exegerit.
2028 3739 2084 3795 Si

494 3805 624 3846 vero
653 3812 840 3865 patinas
868 3817 988 3859 eum
1026 3807 1155 3865 dare
1182 3817 1437 3883 oportuit,
1477 3822 1606 3877 satis
1632 3805 1930 3896 poenarum,
1960 3846 2081 3887 cum

496 3879 548 3933 in
579 3884 753 3940 aliena
796 3890 1016 3959 regione
1048 3879 1293 3956 versat—us
1324 3915 1426 3970 est,
1470 3908 1639 3965 dedit.
1678 3913 1848 3972 Tanto
1872 3920 2013 3975 enim
2048 3938 2079 3977 a

492 3970 649 4027 nobis
677 3985 918 4047 tempore
939 3997 1265 4058 segregatus,
1297 3992 1434 4051 fame
1460 3997 1827 4075 dedecoreque
1848 4023 1909 4063 ac
1940 4024 2079 4066 sum-

493 4062 595 4170 mis
621 4066 956 4128 conﬂictatus
999 4078 1173 4145 malis,
1199 4080 1517 4142 laborabat:
1561 4062 1841 4162 propterea
1884 4062 2071 4170 inquit,

1562 4148 1577 4160 .
1662 4148 1675 4162 .
1732 4148 1763 4149 π
1788 4148 1841 4151 τῇ
1884 4148 2071 4170 ----ι“--ἰ

492 4148 747 4223 Perierat,
776 4171 822 4213 et
850 4163 1079 4223 iuventus
1101 4180 1173 4224 est
1203 4188 1223 4225 :
1244 4187 1471 4232 mortuus
1496 4192 1622 4248 erat,
1653 4196 1700 4237 et
1726 4189 1923 4243 revixit.
1957 4192 2071 4249 Non

489 4243 652 4307 enim,
688 4247 877 4319 inquit,
919 4259 1136 4315 attende
1165 4269 1469 4333 prmsentia,
1500 4273 1592 4327 sed
1634 4275 1825 4343 prioris
1853 4283 2073 4339 calami-

488 4333 613 4387 tatis
641 4339 1057 4407 magnitudinem
1088 4354 1367 4411 considera
1397 4376 1411 4412 :
1445 4358 1663 4418 fratrem
1690 4366 1932 4437 intueris,
1960 4389 2066 4431 non

482 4421 715 4480 alienum
744 4445 756 4479 :
785 4431 851 4484 ad
882 4445 1084 4502 patrem
1114 4456 1360 4501 reversus
1382 4458 1481 4514 est,
1515 4454 1603 4522 qui
1632 4456 1866 4524 priorum
1891 4477 1958 4517 ne
1984 4466 2065 4519 vel

484 4514 763 4575 minimum
786 4528 1054 4586 recordari
1087 4544 1295 4603 potest;
1330 4544 1497 4613 magis
1528 4563 1655 4603 vero
1675 4566 1861 4608 eorum
1889 4558 2062 4613 solum

1263 135 1319 190 &
1360 133 1637 196 JOANNIS
1671 140 2146 204 CllRYSOSTOHl
2183 148 2504 208 ARCHI'EP.
2540 152 3077 214 CONSTANTINOP.

554 240 907 298 urbsuntiam
927 243 1211 311 diviserat;
1240 256 1365 305 ante
1390 251 1651 322 baptisma
1677 264 1852 312 autem
1884 274 1988 315 non
2019 262 2143 319 licet

3690 173 3777 233 ‘23!

2248 265 2631 336 reminiscitur,
2659 285 2779 341 qua:
2798 272 2863 327 ad
2894 275 3340 345 eompassionem,
3368 281 3779 358 misericordiam,

2248 358 2587 414 clementiam
2611 402 2628 425 ,
2660 361 3041 434 indulgentiam
3077 367 3289 425 trahere
3326 382 3543 441 possunt
3567 378 3778 445 genitori-

2240 447 2346 504 bus
2374 451 2849 509 accommodatam.
2879 455 3169 526 Propterea
3195 475 3304 515 non
3324 478 3444 533 qua:
3484 466 3621 531 iecit,
3645 468 3778 537 dixit,

2242 538 2339 593 sed
2360 555 2481 611 quae
2514 555 2702 611 passus
2725 554 2807 600 est
2837 564 2853 601 :
2882 562 2992 602 non
3033 549 3173 620 quod
3203 553 3554 610 substantiam
3595 558 3781 630 dissipa-

2243 631 2401 695 verit,
2433 635 2698 699 meminit,
2744 637 2836 692 sed
2873 641 3016 709 quod
3059 642 3355 698 innumeris
3380 646 3695 705 conﬂictatus
3728 654 3783 706 sit

2241 724 2415 778 malis.
2448 725 2537 782 Sic
2561 735 2616 782 et
2640 743 2792 783 ovem
2832 738 2982 786 tanto
3020 734 3197 788 studio
3222 737 3497 805 quaesivit,
3542 740 3623 795 vel
3654 742 3779 797 etiam

2242 813 2434 883 majori
2469 833 2484 870 :
2527 816 2615 873 hic
2647 819 2790 875 enim
2819 819 2935 890 ipse
2963 820 3120 878 rediit
3165 824 3322 891 ﬁlius,
3364 826 3473 883 illic
3498 840 3668 885 autem
3693 832 3782 904 ipse

2239 906 2371 963 abiit
2424 919 2633 978 pastor,
2681 922 2737 966 et
2782 912 3057 970 inveniens
3103 917 3345 984 reduxit,
3384 929 3441 974 et
3485 920 3683 978 lzetatus
3719 935 3783 981 est

2239 1012 2402 1067 super
2445 1015 2509 1054 ea
2557 1002 2758 1073 magis,
2809 1020 2968 1075 quam
3014 1021 3174 1077 super
3222 1011 3449 1077 exteris,
3497 1029 3614 1083 qua:
3653 1015 3783 1071 salva.-

2239 1100 2409 1144 craut.
2444 1091 2579 1149 Vide
2600 1102 2778 1150 autem
2808 1098 3076 1167 quomodo
3104 1099 3348 1155 reduxit:
3378 1117 3485 1157 non
3516 1103 3782 1174 llagellavit,

2236 1182 2332 1234 sed
2372 1181 2554 1240 ferens
2601 1183 2840 1242 humeris
2866 1203 3055 1244 rursus
3091 1192 3237 1262 gregi
3272 1192 3505 1249 reddidit
3534 1192 3675 1266 (Luc.
3711 1198 3778 1253 l5.

2236 1271 2289 1325 4.
2320 1271 2398 1342 6).
2424 1273 2550 1329 [lace
2576 1276 2733 1347 igitur
2764 1278 3156 1350 intelligentes,
3190 1298 3294 1336 non
3336 1285 3497 1339 modo
3535 1302 3562 1339 a
3585 1287 3782 1343 redeuu-

2238 1362 2377 1417 tibus
2402 1380 2510 1419 non
2547 1369 2715 1423 averti
2752 1370 2939 1437 Deum,
2971 1372 3063 1427 sed
3102 1374 3202 1428 hoc
3229 1391 3331 1429 non
3366 1378 3562 1432 minori
3588 1396 3694 1434 eum
3715 1378 3782 1449 ju-

2234 1454 2541 1523 cunditate,
2583 1473 2742 1527 quam
2773 1460 2916 1529 ipsos
2946 1462 3033 1531 qui
3076 1472 3221 1518 recte
3258 1480 3316 1519 se
3352 1469 3636 1536 gesserint,
3674 1470 3776 1526 reci-

2234 1559 2390 1614 pere:
2416 1563 2513 1603 nec
2534 1550 2695 1605 modo
2712 1566 2898 1621 preuas
2928 1568 3033 1608 non
3054 1556 3287 1625 exigere,
3310 1557 3402 1611 scd
3426 1559 3491 1612 ad
3518 1562 3780 1617 errantium

2232 1637 2627 1707 inquisitionem
2659 1644 2921 1712 proﬁcisci
2956 1664 2969 1701 :
3001 1661 3063 1701 ac
3102 1648 3171 1702 de
3200 1647 3281 1702 his
3325 1652 3557 1719 repertis
3586 1654 3783 1722 amplius

2229 1730 2447 1797 gaudet,
2481 1748 2637 1802 quam
2660 1734 2728 1790 de
2747 1739 2958 1793 caeteris
2981 1749 3093 1793 tuto
3111 1740 3161 1793 in
3184 1740 3300 1795 loco
3317 1747 3777 1810 perseverantibus;

2231 1820 2328 1887 ipsi
2374 1838 2550 1892 neque
2595 1827 2748 1880 malis
2797 1829 2992 1892 obruti,
3038 1846 3185 1900 spem
3234 1832 3585 1903 deponamus,
3638 1854 3783 1908 neque

2228 1910 2383 1966 bonis
2408 1914 2762 1982 abundantes,
2789 1922 3151 1989 confidamus;
3186 1924 3279 1978 sed
3306 1936 3359 1980 et
3387 1942 3510 1980 cum
3543 1940 3678 1983 recte
3702 1946 3782 1983 nos

2224 2005 2588 2072 gesserimus,
2617 2009 2927 2079 timeamus,
2959 2022 3015 2067 ut
3042 2029 3110 2069 ne
3140 2030 3234 2084 per
3256 2016 3629 2073 conﬁdentiam
3659 2019 3782 2075 laba-

2226 2110 2366 2160 mur,
2400 2108 2454 2153 et
2479 2110 2536 2153 ut
2563 2101 2695 2171 lapsi
2719 2105 3083 2173 pmnitentiam
3112 2123 3349 2178 agamus.
3376 2110 3530 2178 Quod
3562 2114 3692 2168 enim
3710 2114 3779 2167 in-

2223 2187 2431 2256 cipiens
2458 2192 2585 2257 dixi,
2616 2203 2673 2249 et
2700 2212 2841 2252 nunc
2866 2198 2987 2253 dico
3008 2240 3023 2265 ,
3059 2201 3165 2255 duo
3193 2202 3306 2257 hare
3336 2221 3349 2257 :
3381 2214 3610 2260 stantem
3637 2206 3782 2260 conli-

2220 2277 2385 2343 dere.
2437 2292 2493 2338 et
2547 2284 2835 2356 deSperare
2875 2289 3167 2359 iacentem,
3212 2292 3569 2363 proditionem
3616 2299 3780 2352 salutis

2219 2382 2417 2429 nostrm
2443 2390 2587 2432 esse.
2618 2379 2795 2447 Quare
2823 2392 3027 2438 stantes
3053 2387 3321 2442 cautiores
3350 2387 3582 2445 reddens
3606 2393 3778 2446 Paulus

2217 2462 2371 2529 dicit,
2409 2466 2511 2531 Qui
2540 2486 2595 2523 se
2617 2481 2766 2541 putat
2788 2484 2942 2540 stare,
2972 2476 3137 2530 videat
3168 2496 3234 2533 ne
3273 2480 3437 2534 cadat.
3476 2482 3545 2536 Et
3582 2486 3774 2540 iterum.

2216 2555 2393 2613 Timeo
2440 2577 2503 2614 ne
2550 2566 2683 2633 forte
2734 2567 2849 2620 aliis
2897 2569 3181 2638 prwdicans
3232 2572 3343 2642 ipse
3389 2576 3620 2645 reprobus
3662 2577 3777 2645 ﬁam

2220 2641 2270 2714 (ι
2299 2640 2423 2699 Cor.
2454 2645 2538 2700 10.
2562 2648 2656 2715 12ς
2683 2650 2735 2705 9.
2758 2652 2850 2723 27)
2876 2672 2892 2708 :
2927 2656 3169 2727 iacentes
3196 2640 3371 2718 autem
3402 2640 3625 2736 erigens,
3644 2640 3696 2721 et
3717 2667 3779 2721 ad

2212 2733 2439 2791 ulterius
2477 2741 2721 2800 excitans
2765 2745 3035 2809 studium,
3085 2733 3776 2812 testiﬁcabatur'Coriutliiis

2210 2825 2288 2880 sic
2315 2829 2581 2897 scribens,
2613 2833 2698 2889 Ne
2719 2840 2850 2907 forte
2878 2841 3063 2895 multo:
3092 2842 3327 2914 deﬂeam.
3356 2848 3442 2917 qui
3467 2859 3586 2903 ante
3609 2867 3775 2919 pecea-

2208 2929 2404 2986 verunt,
2434 2932 2480 2976 et
2516 2927 2859 2993 paenitentiam
2887 2946 2989 2986 non
3018 2944 3225 3004 egerunt
3264 2936 3338 3005 (2.
3368 2935 3486 2991 Cor.
3532 2939 3616 2994 12.
3642 2940 3728 3009 2i)
3757 2958 3772 2995 :

2206 3012 2497 3069 ostendens
2527 3032 2632 3071 non
2664 3026 2770 3073 tam
2799 3034 3113 3092 peccantes,
3146 3041 3301 3095 quam
3333 3043 3435 3083 non
3469 3032 3773 3100 poenitentes

2205 3101 2393 3173 dignos
2420 3106 2669 3179 lacrymis
2697 3126 2837 3168 esse.
2870 3114 2935 3169 Et
2959 3118 3215 3187 propheta
3236 3120 3300 3174 ad
3329 3122 3545 3177 eosdem
3574 3141 3588 3180 :
3620 3124 3773 3179 Nunt-

2201 3196 2327 3263 quid
2351 3198 2439 3264 qui
2462 3201 2619 3264 cadit,
2649 3219 2750 3257 non
2778 3208 3025 3279 resurgit,
3053 3218 3142 3261 aut
3168 3226 3370 3265 aversus
3395 3230 3493 3267 non
3524 3216 3772 3270 reuertitur

2202 3286 2335 3355 (Jer.
2362 3289 2415 3343 8.
2449 3292 2543 3361 4)2
2567 3293 2746 3362 Quare
2786 3306 2841 3353 et
2866 3299 3084 3354 eosdem
3114 3302 3403 3358 exhortans
3438 3306 3603 3362 David
3627 3308 3767 3373 dicit,

2202 3376 2372 3434 Hodie
2404 3382 2449 3435 si
2478 3398 2646 3439 vocem
2670 3388 2784 3452 eius
2824 3390 3126 3455 audieritis.
3164 3395 3319 3449 nolite
3345 3395 3599 3454 obdurare
3632 3399 3771 3453 corda

2196 3478 2359 3523 vestra
2396 3471 2527 3526 sicut
2568 3474 2622 3528 in
2653 3478 3031 3535 exacerbatione
3068 3480 3239 3551 (Ρωι.
3280 3484 3368 3541 94.
3400 3487 3478 3557 8).
3522 3488 3769 3555 Quamdiu

2197 3558 2359 3629 igitur
2386 3564 2538 3619 hodie
2573 3565 2789 3630 dicitur.
2822 3585 2893 3626 ne
2925 3572 3161 3653 animum
3198 3573 3660 3644 despondeamus;
3684 3579 3771 3635 sed

2194 3650 2387 3707 bonam
2413 3653 2465 3709 in
2500 3656 2724 3714 Domino
2745 3675 2895 3730 spem
2918 3650 3193 3730 habentes,
3220 3676 3273 3721 et
3299 3668 3514 3740 pelagus
3538 3672 3654 3741 ejus
3672 3672 3771 3727 cle-

2192 3745 2405 3800 mentia:
2430 3749 2784 3819 recogitantes
2804 3792 2821 3818 ,
2852 3768 3065 3810 omnem
3096 3759 3473 3815 conscientiam
3504 3763 3770 3817 excutien-

2192 3841 2272 3889 tes
2299 3838 2490 3892 malam
2516 3840 2680 3894 multa
2722 3857 2844 3898 cum
2870 3859 2966 3915 spe
2994 3848 3373 3919 propositoque
3411 3849 3771 3907 adhaareamus

2188 3925 2407 3993 virtuti,
2440 3939 2494 3984 et
2523 3934 2892 4001 paenitentiam
2919 3938 3173 4007 majorem
3202 3940 3254 3993 in
3284 3942 3491 3996 modum
3518 3944 3772 3999 ostenda-

2190 4030 2329 4085 mus,
2360 4028 2419 4074 ut
2439 4019 2524 4076 hic
2545 4024 2789 4080 universa
2811 4026 3140 4097 deponentcs
3163 4040 3377 4099 peccata
3399 4034 3565 4087 multa
3588 4034 3770 4090 ﬁducia

2182 4122 2363 4165 coram
2394 4111 2591 4170 Christi
2637 4118 2885 4173 tribunali
2917 4130 3059 4175 stare
3098 4123 3396 4190 possimus,
3442 4142 3769 4196 regnumque

2181 4201 2434 4258 caelorum
2472 4209 2748 4278 consequi.
2784 4209 2947 4280 Cujus
2975 4227 3161 4268 omnes
3201 4230 3295 4269 nos
3340 4218 3627 4287 participes
3663 4220 3770 4274 fieri

2178 4294 2480 4366 contingat,
2532 4300 2704 4366 gratia
2748 4310 2802 4356 et
2840 4303 3120 4358 clementia
3172 4304 3379 4360 Domini
3423 4310 3599 4363 nostri
3648 4308 3769 4363 Jesu

2176 4379 2409 4452 Christi,
2465 4389 2555 4459 qui
2600 4405 2721 4445 cum
2766 4392 2948 4458 Patri,
3002 4394 3264 4465 simulque
3309 4407 3494 4453 saneto
3550 4400 3772 4469 Spiritui

2174 4473 2361 4541 gloria,
2407 4478 2713 4548 imperium,
2744 4491 2797 4537 et
2842 4483 3034 4551 honor,
3077 4501 3216 4540 nunc
3244 4496 3298 4543 et
3339 4503 3586 4560 semper,
3630 4502 3687 4547 et
3719 4492 3769 4546 in

2174 4567 2368 4621 saecula
2394 4571 2731 4626 saeculorum.
2762 4575 2956 4629 Amen.

484 4624 3743 4705 MM

1635 4734 1775 4805 DE
1840 4738 2544 4838 PtENITENTIA,

1073 4890 1151 4933 ET
1179 4893 1262 4936 nn
1292 4897 1617 4946 mussri-ru
1665 4905 1843 4952 REGIS
1884 4912 2157 4971 ACHAAB,
2187 4917 2269 4960 ετ
2309 4921 2391 4963 nu
2434 4923 2590 4969 σου
2634 4928 2962 4976 ΡιιθιιηετΑ
3009 4918 3115 5000 (a).

1867 5033 2336 5070 ὴ

1104 5118 1316 5162 ηοδιιιιλ
1359 5126 1416 5165 ll.

542 5178 594 5232 1.
627 5178 843 5242 Vidistis
887 5193 1148 5262 superiori
1204 5199 1475 5259 Domiuiea
1520 5222 1746 5279 pugnam
1786 5222 1842 5271 et
1885 5218 2054 5275 victo-

470 5266 913 5365 riamapugnam
975 5286 1187 5354 quidem
1259 5266 1818 5363 diaboli,.\'ietoriam
1872 5319 1961 5365 aut

464 5356 699 5413 Christi?
722 5367 944 5432 vidistis.
975 5386 1028 5430 ut
1048 5382 1357 5447 pmnilcutia
1382 5388 1703 5465 laudaretur,
1729 5407 1783 5455 et
1803 5400 2047 5461 diabolus

522 5491 1216 5593 53?..9‘1'3333.f.1‘i‘133?§-_P93-
1239 5521 1397 5593 1.838.
1427 5527 1561 5593 18-29.
1600 5534 1904 5593 2032,2121.
1932 5547 2043 5593 liae

534 5552 542 5554 ν
576 5552 587 5565 ι
616 5560 620 5564 .
778 5563 786 5571 ⁸
926 5552 933 5553 κ
1103 5552 1216 5579 ..μιν
1266 5552 1397 5579 tum,
1429 5552 1561 5587 10:2),
1601 5552 1721 5585 2002

459 5552 652 5605 honulta
676 5566 872 5612 tertium
892 5566 1046 5619 locum
1065 5577 1253 5630 obtinet
1276 5588 1321 5634 in
1342 5590 1530 5640 Saviliu.
1728 5576 1739 5595 ’

2169 5133 2376 5205 plagam
2408 5154 2512 5194 non
2541 5141 2733 5209 ferret,
2762 5146 2857 5201 sed
2891 5148 3179 5219 trepidaret
3218 5158 3271 5207 et
3310 5151 3599 5211 horreret?
3625 5156 3760 5226 Quid

2162 5226 2339 5296 times,
2368 5245 2401 5283 o
2426 5231 2665 5301 diabole,
2698 5237 2824 5293 dum
2854 5242 3160 5309 paenitentia
3192 5243 3471 5302 laudatur?
3494 5251 3631 5318 quid
3659 5267 3757 5321 ge-

1965 5328 2049 5368 em
2156 5318 2297 5375 mis?
2326 5323 2451 5392 quid
2480 5325 2704 5383 horres?
2733 5330 2919 5387 Merito
2947 5348 3096 5400 sane,
3128 5335 3317 5406 inquit,
3355 5354 3506 5407 gemo
3534 5349 3596 5395 et
3619 5318 3760 5396 allii-

2152 5427 2248 5481 gor
2272 5431 2284 5468 :
2310 5432 2495 5487 magna
2515 5422 2642 5475 mihi
2663 5439 2787 5479 vasa
2814 5428 2985 5495 rapuit
3006 5429 3315 5498 pcenitentia
3344 5432 3460 5485 ista.
3484 5431 3756 5498 Quaenam

2149 5504 2241 5559 illa
2293 5509 2550 5566 tandem?
2594 5514 2956 5583 Meretricem,
3016 5519 3389 5589 publicanum,
3437 5522 3753 5600 latronem,

2146 5596 2533 5665 blasphcmum.
2566 5604 2850 5666 Enimvero
2886 5610 3046 5667 multa
3088 5627 3212 5669 vasa
3261 5613 3376 5684 ejus
3416 5613 3535 5669 sine
3576 5596 3761 5671 dubio
