  <div class='ocr_page' id='page_1' title='image "/cluster/home/n/w/nwhite01/storage/ocr_20150623/49/hvd.32044054086806/282.png"; bbox 0 0 4036 6206; ppageno 0'>
   <div class='ocr_carea' id='block_1_1' title="bbox 368 264 470 321">
    <p class='ocr_par' dir='ltr' id='par_1_1' title="bbox 368 264 470 321">
     <span class='ocr_line' id='line_1_1' title="bbox 368 264 470 321; baseline 0.02 -2"><span class='ocrx_word' id='word_1_1' title='bbox 368 264 470 321; x_wconf 74' lang='lat'><strong>235</strong></span> 
     </span>
    </p>
   </div>
   <div class='ocr_carea' id='block_1_2' title="bbox 367 373 1960 452">
    <p class='ocr_par' dir='ltr' id='par_1_2' title="bbox 367 373 1960 452">
     <span class='ocr_line' id='line_1_2' title="bbox 367 373 1960 452; baseline -0.004 -16"><span class='ocrx_word' id='word_1_2' title='bbox 367 382 545 452; x_wconf 98' lang='lat' dir='ltr'><strong>rapuit</strong></span> <span class='ocrx_word' id='word_1_3' title='bbox 586 380 920 452; x_wconf 73' lang='lat' dir='ltr'><strong>paenitentia,</strong></span> <span class='ocrx_word' id='word_1_4' title='bbox 960 385 1015 433; x_wconf 92' lang='lat' dir='ltr'><strong>et</strong></span> <span class='ocrx_word' id='word_1_5' title='bbox 1062 376 1228 446; x_wconf 81' lang='lat' dir='ltr'><strong>ipsam</strong></span> <span class='ocrx_word' id='word_1_6' title='bbox 1262 373 1377 443; x_wconf 83' lang='lat' dir='ltr'><strong>ejus</strong></span> <span class='ocrx_word' id='word_1_7' title='bbox 1421 387 1599 429; x_wconf 86' lang='lat' dir='ltr'><strong>arcem</strong></span> <span class='ocrx_word' id='word_1_8' title='bbox 1629 377 1853 441; x_wconf 87' lang='lat' dir='ltr'><strong>evertit,</strong></span> <span class='ocrx_word' id='word_1_9' title='bbox 1897 389 1960 429; x_wconf 92' lang='lat' dir='ltr'><strong>ac</strong></span> 
     </span>
    </p>
   </div>
   <div class='ocr_carea' id='block_1_3' title="bbox 366 464 1959 537">
    <p class='ocr_par' dir='ltr' id='par_1_3' title="bbox 366 464 1959 537">
     <span class='ocr_line' id='line_1_3' title="bbox 366 464 1959 537; baseline -0.006 -9"><span class='ocrx_word' id='word_1_10' title='bbox 366 474 511 529; x_wconf 87' lang='lat' dir='ltr'><strong>letali</strong></span> <span class='ocrx_word' id='word_1_11' title='bbox 558 473 781 527; x_wconf 81' lang='lat' dir='ltr'><strong>vulnere</strong></span> <span class='ocrx_word' id='word_1_12' title='bbox 820 480 903 526; x_wconf 88' lang='lat' dir='ltr'><strong>est</strong></span> <span class='ocrx_word' id='word_1_13' title='bbox 935 486 963 522; x_wconf 90' lang='lat' dir='ltr'><strong>a</strong></span> <span class='ocrx_word' id='word_1_14' title='bbox 1008 467 1320 537; x_wconf 75' lang='lat' dir='ltr'><strong>ptenitentia</strong></span> <span class='ocrx_word' id='word_1_15' title='bbox 1364 464 1854 534; x_wconf 87' lang='lat' dir='ltr'><strong>confossus:un</strong></span> <span class='ocrx_word' id='word_1_16' title='bbox 1894 482 1959 519; x_wconf 87' lang='lat' dir='ltr'><strong>ex</strong></span> 
     </span>
    </p>
   </div>
   <div class='ocr_carea' id='block_1_4' title="bbox 368 550 1961 627">
    <p class='ocr_par' dir='ltr' id='par_1_4' title="bbox 368 550 1961 627">
     <span class='ocr_line' id='line_1_4' title="bbox 368 550 1961 627; baseline -0.006 -14"><span class='ocrx_word' id='word_1_17' title='bbox 368 560 435 613; x_wconf 91' lang='lat' dir='ltr'><strong>iis</strong></span> <span class='ocrx_word' id='word_1_18' title='bbox 481 557 765 627; x_wconf 72' lang='lat' dir='ltr'><strong>intelliges,</strong></span> <span class='ocrx_word' id='word_1_19' title='bbox 809 552 1177 615; x_wconf 73' lang='lat' dir='ltr'><strong>dilectissime,</strong></span> <span class='ocrx_word' id='word_1_20' title='bbox 1229 565 1347 620; x_wconf 63' lang='lat' dir='ltr'><strong>quas</strong></span> <span class='ocrx_word' id='word_1_21' title='bbox 1387 564 1555 617; x_wconf 84' lang='lat' dir='ltr'><strong>nuper</strong></span> <span class='ocrx_word' id='word_1_22' title='bbox 1596 550 1961 618; x_wconf 87' lang='lat' dir='ltr'><strong>experimento</strong></span> 
     </span>
    </p>
   </div>
   <div class='ocr_carea' id='block_1_5' title="bbox 366 640 1957 718">
    <p class='ocr_par' dir='ltr' id='par_1_5' title="bbox 366 640 1957 718">
     <span class='ocr_line' id='line_1_5' title="bbox 366 640 1957 718; baseline -0.008 -13"><span class='ocrx_word' id='word_1_23' title='bbox 366 657 645 718; x_wconf 86' lang='lat' dir='ltr'><strong>comperta</strong></span> <span class='ocrx_word' id='word_1_24' title='bbox 690 654 833 701; x_wconf 90' lang='lat' dir='ltr'><strong>sunt.</strong></span> <span class='ocrx_word' id='word_1_25' title='bbox 865 643 974 699; x_wconf 90' lang='lat' dir='ltr'><strong>Cur</strong></span> <span class='ocrx_word' id='word_1_26' title='bbox 1013 643 1173 713; x_wconf 79' lang='lat' dir='ltr'><strong>igitur</strong></span> <span class='ocrx_word' id='word_1_27' title='bbox 1215 640 1479 710; x_wconf 88' lang='lat' dir='ltr'><strong>ejusmodi</strong></span> <span class='ocrx_word' id='word_1_28' title='bbox 1520 654 1809 710; x_wconf 89' lang='lat' dir='ltr'><strong>congressu</strong></span> <span class='ocrx_word' id='word_1_29' title='bbox 1852 654 1957 693; x_wconf 91' lang='lat' dir='ltr'><strong>non</strong></span> 
     </span>
    </p>
   </div>
   <div class='ocr_carea' id='block_1_6' title="bbox 366 730 1955 805">
    <p class='ocr_par' dir='ltr' id='par_1_6' title="bbox 366 730 1955 805">
     <span class='ocr_line' id='line_1_6' title="bbox 366 730 1955 805; baseline -0.006 -11"><span class='ocrx_word' id='word_1_30' title='bbox 366 739 619 803; x_wconf 77' lang='lat' dir='ltr'><strong>fruimur,</strong></span> <span class='ocrx_word' id='word_1_31' title='bbox 648 752 749 791; x_wconf 89' lang='lat' dir='ltr'><strong>nec</strong></span> <span class='ocrx_word' id='word_1_32' title='bbox 763 734 984 805; x_wconf 90' lang='lat' dir='ltr'><strong>singulis</strong></span> <span class='ocrx_word' id='word_1_33' title='bbox 1004 732 1191 788; x_wconf 90' lang='lat' dir='ltr'><strong>diebus</strong></span> <span class='ocrx_word' id='word_1_34' title='bbox 1217 730 1283 785; x_wconf 90' lang='lat' dir='ltr'><strong>ad</strong></span> <span class='ocrx_word' id='word_1_35' title='bbox 1310 731 1592 785; x_wconf 82' lang='lat' dir='ltr'><strong>ecclesiam</strong></span> <span class='ocrx_word' id='word_1_36' title='bbox 1614 730 1955 796; x_wconf 91' lang='lat' dir='ltr'><strong>ventitamus,</strong></span> 
     </span>
    </p>
   </div>
   <div class='ocr_carea' id='block_1_7' title="bbox 366 820 1959 899">
    <p class='ocr_par' dir='ltr' id='par_1_7' title="bbox 366 820 1959 899">
     <span class='ocr_line' id='line_1_7' title="bbox 366 820 1959 899; baseline -0.007 -15"><span class='ocrx_word' id='word_1_37' title='bbox 366 840 426 884; x_wconf 94' lang='lat' dir='ltr'><strong>ut</strong></span> <span class='ocrx_word' id='word_1_38' title='bbox 474 827 841 899; x_wconf 66' lang='lat' dir='ltr'><strong>penitentiam</strong></span> <span class='ocrx_word' id='word_1_39' title='bbox 880 822 1335 894; x_wconf 80' lang='lat' dir='ltr'><strong>complectamur?</strong></span> <span class='ocrx_word' id='word_1_40' title='bbox 1364 820 1489 875; x_wconf 83' lang='lat' dir='ltr'><strong>Sive</strong></span> <span class='ocrx_word' id='word_1_41' title='bbox 1530 821 1671 875; x_wconf 92' lang='lat' dir='ltr'><strong>enim</strong></span> <span class='ocrx_word' id='word_1_42' title='bbox 1714 829 1959 890; x_wconf 86' lang='lat' dir='ltr'><strong>peccator</strong></span> 
     </span>
    </p>
   </div>
   <div class='ocr_carea' id='block_1_8' title="bbox 368 911 1957 989">
    <p class='ocr_par' dir='ltr' id='par_1_8' title="bbox 368 911 1957 989">
     <span class='ocr_line' id='line_1_8' title="bbox 368 911 1957 989; baseline -0.006 -15"><span class='ocrx_word' id='word_1_43' title='bbox 368 923 464 983; x_wconf 91' lang='lat' dir='ltr'><strong>sis,</strong></span> <span class='ocrx_word' id='word_1_44' title='bbox 491 919 769 989; x_wconf 72' lang='lat' dir='ltr'><strong>ingredere</strong></span> <span class='ocrx_word' id='word_1_45' title='bbox 798 917 850 970; x_wconf 92' lang='lat' dir='ltr'><strong>in</strong></span> <span class='ocrx_word' id='word_1_46' title='bbox 873 914 1176 979; x_wconf 82' lang='lat' dir='ltr'><strong>ecclesiam,</strong></span> <span class='ocrx_word' id='word_1_47' title='bbox 1201 922 1260 967; x_wconf 94' lang='lat' dir='ltr'><strong>ut</strong></span> <span class='ocrx_word' id='word_1_48' title='bbox 1290 920 1501 981; x_wconf 89' lang='lat' dir='ltr'><strong>peccata</strong></span> <span class='ocrx_word' id='word_1_49' title='bbox 1527 921 1612 964; x_wconf 90' lang='lat' dir='ltr'><strong>tua</strong></span> <span class='ocrx_word' id='word_1_50' title='bbox 1630 911 1811 965; x_wconf 86' lang='lat' dir='ltr'><strong>dicas:</strong></span> <span class='ocrx_word' id='word_1_51' title='bbox 1841 911 1957 965; x_wconf 87' lang='lat' dir='ltr'><strong>sive</strong></span> 
     </span>
    </p>
   </div>
   <div class='ocr_carea' id='block_1_9' title="bbox 366 1001 1957 1081">
    <p class='ocr_par' dir='ltr' id='par_1_9' title="bbox 366 1001 1957 1081">
     <span class='ocr_line' id='line_1_9' title="bbox 366 1001 1957 1081; baseline -0.006 -16"><span class='ocrx_word' id='word_1_52' title='bbox 366 1012 547 1080; x_wconf 84' lang='lat' dir='ltr'><strong>justus</strong></span> <span class='ocrx_word' id='word_1_53' title='bbox 586 1010 679 1073; x_wconf 88' lang='lat' dir='ltr'><strong>sis,</strong></span> <span class='ocrx_word' id='word_1_54' title='bbox 722 1005 1030 1081; x_wconf 71' lang='lat' dir='ltr'><strong>ingredere,</strong></span> <span class='ocrx_word' id='word_1_55' title='bbox 1062 1020 1131 1058; x_wconf 91' lang='lat' dir='ltr'><strong>ne</strong></span> <span class='ocrx_word' id='word_1_56' title='bbox 1156 1019 1187 1057; x_wconf 93' lang='lat' dir='ltr'><strong>a</strong></span> <span class='ocrx_word' id='word_1_57' title='bbox 1224 1002 1428 1073; x_wconf 88' lang='lat' dir='ltr'><strong>justitia</strong></span> <span class='ocrx_word' id='word_1_58' title='bbox 1468 1001 1683 1057; x_wconf 88' lang='lat' dir='ltr'><strong>excidas</strong></span> <span class='ocrx_word' id='word_1_59' title='bbox 1714 1019 1728 1055; x_wconf 91' lang='lat'><strong>:</strong></span> <span class='ocrx_word' id='word_1_60' title='bbox 1772 1011 1957 1073; x_wconf 83' lang='lat' dir='ltr'><strong>portus</strong></span> 
     </span>
    </p>
   </div>
   <div class='ocr_carea' id='block_1_10' title="bbox 369 1095 1140 1169">
    <p class='ocr_par' dir='ltr' id='par_1_10' title="bbox 369 1095 1140 1169">
     <span class='ocr_line' id='line_1_10' title="bbox 369 1095 1140 1169; baseline -0.01 -13"><span class='ocrx_word' id='word_1_61' title='bbox 369 1102 516 1166; x_wconf 83' lang='lat' dir='ltr'><strong>enim</strong></span> <span class='ocrx_word' id='word_1_62' title='bbox 546 1108 629 1156; x_wconf 91' lang='lat' dir='ltr'><strong>est</strong></span> <span class='ocrx_word' id='word_1_63' title='bbox 655 1098 865 1169; x_wconf 88' lang='lat' dir='ltr'><strong>utrique</strong></span> <span class='ocrx_word' id='word_1_64' title='bbox 893 1095 1140 1152; x_wconf 85' lang='lat' dir='ltr'><strong>ecclesia.</strong></span> 
     </span>
    </p>
   </div>
   <div class='ocr_carea' id='block_1_11' title="bbox 448 1305 1960 1383">
    <p class='ocr_par' dir='ltr' id='par_1_11' title="bbox 448 1305 1960 1383">
     <span class='ocr_line' id='line_1_11' title="bbox 448 1305 1960 1383; baseline -0.005 -16"><span class='ocrx_word' id='word_1_65' title='bbox 448 1313 629 1367; x_wconf 89' lang='lat' dir='ltr'><strong>Prima</strong></span> <span class='ocrx_word' id='word_1_66' title='bbox 664 1312 973 1383; x_wconf 73' lang='lat' dir='ltr'><strong>pmnitentite</strong></span> <span class='ocrx_word' id='word_1_67' title='bbox 1000 1310 1080 1364; x_wconf 76' lang='lat' dir='ltr'><strong>via</strong></span> <span class='ocrx_word' id='word_1_68' title='bbox 1118 1310 1367 1381; x_wconf 73' lang='lat' dir='ltr'><strong>confessio</strong></span> <span class='ocrx_word' id='word_1_69' title='bbox 1414 1309 1625 1378; x_wconf 84' lang='lat' dir='ltr'><strong>peccati.</strong></span> <span class='ocrx_word' id='word_1_70' title='bbox 1656 1305 1960 1377; x_wconf 74' lang='lat' dir='ltr'><strong>Exemplum</strong></span> 
     </span>
    </p>
   </div>
   <div class='ocr_carea' id='block_1_12' title="bbox 372 1400 1960 1474">
    <p class='ocr_par' dir='ltr' id='par_1_12' title="bbox 372 1400 1960 1474">
     <span class='ocr_line' id='line_1_12' title="bbox 372 1400 1960 1474; baseline -0.003 -15"><span class='ocrx_word' id='word_1_71' title='bbox 372 1405 650 1474; x_wconf 78' lang='lat' dir='ltr'><strong>peccatoris</strong></span> <span class='ocrx_word' id='word_1_72' title='bbox 671 1413 933 1473; x_wconf 88' lang='lat' dir='ltr'><strong>peccatum</strong></span> <span class='ocrx_word' id='word_1_73' title='bbox 958 1418 1058 1454; x_wconf 85' lang='lat' dir='ltr'><strong>non</strong></span> <span class='ocrx_word' id='word_1_74' title='bbox 1103 1401 1317 1470; x_wconf 75' lang='lat' dir='ltr'><strong>confessi</strong></span> <span class='ocrx_word' id='word_1_75' title='bbox 1337 1411 1384 1453; x_wconf 88' lang='lat' dir='ltr'><strong>et</strong></span> <span class='ocrx_word' id='word_1_76' title='bbox 1413 1401 1595 1469; x_wconf 80' lang='lat' dir='ltr'><strong>puniti.</strong></span> <span class='ocrx_word' id='word_1_77' title='bbox 1618 1430 1688 1439; x_wconf 96' lang='lat'><strong>—</strong></span> <span class='ocrx_word' id='word_1_78' title='bbox 1707 1400 1960 1454; x_wconf 87' lang='lat' dir='ltr'><strong>Peccator</strong></span> 
     </span>
    </p>
   </div>
   <div class='ocr_carea' id='block_1_13' title="bbox 370 1492 1958 1562">
    <p class='ocr_par' dir='ltr' id='par_1_13' title="bbox 370 1492 1958 1562">
     <span class='ocr_line' id='line_1_13' title="bbox 370 1492 1958 1562; baseline -0.003 -13"><span class='ocrx_word' id='word_1_79' title='bbox 370 1511 432 1549; x_wconf 90' lang='lat' dir='ltr'><strong>es</strong></span> <span class='ocrx_word' id='word_1_80' title='bbox 451 1496 476 1547; x_wconf 89' lang='lat'><strong>?</strong></span> <span class='ocrx_word' id='word_1_81' title='bbox 501 1494 579 1549; x_wconf 81' lang='lat' dir='ltr'><strong>Ne</strong></span> <span class='ocrx_word' id='word_1_82' title='bbox 608 1494 941 1562; x_wconf 79' lang='lat' dir='ltr'><strong>despondeas</strong></span> <span class='ocrx_word' id='word_1_83' title='bbox 967 1492 1203 1546; x_wconf 91' lang='lat' dir='ltr'><strong>animum</strong></span> <span class='ocrx_word' id='word_1_84' title='bbox 1221 1533 1235 1555; x_wconf 95' lang='lat'><strong>,</strong></span> <span class='ocrx_word' id='word_1_85' title='bbox 1269 1492 1362 1546; x_wconf 91' lang='lat' dir='ltr'><strong>sed</strong></span> <span class='ocrx_word' id='word_1_86' title='bbox 1404 1492 1684 1561; x_wconf 91' lang='lat' dir='ltr'><strong>ingredere</strong></span> <span class='ocrx_word' id='word_1_87' title='bbox 1702 1533 1715 1555; x_wconf 96' lang='lat'><strong>,</strong></span> <span class='ocrx_word' id='word_1_88' title='bbox 1741 1506 1803 1545; x_wconf 90' lang='lat' dir='ltr'><strong>ac</strong></span> <span class='ocrx_word' id='word_1_89' title='bbox 1841 1506 1958 1560; x_wconf 80' lang='lat' dir='ltr'><strong>pte-</strong></span> 
     </span>
    </p>
   </div>
   <div class='ocr_carea' id='block_1_14' title="bbox 372 1579 1959 1647">
    <p class='ocr_par' dir='ltr' id='par_1_14' title="bbox 372 1579 1959 1647">
     <span class='ocr_line' id='line_1_14' title="bbox 372 1579 1959 1647; baseline -0.003 -8"><span class='ocrx_word' id='word_1_90' title='bbox 372 1588 651 1640; x_wconf 88' lang='lat' dir='ltr'><strong>uitentiam</strong></span> <span class='ocrx_word' id='word_1_91' title='bbox 673 1583 924 1638; x_wconf 87' lang='lat' dir='ltr'><strong>obtende.</strong></span> <span class='ocrx_word' id='word_1_92' title='bbox 958 1582 1234 1637; x_wconf 84' lang='lat' dir='ltr'><strong>Peccasti?</strong></span> <span class='ocrx_word' id='word_1_93' title='bbox 1263 1582 1355 1635; x_wconf 90' lang='lat' dir='ltr'><strong>Die</strong></span> <span class='ocrx_word' id='word_1_94' title='bbox 1378 1582 1487 1635; x_wconf 90' lang='lat' dir='ltr'><strong>Deo</strong></span> <span class='ocrx_word' id='word_1_95' title='bbox 1511 1599 1524 1634; x_wconf 86' lang='lat'><strong>:</strong></span> <span class='ocrx_word' id='word_1_96' title='bbox 1559 1582 1804 1636; x_wconf 79' lang='lat' dir='ltr'><strong>Peccavi.</strong></span> <span class='ocrx_word' id='word_1_97' title='bbox 1829 1579 1959 1647; x_wconf 86' lang='lat' dir='ltr'><strong>Quis</strong></span> 
     </span>
    </p>
   </div>
   <div class='ocr_carea' id='block_1_15' title="bbox 372 1671 1958 1743">
    <p class='ocr_par' dir='ltr' id='par_1_15' title="bbox 372 1671 1958 1743">
     <span class='ocr_line' id='line_1_15' title="bbox 372 1671 1958 1743; baseline -0.003 -14"><span class='ocrx_word' id='word_1_98' title='bbox 372 1677 461 1731; x_wconf 89' lang='lat' dir='ltr'><strong>hic</strong></span> <span class='ocrx_word' id='word_1_99' title='bbox 489 1676 642 1730; x_wconf 89' lang='lat' dir='ltr'><strong>labor</strong></span> <span class='ocrx_word' id='word_1_100' title='bbox 665 1675 786 1730; x_wconf 88' lang='lat' dir='ltr'><strong>est?</strong></span> <span class='ocrx_word' id='word_1_101' title='bbox 812 1674 930 1743; x_wconf 89' lang='lat' dir='ltr'><strong>quis</strong></span> <span class='ocrx_word' id='word_1_102' title='bbox 957 1672 1249 1728; x_wconf 87' lang='lat' dir='ltr'><strong>circuitus?</strong></span> <span class='ocrx_word' id='word_1_103' title='bbox 1271 1688 1391 1742; x_wconf 76' lang='lat' dir='ltr'><strong>quae</strong></span> <span class='ocrx_word' id='word_1_104' title='bbox 1418 1671 1691 1743; x_wconf 78' lang='lat' dir='ltr'><strong>fatigatio?</strong></span> <span class='ocrx_word' id='word_1_105' title='bbox 1717 1688 1834 1741; x_wconf 71' lang='lat' dir='ltr'><strong>quae</strong></span> <span class='ocrx_word' id='word_1_106' title='bbox 1859 1687 1958 1725; x_wconf 64' lang='lat' dir='ltr'><strong>an-</strong></span> 
     </span>
    </p>
   </div>
   <div class='ocr_carea' id='block_1_16' title="bbox 366 1763 1957 1840">
    <p class='ocr_par' dir='ltr' id='par_1_16' title="bbox 366 1763 1957 1840">
     <span class='ocr_line' id='line_1_16' title="bbox 366 1763 1957 1840; baseline -0.004 -17"><span class='ocrx_word' id='word_1_107' title='bbox 366 1770 558 1840; x_wconf 67' lang='lat' dir='ltr'><strong>gustia:</strong></span> <span class='ocrx_word' id='word_1_108' title='bbox 595 1767 820 1823; x_wconf 79' lang='lat' dir='ltr'><strong>verbum</strong></span> <span class='ocrx_word' id='word_1_109' title='bbox 864 1766 967 1821; x_wconf 93' lang='lat' dir='ltr'><strong>hoc</strong></span> <span class='ocrx_word' id='word_1_110' title='bbox 1011 1765 1292 1835; x_wconf 87' lang='lat' dir='ltr'><strong>proferre:</strong></span> <span class='ocrx_word' id='word_1_111' title='bbox 1339 1763 1599 1818; x_wconf 83' lang='lat' dir='ltr'><strong>Peccavi?</strong></span> <span class='ocrx_word' id='word_1_112' title='bbox 1638 1763 1772 1817; x_wconf 84' lang='lat' dir='ltr'><strong>Num</strong></span> <span class='ocrx_word' id='word_1_113' title='bbox 1815 1764 1957 1817; x_wconf 89' lang='lat' dir='ltr'><strong>enim</strong></span> 
     </span>
    </p>
   </div>
   <div class='ocr_carea' id='block_1_17' title="bbox 368 1854 1957 1928">
    <p class='ocr_par' dir='ltr' id='par_1_17' title="bbox 368 1854 1957 1928">
     <span class='ocr_line' id='line_1_17' title="bbox 368 1854 1957 1928; baseline -0.004 -13"><span class='ocrx_word' id='word_1_114' title='bbox 368 1872 449 1927; x_wconf 93' lang='lat' dir='ltr'><strong>tu,</strong></span> <span class='ocrx_word' id='word_1_115' title='bbox 476 1861 578 1915; x_wconf 90' lang='lat' dir='ltr'><strong>nisi</strong></span> <span class='ocrx_word' id='word_1_116' title='bbox 604 1869 656 1915; x_wconf 94' lang='lat' dir='ltr'><strong>te</strong></span> <span class='ocrx_word' id='word_1_117' title='bbox 682 1860 858 1928; x_wconf 90' lang='lat' dir='ltr'><strong>ipsum</strong></span> <span class='ocrx_word' id='word_1_118' title='bbox 893 1857 1094 1912; x_wconf 80' lang='lat' dir='ltr'><strong>dixeris</strong></span> <span class='ocrx_word' id='word_1_119' title='bbox 1135 1866 1467 1926; x_wconf 90' lang='lat' dir='ltr'><strong>peccatorem</strong></span> <span class='ocrx_word' id='word_1_120' title='bbox 1488 1896 1503 1921; x_wconf 94' lang='lat'><strong>,</strong></span> <span class='ocrx_word' id='word_1_121' title='bbox 1534 1870 1566 1908; x_wconf 91' lang='lat' dir='ltr'><strong>a</strong></span> <span class='ocrx_word' id='word_1_122' title='bbox 1605 1854 1817 1909; x_wconf 80' lang='lat' dir='ltr'><strong>diabolo</strong></span> <span class='ocrx_word' id='word_1_123' title='bbox 1852 1869 1957 1908; x_wconf 92' lang='lat' dir='ltr'><strong>non</strong></span> 
     </span>
    </p>
   </div>
   <div class='ocr_carea' id='block_1_18' title="bbox 366 1945 1961 2017">
    <p class='ocr_par' dir='ltr' id='par_1_18' title="bbox 366 1945 1961 2017">
     <span class='ocr_line' id='line_1_18' title="bbox 366 1945 1961 2017; baseline -0.004 -13"><span class='ocrx_word' id='word_1_124' title='bbox 366 1951 742 2005; x_wconf 82' lang='lat' dir='ltr'><strong>acensaberis?</strong></span> <span class='ocrx_word' id='word_1_125' title='bbox 775 1950 1093 2017; x_wconf 71' lang='lat' dir='ltr'><strong>Prmoccupa</strong></span> <span class='ocrx_word' id='word_1_126' title='bbox 1114 1988 1130 2013; x_wconf 96' lang='lat'><strong>,</strong></span> <span class='ocrx_word' id='word_1_127' title='bbox 1157 1957 1211 2002; x_wconf 91' lang='lat' dir='ltr'><strong>et</strong></span> <span class='ocrx_word' id='word_1_128' title='bbox 1247 1947 1395 2015; x_wconf 85' lang='lat' dir='ltr'><strong>eripe</strong></span> <span class='ocrx_word' id='word_1_129' title='bbox 1438 1946 1509 1999; x_wconf 92' lang='lat' dir='ltr'><strong>illi</strong></span> <span class='ocrx_word' id='word_1_130' title='bbox 1541 1960 1690 1999; x_wconf 92' lang='lat' dir='ltr'><strong>suam</strong></span> <span class='ocrx_word' id='word_1_131' title='bbox 1735 1945 1961 2015; x_wconf 89' lang='lat' dir='ltr'><strong>dignita-</strong></span> 
     </span>
    </p>
   </div>
   <div class='ocr_carea' id='block_1_19' title="bbox 370 2036 1958 2110">
    <p class='ocr_par' dir='ltr' id='par_1_19' title="bbox 370 2036 1958 2110">
     <span class='ocr_line' id='line_1_19' title="bbox 370 2036 1958 2110; baseline -0.003 -14"><span class='ocrx_word' id='word_1_132' title='bbox 370 2053 476 2096; x_wconf 79' lang='lat' dir='ltr'><strong>tem</strong></span> <span class='ocrx_word' id='word_1_133' title='bbox 498 2059 513 2106; x_wconf 89' lang='lat'><strong>;</strong></span> <span class='ocrx_word' id='word_1_134' title='bbox 536 2042 653 2110; x_wconf 83' lang='lat' dir='ltr'><strong>ejus</strong></span> <span class='ocrx_word' id='word_1_135' title='bbox 673 2040 815 2096; x_wconf 92' lang='lat' dir='ltr'><strong>enim</strong></span> <span class='ocrx_word' id='word_1_136' title='bbox 833 2040 1062 2110; x_wconf 84' lang='lat' dir='ltr'><strong>dignitas</strong></span> <span class='ocrx_word' id='word_1_137' title='bbox 1081 2048 1164 2093; x_wconf 83' lang='lat' dir='ltr'><strong>est</strong></span> <span class='ocrx_word' id='word_1_138' title='bbox 1177 2038 1483 2093; x_wconf 71' lang='lat' dir='ltr'><strong>accusare‘.</strong></span> <span class='ocrx_word' id='word_1_139' title='bbox 1506 2036 1610 2091; x_wconf 88' lang='lat' dir='ltr'><strong>Cur</strong></span> <span class='ocrx_word' id='word_1_140' title='bbox 1630 2036 1790 2107; x_wconf 82' lang='lat' dir='ltr'><strong>igitur</strong></span> <span class='ocrx_word' id='word_1_141' title='bbox 1810 2037 1958 2091; x_wconf 89' lang='lat' dir='ltr'><strong>illum</strong></span> 
     </span>
    </p>
   </div>
   <div class='ocr_carea' id='block_1_20' title="bbox 368 2129 1955 2202">
    <p class='ocr_par' dir='ltr' id='par_1_20' title="bbox 368 2129 1955 2202">
     <span class='ocr_line' id='line_1_20' title="bbox 368 2129 1955 2202; baseline -0.003 -15"><span class='ocrx_word' id='word_1_142' title='bbox 368 2149 475 2187; x_wconf 88' lang='lat' dir='ltr'><strong>non</strong></span> <span class='ocrx_word' id='word_1_143' title='bbox 502 2132 788 2202; x_wconf 70' lang='lat' dir='ltr'><strong>prmvenis,</strong></span> <span class='ocrx_word' id='word_1_144' title='bbox 821 2141 876 2187; x_wconf 93' lang='lat' dir='ltr'><strong>et</strong></span> <span class='ocrx_word' id='word_1_145' title='bbox 912 2141 1187 2202; x_wconf 90' lang='lat' dir='ltr'><strong>peccatum</strong></span> <span class='ocrx_word' id='word_1_146' title='bbox 1218 2129 1353 2184; x_wconf 91' lang='lat' dir='ltr'><strong>dicis</strong></span> <span class='ocrx_word' id='word_1_147' title='bbox 1372 2171 1386 2195; x_wconf 91' lang='lat'><strong>,</strong></span> <span class='ocrx_word' id='word_1_148' title='bbox 1419 2138 1475 2184; x_wconf 91' lang='lat' dir='ltr'><strong>et</strong></span> <span class='ocrx_word' id='word_1_149' title='bbox 1499 2130 1703 2184; x_wconf 85' lang='lat' dir='ltr'><strong>crimen</strong></span> <span class='ocrx_word' id='word_1_150' title='bbox 1732 2145 1955 2200; x_wconf 90' lang='lat' dir='ltr'><strong>purgas,</strong></span> 
     </span>
    </p>
   </div>
   <div class='ocr_carea' id='block_1_21' title="bbox 366 2220 1958 2293">
    <p class='ocr_par' dir='ltr' id='par_1_21' title="bbox 366 2220 1958 2293">
     <span class='ocr_line' id='line_1_21' title="bbox 366 2220 1958 2293; baseline -0.004 -14"><span class='ocrx_word' id='word_1_151' title='bbox 366 2242 491 2280; x_wconf 90' lang='lat' dir='ltr'><strong>cum</strong></span> <span class='ocrx_word' id='word_1_152' title='bbox 525 2224 690 2293; x_wconf 88' lang='lat' dir='ltr'><strong>probe</strong></span> <span class='ocrx_word' id='word_1_153' title='bbox 732 2224 871 2278; x_wconf 85' lang='lat' dir='ltr'><strong>scias</strong></span> <span class='ocrx_word' id='word_1_154' title='bbox 900 2224 1060 2277; x_wconf 87' lang='lat' dir='ltr'><strong>talem</strong></span> <span class='ocrx_word' id='word_1_155' title='bbox 1110 2231 1474 2276; x_wconf 84' lang='lat' dir='ltr'><strong>accusatorem</strong></span> <span class='ocrx_word' id='word_1_156' title='bbox 1506 2220 1620 2283; x_wconf 89' lang='lat' dir='ltr'><strong>tibi,</strong></span> <span class='ocrx_word' id='word_1_157' title='bbox 1647 2221 1737 2287; x_wconf 91' lang='lat' dir='ltr'><strong>qui</strong></span> <span class='ocrx_word' id='word_1_158' title='bbox 1784 2231 1958 2275; x_wconf 90' lang='lat' dir='ltr'><strong>tacere</strong></span> 
     </span>
    </p>
   </div>
   <div class='ocr_carea' id='block_1_22' title="bbox 366 2309 1956 2385">
    <p class='ocr_par' dir='ltr' id='par_1_22' title="bbox 366 2309 1956 2385">
     <span class='ocr_line' id='line_1_22' title="bbox 366 2309 1956 2385; baseline -0.003 -16"><span class='ocrx_word' id='word_1_159' title='bbox 366 2323 620 2385; x_wconf 88' lang='lat' dir='ltr'><strong>nequeat,</strong></span> <span class='ocrx_word' id='word_1_160' title='bbox 640 2312 957 2368; x_wconf 87' lang='lat' dir='ltr'><strong>imminere?</strong></span> <span class='ocrx_word' id='word_1_161' title='bbox 976 2311 1251 2366; x_wconf 85' lang='lat' dir='ltr'><strong>Peccasti?</strong></span> <span class='ocrx_word' id='word_1_162' title='bbox 1274 2310 1328 2363; x_wconf 89' lang='lat' dir='ltr'><strong>lu</strong></span> <span class='ocrx_word' id='word_1_163' title='bbox 1358 2310 1637 2364; x_wconf 88' lang='lat' dir='ltr'><strong>ecclesiam</strong></span> <span class='ocrx_word' id='word_1_164' title='bbox 1658 2309 1956 2379; x_wconf 88' lang='lat' dir='ltr'><strong>ingredere,</strong></span> 
     </span>
    </p>
   </div>
   <div class='ocr_carea' id='block_1_23' title="bbox 365 2399 1957 2459">
    <p class='ocr_par' dir='ltr' id='par_1_23' title="bbox 365 2399 1957 2459">
     <span class='ocr_line' id='line_1_23' title="bbox 365 2399 1957 2459; baseline -0.004 0"><span class='ocrx_word' id='word_1_165' title='bbox 365 2404 454 2459; x_wconf 88' lang='lat' dir='ltr'><strong>dic</strong></span> <span class='ocrx_word' id='word_1_166' title='bbox 483 2405 629 2458; x_wconf 89' lang='lat' dir='ltr'><strong>Deo:</strong></span> <span class='ocrx_word' id='word_1_167' title='bbox 663 2403 911 2457; x_wconf 80' lang='lat' dir='ltr'><strong>Peccavi.</strong></span> <span class='ocrx_word' id='word_1_168' title='bbox 939 2400 1080 2455; x_wconf 84' lang='lat' dir='ltr'><strong>Nihil</strong></span> <span class='ocrx_word' id='word_1_169' title='bbox 1106 2399 1250 2454; x_wconf 91' lang='lat' dir='ltr'><strong>aliud</strong></span> <span class='ocrx_word' id='word_1_170' title='bbox 1286 2399 1381 2454; x_wconf 85' lang='lat' dir='ltr'><strong>abs</strong></span> <span class='ocrx_word' id='word_1_171' title='bbox 1411 2408 1461 2452; x_wconf 92' lang='lat' dir='ltr'><strong>te</strong></span> <span class='ocrx_word' id='word_1_172' title='bbox 1490 2399 1591 2452; x_wconf 89' lang='lat' dir='ltr'><strong>nisi</strong></span> <span class='ocrx_word' id='word_1_173' title='bbox 1617 2400 1790 2452; x_wconf 90' lang='lat' dir='ltr'><strong>solum</strong></span> <span class='ocrx_word' id='word_1_174' title='bbox 1819 2399 1957 2453; x_wconf 92' lang='lat' dir='ltr'><strong>istud</strong></span> 
     </span>
    </p>
   </div>
   <div class='ocr_carea' id='block_1_24' title="bbox 373 2488 1957 2565">
    <p class='ocr_par' dir='ltr' id='par_1_24' title="bbox 373 2488 1957 2565">
     <span class='ocr_line' id='line_1_24' title="bbox 373 2488 1957 2565; baseline -0.004 -16"><span class='ocrx_word' id='word_1_175' title='bbox 373 2495 552 2565; x_wconf 85' lang='lat' dir='ltr'><strong>exigo.</strong></span> <span class='ocrx_word' id='word_1_176' title='bbox 584 2494 675 2548; x_wconf 81' lang='lat' dir='ltr'><strong>Ait</strong></span> <span class='ocrx_word' id='word_1_177' title='bbox 707 2493 847 2547; x_wconf 90' lang='lat' dir='ltr'><strong>enim</strong></span> <span class='ocrx_word' id='word_1_178' title='bbox 884 2491 1158 2561; x_wconf 85' lang='lat' dir='ltr'><strong>Scriptura</strong></span> <span class='ocrx_word' id='word_1_179' title='bbox 1198 2505 1347 2544; x_wconf 85' lang='lat' dir='ltr'><strong>sacra</strong></span> <span class='ocrx_word' id='word_1_180' title='bbox 1379 2506 1395 2543; x_wconf 86' lang='lat'><strong>:</strong></span> <span class='ocrx_word' id='word_1_181' title='bbox 1425 2488 1518 2541; x_wconf 84' lang='lat' dir='ltr'><strong>Dic</strong></span> <span class='ocrx_word' id='word_1_182' title='bbox 1545 2498 1597 2541; x_wconf 89' lang='lat' dir='ltr'><strong>tu</strong></span> <span class='ocrx_word' id='word_1_183' title='bbox 1627 2490 1818 2560; x_wconf 88' lang='lat' dir='ltr'><strong>primus</strong></span> <span class='ocrx_word' id='word_1_184' title='bbox 1858 2490 1957 2543; x_wconf 81' lang='lat' dir='ltr'><strong>ini-</strong></span> 
     </span>
    </p>
   </div>
   <div class='ocr_carea' id='block_1_25' title="bbox 370 2580 1955 2658">
    <p class='ocr_par' dir='ltr' id='par_1_25' title="bbox 370 2580 1955 2658">
     <span class='ocr_line' id='line_1_25' title="bbox 370 2580 1955 2658; baseline -0.004 -18"><span class='ocrx_word' id='word_1_185' title='bbox 370 2589 589 2658; x_wconf 72' lang='lat' dir='ltr'><strong>quitates</strong></span> <span class='ocrx_word' id='word_1_186' title='bbox 610 2595 743 2650; x_wconf 90' lang='lat' dir='ltr'><strong>tuas,</strong></span> <span class='ocrx_word' id='word_1_187' title='bbox 765 2595 819 2638; x_wconf 91' lang='lat' dir='ltr'><strong>ut</strong></span> <span class='ocrx_word' id='word_1_188' title='bbox 825 2584 1123 2655; x_wconf 82' lang='lat' dir='ltr'><strong>justi/iceris</strong></span> <span class='ocrx_word' id='word_1_189' title='bbox 1144 2581 1294 2653; x_wconf 84' lang='lat' dir='ltr'><strong>(Isai.</strong></span> <span class='ocrx_word' id='word_1_190' title='bbox 1313 2585 1403 2637; x_wconf 74' lang='lat'><strong>43.</strong></span> <span class='ocrx_word' id='word_1_191' title='bbox 1419 2581 1536 2651; x_wconf 71' lang='lat'><strong>26);</strong></span> <span class='ocrx_word' id='word_1_192' title='bbox 1554 2580 1637 2635; x_wconf 91' lang='lat' dir='ltr'><strong>dic</strong></span> <span class='ocrx_word' id='word_1_193' title='bbox 1659 2590 1955 2651; x_wconf 89' lang='lat' dir='ltr'><strong>peccatum,</strong></span> 
     </span>
    </p>
   </div>
   <div class='ocr_carea' id='block_1_26' title="bbox 377 2672 1959 2747">
    <p class='ocr_par' dir='ltr' id='par_1_26' title="bbox 377 2672 1959 2747">
     <span class='ocr_line' id='line_1_26' title="bbox 377 2672 1959 2747; baseline -0.005 -14"><span class='ocrx_word' id='word_1_194' title='bbox 377 2690 437 2733; x_wconf 89' lang='lat' dir='ltr'><strong>ut</strong></span> <span class='ocrx_word' id='word_1_195' title='bbox 455 2679 637 2732; x_wconf 90' lang='lat' dir='ltr'><strong>solvas</strong></span> <span class='ocrx_word' id='word_1_196' title='bbox 655 2686 952 2747; x_wconf 90' lang='lat' dir='ltr'><strong>peccatum.</strong></span> <span class='ocrx_word' id='word_1_197' title='bbox 973 2675 1087 2728; x_wconf 76' lang='lat' dir='ltr'><strong>Non</strong></span> <span class='ocrx_word' id='word_1_198' title='bbox 1106 2674 1158 2727; x_wconf 92' lang='lat' dir='ltr'><strong>in</strong></span> <span class='ocrx_word' id='word_1_199' title='bbox 1174 2673 1274 2727; x_wconf 90' lang='lat' dir='ltr'><strong>hoc</strong></span> <span class='ocrx_word' id='word_1_200' title='bbox 1295 2673 1444 2727; x_wconf 87' lang='lat' dir='ltr'><strong>labor</strong></span> <span class='ocrx_word' id='word_1_201' title='bbox 1459 2682 1561 2737; x_wconf 88' lang='lat' dir='ltr'><strong>est,</strong></span> <span class='ocrx_word' id='word_1_202' title='bbox 1582 2688 1689 2728; x_wconf 89' lang='lat' dir='ltr'><strong>non</strong></span> <span class='ocrx_word' id='word_1_203' title='bbox 1705 2672 1959 2743; x_wconf 84' lang='lat' dir='ltr'><strong>circuitus</strong></span> 
     </span>
    </p>
   </div>
   <div class='ocr_carea' id='block_1_27' title="bbox 365 2761 1955 2837">
    <p class='ocr_par' dir='ltr' id='par_1_27' title="bbox 365 2761 1955 2837">
     <span class='ocr_line' id='line_1_27' title="bbox 365 2761 1955 2837; baseline -0.003 -16"><span class='ocrx_word' id='word_1_204' title='bbox 365 2771 676 2833; x_wconf 82' lang='lat' dir='ltr'><strong>verborum,</strong></span> <span class='ocrx_word' id='word_1_205' title='bbox 710 2781 882 2837; x_wconf 88' lang='lat' dir='ltr'><strong>neque</strong></span> <span class='ocrx_word' id='word_1_206' title='bbox 911 2765 1253 2833; x_wconf 84' lang='lat' dir='ltr'><strong>pecuniarum</strong></span> <span class='ocrx_word' id='word_1_207' title='bbox 1277 2776 1556 2833; x_wconf 64' lang='lat' dir='ltr'><strong>expensae,</strong></span> <span class='ocrx_word' id='word_1_208' title='bbox 1594 2776 1768 2831; x_wconf 90' lang='lat' dir='ltr'><strong>neque</strong></span> <span class='ocrx_word' id='word_1_209' title='bbox 1808 2761 1955 2816; x_wconf 86' lang='lat' dir='ltr'><strong>aliud</strong></span> 
     </span>
    </p>
   </div>
   <div class='ocr_carea' id='block_1_28' title="bbox 367 2855 1959 2931">
    <p class='ocr_par' dir='ltr' id='par_1_28' title="bbox 367 2855 1959 2931">
     <span class='ocr_line' id='line_1_28' title="bbox 367 2855 1959 2931; baseline -0.003 -16"><span class='ocrx_word' id='word_1_210' title='bbox 367 2861 660 2931; x_wconf 83' lang='lat' dir='ltr'><strong>quidquam</strong></span> <span class='ocrx_word' id='word_1_211' title='bbox 702 2858 998 2929; x_wconf 85' lang='lat' dir='ltr'><strong>ejusmodi;</strong></span> <span class='ocrx_word' id='word_1_212' title='bbox 1030 2858 1116 2912; x_wconf 89' lang='lat' dir='ltr'><strong>dic</strong></span> <span class='ocrx_word' id='word_1_213' title='bbox 1162 2856 1418 2920; x_wconf 89' lang='lat' dir='ltr'><strong>verbum,</strong></span> <span class='ocrx_word' id='word_1_214' title='bbox 1482 2855 1636 2910; x_wconf 70' lang='lat' dir='ltr'><strong>bona:</strong></span> <span class='ocrx_word' id='word_1_215' title='bbox 1672 2855 1795 2910; x_wconf 83' lang='lat' dir='ltr'><strong>fidei</strong></span> <span class='ocrx_word' id='word_1_216' title='bbox 1842 2865 1959 2910; x_wconf 91' lang='lat' dir='ltr'><strong>esto</strong></span> 
     </span>
    </p>
   </div>
   <div class='ocr_carea' id='block_1_29' title="bbox 364 2951 1960 3025">
    <p class='ocr_par' dir='ltr' id='par_1_29' title="bbox 364 2951 1960 3025">
     <span class='ocr_line' id='line_1_29' title="bbox 364 2951 1960 3025; baseline -0.002 -15"><span class='ocrx_word' id='word_1_217' title='bbox 364 2956 509 3011; x_wconf 88' lang='lat' dir='ltr'><strong>circa</strong></span> <span class='ocrx_word' id='word_1_218' title='bbox 530 2963 825 3025; x_wconf 89' lang='lat' dir='ltr'><strong>peccatum,</strong></span> <span class='ocrx_word' id='word_1_219' title='bbox 840 2963 894 3009; x_wconf 93' lang='lat' dir='ltr'><strong>et</strong></span> <span class='ocrx_word' id='word_1_220' title='bbox 909 2953 1017 3017; x_wconf 91' lang='lat' dir='ltr'><strong>dic,</strong></span> <span class='ocrx_word' id='word_1_221' title='bbox 1041 2951 1283 3007; x_wconf 87' lang='lat' dir='ltr'><strong>Peccavi.</strong></span> <span class='ocrx_word' id='word_1_222' title='bbox 1298 2951 1450 3007; x_wconf 92' lang='lat' dir='ltr'><strong>Unde</strong></span> <span class='ocrx_word' id='word_1_223' title='bbox 1463 2967 1591 3007; x_wconf 87' lang='lat' dir='ltr'><strong>vero</strong></span> <span class='ocrx_word' id='word_1_224' title='bbox 1604 2952 1662 3005; x_wconf 88' lang='lat' dir='ltr'><strong>fit</strong></span> <span class='ocrx_word' id='word_1_225' title='bbox 1678 2951 1798 3018; x_wconf 91' lang='lat' dir='ltr'><strong>hoc,</strong></span> <span class='ocrx_word' id='word_1_226' title='bbox 1817 2951 1960 3007; x_wconf 85' lang='lat' dir='ltr'><strong>dicet</strong></span> 
     </span>
    </p>
   </div>
   <div class='ocr_carea' id='block_1_30' title="bbox 366 3044 1959 3120">
    <p class='ocr_par' dir='ltr' id='par_1_30' title="bbox 366 3044 1959 3120">
     <span class='ocr_line' id='line_1_30' title="bbox 366 3044 1959 3120; baseline -0.002 -17"><span class='ocrx_word' id='word_1_227' title='bbox 366 3049 561 3120; x_wconf 86' lang='lat' dir='ltr'><strong>aliquis</strong></span> <span class='ocrx_word' id='word_1_228' title='bbox 580 3090 595 3115; x_wconf 95' lang='lat'><strong>,</strong></span> <span class='ocrx_word' id='word_1_229' title='bbox 626 3057 686 3103; x_wconf 92' lang='lat' dir='ltr'><strong>ut</strong></span> <span class='ocrx_word' id='word_1_230' title='bbox 709 3048 754 3102; x_wconf 92' lang='lat' dir='ltr'><strong>si</strong></span> <span class='ocrx_word' id='word_1_231' title='bbox 784 3048 985 3117; x_wconf 88' lang='lat' dir='ltr'><strong>primus</strong></span> <span class='ocrx_word' id='word_1_232' title='bbox 1007 3055 1282 3115; x_wconf 89' lang='lat' dir='ltr'><strong>peccatum</strong></span> <span class='ocrx_word' id='word_1_233' title='bbox 1309 3044 1527 3111; x_wconf 82' lang='lat' dir='ltr'><strong>dixero,</strong></span> <span class='ocrx_word' id='word_1_234' title='bbox 1555 3053 1831 3115; x_wconf 89' lang='lat' dir='ltr'><strong>peccatum</strong></span> <span class='ocrx_word' id='word_1_235' title='bbox 1861 3044 1959 3100; x_wconf 93' lang='lat' dir='ltr'><strong>de-</strong></span> 
     </span>
    </p>
   </div>
   <div class='ocr_carea' id='block_1_31' title="bbox 368 3135 1960 3206">
    <p class='ocr_par' dir='ltr' id='par_1_31' title="bbox 368 3135 1960 3206">
     <span class='ocr_line' id='line_1_31' title="bbox 368 3135 1960 3206; baseline -0.003 -12"><span class='ocrx_word' id='word_1_236' title='bbox 368 3139 541 3194; x_wconf 80' lang='lat' dir='ltr'><strong>leam?</strong></span> <span class='ocrx_word' id='word_1_237' title='bbox 563 3139 742 3193; x_wconf 84' lang='lat' dir='ltr'><strong>llabeo</strong></span> <span class='ocrx_word' id='word_1_238' title='bbox 772 3136 1113 3206; x_wconf 89' lang='lat' dir='ltr'><strong>inScriptura</strong></span> <span class='ocrx_word' id='word_1_239' title='bbox 1140 3135 1432 3199; x_wconf 90' lang='lat' dir='ltr'><strong>hominem,</strong></span> <span class='ocrx_word' id='word_1_240' title='bbox 1455 3136 1545 3206; x_wconf 89' lang='lat' dir='ltr'><strong>qui</strong></span> <span class='ocrx_word' id='word_1_241' title='bbox 1574 3144 1847 3205; x_wconf 90' lang='lat' dir='ltr'><strong>peccatum</strong></span> <span class='ocrx_word' id='word_1_242' title='bbox 1877 3136 1960 3190; x_wconf 89' lang='lat' dir='ltr'><strong>di-</strong></span> 
     </span>
    </p>
   </div>
   <div class='ocr_carea' id='block_1_32' title="bbox 366 3225 1957 3298">
    <p class='ocr_par' dir='ltr' id='par_1_32' title="bbox 366 3225 1957 3298">
     <span class='ocr_line' id='line_1_32' title="bbox 366 3225 1957 3298; baseline -0.002 -13"><span class='ocrx_word' id='word_1_243' title='bbox 366 3231 466 3298; x_wconf 89' lang='lat' dir='ltr'><strong>xit,</strong></span> <span class='ocrx_word' id='word_1_244' title='bbox 485 3239 540 3284; x_wconf 93' lang='lat' dir='ltr'><strong>et</strong></span> <span class='ocrx_word' id='word_1_245' title='bbox 559 3230 758 3285; x_wconf 90' lang='lat' dir='ltr'><strong>delevit</strong></span> <span class='ocrx_word' id='word_1_246' title='bbox 782 3247 796 3283; x_wconf 89' lang='lat'><strong>:</strong></span> <span class='ocrx_word' id='word_1_247' title='bbox 819 3237 873 3283; x_wconf 92' lang='lat' dir='ltr'><strong>et</strong></span> <span class='ocrx_word' id='word_1_248' title='bbox 893 3228 985 3298; x_wconf 93' lang='lat' dir='ltr'><strong>qui</strong></span> <span class='ocrx_word' id='word_1_249' title='bbox 1013 3242 1118 3281; x_wconf 89' lang='lat' dir='ltr'><strong>non</strong></span> <span class='ocrx_word' id='word_1_250' title='bbox 1140 3226 1293 3292; x_wconf 81' lang='lat' dir='ltr'><strong>dixit,</strong></span> <span class='ocrx_word' id='word_1_251' title='bbox 1318 3236 1373 3282; x_wconf 91' lang='lat' dir='ltr'><strong>et</strong></span> <span class='ocrx_word' id='word_1_252' title='bbox 1394 3226 1675 3282; x_wconf 89' lang='lat' dir='ltr'><strong>damnatus</strong></span> <span class='ocrx_word' id='word_1_253' title='bbox 1696 3235 1795 3282; x_wconf 86' lang='lat' dir='ltr'><strong>est.</strong></span> <span class='ocrx_word' id='word_1_254' title='bbox 1824 3225 1957 3282; x_wconf 84' lang='lat' dir='ltr'><strong>Cain</strong></span> 
     </span>
    </p>
   </div>
   <div class='ocr_carea' id='block_1_33' title="bbox 364 3318 1957 3389">
    <p class='ocr_par' dir='ltr' id='par_1_33' title="bbox 364 3318 1957 3389">
     <span class='ocr_line' id='line_1_33' title="bbox 364 3318 1957 3389; baseline -0.001 -13"><span class='ocrx_word' id='word_1_255' title='bbox 364 3322 561 3377; x_wconf 88' lang='lat' dir='ltr'><strong>occidit</strong></span> <span class='ocrx_word' id='word_1_256' title='bbox 580 3320 798 3375; x_wconf 81' lang='lat' dir='ltr'><strong>fratrem</strong></span> <span class='ocrx_word' id='word_1_257' title='bbox 812 3335 965 3374; x_wconf 89' lang='lat' dir='ltr'><strong>suum</strong></span> <span class='ocrx_word' id='word_1_258' title='bbox 984 3318 1141 3385; x_wconf 81' lang='lat' dir='ltr'><strong>Abel,</strong></span> <span class='ocrx_word' id='word_1_259' title='bbox 1163 3318 1357 3372; x_wconf 89' lang='lat' dir='ltr'><strong>invidia</strong></span> <span class='ocrx_word' id='word_1_260' title='bbox 1374 3327 1671 3389; x_wconf 90' lang='lat' dir='ltr'><strong>correptus,</strong></span> <span class='ocrx_word' id='word_1_261' title='bbox 1690 3320 1767 3375; x_wconf 87' lang='lat' dir='ltr'><strong>sic</strong></span> <span class='ocrx_word' id='word_1_262' title='bbox 1784 3328 1957 3375; x_wconf 64' lang='lat' dir='ltr'><strong>utcm-</strong></span> 
     </span>
    </p>
   </div>
   <div class='ocr_carea' id='block_1_34' title="bbox 365 3410 1957 3481">
    <p class='ocr_par' dir='ltr' id='par_1_34' title="bbox 365 3410 1957 3481">
     <span class='ocr_line' id='line_1_34' title="bbox 365 3410 1957 3481; baseline 0.001 -14"><span class='ocrx_word' id='word_1_263' title='bbox 365 3414 463 3467; x_wconf 86' lang='lat' dir='ltr'><strong>des</strong></span> <span class='ocrx_word' id='word_1_264' title='bbox 492 3413 744 3467; x_wconf 89' lang='lat' dir='ltr'><strong>invidiam</strong></span> <span class='ocrx_word' id='word_1_265' title='bbox 776 3421 1091 3481; x_wconf 85' lang='lat' dir='ltr'><strong>sequeretur</strong></span> <span class='ocrx_word' id='word_1_266' title='bbox 1115 3429 1127 3464; x_wconf 92' lang='lat'>:</span> <span class='ocrx_word' id='word_1_267' title='bbox 1157 3410 1421 3481; x_wconf 90' lang='lat' dir='ltr'><strong>siquidem</strong></span> <span class='ocrx_word' id='word_1_268' title='bbox 1446 3427 1567 3465; x_wconf 91' lang='lat' dir='ltr'><strong>eum</strong></span> <span class='ocrx_word' id='word_1_269' title='bbox 1596 3412 1873 3467; x_wconf 84' lang='lat' dir='ltr'><strong>seductum</strong></span> <span class='ocrx_word' id='word_1_270' title='bbox 1902 3413 1957 3469; x_wconf 90' lang='lat' dir='ltr'><strong>in</strong></span> 
     </span>
    </p>
   </div>
   <div class='ocr_carea' id='block_1_35' title="bbox 364 3502 1958 3573">
    <p class='ocr_par' dir='ltr' id='par_1_35' title="bbox 364 3502 1958 3573">
     <span class='ocr_line' id='line_1_35' title="bbox 364 3502 1958 3573; baseline -0.001 -14"><span class='ocrx_word' id='word_1_271' title='bbox 364 3520 610 3573; x_wconf 78' lang='lat' dir='ltr'><strong>campum</strong></span> <span class='ocrx_word' id='word_1_272' title='bbox 656 3502 941 3558; x_wconf 79' lang='lat' dir='ltr'><strong>interfecit.</strong></span> <span class='ocrx_word' id='word_1_273' title='bbox 969 3502 1104 3570; x_wconf 88' lang='lat' dir='ltr'><strong>Quid</strong></span> <span class='ocrx_word' id='word_1_274' title='bbox 1135 3510 1312 3557; x_wconf 91' lang='lat' dir='ltr'><strong>autem</strong></span> <span class='ocrx_word' id='word_1_275' title='bbox 1337 3503 1413 3555; x_wconf 90' lang='lat' dir='ltr'><strong>ait</strong></span> <span class='ocrx_word' id='word_1_276' title='bbox 1442 3502 1515 3556; x_wconf 89' lang='lat' dir='ltr'><strong>illi</strong></span> <span class='ocrx_word' id='word_1_277' title='bbox 1558 3503 1733 3558; x_wconf 89' lang='lat' dir='ltr'><strong>Dens?</strong></span> <span class='ocrx_word' id='word_1_278' title='bbox 1764 3503 1859 3558; x_wconf 86' lang='lat' dir='ltr'><strong>Ubi</strong></span> <span class='ocrx_word' id='word_1_279' title='bbox 1885 3514 1958 3559; x_wconf 84' lang='lat' dir='ltr'><strong>est</strong></span> 
     </span>
    </p>
   </div>
   <div class='ocr_carea' id='block_1_36' title="bbox 366 3593 1957 3665">
    <p class='ocr_par' dir='ltr' id='par_1_36' title="bbox 366 3593 1957 3665">
     <span class='ocr_line' id='line_1_36' title="bbox 366 3593 1957 3665; baseline 0.001 -17"><span class='ocrx_word' id='word_1_280' title='bbox 366 3596 490 3648; x_wconf 75' lang='lat' dir='ltr'><strong>Abel</strong></span> <span class='ocrx_word' id='word_1_281' title='bbox 508 3598 669 3665; x_wconf 86' lang='lat' dir='ltr'><strong>frater</strong></span> <span class='ocrx_word' id='word_1_282' title='bbox 686 3606 798 3649; x_wconf 87' lang='lat' dir='ltr'><strong>tuus</strong></span> <span class='ocrx_word' id='word_1_283' title='bbox 818 3594 969 3665; x_wconf 83' lang='lat' dir='ltr'><strong>(Cen.</strong></span> <span class='ocrx_word' id='word_1_284' title='bbox 994 3596 1047 3649; x_wconf 70' lang='grc'><strong>4.</strong></span> <span class='ocrx_word' id='word_1_285' title='bbox 1076 3593 1174 3664; x_wconf 89' lang='lat'><strong>9)?</strong></span> <span class='ocrx_word' id='word_1_286' title='bbox 1195 3593 1295 3661; x_wconf 85' lang='lat' dir='ltr'><strong>Qui</strong></span> <span class='ocrx_word' id='word_1_287' title='bbox 1313 3593 1673 3660; x_wconf 89' lang='lat' dir='ltr'><strong>novitomnia,</strong></span> <span class='ocrx_word' id='word_1_288' title='bbox 1694 3611 1798 3648; x_wconf 89' lang='lat' dir='ltr'><strong>non</strong></span> <span class='ocrx_word' id='word_1_289' title='bbox 1815 3594 1957 3665; x_wconf 88' lang='lat' dir='ltr'><strong>quod</strong></span> 
     </span>
    </p>
   </div>
   <div class='ocr_carea' id='block_1_37' title="bbox 365 3685 1959 3757">
    <p class='ocr_par' dir='ltr' id='par_1_37' title="bbox 365 3685 1959 3757">
     <span class='ocr_line' id='line_1_37' title="bbox 365 3685 1959 3757; baseline 0.003 -19"><span class='ocrx_word' id='word_1_290' title='bbox 365 3687 595 3756; x_wconf 86' lang='lat' dir='ltr'><strong>ignoret,</strong></span> <span class='ocrx_word' id='word_1_291' title='bbox 616 3687 928 3757; x_wconf 81' lang='lat' dir='ltr'><strong>interrogat,</strong></span> <span class='ocrx_word' id='word_1_292' title='bbox 951 3686 1044 3741; x_wconf 89' lang='lat' dir='ltr'><strong>sed</strong></span> <span class='ocrx_word' id='word_1_293' title='bbox 1074 3697 1127 3740; x_wconf 93' lang='lat' dir='ltr'><strong>ut</strong></span> <span class='ocrx_word' id='word_1_294' title='bbox 1150 3685 1468 3741; x_wconf 87' lang='lat' dir='ltr'><strong>homicidam</strong></span> <span class='ocrx_word' id='word_1_295' title='bbox 1487 3685 1764 3741; x_wconf 88' lang='lat' dir='ltr'><strong>alliciatad</strong></span> <span class='ocrx_word' id='word_1_296' title='bbox 1790 3689 1959 3756; x_wconf 60' lang='lat' dir='ltr'><strong>potni-</strong></span> 
     </span>
    </p>
   </div>
   <div class='ocr_carea' id='block_1_38' title="bbox 366 3777 1954 3848">
    <p class='ocr_par' dir='ltr' id='par_1_38' title="bbox 366 3777 1954 3848">
     <span class='ocr_line' id='line_1_38' title="bbox 366 3777 1954 3848; baseline 0.003 -19"><span class='ocrx_word' id='word_1_297' title='bbox 366 3777 608 3831; x_wconf 87' lang='lat' dir='ltr'><strong>tentiam.</strong></span> <span class='ocrx_word' id='word_1_298' title='bbox 652 3778 794 3833; x_wconf 84' lang='lat' dir='ltr'><strong>Satis</strong></span> <span class='ocrx_word' id='word_1_299' title='bbox 844 3778 986 3831; x_wconf 90' lang='lat' dir='ltr'><strong>enim</strong></span> <span class='ocrx_word' id='word_1_300' title='bbox 1017 3778 1269 3831; x_wconf 90' lang='lat' dir='ltr'><strong>indicavit</strong></span> <span class='ocrx_word' id='word_1_301' title='bbox 1300 3793 1360 3832; x_wconf 92' lang='lat' dir='ltr'><strong>se</strong></span> <span class='ocrx_word' id='word_1_302' title='bbox 1387 3778 1798 3848; x_wconf 85' lang='lat' dir='ltr'><strong>interrogantem</strong></span> <span class='ocrx_word' id='word_1_303' title='bbox 1848 3794 1954 3834; x_wconf 93' lang='lat' dir='ltr'><strong>non</strong></span> 
     </span>
    </p>
   </div>
   <div class='ocr_carea' id='block_1_39' title="bbox 364 3865 1951 3939">
    <p class='ocr_par' dir='ltr' id='par_1_39' title="bbox 364 3865 1951 3939">
     <span class='ocr_line' id='line_1_39' title="bbox 364 3865 1951 3939; baseline 0.002 -20"><span class='ocrx_word' id='word_1_304' title='bbox 364 3868 646 3935; x_wconf 89' lang='lat' dir='ltr'><strong>ignorare:</strong></span> <span class='ocrx_word' id='word_1_305' title='bbox 676 3865 776 3921; x_wconf 87' lang='lat' dir='ltr'><strong>Ubi</strong></span> <span class='ocrx_word' id='word_1_306' title='bbox 796 3876 866 3921; x_wconf 87' lang='lat' dir='ltr'><strong>est</strong></span> <span class='ocrx_word' id='word_1_307' title='bbox 882 3867 1006 3920; x_wconf 82' lang='lat' dir='ltr'><strong>Abel</strong></span> <span class='ocrx_word' id='word_1_308' title='bbox 1017 3867 1179 3937; x_wconf 88' lang='lat' dir='ltr'><strong>frater</strong></span> <span class='ocrx_word' id='word_1_309' title='bbox 1198 3876 1314 3919; x_wconf 90' lang='lat' dir='ltr'><strong>tuus</strong></span> <span class='ocrx_word' id='word_1_310' title='bbox 1334 3865 1519 3939; x_wconf 85' lang='lat' dir='ltr'><strong>(lbid.)</strong></span> <span class='ocrx_word' id='word_1_311' title='bbox 1536 3866 1561 3921; x_wconf 83' lang='lat'><strong>?</strong></span> <span class='ocrx_word' id='word_1_312' title='bbox 1580 3869 1651 3922; x_wconf 84' lang='lat' dir='ltr'><strong>At</strong></span> <span class='ocrx_word' id='word_1_313' title='bbox 1675 3868 1764 3922; x_wconf 90' lang='lat' dir='ltr'><strong>ille</strong></span> <span class='ocrx_word' id='word_1_314' title='bbox 1778 3868 1912 3922; x_wconf 68' lang='lat' dir='ltr'><strong>dixit</strong></span> <span class='ocrx_word' id='word_1_315' title='bbox 1937 3888 1951 3923; x_wconf 91' lang='lat'><strong>:</strong></span> 
     </span>
    </p>
   </div>
   <div class='ocr_carea' id='block_1_40' title="bbox 365 3958 1955 4031">
    <p class='ocr_par' dir='ltr' id='par_1_40' title="bbox 365 3958 1955 4031">
     <span class='ocr_line' id='line_1_40' title="bbox 365 3958 1955 4031; baseline 0.004 -20"><span class='ocrx_word' id='word_1_316' title='bbox 365 3958 585 4023; x_wconf 80' lang='lat' dir='ltr'><strong>Nescio;</strong></span> <span class='ocrx_word' id='word_1_317' title='bbox 603 3960 849 4024; x_wconf 79' lang='lat' dir='ltr'><strong>numquid</strong></span> <span class='ocrx_word' id='word_1_318' title='bbox 867 3970 1034 4014; x_wconf 87' lang='lat' dir='ltr'><strong>custos</strong></span> <span class='ocrx_word' id='word_1_319' title='bbox 1064 3960 1239 4031; x_wconf 75' lang='lat' dir='ltr'><strong>fratris</strong></span> <span class='ocrx_word' id='word_1_320' title='bbox 1261 3960 1357 4014; x_wconf 88' lang='lat' dir='ltr'><strong>mei</strong></span> <span class='ocrx_word' id='word_1_321' title='bbox 1385 3976 1498 4014; x_wconf 91' lang='lat' dir='ltr'><strong>sum</strong></span> <span class='ocrx_word' id='word_1_322' title='bbox 1526 3977 1617 4031; x_wconf 82' lang='lat' dir='ltr'><strong>ego</strong></span> <span class='ocrx_word' id='word_1_323' title='bbox 1633 3960 1659 4014; x_wconf 81' lang='lat'><strong>?</strong></span> <span class='ocrx_word' id='word_1_324' title='bbox 1679 3962 1827 4026; x_wconf 85' lang='lat' dir='ltr'><strong>Esto,</strong></span> <span class='ocrx_word' id='word_1_325' title='bbox 1850 3978 1955 4018; x_wconf 89' lang='lat' dir='ltr'><strong>non</strong></span> 
     </span>
    </p>
   </div>
   <div class='ocr_carea' id='block_1_41' title="bbox 363 4049 1951 4119">
    <p class='ocr_par' dir='ltr' id='par_1_41' title="bbox 363 4049 1951 4119">
     <span class='ocr_line' id='line_1_41' title="bbox 363 4049 1951 4119; baseline 0.003 -16"><span class='ocrx_word' id='word_1_326' title='bbox 363 4064 424 4103; x_wconf 87' lang='lat' dir='ltr'><strong>es</strong></span> <span class='ocrx_word' id='word_1_327' title='bbox 444 4058 646 4113; x_wconf 89' lang='lat' dir='ltr'><strong>custos,</strong></span> <span class='ocrx_word' id='word_1_328' title='bbox 670 4064 768 4103; x_wconf 91' lang='lat' dir='ltr'><strong>cur</strong></span> <span class='ocrx_word' id='word_1_329' title='bbox 787 4050 948 4103; x_wconf 89' lang='lat' dir='ltr'><strong>etiam</strong></span> <span class='ocrx_word' id='word_1_330' title='bbox 968 4049 1317 4119; x_wconf 87' lang='lat' dir='ltr'><strong>interemptor</strong></span> <span class='ocrx_word' id='word_1_331' title='bbox 1337 4065 1396 4104; x_wconf 92' lang='lat' dir='ltr'><strong>es</strong></span> <span class='ocrx_word' id='word_1_332' title='bbox 1413 4050 1436 4103; x_wconf 84' lang='lat'><strong>?</strong></span> <span class='ocrx_word' id='word_1_333' title='bbox 1457 4066 1563 4104; x_wconf 93' lang='lat' dir='ltr'><strong>non</strong></span> <span class='ocrx_word' id='word_1_334' title='bbox 1580 4051 1916 4106; x_wconf 88' lang='lat' dir='ltr'><strong>custodiebas</strong></span> <span class='ocrx_word' id='word_1_335' title='bbox 1938 4071 1951 4107; x_wconf 91' lang='lat'><strong><em>:</em></strong></span> 
     </span>
    </p>
   </div>
   <div class='ocr_carea' id='block_1_42' title="bbox 361 4139 1955 4197">
    <p class='ocr_par' dir='ltr' id='par_1_42' title="bbox 361 4139 1955 4197">
     <span class='ocr_line' id='line_1_42' title="bbox 361 4139 1955 4197; baseline 0.003 -4"><span class='ocrx_word' id='word_1_336' title='bbox 361 4155 460 4194; x_wconf 90' lang='lat' dir='ltr'><strong>cur</strong></span> <span class='ocrx_word' id='word_1_337' title='bbox 497 4141 656 4193; x_wconf 90' lang='lat' dir='ltr'><strong>etiam</strong></span> <span class='ocrx_word' id='word_1_338' title='bbox 698 4139 1277 4194; x_wconf 83' lang='lat' dir='ltr'><strong>interfecisti?Tamen</strong></span> <span class='ocrx_word' id='word_1_339' title='bbox 1316 4140 1416 4195; x_wconf 88' lang='lat' dir='ltr'><strong>ista</strong></span> <span class='ocrx_word' id='word_1_340' title='bbox 1455 4142 1768 4195; x_wconf 81' lang='lat' dir='ltr'><strong>confiteris?</strong></span> <span class='ocrx_word' id='word_1_341' title='bbox 1812 4144 1955 4197; x_wconf 77' lang='lat' dir='ltr'><strong>Reus</strong></span> 
     </span>
    </p>
   </div>
   <div class='ocr_carea' id='block_1_43' title="bbox 362 4232 1953 4304">
    <p class='ocr_par' dir='ltr' id='par_1_43' title="bbox 362 4232 1953 4304">
     <span class='ocr_line' id='line_1_43' title="bbox 362 4232 1953 4304; baseline 0.002 -18"><span class='ocrx_word' id='word_1_342' title='bbox 362 4250 423 4286; x_wconf 84' lang='lat' dir='ltr'><strong>es</strong></span> <span class='ocrx_word' id='word_1_343' title='bbox 452 4248 665 4303; x_wconf 88' lang='lat' dir='ltr'><strong>quoque</strong></span> <span class='ocrx_word' id='word_1_344' title='bbox 708 4243 867 4301; x_wconf 88' lang='lat' dir='ltr'><strong>atque</strong></span> <span class='ocrx_word' id='word_1_345' title='bbox 910 4232 1174 4287; x_wconf 88' lang='lat' dir='ltr'><strong>obnoxius</strong></span> <span class='ocrx_word' id='word_1_346' title='bbox 1198 4232 1472 4287; x_wconf 71' lang='lat' dir='ltr'><strong>custodite.</strong></span> <span class='ocrx_word' id='word_1_347' title='bbox 1520 4232 1656 4301; x_wconf 93' lang='lat' dir='ltr'><strong>Quid</strong></span> <span class='ocrx_word' id='word_1_348' title='bbox 1688 4235 1845 4304; x_wconf 87' lang='lat' dir='ltr'><strong>igitur</strong></span> <span class='ocrx_word' id='word_1_349' title='bbox 1886 4236 1953 4291; x_wconf 91' lang='lat' dir='ltr'><strong>ad</strong></span> 
     </span>
    </p>
   </div>
   <div class='ocr_carea' id='block_1_44' title="bbox 364 4323 1955 4395">
    <p class='ocr_par' dir='ltr' id='par_1_44' title="bbox 364 4323 1955 4395">
     <span class='ocr_line' id='line_1_44' title="bbox 364 4323 1955 4395; baseline 0.001 -16"><span class='ocrx_word' id='word_1_350' title='bbox 364 4326 515 4379; x_wconf 87' lang='lat' dir='ltr'><strong>illum</strong></span> <span class='ocrx_word' id='word_1_351' title='bbox 548 4325 730 4380; x_wconf 85' lang='lat' dir='ltr'><strong>Deus?</strong></span> <span class='ocrx_word' id='word_1_352' title='bbox 766 4323 875 4379; x_wconf 72' lang='lat' dir='ltr'><strong>Vox</strong></span> <span class='ocrx_word' id='word_1_353' title='bbox 908 4326 1168 4395; x_wconf 83' lang='lat' dir='ltr'><strong>sanguinis</strong></span> <span class='ocrx_word' id='word_1_354' title='bbox 1195 4324 1372 4393; x_wconf 88' lang='lat' dir='ltr'><strong>fratris</strong></span> <span class='ocrx_word' id='word_1_355' title='bbox 1414 4326 1487 4378; x_wconf 88' lang='lat' dir='ltr'><strong>tui</strong></span> <span class='ocrx_word' id='word_1_356' title='bbox 1517 4325 1639 4380; x_wconf 83' lang='lat' dir='ltr'><strong>Abel</strong></span> <span class='ocrx_word' id='word_1_357' title='bbox 1671 4326 1858 4380; x_wconf 85' lang='lat' dir='ltr'><strong>clamat</strong></span> <span class='ocrx_word' id='word_1_358' title='bbox 1888 4330 1955 4381; x_wconf 80' lang='lat' dir='ltr'><strong>ad</strong></span> 
     </span>
    </p>
   </div>
   <div class='ocr_carea' id='block_1_45' title="bbox 363 4414 1950 4489">
    <p class='ocr_par' dir='ltr' id='par_1_45' title="bbox 363 4414 1950 4489">
     <span class='ocr_line' id='line_1_45' title="bbox 363 4414 1950 4489; baseline 0 -18"><span class='ocrx_word' id='word_1_359' title='bbox 363 4433 444 4471; x_wconf 78' lang='lat' dir='ltr'><strong>me</strong></span> <span class='ocrx_word' id='word_1_360' title='bbox 466 4416 531 4471; x_wconf 84' lang='lat' dir='ltr'><strong>de</strong></span> <span class='ocrx_word' id='word_1_361' title='bbox 553 4414 809 4487; x_wconf 86' lang='lat' dir='ltr'><strong>terra(lb.</strong></span> <span class='ocrx_word' id='word_1_362' title='bbox 842 4432 888 4470; x_wconf 80' lang='grc' dir='ltr'><strong>υ.</strong></span> <span class='ocrx_word' id='word_1_363' title='bbox 919 4414 1030 4489; x_wconf 81' lang='grc'><strong>10).</strong></span> <span class='ocrx_word' id='word_1_364' title='bbox 1051 4416 1240 4486; x_wconf 83' lang='lat' dir='ltr'><strong>Arguit</strong></span> <span class='ocrx_word' id='word_1_365' title='bbox 1267 4415 1413 4469; x_wconf 88' lang='lat' dir='ltr'><strong>illutn</strong></span> <span class='ocrx_word' id='word_1_366' title='bbox 1442 4415 1641 4482; x_wconf 87' lang='lat' dir='ltr'><strong>statim,</strong></span> <span class='ocrx_word' id='word_1_367' title='bbox 1666 4428 1718 4471; x_wconf 91' lang='lat' dir='ltr'><strong>et</strong></span> <span class='ocrx_word' id='word_1_368' title='bbox 1740 4433 1950 4487; x_wconf 70' lang='lat' dir='ltr'><strong>pinnam</strong></span> 
     </span>
    </p>
   </div>
   <div class='ocr_carea' id='block_1_46' title="bbox 365 4506 1949 4579">
    <p class='ocr_par' dir='ltr' id='par_1_46' title="bbox 365 4506 1949 4579">
     <span class='ocr_line' id='line_1_46' title="bbox 365 4506 1949 4579; baseline 0.003 -17"><span class='ocrx_word' id='word_1_369' title='bbox 365 4510 547 4563; x_wconf 88' lang='lat' dir='ltr'><strong>intulit</strong></span> <span class='ocrx_word' id='word_1_370' title='bbox 588 4525 696 4564; x_wconf 92' lang='lat' dir='ltr'><strong>non</strong></span> <span class='ocrx_word' id='word_1_371' title='bbox 745 4518 853 4563; x_wconf 89' lang='lat' dir='ltr'><strong>tam</strong></span> <span class='ocrx_word' id='word_1_372' title='bbox 882 4508 950 4563; x_wconf 95' lang='lat' dir='ltr'><strong>ob</strong></span> <span class='ocrx_word' id='word_1_373' title='bbox 989 4506 1193 4563; x_wconf 62' lang='lat' dir='ltr'><strong>eaedem</strong></span> <span class='ocrx_word' id='word_1_374' title='bbox 1222 4522 1379 4578; x_wconf 91' lang='lat' dir='ltr'><strong>quam</strong></span> <span class='ocrx_word' id='word_1_375' title='bbox 1422 4508 1492 4563; x_wconf 85' lang='lat' dir='ltr'><strong>ob</strong></span> <span class='ocrx_word' id='word_1_376' title='bbox 1528 4509 1949 4579; x_wconf 86' lang='lat' dir='ltr'><strong>impudentiam:</strong></span> 
     </span>
    </p>
   </div>
   <div class='ocr_carea' id='block_1_47' title="bbox 364 4601 1952 4675">
    <p class='ocr_par' dir='ltr' id='par_1_47' title="bbox 364 4601 1952 4675">
     <span class='ocr_line' id='line_1_47' title="bbox 364 4601 1952 4675; baseline 0.003 -20"><span class='ocrx_word' id='word_1_377' title='bbox 364 4616 473 4656; x_wconf 88' lang='lat' dir='ltr'><strong>non</strong></span> <span class='ocrx_word' id='word_1_378' title='bbox 504 4602 649 4669; x_wconf 78' lang='lat' dir='ltr'><strong>enim</strong></span> <span class='ocrx_word' id='word_1_379' title='bbox 681 4604 751 4656; x_wconf 90' lang='lat' dir='ltr'><strong>ita</strong></span> <span class='ocrx_word' id='word_1_380' title='bbox 804 4603 945 4657; x_wconf 88' lang='lat' dir='ltr'><strong>Deus</strong></span> <span class='ocrx_word' id='word_1_381' title='bbox 969 4601 1082 4656; x_wconf 90' lang='lat' dir='ltr'><strong>odit</strong></span> <span class='ocrx_word' id='word_1_382' title='bbox 1114 4617 1237 4657; x_wconf 92' lang='lat' dir='ltr'><strong>eum</strong></span> <span class='ocrx_word' id='word_1_383' title='bbox 1262 4603 1351 4672; x_wconf 91' lang='lat' dir='ltr'><strong>qui</strong></span> <span class='ocrx_word' id='word_1_384' title='bbox 1398 4611 1603 4672; x_wconf 88' lang='lat' dir='ltr'><strong>peccat,</strong></span> <span class='ocrx_word' id='word_1_385' title='bbox 1631 4614 1686 4657; x_wconf 94' lang='lat' dir='ltr'><strong>ut</strong></span> <span class='ocrx_word' id='word_1_386' title='bbox 1711 4621 1830 4659; x_wconf 90' lang='lat' dir='ltr'><strong>eum</strong></span> <span class='ocrx_word' id='word_1_387' title='bbox 1862 4606 1952 4675; x_wconf 90' lang='lat' dir='ltr'><strong>qui</strong></span> 
     </span>
    </p>
   </div>
   <div class='ocr_carea' id='block_1_48' title="bbox 364 4692 1953 4765">
    <p class='ocr_par' dir='ltr' id='par_1_48' title="bbox 364 4692 1953 4765">
     <span class='ocr_line' id='line_1_48' title="bbox 364 4692 1953 4765; baseline 0.002 -15"><span class='ocrx_word' id='word_1_388' title='bbox 364 4694 704 4763; x_wconf 84' lang='lat' dir='ltr'><strong>impudenter</strong></span> <span class='ocrx_word' id='word_1_389' title='bbox 733 4709 793 4749; x_wconf 87' lang='lat' dir='ltr'><strong>se</strong></span> <span class='ocrx_word' id='word_1_390' title='bbox 817 4694 973 4765; x_wconf 88' lang='lat' dir='ltr'><strong>gerit.</strong></span> <span class='ocrx_word' id='word_1_391' title='bbox 1015 4692 1174 4749; x_wconf 87' lang='lat' dir='ltr'><strong>Certe</strong></span> <span class='ocrx_word' id='word_1_392' title='bbox 1212 4694 1343 4748; x_wconf 89' lang='lat' dir='ltr'><strong>Cain</strong></span> <span class='ocrx_word' id='word_1_393' title='bbox 1370 4694 1435 4749; x_wconf 89' lang='lat' dir='ltr'><strong>ad</strong></span> <span class='ocrx_word' id='word_1_394' title='bbox 1465 4696 1832 4765; x_wconf 70' lang='lat' dir='ltr'><strong>paenitentiam</strong></span> <span class='ocrx_word' id='word_1_395' title='bbox 1865 4714 1953 4753; x_wconf 80' lang='lat' dir='ltr'><strong>ac-</strong></span> 
     </span>
    </p>
   </div>
   <div class='ocr_carea' id='block_1_49' title="bbox 362 4785 1948 4856">
    <p class='ocr_par' dir='ltr' id='par_1_49' title="bbox 362 4785 1948 4856">
     <span class='ocr_line' id='line_1_49' title="bbox 362 4785 1948 4856; baseline 0.001 -15"><span class='ocrx_word' id='word_1_396' title='bbox 362 4787 643 4841; x_wconf 87' lang='lat' dir='ltr'><strong>cedentem</strong></span> <span class='ocrx_word' id='word_1_397' title='bbox 682 4801 787 4840; x_wconf 90' lang='lat' dir='ltr'><strong>non</strong></span> <span class='ocrx_word' id='word_1_398' title='bbox 819 4785 1072 4851; x_wconf 84' lang='lat' dir='ltr'><strong>admittit,</strong></span> <span class='ocrx_word' id='word_1_399' title='bbox 1108 4786 1229 4856; x_wconf 89' lang='lat' dir='ltr'><strong>quia</strong></span> <span class='ocrx_word' id='word_1_400' title='bbox 1278 4794 1551 4854; x_wconf 88' lang='lat' dir='ltr'><strong>peccatum</strong></span> <span class='ocrx_word' id='word_1_401' title='bbox 1602 4788 1802 4856; x_wconf 89' lang='lat' dir='ltr'><strong>primus</strong></span> <span class='ocrx_word' id='word_1_402' title='bbox 1846 4805 1948 4843; x_wconf 76' lang='lat' dir='ltr'><strong>non</strong></span> 
     </span>
    </p>
   </div>
   <div class='ocr_carea' id='block_1_50' title="bbox 362 4877 1951 4951">
    <p class='ocr_par' dir='ltr' id='par_1_50' title="bbox 362 4877 1951 4951">
     <span class='ocr_line' id='line_1_50' title="bbox 362 4877 1951 4951; baseline 0.001 -18"><span class='ocrx_word' id='word_1_403' title='bbox 362 4879 516 4933; x_wconf 81' lang='lat' dir='ltr'><strong>dixit.</strong></span> <span class='ocrx_word' id='word_1_404' title='bbox 546 4878 682 4946; x_wconf 83' lang='lat' dir='ltr'><strong>Quid</strong></span> <span class='ocrx_word' id='word_1_405' title='bbox 708 4879 850 4933; x_wconf 91' lang='lat' dir='ltr'><strong>enim</strong></span> <span class='ocrx_word' id='word_1_406' title='bbox 875 4878 984 4932; x_wconf 87' lang='lat' dir='ltr'><strong>ait?</strong></span> <span class='ocrx_word' id='word_1_407' title='bbox 1013 4877 1184 4948; x_wconf 78' lang='lat' dir='ltr'><strong>Majas</strong></span> <span class='ocrx_word' id='word_1_408' title='bbox 1206 4888 1277 4933; x_wconf 76' lang='lat' dir='ltr'><strong>cst</strong></span> <span class='ocrx_word' id='word_1_409' title='bbox 1303 4888 1564 4947; x_wconf 84' lang='lat' dir='ltr'><strong>peccatum</strong></span> <span class='ocrx_word' id='word_1_410' title='bbox 1589 4897 1773 4946; x_wconf 85' lang='lat' dir='ltr'><strong>meum,</strong></span> <span class='ocrx_word' id='word_1_411' title='bbox 1801 4898 1951 4951; x_wconf 86' lang='lat' dir='ltr'><strong>quam</strong></span> 
     </span>
    </p>
   </div>
   <div class='ocr_carea' id='block_1_51' title="bbox 362 4966 1948 5039">
    <p class='ocr_par' dir='ltr' id='par_1_51' title="bbox 362 4966 1948 5039">
     <span class='ocr_line' id='line_1_51' title="bbox 362 4966 1948 5039; baseline 0.003 -18"><span class='ocrx_word' id='word_1_412' title='bbox 362 4980 419 5021; x_wconf 77' lang='lat' dir='ltr'><strong>ut</strong></span> <span class='ocrx_word' id='word_1_413' title='bbox 445 4969 728 5022; x_wconf 83' lang='lat' dir='ltr'><strong>remittatur</strong></span> <span class='ocrx_word' id='word_1_414' title='bbox 748 4969 872 5021; x_wconf 81' lang='lat' dir='ltr'><strong>mihi</strong></span> <span class='ocrx_word' id='word_1_415' title='bbox 900 4966 1004 5039; x_wconf 86' lang='lat' dir='ltr'><strong>(Ib.</strong></span> <span class='ocrx_word' id='word_1_416' title='bbox 1036 4985 1084 5022; x_wconf 84' lang='grc' dir='ltr'><strong>υ.</strong></span> <span class='ocrx_word' id='word_1_417' title='bbox 1119 4968 1209 5036; x_wconf 82' lang='lat' dir='ltr'><strong>l5)</strong></span> <span class='ocrx_word' id='word_1_418' title='bbox 1236 4985 1249 5021; x_wconf 92' lang='lat'><strong>:</strong></span> <span class='ocrx_word' id='word_1_419' title='bbox 1282 4970 1433 5037; x_wconf 85' lang='lat' dir='ltr'><strong>quasi</strong></span> <span class='ocrx_word' id='word_1_420' title='bbox 1453 4968 1658 5025; x_wconf 91' lang='lat' dir='ltr'><strong>diceret</strong></span> <span class='ocrx_word' id='word_1_421' title='bbox 1687 4988 1700 5025; x_wconf 91' lang='lat'><strong>:</strong></span> <span class='ocrx_word' id='word_1_422' title='bbox 1730 4972 1948 5027; x_wconf 82' lang='lat' dir='ltr'><strong>Multum</strong></span> 
     </span>
    </p>
   </div>
   <div class='ocr_carea' id='block_1_52' title="bbox 362 5060 1947 5135">
    <p class='ocr_par' dir='ltr' id='par_1_52' title="bbox 362 5060 1947 5135">
     <span class='ocr_line' id='line_1_52' title="bbox 362 5060 1947 5135; baseline 0.002 -19"><span class='ocrx_word' id='word_1_423' title='bbox 362 5060 603 5129; x_wconf 76' lang='lat' dir='ltr'><strong>peccavi,</strong></span> <span class='ocrx_word' id='word_1_424' title='bbox 644 5078 750 5116; x_wconf 92' lang='lat' dir='ltr'><strong>non</strong></span> <span class='ocrx_word' id='word_1_425' title='bbox 791 5077 909 5115; x_wconf 89' lang='lat' dir='ltr'><strong>sum</strong></span> <span class='ocrx_word' id='word_1_426' title='bbox 956 5061 1149 5131; x_wconf 90' lang='lat' dir='ltr'><strong>dignus</strong></span> <span class='ocrx_word' id='word_1_427' title='bbox 1191 5070 1251 5116; x_wconf 92' lang='lat' dir='ltr'><strong>ut</strong></span> <span class='ocrx_word' id='word_1_428' title='bbox 1289 5062 1485 5115; x_wconf 89' lang='lat' dir='ltr'><strong>vivam.</strong></span> <span class='ocrx_word' id='word_1_429' title='bbox 1531 5064 1666 5129; x_wconf 87' lang='lat' dir='ltr'><strong>Quid</strong></span> <span class='ocrx_word' id='word_1_430' title='bbox 1700 5080 1828 5135; x_wconf 88' lang='lat' dir='ltr'><strong>ergo</strong></span> <span class='ocrx_word' id='word_1_431' title='bbox 1880 5065 1947 5119; x_wconf 92' lang='lat' dir='ltr'><strong>ad</strong></span> 
     </span>
    </p>
   </div>
   <div class='ocr_carea' id='block_1_53' title="bbox 363 5149 1948 5223">
    <p class='ocr_par' dir='ltr' id='par_1_53' title="bbox 363 5149 1948 5223">
     <span class='ocr_line' id='line_1_53' title="bbox 363 5149 1948 5223; baseline 0.005 -22"><span class='ocrx_word' id='word_1_432' title='bbox 363 5152 512 5205; x_wconf 84' lang='lat' dir='ltr'><strong>illuni</strong></span> <span class='ocrx_word' id='word_1_433' title='bbox 561 5151 739 5205; x_wconf 84' lang='lat' dir='ltr'><strong>Deus?</strong></span> <span class='ocrx_word' id='word_1_434' title='bbox 788 5149 1002 5206; x_wconf 80' lang='lat' dir='ltr'><strong>Gemens</strong></span> <span class='ocrx_word' id='word_1_435' title='bbox 1044 5167 1105 5204; x_wconf 89' lang='lat' dir='ltr'><strong>ac</strong></span> <span class='ocrx_word' id='word_1_436' title='bbox 1155 5161 1372 5207; x_wconf 83' lang='lat' dir='ltr'><strong>tremens</strong></span> <span class='ocrx_word' id='word_1_437' title='bbox 1420 5153 1518 5207; x_wconf 85' lang='lat' dir='ltr'><strong>eris</strong></span> <span class='ocrx_word' id='word_1_438' title='bbox 1564 5170 1715 5223; x_wconf 85' lang='lat' dir='ltr'><strong>super</strong></span> <span class='ocrx_word' id='word_1_439' title='bbox 1763 5165 1948 5209; x_wconf 84' lang='lat' dir='ltr'><strong>terram</strong></span> 
     </span>
    </p>
   </div>
   <div class='ocr_carea' id='block_1_54' title="bbox 360 5242 1947 5317">
    <p class='ocr_par' dir='ltr' id='par_1_54' title="bbox 360 5242 1947 5317">
     <span class='ocr_line' id='line_1_54' title="bbox 360 5242 1947 5317; baseline 0.005 -22"><span class='ocrx_word' id='word_1_440' title='bbox 360 5242 469 5309; x_wconf 80' lang='lat' dir='ltr'><strong>(Ib.</strong></span> <span class='ocrx_word' id='word_1_441' title='bbox 520 5259 565 5296; x_wconf 76' lang='grc' dir='ltr'><strong>υ.</strong></span> <span class='ocrx_word' id='word_1_442' title='bbox 616 5243 705 5314; x_wconf 76' lang='grc'><strong>12)</strong></span> <span class='ocrx_word' id='word_1_443' title='bbox 734 5260 748 5297; x_wconf 92' lang='lat'><strong>:</strong></span> <span class='ocrx_word' id='word_1_444' title='bbox 779 5252 833 5299; x_wconf 92' lang='lat' dir='ltr'><strong>et</strong></span> <span class='ocrx_word' id='word_1_445' title='bbox 881 5258 1098 5314; x_wconf 84' lang='lat' dir='ltr'><strong>gravem</strong></span> <span class='ocrx_word' id='word_1_446' title='bbox 1149 5243 1224 5297; x_wconf 92' lang='lat' dir='ltr'><strong>illi</strong></span> <span class='ocrx_word' id='word_1_447' title='bbox 1281 5245 1667 5316; x_wconf 90' lang='lat' dir='ltr'><strong>molestamque</strong></span> <span class='ocrx_word' id='word_1_448' title='bbox 1732 5261 1947 5317; x_wconf 75' lang='lat' dir='ltr'><strong>ptenam</strong></span> 
     </span>
    </p>
   </div>
   <div class='ocr_carea' id='block_1_55' title="bbox 362 5334 1946 5404">
    <p class='ocr_par' dir='ltr' id='par_1_55' title="bbox 362 5334 1946 5404">
     <span class='ocr_line' id='line_1_55' title="bbox 362 5334 1946 5404; baseline 0.005 -17"><span class='ocrx_word' id='word_1_449' title='bbox 362 5334 635 5402; x_wconf 84' lang='lat' dir='ltr'><strong>imposuit.</strong></span> <span class='ocrx_word' id='word_1_450' title='bbox 686 5334 802 5389; x_wconf 86' lang='lat' dir='ltr'><strong>Non</strong></span> <span class='ocrx_word' id='word_1_451' title='bbox 833 5334 1094 5389; x_wconf 86' lang='lat' dir='ltr'><strong>interficio</strong></span> <span class='ocrx_word' id='word_1_452' title='bbox 1133 5342 1218 5396; x_wconf 83' lang='lat' dir='ltr'><strong>te,</strong></span> <span class='ocrx_word' id='word_1_453' title='bbox 1267 5334 1452 5404; x_wconf 89' lang='lat' dir='ltr'><strong>inquit,</strong></span> <span class='ocrx_word' id='word_1_454' title='bbox 1484 5352 1550 5390; x_wconf 92' lang='lat' dir='ltr'><strong>ne</strong></span> <span class='ocrx_word' id='word_1_455' title='bbox 1586 5338 1781 5393; x_wconf 87' lang='lat' dir='ltr'><strong>veritas</strong></span> <span class='ocrx_word' id='word_1_456' title='bbox 1809 5338 1946 5395; x_wconf 83' lang='lat' dir='ltr'><strong>obli-</strong></span> 
     </span>
    </p>
   </div>
   <div class='ocr_carea' id='block_1_56' title="bbox 359 5423 1947 5497">
    <p class='ocr_par' dir='ltr' id='par_1_56' title="bbox 359 5423 1947 5497">
     <span class='ocr_line' id='line_1_56' title="bbox 359 5423 1947 5497; baseline 0.004 -20"><span class='ocrx_word' id='word_1_457' title='bbox 359 5424 505 5479; x_wconf 89' lang='lat' dir='ltr'><strong>vioni</strong></span> <span class='ocrx_word' id='word_1_458' title='bbox 533 5425 791 5488; x_wconf 84' lang='lat' dir='ltr'><strong>tradatur,</strong></span> <span class='ocrx_word' id='word_1_459' title='bbox 815 5424 908 5481; x_wconf 87' lang='lat' dir='ltr'><strong>sed</strong></span> <span class='ocrx_word' id='word_1_460' title='bbox 933 5423 1131 5490; x_wconf 84' lang='lat' dir='ltr'><strong>efficio,</strong></span> <span class='ocrx_word' id='word_1_461' title='bbox 1157 5434 1213 5479; x_wconf 92' lang='lat' dir='ltr'><strong>ut</strong></span> <span class='ocrx_word' id='word_1_462' title='bbox 1243 5424 1317 5480; x_wconf 90' lang='lat' dir='ltr'><strong>sis</strong></span> <span class='ocrx_word' id='word_1_463' title='bbox 1335 5426 1441 5491; x_wconf 88' lang='lat' dir='ltr'><strong>lex,</strong></span> <span class='ocrx_word' id='word_1_464' title='bbox 1460 5442 1580 5497; x_wconf 78' lang='lat' dir='ltr'><strong>qua:</strong></span> <span class='ocrx_word' id='word_1_465' title='bbox 1601 5428 1670 5483; x_wconf 91' lang='lat' dir='ltr'><strong>ab</strong></span> <span class='ocrx_word' id='word_1_466' title='bbox 1697 5429 1947 5485; x_wconf 89' lang='lat' dir='ltr'><strong>omnibus</strong></span> 
     </span>
    </p>
   </div>
   <div class='ocr_carea' id='block_1_57' title="bbox 360 5515 1947 5587">
    <p class='ocr_par' dir='ltr' id='par_1_57' title="bbox 360 5515 1947 5587">
     <span class='ocr_line' id='line_1_57' title="bbox 360 5515 1947 5587; baseline 0.002 -16"><span class='ocrx_word' id='word_1_467' title='bbox 360 5518 587 5585; x_wconf 81' lang='lat' dir='ltr'><strong>legatur,</strong></span> <span class='ocrx_word' id='word_1_468' title='bbox 616 5528 671 5570; x_wconf 94' lang='lat' dir='ltr'><strong>ut</strong></span> <span class='ocrx_word' id='word_1_469' title='bbox 713 5516 988 5571; x_wconf 86' lang='lat' dir='ltr'><strong>calamitas</strong></span> <span class='ocrx_word' id='word_1_470' title='bbox 1034 5515 1379 5587; x_wconf 78' lang='lat' dir='ltr'><strong>philosophia:</strong></span> <span class='ocrx_word' id='word_1_471' title='bbox 1419 5528 1588 5574; x_wconf 91' lang='lat' dir='ltr'><strong>mater</strong></span> <span class='ocrx_word' id='word_1_472' title='bbox 1613 5518 1721 5574; x_wconf 87' lang='lat' dir='ltr'><strong>fiat.</strong></span> <span class='ocrx_word' id='word_1_473' title='bbox 1753 5520 1818 5577; x_wconf 84' lang='lat' dir='ltr'><strong>Et</strong></span> <span class='ocrx_word' id='word_1_474' title='bbox 1840 5520 1947 5580; x_wconf 85' lang='lat' dir='ltr'><strong>cir-</strong></span> 
     </span>
    </p>
   </div>
   <div class='ocr_carea' id='block_1_58' title="bbox 428 5674 1539 5730">
    <p class='ocr_par' dir='ltr' id='par_1_58' title="bbox 428 5674 1539 5730">
     <span class='ocr_line' id='line_1_58' title="bbox 428 5674 1539 5730; baseline 0.005 -6"><span class='ocrx_word' id='word_1_475' title='bbox 428 5676 444 5707; x_wconf 80' lang='grc'>⁸</span> <span class='ocrx_word' id='word_1_476' title='bbox 480 5674 551 5725; x_wconf 76' lang='lat' dir='ltr'><strong>Sic</strong></span> <span class='ocrx_word' id='word_1_477' title='bbox 577 5682 678 5723; x_wconf 70' lang='lat' dir='ltr'><strong>Mss.</strong></span> <span class='ocrx_word' id='word_1_478' title='bbox 716 5680 825 5722; x_wconf 69' lang='lat' dir='ltr'><strong>Haec</strong></span> <span class='ocrx_word' id='word_1_479' title='bbox 848 5674 1088 5724; x_wconf 73' lang='lat' dir='ltr'><strong>Morellius</strong></span> <span class='ocrx_word' id='word_1_480' title='bbox 1110 5687 1275 5724; x_wconf 82' lang='lat' dir='ltr'><strong>manca</strong></span> <span class='ocrx_word' id='word_1_481' title='bbox 1301 5675 1539 5730; x_wconf 82' lang='lat' dir='ltr'><strong>ediderat.</strong></span> 
     </span>
    </p>
   </div>
   <div class='ocr_carea' id='block_1_59' title="bbox 692 5766 1433 5859">
    <p class='ocr_par' dir='ltr' id='par_1_59' title="bbox 692 5766 1433 5859">
     <span class='ocr_line' id='line_1_59' title="bbox 692 5766 1433 5859; baseline 0.018 -35"><span class='ocrx_word' id='word_1_482' title='bbox 692 5766 957 5827; x_wconf 50' lang='lat' dir='ltr'><strong>Puncta</strong></span> <span class='ocrx_word' id='word_1_483' title='bbox 1002 5767 1117 5830; x_wconf 81' lang='lat' dir='ltr'><strong>Gn.</strong></span> <span class='ocrx_word' id='word_1_484' title='bbox 1160 5772 1383 5837; x_wconf 68' lang='grc' dir='ltr'><strong>Χωχ,</strong></span> <span class='ocrx_word' id='word_1_485' title='bbox 1428 5854 1433 5859; x_wconf 23' lang='grc' dir='ltr'><em>ι</em></span> 
     </span>
    </p>
   </div>
   <div class='ocr_carea' id='block_1_60' title="bbox 1510 258 2474 321">
    <p class='ocr_par' dir='ltr' id='par_1_60' title="bbox 1510 258 2474 321">
     <span class='ocr_line' id='line_1_60' title="bbox 1510 258 2474 321; baseline 0.007 -8"><span class='ocrx_word' id='word_1_486' title='bbox 1510 259 1598 315; x_wconf 86' lang='lat' dir='ltr'><strong>DE</strong></span> <span class='ocrx_word' id='word_1_487' title='bbox 1637 258 2101 317; x_wconf 71' lang='lat' dir='ltr'><strong>[’(ENITENTIA.</strong></span> <span class='ocrx_word' id='word_1_488' title='bbox 2144 260 2371 318; x_wconf 82' lang='lat' dir='ltr'><strong>llOMIL.</strong></span> <span class='ocrx_word' id='word_1_489' title='bbox 2414 264 2474 321; x_wconf 90' lang='lat' dir='ltr'><strong>ll.</strong></span> 
     </span>
    </p>
   </div>
   <div class='ocr_carea' id='block_1_61' title="bbox 3533 282 3639 339">
    <p class='ocr_par' dir='ltr' id='par_1_61' title="bbox 3533 282 3639 339">
     <span class='ocr_line' id='line_1_61' title="bbox 3533 282 3639 339; baseline 0 -1"><span class='ocrx_word' id='word_1_490' title='bbox 3533 282 3639 339; x_wconf 65' lang='lat'><strong>286</strong></span> 
     </span>
    </p>
   </div>
   <div class='ocr_carea' id='block_1_62' title="bbox 2064 377 3640 464">
    <p class='ocr_par' dir='ltr' id='par_1_62' title="bbox 2064 377 3640 464">
     <span class='ocr_line' id='line_1_62' title="bbox 2064 377 3640 464; baseline 0.015 -33"><span class='ocrx_word' id='word_1_491' title='bbox 2064 377 2243 432; x_wconf 87' lang='lat' dir='ltr'><strong>cuibat</strong></span> <span class='ocrx_word' id='word_1_492' title='bbox 2264 379 2419 444; x_wconf 88' lang='lat' dir='ltr'><strong>Cain,</strong></span> <span class='ocrx_word' id='word_1_493' title='bbox 2450 382 2533 435; x_wconf 86' lang='lat' dir='ltr'><strong>lex</strong></span> <span class='ocrx_word' id='word_1_494' title='bbox 2562 384 2813 451; x_wconf 89' lang='lat' dir='ltr'><strong>animata,</strong></span> <span class='ocrx_word' id='word_1_495' title='bbox 2844 389 3088 445; x_wconf 85' lang='lat' dir='ltr'><strong>columna</strong></span> <span class='ocrx_word' id='word_1_496' title='bbox 3115 393 3341 447; x_wconf 71' lang='lat' dir='ltr'><strong>tentoria</strong></span> <span class='ocrx_word' id='word_1_497' title='bbox 3365 436 3377 457; x_wconf 88' lang='lat'><strong>,</strong></span> <span class='ocrx_word' id='word_1_498' title='bbox 3406 410 3526 464; x_wconf 69' lang='lat' dir='ltr'><strong>qua:</strong></span> <span class='ocrx_word' id='word_1_499' title='bbox 3555 406 3640 453; x_wconf 62' lang='lat' dir='ltr'><strong>tae</strong></span> 
     </span>
    </p>
   </div>
   <div class='ocr_carea' id='block_1_63' title="bbox 2062 471 3638 543">
    <p class='ocr_par' dir='ltr' id='par_1_63' title="bbox 2062 471 3638 543">
     <span class='ocr_line' id='line_1_63' title="bbox 2062 471 3638 543; baseline 0.013 -23"><span class='ocrx_word' id='word_1_500' title='bbox 2062 471 2249 533; x_wconf 87' lang='lat' dir='ltr'><strong>cebat,</strong></span> <span class='ocrx_word' id='word_1_501' title='bbox 2300 480 2354 525; x_wconf 92' lang='lat' dir='ltr'><strong>et</strong></span> <span class='ocrx_word' id='word_1_502' title='bbox 2402 482 2578 529; x_wconf 82' lang='lat' dir='ltr'><strong>tamen</strong></span> <span class='ocrx_word' id='word_1_503' title='bbox 2624 492 2807 531; x_wconf 85' lang='lat' dir='ltr'><strong>vocem</strong></span> <span class='ocrx_word' id='word_1_504' title='bbox 2857 480 2978 534; x_wconf 90' lang='lat' dir='ltr'><strong>tuba</strong></span> <span class='ocrx_word' id='word_1_505' title='bbox 3016 484 3295 541; x_wconf 86' lang='lat' dir='ltr'><strong>clariorem</strong></span> <span class='ocrx_word' id='word_1_506' title='bbox 3342 487 3638 543; x_wconf 86' lang='lat' dir='ltr'><strong>emittebat.</strong></span> 
     </span>
    </p>
   </div>
   <div class='ocr_carea' id='block_1_64' title="bbox 2062 558 3643 650">
    <p class='ocr_par' dir='ltr' id='par_1_64' title="bbox 2062 558 3643 650">
     <span class='ocr_line' id='line_1_64' title="bbox 2062 558 3643 650; baseline 0.016 -38"><span class='ocrx_word' id='word_1_507' title='bbox 2062 558 2251 626; x_wconf 87' lang='lat' dir='ltr'><strong>Nemo,</strong></span> <span class='ocrx_word' id='word_1_508' title='bbox 2285 563 2477 633; x_wconf 91' lang='lat' dir='ltr'><strong>inquit,</strong></span> <span class='ocrx_word' id='word_1_509' title='bbox 2505 566 2630 621; x_wconf 90' lang='lat' dir='ltr'><strong>talia</strong></span> <span class='ocrx_word' id='word_1_510' title='bbox 2659 568 2849 636; x_wconf 90' lang='lat' dir='ltr'><strong>faciat,</strong></span> <span class='ocrx_word' id='word_1_511' title='bbox 2883 588 2949 626; x_wconf 89' lang='lat' dir='ltr'><strong>ne</strong></span> <span class='ocrx_word' id='word_1_512' title='bbox 2980 575 3102 628; x_wconf 85' lang='lat' dir='ltr'><strong>talia</strong></span> <span class='ocrx_word' id='word_1_513' title='bbox 3135 578 3383 645; x_wconf 90' lang='lat' dir='ltr'><strong>patiatur.</strong></span> <span class='ocrx_word' id='word_1_514' title='bbox 3417 581 3643 650; x_wconf 67' lang='lat' dir='ltr'><strong>Proliter</strong></span> 
     </span>
    </p>
   </div>
   <div class='ocr_carea' id='block_1_65' title="bbox 2063 650 3644 730">
    <p class='ocr_par' dir='ltr' id='par_1_65' title="bbox 2063 650 3644 730">
     <span class='ocr_line' id='line_1_65' title="bbox 2063 650 3644 730; baseline 0.016 -27"><span class='ocrx_word' id='word_1_515' title='bbox 2063 650 2443 720; x_wconf 90' lang='lat' dir='ltr'><strong>impudentiam</strong></span> <span class='ocrx_word' id='word_1_516' title='bbox 2470 660 2733 727; x_wconf 86' lang='lat' dir='ltr'><strong>supplicio</strong></span> <span class='ocrx_word' id='word_1_517' title='bbox 2754 673 2834 716; x_wconf 90' lang='lat' dir='ltr'><strong>est</strong></span> <span class='ocrx_word' id='word_1_518' title='bbox 2860 664 3101 730; x_wconf 72' lang='lat' dir='ltr'><strong>allectus,</strong></span> <span class='ocrx_word' id='word_1_519' title='bbox 3131 680 3321 724; x_wconf 89' lang='lat' dir='ltr'><strong>etcum</strong></span> <span class='ocrx_word' id='word_1_520' title='bbox 3351 688 3453 727; x_wconf 92' lang='lat' dir='ltr'><strong>non</strong></span> <span class='ocrx_word' id='word_1_521' title='bbox 3478 673 3644 727; x_wconf 85' lang='lat' dir='ltr'><strong>dixis-</strong></span> 
     </span>
    </p>
   </div>
   <div class='ocr_carea' id='block_1_66' title="bbox 2062 749 3640 821">
    <p class='ocr_par' dir='ltr' id='par_1_66' title="bbox 2062 749 3640 821">
     <span class='ocr_line' id='line_1_66' title="bbox 2062 749 3640 821; baseline 0.015 -27"><span class='ocrx_word' id='word_1_522' title='bbox 2062 752 2145 795; x_wconf 90' lang='lat' dir='ltr'><strong>set</strong></span> <span class='ocrx_word' id='word_1_523' title='bbox 2169 754 2442 811; x_wconf 87' lang='lat' dir='ltr'><strong>peccatum</strong></span> <span class='ocrx_word' id='word_1_524' title='bbox 2465 789 2481 813; x_wconf 96' lang='lat'><strong>,</strong></span> <span class='ocrx_word' id='word_1_525' title='bbox 2511 749 2604 803; x_wconf 92' lang='lat' dir='ltr'><strong>sed</strong></span> <span class='ocrx_word' id='word_1_526' title='bbox 2628 754 2905 807; x_wconf 90' lang='lat' dir='ltr'><strong>convictus</strong></span> <span class='ocrx_word' id='word_1_527' title='bbox 2929 766 3106 821; x_wconf 88' lang='lat' dir='ltr'><strong>esset,</strong></span> <span class='ocrx_word' id='word_1_528' title='bbox 3135 759 3203 812; x_wconf 91' lang='lat' dir='ltr'><strong>ob</strong></span> <span class='ocrx_word' id='word_1_529' title='bbox 3231 760 3359 814; x_wconf 88' lang='lat' dir='ltr'><strong>illud</strong></span> <span class='ocrx_word' id='word_1_530' title='bbox 3387 764 3640 817; x_wconf 83' lang='lat' dir='ltr'><strong>cummis-</strong></span> 
     </span>
    </p>
   </div>
   <div class='ocr_carea' id='block_1_67' title="bbox 2061 836 3641 918">
    <p class='ocr_par' dir='ltr' id='par_1_67' title="bbox 2061 836 3641 918">
     <span class='ocr_line' id='line_1_67' title="bbox 2061 836 3641 918; baseline 0.014 -32"><span class='ocrx_word' id='word_1_531' title='bbox 2061 849 2178 887; x_wconf 90' lang='lat' dir='ltr'><strong>sum</strong></span> <span class='ocrx_word' id='word_1_532' title='bbox 2225 836 2506 894; x_wconf 86' lang='lat' dir='ltr'><strong>damnatus</strong></span> <span class='ocrx_word' id='word_1_533' title='bbox 2554 851 2655 895; x_wconf 85' lang='lat' dir='ltr'><strong>est.</strong></span> <span class='ocrx_word' id='word_1_534' title='bbox 2704 843 2758 897; x_wconf 88' lang='lat' dir='ltr'><strong>Si</strong></span> <span class='ocrx_word' id='word_1_535' title='bbox 2814 846 2956 899; x_wconf 91' lang='lat' dir='ltr'><strong>enim</strong></span> <span class='ocrx_word' id='word_1_536' title='bbox 3001 862 3094 901; x_wconf 93' lang='lat' dir='ltr'><strong>sna</strong></span> <span class='ocrx_word' id='word_1_537' title='bbox 3136 862 3324 918; x_wconf 89' lang='lat' dir='ltr'><strong>sponte</strong></span> <span class='ocrx_word' id='word_1_538' title='bbox 3363 852 3641 908; x_wconf 82' lang='lat' dir='ltr'><strong>confessus</strong></span> 
     </span>
    </p>
   </div>
   <div class='ocr_carea' id='block_1_68' title="bbox 2060 934 3496 1002">
    <p class='ocr_par' dir='ltr' id='par_1_68' title="bbox 2060 934 3496 1002">
     <span class='ocr_line' id='line_1_68' title="bbox 2060 934 3496 1002; baseline 0.015 -25"><span class='ocrx_word' id='word_1_539' title='bbox 2060 934 2223 990; x_wconf 87' lang='lat' dir='ltr'><strong>esset,</strong></span> <span class='ocrx_word' id='word_1_540' title='bbox 2256 939 2529 995; x_wconf 89' lang='lat' dir='ltr'><strong>peccatum</strong></span> <span class='ocrx_word' id='word_1_541' title='bbox 2555 947 2584 985; x_wconf 92' lang='lat' dir='ltr'><strong>a</strong></span> <span class='ocrx_word' id='word_1_542' title='bbox 2612 947 2671 987; x_wconf 91' lang='lat' dir='ltr'><strong>se</strong></span> <span class='ocrx_word' id='word_1_543' title='bbox 2702 935 2871 1002; x_wconf 88' lang='lat' dir='ltr'><strong>primo</strong></span> <span class='ocrx_word' id='word_1_544' title='bbox 2894 936 3161 993; x_wconf 87' lang='lat' dir='ltr'><strong>detectum</strong></span> <span class='ocrx_word' id='word_1_545' title='bbox 3194 942 3496 1001; x_wconf 90' lang='lat' dir='ltr'><strong>delevisset.</strong></span> 
     </span>
    </p>
   </div>
   <div class='ocr_carea' id='block_1_69' title="bbox 2130 1014 3643 1098">
    <p class='ocr_par' dir='ltr' id='par_1_69' title="bbox 2130 1014 3643 1098">
     <span class='ocr_line' id='line_1_69' title="bbox 2130 1014 3643 1098; baseline 0.017 -31"><span class='ocrx_word' id='word_1_546' title='bbox 2130 1021 2184 1068; x_wconf 77' lang='lat'><strong>2.</strong></span> <span class='ocrx_word' id='word_1_547' title='bbox 2217 1014 2353 1070; x_wconf 87' lang='lat' dir='ltr'><strong>Laus</strong></span> <span class='ocrx_word' id='word_1_548' title='bbox 2379 1016 2587 1074; x_wconf 85' lang='lat' dir='ltr'><strong>Davidis</strong></span> <span class='ocrx_word' id='word_1_549' title='bbox 2616 1032 2658 1075; x_wconf 90' lang='lat' dir='ltr'><strong>et</strong></span> <span class='ocrx_word' id='word_1_550' title='bbox 2676 1026 3003 1091; x_wconf 84' lang='lat' dir='ltr'><strong>psalmorum.</strong></span> <span class='ocrx_word' id='word_1_551' title='bbox 3032 1028 3303 1098; x_wconf 85' lang='lat' dir='ltr'><strong>Confertur</strong></span> <span class='ocrx_word' id='word_1_552' title='bbox 3326 1036 3497 1089; x_wconf 87' lang='lat' dir='ltr'><strong>anima</strong></span> <span class='ocrx_word' id='word_1_553' title='bbox 3530 1056 3643 1093; x_wconf 85' lang='lat' dir='ltr'><strong>cum</strong></span> 
     </span>
    </p>
   </div>
   <div class='ocr_carea' id='block_1_70' title="bbox 2059 1108 3639 1193">
    <p class='ocr_par' dir='ltr' id='par_1_70' title="bbox 2059 1108 3639 1193">
     <span class='ocr_line' id='line_1_70' title="bbox 2059 1108 3639 1193; baseline 0.017 -37"><span class='ocrx_word' id='word_1_554' title='bbox 2059 1120 2243 1171; x_wconf 86' lang='lat' dir='ltr'><strong>curru;</strong></span> <span class='ocrx_word' id='word_1_555' title='bbox 2287 1108 2656 1165; x_wconf 86' lang='lat' dir='ltr'><strong>demonstratur</strong></span> <span class='ocrx_word' id='word_1_556' title='bbox 2696 1116 2863 1182; x_wconf 82' lang='lat' dir='ltr'><strong>quod,</strong></span> <span class='ocrx_word' id='word_1_557' title='bbox 2909 1118 3043 1173; x_wconf 88' lang='lat' dir='ltr'><strong>circa</strong></span> <span class='ocrx_word' id='word_1_558' title='bbox 3085 1122 3316 1177; x_wconf 86' lang='lat' dir='ltr'><strong>virtutem</strong></span> <span class='ocrx_word' id='word_1_559' title='bbox 3357 1137 3405 1179; x_wconf 86' lang='lat' dir='ltr'><strong>et</strong></span> <span class='ocrx_word' id='word_1_560' title='bbox 3448 1129 3639 1193; x_wconf 81' lang='lat' dir='ltr'><strong>vitium,</strong></span> 
     </span>
    </p>
   </div>
   <div class='ocr_carea' id='block_1_71' title="bbox 2058 1199 3641 1278">
    <p class='ocr_par' dir='ltr' id='par_1_71' title="bbox 2058 1199 3641 1278">
     <span class='ocr_line' id='line_1_71' title="bbox 2058 1199 3641 1278; baseline 0.017 -29"><span class='ocrx_word' id='word_1_561' title='bbox 2058 1199 2225 1252; x_wconf 87' lang='lat' dir='ltr'><strong>minus</strong></span> <span class='ocrx_word' id='word_1_562' title='bbox 2259 1203 2423 1255; x_wconf 72' lang='lat' dir='ltr'><strong>aztatis</strong></span> <span class='ocrx_word' id='word_1_563' title='bbox 2452 1220 2601 1273; x_wconf 87' lang='lat' dir='ltr'><strong>quam</strong></span> <span class='ocrx_word' id='word_1_564' title='bbox 2631 1208 2899 1264; x_wconf 85' lang='lat' dir='ltr'><strong>voluntatis</strong></span> <span class='ocrx_word' id='word_1_565' title='bbox 2934 1214 3065 1265; x_wconf 79' lang='lat' dir='ltr'><strong>ratio</strong></span> <span class='ocrx_word' id='word_1_566' title='bbox 3100 1215 3329 1271; x_wconf 84' lang='lat' dir='ltr'><strong>habenda</strong></span> <span class='ocrx_word' id='word_1_567' title='bbox 3367 1230 3457 1273; x_wconf 83' lang='lat' dir='ltr'><strong>est.</strong></span> <span class='ocrx_word' id='word_1_568' title='bbox 3480 1249 3551 1262; x_wconf 74' lang='grc' dir='ltr'><strong>ο·-</strong></span> <span class='ocrx_word' id='word_1_569' title='bbox 3577 1222 3641 1278; x_wconf 89' lang='lat' dir='ltr'><strong>Ut</strong></span> 
     </span>
    </p>
   </div>
   <div class='ocr_carea' id='block_1_72' title="bbox 2058 1290 3641 1381">
    <p class='ocr_par' dir='ltr' id='par_1_72' title="bbox 2058 1290 3641 1381">
     <span class='ocr_line' id='line_1_72' title="bbox 2058 1290 3641 1381; baseline 0.016 -41"><span class='ocrx_word' id='word_1_570' title='bbox 2058 1296 2233 1343; x_wconf 89' lang='lat' dir='ltr'><strong>autem</strong></span> <span class='ocrx_word' id='word_1_571' title='bbox 2274 1290 2387 1345; x_wconf 83' lang='lat' dir='ltr'><strong>haec</strong></span> <span class='ocrx_word' id='word_1_572' title='bbox 2430 1292 2501 1347; x_wconf 90' lang='lat' dir='ltr'><strong>ita</strong></span> <span class='ocrx_word' id='word_1_573' title='bbox 2541 1308 2599 1350; x_wconf 93' lang='lat' dir='ltr'><strong>se</strong></span> <span class='ocrx_word' id='word_1_574' title='bbox 2638 1296 2833 1353; x_wconf 88' lang='lat' dir='ltr'><strong>habere</strong></span> <span class='ocrx_word' id='word_1_575' title='bbox 2872 1300 3166 1372; x_wconf 85' lang='lat' dir='ltr'><strong>intelligas,</strong></span> <span class='ocrx_word' id='word_1_576' title='bbox 3209 1322 3507 1378; x_wconf 88' lang='lat' dir='ltr'><strong>cognosce,</strong></span> <span class='ocrx_word' id='word_1_577' title='bbox 3536 1330 3641 1381; x_wconf 83' lang='lat' dir='ltr'><strong>qun</strong></span> 
     </span>
    </p>
   </div>
   <div class='ocr_carea' id='block_1_73' title="bbox 2059 1380 3639 1470">
    <p class='ocr_par' dir='ltr' id='par_1_73' title="bbox 2059 1380 3639 1470">
     <span class='ocr_line' id='line_1_73' title="bbox 2059 1380 3639 1470; baseline 0.018 -42"><span class='ocrx_word' id='word_1_578' title='bbox 2059 1386 2213 1445; x_wconf 90' lang='lat' dir='ltr'><strong>pacto</strong></span> <span class='ocrx_word' id='word_1_579' title='bbox 2240 1380 2375 1436; x_wconf 90' lang='lat' dir='ltr'><strong>alius</strong></span> <span class='ocrx_word' id='word_1_580' title='bbox 2411 1384 2670 1454; x_wconf 90' lang='lat' dir='ltr'><strong>quispiam</strong></span> <span class='ocrx_word' id='word_1_581' title='bbox 2698 1402 2817 1443; x_wconf 90' lang='lat' dir='ltr'><strong>cum</strong></span> <span class='ocrx_word' id='word_1_582' title='bbox 2856 1392 3075 1448; x_wconf 82' lang='lat' dir='ltr'><strong>dixisset</strong></span> <span class='ocrx_word' id='word_1_583' title='bbox 3103 1397 3303 1465; x_wconf 91' lang='lat' dir='ltr'><strong>primus</strong></span> <span class='ocrx_word' id='word_1_584' title='bbox 3327 1441 3341 1464; x_wconf 94' lang='lat'><strong>,</strong></span> <span class='ocrx_word' id='word_1_585' title='bbox 3370 1380 3639 1470; x_wconf 91' lang='lat' dir='ltr'><strong>peccatum</strong></span> 
     </span>
    </p>
   </div>
   <div class='ocr_carea' id='block_1_74' title="bbox 2058 1468 3641 1559">
    <p class='ocr_par' dir='ltr' id='par_1_74' title="bbox 2058 1468 3641 1559">
     <span class='ocr_line' id='line_1_74' title="bbox 2058 1468 3641 1559; baseline 0.018 -38"><span class='ocrx_word' id='word_1_586' title='bbox 2058 1468 2332 1525; x_wconf 89' lang='lat' dir='ltr'><strong>deleverit.</strong></span> <span class='ocrx_word' id='word_1_587' title='bbox 2380 1474 2666 1533; x_wconf 82' lang='lat' dir='ltr'><strong>Veniamus</strong></span> <span class='ocrx_word' id='word_1_588' title='bbox 2694 1482 2759 1535; x_wconf 88' lang='lat' dir='ltr'><strong>ad</strong></span> <span class='ocrx_word' id='word_1_589' title='bbox 2804 1482 3057 1540; x_wconf 80' lang='lat' dir='ltr'><strong>Davidem</strong></span> <span class='ocrx_word' id='word_1_590' title='bbox 3080 1528 3093 1551; x_wconf 93' lang='lat'><strong>,</strong></span> <span class='ocrx_word' id='word_1_591' title='bbox 3124 1468 3438 1559; x_wconf 84' lang='lat' dir='ltr'><strong>prophetam</strong></span> <span class='ocrx_word' id='word_1_592' title='bbox 3469 1504 3521 1549; x_wconf 93' lang='lat' dir='ltr'><strong>et</strong></span> <span class='ocrx_word' id='word_1_593' title='bbox 3551 1512 3641 1549; x_wconf 86' lang='lat' dir='ltr'><strong>re-</strong></span> 
     </span>
    </p>
   </div>
   <div class='ocr_carea' id='block_1_75' title="bbox 2056 1562 3638 1655">
    <p class='ocr_par' dir='ltr' id='par_1_75' title="bbox 2056 1562 3638 1655">
     <span class='ocr_line' id='line_1_75' title="bbox 2056 1562 3638 1655; baseline 0.018 -44"><span class='ocrx_word' id='word_1_594' title='bbox 2056 1573 2175 1655; x_wconf 84' lang='lat' dir='ltr'><strong>gem</strong></span> <span class='ocrx_word' id='word_1_595' title='bbox 2195 1562 2323 1655; x_wconf 58' lang='lat' dir='ltr'><strong>;_sed</strong></span> <span class='ocrx_word' id='word_1_596' title='bbox 2346 1564 2610 1623; x_wconf 89' lang='lat' dir='ltr'><strong>lubentius</strong></span> <span class='ocrx_word' id='word_1_597' title='bbox 2631 1585 2752 1625; x_wconf 86' lang='lat' dir='ltr'><strong>eum</strong></span> <span class='ocrx_word' id='word_1_598' title='bbox 2774 1588 2837 1627; x_wconf 86' lang='lat' dir='ltr'><strong>ex</strong></span> <span class='ocrx_word' id='word_1_599' title='bbox 2863 1577 3075 1631; x_wconf 90' lang='lat' dir='ltr'><strong>nomine</strong></span> <span class='ocrx_word' id='word_1_600' title='bbox 3095 1580 3383 1649; x_wconf 76' lang='lat' dir='ltr'><strong>prophetia:</strong></span> <span class='ocrx_word' id='word_1_601' title='bbox 3398 1587 3638 1655; x_wconf 89' lang='lat' dir='ltr'><strong>appello:</strong></span> 
     </span>
    </p>
   </div>
   <div class='ocr_carea' id='block_1_76' title="bbox 2056 1650 3641 1743">
    <p class='ocr_par' dir='ltr' id='par_1_76' title="bbox 2056 1650 3641 1743">
     <span class='ocr_line' id='line_1_76' title="bbox 2056 1650 3641 1743; baseline 0.02 -42"><span class='ocrx_word' id='word_1_602' title='bbox 2056 1650 2316 1719; x_wconf 89' lang='lat' dir='ltr'><strong>siquidem</strong></span> <span class='ocrx_word' id='word_1_603' title='bbox 2348 1670 2567 1726; x_wconf 87' lang='lat' dir='ltr'><strong>regnum</strong></span> <span class='ocrx_word' id='word_1_604' title='bbox 2596 1662 2711 1730; x_wconf 91' lang='lat' dir='ltr'><strong>ejus</strong></span> <span class='ocrx_word' id='word_1_605' title='bbox 2742 1664 2793 1718; x_wconf 91' lang='lat' dir='ltr'><strong>in</strong></span> <span class='ocrx_word' id='word_1_606' title='bbox 2820 1666 3182 1738; x_wconf 56' lang='lat' dir='ltr'><strong>Palaestinam,</strong></span> <span class='ocrx_word' id='word_1_607' title='bbox 3214 1650 3489 1743; x_wconf 78' lang='lat' dir='ltr'><strong>prophetia</strong></span> <span class='ocrx_word' id='word_1_608' title='bbox 3516 1694 3641 1733; x_wconf 81' lang='lat' dir='ltr'><strong>vero</strong></span> 
     </span>
    </p>
   </div>
   <div class='ocr_carea' id='block_1_77' title="bbox 2059 1740 3639 1838">
    <p class='ocr_par' dir='ltr' id='par_1_77' title="bbox 2059 1740 3639 1838">
     <span class='ocr_line' id='line_1_77' title="bbox 2059 1740 3639 1838; baseline 0.02 -46"><span class='ocrx_word' id='word_1_609' title='bbox 2059 1740 2110 1793; x_wconf 94' lang='lat' dir='ltr'><strong>in</strong></span> <span class='ocrx_word' id='word_1_610' title='bbox 2160 1743 2293 1798; x_wconf 83' lang='lat' dir='ltr'><strong>fines</strong></span> <span class='ocrx_word' id='word_1_611' title='bbox 2338 1747 2484 1803; x_wconf 89' lang='lat' dir='ltr'><strong>orbis</strong></span> <span class='ocrx_word' id='word_1_612' title='bbox 2528 1760 2788 1809; x_wconf 88' lang='lat' dir='ltr'><strong>terrarum</strong></span> <span class='ocrx_word' id='word_1_613' title='bbox 2841 1740 3269 1819; x_wconf 79' lang='lat' dir='ltr'><strong>extendebatur:</strong></span> <span class='ocrx_word' id='word_1_614' title='bbox 3315 1777 3369 1819; x_wconf 91' lang='lat' dir='ltr'><strong>et</strong></span> <span class='ocrx_word' id='word_1_615' title='bbox 3419 1784 3639 1838; x_wconf 87' lang='lat' dir='ltr'><strong>regnum</strong></span> 
     </span>
    </p>
   </div>
   <div class='ocr_carea' id='block_1_78' title="bbox 2057 1831 3641 1928">
    <p class='ocr_par' dir='ltr' id='par_1_78' title="bbox 2057 1831 3641 1928">
     <span class='ocr_line' id='line_1_78' title="bbox 2057 1831 3641 1928; baseline 0.02 -46"><span class='ocrx_word' id='word_1_616' title='bbox 2057 1831 2269 1899; x_wconf 90' lang='lat' dir='ltr'><strong>quidem</strong></span> <span class='ocrx_word' id='word_1_617' title='bbox 2311 1837 2521 1895; x_wconf 91' lang='lat' dir='ltr'><strong>modico</strong></span> <span class='ocrx_word' id='word_1_618' title='bbox 2571 1851 2809 1913; x_wconf 90' lang='lat' dir='ltr'><strong>tempore</strong></span> <span class='ocrx_word' id='word_1_619' title='bbox 2841 1850 3177 1906; x_wconf 83' lang='lat' dir='ltr'><strong>terminatum</strong></span> <span class='ocrx_word' id='word_1_620' title='bbox 3222 1863 3339 1922; x_wconf 89' lang='lat' dir='ltr'><strong>est,</strong></span> <span class='ocrx_word' id='word_1_621' title='bbox 3367 1831 3641 1928; x_wconf 71' lang='lat' dir='ltr'><strong>prophetia</strong></span> 
     </span>
    </p>
   </div>
   <div class='ocr_carea' id='block_1_79' title="bbox 2058 1924 3643 2004">
    <p class='ocr_par' dir='ltr' id='par_1_79' title="bbox 2058 1924 3643 2004">
     <span class='ocr_line' id='line_1_79' title="bbox 2058 1924 3643 2004; baseline 0.02 -31"><span class='ocrx_word' id='word_1_622' title='bbox 2058 1936 2185 1977; x_wconf 82' lang='lat' dir='ltr'><strong>vero</strong></span> <span class='ocrx_word' id='word_1_623' title='bbox 2212 1924 2528 1985; x_wconf 89' lang='lat' dir='ltr'><strong>immortalia</strong></span> <span class='ocrx_word' id='word_1_624' title='bbox 2557 1935 2718 1989; x_wconf 87' lang='lat' dir='ltr'><strong>verba</strong></span> <span class='ocrx_word' id='word_1_625' title='bbox 2750 1941 3073 2004; x_wconf 88' lang='lat' dir='ltr'><strong>pronuntiat.</strong></span> <span class='ocrx_word' id='word_1_626' title='bbox 3100 1942 3276 1999; x_wconf 90' lang='lat' dir='ltr'><strong>Satius</strong></span> <span class='ocrx_word' id='word_1_627' title='bbox 3305 1924 3448 2001; x_wconf 89' lang='lat' dir='ltr'><strong>esset</strong></span> <span class='ocrx_word' id='word_1_628' title='bbox 3464 1924 3643 2004; x_wconf 75' lang='lat' dir='ltr'><strong>solem</strong></span> 
     </span>
    </p>
   </div>
   <div class='ocr_carea' id='block_1_80' title="bbox 2057 2015 3642 2096">
    <p class='ocr_par' dir='ltr' id='par_1_80' title="bbox 2057 2015 3642 2096">
     <span class='ocr_line' id='line_1_80' title="bbox 2057 2015 3642 2096; baseline 0.019 -30"><span class='ocrx_word' id='word_1_629' title='bbox 2057 2015 2319 2087; x_wconf 89' lang='lat' dir='ltr'><strong>exstingui</strong></span> <span class='ocrx_word' id='word_1_630' title='bbox 2343 2060 2358 2083; x_wconf 95' lang='lat'><strong>,</strong></span> <span class='ocrx_word' id='word_1_631' title='bbox 2388 2036 2546 2090; x_wconf 88' lang='lat' dir='ltr'><strong>quam</strong></span> <span class='ocrx_word' id='word_1_632' title='bbox 2576 2026 2735 2080; x_wconf 88' lang='lat' dir='ltr'><strong>verba</strong></span> <span class='ocrx_word' id='word_1_633' title='bbox 2762 2028 2975 2086; x_wconf 88' lang='lat' dir='ltr'><strong>Davidis</strong></span> <span class='ocrx_word' id='word_1_634' title='bbox 3003 2033 3255 2090; x_wconf 80' lang='lat' dir='ltr'><strong>oblivioni</strong></span> <span class='ocrx_word' id='word_1_635' title='bbox 3288 2038 3442 2093; x_wconf 88' lang='lat' dir='ltr'><strong>tradi.</strong></span> <span class='ocrx_word' id='word_1_636' title='bbox 3469 2040 3565 2095; x_wconf 86' lang='lat' dir='ltr'><strong>H.c</strong></span> <span class='ocrx_word' id='word_1_637' title='bbox 3591 2044 3642 2096; x_wconf 91' lang='lat' dir='ltr'><strong>in</strong></span> 
     </span>
    </p>
   </div>
   <div class='ocr_carea' id='block_1_81' title="bbox 2056 2106 3642 2198">
    <p class='ocr_par' dir='ltr' id='par_1_81' title="bbox 2056 2106 3642 2198">
     <span class='ocr_line' id='line_1_81' title="bbox 2056 2106 3642 2198; baseline 0.019 -40"><span class='ocrx_word' id='word_1_638' title='bbox 2056 2106 2371 2165; x_wconf 90' lang='lat' dir='ltr'><strong>adulterium</strong></span> <span class='ocrx_word' id='word_1_639' title='bbox 2399 2122 2454 2167; x_wconf 92' lang='lat' dir='ltr'><strong>et</strong></span> <span class='ocrx_word' id='word_1_640' title='bbox 2483 2113 2825 2173; x_wconf 90' lang='lat' dir='ltr'><strong>homicidium</strong></span> <span class='ocrx_word' id='word_1_641' title='bbox 2853 2121 3031 2191; x_wconf 86' lang='lat' dir='ltr'><strong>lapsus</strong></span> <span class='ocrx_word' id='word_1_642' title='bbox 3057 2135 3176 2179; x_wconf 88' lang='lat' dir='ltr'><strong>est:</strong></span> <span class='ocrx_word' id='word_1_643' title='bbox 3208 2127 3339 2183; x_wconf 90' lang='lat' dir='ltr'><strong>vidit</strong></span> <span class='ocrx_word' id='word_1_644' title='bbox 3361 2131 3525 2198; x_wconf 90' lang='lat' dir='ltr'><strong>enim,</strong></span> <span class='ocrx_word' id='word_1_645' title='bbox 3560 2134 3642 2187; x_wconf 83' lang='lat' dir='ltr'><strong>in-</strong></span> 
     </span>
    </p>
   </div>
   <div class='ocr_carea' id='block_1_82' title="bbox 2057 2200 3643 2290">
    <p class='ocr_par' dir='ltr' id='par_1_82' title="bbox 2057 2200 3643 2290">
     <span class='ocr_line' id='line_1_82' title="bbox 2057 2200 3643 2290; baseline 0.018 -38"><span class='ocrx_word' id='word_1_646' title='bbox 2057 2200 2171 2268; x_wconf 92' lang='lat' dir='ltr'><strong>quit</strong></span> <span class='ocrx_word' id='word_1_647' title='bbox 2199 2201 2501 2274; x_wconf 87' lang='lat' dir='ltr'><strong>Scriptura,</strong></span> <span class='ocrx_word' id='word_1_648' title='bbox 2535 2211 2814 2267; x_wconf 90' lang='lat' dir='ltr'><strong>mulierem</strong></span> <span class='ocrx_word' id='word_1_649' title='bbox 2844 2215 3117 2283; x_wconf 87' lang='lat' dir='ltr'><strong>pulchram</strong></span> <span class='ocrx_word' id='word_1_650' title='bbox 3156 2234 3215 2274; x_wconf 92' lang='lat' dir='ltr'><strong>se</strong></span> <span class='ocrx_word' id='word_1_651' title='bbox 3247 2221 3507 2278; x_wconf 82' lang='lat' dir='ltr'><strong>lavantem</strong></span> <span class='ocrx_word' id='word_1_652' title='bbox 3529 2264 3544 2290; x_wconf 93' lang='lat'><strong>,</strong></span> <span class='ocrx_word' id='word_1_653' title='bbox 3590 2236 3643 2280; x_wconf 92' lang='lat' dir='ltr'><strong>et</strong></span> 
     </span>
    </p>
   </div>
   <div class='ocr_carea' id='block_1_83' title="bbox 2056 2290 3637 2385">
    <p class='ocr_par' dir='ltr' id='par_1_83' title="bbox 2056 2290 3637 2385">
     <span class='ocr_line' id='line_1_83' title="bbox 2056 2290 3637 2385; baseline 0.019 -44"><span class='ocrx_word' id='word_1_654' title='bbox 2056 2290 2321 2385; x_wconf 90' lang='lat' dir='ltr'><strong>adamavit</strong></span> <span class='ocrx_word' id='word_1_655' title='bbox 2346 2311 2465 2350; x_wconf 90' lang='lat' dir='ltr'><strong>eam</strong></span> <span class='ocrx_word' id='word_1_656' title='bbox 2494 2315 2507 2351; x_wconf 89' lang='lat'>:</span> <span class='ocrx_word' id='word_1_657' title='bbox 2533 2298 2725 2356; x_wconf 91' lang='lat' dir='ltr'><strong>deinde</strong></span> <span class='ocrx_word' id='word_1_658' title='bbox 2750 2304 2891 2373; x_wconf 91' lang='lat' dir='ltr'><strong>quod</strong></span> <span class='ocrx_word' id='word_1_659' title='bbox 2918 2308 3056 2376; x_wconf 92' lang='lat' dir='ltr'><strong>apud</strong></span> <span class='ocrx_word' id='word_1_660' title='bbox 3086 2323 3146 2364; x_wconf 92' lang='lat' dir='ltr'><strong>se</strong></span> <span class='ocrx_word' id='word_1_661' title='bbox 3174 2320 3450 2377; x_wconf 89' lang='lat' dir='ltr'><strong>statuerat,</strong></span> <span class='ocrx_word' id='word_1_662' title='bbox 3484 2330 3637 2385; x_wconf 87' lang='lat' dir='ltr'><strong>pcre-</strong></span> 
     </span>
    </p>
   </div>
   <div class='ocr_carea' id='block_1_84' title="bbox 2057 2384 3642 2474">
    <p class='ocr_par' dir='ltr' id='par_1_84' title="bbox 2057 2384 3642 2474">
     <span class='ocr_line' id='line_1_84' title="bbox 2057 2384 3642 2474; baseline 0.016 -38"><span class='ocrx_word' id='word_1_663' title='bbox 2057 2384 2131 2454; x_wconf 91' lang='lat' dir='ltr'><strong>git</strong></span> <span class='ocrx_word' id='word_1_664' title='bbox 2158 2385 2241 2454; x_wconf 71' lang='lat'><strong>(2.</strong></span> <span class='ocrx_word' id='word_1_665' title='bbox 2273 2387 2401 2460; x_wconf 81' lang='lat' dir='ltr'><strong>Reg.</strong></span> <span class='ocrx_word' id='word_1_666' title='bbox 2430 2392 2515 2447; x_wconf 81' lang='grc'><strong>11.</strong></span> <span class='ocrx_word' id='word_1_667' title='bbox 2544 2392 2633 2461; x_wconf 79' lang='grc'><strong>2).</strong></span> <span class='ocrx_word' id='word_1_668' title='bbox 2660 2394 2728 2449; x_wconf 86' lang='lat' dir='ltr'><strong>Et</strong></span> <span class='ocrx_word' id='word_1_669' title='bbox 2752 2407 2866 2451; x_wconf 91' lang='lat' dir='ltr'><strong>erat</strong></span> <span class='ocrx_word' id='word_1_670' title='bbox 2894 2399 2946 2452; x_wconf 89' lang='lat' dir='ltr'><strong>in</strong></span> <span class='ocrx_word' id='word_1_671' title='bbox 2973 2400 3234 2456; x_wconf 89' lang='lat' dir='ltr'><strong>adulterio</strong></span> <span class='ocrx_word' id='word_1_672' title='bbox 3265 2384 3521 2474; x_wconf 77' lang='lat' dir='ltr'><strong>propheta</strong></span> <span class='ocrx_word' id='word_1_673' title='bbox 3540 2448 3554 2469; x_wconf 88' lang='lat'><strong>.</strong></span> <span class='ocrx_word' id='word_1_674' title='bbox 3592 2410 3642 2461; x_wconf 92' lang='lat' dir='ltr'><strong>in</strong></span> 
     </span>
    </p>
   </div>
   <div class='ocr_carea' id='block_1_85' title="bbox 2057 2477 3635 2564">
    <p class='ocr_par' dir='ltr' id='par_1_85' title="bbox 2057 2477 3635 2564">
     <span class='ocr_line' id='line_1_85' title="bbox 2057 2477 3635 2564; baseline 0.015 -36"><span class='ocrx_word' id='word_1_675' title='bbox 2057 2477 2233 2531; x_wconf 88' lang='lat' dir='ltr'><strong>medio</strong></span> <span class='ocrx_word' id='word_1_676' title='bbox 2260 2478 2370 2535; x_wconf 91' lang='lat' dir='ltr'><strong>luto</strong></span> <span class='ocrx_word' id='word_1_677' title='bbox 2400 2486 2702 2554; x_wconf 88' lang='lat' dir='ltr'><strong>margarita.</strong></span> <span class='ocrx_word' id='word_1_678' title='bbox 2733 2486 3107 2547; x_wconf 86' lang='lat' dir='ltr'><strong>Verumtamen</strong></span> <span class='ocrx_word' id='word_1_679' title='bbox 3136 2509 3194 2548; x_wconf 90' lang='lat' dir='ltr'><strong>se</strong></span> <span class='ocrx_word' id='word_1_680' title='bbox 3225 2511 3475 2564; x_wconf 79' lang='lat' dir='ltr'><strong>peccaSse</strong></span> <span class='ocrx_word' id='word_1_681' title='bbox 3505 2515 3635 2553; x_wconf 86' lang='lat' dir='ltr'><strong>non-</strong></span> 
     </span>
    </p>
   </div>
   <div class='ocr_carea' id='block_1_86' title="bbox 2057 2569 3639 2659">
    <p class='ocr_par' dir='ltr' id='par_1_86' title="bbox 2057 2569 3639 2659">
     <span class='ocr_line' id='line_1_86' title="bbox 2057 2569 3639 2659; baseline 0.015 -37"><span class='ocrx_word' id='word_1_682' title='bbox 2057 2569 2180 2625; x_wconf 89' lang='lat' dir='ltr'><strong>dtnn</strong></span> <span class='ocrx_word' id='word_1_683' title='bbox 2209 2584 2466 2631; x_wconf 88' lang='lat' dir='ltr'><strong>noverat:</strong></span> <span class='ocrx_word' id='word_1_684' title='bbox 2498 2580 2632 2633; x_wconf 87' lang='lat' dir='ltr'><strong>adeo</strong></span> <span class='ocrx_word' id='word_1_685' title='bbox 2660 2583 3056 2650; x_wconf 89' lang='lat' dir='ltr'><strong>perturbatione</strong></span> <span class='ocrx_word' id='word_1_686' title='bbox 3081 2588 3240 2641; x_wconf 88' lang='lat' dir='ltr'><strong>animi</strong></span> <span class='ocrx_word' id='word_1_687' title='bbox 3272 2590 3477 2659; x_wconf 86' lang='lat' dir='ltr'><strong>sopitus</strong></span> <span class='ocrx_word' id='word_1_688' title='bbox 3506 2604 3639 2647; x_wconf 80' lang='lat' dir='ltr'><strong>erat.</strong></span> 
     </span>
    </p>
   </div>
   <div class='ocr_carea' id='block_1_87' title="bbox 2057 2662 3639 2747">
    <p class='ocr_par' dir='ltr' id='par_1_87' title="bbox 2057 2662 3639 2747">
     <span class='ocr_line' id='line_1_87' title="bbox 2057 2662 3639 2747; baseline 0.014 -30"><span class='ocrx_word' id='word_1_689' title='bbox 2057 2662 2189 2717; x_wconf 88' lang='lat' dir='ltr'><strong>Cum</strong></span> <span class='ocrx_word' id='word_1_690' title='bbox 2216 2667 2357 2720; x_wconf 92' lang='lat' dir='ltr'><strong>enim</strong></span> <span class='ocrx_word' id='word_1_691' title='bbox 2387 2668 2564 2725; x_wconf 89' lang='lat' dir='ltr'><strong>ebrius</strong></span> <span class='ocrx_word' id='word_1_692' title='bbox 2590 2683 2670 2726; x_wconf 85' lang='lat' dir='ltr'><strong>est</strong></span> <span class='ocrx_word' id='word_1_693' title='bbox 2696 2676 2878 2745; x_wconf 88' lang='lat' dir='ltr'><strong>auriga</strong></span> <span class='ocrx_word' id='word_1_694' title='bbox 2902 2717 2918 2742; x_wconf 96' lang='lat'><strong>,</strong></span> <span class='ocrx_word' id='word_1_695' title='bbox 2952 2677 3302 2747; x_wconf 87' lang='lat' dir='ltr'><strong>incomposite</strong></span> <span class='ocrx_word' id='word_1_696' title='bbox 3330 2682 3498 2736; x_wconf 91' lang='lat' dir='ltr'><strong>fertur</strong></span> <span class='ocrx_word' id='word_1_697' title='bbox 3518 2699 3639 2739; x_wconf 84' lang='lat' dir='ltr'><strong>eur-</strong></span> 
     </span>
    </p>
   </div>
   <div class='ocr_carea' id='block_1_88' title="bbox 2057 2760 3647 2833">
    <p class='ocr_par' dir='ltr' id='par_1_88' title="bbox 2057 2760 3647 2833">
     <span class='ocr_line' id='line_1_88' title="bbox 2057 2760 3647 2833; baseline 0.013 -26"><span class='ocrx_word' id='word_1_698' title='bbox 2057 2768 2185 2809; x_wconf 88' lang='lat' dir='ltr'><strong>rus:</strong></span> <span class='ocrx_word' id='word_1_699' title='bbox 2222 2772 2383 2825; x_wconf 92' lang='lat' dir='ltr'><strong>porro</strong></span> <span class='ocrx_word' id='word_1_700' title='bbox 2407 2760 2546 2828; x_wconf 83' lang='lat' dir='ltr'><strong>quod</strong></span> <span class='ocrx_word' id='word_1_701' title='bbox 2576 2763 2755 2833; x_wconf 82' lang='lat' dir='ltr'><strong>auriga</strong></span> <span class='ocrx_word' id='word_1_702' title='bbox 2782 2776 2837 2819; x_wconf 92' lang='lat' dir='ltr'><strong>et</strong></span> <span class='ocrx_word' id='word_1_703' title='bbox 2864 2780 3073 2833; x_wconf 91' lang='lat' dir='ltr'><strong>currus,</strong></span> <span class='ocrx_word' id='word_1_704' title='bbox 3108 2769 3208 2824; x_wconf 91' lang='lat' dir='ltr'><strong>hoc</strong></span> <span class='ocrx_word' id='word_1_705' title='bbox 3235 2771 3411 2825; x_wconf 89' lang='lat' dir='ltr'><strong>anima</strong></span> <span class='ocrx_word' id='word_1_706' title='bbox 3439 2784 3563 2828; x_wconf 92' lang='lat' dir='ltr'><strong>sunt</strong></span> <span class='ocrx_word' id='word_1_707' title='bbox 3590 2788 3647 2829; x_wconf 89' lang='lat' dir='ltr'><strong>et</strong></span> 
     </span>
    </p>
   </div>
   <div class='ocr_carea' id='block_1_89' title="bbox 2056 2848 3648 2933">
    <p class='ocr_par' dir='ltr' id='par_1_89' title="bbox 2056 2848 3648 2933">
     <span class='ocr_line' id='line_1_89' title="bbox 2056 2848 3648 2933; baseline 0.014 -35"><span class='ocrx_word' id='word_1_708' title='bbox 2056 2857 2271 2914; x_wconf 87' lang='lat' dir='ltr'><strong>corpus.</strong></span> <span class='ocrx_word' id='word_1_709' title='bbox 2294 2848 2348 2902; x_wconf 90' lang='lat' dir='ltr'><strong>Si</strong></span> <span class='ocrx_word' id='word_1_710' title='bbox 2374 2849 2511 2903; x_wconf 85' lang='lat' dir='ltr'><strong>forte</strong></span> <span class='ocrx_word' id='word_1_711' title='bbox 2530 2850 2876 2909; x_wconf 89' lang='lat' dir='ltr'><strong>obtenebrata</strong></span> <span class='ocrx_word' id='word_1_712' title='bbox 2899 2856 2970 2909; x_wconf 91' lang='lat' dir='ltr'><strong>sit</strong></span> <span class='ocrx_word' id='word_1_713' title='bbox 2992 2858 3166 2912; x_wconf 90' lang='lat' dir='ltr'><strong>anima</strong></span> <span class='ocrx_word' id='word_1_714' title='bbox 3187 2901 3203 2924; x_wconf 94' lang='lat'><strong>,</strong></span> <span class='ocrx_word' id='word_1_715' title='bbox 3232 2869 3342 2915; x_wconf 91' lang='lat' dir='ltr'><strong>tum</strong></span> <span class='ocrx_word' id='word_1_716' title='bbox 3368 2872 3421 2916; x_wconf 91' lang='lat' dir='ltr'><strong>et</strong></span> <span class='ocrx_word' id='word_1_717' title='bbox 3451 2878 3648 2933; x_wconf 81' lang='lat' dir='ltr'><strong>corpus</strong></span> 
     </span>
    </p>
   </div>
   <div class='ocr_carea' id='block_1_90' title="bbox 2058 2934 3648 3023">
    <p class='ocr_par' dir='ltr' id='par_1_90' title="bbox 2058 2934 3648 3023">
     <span class='ocr_line' id='line_1_90' title="bbox 2058 2934 3648 3023; baseline 0.013 -34"><span class='ocrx_word' id='word_1_718' title='bbox 2058 2934 2110 2990; x_wconf 93' lang='lat' dir='ltr'><strong>in</strong></span> <span class='ocrx_word' id='word_1_719' title='bbox 2136 2936 2248 2992; x_wconf 93' lang='lat' dir='ltr'><strong>luto</strong></span> <span class='ocrx_word' id='word_1_720' title='bbox 2270 2941 2550 2996; x_wconf 88' lang='lat' dir='ltr'><strong>volutatur.</strong></span> <span class='ocrx_word' id='word_1_721' title='bbox 2574 2943 2835 3012; x_wconf 88' lang='lat' dir='ltr'><strong>Quamdiu</strong></span> <span class='ocrx_word' id='word_1_722' title='bbox 2858 2963 3082 3018; x_wconf 86' lang='lat' dir='ltr'><strong>namque</strong></span> <span class='ocrx_word' id='word_1_723' title='bbox 3104 2959 3209 3006; x_wconf 90' lang='lat' dir='ltr'><strong>stat</strong></span> <span class='ocrx_word' id='word_1_724' title='bbox 3234 2955 3435 3023; x_wconf 87' lang='lat' dir='ltr'><strong>auriga,</strong></span> <span class='ocrx_word' id='word_1_725' title='bbox 3458 2970 3648 3010; x_wconf 89' lang='lat' dir='ltr'><strong>currus</strong></span> 
     </span>
    </p>
   </div>
   <div class='ocr_carea' id='block_1_91' title="bbox 2056 3034 3647 3106">
    <p class='ocr_par' dir='ltr' id='par_1_91' title="bbox 2056 3034 3647 3106">
     <span class='ocr_line' id='line_1_91' title="bbox 2056 3034 3647 3106; baseline 0.014 -23"><span class='ocrx_word' id='word_1_726' title='bbox 2056 3043 2267 3101; x_wconf 90' lang='lat' dir='ltr'><strong>quoque</strong></span> <span class='ocrx_word' id='word_1_727' title='bbox 2297 3041 2443 3088; x_wconf 89' lang='lat' dir='ltr'><strong>recte</strong></span> <span class='ocrx_word' id='word_1_728' title='bbox 2471 3034 2747 3106; x_wconf 90' lang='lat' dir='ltr'><strong>dirigitur;</strong></span> <span class='ocrx_word' id='word_1_729' title='bbox 2792 3053 2914 3093; x_wconf 91' lang='lat' dir='ltr'><strong>cum</strong></span> <span class='ocrx_word' id='word_1_730' title='bbox 2945 3056 3072 3096; x_wconf 82' lang='lat' dir='ltr'><strong>vero</strong></span> <span class='ocrx_word' id='word_1_731' title='bbox 3114 3042 3420 3101; x_wconf 88' lang='lat' dir='ltr'><strong>destituitur</strong></span> <span class='ocrx_word' id='word_1_732' title='bbox 3447 3049 3647 3104; x_wconf 88' lang='lat' dir='ltr'><strong>viribus</strong></span> 
     </span>
    </p>
   </div>
   <div class='ocr_carea' id='block_1_92' title="bbox 2058 3119 3648 3201">
    <p class='ocr_par' dir='ltr' id='par_1_92' title="bbox 2058 3119 3648 3201">
     <span class='ocr_line' id='line_1_92' title="bbox 2058 3119 3648 3201; baseline 0.011 -24"><span class='ocrx_word' id='word_1_733' title='bbox 2058 3119 2168 3186; x_wconf 86' lang='lat' dir='ltr'><strong>ille,</strong></span> <span class='ocrx_word' id='word_1_734' title='bbox 2215 3138 2385 3193; x_wconf 90' lang='lat' dir='ltr'><strong>neque</strong></span> <span class='ocrx_word' id='word_1_735' title='bbox 2430 3136 2605 3195; x_wconf 91' lang='lat' dir='ltr'><strong>potest</strong></span> <span class='ocrx_word' id='word_1_736' title='bbox 2642 3127 2877 3186; x_wconf 90' lang='lat' dir='ltr'><strong>habenas</strong></span> <span class='ocrx_word' id='word_1_737' title='bbox 2922 3142 3122 3201; x_wconf 89' lang='lat' dir='ltr'><strong>tenere,</strong></span> <span class='ocrx_word' id='word_1_738' title='bbox 3155 3145 3265 3190; x_wconf 91' lang='lat' dir='ltr'><strong>tum</strong></span> <span class='ocrx_word' id='word_1_739' title='bbox 3312 3152 3438 3193; x_wconf 85' lang='lat' dir='ltr'><strong>vero</strong></span> <span class='ocrx_word' id='word_1_740' title='bbox 3485 3139 3648 3194; x_wconf 89' lang='lat' dir='ltr'><strong>etiam</strong></span> 
     </span>
    </p>
   </div>
   <div class='ocr_carea' id='block_1_93' title="bbox 2056 3216 3646 3299">
    <p class='ocr_par' dir='ltr' id='par_1_93' title="bbox 2056 3216 3646 3299">
     <span class='ocr_line' id='line_1_93' title="bbox 2056 3216 3646 3299; baseline 0.012 -33"><span class='ocrx_word' id='word_1_741' title='bbox 2056 3227 2242 3269; x_wconf 90' lang='lat' dir='ltr'><strong>currus</strong></span> <span class='ocrx_word' id='word_1_742' title='bbox 2272 3216 2413 3272; x_wconf 90' lang='lat' dir='ltr'><strong>malo</strong></span> <span class='ocrx_word' id='word_1_743' title='bbox 2441 3232 2562 3274; x_wconf 89' lang='lat' dir='ltr'><strong>esse</strong></span> <span class='ocrx_word' id='word_1_744' title='bbox 2601 3221 2653 3275; x_wconf 94' lang='lat' dir='ltr'><strong>in</strong></span> <span class='ocrx_word' id='word_1_745' title='bbox 2693 3230 2831 3277; x_wconf 91' lang='lat' dir='ltr'><strong>statu</strong></span> <span class='ocrx_word' id='word_1_746' title='bbox 2862 3224 3120 3280; x_wconf 91' lang='lat' dir='ltr'><strong>cernitur.</strong></span> <span class='ocrx_word' id='word_1_747' title='bbox 3162 3226 3235 3281; x_wconf 89' lang='lat' dir='ltr'><strong>Ita</strong></span> <span class='ocrx_word' id='word_1_748' title='bbox 3266 3243 3478 3299; x_wconf 92' lang='lat' dir='ltr'><strong>quoque</strong></span> <span class='ocrx_word' id='word_1_749' title='bbox 3508 3231 3565 3284; x_wconf 87' lang='lat' dir='ltr'><strong>lit</strong></span> <span class='ocrx_word' id='word_1_750' title='bbox 3592 3232 3646 3285; x_wconf 92' lang='lat' dir='ltr'><strong>in</strong></span> 
     </span>
    </p>
   </div>
   <div class='ocr_carea' id='block_1_94' title="bbox 2059 3298 3647 3384">
    <p class='ocr_par' dir='ltr' id='par_1_94' title="bbox 2059 3298 3647 3384">
     <span class='ocr_line' id='line_1_94' title="bbox 2059 3298 3647 3384; baseline 0.008 -30"><span class='ocrx_word' id='word_1_751' title='bbox 2059 3298 2274 3358; x_wconf 91' lang='lat' dir='ltr'><strong>homine</strong></span> <span class='ocrx_word' id='word_1_752' title='bbox 2298 3321 2311 3356; x_wconf 88' lang='lat'><strong>:</strong></span> <span class='ocrx_word' id='word_1_753' title='bbox 2341 3305 2592 3373; x_wconf 79' lang='lat' dir='ltr'><strong>quamdiu</strong></span> <span class='ocrx_word' id='word_1_754' title='bbox 2621 3306 2799 3363; x_wconf 86' lang='lat' dir='ltr'><strong>sobria</strong></span> <span class='ocrx_word' id='word_1_755' title='bbox 2830 3320 2913 3365; x_wconf 91' lang='lat' dir='ltr'><strong>est</strong></span> <span class='ocrx_word' id='word_1_756' title='bbox 2937 3320 2991 3365; x_wconf 90' lang='lat' dir='ltr'><strong>et</strong></span> <span class='ocrx_word' id='word_1_757' title='bbox 3019 3312 3198 3380; x_wconf 89' lang='lat' dir='ltr'><strong>vigilat</strong></span> <span class='ocrx_word' id='word_1_758' title='bbox 3223 3298 3421 3377; x_wconf 77' lang='lat' dir='ltr'><strong>anima,</strong></span> <span class='ocrx_word' id='word_1_759' title='bbox 3450 3329 3647 3384; x_wconf 82' lang='lat' dir='ltr'><strong>corpus</strong></span> 
     </span>
    </p>
   </div>
   <div class='ocr_carea' id='block_1_95' title="bbox 2058 3390 3648 3470">
    <p class='ocr_par' dir='ltr' id='par_1_95' title="bbox 2058 3390 3648 3470">
     <span class='ocr_line' id='line_1_95' title="bbox 2058 3390 3648 3470; baseline 0.01 -25"><span class='ocrx_word' id='word_1_760' title='bbox 2058 3390 2229 3462; x_wconf 91' lang='lat' dir='ltr'><strong>ipsum</strong></span> <span class='ocrx_word' id='word_1_761' title='bbox 2255 3394 2414 3450; x_wconf 89' lang='lat' dir='ltr'><strong>etiam</strong></span> <span class='ocrx_word' id='word_1_762' title='bbox 2442 3412 2635 3467; x_wconf 88' lang='lat' dir='ltr'><strong>purum</strong></span> <span class='ocrx_word' id='word_1_763' title='bbox 2664 3411 2979 3470; x_wconf 88' lang='lat' dir='ltr'><strong>permanet;</strong></span> <span class='ocrx_word' id='word_1_764' title='bbox 3010 3403 3098 3458; x_wconf 91' lang='lat' dir='ltr'><strong>ubi</strong></span> <span class='ocrx_word' id='word_1_765' title='bbox 3134 3419 3261 3458; x_wconf 85' lang='lat' dir='ltr'><strong>vero</strong></span> <span class='ocrx_word' id='word_1_766' title='bbox 3300 3405 3648 3462; x_wconf 89' lang='lat' dir='ltr'><strong>obtenebrata</strong></span> 
     </span>
    </p>
   </div>
   <div class='ocr_carea' id='block_1_96' title="bbox 2059 3489 3647 3571">
    <p class='ocr_par' dir='ltr' id='par_1_96' title="bbox 2059 3489 3647 3571">
     <span class='ocr_line' id='line_1_96' title="bbox 2059 3489 3647 3571; baseline 0.008 -27"><span class='ocrx_word' id='word_1_767' title='bbox 2059 3489 2220 3545; x_wconf 91' lang='lat' dir='ltr'><strong>fuerit</strong></span> <span class='ocrx_word' id='word_1_768' title='bbox 2246 3494 2443 3560; x_wconf 90' lang='lat' dir='ltr'><strong>anima,</strong></span> <span class='ocrx_word' id='word_1_769' title='bbox 2477 3510 2672 3564; x_wconf 90' lang='lat' dir='ltr'><strong>corpus</strong></span> <span class='ocrx_word' id='word_1_770' title='bbox 2700 3498 2857 3552; x_wconf 90' lang='lat' dir='ltr'><strong>etiam</strong></span> <span class='ocrx_word' id='word_1_771' title='bbox 2888 3499 3056 3568; x_wconf 90' lang='lat' dir='ltr'><strong>ipsum</strong></span> <span class='ocrx_word' id='word_1_772' title='bbox 3090 3500 3140 3553; x_wconf 93' lang='lat' dir='ltr'><strong>in</strong></span> <span class='ocrx_word' id='word_1_773' title='bbox 3172 3500 3286 3556; x_wconf 92' lang='lat' dir='ltr'><strong>luto</strong></span> <span class='ocrx_word' id='word_1_774' title='bbox 3314 3518 3377 3557; x_wconf 91' lang='lat' dir='ltr'><strong>ac</strong></span> <span class='ocrx_word' id='word_1_775' title='bbox 3403 3502 3647 3571; x_wconf 83' lang='lat' dir='ltr'><strong>volupta-</strong></span> 
     </span>
    </p>
   </div>
   <div class='ocr_carea' id='block_1_97' title="bbox 2060 3581 3647 3657">
    <p class='ocr_par' dir='ltr' id='par_1_97' title="bbox 2060 3581 3647 3657">
     <span class='ocr_line' id='line_1_97' title="bbox 2060 3581 3647 3657; baseline 0.009 -24"><span class='ocrx_word' id='word_1_776' title='bbox 2060 3581 2196 3634; x_wconf 89' lang='lat' dir='ltr'><strong>tibus</strong></span> <span class='ocrx_word' id='word_1_777' title='bbox 2222 3584 2506 3638; x_wconf 80' lang='lat' dir='ltr'><strong>volutatur.</strong></span> <span class='ocrx_word' id='word_1_778' title='bbox 2542 3584 2679 3653; x_wconf 83' lang='lat' dir='ltr'><strong>Qnid</strong></span> <span class='ocrx_word' id='word_1_779' title='bbox 2709 3586 2867 3657; x_wconf 89' lang='lat' dir='ltr'><strong>igitur</strong></span> <span class='ocrx_word' id='word_1_780' title='bbox 2896 3588 3102 3642; x_wconf 72' lang='lat' dir='ltr'><strong>David?</strong></span> <span class='ocrx_word' id='word_1_781' title='bbox 3130 3587 3408 3646; x_wconf 87' lang='lat' dir='ltr'><strong>Commisit</strong></span> <span class='ocrx_word' id='word_1_782' title='bbox 3436 3593 3647 3647; x_wconf 84' lang='lat' dir='ltr'><strong>adulte-</strong></span> 
     </span>
    </p>
   </div>
   <div class='ocr_carea' id='block_1_98' title="bbox 2058 3672 3648 3753">
    <p class='ocr_par' dir='ltr' id='par_1_98' title="bbox 2058 3672 3648 3753">
     <span class='ocr_line' id='line_1_98' title="bbox 2058 3672 3648 3753; baseline 0.01 -29"><span class='ocrx_word' id='word_1_783' title='bbox 2058 3672 2192 3725; x_wconf 89' lang='lat' dir='ltr'><strong>rium</strong></span> <span class='ocrx_word' id='word_1_784' title='bbox 2216 3688 2230 3735; x_wconf 92' lang='lat'><strong>;</strong></span> <span class='ocrx_word' id='word_1_785' title='bbox 2259 3674 2351 3728; x_wconf 88' lang='lat' dir='ltr'><strong>sed</strong></span> <span class='ocrx_word' id='word_1_786' title='bbox 2384 3676 2675 3741; x_wconf 86' lang='lat' dir='ltr'><strong>nesciebat,</strong></span> <span class='ocrx_word' id='word_1_787' title='bbox 2699 3693 2871 3753; x_wconf 82' lang='lat' dir='ltr'><strong>neque</strong></span> <span class='ocrx_word' id='word_1_788' title='bbox 2891 3680 2959 3735; x_wconf 91' lang='lat' dir='ltr'><strong>ab</strong></span> <span class='ocrx_word' id='word_1_789' title='bbox 2989 3680 3096 3734; x_wconf 92' lang='lat' dir='ltr'><strong>ullo</strong></span> <span class='ocrx_word' id='word_1_790' title='bbox 3120 3683 3459 3751; x_wconf 89' lang='lat' dir='ltr'><strong>arguebatur,</strong></span> <span class='ocrx_word' id='word_1_791' title='bbox 3488 3684 3648 3753; x_wconf 67' lang='lat' dir='ltr'><strong>idque</strong></span> 
     </span>
    </p>
   </div>
   <div class='ocr_carea' id='block_1_99' title="bbox 2056 3751 3649 3843">
    <p class='ocr_par' dir='ltr' id='par_1_99' title="bbox 2056 3751 3649 3843">
     <span class='ocr_line' id='line_1_99' title="bbox 2056 3751 3649 3843; baseline 0.008 -26"><span class='ocrx_word' id='word_1_792' title='bbox 2056 3777 2175 3817; x_wconf 89' lang='lat' dir='ltr'><strong>cum</strong></span> <span class='ocrx_word' id='word_1_793' title='bbox 2202 3780 2365 3820; x_wconf 86' lang='lat' dir='ltr'><strong>senex</strong></span> <span class='ocrx_word' id='word_1_794' title='bbox 2394 3765 2678 3822; x_wconf 89' lang='lat' dir='ltr'><strong>admodum</strong></span> <span class='ocrx_word' id='word_1_795' title='bbox 2706 3751 2846 3824; x_wconf 79' lang='lat' dir='ltr'><strong>esset</strong></span> <span class='ocrx_word' id='word_1_796' title='bbox 2871 3788 2885 3824; x_wconf 94' lang='lat'>:</span> <span class='ocrx_word' id='word_1_797' title='bbox 2915 3779 2973 3825; x_wconf 93' lang='lat' dir='ltr'><strong>ut</strong></span> <span class='ocrx_word' id='word_1_798' title='bbox 3002 3772 3269 3843; x_wconf 86' lang='lat' dir='ltr'><strong>intelligas</strong></span> <span class='ocrx_word' id='word_1_799' title='bbox 3289 3815 3303 3837; x_wconf 93' lang='lat'><strong>,</strong></span> <span class='ocrx_word' id='word_1_800' title='bbox 3332 3774 3375 3829; x_wconf 91' lang='lat' dir='ltr'><strong>si</strong></span> <span class='ocrx_word' id='word_1_801' title='bbox 3407 3774 3543 3830; x_wconf 88' lang='lat' dir='ltr'><strong>forte</strong></span> <span class='ocrx_word' id='word_1_802' title='bbox 3573 3776 3649 3831; x_wconf 82' lang='lat' dir='ltr'><strong>sis</strong></span> 
     </span>
    </p>
   </div>
   <div class='ocr_carea' id='block_1_100' title="bbox 2058 3858 3648 3940">
    <p class='ocr_par' dir='ltr' id='par_1_100' title="bbox 2058 3858 3648 3940">
     <span class='ocr_line' id='line_1_100' title="bbox 2058 3858 3648 3940; baseline 0.01 -31"><span class='ocrx_word' id='word_1_803' title='bbox 2058 3858 2367 3929; x_wconf 87' lang='lat' dir='ltr'><strong>negligens,</strong></span> <span class='ocrx_word' id='word_1_804' title='bbox 2432 3876 2606 3929; x_wconf 91' lang='lat' dir='ltr'><strong>neque</strong></span> <span class='ocrx_word' id='word_1_805' title='bbox 2664 3862 2754 3916; x_wconf 91' lang='lat' dir='ltr'><strong>tibi</strong></span> <span class='ocrx_word' id='word_1_806' title='bbox 2806 3864 3055 3920; x_wconf 89' lang='lat' dir='ltr'><strong>canitiem</strong></span> <span class='ocrx_word' id='word_1_807' title='bbox 3120 3867 3411 3937; x_wconf 87' lang='lat' dir='ltr'><strong>prodesse,</strong></span> <span class='ocrx_word' id='word_1_808' title='bbox 3473 3885 3648 3940; x_wconf 87' lang='lat' dir='ltr'><strong>neque</strong></span> 
     </span>
    </p>
   </div>
   <div class='ocr_carea' id='block_1_101' title="bbox 2056 3951 3649 4032">
    <p class='ocr_par' dir='ltr' id='par_1_101' title="bbox 2056 3951 3649 4032">
     <span class='ocr_line' id='line_1_101' title="bbox 2056 3951 3649 4032; baseline 0.008 -29"><span class='ocrx_word' id='word_1_809' title='bbox 2056 3964 2262 4015; x_wconf 76' lang='lat' dir='ltr'><strong>rursus,</strong></span> <span class='ocrx_word' id='word_1_810' title='bbox 2295 3952 2339 4006; x_wconf 90' lang='lat' dir='ltr'><strong>si</strong></span> <span class='ocrx_word' id='word_1_811' title='bbox 2370 3951 2640 4008; x_wconf 83' lang='lat' dir='ltr'><strong>studiosus</strong></span> <span class='ocrx_word' id='word_1_812' title='bbox 2664 3956 2738 4009; x_wconf 91' lang='lat' dir='ltr'><strong>sis</strong></span> <span class='ocrx_word' id='word_1_813' title='bbox 2762 3970 2826 4010; x_wconf 86' lang='lat' dir='ltr'><strong>ac</strong></span> <span class='ocrx_word' id='word_1_814' title='bbox 2851 3956 3097 4028; x_wconf 90' lang='lat' dir='ltr'><strong>diligens,</strong></span> <span class='ocrx_word' id='word_1_815' title='bbox 3124 3959 3461 4028; x_wconf 88' lang='lat' dir='ltr'><strong>juventutem</strong></span> <span class='ocrx_word' id='word_1_816' title='bbox 3492 3977 3649 4032; x_wconf 84' lang='lat' dir='ltr'><strong>posse</strong></span> 
     </span>
    </p>
   </div>
   <div class='ocr_carea' id='block_1_102' title="bbox 2060 4041 3645 4115">
    <p class='ocr_par' dir='ltr' id='par_1_102' title="bbox 2060 4041 3645 4115">
     <span class='ocr_line' id='line_1_102' title="bbox 2060 4041 3645 4115; baseline 0.008 -21"><span class='ocrx_word' id='word_1_817' title='bbox 2060 4048 2110 4095; x_wconf 92' lang='lat' dir='ltr'><strong>te</strong></span> <span class='ocrx_word' id='word_1_818' title='bbox 2137 4041 2347 4097; x_wconf 68' lang='lat' dir='ltr'><strong>lmdere.</strong></span> <span class='ocrx_word' id='word_1_819' title='bbox 2379 4042 2559 4114; x_wconf 81' lang='lat' dir='ltr'><strong>Neque</strong></span> <span class='ocrx_word' id='word_1_820' title='bbox 2585 4046 2726 4100; x_wconf 91' lang='lat' dir='ltr'><strong>enim</strong></span> <span class='ocrx_word' id='word_1_821' title='bbox 2752 4047 2821 4103; x_wconf 90' lang='lat' dir='ltr'><strong>ab</strong></span> <span class='ocrx_word' id='word_1_822' title='bbox 2846 4059 3001 4103; x_wconf 64' lang='lat' dir='ltr'><strong>astate</strong></span> <span class='ocrx_word' id='word_1_823' title='bbox 3032 4066 3239 4115; x_wconf 88' lang='lat' dir='ltr'><strong>mores,</strong></span> <span class='ocrx_word' id='word_1_824' title='bbox 3272 4052 3365 4107; x_wconf 88' lang='lat' dir='ltr'><strong>sed</strong></span> <span class='ocrx_word' id='word_1_825' title='bbox 3391 4053 3460 4108; x_wconf 90' lang='lat' dir='ltr'><strong>ab</strong></span> <span class='ocrx_word' id='word_1_826' title='bbox 3483 4054 3645 4107; x_wconf 89' lang='lat' dir='ltr'><strong>animi</strong></span> 
     </span>
    </p>
   </div>
   <div class='ocr_carea' id='block_1_103' title="bbox 2057 4134 3644 4207">
    <p class='ocr_par' dir='ltr' id='par_1_103' title="bbox 2057 4134 3644 4207">
     <span class='ocr_line' id='line_1_103' title="bbox 2057 4134 3644 4207; baseline 0.008 -21"><span class='ocrx_word' id='word_1_827' title='bbox 2057 4134 2320 4203; x_wconf 82' lang='lat' dir='ltr'><strong>sententia</strong></span> <span class='ocrx_word' id='word_1_828' title='bbox 2376 4145 2523 4191; x_wconf 90' lang='lat' dir='ltr'><strong>recte</strong></span> <span class='ocrx_word' id='word_1_829' title='bbox 2574 4136 2707 4191; x_wconf 89' lang='lat' dir='ltr'><strong>facta</strong></span> <span class='ocrx_word' id='word_1_830' title='bbox 2763 4151 3124 4207; x_wconf 86' lang='lat' dir='ltr'><strong>promanant:</strong></span> <span class='ocrx_word' id='word_1_831' title='bbox 3176 4158 3297 4197; x_wconf 92' lang='lat' dir='ltr'><strong>nam</strong></span> <span class='ocrx_word' id='word_1_832' title='bbox 3351 4153 3407 4198; x_wconf 90' lang='lat' dir='ltr'><strong>et</strong></span> <span class='ocrx_word' id='word_1_833' title='bbox 3460 4144 3644 4199; x_wconf 90' lang='lat' dir='ltr'><strong>Daniel</strong></span> 
     </span>
    </p>
   </div>
   <div class='ocr_carea' id='block_1_104' title="bbox 2057 4224 3645 4299">
    <p class='ocr_par' dir='ltr' id='par_1_104' title="bbox 2057 4224 3645 4299">
     <span class='ocr_line' id='line_1_104' title="bbox 2057 4224 3645 4299; baseline 0.006 -20"><span class='ocrx_word' id='word_1_834' title='bbox 2057 4224 2335 4279; x_wconf 89' lang='lat' dir='ltr'><strong>duodecim</strong></span> <span class='ocrx_word' id='word_1_835' title='bbox 2364 4243 2623 4281; x_wconf 83' lang='lat' dir='ltr'><strong>annorum</strong></span> <span class='ocrx_word' id='word_1_836' title='bbox 2650 4230 2665 4262; x_wconf 80' lang='grc'>³</span> <span class='ocrx_word' id='word_1_837' title='bbox 2692 4240 2826 4291; x_wconf 89' lang='lat' dir='ltr'><strong>erat,</strong></span> <span class='ocrx_word' id='word_1_838' title='bbox 2859 4242 2913 4285; x_wconf 92' lang='lat' dir='ltr'><strong>et</strong></span> <span class='ocrx_word' id='word_1_839' title='bbox 2936 4231 3239 4299; x_wconf 83' lang='lat' dir='ltr'><strong>judicabat;</strong></span> <span class='ocrx_word' id='word_1_840' title='bbox 3272 4234 3511 4289; x_wconf 86' lang='lat' dir='ltr'><strong>seniores</strong></span> <span class='ocrx_word' id='word_1_841' title='bbox 3545 4250 3645 4289; x_wconf 83' lang='lat' dir='ltr'><strong>au-</strong></span> 
     </span>
    </p>
   </div>
   <div class='ocr_carea' id='block_1_105' title="bbox 2059 4318 3642 4387">
    <p class='ocr_par' dir='ltr' id='par_1_105' title="bbox 2059 4318 3642 4387">
     <span class='ocr_line' id='line_1_105' title="bbox 2059 4318 3642 4387; baseline 0.008 -17"><span class='ocrx_word' id='word_1_842' title='bbox 2059 4324 2192 4381; x_wconf 90' lang='lat' dir='ltr'><strong>tem,</strong></span> <span class='ocrx_word' id='word_1_843' title='bbox 2225 4318 2502 4373; x_wconf 82' lang='lat' dir='ltr'><strong>inveterati</strong></span> <span class='ocrx_word' id='word_1_844' title='bbox 2524 4320 2574 4374; x_wconf 90' lang='lat' dir='ltr'><strong>in</strong></span> <span class='ocrx_word' id='word_1_845' title='bbox 2602 4320 2812 4387; x_wconf 92' lang='lat' dir='ltr'><strong>diebus,</strong></span> <span class='ocrx_word' id='word_1_846' title='bbox 2841 4322 3091 4378; x_wconf 89' lang='lat' dir='ltr'><strong>adulterii</strong></span> <span class='ocrx_word' id='word_1_847' title='bbox 3120 4326 3349 4380; x_wconf 84' lang='lat' dir='ltr'><strong>fabulam</strong></span> <span class='ocrx_word' id='word_1_848' title='bbox 3367 4330 3642 4383; x_wconf 80' lang='lat' dir='ltr'><strong>confinxe-</strong></span> 
     </span>
    </p>
   </div>
   <div class='ocr_carea' id='block_1_106' title="bbox 2058 4411 3644 4485">
    <p class='ocr_par' dir='ltr' id='par_1_106' title="bbox 2058 4411 3644 4485">
     <span class='ocr_line' id='line_1_106' title="bbox 2058 4411 3644 4485; baseline 0.008 -23"><span class='ocrx_word' id='word_1_849' title='bbox 2058 4419 2210 4476; x_wconf 87' lang='lat' dir='ltr'><strong>runt,</strong></span> <span class='ocrx_word' id='word_1_850' title='bbox 2238 4420 2291 4463; x_wconf 91' lang='lat' dir='ltr'><strong>et</strong></span> <span class='ocrx_word' id='word_1_851' title='bbox 2338 4425 2435 4464; x_wconf 89' lang='lat' dir='ltr'><strong>nec</strong></span> <span class='ocrx_word' id='word_1_852' title='bbox 2462 4411 2564 4465; x_wconf 89' lang='lat' dir='ltr'><strong>illis</strong></span> <span class='ocrx_word' id='word_1_853' title='bbox 2592 4412 2813 4467; x_wconf 90' lang='lat' dir='ltr'><strong>canities</strong></span> <span class='ocrx_word' id='word_1_854' title='bbox 2858 4414 3087 4483; x_wconf 89' lang='lat' dir='ltr'><strong>profuit,</strong></span> <span class='ocrx_word' id='word_1_855' title='bbox 3132 4431 3232 4471; x_wconf 90' lang='lat' dir='ltr'><strong>nec</strong></span> <span class='ocrx_word' id='word_1_856' title='bbox 3269 4416 3517 4485; x_wconf 83' lang='lat' dir='ltr'><strong>juventus</strong></span> <span class='ocrx_word' id='word_1_857' title='bbox 3558 4420 3644 4474; x_wconf 80' lang='lat' dir='ltr'><strong>isti</strong></span> 
     </span>
    </p>
   </div>
   <div class='ocr_carea' id='block_1_107' title="bbox 2056 4502 3643 4581">
    <p class='ocr_par' dir='ltr' id='par_1_107' title="bbox 2056 4502 3643 4581">
     <span class='ocr_line' id='line_1_107' title="bbox 2056 4502 3643 4581; baseline 0.006 -24"><span class='ocrx_word' id='word_1_858' title='bbox 2056 4504 2241 4558; x_wconf 88' lang='lat' dir='ltr'><strong>nocuit</strong></span> <span class='ocrx_word' id='word_1_859' title='bbox 2283 4502 2443 4573; x_wconf 87' lang='lat' dir='ltr'><strong>(Dan.</strong></span> <span class='ocrx_word' id='word_1_860' title='bbox 2487 4505 2585 4571; x_wconf 78' lang='grc'><strong>15,</strong></span> <span class='ocrx_word' id='word_1_861' title='bbox 2618 4506 2687 4561; x_wconf 78' lang='grc'><strong>45</strong></span> <span class='ocrx_word' id='word_1_862' title='bbox 2712 4507 2897 4577; x_wconf 83' lang='lat' dir='ltr'><strong>seqq.).</strong></span> <span class='ocrx_word' id='word_1_863' title='bbox 2946 4507 3014 4563; x_wconf 86' lang='lat' dir='ltr'><strong>Et</strong></span> <span class='ocrx_word' id='word_1_864' title='bbox 3045 4519 3099 4564; x_wconf 95' lang='lat' dir='ltr'><strong>ut</strong></span> <span class='ocrx_word' id='word_1_865' title='bbox 3142 4510 3399 4581; x_wconf 81' lang='lat' dir='ltr'><strong>intelligas</strong></span> <span class='ocrx_word' id='word_1_866' title='bbox 3431 4528 3533 4567; x_wconf 92' lang='lat' dir='ltr'><strong>non</strong></span> <span class='ocrx_word' id='word_1_867' title='bbox 3579 4530 3643 4567; x_wconf 84' lang='lat' dir='ltr'><strong>ex</strong></span> 
     </span>
    </p>
   </div>
   <div class='ocr_carea' id='block_1_108' title="bbox 2057 4594 3645 4672">
    <p class='ocr_par' dir='ltr' id='par_1_108' title="bbox 2057 4594 3645 4672">
     <span class='ocr_line' id='line_1_108' title="bbox 2057 4594 3645 4672; baseline 0.006 -25"><span class='ocrx_word' id='word_1_868' title='bbox 2057 4603 2231 4659; x_wconf 81' lang='lat' dir='ltr'><strong>:etate,</strong></span> <span class='ocrx_word' id='word_1_869' title='bbox 2256 4594 2348 4648; x_wconf 87' lang='lat' dir='ltr'><strong>sed</strong></span> <span class='ocrx_word' id='word_1_870' title='bbox 2374 4610 2436 4649; x_wconf 74' lang='lat' dir='ltr'><strong>ex</strong></span> <span class='ocrx_word' id='word_1_871' title='bbox 2466 4595 2628 4650; x_wconf 90' lang='lat' dir='ltr'><strong>animi</strong></span> <span class='ocrx_word' id='word_1_872' title='bbox 2656 4598 2930 4667; x_wconf 85' lang='lat' dir='ltr'><strong>proposito</strong></span> <span class='ocrx_word' id='word_1_873' title='bbox 2946 4598 3013 4653; x_wconf 91' lang='lat' dir='ltr'><strong>de</strong></span> <span class='ocrx_word' id='word_1_874' title='bbox 3033 4600 3329 4655; x_wconf 91' lang='lat' dir='ltr'><strong>actionibus</strong></span> <span class='ocrx_word' id='word_1_875' title='bbox 3344 4613 3447 4656; x_wconf 92' lang='lat' dir='ltr'><strong>tem</strong></span> <span class='ocrx_word' id='word_1_876' title='bbox 3456 4618 3645 4672; x_wconf 77' lang='lat' dir='ltr'><strong>pernit-</strong></span> 
     </span>
    </p>
   </div>
   <div class='ocr_carea' id='block_1_109' title="bbox 2059 4684 3642 4765">
    <p class='ocr_par' dir='ltr' id='par_1_109' title="bbox 2059 4684 3642 4765">
     <span class='ocr_line' id='line_1_109' title="bbox 2059 4684 3642 4765; baseline 0.008 -28"><span class='ocrx_word' id='word_1_877' title='bbox 2059 4688 2143 4741; x_wconf 64' lang='lat' dir='ltr'><strong>tite</strong></span> <span class='ocrx_word' id='word_1_878' title='bbox 2173 4686 2431 4753; x_wconf 89' lang='lat' dir='ltr'><strong>judicium</strong></span> <span class='ocrx_word' id='word_1_879' title='bbox 2475 4688 2625 4752; x_wconf 89' lang='lat' dir='ltr'><strong>ferri,</strong></span> <span class='ocrx_word' id='word_1_880' title='bbox 2644 4684 2809 4745; x_wconf 87' lang='lat' dir='ltr'><strong>David</strong></span> <span class='ocrx_word' id='word_1_881' title='bbox 2832 4692 3027 4747; x_wconf 90' lang='lat' dir='ltr'><strong>cumin</strong></span> <span class='ocrx_word' id='word_1_882' title='bbox 3056 4696 3171 4765; x_wconf 92' lang='lat' dir='ltr'><strong>ipsa</strong></span> <span class='ocrx_word' id='word_1_883' title='bbox 3197 4710 3326 4748; x_wconf 88' lang='lat' dir='ltr'><strong>cana</strong></span> <span class='ocrx_word' id='word_1_884' title='bbox 3370 4705 3642 4749; x_wconf 84' lang='lat' dir='ltr'><strong>senectute</strong></span> 
     </span>
    </p>
   </div>
   <div class='ocr_carea' id='block_1_110' title="bbox 2057 4778 3640 4853">
    <p class='ocr_par' dir='ltr' id='par_1_110' title="bbox 2057 4778 3640 4853">
     <span class='ocr_line' id='line_1_110' title="bbox 2057 4778 3640 4853; baseline 0.008 -26"><span class='ocrx_word' id='word_1_885' title='bbox 2057 4787 2377 4841; x_wconf 88' lang='lat' dir='ltr'><strong>versaretur,</strong></span> <span class='ocrx_word' id='word_1_886' title='bbox 2406 4778 2598 4833; x_wconf 89' lang='lat' dir='ltr'><strong>tuncin</strong></span> <span class='ocrx_word' id='word_1_887' title='bbox 2620 4778 2935 4837; x_wconf 88' lang='lat' dir='ltr'><strong>adulterium</strong></span> <span class='ocrx_word' id='word_1_888' title='bbox 2966 4782 3147 4853; x_wconf 89' lang='lat' dir='ltr'><strong>lapsus</strong></span> <span class='ocrx_word' id='word_1_889' title='bbox 3165 4787 3472 4850; x_wconf 81' lang='lat' dir='ltr'><strong>est,ca:dem</strong></span> <span class='ocrx_word' id='word_1_890' title='bbox 3492 4801 3640 4840; x_wconf 91' lang='lat' dir='ltr'><strong>com-</strong></span> 
     </span>
    </p>
   </div>
   <div class='ocr_carea' id='block_1_111' title="bbox 2058 4870 3642 4950">
    <p class='ocr_par' dir='ltr' id='par_1_111' title="bbox 2058 4870 3642 4950">
     <span class='ocr_line' id='line_1_111' title="bbox 2058 4870 3642 4950; baseline 0.008 -26"><span class='ocrx_word' id='word_1_891' title='bbox 2058 4870 2233 4933; x_wconf 86' lang='lat' dir='ltr'><strong>misit,</strong></span> <span class='ocrx_word' id='word_1_892' title='bbox 2258 4880 2312 4926; x_wconf 92' lang='lat' dir='ltr'><strong>et</strong></span> <span class='ocrx_word' id='word_1_893' title='bbox 2335 4872 2412 4927; x_wconf 91' lang='lat' dir='ltr'><strong>sic</strong></span> <span class='ocrx_word' id='word_1_894' title='bbox 2439 4871 2661 4928; x_wconf 77' lang='lat' dir='ltr'><strong>allectus</strong></span> <span class='ocrx_word' id='word_1_895' title='bbox 2690 4884 2841 4941; x_wconf 87' lang='lat' dir='ltr'><strong>erat;</strong></span> <span class='ocrx_word' id='word_1_896' title='bbox 2869 4885 2926 4931; x_wconf 92' lang='lat' dir='ltr'><strong>ut</strong></span> <span class='ocrx_word' id='word_1_897' title='bbox 2950 4890 3007 4931; x_wconf 88' lang='lat' dir='ltr'><strong>se</strong></span> <span class='ocrx_word' id='word_1_898' title='bbox 3033 4892 3284 4950; x_wconf 88' lang='lat' dir='ltr'><strong>peccasse</strong></span> <span class='ocrx_word' id='word_1_899' title='bbox 3321 4878 3434 4946; x_wconf 89' lang='lat' dir='ltr'><strong>ipse</strong></span> <span class='ocrx_word' id='word_1_900' title='bbox 3461 4882 3642 4936; x_wconf 88' lang='lat' dir='ltr'><strong>nesci-</strong></span> 
     </span>
    </p>
   </div>
   <div class='ocr_carea' id='block_1_112' title="bbox 2057 4961 3639 5036">
    <p class='ocr_par' dir='ltr' id='par_1_112' title="bbox 2057 4961 3639 5036">
     <span class='ocr_line' id='line_1_112' title="bbox 2057 4961 3639 5036; baseline 0.008 -20"><span class='ocrx_word' id='word_1_901' title='bbox 2057 4972 2169 5016; x_wconf 89' lang='lat' dir='ltr'><strong>ret:</strong></span> <span class='ocrx_word' id='word_1_902' title='bbox 2201 4961 2462 5033; x_wconf 83' lang='lat' dir='ltr'><strong>siquidem</strong></span> <span class='ocrx_word' id='word_1_903' title='bbox 2506 4966 2686 5035; x_wconf 88' lang='lat' dir='ltr'><strong>auriga</strong></span> <span class='ocrx_word' id='word_1_904' title='bbox 2731 4982 2885 5022; x_wconf 89' lang='lat' dir='ltr'><strong>mens</strong></span> <span class='ocrx_word' id='word_1_905' title='bbox 2926 4968 3042 5036; x_wconf 85' lang='lat' dir='ltr'><strong>ejus</strong></span> <span class='ocrx_word' id='word_1_906' title='bbox 3083 4977 3199 5023; x_wconf 81' lang='lat' dir='ltr'><strong>erat</strong></span> <span class='ocrx_word' id='word_1_907' title='bbox 3245 4968 3639 5028; x_wconf 74' lang='lat' dir='ltr'><strong>incontinentize</strong></span> 
     </span>
    </p>
   </div>
   <div class='ocr_carea' id='block_1_113' title="bbox 2055 5052 3639 5124">
    <p class='ocr_par' dir='ltr' id='par_1_113' title="bbox 2055 5052 3639 5124">
     <span class='ocr_line' id='line_1_113' title="bbox 2055 5052 3639 5124; baseline 0.009 -18"><span class='ocrx_word' id='word_1_908' title='bbox 2055 5052 2315 5107; x_wconf 88' lang='lat' dir='ltr'><strong>ebrietate</strong></span> <span class='ocrx_word' id='word_1_909' title='bbox 2366 5064 2630 5123; x_wconf 88' lang='lat' dir='ltr'><strong>correpta.</strong></span> <span class='ocrx_word' id='word_1_910' title='bbox 2705 5055 2885 5124; x_wconf 78' lang='lat' dir='ltr'><strong>Itaque</strong></span> <span class='ocrx_word' id='word_1_911' title='bbox 2936 5057 3098 5113; x_wconf 89' lang='lat' dir='ltr'><strong>mittit</strong></span> <span class='ocrx_word' id='word_1_912' title='bbox 3138 5058 3204 5113; x_wconf 89' lang='lat' dir='ltr'><strong>ad</strong></span> <span class='ocrx_word' id='word_1_913' title='bbox 3259 5074 3380 5115; x_wconf 91' lang='lat' dir='ltr'><strong>eum</strong></span> <span class='ocrx_word' id='word_1_914' title='bbox 3432 5062 3639 5122; x_wconf 82' lang='lat' dir='ltr'><strong>Natltan</strong></span> 
     </span>
    </p>
   </div>
   <div class='ocr_carea' id='block_1_114' title="bbox 2057 5144 3639 5221">
    <p class='ocr_par' dir='ltr' id='par_1_114' title="bbox 2057 5144 3639 5221">
     <span class='ocr_line' id='line_1_114' title="bbox 2057 5144 3639 5221; baseline 0.008 -25"><span class='ocrx_word' id='word_1_915' title='bbox 2057 5144 2366 5212; x_wconf 89' lang='lat' dir='ltr'><strong>prophetam</strong></span> <span class='ocrx_word' id='word_1_916' title='bbox 2398 5145 2540 5200; x_wconf 90' lang='lat' dir='ltr'><strong>Dens</strong></span> <span class='ocrx_word' id='word_1_917' title='bbox 2569 5163 2583 5198; x_wconf 93' lang='lat'>:</span> <span class='ocrx_word' id='word_1_918' title='bbox 2618 5150 2873 5216; x_wconf 85' lang='lat' dir='ltr'><strong>propheta</strong></span> <span class='ocrx_word' id='word_1_919' title='bbox 2898 5148 3041 5202; x_wconf 91' lang='lat' dir='ltr'><strong>venit</strong></span> <span class='ocrx_word' id='word_1_920' title='bbox 3072 5148 3136 5203; x_wconf 86' lang='lat' dir='ltr'><strong>ad</strong></span> <span class='ocrx_word' id='word_1_921' title='bbox 3172 5150 3507 5221; x_wconf 87' lang='lat' dir='ltr'><strong>prOphetam.</strong></span> <span class='ocrx_word' id='word_1_922' title='bbox 3550 5156 3639 5209; x_wconf 88' lang='lat' dir='ltr'><strong>Sic</strong></span> 
     </span>
    </p>
   </div>
   <div class='ocr_carea' id='block_1_115' title="bbox 2055 5235 3640 5314">
    <p class='ocr_par' dir='ltr' id='par_1_115' title="bbox 2055 5235 3640 5314">
     <span class='ocr_line' id='line_1_115' title="bbox 2055 5235 3640 5314; baseline 0.006 -24"><span class='ocrx_word' id='word_1_923' title='bbox 2055 5235 2195 5290; x_wconf 91' lang='lat' dir='ltr'><strong>enim</strong></span> <span class='ocrx_word' id='word_1_924' title='bbox 2216 5249 2336 5290; x_wconf 89' lang='lat' dir='ltr'><strong>cum</strong></span> <span class='ocrx_word' id='word_1_925' title='bbox 2363 5236 2581 5291; x_wconf 90' lang='lat' dir='ltr'><strong>medicis</strong></span> <span class='ocrx_word' id='word_1_926' title='bbox 2605 5238 2778 5307; x_wconf 90' lang='lat' dir='ltr'><strong>agitur</strong></span> <span class='ocrx_word' id='word_1_927' title='bbox 2806 5254 2821 5291; x_wconf 91' lang='lat'><strong>:</strong></span> <span class='ocrx_word' id='word_1_928' title='bbox 2849 5238 2892 5291; x_wconf 91' lang='lat' dir='ltr'><strong>si</strong></span> <span class='ocrx_word' id='word_1_929' title='bbox 2913 5238 3124 5309; x_wconf 83' lang='lat' dir='ltr'><strong>quando</strong></span> <span class='ocrx_word' id='word_1_930' title='bbox 3138 5240 3450 5314; x_wconf 64' lang='lat' dir='ltr'><strong>fueritis-ger</strong></span> <span class='ocrx_word' id='word_1_931' title='bbox 3474 5246 3640 5300; x_wconf 84' lang='lat' dir='ltr'><strong>medi-</strong></span> 
     </span>
    </p>
   </div>
   <div class='ocr_carea' id='block_1_116' title="bbox 2055 5330 3638 5409">
    <p class='ocr_par' dir='ltr' id='par_1_116' title="bbox 2055 5330 3638 5409">
     <span class='ocr_line' id='line_1_116' title="bbox 2055 5330 3638 5409; baseline 0.006 -26"><span class='ocrx_word' id='word_1_932' title='bbox 2055 5344 2147 5384; x_wconf 92' lang='lat' dir='ltr'><strong>cus</strong></span> <span class='ocrx_word' id='word_1_933' title='bbox 2166 5369 2181 5395; x_wconf 92' lang='lat'><strong>,</strong></span> <span class='ocrx_word' id='word_1_934' title='bbox 2215 5339 2323 5385; x_wconf 90' lang='lat' dir='ltr'><strong>tum</strong></span> <span class='ocrx_word' id='word_1_935' title='bbox 2354 5330 2521 5385; x_wconf 90' lang='lat' dir='ltr'><strong>altero</strong></span> <span class='ocrx_word' id='word_1_936' title='bbox 2546 5332 2746 5403; x_wconf 89' lang='lat' dir='ltr'><strong>indiget</strong></span> <span class='ocrx_word' id='word_1_937' title='bbox 2777 5332 2864 5387; x_wconf 90' lang='lat' dir='ltr'><strong>ille</strong></span> <span class='ocrx_word' id='word_1_938' title='bbox 2886 5334 3115 5391; x_wconf 90' lang='lat' dir='ltr'><strong>medico.</strong></span> <span class='ocrx_word' id='word_1_939' title='bbox 3143 5333 3286 5389; x_wconf 89' lang='lat' dir='ltr'><strong>Idem</strong></span> <span class='ocrx_word' id='word_1_940' title='bbox 3314 5334 3401 5391; x_wconf 90' lang='lat' dir='ltr'><strong>hic</strong></span> <span class='ocrx_word' id='word_1_941' title='bbox 3425 5352 3638 5409; x_wconf 82' lang='lat' dir='ltr'><strong>quoque</strong></span> 
     </span>
    </p>
   </div>
   <div class='ocr_carea' id='block_1_117' title="bbox 2055 5421 3632 5499">
    <p class='ocr_par' dir='ltr' id='par_1_117' title="bbox 2055 5421 3632 5499">
     <span class='ocr_line' id='line_1_117' title="bbox 2055 5421 3632 5499; baseline 0.006 -23"><span class='ocrx_word' id='word_1_942' title='bbox 2055 5421 2249 5477; x_wconf 90' lang='lat' dir='ltr'><strong>accidit</strong></span> <span class='ocrx_word' id='word_1_943' title='bbox 2273 5440 2286 5476; x_wconf 92' lang='lat'>:</span> <span class='ocrx_word' id='word_1_944' title='bbox 2316 5424 2656 5481; x_wconf 90' lang='lat' dir='ltr'><strong>commiserat</strong></span> <span class='ocrx_word' id='word_1_945' title='bbox 2679 5436 2951 5495; x_wconf 86' lang='lat' dir='ltr'><strong>peccatum</strong></span> <span class='ocrx_word' id='word_1_946' title='bbox 2984 5426 3238 5497; x_wconf 84' lang='lat' dir='ltr'><strong>propheta</strong></span> <span class='ocrx_word' id='word_1_947' title='bbox 3259 5469 3275 5494; x_wconf 92' lang='lat'><strong>,</strong></span> <span class='ocrx_word' id='word_1_948' title='bbox 3300 5439 3353 5483; x_wconf 92' lang='lat' dir='ltr'><strong>et</strong></span> <span class='ocrx_word' id='word_1_949' title='bbox 3375 5430 3632 5499; x_wconf 61' lang='lat' dir='ltr'><strong>proiiheta</strong></span> 
     </span>
    </p>
   </div>
   <div class='ocr_carea' id='block_1_118' title="bbox 2055 5516 3632 5590">
    <p class='ocr_par' dir='ltr' id='par_1_118' title="bbox 2055 5516 3632 5590">
     <span class='ocr_line' id='line_1_118' title="bbox 2055 5516 3632 5590; baseline 0.003 -19"><span class='ocrx_word' id='word_1_950' title='bbox 2055 5524 2195 5582; x_wconf 88' lang='lat' dir='ltr'><strong>erat,</strong></span> <span class='ocrx_word' id='word_1_951' title='bbox 2228 5516 2317 5586; x_wconf 89' lang='lat' dir='ltr'><strong>qui</strong></span> <span class='ocrx_word' id='word_1_952' title='bbox 2357 5516 2651 5572; x_wconf 88' lang='lat' dir='ltr'><strong>remedium</strong></span> <span class='ocrx_word' id='word_1_953' title='bbox 2693 5517 2969 5572; x_wconf 78' lang='lat' dir='ltr'><strong>afferebat.</strong></span> <span class='ocrx_word' id='word_1_954' title='bbox 3003 5518 3160 5574; x_wconf 76' lang='lat' dir='ltr'><strong>Venit</strong></span> <span class='ocrx_word' id='word_1_955' title='bbox 3189 5518 3346 5590; x_wconf 89' lang='lat' dir='ltr'><strong>igitur</strong></span> <span class='ocrx_word' id='word_1_956' title='bbox 3388 5520 3454 5576; x_wconf 91' lang='lat' dir='ltr'><strong>ad</strong></span> <span class='ocrx_word' id='word_1_957' title='bbox 3485 5520 3632 5576; x_wconf 68' lang='lat' dir='ltr'><strong>illum</strong></span> 
     </span>
    </p>
   </div>
   <div class='ocr_carea' id='block_1_119' title="bbox 2128 5670 2898 5736">
    <p class='ocr_par' dir='ltr' id='par_1_119' title="bbox 2128 5670 2898 5736">
     <span class='ocr_line' id='line_1_119' title="bbox 2128 5670 2898 5736; baseline 0.001 -12"><span class='ocrx_word' id='word_1_958' title='bbox 2128 5685 2142 5713; x_wconf 74' lang='grc' dir='ltr'>ί</span> <span class='ocrx_word' id='word_1_959' title='bbox 2169 5682 2217 5724; x_wconf 84' lang='lat' dir='ltr'><strong>tn</strong></span> <span class='ocrx_word' id='word_1_960' title='bbox 2238 5670 2426 5736; x_wconf 70' lang='lat' dir='ltr'><strong>Savilio,</strong></span> <span class='ocrx_word' id='word_1_961' title='bbox 2460 5670 2626 5725; x_wconf 76' lang='lat' dir='ltr'><strong>decem</strong></span> <span class='ocrx_word' id='word_1_962' title='bbox 2649 5686 2898 5727; x_wconf 79' lang='lat' dir='ltr'><strong>mutorum.</strong></span> 
     </span>
    </p>
   </div>
   <div class='ocr_carea' id='block_1_120' title="bbox 3195 5774 3271 5835">
    <p class='ocr_par' dir='ltr' id='par_1_120' title="bbox 3195 5774 3271 5835">
     <span class='ocr_line' id='line_1_120' title="bbox 3195 5774 3271 5835; baseline 0 0"><span class='ocrx_word' id='word_1_963' title='bbox 3195 5774 3271 5835; x_wconf 76' lang='grc'><strong>18</strong></span> 
     </span>
    </p>
   </div>
  </div>
