4036 6206
407 275 510 328 237

408 387 648 452 Nathan,
679 401 848 456 neque
893 385 1072 440 statim
1115 385 1182 438 ab
1227 387 1342 456 ipso
1383 385 1564 440 limine
1597 386 1742 440 illum
1781 387 1986 457 arguit,

407 492 500 534 aut
521 479 651 534 dicit
673 493 690 532 τ
709 477 957 534 Sceleste
981 492 1044 532 ac
1073 475 1403 542 detestaude,
1433 475 1640 530 adulter
1669 485 1724 530 et
1765 476 1990 532 homici-

409 573 474 627 da
507 591 520 626 :
555 581 630 626 tot
659 570 951 626 honoribus
980 586 1008 622 a
1041 571 1150 624 Deo
1191 571 1488 624 cumulatus
1514 585 1572 624 es
1593 611 1610 636 ,
1639 579 1694 624 et
1723 579 1778 623 tu
1821 570 1986 639 ipsius

405 663 654 718 mandata
699 661 945 716 violasti?
983 661 1120 715 Nihil
1179 662 1282 716 tale
1307 661 1442 715 dixit
1479 659 1723 726 Nathan,
1773 677 1840 716 ne
1882 663 1986 716 int-

1119 270 1176 325 S.
1217 269 1495 327 JO.\NN|S
1531 271 2006 330 CIIRYSOSTOMI
2043 273 2358 330 ARCliiEP.
2397 271 2926 332 CONSTA‘NTINOP.

3569 280 3686 334 288

2097 385 2312 442 Achaab
2340 397 2516 442 autem
2545 389 2790 458 cupiebat
2812 387 3021 458 quidem
3069 389 3302 456 vineam,
3343 391 3442 446 sed
3477 392 3552 446 illi
3573 397 3682 448 vim

2095 478 2270 534 facere
2309 479 2544 544 nolebat,
2567 478 2646 534 sic
2681 489 2738 534 ut
2773 481 2828 534 in
2855 482 3098 536 morbum
3147 481 3348 536 idcirco
3391 482 3678 538 incideret.

2094 572 2336 643 [agressa
2367 583 2546 630 autem
2589 573 2656 627 ad
2701 573 2848 628 illum
2881 573 3130 637 Jezabel,
3161 574 3476 629 muliercula
3501 575 3680 644 impu-

2093 666 2246 730 dens,
2275 666 2576 735 deSperata,
2609 665 2898 730 immunda,
2929 665 3258 731 detestanda,
3289 667 3462 738 inquit
3491 686 3504 722 :
3535 667 3680 736 Quid

404 755 776 828 pudentiorem
815 755 961 808 illum
1005 753 1285 820 redderet;
1313 769 1436 808 cum
1479 754 1620 808 enim
1657 762 1870 822 peccata
1909 753 2058 823 diu)
2091 758 2457 824 contristaris,
2507 767 2564 812 et
2591 773 2695 812 non
2735 758 3010 812 comedis?
3057 772 3216 827 surge
3261 768 3318 813 et
3367 757 3676 813 manduca:

407 846 707 916 vulgantur,
761 855 870 900 tum
913 843 980 898 ad
1034 844 1291 912 majorem
1337 843 1722 913 impudentiam
1769 843 1836 908 is,
1895 845 1984 912 qui

406 946 753 1005 peccaverat,
775 943 1109 1005 provocatur.
1137 934 1293 988 Venit
1317 934 1474 1002 igitur
1499 933 1566 988 ad
1591 935 1761 999 illum,
1783 942 1837 988 et
1861 948 1984 988 con-

407 1027 580 1082 tictam
613 1028 717 1082 litis
744 1026 970 1080 fabulam
997 1025 1160 1092 texit,
1197 1025 1374 1094 aitque
1401 1042 1414 1076 :
1447 1023 1618 1078 Litem
1649 1024 1822 1079 habeo
1846 1024 1983 1093 apud

405 1130 458 1172 te
478 1160 494 1184 ,
515 1133 658 1172 orcx
680 1119 692 1170 Ξ
717 1118 871 1170 Dives
901 1125 1014 1170 erat
1031 1115 1264 1184 quidam,
1295 1125 1348 1170 et
1367 1130 1567 1184 pauper
1591 1115 1802 1183 quidam
1833 1125 1982 1170 erat:

403 1207 634 1262 habebat
655 1219 832 1262 autem
861 1207 1010 1262 dives
1035 1215 1274 1261 armenta
1299 1213 1354 1260 et
1389 1221 1575 1275 greges
1607 1207 1819 1271 multos,
1853 1221 1986 1275 pau-

405 1313 499 1366 per
527 1313 655 1352 vero
700 1313 859 1351 unam
903 1297 1129 1352 habebat
1173 1311 1324 1350 ovem
1345 1337 1360 1362 ,
1392 1311 1510 1365 quae.
1539 1297 1606 1350 de
1628 1297 1793 1352 calice
1822 1297 1987 1365 ipsius

405 1391 647 1454 bibebat,
671 1389 812 1444 etde
839 1405 1017 1444 mensa
1038 1389 1156 1458 ejus
1175 1388 1386 1454 edebat,
1419 1389 1540 1443 etin
1572 1389 1689 1444 sinu
1715 1389 1832 1458 ejus
1857 1389 1987 1442 dor-

409 1481 624 1534 miebat.
653 1481 764 1534 iloc
791 1481 910 1534 loco
932 1481 1028 1534 viri
1049 1495 1174 1550 erga
1195 1495 1415 1534 uxorem
1441 1496 1678 1535 amorem
1701 1481 1982 1551 significat.

401 1571 536 1626 Cum
565 1581 740 1626 autem
775 1573 1084 1642 peregrinus
1104 1573 1364 1642 quispiam
1407 1573 1674 1638 venisset,
1721 1574 1832 1628 suis
1859 1589 1984 1641 par-

406 1679 535 1718 cens
564 1663 712 1718 dives
741 1672 1014 1732 acceptam
1041 1665 1288 1732 pauperis
1311 1679 1462 1718 ovem
1490 1665 1748 1734 jugulavit
1777 1664 1834 1736 (2
1853 1665 1982 1734 Reg.

403 1753 490 1806 19..
529 1754 669 1820 1-5).
697 1753 856 1807 Vides
883 1761 937 1806 ut
961 1753 1060 1806 hoc
1090 1753 1206 1808 loco
1229 1753 1458 1807 fabulam
1490 1763 1666 1818 texat,
1690 1764 1746 1808 et
1763 1756 1984 1823 spongia

401 1844 668 1896 obtectum
699 1844 894 1896 ferrum
933 1841 1147 1912 gestet?
1173 1843 1308 1910 Quid
1333 1860 1458 1912 ergo
1489 1845 1620 1900 rex?
1661 1845 1986 1900 Existimans

400 1949 459 1985 se
487 1931 741 1986 adversus
767 1932 990 1984 alterum
1013 1933 1326 1986 sententiam
1351 1935 1506 2000 ferre,
1521 1950 1676 2003 quam
1705 1934 1986 1990 celerrime

400 2021 716 2076 sententiam
745 2021 1001 2090 adjunxit.
1035 2020 1122 2076 Sic
1145 2025 1285 2078 enim
1309 2023 1480 2078 facere
1505 2025 1676 2078 solent
1697 2024 1978 2078 homines:

399 2111 654 2166 adversus
681 2112 813 2166 alios
841 2112 1068 2166 libenter
1101 2123 1154 2166 et
1179 2129 1366 2168 severe
1401 2117 1690 2168 sententias
1719 2115 1897 2170 ferunt
1929 2124 1984 2170 et

402 2203 762 2270 proauutiant.
797 2201 866 2256 Et
905 2203 1030 2272 quid
1061 2204 1134 2256 ait
1177 2203 1377 2257 David?
1413 2203 1541 2258 Vivit
1570 2204 1853 2272 Dominus,
1897 2207 1982 2260 di-

398 2310 530 2364 gnus
560 2303 717 2348 morte
752 2303 823 2347 est
855 2295 968 2348 talis
987 2337 1000 2358 ,
1024 2304 1170 2364 atque
1196 2311 1334 2348 ovem
1354 2297 1404 2349 in
1445 2297 1784 2366 quadruplum
1809 2299 1980 2352 reddet

400 2381 510 2454 (Ib.
539 2399 586 2437 v.
629 2384 682 2438 5.
723 2383 802 2454 6).
846 2384 983 2452 Quid
1041 2386 1198 2456 igitur
1241 2385 1486 2440 Nathan?
1538 2387 1652 2442 Non
1706 2389 1983 2458 iulerjecto

397 2473 682 2528 multarum
715 2473 966 2530 horarum
995 2476 1167 2544 spatio
1197 2476 1401 2546 plagam
1431 2477 1686 2544 emolliit,
1735 2477 1830 2532 sed
1869 2488 1982 2532 sta-

397 2567 488 2620 tim
521 2567 788 2630 exseruil,
827 2575 880 2620 et
924 2569 1254 2635 repentinam
1281 2568 1572 2622 sectionem
1601 2569 1864 2633 admovit,
1913 2585 1981 2623 ne

397 2657 597 2712 doloris
640 2659 888 2713 sensum‘
937 2658 1214 2711 eximeret.
1265 2657 1345 2710 Tu
1372 2675 1444 2720 es,
1476 2673 1508 2712 ο
1549 2674 1640 2712 rex
1674 2659 1774 2730 (Ib.
1807 2675 1854 2712 υ.
1901 2661 1976 2730 7).

399 2743 534 2814 Quid
585 2761 712 2816 ergo
739 2761 831 2800 rex
858 2745 972 2799 ait?
1023 2745 1237 2799 Peccavi
1279 2745 1494 2800 Domina
1523 2747 1625 2818 (Ib.
1656 2765 1704 2802 υ.
1739 2747 1826 2818 15)
1853 2791 1867 2814 ,
1900 2749 1980 2804 in-

392 2839 526 2906 quit.
554 2836 666 2890 Non
699 2837 832 2890 dixit
865 2855 877 2888 :
907 2837 1037 2904 Quis
1077 2839 1218 2891 enim
1243 2852 1302 2892 es
1325 2847 1376 2891 tu
1398 2879 1414 2904 ,
1445 2839 1532 2908 qui
1563 2853 1647 2892 me
1690 2839 1977 2908 reprehen-

393 2929 515 2984 dis?
543 2931 660 2998 quis
688 2939 737 2984 te
759 2930 930 2994 misit,
959 2937 1014 2984 ut
1045 2941 1150 2983 tam
1175 2929 1340 2984 libere
1363 2930 1691 3000 loquereris?
1720 2947 1822 3000 qua
1849 2949 1977 2986 vero

391 3020 609 3074 audacia
661 3020 916 3088 impulsus
949 3019 1050 3074 hoc
1077 3020 1284 3074 fecisti?
1330 3019 1472 3074 Nihil
1525 3021 1628 3074 tale
1677 3020 1842 3087 dixit,
1881 3021 1976 3076 sed

393 3119 666 3181 peccatum
705 3111 954 3179 agnovit,
983 3121 1039 3164 et
1067 3110 1190 3179 quid
1215 3111 1290 3164 ait
1322 3129 1334 3164 :
1379 3109 1596 3166 Peccavi
1621 3109 1839 3166 Domino
1867 3111 1974 3178 (Ib.

393 3220 441 3256 ν.
488 3202 598 3271 15).
631 3201 768 3270 Quid
813 3202 974 3272 igitur
1001 3201 1068 3256 ad
1095 3217 1218 3256 eum
1249 3202 1493 3256 Nathan?
1523 3201 1692 3256 Etiam
1733 3202 1977 3257 Dominus

393 3293 580 3346 dimisit
617 3302 875 3363 peccatum
917 3302 1079 3346 tuum.
1132 3292 1382 3362 Teipsum
1421 3293 1786 3348 condemnasti
1810 3335 1826 3360 ,
1882 3295 1976 3350 tibi

389 3401 487 3456 ego
511 3399 721 3456 pinnam
749 3384 992 3440 condono
1023 3403 1036 3439 :
1065 3384 1200 3439 bona
1231 3383 1334 3438 ﬁde
1377 3393 1652 3452 peccatum
1703 3385 1976 3439 confessus

389 3491 479 3540 es,
509 3485 782 3545 peceatum
821 3474 1090 3530 delevisti.
1140 3473 1256 3530 Tibi
1299 3475 1398 3544 ipsi
1443 3475 1693 3528 mulctam
1748 3475 1978 3530 accersi-

389 3565 511 3620 visti
533 3607 548 3630 ,
579 3581 678 3636 ego
718 3569 1034 3620 sententiam
1067 3581 1237 3621 meam
1269 3565 1480 3620 rescidi.
1518 3565 1677 3620 Vides
1706 3577 1760 3620 ut
1787 3567 1974 3635 imple-

391 3666 504 3710 tum
543 3653 700 3710 fuerit
744 3655 882 3726 quod
913 3657 1166 3726 scriptum
1197 3665 1318 3710 est:
1359 3655 1454 3710 Dic
1484 3667 1537 3708 tu
1573 3656 1764 3726 primus
1794 3656 1976 3726 iniqui-

389 3754 515 3799 tates
550 3755 698 3813 tuas,
755 3756 809 3799 ut
843 3747 1134 3815 iustiﬁceris
1181 3744 1312 3817 (Isai
1354 3747 1441 3802 45.
1483 3746 1610 3818 26)?
1657 3746 1785 3814 Quis
1825 3747 1974 3802 labor

393 3837 620 3908 primum
662 3848 876 3907 peccata
919 3837 1140 3892 dicere?

460 3927 512 3981 5.
545 3927 714 3978 Altera
743 3927 1045 3994 paenitentia:
1066 3927 1144 3978 via
1165 3927 1508 3997 Iacrymaz:in
1539 3927 1824 3998 exemplum
1851 3945 1972 3996 pro-

387 4019 546 4087 fertur
570 4019 794 4070 Achaab.
813 4048 884 4057 —
914 4018 1086 4072 [labes
1115 4028 1290 4071 autem
1321 4027 1374 4071 et
1397 4019 1615 4072 alteram
1647 4020 1972 4090 paenitentia:

387 4111 523 4163 viam
558 4127 570 4164 :
599 4125 754 4179 quam
812 4108 1024 4162 tandem
1057 4109 1235 4161 illam?
1291 4109 1566 4162 Peccatum
1598 4109 1742 4164 ﬂere.
1773 4111 1971 4164 Pecca-

386 4201 490 4254 sti?
513 4203 658 4266 tleto,
683 4209 736 4255 et
759 4211 1027 4270 peccatum
1050 4201 1230 4254 solvis.
1251 4201 1501 4267 Quisnam
1525 4200 1611 4253 hic
1633 4201 1814 4254 labor?
1841 4202 1968 4256 nihil

385 4307 415 4343 a
448 4299 498 4343 te
521 4293 748 4358 amplius
787 4294 1029 4359 requiro,
1059 4307 1217 4360 quant
1267 4300 1322 4344 ut
1348 4291 1474 4344 ﬂeas
1513 4301 1788 4360 peccatum
1817 4309 1829 4342 :
1861 4307 1965 4344 non

385 4382 505 4435 dico
533 4381 663 4444 tibi,
697 4390 753 4433 ut
789 4383 1060 4434 etnetiaris
1103 4382 1304 4444 maria,
1359 4391 1413 4432 ut
1443 4381 1492 4432 in
1539 4389 1725 4450 portus
1757 4390 1806 4435 te
1834 4383 1968 4435 reci-

387 4470 533 4540 pias,
567 4485 738 4537 neque
767 4478 823 4522 ut
865 4471 962 4523 iter
988 4471 1260 4534 coniicias,
1289 4487 1462 4538 neque
1504 4479 1559 4524 ut
1604 4470 1962 4541 longissimam

387 4559 865 4628 peregrinationem
896 4560 1178 4628 suscipias,
1207 4575 1381 4629 neque
1412 4569 1466 4612 ut
1497 4562 1746 4629 pecunias
1778 4579 1965 4617 nume—

385 4667 492 4717 res,
517 4659 605 4704 aut
626 4649 782 4704 saevis
811 4648 1058 4704 ﬂuctibus
1091 4660 1141 4704 te
1167 4651 1498 4714 committas;
1527 4651 1620 4705 sed
1646 4652 1810 4721 quid?
1836 4653 1966 4707 Pro-

385 4749 502 4809 pter
529 4740 819 4794 admissum
843 4749 1113 4809 peccatum
1147 4741 1311 4809 plora.
1355 4739 1507 4796 Unde
1558 4757 1685 4795 vero
1739 4741 1840 4796 hoc
1885 4745 1962 4808 lit,

385 4830 574 4900 inquit,
597 4841 653 4884 ut
678 4832 722 4884 si
749 4832 973 4899 plorem,
1007 4841 1279 4898 peccatum
1309 4831 1546 4884 solvam?
1573 4831 1737 4900 llujus
1773 4834 1845 4886 rei
1874 4834 1966 4887 de-

383 4923 822 4976 monstrationem
869 4921 1031 4975 habes
1057 4923 1214 4975 etiam
1266 4937 1328 4975 ex
1385 4921 1676 4990 Scriptura.
1711 4923 1829 4977 Fuit
1871 4942 1961 4978 rex

385 5013 599 5081 quidam
633 5013 686 5084 (5
717 5011 840 5082 Reg.
873 5011 965 5082 2|)
1018 5011 1268 5066 Achaab:
1319 5011 1403 5065 hic
1435 5028 1562 5066 vero
1602 5013 1775 5082 justus
1803 5013 1964 5068 fuisse

389 5104 714 5170 perhibetur.
759 5105 1021 5159 Caeterum
1053 5113 1266 5174 propter
1294 5102 1503 5158 Jezahel
1554 5120 1774 5158 uxorem
1811 5120 1961 5158 suam

387 5193 576 5261 injuste
620 5195 889 5264 regnabat.
923 5183 1018 5248 ﬂic
1063 5193 1306 5248 Nabuthe
1346 5193 1618 5262 cujusdam
1669 5193 1961 5249 Jesraclila:

389 5282 595 5337 vineam
622 5287 941 5356 concupivit,
973 5295 1024 5340 et
1051 5286 1191 5340 misit
1220 5284 1284 5339 ad
1318 5301 1437 5338 eum
1465 5285 1649 5338 dicens
1679 5305 1690 5337 :
1723 5287 1796 5340 Da
1827 5286 1958 5340 tnihi

385 5371 592 5425 vineam
624 5383 785 5436 tuam,
805 5392 959 5442 quam
991 5377 1285 5445 concupivi,
1319 5385 1370 5430 et
1401 5375 1484 5430 vel
1515 5376 1789 5445 pecuniam
1817 5392 1846 5428 a
1876 5393 1961 5431 me

386 5464 585 5530 accipe,
613 5463 697 5516 vel
738 5479 856 5516 cmn
901 5467 1065 5518 altero
1091 5479 1357 5521 commuta
1389 5467 1525 5522 loco.
1572 5470 1642 5520 At
1669 5467 1758 5522 ille
1784 5467 1915 5520 dixit
1945 5483 1958 5519 :

387 5557 556 5616 Attsit,
585 5563 643 5606 ut
665 5554 1008 5609 hereditatem
1037 5567 1244 5626 patrum
1289 5573 1530 5616 meorum
1560 5559 1786 5615 vendam
1817 5559 1908 5614 tibi
1938 5558 1952 5611 !

447 5707 466 5741 ⁸
501 5713 630 5766 1135.,
649 5705 894 5758 homicidii
913 5719 1116 5759 sensum.

2091 862 2192 917 ego
2217 847 2463 913 efﬁciam,
2487 857 2548 902 ut
2569 849 2840 918 possideas
2861 849 3070 902 vineam
3095 848 3338 904 Nabuthe
3351 849 3676 906 Jesraelitat.

2093 939 2158 992 Et
2185 941 2450 1010 accipiens
2487 941 2702 1010 scripsit
2724 940 3004 1008 epistolam
3048 955 3114 994 ex
3145 955 3374 1009 persona
3425 941 3571 1010 regis
3609 941 3678 996 ad

2092 1023 2330 1078 seniores
2367 1023 2550 1077 dicens
2579 1041 2592 1075 :
2627 1023 2916 1077 Pracdicate
2940 1021 3224 1091 jejunium,
3259 1032 3313 1077 et
3351 1024 3572 1078 statuite
3600 1025 3679 1077 vi-

2090 1130 2178 1168 ros
2206 1114 2488 1170 mendaces
2507 1115 2760 1168 adversus
2775 1113 3038 1178 Nabuthe,
3063 1113 3188 1182 quia
3209 1112 3482 1168 benedixit
3505 1115 3676 1168 Deum

2091 1215 2147 1260 ct
2183 1219 2383 1274 regem,
2415 1205 2517 1258 hoc
2541 1214 2624 1258 est
2651 1203 3053 1273 blasphemavit.
3089 1201 3132 1256 Ο
3155 1201 3414 1271 jejunium
3465 1218 3676 1256 summa

2092 1297 2368 1366 iniquitate
2412 1296 2626 1364 plenum
2651 1296 2666 1348 ι
2696 1294 3054 1348 Prtedicarunt
3076 1293 3354 1362 jejunium,
3389 1303 3448 1348 ut
3471 1295 3676 1349 caulem

2091 1394 2381 1456 patrarent.
2411 1385 2542 1451 Quid
2565 1400 2692 1454 ergo
2714 1383 2942 1439 accidit?
2974 1383 3258 1452 Lapidatus
3280 1393 3363 1437 est
3389 1383 3635 1438 Nahuthe
3654 1425 3672 1449 ,

2091 1491 2153 1530 ac
2179 1486 2416 1531 mortuus
2439 1485 2540 1530 est.
2567 1475 2678 1529 Hoc
2705 1475 2792 1528 ubi
2819 1473 3002 1528 didicit
3017 1473 3248 1538 Jezabel,
3273 1473 3670 1528 dixitAehaab:

2087 1566 2255 1637 Surge
2273 1605 2288 1631 ,
2316 1565 2683 1637 possideamus
2707 1565 2912 1619 vineam
2937 1581 2951 1630 ;
2977 1564 3096 1632 quia
3125 1573 3366 1617 mortuus
3393 1573 3476 1618 est
3497 1563 3674 1617 Nabu-

2089 1659 2202 1712 the.
2227 1661 2294 1713 At
2315 1659 2402 1713 ille
2429 1667 2542 1711 tum
2571 1657 2824 1726 temporis
2867 1655 3212 1709 contristatus
3239 1695 3253 1716 ,
3279 1653 3552 1721 ingressus
3593 1662 3676 1708 est

2091 1759 2264 1804 tamen
2285 1791 2300 1816 ,
2324 1757 2378 1804 et
2399 1751 2608 1804 vineam
2635 1748 2886 1818 possedit.
2917 1747 3073 1800 Mittit
3100 1746 3166 1799 ad
3197 1761 3316 1800 eum
3351 1747 3520 1799 Eliam
3549 1762 3674 1815 pro-

2089 1842 2302 1912 phetam
2343 1842 2502 1896 Deus.
2536 1840 2702 1904 Vade,
2752 1839 2948 1910 inquit,
2989 1839 3074 1892 dic
3104 1837 3318 1893 Achaah
3351 1857 3362 1892 :
3409 1839 3674 1906 Quoniam

2092 1932 2370 1996 occidisti,
2409 1941 2463 1987 et
2492 1931 2810 2002 possedisti,
2849 1931 2924 1984 sic
2949 1930 3249 1985 eli‘undetur
3269 1933 3483 2000 sanguis
3515 1941 3634 1984 tuus
3653 1975 3670 1994 ,

2087 2034 2142 2078 et
2162 2040 2322 2079 canes
2349 2025 2661 2093 sanguinem
2693 2031 2839 2076 tuum
2891 2022 3122 2090 litigent,
3171 2031 3223 2075 et
3250 2023 3561 2076 meretrices
3589 2023 3670 2075 la-

2086 2115 2359 2168 vabuntiu
2408 2114 2663 2182 sanguine
2704 2122 2793 2166 tuo
2846 2113 2924 2180 ('5.
2957 2110 3083 2182 Reg.
3133 2109 3248 2183 2|).
3296 2112 3378 2165 Ira
3416 2111 3670 2167 divinitus

2085 2207 2280 2260 emissa
2301 2247 2314 2270 ,
2341 2205 2579 2259 absoluta
2611 2205 2890 2266 sententia,
2935 2203 3250 2273 supplicium
3293 2214 3377 2258 est
3405 2205 3668 2274 adimple-

2085 2305 2217 2352 tum.
2246 2300 2324 2353 Ae
2348 2297 2486 2362 vide,
2521 2312 2624 2366 quo
2649 2296 2793 2350 illum
2823 2297 2998 2349 mittat
3029 2314 3043 2349 :
3079 2295 3128 2350 in
3161 2297 3394 2350 vineam.
3433 2297 3532 2351 Ubi
3565 2299 3666 2351 ini-

2085 2389 2287 2458 quitas,
2329 2388 2400 2442 ihi
2439 2403 2649 2458 quoque
2679 2387 3016 2455 supplicium.
3047 2385 3116 2440 Et
3137 2387 3262 2456 quid
3293 2388 3402 2441 ait?
3427 2387 3562 2442 Cum
3591 2391 3670 2444 in-

2085 2479 2250 2532 tuitus
2276 2487 2356 2532 est
2386 2478 2580 2546 ipsum,
2611 2476 2824 2530 Achaab
2853 2476 2988 2530 dixit
3017 2493 3030 2528 :
3059 2475 3304 2530 Invenisti
3331 2494 3409 2530 me
3433 2479 3670 2531 inimicus

2085 2587 2255 2633 meus;
2285 2570 2432 2638 quasi
2461 2569 2662 2622 diceret
2692 2587 2706 2618 :
2739 2568 2906 2621 Reum
2949 2583 3034 2621 me
3071 2567 3503 2637 deprehendisti,
3543 2571 3667 2638 quia

2085 2661 2333 2732 peccavi:
2383 2675 2524 2714 nunc
2553 2660 2642 2714 tibi
2675 2661 2794 2714 data
2823 2671 2905 2714 est
2928 2660 3139 2714 occasio
3180 2661 3309 2714 mihi
3351 2661 3659 2716 insultandi.

2084 2751 2329 2806 Invenisti
2357 2768 2434 2804 me
2447 2753 2678 2806 inimicus
2709 2770 2864 2805 meus.
2900 2753 3032 2819 Quia
3062 2768 3274 2822 semper
3305 2754 3446 2807 Elias
3477 2770 3663 2826 repre-

2083 2841 2348 2896 hendebat
2375 2841 2624 2907 Achaab,
2680 2843 2852 2896 sciens
2900 2843 3116 2898 Achaab
3147 2859 3204 2896 se
3251 2859 3534 2912 peceasse,
3585 2845 3666 2899 Tu

2081 2934 2294 3004 quidem
2321 2949 2552 3003 semper,
2580 2935 2769 3004 inquit,
2795 2951 2879 2989 me
2909 2935 3339 3004 reprehendebas
3370 2955 3382 2991 :
3410 2952 3551 2990 nunc
3571 2952 3666 2990 au-

2082 3035 2189 3080 tem
2235 3037 2530 3095 Opportune
2560 3026 2688 3079 mihi
2721 3025 2962 3080 insultas.
2999 3025 3213 3082 Sciebat
3239 3029 3380 3082 enim
3429 3043 3490 3083 se
3537 3044 3664 3098 pec-

2081 3130 2251 3172 casse.
2283 3116 2361 3170 Ex
2406 3115 2628 3170 adverso
2659 3117 2844 3170 recitat
2873 3117 2944 3170 illi
2974 3118 3294 3171 sententiam
3331 3135 3344 3170 :
3385 3115 3512 3172 Ilwc
3539 3119 3667 3172 dicit

2079 3207 2328 3261 Dominus
2346 3224 2364 3260 :
2387 3207 2636 3273 Quoniam
2665 3207 2908 3273 occidisti,
2925 3218 2971 3262 et
2985 3208 3272 3277 possedisti,
3293 3219 3339 3262 et
3366 3210 3666 3279 sanguinem

2079 3299 2174 3353 uiri
2185 3300 2315 3369 justi
2343 3297 2582 3365 e/fudisti,
2621 3299 2692 3352 sic
2718 3297 3000 3365 e/fundetur
3036 3301 3244 3370 sanguis
3273 3310 3408 3362 tuus,
3437 3309 3486 3354 et
3514 3317 3668 3354 canes

2079 3389 2422 3460 lingenteum,
2469 3397 2513 3442 et
2557 3390 2836 3442 meretrices
2875 3389 3109 3442 locabunt
3167 3391 3220 3442 in
3263 3391 3508 3460 sanguine
3555 3399 3662 3443 tuo.

2079 3477 2204 3534 Haec
2232 3493 2351 3533 cum
2374 3479 2629 3534 audiisset
2653 3480 2888 3548 Achaab,
2915 3481 3259 3536 contristatus
3285 3491 3396 3546 est,
3441 3491 3496 3536 et
3537 3497 3664 3552 pro-

2079 3579 2198 3640 pter
2221 3579 2492 3636 peccatum
2519 3586 2668 3624 suum
2700 3571 2958 3640 plorabat.
2978 3571 3200 3640 Agnovit
3222 3571 3580 3641 iniquitatem.
3613 3581 3668 3628 et

2078 3659 2236 3712 latam
2273 3660 2325 3712 in
2371 3675 2490 3713 eum
2519 3661 2838 3714 sententiam
2870 3662 3141 3714 revocavit
3187 3662 3348 3715 Deus.
3377 3661 3484 3716 Sed
3517 3662 3666 3730 prius

2077 3747 2211 3805 Elia:
2239 3765 2296 3804 se
2324 3750 2596 3804 excusavit
2645 3750 2806 3815 Deus,
2839 3765 2906 3804 ne
2929 3751 3064 3804 forte
3093 3751 3320 3805 mendax
3369 3751 3660 3818 videretur,

2077 3842 2231 3912 eique
2260 3839 2544 3904 accideret,
2575 3839 2712 3907 quod
2739 3839 2887 3893 Jouae
2917 3839 3106 3894 accidit
3131 3841 3148 3871 ί
3185 3859 3196 3892 :
3233 3842 3336 3893 tale
3362 3840 3488 3910 quid
3515 3841 3660 3894 enim

2077 3945 2264 4000 passus
2293 3939 2376 3983 est
2404 3941 2456 3982 et
2480 3928 2662 3983 Jonas.
2695 3929 2833 3982 Dixit
2861 3929 2935 3983 illi
2979 3929 3117 3983 Deus
3151 3947 3164 3982 :
3193 3928 3374 3994 Vade,
3431 3929 3660 3998 prmdica

2077 4023 2128 4076 in
2153 4021 2340 4076 Ninive
2369 4021 2599 4084 civitate,
2640 4021 2690 4074 in
2735 4036 2838 4090 qua
2871 4020 3110 4074 habitant
3140 4032 3356 4075 centum
3388 4031 3441 4076 et
3471 4022 3660 4091 viginti

2076 4111 2234 4164 millia
2267 4111 2534 4164 hominum
2559 4111 2754 4179 absque
2776 4111 3084 4164 mulieribus
3105 4121 3159 4164 et
3185 4111 3454 4180 parvulis:
3483 4113 3664 4164 Adhuc

2074 4211 2170 4256 tres
2193 4203 2334 4266 dics,
2385 4211 2429 4254 et
2478 4199 2661 4254 Ninive
2699 4201 3008 4254 subvertetur
3055 4199 3199 4270 (Jan.
3231 4203 3282 4254 1.
3313 4201 3392 4271 2).
3433 4201 3664 4256 Nolebat

2073 4293 2219 4346 abire
2247 4292 2436 4356 Jonas,
2487 4300 2667 4359 utpote
2697 4292 2781 4344 cui
2813 4301 2934 4345 nota
2963 4303 3099 4346 esset
3131 4293 3221 4346 Dei
3254 4293 3658 4356 misericordia;

2073 4385 2164 4438 sed
2194 4383 2318 4454 quid
2346 4383 2506 4436 facit?
2535 4383 2586 4435 In
2635 4383 2806 4452 fugam
2838 4385 3167 4438 Convertitur
3196 4402 3209 4437 :
3241 4386 3316 4438 ait
3341 4387 3508 4449 enim,
3543 4384 3658 4453 Ego

2072 4475 2454 4544 przedicaturus
2496 4475 2652 4528 abibo
2682 4493 2693 4527 :
2720 4487 2773 4527 tu
2800 4491 2918 4528 cum
2969 4475 3270 4528 misericors
3299 4475 3373 4528 sis
3393 4517 3408 4540 ,
3437 4487 3660 4529 senten-

2072 4566 2194 4618 tiam
2223 4563 2481 4628 mutabis;
2525 4575 2578 4618 at
2605 4581 2702 4634 ego
2743 4573 3008 4635 tamquam
3044 4567 3210 4620 falsus
3237 4566 3498 4636 prepheta
3543 4575 3658 4620 tru-

2070 4653 2307 4709 cidahor.
2343 4655 2710 4709 Verumtamen
2741 4666 3018 4724 exceptum
3049 4655 3198 4709 illum
3223 4673 3372 4710 mare
3399 4672 3504 4710 non
3527 4659 3658 4710 abs-

2069 4749 2286 4812 condit,
2337 4747 2430 4800 sed
2472 4755 2629 4800 terra:
2673 4747 2822 4800 illum
2871 4747 3136 4812 reddidit,
3167 4755 3223 4801 et
3249 4748 3457 4801 salvum
3503 4749 3654 4802 illum

2017 4823 2254 4891 “Ninive
2303 4838 2728 4905 incolumemque
2767 4837 3030 4900 servatit,
3077 4847 3129 4890 et
3161 4846 3410 4907 tanquam
3451 4839 3654 4906 optima

2070 4943 2322 4981 conserva
2350 4943 2500 4979 suum
2517 4941 2830 4980 conservum
2847 4927 3152 4980 custodivit.
3191 4926 3458 4981 Descendit
3483 4927 3652 4989 enim,

2071 5019 2257 5086 inquit,
2303 5015 2464 5068 Jonas
2508 5025 2562 5068 ut
2609 5018 2819 5086 fugeret,
2845 5026 2890 5070 et
2915 5018 3100 5070 invenit
3141 5017 3308 5070 navim
3355 5029 3552 5071 euntem
3599 5019 3656 5072 in

2077 5103 2376 5170 Tharsis,et
2395 5103 2537 5156 dedit
2565 5105 2910 5172 naulumcjus
2931 5113 2980 5156 et
3003 5109 3238 5158 ascendit
3261 5109 3314 5159 in
3343 5125 3463 5160 eam
3491 5107 3658 5178 (Jan.

2076 5197 2125 5251 ι,
2155 5198 2208 5260 5)
2236 5199 2331 5267 (α),
2373 5195 2491 5262 Quo
2529 5195 2688 5266 fugis,
2723 5212 2754 5250 0
2777 5196 2952 5249 Jona?
2983 5213 3110 5249 num
3143 5199 3304 5249 aliain
3345 5201 3400 5250 in
3449 5213 3656 5254 terram

2136 5377 2152 5408 ί
2187 5381 2320 5441 nunc
2359 5371 2588 5441 locum_in
2611 5369 2750 5441 savii.
2791 5377 2856 5441 et
2879 5369 2987 5441 aliis
3031 5372 3202 5441 partim
3235 5369 3546 5441 diﬂferen'tem
3583 5372 3662 5422 sic

2069 5443 2204 5486 recte
2228 5435 2535 5494 interpretari
2581 5433 2769 5496 videtur
2784 5446 2806 5496 A:
2820 5432 2923 5496 _Sed
2961 5432 3097 5496 prius
3121 5445 3229 5496 qua:
3262 5435 3328 5480 ad
3371 5433 3524 5482 Etiam
3545 5445 3662 5496 spe:

2067 5504 2193 5546 ctam
2215 5491 2422 5605 οὸδυρὲιθι,
2447 5507 2505 5543 ne
2520 5495 2729 5544 mendax
2749 5491 2970 5544 videatur
2981 5491 3289 5557 Elim,'eique
3312 5497 3506 5544 accidat
3529 5491 3662 5558 quod

2065 5565 2201 5606 J0me
2222 5569 2324 5605 acc:
2365 5571 2380 5605 ι
2406 5589 2418 5602 .

2133 5637 2205 5702 (a)
2239 5643 2351 5702 Cum
2394 5637 2470 5686 his
2505 5634 2671 5702 confer
2703 5649 2764 5688 ea
2785 5650 2896 5700 quae
2917 5637 3142 5689 dicuntur
3165 5650 3310 5702 supra
3332 5637 3506 5689 Homil.
3533 5637 3554 5688 ι
3591 5638 3664 5690 de

2073 5699 2374 5764 Ptenitentia,
2391 5710 2523 5748 num.
2545 5699 2594 5747 3.
