4036 6206
427 353 524 410 291

433 493 534 549 quo
583 469 972 533 circumdatus,
1011 463 1367 518 Ecclesiarunt
1412 459 1687 516 columna,
1733 449 1998 506 terrestris

428 568 646 638 angelus
667 608 681 628 ,
709 565 866 616 homo
908 558 1150 613 caelestis.
1183 553 1386 607 Etenim
1419 550 1576 616 hujus
1621 545 1716 598 viri
1752 541 2006 598 nteutiuui

430 633 660 714 libenter
687 656 960 712 immorer,
995 648 1120 702 dum
1165 643 1374 698 virtutis
1409 641 1524 708 ejus
1563 633 2006 708 pulchritudinem

427 761 633 820 specto.
660 746 774 800 Non
807 746 874 798 ita
915 742 994 795 sol
1020 739 1268 794 exoriens
1309 745 1364 789 et
1411 731 1719 799 splendidos
1761 727 2010 780 etnitlens

429 841 608 897 radios
635 839 816 892 oculos
845 848 992 889 meos
1017 830 1296 888 exhilarat,
1327 835 1384 879 ut
1411 823 1558 878 Pauli
1589 823 1753 874 virtus
1779 825 2008 871 mentem

428 951 604 989 meatu
637 931 922 985 illuminat.
959 925 1088 979 Nam
1117 921 1200 975 sol
1227 918 1441 989 quidem
1472 916 1702 968 illustrat
1729 909 1934 970 oculos,
1959 915 2013 958 at

433 1025 628 1081 Paulus
667 1023 732 1076 ad
779 1021 924 1089 ipsos
957 1016 1188 1070 fornices
1223 1010 1478 1065 Ctl'lUl'llm
1531 1020 1628 1058 nos
1655 1001 1830 1058 evehit
1857 1019 1872 1052 :
1899 998 2014 1052 ani-

433 1131 570 1168 mam
590 1114 730 1168 enim
751 1108 1114 1164 sublimiorem
1131 1104 1266 1166 sole,
1291 1115 1352 1153 ac
1375 1101 1494 1152 luna
1525 1093 2010 1149 redditcelsioretu.

432 1205 575 1260 Talis
603 1203 798 1272 quippe
827 1198 1040 1252 virtutis
1067 1204 1148 1250 est
1173 1191 1430 1262 potentia,
1456 1197 1512 1240 ut
1539 1184 1806 1238 hominem
1839 1181 1890 1234 in
1921 1195 2016 1230 an-

433 1298 608 1368 gelum
637 1299 934 1353 convertat,
975 1287 1272 1353 efficiatque
1319 1291 1374 1335 ut
1422 1278 1598 1332 anima
1641 1275 1784 1330 velut
1833 1269 2019 1340 pennis

435 1388 655 1454 pratdita
696 1386 748 1438 iu
783 1382 970 1438 cadum
1001 1377 1182 1432 tendat
1215 1393 1228 1428 :
1273 1375 1408 1426 hanc
1439 1369 1686 1422 \irlutem
1736 1377 1834 1417 nos
1865 1361 2022 1414 docet

439 1479 635 1534 Paulus
678 1494 692 1530 :
735 1473 892 1541 hujus
929 1468 1140 1522 virtutis
1193 1465 1488 1518 imitatores
1529 1457 1640 1510 fieri
1691 1452 2020 1508 Studeamus.

441 1570 546 1624 Sed
585 1583 690 1622 non
719 1572 930 1634 oportet
959 1576 1054 1613 nos
1081 1575 1111 1612 a
1141 1555 1414 1626 proposito
1443 1547 1647 1618 digredi
1677 1549 2012 1613 argumento.

437 1663 536 1716 llic
561 1661 702 1714 cuitu
721 1669 914 1726 scopas
941 1649 1196 1706 orationis
1219 1657 1414 1700 nostrze
1441 1643 1560 1703 fuit,
1587 1649 1644 1693 ut
1665 1637 1874 1690 tertiam
1903 1647 2022 1701 po:-

437 1791 1732 1831 ___________________.__.._—

1127 348 1180 404 S.
1217 341 1494 402 JOANNIS
1531 333 1999 396 CHRYSOSTOMI
2036 331 2353 388 ARCHIEP.
2393 329 2926 387 CONSTANTINOP.

3585 331 3692 382 192

2111 447 2344 502 nitenti-e
2389 451 2526 501 viam
2565 463 2682 501 esse
2727 448 3074 500 humilitatem
3118 446 3548 512 ostenderemus,
3597 465 3696 517 pu-

2115 541 2378 596 blicanum
2403 557 2508 593 non
2537 541 2768 607 seipsum
2798 539 2932 592 ultra
2961 537 3178 592 modum
3217 539 3572 606 dcpressisse,
3601 541 3694 593 sed

2113 636 2391 689 veritatem
2415 647 2534 687 esse
2553 632 2876 695 confessum,
2895 647 3016 685 cum
3043 649 3134 686 sua
3165 643 3380 701 peccata
3397 632 3698 700 detegeret,

2116 743 2178 783 ac
2197 730 2396 797 justum
2419 741 2540 780 esse
2554 726 2769 788 factum,
2801 741 2902 778 non
2922 739 3042 777 cum
3063 725 3314 792 pecunias
3342 733 3699 786 numerasset,

2119 838 2222 876 non
2267 837 2387 876 cum
2431 821 2598 873 maria
2631 833 2880 872 emensus
2915 829 3079 883 esset,
3109 834 3279 885 neque
3307 833 3428 872 cum
3477 819 3702 870 multum

2121 913 2222 969 iter
2247 913 2470 981 pedibus
2493 911 2830 973 confecisset,
2857 927 3026 980 neque
3051 927 3171 965 cum
3201 911 3463 964 immensa
3485 927 3704 978 inquom

2121 1015 2474 1078 peragrasset,
2503 1020 2677 1072 neque
2705 1019 2825 1057 cum
2848 1004 3049 1056 amicos
3073 1012 3342 1071 rogasset,
3375 1017 3554 1070 neque
3581 1016 3708 1054 cum

2120 1099 2342 1152 multum
2392 1097 2646 1164 temporis
2687 1093 3055 1163 impendisset,
3101 1093 3192 1147 sed
3225 1093 3539 1146 humilitatis
3581 1107 3710 1145 eum

2123 1207 2284 1261 Opera
2319 1190 2418 1245 sibi
2443 1189 2701 1258 justitiam
2751 1201 3108 1256 comparasse.
3159 1201 3220 1239 ac
3264 1201 3425 1254 regno
3449 1186 3711 1239 catini-um

2124 1298 2244 1337 esse
2273 1283 2570 1335 donatum:
2617 1279 2768 1348 cujus
2805 1293 2904 1332 nos
2949 1293 3136 1331 omnes
3182 1278 3382 1330 utinam
3429 1285 3716 1344 compotes

2129 1377 2242 1430 fieri
2273 1375 2564 1442 contingat,
2607 1373 2778 1441 gratia
2804 1378 2859 1424 et
2887 1367 3251 1423 misericordia
3291 1367 3501 1420 Domini
3543 1366 3716 1419 nostri

2129 1467 2255 1524 Jesu
2285 1464 2501 1529 Christi,
2525 1463 2606 1518 cui
2640 1463 2808 1532 gratia
2833 1469 2888 1516 et
2917 1460 3199 1530 imperium
3243 1459 3294 1512 in
3324 1459 3518 1512 seecula
3543 1473 3718 1512 5:130“-

2129 1560 2320 1612 lorum.
2351 1560 2537 1610 Amen.

1738 1771 3192 1803 ___________________—————————

1583 1869 2124 1962 EJUSDEM
2165 1863 2606 1948 ORATIO

1293 2087 1375 2130 nr.
1419 2077 1858 2127 ELEEMOSYNA,
1905 2071 1985 2114 ET
2027 2069 2092 2111 IN
2133 2066 2348 2110 necent
2393 2062 2686 2108 vmemes
2734 2043 2838 2121 (α).

1765 2189 2396 2250 *θα-ψεῦσ-

1073 2384 1286 2425 HOHILIA
1325 2379 1402 2418 ιιι.

525 2479 576 2530 l.
609 2473 688 2526 De
717 2468 922 2524 humilia
961 2459 1264 2532 prwcedeuli
1301 2456 1541 2526 loquitur.
1585 2477 1655 2488 -—
1697 2449 1778 2500 An
1815 2441 2032 2496 novistis

451 2567 592 2622 unde
615 2563 765 2616 nobis
790 2573 956 2628 nuper
983 2551 1456 2614 scrmoinceperat
1475 2581 1493 2606 ,
1525 2549 1616 2592 aut
1639 2551 1744 2604 quo
1767 2533 2032 2592 desierat,

451 2666 542 2710 aut
575 2668 641 2707 ex
672 2665 777 2719 quo
805 2651 1147 2714 argumento,
1181 2639 1231 2690 in
1262 2633 1403 2702 quod
1431 2631 1698 2684 desierant
1723 2623 1912 2694 prioris
1939 2621 2036 2674 ho-

454 2745 615 2801 milia:
641 2737 840 2794 verba?
868 2712 974 2789 Sed
1019 2745 1111 2785 vos
1141 2727 1336 2780 oblitos
1381 2720 1628 2776 existimo
1653 2757 1667 2778 ,
1714 2729 1820 2784 quo
1849 2712 1967 2765 loco
2008 2723 2037 2762 a

458 2834 612 2893 nobis
633 2831 722 2886 ille
749 2841 925 2882 sermo
957 2823 1134 2877 finitus
1165 2818 1261 2882 sit;
1293 2830 1391 2886 ego
1418 2827 1548 2867 vero
1577 2809 1718 2872 novi,
1745 2821 1918 2874 neque
1947 2818 2041 2858 vos

457 2940 651 2983 accuso
679 2932 770 2976 aut
797 2917 1076 2986 redarguo.
1108 2911 1340 2978 Quisque
1366 2903 1508 2960 enim
1551 2910 1782 2956 vestrum
1823 2909 2042 2948 uxorem

460 3018 666 3074 habens
721 3009 955 3081 parvulis
1002 3001 1215 3064 studet,
1266 3008 1320 3054 et
1369 3011 1487 3067 qua:
1533 2991 1677 3046 domi
1729 2996 1854 3042 sunt
1899 2993 2048 3040 curat

463 3109 640 3164 omnia
668 3123 681 3159 :
711 3101 802 3156 alii
829 3099 1066 3153 militiam
1095 3101 1366 3148 sectantur
1388 3129 1402 3154 ,
1427 3086 1514 3139 alii
1543 3083 1772 3138 artilices
1801 3087 1925 3133 sunt
1943 3119 1958 3144 ,
1985 3091 2050 3130 ac

463 3210 701 3254 vestrum
733 3195 954 3265 quisque
984 3185 1207 3243 diversis
1234 3181 1447 3236 insudat
1485 3177 1756 3248 operibus.
1788 3173 1894 3227 Nos
1923 3185 2051 3224 vero

467 3295 522 3349 in
560 3289 644 3346 his
675 3299 979 3347 versamur,
1011 3279 1064 3332 in
1107 3277 1187 3330 his
1216 3273 1509 3342 cogitamus
1529 3311 1544 3332 ,
1567 3277 1724 3336 atque
1749 3265 1804 3319 in
1845 3263 1926 3314 bis
1953 3276 2052 3313 no-

468 3391 638 3438 strum
691 3375 909 3431 terimus
945 3381 1172 3438 tempus.
1203 3363 1382 3432 Itaque
1425 3374 1484 3413 ea
1531 3359 1580 3412 in
1627 3373 1684 3410 re
1725 3352 1863 3407 haud
1899 3365 2055 3404 accu-

471 3473 623 3530 sandi
657 3471 820 3534 estis,
848 3463 1015 3534 magis
1059 3475 1152 3531 pro
1199 3455 1375 3513 studio
1415 3449 1698 3514 laudandi,
1745 3443 1884 3515 quod
1915 3442 2056 3496 nulla

474 3582 574 3622 nos
599 3561 905 3631 relinquatis
938 3553 1206 3611 Dominica
1245 3549 1364 3614 die,
1394 3545 1486 3601 sed
1517 3541 1762 3597 omnibus
1801 3535 2059 3607 neglectis

477 3659 544 3713 ad
559 3654 836 3713 ecclesiam
865 3648 1109 3705 veniatis.
1129 3645 1178 3698 ls
1205 3643 1344 3698 enim
1377 3638 1588 3693 laudum
1610 3644 1692 3690 est
1717 3631 1961 3688 cumulus
1985 3627 2062 3682 ci-

477 3748 626 3805 vitati
651 3754 847 3801 nostra:
865 3785 882 3809 ,
913 3757 1018 3796 non
1047 3735 1326 3792 tumultum
1355 3741 1407 3787 et
1436 3727 1712 3792 suburbia,
1747 3740 1850 3778 non
1875 3722 2063 3776 domos

479 3841 748 3900 deauratis
788 3835 1047 3896 trabibus,
1075 3839 1130 3886 et
1161 3827 1406 3889 triclinia,
1437 3821 1530 3876 sed
1559 3820 1864 3888 diligentem
1901 3826 2064 3882 popu-

479 3936 589 3990 lum
636 3929 832 3984 habere
871 3934 1026 3994 atque
1053 3921 1357 3975 excitatum.
1381 3913 1563 3982 Neque
1603 3909 1744 3964 enim
1772 3921 1836 3960 ex
1867 3900 2068 3957 frondi-

483 4023 639 4080 dibus
665 4031 977 4091 generosam
1006 4013 1285 4073 arborem,
1317 4005 1408 4060 sed
1435 4019 1500 4058 ex
1541 3999 1796 4055 fructibus
1826 3990 2068 4066 agnosci-

485 4131 623 4174 mus.
651 4113 852 4168 ldcirco
895 4107 1038 4163 enim
1081 4102 1243 4158 mutis
1273 4095 1586 4151 animalibus
1619 4091 1820 4161 prmlati
1849 4097 2031 4140 sumus
2051 4122 2066 4146 ,

485 4209 626 4278 quod
655 4217 956 4262 sermonem
985 4197 1296 4257 habeamus,
1325 4201 1570 4244 sermone
1597 4192 1780 4236 mutuo
1811 4179 2074 4245 colloqua-

485 4313 626 4361 mur,
659 4306 961 4350 sermonem
990 4298 1248 4342 amemus.
1285 4281 1453 4334 Homo
1483 4276 1625 4331 enim
1651 4273 1740 4342 qui
1767 4287 1795 4324 a
1828 4281 2074 4324 sermone

488 4387 771 4447 abhorret,
809 4379 1063 4451 jumentis
1113 4385 1194 4430 est
1243 4373 1417 4426 minus
1461 4364 1760 4427 rationalis,
1794 4377 1898 4415 non
1947 4359 2075 4412 satis

491 4479 665 4534 sciens
691 4477 841 4538 cuius
869 4471 1035 4541 gratia
1082 4467 1407 4523 honoratur,
1438 4467 1596 4528 atque
1639 4453 1778 4508 unde
1818 4452 2074 4505 honorem

489 4567 714 4636 accepit.
744 4565 920 4631 Quare
951 4561 1086 4615 bene
1113 4553 1392 4627 propheta,
1421 4549 1590 4605 Homo
1609 4591 1624 4612 ,
1656 4545 1824 4616 inquit
1843 4585 1858 4610 ,
1888 4559 1998 4595 cum
2025 4541 2078 4594 in

492 4633 680 4715 honore
717 4665 876 4721 esset,
906 4669 1006 4706 non
1047 4645 1330 4710 intellexit,
1364 4649 1683 4712 comparatus
1727 4645 1798 4691 est
1832 4633 2078 4706 jumeutt's

492 4748 873 4822 insipientibus,
903 4753 948 4797 et
973 4741 1151 4796 similis
1181 4740 1344 4808 [actus
1370 4743 1441 4788 est
1483 4733 1586 4786 illis
1612 4728 1631 4802 (
1649 4727 1793 4782 Psal.
1823 4725 1912 4781 48.
1941 4725 2005 4783 l5
2031 4723 2073 4794 ).

496 4845 599 4905 Eu.
629 4843 812 4904 homo,
843 4837 926 4892 cui
957 4833 1227 4906 proprium
1255 4827 1420 4898 loqui,
1445 4838 1746 4880 sermonem
1776 4835 1882 4874 non
1909 4831 2078 4879 amas,

494 4945 544 4992 et
575 4948 803 5006 quanam
835 4925 1158 4998 indulgentia
1199 4917 1544 4991 dignaberis?
1573 4915 1752 4980 Itaque
1795 4909 1926 4966 mihi
1972 4923 2080 4977 prie

497 5025 744 5082 omnibus
775 5019 943 5090 magis
987 5013 1274 5072 necessarii
1309 5012 1438 5066 estis
1484 5017 1742 5078 quotquot
1781 5003 1846 5056 ad
1875 4999 2082 5052 virtutis

498 5130 801 5172 sermonem
827 5109 1188 5170 advolavistis,
1217 5115 1270 5160 et
1297 5101 1474 5156 omnia
1505 5097 1684 5152 divino
1707 5097 1873 5148 verbo
1899 5099 2080 5164 poste-

501 5211 642 5264 riora
672 5206 920 5262 duxistis.
963 5203 1074 5271 Age
1102 5213 1228 5268 ergo
1279 5211 1376 5250 nos
1411 5205 1622 5262 quoque
1666 5204 1776 5242 rem
1807 5183 2084 5254 aggredia-

503 5316 622 5354 mur
640 5340 656 5364 ,
684 5309 842 5367 atque
869 5297 932 5349 iis
951 5337 968 5361 ,
997 5308 1114 5364 quae
1143 5303 1313 5359 nuper
1338 5285 1567 5340 diximus
1590 5321 1605 5346 ,
1637 5276 1910 5348 sequentia
1953 5288 2085 5328 con-

504 5400 798 5466 nectamus.
830 5389 1008 5445 Debeo
1033 5386 1175 5442 enim
1201 5381 1351 5438 vobis
1371 5420 1387 5446 ,
1421 5388 1581 5448 atque
1620 5374 1737 5444 ipse
1783 5371 1908 5426 lano
1935 5366 2088 5422 vobis

569 5524 644 5585 (α)
673 5519 850 5572 conata
877 5525 1122 5585 amass-
1541 5503 1874 5585 et,
1893 5497 2088 5585 3952955

505 5566 858 5646 sedatio-uiue
875 5566 1142 5646 i'tandillfert
1157 5566 1468 5646 ab'éditione
1481 5566 1680 5646 aiorelli,
1700 5575 1754 5616 ut
1775 5566 1868 5615 alia
1891 5571 2089 5646 plpl-sp:

505 5631 676 5700 isi-iis
708 5631 944 5694 videatur.
981 5639 1175 5690 Multum
1211 5639 1333 5688 item
1369 5631 1740 5700 variatfavilius
1763 5635 1913 5700 :Iquat
1935 5632 2094 5700 magis

510 5683 1564 5764 ﬁliani-5satiassatias;saga.
1589 5694 1660 5764 sic
1687 5683 1880 5741 man.
1904 5683 2084 5735 εσθαι

515 5757 871 5835 ὖῖῥᾶῖᾶιεηιέα
890 5772 934 5817 et
950 5763 1010 5816 de
1025 5761 1322 5824 eleemosyna
1345 5757 1537 5808 nonulla
1553 5757 1711 5806 sexta.

341 6077 568 6147 ,Δ

2135 2345 2316 2398 animo
2341 2342 2577 2397 debitum
2621 2339 2864 2409 persolvo
2893 2357 2905 2389 :
2941 2353 3043 2392 non
3075 2338 3214 2391 enim
3248 2336 3298 2389 id
3335 2337 3462 2390 tnibi
3495 2337 3732 2406 inopiam

2139 2435 2312 2496 affert,
2342 2431 2438 2487 sed
2463 2431 2674 2486 divitias
2709 2430 2926 2497 colligit.
2955 2429 3006 2482 ln
3039 2427 3270 2482 externis
3297 2428 3526 2496 negotiis
3553 2443 3582 2479 a
3609 2443 3734 2479 cre-

2138 2525 2398 2580 ditoribus
2425 2523 2693 2578 debitores
2721 2523 2926 2592 fugiunt
2949 2563 2963 2586 ,
2988 2537 3092 2589 quo
3131 2519 3304 2572 minus
3335 2519 3597 2582 reddant;
3629 2537 3735 2589 ego

2141 2633 2268 2671 vero
2321 2630 2631 2684 persequor,
2663 2625 2720 2668 ut
2759 2615 2976 2667 reddam
3001 2630 3014 2665 :
3045 2621 3099 2666 et
3121 2613 3312 2666 merito
3339 2612 3573 2681 quidem.
3599 2613 3736 2666 Nam

2141 2707 2338 2762 exteris
2367 2707 2418 2760 in
2447 2706 2608 2760 rebus
2651 2705 2916 2760 restitutio
2963 2705 3191 2772 inopiam
3225 2705 3399 2772 parit;
3447 2704 3558 2773 ipsa
3603 2719 3738 2757 vero

2145 2800 2408 2856 sermonis
2431 2799 2754 2868 dispensatio
2783 2799 2946 2867 gignit
2987 2797 3214 2850 divitias.
3250 2797 3484 2865 Exempli
3524 2811 3690 2849 causa
3723 2815 3738 2851 :

2147 2892 2316 2946 debeo
2336 2891 2544 2946 cuidam
2565 2892 2840 2958 pecuniam
2867 2907 2882 2942 :
2905 2889 2948 2942 si
2971 2889 3296 2956 pet-solvero,
3321 2887 3500 2955 nequit
3517 2897 3572 2940 et
3595 2885 3742 2955 apud

2151 2982 2298 3036 illttm
2325 2996 2442 3036 esse
2470 2991 2628 3050 atque
2661 2980 2819 3033 etiam
2844 2978 2983 3048 apud
3011 2994 3124 3042 me,
3157 2977 3250 3030 sed
3280 2991 3307 3028 a
3333 2993 3418 3030 me
3447 2977 3742 3042 deﬁcit-ns,

2152 3071 2226 3126 illi
2255 3071 2516 3134 adbzesit;
2550 3083 2848 3122 sermonem
2877 3082 3005 3120 vero
3030 3067 3072 3120 si
3095 3067 3418 3135 persolvero,
3447 3075 3501 3119 ct
3527 3081 3744 3120 mecum

2153 3173 2419 3231 est,atque
2439 3176 2532 3216 vos
2557 3175 2744 3214 onmes
2773 3160 3014 3213 habetis:
3039 3155 3082 3212 si
3121 3173 3420 3215 sermonem
3449 3159 3744 3222 retinuere,

2157 3266 2328 3320 neque
2373 3251 2870 3311 communicavero,
2907 3257 3030 3301 tunc
3069 3247 3224 3316 inops
3271 3261 3424 3300 sunt:
3459 3248 3502 3300 si
3533 3249 3744 3316 persol-

2157 3357 2306 3408 vero,
2337 3349 2460 3395 tunc
2487 3341 2648 3394 ditior
2677 3339 2832 3404 liam;
2861 3339 2904 3392 si
2942 3353 3044 3392 non
3077 3338 3382 3407 persolvere
3408 3351 3742 3400 sermonem,

2159 3435 2304 3488 solus
2335 3435 2448 3501 ipse
2475 3431 2678 3486 ditesco
2707 3448 2721 3484 :
2754 3431 2798 3484 si
2831 3429 3136 3499 persolvero
3157 3471 3172 3494 ,
3203 3444 3323 3483 cum
3367 3430 3616 3482 omnibus
3643 3442 3748 3482 vo-

2162 3525 2242 3579 bis
2269 3523 2496 3578 fructutn
2529 3521 2724 3576 refero.

2235 3615 2416 3668 Multa:
2443 3617 2536 3668 via:
2563 3613 2880 3682 poenitentiae.
2913 3611 3162 3680 Exempla
3189 3621 3630 3681 praponuntur.-
3651 3609 3754 3664 Eia

2163 3723 2290 3776 ergo
2315 3705 2549 3761 debitum
2589 3704 2894 3758 reddamus.
2919 3702 3180 3769 Quidnam
3223 3701 3274 3754 id
3311 3711 3394 3756 est
3417 3703 3442 3754 ζ’
3472 3702 3543 3754 De
3572 3702 3752 3770 pani-

2169 3797 2330 3852 teutia
2375 3809 2674 3850 sermonem
2706 3793 3028 3848 instituimus
3069 3807 3236 3861 nuper
3262 3805 3324 3846 ac
3351 3789 3580 3844 dixinius
3607 3792 3754 3860 quod

2169 3888 2346 3942 multa:
2377 3887 2641 3954 vari:eque
2676 3893 2798 3938 sunt
2825 3883 3151 3951 paenitentia:
3184 3881 3314 3945 vite,
3351 3882 3541 3950 quibus
3585 3881 3760 3934 facilis

2171 3980 2325 4036 nobis
2367 3978 2512 4032 salus
2550 3978 2659 4029 fiat.
2694 3975 2824 4028 Nam
2865 3975 2909 4026 si
2949 3989 3108 4027 unam
3151 3972 3304 4026 nobis
3329 3971 3562 4025 dedisset
3613 3972 3758 4027 Dens

2171 4071 2310 4125 viam
2336 4067 2676 4138 pceuitentize,
2705 4065 3084 4134 repulissemus
3103 4077 3220 4118 eam
3245 4063 3446 4132 utique,
3473 4061 3715 4115 dicentes
3742 4079 3758 4114 :

2173 4162 2462 4232 Nequimus
2522 4159 2658 4213 hanc
2708 4156 2948 4226 ingredi,
3009 4156 3201 4210 salvari
3255 4155 3552 4224 nequimus.
3609 4153 3764 4208 Nunc

2175 4257 2344 4325 ipsam
2389 4252 2525 4305 hanc
2567 4259 2708 4302 tuam
2737 4258 3014 4318 amputans
3043 4247 3428 4316 objectionem,
3463 4259 3568 4298 non
3599 4261 3763 4298 uuam

2178 4349 2268 4402 tibi
2293 4388 2310 4414 ,
2339 4360 2510 4416 neque
2537 4344 2825 4399 secundam
2851 4384 2864 4406 ,
2897 4357 3068 4412 neque
3098 4342 3304 4412 tertiam
3325 4381 3340 4404 ,
3365 4339 3458 4394 sed
3489 4338 3668 4407 plures
3701 4351 3770 4390 ac

2177 4439 2418 4494 diversas
2447 4435 2629 4495 dedit,
2659 4450 2766 4503 quo
2793 4431 3127 4486 multitudine
3153 4431 3244 4484 tibi
3273 4430 3338 4483 ad
3364 4430 3552 4484 etclam
3591 4427 3768 4480 facilis

2179 4543 2434 4586 ascensus
2461 4529 2568 4580 fiat.
2601 4527 2666 4580 Et
2692 4523 3000 4580 dicebamus
3025 4522 3226 4576 facilem
3253 4519 3640 4590 paenitentiam,
3669 4533 3770 4572 ne-

2179 4639 2284 4694 que
2325 4636 2461 4677 onus
2505 4621 2556 4674 in
2587 4635 2650 4674 ea
2675 4633 2816 4673 esse.
2847 4615 3102 4671 Peccator
3125 4627 3184 4668 es
3209 4615 3232 4664 'l
3269 4612 3548 4666 ecclesiam
3589 4611 3770 4678 ingre-

2180 4715 2310 4770 dere
2336 4729 2350 4766 :
2378 4711 2480 4776 dic,
2511 4709 2752 4774 Peccavi,
2776 4715 2830 4762 et
2853 4705 3059 4762 solvisti
3085 4713 3380 4773 peccatum.
3407 4699 3772 4754 Produximus

2181 4806 2324 4862 enim
2353 4809 2660 4873 peccantem
2689 4798 2879 4864 David,
2913 4804 2970 4852 et
2987 4795 3277 4851 solventem
3309 4800 3607 4862 peccatum.
3633 4789 3774 4843 Hinc

2183 4896 2472 4952 secundam
2503 4891 2824 4962 subjecimus
2851 4889 3011 4953 viam,
3037 4899 3196 4955 super
3225 4893 3499 4954 peccatum
3529 4881 3688 4944 flere,
3719 4888 3776 4932 et

2183 4989 2419 5043 diximus
2443 5003 2455 5040 :
2483 4985 2738 5052 Quisnam
2767 4982 2853 5036 hic
2881 4980 3068 5036 labor?
3097 4994 3200 5033 non
3227 4976 3506 5047 pecuniam
3535 4987 3672 5043 opus
3694 4970 3776 5026 ef-

2185 5079 2423 5144 fundere,
2452 5091 2558 5132 non
2589 5076 2771 5144 longas
2799 5073 2876 5128 ire
2899 5072 3032 5136 vias,
3063 5083 3235 5139 neque
3263 5067 3404 5122 aliud
3429 5066 3553 5135 quid
3577 5079 3772 5134 agere,

2185 5173 2278 5226 sed
2309 5179 2581 5239 peccatum
2625 5167 2756 5221 ﬂere
2793 5165 3092 5220 dumtaxat.
3129 5162 3239 5216 Hoc
3268 5161 3334 5214 de
3371 5159 3644 5228 Scriptura
3690 5157 3778 5209 in-

2185 5261 2456 5326 duximus,
2473 5259 2615 5330 quod
2645 5259 2698 5313 in
2726 5257 2942 5312 Achaab
2973 5255 3116 5309 Deus
3141 5251 3424 5306 consilium
3451 5249 3687 5310 mutarit,
3709 5261 3776 5300 eo

2187 5355 2326 5425 quod
2353 5353 2594 5415 ﬂeverit,
2627 5349 2771 5420 quod
2813 5357 3035 5404 moestus
3081 5345 3274 5404 fuerit;
3303 5353 3462 5410 atque
3509 5339 3612 5392 hoc
3665 5337 3780 5404 ipse

2187 5445 2400 5502 dicebat
2419 5443 2548 5500 Elite
2567 5440 2776 5494 :Vt'disti
2791 5448 2844 5492 ut
2859 5436 3111 5491 incesserit
3129 5431 3328 5488 Aeliano
3347 5447 3516 5486 coram
3530 5445 3610 5482 me
3627 5428 3780 5496 ﬂans,

2191 5549 2237 5592 et
2259 5535 2621 5591 contristati“?
2651 5534 2774 5588 Non
2825 5530 3012 5598 faciam
3039 5527 3312 5582 secundum
3356 5526 3490 5578 iram
3535 5535 3698 5575 nteant
3737 5518 3780 5583 ‘,

2261 5739 2278 5775 ³
2311 5745 2360 5788 tn
2381 5733 2542 5794 savil.,
2567 5730 2827 5784 secundum
2853 5729 2976 5780 iram
2993 5737 3149 5778 meam
3167 5735 3309 5788 quam
3333 5719 3462 5772 dixi.
