4036 6206
260 278 371 332 99⁵5

275 375 365 444 (3.
428 369 628 442 Regum
693 369 784 424 2|.

267 460 446 512 tentire
475 456 686 524 viam’,
736 473 799 512 ac
825 456 891 512 de
936 456 1206 522 Scriptura
1244 454 1567 508 Phariszeum
1597 453 1842 508 duximus

265 552 321 605 in
350 549 579 605 medium
601 590 616 612 ,
664 549 819 603 simul
849 556 903 603 et
939 547 1279 616 publicanum
1319 561 1334 599 :
1363 545 1503 614 quod
1535 545 1834 600 Pharisaaus

267 640 482 709 quidem
510 639 736 708 superbe
765 639 934 692 elatus
957 677 972 700 ,
995 652 1022 689 a
1049 636 1251 705 justitia
1274 634 1532 690 exciderit
1558 654 1574 700 ;
1605 634 1842 704 publica-

271 747 374 784 nus
399 745 526 784 vero
563 729 834 782 humiliter
865 728 1128 791 sentiens,
1159 728 1382 781 fructum
1419 725 1637 795 justitite
1666 741 1842 780 susce-

269 821 431 889 perit,
483 835 655 888 neque
703 819 808 872 ullo
852 828 1100 887 suscepto
1160 817 1342 872 labore
1379 817 1696 886 justilicatus
1731 818 1842 872 sit:

269 914 434 967 verba
459 912 604 966 dedit
634 952 650 976 ,
680 925 766 965 res
809 911 1036 979 accepit.
1070 910 1180 978 Age
1225 923 1351 978 ergo
1378 918 1610 975 coeptum
1652 923 1844 976 sequa-

271 1019 414 1063 ltlttl',
445 1010 499 1056 et
543 1009 780 1071 quartam
829 999 1161 1069 proferamus
1201 1000 1526 1069 paenitentiae.
1582 1000 1746 1053 viam.
1780 998 1848 1053 Et

270 1110 520 1165 quamam
547 1109 609 1147 ea
638 1103 718 1147 est
744 1093 768 1146 ?
799 1093 1148 1163 Eleemosyua
1176 1133 1191 1158 ,
1225 1091 1408 1160 regina
1431 1091 1710 1156 virtutum,
1728 1105 1846 1159 qua:

271 1187 520 1240 homines
547 1185 822 1239 celerrime
858 1183 1092 1251 ipsorum
1126 1182 1177 1236 in
1221 1182 1473 1235 ett-lorum
1516 1195 1643 1235 axes
1678 1180 1846 1234 addu-

271 1278 351 1330 cit
375 1279 398 1310 ¹
440 1274 677 1328 advocati
730 1274 913 1342 optimi
960 1273 1076 1328 loco
1104 1273 1344 1342 fungens.
1374 1270 1557 1339 Magna
1593 1287 1680 1326 res
1705 1272 1848 1326 elec-

273 1381 501 1438 tnosyna
531 1383 546 1432 ;
570 1375 845 1434 propterea
866 1364 1127 1420 clamabat
1155 1375 1209 1419 et
1235 1364 1527 1419 Salomon:
1553 1363 1745 1435 Magna
1769 1382 1849 1419 res

271 1457 451 1520 homo,
479 1465 526 1510 et
552 1457 768 1526 pretiosa
789 1455 863 1508 vir
891 1455 1172 1508 misericors
1204 1453 1399 1527 (Prov.
1415 1455 1506 1508 20.
1538 1455 1622 1524 6).
1649 1455 1848 1524 Magum

273 1555 408 1600 sunt
431 1545 526 1598 alat
543 1545 896 1615 eleemosyna:
917 1560 930 1598 :
954 1544 1192 1614 przecidit
1209 1560 1410 1610 aerem,
1441 1546 1629 1600 transit
1649 1545 1846 1612 lunam,

273 1635 412 1688 solis
440 1634 614 1689 radios
646 1634 876 1699 excedit,
895 1633 962 1688 ad
987 1634 1157 1702 ipsum
1184 1634 1328 1688 venit
1347 1634 1597 1689 caelorum
1616 1636 1849 1691 culmen.

274 1726 388 1781 Sed
419 1741 515 1780 nec
540 1725 649 1779 illic
677 1725 918 1779 subsistit
946 1766 962 1790 ,
995 1725 1143 1794 ipsos
1181 1727 1542 1795 pertransiens
1575 1728 1737 1782 oculos
1756 1767 1771 1790 ,
1798 1737 1852 1782 et

271 1813 588 1884 angelorum
615 1823 816 1867 turmas
831 1813 1142 1880 decurrens,
1167 1814 1707 1885 archangelorumque
1725 1816 1854 1871 cho-

273 1920 394 1970 ros,
421 1913 475 1958 et
502 1918 689 1957 omnes
717 1903 1020 1972 superiores
1046 1912 1359 1972 potestates,
1393 1904 1493 1972 ipsi
1536 1905 1740 1960 assistit
1762 1921 1852 1961 re-

273 1995 386 2064 gali
410 1993 603 2048 throno
632 2011 646 2048 :
672 1993 816 2063 quod
842 2008 908 2048 ex
933 1993 1046 2063 ipsa
1091 1994 1238 2048 disce
1267 1993 1537 2064 Scriptura
1565 2011 1580 2049 :
1608 1993 1807 2049 Corneli
1834 2037 1849 2059 ,

274 2088 640 2157 eleemosynat,
689 2085 890 2156 inquit,
935 2095 982 2140 et
1030 2085 1278 2140 orationes
1307 2095 1408 2140 tua:
1447 2087 1775 2141 ascenderunt
1802 2088 1854 2141 in

271 2185 548 2247 conspectu
567 2174 665 2228 Dei
677 2175 904 2247 (Act.lO.
918 2175 994 2244 4).
1007 2175 1137 2230 Illud
1151 2185 1349 2240 autem,
1371 2174 1437 2229 In
1454 2187 1720 2245 conspectu
1738 2176 1852 2243 Dei,

273 2275 385 2332 est,
407 2265 619 2321 tametsi
670 2266 834 2319 multa
865 2264 1116 2320 habueris
1164 2274 1403 2334 peccata,
1455 2266 1501 2320 si
1547 2266 1853 2320 advocatrix

272 2357 624 2427 eleemosyna
657 2357 747 2421 sit,
786 2370 855 2410 ne
896 2355 1104 2409 timeas.
1155 2355 1304 2409 Nulla
1334 2357 1476 2410 enim
1510 2370 1580 2410 ex
1611 2359 1855 2425 supernis

271 2446 633 2515 potestatibus
683 2445 807 2499 huic
853 2445 1052 2500 resistit
1079 2461 1093 2498 :
1120 2445 1353 2500 debitum
1386 2447 1651 2515 reposcit,
1682 2447 1858 2502 chiro-

271 2535 539 2604 graphum
560 2549 714 2589 suum
741 2535 986 2589 manibus
1011 2543 1245 2603 gestans.
1276 2535 1452 2603 Ipsius
1478 2536 1619 2590 enim
1649 2535 1852 2589 Domini

273 2641 363 2682 est
391 2644 495 2683 vox
513 2637 562 2682 ³τ
596 2629 658 2684 Si
683 2629 796 2697 quis
826 2628 1000 2698 fecerit
1017 2629 1102 2680 uni
1131 2643 1195 2680 ea:
1219 2628 1436 2681 minimis
1466 2628 1564 2694 his,
1588 2628 1708 2680 mihi
1737 2629 1857 2700 fecit

273 2719 494 2788 (Matth.
517 2719 734 2787 25.40).
766 2717 838 2772 Ita
870 2733 1002 2788 ergo
1029 2727 1286 2788 quotquot
1321 2719 1422 2771 alia
1452 2717 1700 2774 habueris
1727 2733 1856 2788 pec-

271 2820 423 2874 cata,
448 2810 780 2880 eleemosyna
807 2819 893 2863 tua
918 2809 1167 2863 omnibus
1186 2819 1268 2863 est
1295 2811 1525 2878 gravior.

349 2900 406 2952 2.
443 2900 619 2952 Oleum
645 2909 716 2952 est
735 2901 1050 2968 eleemosyna
1078 2914 1192 2967 quae
1216 2900 1432 2970 quinque
1456 2900 1734 2969 virginibus
1763 2902 1848 2972 {a-

271 2993 384 3044 tuis
403 2990 682 3058 deficiebat.
703 3020 769 3029 —
788 2991 975 3044 Annon
991 2989 1294 3044 intellexisti
1316 2991 1366 3042 in
1381 2992 1655 3061 evangelio
1669 2992 1854 3047 decem

281 3081 552 3152 virginum
574 3081 901 3152 parabolam,
922 3081 1062 3150 quod
1095 3081 1484 3151 eleemosyuam
1517 3098 1621 3136 non
1653 3082 1855 3137 haben-

272 3185 385 3236 tes,
417 3175 774 3244 virginitatem
798 3175 914 3228 licet
942 3183 1236 3238 servarent,
1267 3183 1415 3228 extra
1445 3174 1734 3228 thalamum
1758 3191 1856 3229 nu-

273 3267 502 3337 ptialem
525 3265 871 3321 manserunt?
899 3265 1059 3319 Erant
1084 3266 1245 3328 enim,
1280 3265 1470 3333 inquit,
1499 3265 1668 3318 decem
1696 3266 1854 3336 virgi-

273 3361 626 3429 nes,quinque
651 3361 808 3430 fatua!
834 3366 883 3411 et
932 3357 1148 3427 quinque
1189 3357 1455 3426 prudentes
1484 3355 1504 3429 (
1534 3356 1667 3410 Ibid.
1714 3376 1764 3413 υ.
1797 3358 1852 3413 2.

271 3449 316 3504 3
345 3449 365 3519 )
399 3468 411 3502 :
435 3448 721 3517 prudentes
759 3446 970 3516 quidem
994 3447 1168 3500 oleum
1196 3447 1493 3509 habebant,
1523 3447 1701 3501 stultte
1725 3463 1854 3502 vero

272 3555 384 3592 non
415 3538 682 3592 habebant
699 3537 894 3599 oleum,
927 3535 1021 3588 sed
1047 3550 1228 3589 earum
1253 3535 1523 3603 lampades
1549 3537 1854 3606 exstingue-

272 3629 495 3682 bantur.
532 3627 860 3681 Accedentes
892 3636 1068 3678 autem
1096 3625 1269 3679 stulta:
1293 3625 1357 3678 ad
1389 3625 1673 3693 prudentes
1703 3627 1854 3682 dixe-

272 3726 402 3771 runt
427 3734 440 3770 :
469 3715 603 3769 Date
632 3715 772 3769 nobis
804 3714 966 3768 oleum
994 3715 1057 3766 de
1099 3714 1230 3767 vasis
1263 3715 1435 3766 vestris
1455 3713 1562 3783 (Ib.
1592 3732 1636 3768 υ.
1657 3715 1855 3784 8).Pu-

271 3807 370 3860 det
416 3822 502 3860 tne
552 3813 607 3859 et
638 3805 836 3860 rubore
872 3804 1167 3858 confundor
1213 3815 1266 3859 et
1302 3805 1566 3876 lacrymor
1594 3809 1849 3876 virginem

270 3896 498 3950 stultam
541 3895 782 3949 audiens.
832 3895 1101 3949 Erubesce
1130 3910 1249 3949 cum
1277 3896 1434 3951 audio
1467 3913 1656 3952 nomen
1687 3939 1701 3964 ,
1735 3911 1854 3967 post

273 3986 442 4039 talem
473 3985 740 4048 virtutem,
759 3993 815 4039 et
835 3984 1146 4053 virginitatis
1176 3985 1428 4051 studium,
1463 3987 1550 4041 ubi
1579 4003 1774 4058 corpus
1802 3991 1852 4044 iu

270 4079 469 4132 celum
508 4087 807 4138 erexerant,
840 4076 927 4130 ubi
959 4091 1078 4130 cum
1117 4077 1244 4144 ipsis
1282 4080 1524 4146 supernis
1574 4081 1854 4136 virtutibus

271 4178 551 4222 certamen
609 4165 898 4219 habuerant
929 4205 943 4227 ,
985 4173 1277 4233 aestumque
1336 4167 1732 4234 toleraverant,
1767 4172 1854 4224 ubi

268 4260 450 4326 ipsum
471 4256 762 4323 voluptatis
791 4254 1058 4309 ﬂammam
1092 4256 1585 4318 coucnlcaveraut‘,
1620 4269 1745 4313 tunc
1775 4258 1853 4312 fa-

272 4359 406 4409 tuze,
435 4357 489 4401 et
517 4348 636 4413 jure
685 4345 839 4399 fatua:
889 4345 1232 4409 vocabantur,
1265 4346 1402 4414 qttod
1434 4348 1602 4414 majus
1630 4365 1748 4402 cum
1790 4350 1856 4403 fe-

270 4440 507 4502 cisseut,
536 4452 563 4488 a
583 4435 791 4490 minore
812 4435 963 4488 victae
989 4435 1111 4488 sint.
1130 4434 1198 4488 Et
1223 4437 1509 4491 accedentes
1532 4438 1688 4506 fatua:
1711 4440 1855 4494 dixe-

863 364 980 434 29).
1010 359 1145 419 ilinc
1167 362 1376 418 tertiam
1404 362 1644 416 dedimus
1671 365 1838 432 pinni-

325 4601 340 4631 '
391 4605 556 4671 Savil.,
577 4605 688 4656 hinc
710 4605 1073 4671 monstravimus
1087 4606 1276 4671 tertiam
1295 4608 1582 4671 ptenitentite
1599 4609 1741 4660 tiam.

324 4673 343 4697 ¹
391 4666 534 4738 Savil.
568 4674 621 4738 et
661 4676 794 4738 Heg.,
823 4679 933 4738 qua:
975 4667 1195 4718 celeriter
1232 4666 1385 4732 aperit
1424 4683 1541 4720 axes
1580 4673 1808 4724 eceteram
1836 4688 1855 4725 :

260 4737 480 4792 utraque
501 4728 648 4778 lectio
668 4728 888 4790 quadrat.
912 4788 923 4798 .
1265 4728 1272 4732 ⁷
1400 4791 1410 4800 ⁸

297 4789 352 4864 η’
389 4801 521 4864 satu,
545 4789 885 4864 Ascendertmt,
905 4802 956 4864 in
978 4789 1367 4864 memorandum,
1383 4805 1442 4864 3n
1465 4800 1715 4864 conspectu
1749 4805 1853 4864 Det.

265 4851 411 4913 Illud
432 4864 558 4906 vero,
590 4869 611 4894 ι
629 4850 678 4898 in
701 4857 952 4913 conspectu
979 4850 1065 4900 Dei
1082 4868 1103 4894 ν
1136 4850 1223 4900 hoc
1246 4861 1313 4901 est
1332 4865 1350 4902 :
1380 4850 1587 4904 Tametsi
1603 4856 1750 4906 multa
1773 4860 1858 4907 tta-

263 4912 437 4962 bueris
459 4919 672 4974 peccata,
698 4910 740 4960 si
755 4910 1104 4974 eléemosynam
1133 4919 1289 4974 tecum
1322 4913 1467 4974 habes
1502 4915 1853 4970 advocatricem

259 4987 326 5024 ne
348 4971 540 5035 timeas.
564 4972 699 5035 nulla
719 4971 847 5035 enim
869 4984 932 5022 ea:
955 4971 1177 5035 supernis
1203 4973 1506 5035 potestatibus
1529 4976 1642 5026 huic
1663 4980 1853 5030 resistit.

267 5053 289 5101 ς
321 5034 661 5101 Nfsericnrdia
673 5031 918 5095 judicium
940 5031 1127 5101 deridet
1147 5031 1212 5101 μ’
1227 5041 1300 5101 et.
1329 5035 1547 5101 credunt:
1562 5047 1755 5101 peccata
1775 5048 1858 5091 tua

259 5098 316 5144 in
338 5093 687 5162 clamas-guis,-
710 5110 749 5162 ιε,
764 5101 832 5162 et1
853 5094 1126 5162 «quamdiu
1145 5095 1322 5155 fecistis
1347 5097 1427 5162 uni
1444 5110 1508 5162 ea;
1530 5093 1605 5149 his
1625 5101 1856 5162 fratribus

259 5153 639 5224 modum,
663 5153 786 5224 mihi
801 5153 998 5224 fecistis.
1020 5172 1048 5224 ιγ
1069 5153 1180 5224 ttaéc
1202 5163 1248 5224 et
1264 5157 1532 5224 multa_alia
1555 5153 1768 5224 reperire
1788 5153 1858 5215 est

260 5217 656 5283 deeleemosyna
688 5216 908 5283 scr_ipla,_
928 5216 1050 5266 .~icut
1088 5217 1294 5283 loquitur
1325 5221 1588 5283 scriptura.
1610 5216 1852 5276 'Debitum

258 5279 397 5341 enim
419 5276 804 5341 statnt'reposcit',
828 5276 1202 5341 chirographum
1231 5276 1440 5341 gestans'
1458 5291 1674 5334 sanctum
1706 5295 1856 5336 εναη-

256 5339 653 5408 ψαυαμένη
688 5336 818 5408 enim
854 5336 1148 5408 meini'est
1311 5349 1406 5392 etc.
1447 5349 1496 5392 tn
1531 5349 1858 5408 sequentibus

263 5396 393 5468 item
417 5396 548 5448 nulla
571 5411 702 5461 pene
724 5398 936 5468 clausula
962 5406 1057 5468 est,
1079 5402 1130 5468 in
1147 5416 1242 5468 qua
1263 5396 1394 5468 inter
1415 5396 1858 5468 utrantqite’discrii-

265 5463 403 5511 mina
427 5473 527 5509 non
543 5467 811 5510 occurrant.
835 5461 926 5509 sed
948 5461 1182 5512 sincerior
1201 5464 1390 5512 videtur
1414 5461 1705 5518 Mot-elli'anze
1740 5483 1856 5519 oon-

260 5529 454 5570 texms.
479 5532 592 5569 tum
615 5533 734 5569 vero
756 5523 944 5570 nonnisi
969 5525 1291 5573 exscribendo
1307 5532 1460 5575 totum
1481 5528 1726 5579 savilianae
1740 5546 1857 5581 con-

259 5583 652 5644 sexmm.romnia
671 5583 905 5642 possimus
925 5590 1176 5636 annotare.
1194 5586 1240 5634 id
1265 5589 1508 5637 monuisse
1526 5590 1646 5640 satis
1668 5601 1792 5644 esto.

324 5646 348 5672 ⁸
387 5644 459 5692 sic
479 5643 630 5691 habet
643 5651 748 5709 grav.
769 5645 1055 5705 Legebatur,
1078 5643 1380 5709 laboremque
1401 5657 1614 5709 egerant.
1640 5660 1736 5702 Mox
1763 5656 1855 5706 de-

261 5711 376 5754 erat
395 5717 508 5764 vox,
527 5704 825 5766 tacebuntur,
845 5704 991 5768 quam
1013 5719 1072 5756 ex
1101 5705 1272 5758 Savilio
1295 5704 1609 5763 restituimus.

1441 272 1530 328 DE
1562 268 2042 328 ELEEMOSYNA.
2073 273 2302 332 HOMIL.
2343 275 2429 332 lli.

3411 284 3516 344 293

1949 376 2062 417 runt
2091 367 2393 434 sapientibus
2419 382 2438 420 :
2463 363 2591 420 Date
2619 367 2759 422 nobis
2788 368 2950 424 oleum
2967 371 3029 426 de
3043 373 3172 428 rasis
3199 375 3389 429 vestris.
3422 373 3520 432 lite

1946 467 2110 509 autem
2155 457 2386 511 dixerunt
2419 474 2438 512 :
2467 457 2587 512 Non
2638 477 2900 530 possumus
2949 465 3083 526 vobis
3130 467 3269 530 dare,
3301 483 3362 520 ne
3388 467 3519 536 forte

1947 561 2045 599 nou
2072 548 2282 616 suﬁiciat
2317 549 2458 601 nobis
2483 558 2526 599 et
2550 550 2684 601 vobis
2710 551 2726 618 (
2757 550 2934 605 Matth.
2967 553 3054 606 25.
3089 555 3141 607 8.
3170 557 3202 608 9
3229 560 3244 623 )
3274 573 3287 607 :
3318 573 3419 609 non
3451 573 3518 612 ex

1947 638 2282 693 inclementia
2327 640 2408 693 vel
2458 639 2792 708 improbitate
2824 641 2872 695 id
2900 654 3114 711 agentes
3137 686 3152 708 ,
3181 646 3273 699 sed
3303 659 3515 716 propter

1947 731 2200 797 temporis
2246 730 2513 798 angustias
2556 747 2570 782 :
2621 740 2875 786 venturus
2916 734 3056 787 enim
3105 745 3218 788 erat
3264 751 3508 804 sponsus.

1949 819 2216 873 Ilabeltant
2239 831 2293 874 et
2319 822 2446 888 ipsae
2473 822 2775 889 lampades;
2803 822 2894 877 sed
2925 824 3130 878 illarum
3157 825 3365 894 quidem
3393 842 3516 880 vasa

1949 909 2122 965 oleum
2155 909 2437 976 habebant,
2467 911 2652 965 harum
2682 927 2810 966 vero
2834 928 2936 966 non
2969 914 3249 970 habebant.
3282 915 3419 983 Ignis
3443 927 3524 971 est

1948 1000 2259 1067 virgtuitas.
2305 1001 2479 1054 oleum
2528 1012 2703 1055 autem
2749 1014 2830 1056 est
2875 1004 3214 1076 eleemosyna
3245 1022 3260 1071 ;
3293 1022 3412 1060 nam
3467 1020 3520 1060 ttt

1950 1087 2119 1157 ignis,
2147 1089 2247 1142 nisi
2275 1089 2449 1142 oleum
2481 1089 2752 1145 destillans
2788 1091 3009 1154 haheat,
3044 1095 3181 1162 perit
3212 1111 3226 1158 ;
3258 1098 3335 1150 sic
3359 1096 3522 1165 virgi-

1951 1181 2118 1241 nitas.
2152 1181 2249 1234 nisi
2276 1181 2608 1250 conjunctam
2651 1182 2840 1238 habeat
2865 1185 3251 1256 eleemosynatn
3272 1228 3286 1248 .
3319 1189 3522 1242 exstin-

1950 1271 2143 1340 guitur.
2177 1271 2303 1325 Date
2340 1273 2478 1326 nobis
2511 1275 2676 1327 oleum
2706 1275 2767 1327 de
2794 1276 2924 1328 vasis
2957 1279 3149 1331 vestris.
3182 1279 3249 1331 At
3276 1279 3379 1331 illze
3429 1293 3518 1332 res

1950 1361 2277 1427 Spoudcrunt
2320 1363 2446 1432 ipsis
2476 1381 2489 1415 :
2525 1363 2634 1416 Non
2667 1379 2947 1432 possumus
2979 1367 3129 1421 vobis
3144 1367 3290 1422 dare.
3321 1369 3385 1423 Et
3419 1385 3526 1424 nou

1951 1451 2164 1504 malitize
2193 1452 2317 1506 illud
2341 1455 2592 1517 verbum,
2621 1454 2713 1508 sed
2743 1457 2943 1509 timoris
2976 1474 2990 1509 :
3026 1455 3109 1510 Ne
3127 1462 3257 1528 forte
3285 1476 3385 1513 non
3409 1465 3523 1529 suf-

1952 1541 2091 1608 ﬁciat
2129 1542 2269 1594 nobis
2294 1552 2340 1594 et
2377 1543 2514 1597 vobis
2543 1559 2648 1598 :ne
2692 1543 2826 1599 forte
2853 1547 3296 1614 quemadmodum
3339 1563 3526 1603 omnes

1955 1629 2152 1684 intrare
2189 1633 2473 1698 quaerimus
2491 1673 2506 1696 ,
2535 1648 2722 1687 omnes
2752 1649 3153 1701 remaneamus;
3179 1639 3268 1691 sed
3290 1639 3528 1692 abeuntes

1955 1720 2100 1772 emite
2145 1720 2281 1773 vobis
2319 1737 2352 1773 a
2387 1722 2730 1778 vendentibus.
2757 1724 2979 1791 Quinam
3034 1736 3158 1781 sunt
3205 1739 3530 1784 mercatores

1953 1809 2056 1863 olei
2105 1809 2588 1881 ltujtts?Pauperes
2632 1815 2696 1868 ad
2740 1815 3131 1888 eleemosyuam
3182 1832 3280 1888 pro
3329 1818 3532 1874 foribus

1955 1900 2193 1954 ecclesiae
2213 1901 2478 1956 sedentes.
2510 1903 2575 1957 Et
2604 1905 2783 1973 quanti
2811 1906 3042 1960 emitur?
3069 1906 3260 1974 Quanti
3283 1908 3527 1963 libuerit:

1957 1991 2182 2058 pretium
2215 2006 2318 2045 non
2341 2008 2568 2062 appono.
2595 2010 2660 2048 ne
2689 1995 2909 2062 ohjicias
2941 1997 3194 2066 inopiam.
3217 1997 3408 2066 Quanti
3439 2015 3532 2068 po.

1958 2091 2059 2147 tes,
2088 2083 2216 2137 tanti
2244 2098 2382 2138 eme.
2412 2083 2583 2138 Habes
2604 2085 2853 2140 obolum?
2875 2103 2993 2142 eme
3019 2088 3229 2154 uelum,
3261 2106 3364 2144 non
3390 2092 3530 2162 quod

1955 2175 2044 2227 vili
2072 2175 2240 2242 pretio
2267 2177 2451 2231 venale
2497 2176 2566 2232 sit
2601 2179 2826 2244 caelum,
2868 2179 2963 2234 sed
2997 2181 3139 2250 quod
3185 2182 3420 2237 clemens
3463 2184 3533 2238 sit

1958 2261 2232 2317 Dominus.
2275 2263 2388 2318 Non
2441 2265 2602 2320 habes
2641 2267 2906 2321 obolum?
2951 2269 3016 2323 da
3067 2271 3282 2325 calicem
3333 2273 3534 2342 frigidm

1957 2366 2108 2420 aqua:
2137 2369 2151 2406 :
2183 2353 2352 2423 inquit
2379 2357 2520 2408 enim
2550 2375 2563 2410 :
2593 2356 2901 2428 Quicumque
2936 2359 3130 2414 dederit
3158 2363 3247 2414 uni
3282 2379 3346 2416 ex
3384 2365 3526 2416 mini-

1958 2443 2052 2495 mis
2090 2443 2196 2496 istis
2225 2445 2431 2498 calicem
2455 2462 2599 2513 aqua:
2625 2447 2826 2517 frigida:
2851 2458 3056 2517 propter
3094 2467 3201 2518 me,
3230 2468 3330 2506 non
3364 2454 3534 2522 perdet

1957 2533 2234 2586 mercedem
2276 2551 2422 2588 suam
2464 2536 2679 2609 (Matth.
2706 2537 2926 2602 10.42).
2965 2539 3256 2595 Mercatura
3288 2543 3528 2614 negotia-

1959 2620 2135 2690 tioque
2160 2623 2344 2676 cadum
2383 2633 2496 2688 est,
2525 2635 2580 2679 et
2619 2641 2716 2680 nos
2741 2627 3071 2696 pigritamur.
3109 2631 3181 2685 Da
3223 2647 3412 2701 pauent
3435 2675 3449 2698 ,
3477 2640 3534 2687 et

1957 2713 2138 2781 accipe
2177 2714 2476 2783 paradisum
2511 2735 2524 2770 :
2569 2733 2724 2785 parva
2755 2720 2840 2784 da,
2872 2730 2925 2773 et
2964 2737 3152 2792 magna
3182 2728 3390 2795 suscipe
3419 2746 3434 2783 :
3463 2729 3530 2784 da

1959 2801 2198 2854 mortalia
2225 2843 2238 2866 ,
2287 2803 2597 2860 immortalia
2649 2809 2826 2876 recipe
2859 2827 2871 2863 :
2905 2809 2969 2864 da
3011 2815 3369 2882 corrttptihilia
3393 2858 3408 2882 ,
3436 2819 3534 2876 ,iu-

1959 2893 2317 2963 corruptibilia
2347 2897 2549 2964 accipe.
2578 2897 2631 2952 Si
2661 2909 2838 2953 essent
2868 2901 3116 2957 nundina:
3161 2912 3319 2974 atque
3367 2908 3417 2962 in
3471 2911 3534 2964 iis

1959 2997 2184 3036 annona:
2213 2983 2385 3039 vilitas
2423 2996 2476 3040 et
2521 2988 2840 3044 abundantia
2859 3031 2875 3054 ,
2904 2993 3168 3062 multaque
3198 3011 3360 3065 parvo
3388 3014 3534 3055 etne-

1959 3083 2182 3138 rentur,
2223 3089 2397 3128 annon
2451 3076 2798 3132 substantiam
2853 3082 3180 3149 tendentes,
3239 3097 3534 3158 cunctaque

1961 3172 2358 3232 postponentes,
2383 3165 2435 3219 in
2469 3178 2669 3236 partem
2700 3169 2814 3238 ejus
2843 3173 3212 3240 negotiationis
3242 3178 3534 3233 veniretis?

1959 3251 2059 3306 Ubi
2089 3254 2442 3322 corruptibilia
2488 3267 2630 3320 sunt.
2657 3268 2804 3314 tanto
2841 3263 3016 3316 studio
3047 3263 3292 3319 laboratis
3319 3284 3333 3318 :
3363 3278 3418 3321 et
3443 3269 3533 3323 ubi

1959 3344 2272 3402 immortalis
2316 3357 2398 3402 est
2436 3351 2757 3419 negotiatio,
2809 3353 3158 3422 pigritamini,
3201 3365 3358 3425 atque
3398 3359 3534 3413 adeo

1957 3439 2276 3494 coaciditis?
2308 3440 2378 3494 Da
2430 3441 2610 3511 inopi,
2637 3451 2726 3508 ut,
2760 3447 3000 3513 quamvis
3043 3455 3095 3500 tu
3137 3449 3398 3515 tacueris,
3438 3466 3530 3505 ora

1959 3545 2056 3598 pro
2105 3540 2156 3584 te
2199 3532 2552 3601 respondeant
2596 3535 2815 3597 infinita,
2851 3538 3188 3608 eleemosyna
3232 3548 3317 3593 tua
3361 3549 3534 3596 stante

1957 3635 2020 3672 ac
2049 3622 2415 3689 patrocinante
2447 3639 2460 3674 :
2493 3623 2716 3691 pretium
2756 3624 3135 3694 redemptionis
3165 3629 3356 3683 anima:
3390 3631 3533 3686 eice.

1959 3727 2178 3783 mosyna
2220 3722 2321 3768 est.
2375 3713 2499 3768 idco
2523 3715 2967 3783 quemadmodum
3010 3732 3130 3772 vasa
3173 3734 3324 3788 aqua:
3376 3722 3530 3790 plena

1959 3816 2055 3871 pro
2081 3802 2277 3857 foribus
2299 3803 2535 3858 ecclesia:
2567 3809 2583 3835 ‘
2610 3816 2766 3868 sunt,
2799 3821 2904 3874 quo
2933 3822 3121 3861 manus
3163 3807 3306 3863 laves
3329 3851 3344 3874 ,
3377 3810 3453 3864 sic
3480 3821 3536 3865 et

1958 3907 2215 3960 pauperes
2243 3909 2337 3962 pro
2354 3894 2574 3948 ecclesia
2602 3895 2880 3956 sedent.ut
2898 3899 3087 3951 anitum
3117 3915 3304 3954 manus
3323 3901 3527 3955 abluas.

1958 3983 2104 4050 Aqua
2154 3999 2340 4038 manus
2387 4001 2670 4052 corporeus
2715 3987 3297 4061 lavisti?eleemosyna
3343 4009 3533 4050 manus

1957 4075 2146 4125 anima:
2187 4073 2322 4126 lava.
2367 4073 2445 4128 Ne
2496 4075 2724 4144 inopiam
2776 4078 3110 4145 prmteutlas:
3144 4081 3298 4134 vidua
3343 4083 3392 4135 in
3431 4100 3528 4136 ex-

1960 4170 2124 4216 trema
2153 4173 2458 4233 paupertate
2482 4165 2651 4220 Eliam
2683 4166 3046 4234 hospitabatur
3075 4171 3149 4241 (5.
3177 4170 3302 4242 Reg.
3325 4174 3436 4243 ΓΙ).
3469 4191 3532 4230 ac

1959 4262 2241 4322 paupertas
2285 4270 2390 4308 non
2444 4255 2540 4309 fttit
2585 4257 2997 4324 impedimento,
3027 4260 3119 4313 sed
3171 4261 3368 4317 eximio
3409 4279 3529 4316 cum

1961 4344 2148 4410 gaudio
2173 4346 2404 4412 suscepit
2427 4363 2547 4401 eum
2571 4365 2583 4395 τ
2612 4363 2774 4416 quare
2799 4358 2851 4402 et
2875 4349 3060 4418 dignos
3088 4353 3286 4420 recepit
3309 4352 3530 4417 fructus,

1958 4442 2012 4486 et
2033 4442 2236 4488 metens
2264 4436 2616 4508 eleemosyum
2645 4438 2842 4506 spicam
2876 4439 3017 4508 legit.
3047 4440 3150 4495 Sed
3192 4440 3416 4498 fortasse
3441 4459 3535 4497 au-

1959 4519 2100 4574 d.tor
2125 4523 2283 4588 dfcet,
2315 4525 2387 4578 Da
2428 4536 2482 4580 et
2525 4527 2650 4580 mihi
2691 4528 2878 4582 Eliatn.
2919 4530 3053 4594 Quid
3092 4533 3286 4600 qumris
3325 4533 3534 4587 Eiiant?

1964 4612 2241 4666 Dominum
2274 4614 2398 4667 Elia:
2424 4614 2492 4668 do
2521 4617 2632 4681 tilii,
2658 4632 2755 4671 nec
2786 4619 2954 4685 ipsum
2981 4620 3127 4674 ciltas
3157 4639 3170 4674 :
3203 4620 3370 4676 Ellam
3392 4623 3434 4677 si
3457 4624 3538 4677 in-

1961 4703 2185 4768 veneris,
2209 4705 2474 4773 quomodo
2508 4706 2900 4776 hospitaberis?
2927 4707 3123 4765 Christi
3168 4713 3532 4767 nuiversorum

1962 4792 2165 4847 Domini
2207 4797 2462 4850 sententia
2493 4807 2573 4851 est
2600 4839 2616 4861 ,
2648 4799 2958 4870 Quicumque
2985 4803 3074 4856 uni
3108 4819 3171 4856 ex
3209 4804 3428 4858 minimis
3458 4808 3532 4874 fe-

1959 4884 2102 4949 cerit,
2133 4885 2256 4937 mihi
2295 4887 2412 4956 fecit
2441 4887 2459 4958 (
2483 4886 2666 4943 Matth.
2695 4889 2784 4944 25.
2815 4892 2884 4945 40
2904 4895 2945 4962 ).
2979 4892 3035 4946 Si
3067 4895 3198 4946 forte
3227 4907 3317 4946 rex
3345 4909 3535 4962 quem-

1961 4975 2099 5044 piam
2127 4975 2192 5030 ad
2217 4992 2424 5032 etenim
2453 4980 2830 5048 appellaverit,
2863 4992 3054 5051 atque,
3082 4981 3292 5037 famulis
3315 4983 3534 5038 adstan-

2025 5174 2048 5242 ι·
2069 5169 2325 5242 _tllt_td,_pro
2359 5172 2538 5242 foribus
2572 5175 2806 5242 ecclesia,
2846 5178 2988 5228 deest
3009 5180 3056 5228 in
3079 5177 3250 5242 savilio
3273 5187 3324 5230 et
3348 5182 3395 5230 in
3416 5188 3534 5242 Reg.

1959 5231 2099 5279 Codd.
2120 5239 2168 5279 Β
2190 5231 2260 5300 sic
2283 5231 2590 5298 prosequitur
2609 5231 2834 5287 savilius:
2864 5246 2917 5289 Et
2939 5246 3166 5300 quantum
3183 5239 3207 5288 Υ
3228 5247 3412 5292 tantum
3435 5231 3535 5292 carie

1960 5300 2186 5356 quantum
2207 5296 2292 5352 vis,
2335 5296 2561 5355 quantum
2585 5306 2728 5360 potes,
2755 5311 2846 5360 non
2889 5296 3116 5360 quantum
3151 5299 3276 5352 alius
3315 5303 3430 5360 vult,
3452 5307 3537 5354 sed

1959 5362 2186 5426 quantum
2211 5362 2339 5413 potes
2360 5365 2442 5417 tu;
2464 5371 2532 5426 ne.
2551 5358 2746 5426 obiicias
2763 5358 2990 5426 inopiam.
3038 5360 3213 5426 poclis,
3241 5371 3351 5425 quot
3375 5358 3536 5426 habes,

1960 5415 2131 5486 caelum
2153 5427 2273 5486 eme,
2295 5430 2387 5466 non
2401 5415 2532 5486 quod
2553 5419 2634 5468 vili
2657 5419 2808 5486 pretio
2830 5415 2991 5486 certate
3012 5422 3073 5471 sit
3093 5415 3286 5481 cteluni,
3303 5426 3388 5474 sed
3412 5415 3540 5486 mind

1961 5475 2166 5552 cienens
2186 5477 2246 5527 sit
2273 5475 2514 5552 (geminus.
2544 5489 2642 5552 Non
2657 5475 2806 5531 habes
2828 5483 2955 5552 unde
2975 5497 3149 5552 aurum
3174 5475 3341 5542 dones.
3364 5475 3539 5552 (triten;

1961 5543 2062 5586 tum
2083 5547 2240 5609 itaita;
2271 5539 2338 5589 da
2361 5539 2565 5609 otiolum,
2608 5541 2674 5609 _da
2717 5544 2938 5609 poculum
2978 5544 3178 5609 frigidm
3205 5558 3222 5595 :
3252 5539 3377 5609 Deus
3414 5539 3539 5599 Enim

1960 5599 2324 5669 amplitudinem
2345 5607 2426 5650 aut
2449 5599 2763 5669 eatiguitatem
2785 5599 3092 5669 definith
3117 5607 3380 5658 secundum
3407 5623 3534 5658 metu

1963 5673 2126 5729 suram
2151 5661 2390 5722 datorum,
2414 5663 2499 5729 sed
2520 5661 2782 5729 secundum
2803 5661 3080 5729 facultatem
3121 5676 3271 5718 status
3302 5669 3532 5721 donantis.

1967 5726 2020 5772 Et
2043 5721 2146 5774 alim
2168 5721 2438 5788 sequuntur
2462 5727 2508 5774 in
2531 5726 2702 5778 Sat'tlio
2724 5721 2865 5793 hujus
2887 5731 3090 5792 generis
3106 5731 3384 5780 varietates.
