4036 6206
549 280 654 335 295

541 393 710 452 tibus,
756 389 822 444 ad
871 403 964 442 eos
1011 388 1202 443 dixerit
1242 405 1254 440 :
1301 388 1523 442 Reddite
1569 389 1766 455 gratias
1817 389 1936 442 huic
1989 403 2110 442 meo

539 481 753 534 nomine
780 479 1119 548 quamplures
1139 519 1152 539 ,
1179 478 1266 547 qui
1305 493 1390 530 me
1441 479 1614 545 inepia
1644 479 1967 532 laborantem
2007 496 2108 532 nu-

539 572 682 625 trivit
720 581 773 624 ct
813 571 1040 640 hospitio
1065 569 1304 638 exctépit,
1329 569 1418 637 qui
1450 569 1576 621 tnihi
1610 569 1863 623 beneficia
1891 572 1940 623 in
1973 581 2108 624 tem-

539 679 668 732 pore
717 664 968 732 angustae
1033 662 1293 730 permulta
1348 662 1614 714 contulit:
1649 677 1823 714 annon
1869 663 2110 716 certatim

537 756 760 826 quisque
803 768 1086 807 aecurrens
1127 752 1376 820 pecunias
1406 767 1592 804 omnes
1635 767 1757 806 suas
1799 753 2112 822 expenderit

537 848 652 916 ejus
682 860 860 906 causa,
895 845 978 897 cui
1005 860 1094 896 rex
1122 845 1316 912 gratias
1338 844 1548 911 egerit?
1571 859 1746 898 annon
1777 842 1890 897 ha2c
1920 845 1990 897 illi
2018 859 2108 898 ac-

533 950 682 1007 cepta
715 937 930 992 tulerit?
959 951 1136 989 annon
1161 950 1234 989 -se
1277 935 1350 988 illi
1385 937 1608 1004 quisque
1635 935 2007 990 commendare
2029 947 2110 990 at-

534 1047 636 1100 que
665 1030 895 1083 amicitia
919 1027 1144 1096 jungere
1175 1025 1478 1079 studuerit?

603 1121 654 1176 3.
685 1117 1030 1188 Eleemosyna:
1073 1121 1284 1188 fructus.
1310 1147 1383 1156 --
1412 1117 1624 1172 Vidistis
1654 1118 1918 1171 sermonis
1945 1117 2110 1170 virtu-

533 1213 681 1266 tem?
710 1213 766 1265 Si
813 1227 940 1278 ergo
966 1209 1104 1278 apud
1137 1210 1402 1262 hominem
1450 1225 1629 1278 regem
1663 1219 1860 1262 tantum
1893 1209 2110 1263 honoris

531 1317 618 1356 res
669 1303 780 1371 ipsa
825 1301 1024 1366 tribuit,
1071 1301 1242 1368 cogita
1271 1298 1536 1353 Christum
1581 1300 1632 1352 in
1683 1299 1770 1352 illa
1812 1299 1898 1352 die
1927 1314 2108 1353 coram

529 1392 730 1460 angelis
748 1391 1097 1460 omnibusque
1117 1389 1412 1444 Virtutibus
1440 1399 1710 1444 vocantem
1735 1405 1798 1442 ac
1823 1389 2108 1445 dicentem:

531 1480 628 1534 llic
657 1497 742 1535 me
771 1481 822 1534 in
851 1491 992 1534 terra
1017 1481 1246 1548 suscepit
1273 1479 1520 1547 hospitio,
1565 1479 1651 1534 hic
1679 1479 1806 1532 mihi
1835 1480 2109 1536 inrtsmera

528 1573 752 1626 contulit
797 1572 1076 1634 benelicia,
1125 1571 1208 1624 hic
1237 1585 1324 1624 me
1373 1571 1702 1639 peregrinum
1735 1571 1941 1639 excepit
1969 1588 1982 1624 :
2013 1586 2110 1624 eo-

527 1663 634 1730 gita
659 1661 724 1716 de
751 1672 944 1716 caetero
977 1661 1218 1714 fiduciam
1251 1661 1386 1714 inter
1423 1661 1660 1728 angelos,
1691 1659 1827 1714 inter
1868 1661 2108 1715 caelestes

526 1755 720 1806 choros
745 1751 1014 1820 gaudium.
1045 1751 1204 1818 Igitur
1227 1751 1310 1802 cui
1339 1749 1694 1802 testiinonium
1719 1748 1959 1802 Christus
1990 1765 2106 1817 per-

527 1843 693 1906 hibet,
739 1857 844 1896 non
889 1841 1132 1894 tiduciam
1179 1856 1338 1906 super
1367 1840 1580 1908 angelos
1611 1839 1892 1894 habuerit?
1922 1839 2104 1908 Magna

524 1932 682 2000 igitur
725 1946 813 1986 res
851 1931 1208 2001 eleemosyna,
1239 1929 1448 1984 fratres.
1501 1931 1648 1986 Hanc
1686 1931 2103 2001 amplectamur,

525 2021 610 2075 cui
651 2021 782 2074 nihil
824 2021 1272 2090 a-quale:potens
1316 2031 1398 2075 est
1444 2022 1586 2076 enim
1632 2033 1844 2092 peccata
1885 2023 1987 2076 alia
2013 2023 2108 2079 de-

523 2113 676 2178 lere,
717 2113 1076 2182 iudiciumque
1127 2114 1437 2182 propulsare
1481 2131 1495 2166 :
1543 2123 1596 2168 te
1647 2121 1852 2169 tacente
1901 2125 2005 2169 stat
2052 2125 2106 2170 et

523 2204 920 2272 patrocinatur;
953 2203 1062 2256 imo
1107 2219 1235 2258 vero
1300 2213 1354 2258 te
1416 2213 1622 2260 tacente
1687 2205 1963 2260 innumera
2009 2221 2104 2261 ora

523 2307 618 2361 pro
667 2302 718 2346 te
758 2293 953 2361 gratias
983 2293 1230 2347 reddunt.
1275 2293 1375 2348 Tot
1412 2313 1477 2352 ex
1510 2294 1846 2366 eleemosyna
1896 2296 2103 2364 proﬁci-

520 2391 738 2435 scuntur
767 2381 924 2442 bona,
974 2391 1024 2436 et
1073 2383 1172 2452 ipsi
1205 2383 1515 2452 pigritamur
1541 2393 1596 2438 et
1637 2385 1985 2440 concidimus.
2029 2387 2102 2440 Da

520 2486 709 2540 panem
757 2487 850 2540 pro
895 2471 1228 2526 facultatibus
1259 2474 1361 2526 tuis
1393 2491 1406 2526 ε
1439 2489 1540 2527 non
1581 2473 1746 2528 habes
1785 2477 2010 2542 panem?
2037 2475 2102 2531 da

519 2563 734 2617 obolum
767 2581 779 2614 :
809 2579 912 2616 non
941 2565 1102 2618 habes
1124 2565 1380 2616 obolum?
1408 2565 1470 2618 da
1496 2566 1580 2618 vel
1609 2567 1806 2634 frigida:
1831 2582 1980 2635 aquae
2008 2583 2099 2622 ca-

519 2652 720 2706 licem:
771 2653 914 2718 atqui
971 2667 1144 2720 ncque
1197 2653 1244 2704 id
1292 2654 1600 2707 habes?vel
1649 2656 1800 2708 malis
1845 2671 2100 2725 Oppresso

519 2749 844 2809 compaterc,
889 2751 1046 2807 atque
1091 2755 1376 2808 appenSam
1426 2743 1722 2796 merCedem
1771 2744 1952 2798 habes.
1985 2745 2098 2800 Non

518 2830 661 2884 enim
677 2830 1021 2892 necessitatis,
1042 2831 1132 2884 sed
1159 2832 1464 2886 intentionis
1489 2843 1570 2887 est
1597 2851 1820 2888 merces.
1847 2835 1950 2892 Sed
1975 2853 2099 2892 ecce

519 2924 644 2978 dum
676 2923 742 2977 de
771 2922 854 2976 his
877 2923 1207 2987 disserimus,
1241 2925 1500 2993 virginum
1529 2942 1652 2978 cura
1685 2929 1836 2982 nobis
1862 2929 2056 2982 excidit
2081 2946 2094 2994 ;

518 3030 614 3082 age
639 3029 764 3083 ergo
791 3014 856 3066 ad
887 3019 1210 3083 propositum
1253 3017 1550 3070 redeamus.
1585 3018 1714 3071 Date
1757 3020 1898 3072 nobis
1931 3021 2097 3074 oleum

519 3107 586 3158 de
623 3107 750 3158 vasis
780 3105 972 3158 vestris.
1005 3106 1120 3160 Non
1171 3122 1450 3176 possumus
1499 3109 1646 3162 Vobis
1677 3110 1824 3174 dare,
1855 3109 1937 3163 Ne
1964 3115 2096 3180 forte

516 3213 616 3248 non
652 3196 859 3264 suﬂiciat
901 3196 1040 3251 nobis
1063 3206 1108 3251 et
1151 3198 1305 3261 vobis,
1335 3200 1422 3252 sed
1451 3210 1618 3252 euntes
1649 3202 1792 3252 emite
1815 3217 1848 3252 a
1877 3203 2094 3255 venden-

518 3283 666 3336 tibus.
711 3283 1014 3338 Abeuntibus
1063 3296 1229 3338 autem
1281 3287 1420 3354 ipsis,
1471 3289 1598 3340 venit
1633 3305 1864 3358 sponsus,
1893 3301 1940 3342 et
1985 3308 2097 3360 qua:

518 3372 761 3426 habebant
800 3375 1058 3443 lampades
1095 3377 1412 3444 splendidas,
1449 3378 1754 3432 intraverunt
1791 3397 1905 3433 cum
1934 3397 2008 3446 eo,
2049 3394 2094 3436 et

515 3463 686 3516 clausa
711 3473 782 3515 est
801 3464 966 3534 janua
995 3463 1204 3517 thalami
1235 3465 1440 3537 (Matth.
1473 3466 1561 3521 ‘25.
1593 3467 1704 3537 10).
1731 3469 1970 3539 Quinque
1996 3489 2092 3525 au-

517 3564 622 3608 tem
653 3554 807 3607 fatuze
833 3556 1148 3610 accedentes
1171 3556 1386 3624 januam
1418 3557 1632 3612 thalami
1677 3562 1956 3629 pulsabant
1985 3563 2093 3615 cla-

517 3655 724 3698 mantes
753 3661 767 3703 :
799 3647 948 3713 Aperi
981 3647 1118 3699 nobis
1149 3645 1256 3716 (Ib.
1285 3664 1334 3700 υ.
1370 3648 1482 3718 Η).
1529 3649 1642 3703 Vox
1688 3660 1862 3706 autem
1911 3653 2092 3722 sponsi

513 3735 583 3788 ab
631 3737 764 3789 intra
808 3736 872 3790 ad
901 3753 990 3791 eas
1025 3756 1036 3790 :
1067 3737 1302 3792 Recedite
1327 3756 1360 3792 a
1401 3757 1497 3805 ine,
1528 3742 1692 3795 nescio
1739 3759 1823 3797 vos
1853 3743 2010 3814 (Ibid.
2042 3761 2089 3798 υ.

515 3825 626 3894 12).
677 3827 742 3880 Et
785 3838 900 3896 post
931 3838 1106 3882 tantos
1151 3831 1359 3886 labores
1394 3833 1518 3901 quid
1561 3835 1879 3888 audierunt?
1908 3836 2090 3891 Nescio

513 3930 619 3969 eos.
675 3917 727 3969 ld
756 3929 838 3970 est
880 3921 1018 3987 quod
1069 3920 1199 3986 dixi,
1252 3923 1444 3978 frustra
1470 3935 1522 3978 et
1553 3926 1816 3980 incassum
1848 3944 2088 3998 magnam

516 4007 828 4074 virginitatis
885 4012 1268 4078 possessionem
1323 4015 1694 4082 possederunt.
1732 4019 1912 4088 Cogita
1959 4035 2092 4089 quo—

519 4097 678 4152 modo
733 4107 852 4166 post
916 4108 992 4152 tot
1055 4102 1263 4156 labores
1314 4104 1542 4158 exclusa:
1595 4118 1749 4174 sunt,
1811 4117 2088 4177 postquam

517 4187 786 4240 frenarant
831 4190 1304 4256 incontinentiam,
1349 4207 1625 4262 posuiuam
1674 4198 1918 4266 supernis
1967 4214 2090 4252 cum

522 4275 806 4330 Virtutibus
831 4288 1100 4333 certamen
1131 4280 1444 4348 habuerant,
1493 4293 1768 4354 postquam
1813 4287 1934 4341 vita:
1988 4287 2088 4340 hu—

511 4363 598 4434 jus
651 4381 736 4420 res
791 4379 1116 4436 spreverant,
1167 4381 1442 4441 postquam
1498 4383 1686 4428 :BSllllll
1741 4377 2092 4433 toleraverant

519 4469 783 4522 magnum,
816 4469 1088 4526 postquam
1129 4471 1275 4530 septa
1304 4464 1676 4533 transilicrant,
1717 4476 1994 4536 postquam
2023 4471 2090 4526 de

517 4554 654 4596 terra
695 4545 760 4598 ad
803 4547 986 4600 caelum
1032 4551 1388 4617 evolavcrant,
1437 4564 1712 4625 postquam
1757 4560 1996 4627 corporis
2021 4563 2091 4614 si-

511 4635 793 4704 gnaculum
849 4653 954 4690 non
1011 4640 1317 4706 solverant,
1368 4659 1432 4699 ac
1484 4661 1730 4716 magnum
1779 4649 2091 4720 virginitatis

512 4724 779 4794 specimen
810 4727 1216 4796 acquisiveraut,
1243 4744 1516 4802 postquam
1547 4747 1812 4792 certamen
1841 4755 1960 4794 cum
1989 4757 2089 4794 an-

512 4816 641 4884 gelis
669 4817 918 4884 inierant,
965 4829 1240 4890 postquam
1271 4827 1508 4892 corporis
1553 4829 1894 4886 necessitates
1932 4846 2089 4900 supe-

511 4918 782 4970 raverant,
813 4920 1088 4978 pestqtiam
1123 4924 1320 4966 natura:
1347 4915 1524 4970 oblitae
1552 4917 1777 4984 fuerant,
1809 4931 2087 4991 postquam

511 4996 840 5066 incorpore,
885 5015 1002 5068 qua:
1049 5002 1480 5071 iueorporcorum
1529 5015 1670 5074 sunt,
1725 5012 2086 5081 perfecerant,

513 5099 788 5160 postquam
819 5107 1064 5164 magnum
1093 5104 1250 5164 atque
1278 5097 1528 5152 invictum
1551 5101 1864 5170 virginitatis
1891 5105 2086 5158 bonum

513 5181 878 5250 possederant,
926 5196 1047 5240 tunc
1089 5187 1413 5242 audierunt:
1447 5191 1680 5246 Recedile
1711 5211 1742 5247 a
1785 5213 1883 5260 me,
1925 5199 2088 5250 nescio

513 5285 615 5322 vos.
647 5271 829 5344 Neque
849 5277 987 5330 enim
1020 5279 1146 5333 mihi
1173 5282 1554 5338 existimaveris
1585 5286 1836 5340 tantillatn
1869 5289 2085 5357 virgini-

513 5359 634 5412 tatis
659 5377 779 5416 esse
811 5369 1220 5436 magnitudinem
1250 5389 1264 5426 :
1297 5373 1415 5427 talis
1436 5375 1576 5428 enim
1601 5376 1872 5446 virginitas
1897 5390 1994 5443 est,
2031 5387 2086 5432 ut

510 5465 628 5504 cam
661 5456 889 5521 potuerit
933 5473 1088 5513 nemo
1133 5473 1369 5520 veterum
1415 5481 1753 5522 conservare.
1803 5469 2087 5538 l’r0ptcrea

509 5539 652 5628 enim
683 5544 850 5612 gratia
900 5561 1110 5617 magna,
1135 5553 1276 5622 quod
1323 5571 1443 5624 qua:
1494 5559 1764 5613 tremenda
1817 5561 2086 5628 prophetis

513 5627 727 5688 fuerunt
771 5645 824 5690 et
871 5639 1167 5708 veteribus,
1216 5643 1400 5698 eadem
1449 5661 1587 5700 nunc
1635 5627 2086 5721 facilialcviaque

1287 275 1342 330 S.
1381 275 1656 332 JOANNIS
1694 271 2164 332 CIIliYSOSTOMl
2203 279 2518 335 AiiClllEP.
2551 281 3085 344 CONSTANTlNUP.

3685 303 3790 358 236

2217 392 2602 446 existimantur.
2654 395 2906 461 Quaenam
2953 401 3094 452 enim
3137 401 3345 458 fuerant
3385 410 3696 474 gravissima
3740 428 3793 470 et

2216 482 2440 535 violenta
2463 483 2484 534 ?
2515 483 2812 552 Virginitas,
2843 490 3130 558 mortisque
3149 493 3429 560 despectus
3452 513 3467 561 ;
3495 509 3550 551 at
3569 516 3627 553 ea
3655 520 3796 559 nunc

2215 573 2294 623 vel
2325 583 2516 624 tenerae
2562 576 2748 641 puellae
2793 579 2936 644 parvi
2977 580 3229 646 pendunt.
3263 585 3412 639 Adeo
3439 589 3580 642 enim
3619 597 3796 660 gravis

2217 670 2330 714 erat
2358 663 2668 730 virginitatis
2711 669 2995 734 possessio,
3043 679 3099 724 ut
3145 673 3240 727 hac
3266 691 3324 728 se
3353 693 3510 730 nemo
3555 691 3794 737 veterum

2214 751 2480 819 religaret.
2500 753 2610 806 Noe
2635 754 2814 822 justus
2837 769 2970 821 erat,
2989 769 3042 812 et
3067 777 3096 812 a
3127 761 3234 816 Deo
3257 767 3614 822 testimonium
3643 787 3796 827 acce-

2215 841 2308 908 pit,
2341 842 2432 894 scd
2461 843 2666 896 mulieri
2695 846 2918 900 adhmsit
2945 866 2960 902 :
2987 851 3228 906 similiter
3251 855 3514 914 Abraham
3544 871 3600 914 et
3629 860 3794 931 lsaae,

2215 932 2454 1000 ejusdem
2499 949 2560 988 ac
2609 935 2696 989 ille
2739 940 3103 1006 promissionis
3148 943 3390 1012 heredes,
3421 963 3540 1002 cum
3575 953 3796 1010 muliere

2213 1024 2650 1078 Consuetudinem
2681 1026 2992 1083 habuerant.
3019 1032 3216 1102 Joscph
3242 1047 3420 1092 castus
3453 1039 3698 1096 adulterii
3723 1043 3796 1096 fa-

2212 1116 2363 1169 cinus
2408 1132 2466 1170 se
2493 1127 2816 1186 patraturum
2844 1125 3049 1192 negavit
3079 1125 3226 1195 (Gen.
3269 1129 3383 1197 59),
3435 1132 3526 1184 sed
3557 1133 3646 1186 hic
3674 1151 3794 1190 eum

2213 1208 2434 1262 tnuliere
2471 1213 2904 1268 consuetudinem
2953 1217 3132 1269 habuit
3165 1237 3177 1270 :
3209 1224 3389 1288 gravis
3433 1227 3636 1278 etenim
3685 1237 3804 1284 erat.

2213 1299 2532 1365 virginitatis
2558 1301 2836 1368 professio.
2869 1304 2946 1356 Ex
2991 1321 3054 1358 eo
3085 1316 3322 1376 tempore
3352 1313 3500 1364 iirma
3547 1313 3688 1369 facta
3717 1328 3798 1372 est

2213 1389 2504 1456 virginitas,
2545 1405 2607 1444 ex
2637 1407 2744 1460 quo
2793 1391 2892 1447 llos
2921 1394 3234 1464 virginitatis
3263 1403 3596 1468 germinavit.
3631 1405 3798 1462 Nemo

2214 1477 2371 1546 igitur
2395 1489 2630 1533 veterum
2656 1493 2858 1550 poterat
2883 1485 3230 1554 virginitatem
3259 1506 3472 1545 servare
3501 1511 3513 1544 :
3545 1511 3794 1565 magnum

2212 1569 2408 1622 etenim
2437 1579 2518 1624 est
2544 1586 2734 1640 corpus
2758 1573 2985 1630 frenare.
3022 1577 3179 1648 Pinge
3205 1581 3332 1633 mihi
3359 1598 3612 1638 sermone
3641 1588 3796 1656 virgi-

2213 1661 2390 1714 nitatis
2420 1664 2686 1730 specimen
2709 1681 2723 1728 ;
2755 1675 2914 1736 atque
2940 1669 3148 1723 virtutis
3169 1675 3584 1741 magnitudinem
3608 1677 3792 1734 disce:

2210 1752 2351 1821 quod
2399 1753 2596 1808 bellum
2624 1755 2814 1811 habeat
2842 1760 3076 1828 quotidie
3119 1762 3416 1818 nullatenus
3459 1767 3794 1834 sedandum,

2209 1844 2326 1912 ipso
2343 1845 2615 1902 barbarico
2634 1847 2774 1902 bello
2791 1850 3042 1904 deterius.
3073 1853 3203 1907 Nam
3227 1855 3574 1912 barbarorum
3597 1859 3800 1915 bellum

2209 1933 2296 1986 vel
2322 1943 2527 2004 tempus
2561 1937 2753 2007 quietis
2785 1939 2960 2006 habet,
2989 1957 3108 1996 cum
3139 1945 3508 2011 paciscuntur;
3537 1957 3595 2002 et
3625 1965 3796 2018 quan-

2208 2023 2384 2095 doque
2420 2029 2632 2094 quidem
2683 2042 2934 2100 pugnant,
2977 2035 3288 2104 quandoque
3319 2053 3462 2102 non;
3493 2048 3550 2094 et
3579 2043 3800 2095 ordines

2208 2125 2262 2170 et
2285 2126 2476 2172 statuta
2525 2129 2762 2190 tempora
2791 2133 2956 2178 sunt:
2991 2125 3112 2179 belli
3161 2141 3286 2180 vero
3330 2143 3450 2182 cum
3491 2131 3798 2200 virginitate

2205 2210 2338 2276 gesti
2383 2211 2528 2264 nulla
2570 2211 2724 2266 datur
2769 2214 2938 2281 quies.
2971 2215 3217 2270 Diabolus
3263 2227 3344 2272 est
3385 2220 3530 2274 enim
3581 2239 3798 2291 semper

2206 2298 2402 2354 bellum
2431 2301 2681 2367 inferens,
2709 2305 2795 2375 qui
2827 2307 3078 2374 temporis
3105 2307 3530 2364 observationem
3559 2327 3674 2366 non
3705 2330 3796 2366 no-

2205 2392 2299 2455 vit,
2333 2408 2436 2446 non
2478 2402 2684 2462 tempus
2726 2403 3000 2464 exspectat
3024 2397 3090 2450 ad
3119 2398 3442 2464 conﬂictum,
3479 2401 3574 2454 sed
3605 2405 3796 2470 emerit

2206 2497 2414 2552 seraper
2441 2484 2694 2551 virginem
2725 2487 2918 2540 nudam
2949 2487 3216 2552 invenire,
3245 2506 3350 2557 quo
3393 2493 3622 2544 mortale
3652 2495 3794 2548 inﬂi-

2203 2582 2292 2641 gat
2321 2575 2540 2634 vulnus;
2571 2591 2740 2644 neque
2765 2576 2832 2628 ab
2855 2577 2954 2630 hoc
2972 2577 3110 2631 bello
3138 2595 3384 2647 umquam
3404 2581 3551 2650 virgo
3578 2597 3796 2637 cessare

2207 2672 2401 2730 potest,
2434 2663 2526 2716 sed
2553 2665 2603 2716 in
2635 2679 2692 2718 se
2723 2667 3002 2719 tumultum
3030 2669 3338 2736 hostemque
3367 2671 3706 2740 circumagit.
3729 2672 3796 2726 Et

2201 2752 2431 2806 damnati
2461 2753 2672 2822 quidem
2701 2755 2906 2808 etiamsi
2933 2759 2998 2809 ad
3032 2767 3238 2826 tempus
3279 2758 3506 2826 judicem
3551 2761 3790 2825 videant,

2201 2859 2306 2898 non
2339 2845 2551 2913 paribus
2594 2853 2766 2898 tamen
2815 2847 3076 2902 molestiis
3119 2861 3460 2916 premuntur;
3509 2851 3668 2920 virgo
3695 2868 3794 2906 au-

2207 2946 2312 2990 tem
2341 2953 2671 3007 quocumque
2696 2939 2906 3004 abierit,
2931 2948 2984 2992 et
2999 2940 3230 3007 judicem
3253 2943 3560 3012 circumagit
3579 2959 3790 3010 secum,

2199 3039 2253 3083 et
2279 3030 2480 3083 hostem
2509 3045 2686 3084 secum
2715 3039 2906 3099 portat,
2939 3032 3028 3100 qui
3075 3049 3244 3102 neque
3273 3035 3478 3103 vesperi
3523 3037 3788 3102 permittit

2199 3121 2483 3189 reSpirare,
2530 3136 2631 3174 non
2662 3131 2835 3184 nocte,
2863 3138 2966 3174 non
2998 3123 3248 3190 diluculo,
3281 3141 3384 3176 non
3417 3126 3664 3189 meridie,
3699 3127 3790 3181 sed

2199 3212 2394 3266 bellum
2421 3213 2555 3280 gerit
2575 3227 2803 3281 semper,
2827 3213 3251 3282 voluptatemque
3271 3215 3548 3279 submittit,
3573 3219 3792 3285 nuptias

2199 3301 2250 3354 in
2275 3302 2584 3354 memoriam
2613 3301 2900 3366 adducens,
2929 3318 3034 3372 quo
3071 3304 3314 3357 virtutem
3341 3306 3608 3366 cxclmlat,
3641 3309 3787 3359 mali-

2199 3391 2430 3460 tiamque
2459 3391 2510 3444 in
2541 3407 2600 3444 ea
2625 3401 2860 3460 generet.
2908 3393 3284 3446 continentiam
3315 3397 3563 3462 expellat,
3617 3397 3784 3449 forni-

2198 3481 2458 3535 cationem
2487 3483 2674 3536 inferat
2705 3500 2719 3536 :
2749 3484 3048 3538 incenditur
3071 3486 3292 3554 singulis
3319 3486 3461 3540 horis
3489 3489 3782 3557 voluptatis

2197 3575 2378 3628 fornax
2407 3577 2636 3628 suaviter
2661 3591 2938 3631 succensa.
2983 3578 3165 3647 Cogita
3201 3587 3429 3647 quantus
3459 3581 3578 3632 talis
3625 3583 3788 3635 otticii

2197 3664 2344 3716 labor
2369 3669 2452 3718 sit.
2498 3666 2566 3718 At
2594 3665 2698 3719 illa:
2737 3675 2855 3735 post
2893 3667 3006 3722 hazc
3035 3669 3208 3722 omnia
3235 3669 3544 3723 audiverunt
3573 3686 3591 3724 :
3627 3671 3792 3724 Reee-

2196 3757 2299 3810 dite
2327 3775 2358 3808 a
2378 3774 2474 3822 me,
2517 3759 2683 3811 nescio
2719 3775 2823 3812 eos.
2863 3760 2990 3814 Vide
3017 3775 3174 3829 quam
3202 3776 3385 3829 magna
3419 3777 3502 3815 res
3527 3762 3597 3814 sit
3623 3765 3792 3832 virgi-

2195 3849 2366 3912 nitas;
2417 3865 2536 3903 cum
2581 3864 2820 3903 sororem
2864 3849 3108 3904 habuerit
3137 3852 3548 3920 eleemosynam,
3577 3854 3636 3904 in
3666 3869 3790 3906 eam

2195 3940 2336 3992 nulla
2384 3939 2602 3994 adversa
2631 3949 2894 4008 poterunt,
2931 3941 3024 3995 sed
3068 3942 3312 3995 onmibus
3355 3943 3602 4010 superior
3635 3945 3742 3996 erit
3769 3962 3786 3997 :

2197 4036 2474 4098 propterea
2501 4045 2602 4083 non
2633 4031 2982 4084 introiverunt
3008 4031 3130 4096 illte,
3157 4031 3296 4100 quod
3325 4047 3446 4085 cum
3473 4032 3790 4100 virginitate

2195 4119 2587 4188 eleemosynam
2619 4135 2722 4173 non
2754 4120 3052 4174 habuerint.
3093 4121 3257 4175 Multo
3293 4123 3484 4176 rubore
3507 4122 3674 4191 digna
3699 4137 3788 4176 res

2194 4218 2277 4262 est
2303 4225 2316 4262 :
2350 4209 2668 4277 voluptatem
2687 4225 2806 4264 cum
2833 4211 3172 4272 debellasses.
3197 4214 3468 4280 pecuniam
3493 4229 3600 4266 non
3627 4229 3792 4282 spre-

2195 4301 2352 4365 visti;
2386 4301 2478 4354 sed
2501 4302 2648 4371 virgo
2675 4317 2792 4371 quae
2818 4304 2940 4357 vita:
2969 4306 3304 4371 renuntiasti,
3333 4305 3580 4360 cruciﬁxa
3617 4323 3788 4375 pecu-

2197 4391 2336 4443 niam
2364 4405 2530 4444 amas.
2563 4391 2770 4444 Utinam
2801 4394 2970 4448 virum
2999 4395 3382 4460 desiderasses,
3411 4406 3568 4465 atque
3600 4399 3790 4452 minus

2194 4481 2579 4535 criminandum
2627 4481 2841 4536 fuerat:
2875 4499 2995 4537 nam
3041 4485 3274 4553 ejusdem
3317 4486 3632 4540 substantia:
3665 4503 3790 4542 rem

2193 4586 2256 4625 ac
2297 4575 2567 4628 materiam
2597 4575 2993 4641 desiderasses;
3021 4577 3128 4646 jam
3161 4593 3286 4631 vero
3331 4579 3502 4647 majus
3543 4589 3634 4633 est
3677 4581 3790 4636 cri-

2193 4678 2338 4728 men,
2387 4665 2526 4733 quod
2571 4667 2842 4720 materiam
2891 4667 3113 4721 alienam
3159 4667 3562 4723 desideraveris.
3599 4669 3786 4736 Esto,

2192 4769 2309 4822 qua:
2335 4756 2432 4808 sub
2459 4756 2570 4809 viro
2615 4769 2737 4810 sunt
2765 4759 3018 4811 saevitiam
3049 4763 3186 4814 male
3211 4763 3496 4814 ostendunt
3539 4760 3786 4816 ﬁliorum

2193 4853 2446 4912 praetextu
2472 4863 2485 4900 :
2513 4845 2652 4915 quod
2673 4849 2716 4900 si
2743 4847 2790 4902 ei
2811 4848 3028 4912 dixeris,
3051 4850 3121 4902 Da
3148 4851 3558 4921 eleemosynam,
3583 4851 3784 4916 Filios,

2193 4938 2381 5006 inquit,
2413 4940 2600 5006 habeo,
2633 4950 2687 4992 et
2715 4955 2939 5009 nequeo.
2987 4942 3123 4994 Deus
3165 4941 3299 4995 filios
3329 4943 3420 4996 tibi
3461 4943 3629 5004 dedit,
3669 4945 3784 4998 fru-

2191 5040 2332 5082 t'lttlll
2381 5032 2578 5084 ventris
2629 5033 2898 5100 accepisti,
2947 5047 3049 5085 nou
3091 5049 3196 5102 quo
3237 5049 3397 5101 sscva,
3431 5035 3524 5089 sed
3550 5051 3664 5104 quo
3699 5037 3787 5106 pia

2191 5119 2597 5189 misericorsque
2627 5121 2740 5174 tias.
2771 5122 2848 5176 Ne
2878 5122 3032 5191 igitur
3049 5138 3259 5176 causam
3285 5124 3584 5178 clementiae
3607 5127 3796 5193 Pieta—

2193 5209 2362 5277 tisque
2391 5211 2604 5263 smvitiae
2633 5225 2843 5264 causam
2876 5213 3080 5266 feceris.
3113 5214 3272 5282 Cupis
3299 5213 3650 5268 hereditatem
3687 5217 3784 5268 bo-

2194 5315 2312 5352 nam
2337 5301 2455 5354 tiliis
2480 5301 2581 5354 tuis
2606 5303 2943 5372 relinquere?
2969 5305 3355 5374 eleemosynam
3381 5305 3645 5374 relinque,
3671 5321 3789 5374 quo

2195 5401 2244 5443 te
2273 5405 2458 5444 omnes
2499 5391 2740 5445 laudibus
2783 5391 3024 5456 ell'erant,
3053 5394 3424 5463 celebrcmque
3451 5395 3524 5448 tui
3567 5410 3790 5449 memo-

2191 5481 2321 5535 riam
2345 5482 2632 5551 relinquas.
2655 5483 2734 5536 Tu
2761 5497 2888 5538 vero
2909 5499 3012 5536 non
3037 5484 3236 5538 habens
3263 5484 3418 5549 tilias,
3452 5489 3546 5539 sed
3567 5485 3788 5540 mendo

2159 5627 2162 5630 ,
2193 5571 2462 5640 crucifixa,
2508 5572 2630 5644 qttid
2662 5574 2910 5642 pecunias
2935 5577 3264 5646 congregas?
