4036 6206
158 287 273 343 295

157 404 279 457 τῶν
312 402 661 475 θεραπόντων
691 404 1117 475 παρεστηκότων
1142 401 1264 458 εἰπε
1298 406 1438 475 πρὸς
1459 406 1689 469 αὐτούς·
1723 408 1818 459 Εὑ-

158 504 535 572 χαριστήσατε
572 500 748 571 τούτῳ
774 501 944 553 πολλά
970 502 1085 555 ἀντ’
1114 501 1270 572 ἐμοῦ·
1302 495 1458 566 οὗτός
1495 519 1560 571 με
1585 503 1645 554 ἐν
1666 504 1828 575 πενίᾳ

158 597 297 650 ὂντα
323 596 570 667 διέθρεψε
603 598 698 650 καὶ
735 597 993 664 ἐξένισεν,
1034 593 1189 662 οὗτος
1222 598 1346 668 ἐμοὶ
1371 597 1571 661 πολλὰς
1603 599 1826 669 εὐεργε-

160 691 290 755 σίας
313 694 370 745 ἐν
392 690 570 763 καιρῷ
592 693 952 762 στενοχωρίας
974 695 1235 763 παρέσχε·
1257 694 1374 757 πῶς
1392 695 1492 747 οὐκ
1512 695 1577 748 ἂν
1600 695 1827 758 ἕκαστος

159 788 234 841 τὰ
263 789 522 858 χρήματα
548 787 713 841 αὑτοῦ
743 789 840 842 ὄλα
859 789 993 859 πρὸς
1024 792 1229 842 ἐκεῖνον
1257 783 1607 861 ἀνήλωσεν,ᾧ
1625 792 1652 843 0
1675 790 1828 860 βασι-

159 869 294 947 λεῦς
321 884 691 955 ηὐχαρίστησε
715 901 730 949 ;
750 884 867 948 πῶς
881 887 981 937 οὐκ
1007 885 1073 939 ἂν
1100 886 1493 953 ἀπελογίσατος
1516 885 1630 949 πῶς
1647 888 1746 939 οὐκ
1761 886 1826 940 ἂν

160 978 398 1042 ἕκαστος
434 978 766 1033 ἐσπούδασεν
808 980 999 1034 ἐαυτὸν
1040 980 1191 1051 αύτῷ
1237 980 1576 1050 παραθέσθαι
1614 981 1708 1034 καὶ
1737 997 1827 1050 φι-

161 1075 426 1145 λιωθῆναι
446 1094 462 1142 ;

233 1188 307 1251 γ’.
338 1183 521 1237 Ετδετε
545 1182 642 1255 τὴν
655 1183 886 1256 δύναμιν
900 1184 993 1238 τοῦ
1010 1185 1167 1253 λόγου
1187 1203 1202 1252 ;
1220 1186 1280 1238 Et
1299 1185 1353 1238 δέ
1372 1202 1436 1253 γε
1453 1185 1545 1238 ἐπὶ
1562 1184 1827 1255 βασιλέως

159 1276 459 1349 ἀνθρώπου
505 1279 773 1348 τοσαύτην
820 1281 987 1351 τιμὴν
1036 1278 1149 1350 ἔχει
1188 1280 1249 1333 τὸ
1277 1282 1528 1350 πρᾶγμα,
1572 1279 1822 1348 ἐννόησον

158 1373 400 1444 Χριστὸν
427 1374 487 1426 ἐν
511 1375 693 1447 ἐκείνῃ
723 1378 791 1445 τῇ
820 1376 1003 1447 ἡμέρᾳ
1034 1375 1299 1429 καλοῦντα
1323 1377 1415 1428 ἐπὶ
1456 1376 1702 1443 ἀγγέλων
1729 1375 1823 1427 καὶ

159 1468 347 1537 πάσης
363 1468 666 1539 δυνάμεως,
685 1472 781 1524 καὶ
802 1470 1047 1539 λέγοντα·
1070 1463 1240 1534 Οὗτός
1275 1487 1341 1540 με
1372 1473 1429 1523 ἐν
1458 1472 1524 1540 τῇ
1556 1471 1626 1539 γῇ
1660 1468 1825 1534 ἐξένι-

160 1578 275 1616 σεν·
300 1557 457 1627 οὗτός
497 1582 564 1634 με
597 1566 767 1636 μυρία
796 1565 1185 1635 εὐηργέτησεν·
1216 1560 1373 1629 οὗτός
1414 1582 1481 1634 με
1514 1564 1663 1631 ξένον
1693 1563 1821 1616 ὅντα

161 1661 492 1728 συνήγαγεν·
526 1660 779 1730 ἐννόησον
799 1660 985 1714 λοιπὸν
1009 1660 1109 1727 τὴν
1141 1660 1454 1730 παρρησίαν
1474 1658 1571 1727 τὴν
1595 1659 1688 1711 ἐπί
1712 1658 1819 1710 τῶν

157 1753 433 1822 ἀγγέλων,
464 1756 525 1809 τὺ
547 1755 809 1827 καύχημα
832 1757 894 1809 τὸ
927 1757 1020 1809 ἐπὶ
1048 1756 1156 1808 τῶν
1176 1755 1366 1825 δήμων
1404 1753 1510 1806 τῶν
1534 1753 1664 1807 ἄνω.
1692 1748 1764 1822 ᾯ
1791 1754 1819 1805 0

153 1848 397 1918 Χριστὸς
425 1856 724 1923 μαρτυρεῖ,
777 1852 895 1916 πῶς
946 1853 1045 1905 οὐκ
1073 1852 1139 1906 ἂν
1190 1853 1290 1922 σχῇ
1341 1851 1652 1921 παρρησίαν
1676 1849 1817 1920 ὑπὲρ

154 1948 460 2016 ἀγγέλουςς
510 1948 667 2018 Μέγα
721 1945 814 2003 οῦν
856 1953 1086 2021 πρᾶγμα
1138 1947 1512 2020 ἐλεημοσύνη,
1565 1946 1813 2014 ἀδελφοί·

151 2042 364 2114 ταύτην
390 2043 788 2115 ἀσπασώμεθα,
815 2041 883 2116 ἧς
911 2046 1062 2099 οὐδὲν
1094 2046 1229 2100 ίσον·
1266 2046 1423 2115 ἱκανή
1450 2046 1565 2097 ἐστι
1594 2043 1690 2097 καὶ⁹
1717 2042 1813 2096 ἀλ-

153 2138 253 2201 λας
279 2138 556 2209 ἁμαρτίας
587 2139 886 2208 ἐξαλεῖψαι,
913 2142 1008 2195 καὶ
1040 2139 1138 2210 τὴν
1178 2140 1358 2211 κρίσιν
1379 2138 1687 2192 ἀπελάσαι·
1719 2137 1813 2190 σοῦ

154 2231 473 2296 σιωπῶντος
507 2234 704 2304 ἔστηκε
730 2235 826 2288 καὶ
851 2238 1143 2307 συνηγορεῖ
1169 2252 1181 2264 ·
1217 2234 1418 2304 μᾶλλον
1446 2234 1504 2287 δέ
1555 2233 1650 2285 σοῦ
1684 2249 1815 2285 σιω-

156 2327 368 2391 πῶντος
401 2330 573 2399 μυρία
611 2330 857 2401 στόματα
890 2331 1210 2401 εὐχαριστεῖ
1239 2330 1378 2401 ὑπὲρ
1408 2328 1522 2383 σοῦ.
1564 2327 1815 2382 Τοσαῦτα

154 2422 335 2490 ἀγαθά
363 2425 428 2476 ἐκ
456 2424 556 2494 τῆς
601 2424 992 2496 ἐλεημοσύνης,
1039 2427 1135 2478 καὶ
1186 2427 1347 2495 ἡμεῖς
1387 2423 1694 2495 ἀμελοῦμεν
1719 2423 1813 2476 καὶ

152 2519 654 2589 ἀναπεπτώκαμεν.
693 2520 794 2583 Δὸς
837 2521 980 2574 κατά
1027 2521 1255 2590 δύναμιν
1287 2520 1479 2591 ἄρτον·
1524 2521 1626 2573 οὐκ
1669 2519 1812 2589 ἔχεις

150 2614 358 2684 ἀρτονς
407 2613 497 2677 δὺς
550 2613 768 2668 ὀϐολόν·
812 2617 912 2669 οὐκ
950 2615 1094 2686 ἔχεις
1141 2616 1359 2681 ὀϐολόνς
1417 2614 1505 2678 δὸς
1554 2616 1813 2685 ποτήριον

146 2707 363 2778 ψυχροῦ
393 2707 612 2773 ὓδατος·
650 2710 750 2763 οὐκ
783 2710 928 2780 ἐχεις
946 2711 1133 2776 τοῦτο;
1164 2711 1542 2781 συμπένθησον
1582 2710 1659 2782 τῷ
1696 2710 1811 2765 θλι-

150 2804 387 2873 ϐομένῳ,
417 2804 509 2856 καὶ
534 2803 676 2874 ἔχεις
700 2805 911 2875 μισθόν.
937 2808 1010 2860 Οὐ
1033 2808 1142 2878 γὰρ
1156 2807 1257 2876 τῆς
1280 2808 1522 2877 ἀνάγκης
1543 2808 1571 2860 0
1599 2808 1808 2879 μισθὸς,

148 2897 287 2952 ἀλλά
310 2897 415 2969 τῆς
443 2898 831 2970 προαιρέσεως.
871 2899 1011 2952 Ἀλλ’
1043 2901 1120 2964 ὡς
1152 2900 1232 2953 ἐτι
1261 2903 1387 2972 περὶ
1416 2902 1606 2955 τούτου
1637 2902 1813 2955 διαλε-

151 2995 362 3066 γόμεθα
382 3035 399 3060 ,
429 2994 652 3065 ἐξῆλθεν
700 2998 830 3066 ήμίν
878 2998 910 3068 ή
947 2998 1166 3068 φροντὶς
1193 2997 1301 3051 τῶν
1341 2999 1643 3070 παρθένων·
1677 2998 1811 3068 φέρε

147 3086 243 3145 οὖν
273 3091 359 3154 είς
384 3089 443 3142 τὺ
474 3090 833 3160 προκείμενον
865 3092 1265 3165 ἐπανέλθωμον.
1286 3095 1427 3149 Δότε
1444 3096 1607 3164 ἡμῖν,
1625 3099 1807 3166 φησὶν,

150 3188 362 3240 ἔλαιον
389 3187 458 3240 ἐκ
481 3186 593 3240 τῶν
618 3182 871 3253 ἀγγείων
904 3192 1092 3261 ὑμῶν.
1160 3195 1242 3247 Οὐ
1274 3192 1575 3260 δυνάμεθα
1603 3192 1811 3246 δοῦναι

163 3278 323 3353 ὑμῖν,
336 3284 570 3353 μήποτε
594 3286 707 3338 οὐκ
730 3285 958 3352 ἀρκέσῃ
984 3286 1131 3354 ἡμῖν
1150 3286 1249 3340 καὶ
1273 3286 1434 3355 ὑμῖν·
1468 3288 1606 3340 ἀλλ’
1628 3286 1813 3341 ἀπελ-

151 3377 368 3432 θοῦσαι
393 3380 730 3448 ἀγοράσατε
753 3381 872 3434 ἀπὸ
903 3383 1023 3434 τῶν
1050 3383 1434 3437 πωλούντων.
1469 3383 1812 3451 Ἀπερχομέ-

150 3490 273 3526 νων
301 3473 373 3526 δὲ
396 3472 597 3555 αὐτῶν
647 3475 955 3545 ἀγοράσαι,
995 3472 1181 3545 ἦλθεν
1225 3480 1259 3529 δ
1309 3477 1588 3545 νυμφίος,
1613 3477 1713 3530 καὶ
1751 3479 1811 3531 αἱ

153 3572 403 3638 ἔχουσαι
434 3572 544 3635 τὰς
565 3570 885 3640 λαμπάδας
905 3571 1160 3639 φαιδρᾶς
1196 3572 1608 3638 συνεισῆλθον
1625 3570 1806 3638 αὐτῷ,

152 3665 249 3717 καί
278 3665 654 3733 ἀπεκλείσθη
680 3667 719 3734 ἡ
748 3667 899 3733 θύρα
948 3666 1288 3736 νυμφῶνος.
1317 3662 1518 3721 Ἦλθον
1543 3667 1599 3720 δέ
1626 3668 1721 3721 καὶ
1748 3670 1808 3721 αί

152 3764 313 3817 πέντε
353 3764 555 3836 μωραὶ,
607 3766 699 3817 καὶ
737 3764 961 3836 ἐκρουον
1010 3764 1109 3835 τὴν
1155 3765 1326 3836 θύραν
1374 3764 1468 3817 τοῦ
1525 3766 1810 3835 νυμφῶνος

152 3858 373 3927 βοῶσαι·
410 3858 689 3923 Ἀνοιξον
724 3860 885 3928 ἡμῖν·
919 3862 1013 3913 καὶ
1050 3860 1199 3931 φωνὴ
1246 3860 1446 3915 ἔσωθεν
1480 3861 1614 3931 πρὸς
1642 3861 1810 3924 αὑτὰς

151 3954 242 4007 τοῦ
292 3956 550 4026 νυμφίου·
598 3954 911 4010 Ἀπέλθετε
958 3958 1060 4011 ἀπ’
1092 3957 1273 4026 ἐμοῦ,
1312 3959 1423 4012 οὐκ
1470 3955 1603 4012 οῖδα
1632 3957 1808 4027 ὑμᾶς.

151 4052 257 4105 Καὶ
280 4051 425 4121 μετά
452 4052 740 4116 τοσούτους
790 4054 1074 4123 καμάτους
1121 4054 1174 4106 τί
1218 4054 1488 4124 ἧκουσανς
1525 4057 1646 4109 Οὐκ
1676 4052 1811 4110 οῖδα

152 4145 325 4214 ὑμᾶς.
344 4146 513 4199 Τοῦτό
541 4149 711 4211 ἐστιν,
741 4149 770 4201 0
799 4148 1006 4216 ἔλεγον,
1037 4151 1159 4218 είκῆ
1186 4149 1281 4203 καὶ
1306 4154 1482 4219 μάτην
1516 4151 1812 4221 ἐκτήσαντο

149 4241 210 4294 τὸ
234 4242 385 4311 μέγα
410 4241 599 4311 κτῆμα
624 4242 722 4310 τῆς
745 4243 1062 4313 παρθενίας.
1106 4242 1411 4313 Ἐννόησον,
1467 4243 1604 4313 μετά
1627 4243 1813 4297 τοσούο

146 4354 273 4401 τους
300 4338 582 4407 καμάτους
616 4338 1005 4408 ἐξεϐλήθησαν,
1034 4340 1123 4392 ὅτε
1156 4339 1426 4409 ἀκρασίαν
1459 4341 1809 4411 ἐχαλίνωσαν,

148 4427 302 4501 [298]
331 4432 423 4483 ὅτε
444 4431 584 4499 πρὸς
600 4428 699 4492 τὰς
732 4429 845 4483 άνω
872 4430 1129 4500 δυνάμεις
1160 4430 1257 4501 τὴν
1284 4431 1516 4501 ἅμιλλαν
1538 4430 1700 4501 εἶχον,
1721 4433 1810 4485 ὅτε

144 4525 255 4579 τῶν
291 4524 564 4595 βιωτικῶν
609 4525 981 4594 κατεγέλασαν
1016 4526 1387 4597 πραγμάτων,
1420 4528 1509 4580 ὅτε
1542 4527 1633 4580 τὸν
1678 4527 1813 4580 καύ-

148 4642 296 4678 σωνα
337 4624 652 4695 ὕπήνεγκαν
706 4618 817 4677 τδν“
843 4624 1034 4695 μέγαν.
1071 4624 1161 4677 ὅτε
1198 4625 1268 4677 τά
1314 4624 1612 4695 σκάμματα
1647 4626 1813 4695 ὑπερ-

146 4720 379 4789 έϐησαν,
402 4720 492 4773 ὅτε
509 4719 617 4773 ἀπὸ
642 4719 746 4789 γῆς
770 4720 848 4783 είς
870 4719 1095 4791 οὐρανὸν
1119 4719 1589 4789 άνεπτερώθησαν.
1607 4721 1693 4774 ὅτε
1718 4719 1811 4773 τοῦ

152 4813 407 4884 σώματος
432 4814 532 4883 τὴν
563 4814 835 4883 σφραγῖδα
863 4814 923 4868 ού
976 4814 1247 4878 διέλυσαν,
1284 4816 1373 4868 ὅτε
1400 4816 1460 4868 τὸ
1500 4815 1643 4886 μέγα
1676 4812 1813 4880 εἶδος

147 4913 247 4980 τῆς
279 4909 580 4980 παρθενίας
610 4910 929 4980 ἐκτήσαντο,
958 4911 1045 4963 ὅτε
1092 4910 1191 4981 τὴν
1236 4909 1468 4981 ἅμιλλαν
1514 4911 1649 4982 πρὸς
1688 4912 1812 4975 τοὺς

149 5004 420 5075 ἀγγέλους
451 5005 628 5076 ἐσχον.
663 5006 752 5061 ὅτε
779 5005 874 5058 τοῦ
899 5005 1151 5075 σώματος
1184 5005 1281 5069 τάς
1307 5006 1554 5074 ἀνάγκας
1576 5007 1814 5060 κατεπά-

146 5118 345 5172 τησαν,
368 5101 459 5155 ἅτε
484 5102 582 5172 τῆς
609 5101 825 5169 φύσεως
855 5100 1258 5172 ἐπελήσθησαν,
1288 5102 1377 5154 ὅτε
1414 5103 1472 5154 ἐν
1506 5102 1716 5173 σώματι
1744 5102 1814 5157 τά

147 5196 422 5268 ἀσώματα
453 5197 779 5251 ἐπετέλεσαν
797 5235 813 5261 ,
860 5199 948 5252 ὅτε
974 5198 1035 5251 τὸ
1080 5196 1222 5267 μέγα
1262 5199 1357 5251 καὶ⁸
1389 5198 1814 5270 ἀκαταμάχητον

150 5293 342 5364 κτῆμα
369 5292 473 5363 τῆς
498 5293 795 5364 παρθενίας
821 5295 1140 5363 ἐκτήσαντο·
1163 5294 1283 5347 τότε
1314 5294 1573 5365 ἥκουσαν,
1615 5294 1815 5349 Ἀπέλ-

149 5391 287 5444 οατσ
313 5388 419 5443 ἀπ’
448 5387 615 5457 ἐμοῦ,
640 5390 753 5443 οὐκ
780 5386 913 5443 οἶδα
942 5387 1116 5459 ὑμᾶς.
1160 5389 1251 5459 Μὴ
1289 5389 1399 5460 γὰρ
1436 5391 1561 5459 ἐμοὶ
1586 5392 1813 5465 νομίσῃς

149 5485 211 5538 τὸ
242 5483 347 5554 τῆς
385 5483 687 5554 παρθενίας
721 5484 949 5555 μέγεθος
988 5484 1182 5555 μικρὸν
1211 5479 1371 5538 εἶναι·
1404 5485 1643 5539 τοιοῦτόν
1668 5487 1813 5540 ἐστιν

149 5581 187 5653 ἡ
220 5579 514 5652 παρθενία,
545 5582 629 5635 ὅτι
652 5581 829 5644 οὐδεὶς
856 5580 1097 5653 ἠδυνήθη
1120 5582 1229 5635 τῶν
1268 5583 1510 5654 ἀρχαίων
1536 5582 1694 5637 τοῦτο
1720 5600 1815 5655 τη-

153 5677 340 5753 ρήσαι.
368 5676 469 5733 Διά
500 5676 659 5732 τοῦτο
678 5676 786 5749 γάρ
816 5680 848 5750 ἡ
886 5679 1044 5753 χάρις
1080 5680 1310 5753 μεγάλη,
1341 5681 1423 5736 ὅτι
1456 5682 1489 5737 ε
1514 5676 1578 5754 ἦν
1603 5681 1808 5752 φοϐερά

1332 289 1420 344 DE
1452 289 1939 349 ELEEMOSYNA.
1980 292 2212 348 HOMiL.
2248 291 2333 346 lll.

3487 292 3589 347 290

1934 413 1992 462 ἐν
2025 412 2137 471 τοῖς
2177 406 2488 477 προφήταις
2527 403 2621 457 καὶ
2650 404 2710 456 ἐν
2738 407 2849 467 τοῖς
2873 406 3137 476 ἀρχαίοις,
3164 408 3334 461 ταῦτα
3372 406 3588 475 ἐγένετο

1932 494 2028 546 νῦν
2070 491 2543 563 εὐκαταφρόνητα.
2599 489 2733 542 Τίνα
2786 491 2896 561 γάρ
2932 487 2999 561 ἢν
3045 494 3116 547 τὰ
3170 493 3448 564 βαρύτατα
3494 494 3591 546 καὶ

1934 581 2243 647 ἀναγκαῖα;
2266 576 2561 646 Παρθενία,
2592 576 2686 629 καὶ
2721 575 2949 629 θανάτου
2986 578 3275 649 ὑπεροψία·
3307 578 3441 632 ἀλλὰ
3464 579 3590 633 τού.

1932 685 2040 720 των
2074 665 2168 719 νῦν
2217 665 2311 718 καὶ
2348 664 2506 733 κόραι
2555 663 2791 726 εὐτελεῖς
2833 664 3247 732 καταφρονοῦσι.
3300 666 3445 736 Βαρὺ
3477 666 3588 737 γάρ

1931 748 1999 823 ἦν
2029 753 2089 805 τὸ
2112 752 2211 820 τῆς
2238 749 2533 820 παρθενίας
2561 749 2744 818 κτῆμα
2773 748 2965 811 οὕτως,
2995 749 3071 811 ὡς
3105 751 3308 819 μηδένα
3332 752 3588 806 δύνασθαι

1932 841 2137 908 ταύτην
2167 838 2405 907 ἀσκῆσαι
2436 836 2544 887 τῶν
2573 835 2838 889 παλαιῶν.
2869 837 2991 888 Νῶε
3016 836 3224 899 δίκαιος
3253 838 3346 889 καὶ
3378 856 3587 909 μαρτυ-

1936 927 2119 996 ρηθεὶς
2138 926 2242 976 ὑπὸ
2265 923 2356 976 τοῦ
2369 923 2526 984 Θεοῦ,
2541 922 2675 974 ἀλλὰ
2697 924 2914 991 γυναικὶ
2938 924 3370 995 προσωμίλησεν*
3389 926 3589 994 ὁμοίως

1929 1012 1986 1063 δὲ
2016 1011 2219 1081 Ἀϐραά
2227 1028 2265 1080 μ
2286 1012 2380 1063 καὶ
2406 1009 2588 1062 Ἰσαὰκ
2603 1013 2650 1061 οί
2675 1010 2880 1080 συγκλη
2890 1010 3106 1079 ρονόμοι
3128 1011 3291 1064 αὐτοῦ
3306 1011 3406 1079 τῆς
3423 1013 3590 1078 ἐπαγ-ν

1931 1097 2115 1165 γελίας
2138 1099 2357 1165 γυναικὶ
2378 1097 2820 1167 προσωμίλησαν.
2850 1096 3046 1167 Ἰωσὴφ
3064 1098 3092 1149 ὀ
3114 1096 3342 1167 σώφρων
3363 1099 3424 1149 τὸ
3446 1098 3589 1167 μέγα

1929 1181 2113 1252 δρᾶμα
2144 1183 2245 1251 τῆς
2293 1183 2537 1251 μοιχείας
2570 1185 2863 1252 ἠρνήσατο·
2891 1182 3030 1234 ἀλλά
3061 1184 3156 1235 καὶ
3188 1176 3345 1246 οὗτος
3366 1183 3588 1251 γυναικὶ

1930 1268 2370 1338 προσωμίλησεν·
2403 1268 2542 1338 βαρὺ
2577 1268 2686 1339 γὰρ
2714 1265 2780 1338 ἦν
2808 1268 2868 1320 τὸ
2901 1268 3224 1339 ἐπάγγελμα
3253 1270 3353 1337 τῆς
3381 1270 3588 1340 παρθε-

1928 1356 2067 1416 νίας.
2104 1356 2328 1407 Ἔκτοτε
2362 1355 2557 1425 ἰσχυρά
2594 1357 2627 1425 ὴ
2662 1355 2928 1425 παρθενία
2961 1356 3198 1424 ἐγένετο,
3234 1356 3383 1419 ἐξότε
3405 1357 3467 1409 τὸ
3491 1358 3587 1410 άν-

1929 1440 2019 1504 θος
2049 1442 2109 1493 τὸ
2140 1442 2238 1511 τῆς
2286 1441 2584 1510 παρθενίας
2627 1442 2976 1509 ἐϐλάστησεν.
3025 1443 3211 1505 Οὐδεὶς
3253 1443 3434 1495 τοίνυν
3476 1442 3586 1496 τῶν

1928 1526 2171 1579 παλαιῶν
2188 1527 2425 1597 ἠδυνήθη
2448 1527 2743 1599 παρθενίαν
2772 1529 3029 1597 ἀσκῆσαι·
3052 1529 3195 1597 μέγα
3214 1528 3325 1599 γὰρ
3351 1530 3585 1598 πρᾶγμα

1928 1613 2087 1682 σῶμα
2136 1612 2451 1682 χαλινῶσαι.
2511 1614 3004 1684 Ἀναζωγράφησον
3058 1613 3135 1683 τῷ
3180 1614 3323 1682 λόγῳ
3374 1615 3436 1667 τὸ
3482 1615 3583 1684 τῆς

1927 1697 2228 1767 παρθενίας
2253 1694 2391 1761 εἶδος
2411 1737 2426 1762 ,
2461 1700 2557 1752 καὶ
2594 1700 2879 1768 κατάμαθε
2904 1699 2963 1751 τὸ
2997 1700 3226 1770 μέγεθος
3255 1701 3353 1769 τῆς
3381 1701 3584 1771 ἀρετῆς

1926 1784 2114 1853 αὐτῆς·
2152 1784 2233 1836 ἐτι
2266 1784 2499 1855 πόλεμον
2536 1784 2651 1855 ἔχει
2691 1787 2778 1854 ἐφ’
2810 1785 3049 1855 ἑκάστης
3084 1787 3297 1855 ἡμέρας
3326 1786 3583 1839 οὐδέποτε

1924 1870 2219 1941 δυνάμενον
2249 1872 2542 1941 ἡσυχάσαι·
2585 1871 2782 1941 χείρων
2826 1871 2922 1923 τοῦ
2968 1870 3307 1941 βαρϐαρικοῦ
3342 1870 3581 1940 πολέμου

1924 1951 2079 2019 οὗτος
2105 1959 2133 2010 0
2161 1956 2417 2026 πόλεμος.
2467 1956 2523 2009 Ὀ
2555 1956 2653 2026 μὲν
2691 1957 2799 2026 γάρ
2849 1956 2959 2009 τῶν
3010 1957 3301 2027 βαρϐάρων
3350 1956 3584 2027 πόλεμος

1924 2045 2115 2116 καιρόν
2134 2062 2255 2099 τινα
2282 2045 2393 2115 ἔχει
2421 2046 2620 2115 ἀνοχῆς
2640 2047 2700 2097 ἐν
2720 2049 2839 2109 ταῖς
2869 2046 3185 2117 συνθήκαις,
3211 2046 3305 2100 καὶ
3331 2046 3460 2100 ποτέ
3483 2046 3584 2115 μὲν

1924 2130 2325 2201 συμϐάλλουσι,
2363 2133 2493 2185 ποτέ
2520 2132 2576 2185 δὲ
2608 2131 2693 2196 οὒ,
2716 2135 2811 2186 καὶ
2843 2133 3028 2198 τάξεις
3059 2134 3159 2187 -καὶ
3200 2134 3382 2203 χρόνοι
3420 2133 3578 2186 εἰσίν·

1921 2220 2014 2272 ἐπὶ
2044 2219 2101 2272 δὲ
2134 2219 2227 2273 τοῦ
2251 2220 2488 2289 πολέμου
2526 2220 2620 2273 τοῦ
2662 2221 2795 2293 πρὸς
2829 2224 2928 2293 τὴν
2973 2222 3276 2293 παρθενίαν
3311 2223 3410 2274 οὐκ
3435 2221 3581 2273 ἐστιν

1920 2306 2110 2376 ἀνοχή·
2140 2305 2386 2369 διάϐολος
2406 2306 2512 2378 γάρ
2543 2309 2686 2359 ἐστιν
2712 2310 2740 2359 0
2771 2307 3044 2377 πολεμῶν,
3086 2308 3148 2360 οὐ
3174 2308 3365 2377 καιρὸν
3391 2309 3581 2376 ἐπιτη-

1921 2395 2034 2464 ρεῖν
2064 2391 2359 2456 ἐπιθέσεως
2382 2393 2556 2456 εἰδὼς,
2593 2394 2654 2445 οὐ
2694 2393 2945 2458 σύνταξιν
2989 2394 3127 2464 πρὸς
3166 2395 3267 2464 τὴν
3303 2392 3579 2462 συμϐολήν

1920 2479 2307 2549 ἐκδεχόμενος,
2359 2477 2473 2532 ἀλλ’
2529 2480 2759 2549 ἐστηκεν
2810 2481 2898 2533 ἀεὶ⁵
2935 2480 3115 2551 ζητῶν
3160 2481 3259 2550 τὴν
3312 2479 3580 2549 παρθένον

1920 2566 2131 2637 γυμνὴν
2161 2566 2373 2635 εὑρεῖν,
2421 2566 2508 2618 ἵνα
2543 2566 2762 2635 καιρίαν
2812 2568 3065 2637 ἐπαγάγῃ
3088 2567 3186 2635 τὴν
3220 2568 3453 2636 πληγήν·
3486 2566 3582 2618 καὶ⁵

1918 2652 2175 2705 οὐδέποτε
2204 2652 2424 2706 δύναται
2466 2655 2500 2721 ἡ
2536 2653 2803 2722 παρθένος
2845 2653 2938 2706 τοῦ
2982 2654 3219 2722 πολέμου
3269 2651 3580 2705 παύσασθαι

1918 2739 2133 2797 τούτου.
2166 2738 2283 2793 ἀλλ’
2318 2742 2376 2792 ἐν
2395 2739 2531 2809 αὐτῇ
2568 2740 2657 2791 τὸν
2677 2738 2914 2809 τάραχον
2945 2740 3200 2809 περιάγει
3230 2739 3324 2792 καὶ
3355 2738 3446 2790 τὸν
3480 2754 3581 2789 πο-

1923 2826 2211 2897 λεμιστήν.
2254 2826 2363 2879 Καὶ
2389 2827 2439 2879 οἱ
2480 2826 2578 2894 μὲν
2602 2826 2880 2879 κατάδικοι
2914 2826 3017 2878 κᾶν
3041 2825 3178 2895 πρὸς
3213 2824 3402 2895 καιρὸν
3429 2822 3577 2881 ἴδωσι

1918 2914 2009 2967 τὸν
2033 2914 2300 2983 ἄρχοντα,
2348 2913 2450 2982 οὐχ
2492 2911 2636 2965 οὕτω
2682 2911 3070 2982 χειμάζονται·
3125 2913 3158 2981 ή
3208 2911 3264 2965 δὲ
3312 2912 3583 2981 παρθένος

1917 3001 2160 3070 ὅπουπερ
2185 3000 2250 3054 ἂν
2283 3000 2609 3070 ἀπέρχηται,
2630 2999 2719 3051 τὸν
2743 2998 3000 3068 δικαστὴν
3032 2999 3285 3068 περιάγει
3310 2998 3427 3066 μεθ’
3454 2999 3583 3050 ἐαυο

1919 3088 2037 3157 τῆς,
2067 3086 2274 3141 καὶτὸν
2309 3086 2567 3155 πολέμιον
2613 3086 2898 3155 περιφέρει
2920 3124 2935 3149 ,
2988 3085 3084 3138 καλ⁵
3120 3088 3148 3138 0
3195 3085 3455 3154 πολέμιος
3483 3086 3582 3154 οὐχ

1918 3174 2156 3244 ἑσπέρας
2183 3175 2318 3244 αὐτῇ
2356 3174 2569 3226 δίδωσιν
2599 3173 2801 3235 ἄνεσιν,
2828 3173 2927 3225 οὐκ
2955 3174 3011 3226 ἐν
3039 3173 3213 3234 νυκτὶ,
3237 3172 3335 3223 οὐκ
3362 3171 3579 3240 ὄρθρου,

1916 3262 2018 3314 ούκ
2049 3264 2106 3314 ἐν
2148 3260 2485 3331 μεσημϐρίᾳ·
2518 3259 2655 3312 ἀλλά
2680 3258 2909 3328 πολεμεί
2935 3258 3187 3319 πάντοτε,
3227 3257 3418 3325 ἡδονὴν
3451 3259 3583 3309 ὑπο-

1916 3347 2219 3417 τιθέμενος,
2245 3347 2424 3417 γάμον
2466 3346 2704 3416 μηνύων,
2753 3346 2899 3407 ὂπως
2929 3345 3029 3415 τὴν
3081 3344 3281 3414 ἀρετὴν
3322 3344 3381 3409 ἐξ
3409 3345 3579 3413 αὐτῆς

1918 3433 2211 3506 άποδιώξῃ,
2240 3434 2331 3486 καὶ
2363 3434 2510 3495 ὅπως
2559 3434 2658 3502 τὴν
2687 3432 2885 3484 κακίαν
2931 3432 2989 3483 ἐν
3042 3430 3178 3499 αὐτῇ
3238 3430 3575 3501 ἐγγεννήσῃ·

1917 3522 2064 3583 ὅπως
2092 3521 2191 3591 τὴν
2228 3519 2580 3589 σωφροσύνην
2607 3520 2775 3587 αὐτῆς
2806 3518 3076 3589 ἀπελάσῃ,
3134 3518 3283 3579 ὅπως
3323 3518 3581 3586 πορνείαν

1917 3607 2209 3678 ἐνσπείρῃ·
2253 3606 2533 3658 ἐκκαίεται
2582 3606 2666 3671 ἐφ’
2717 3604 2954 3674 ἑκάστης
2997 3603 3147 3674 ὥρας
3192 3604 3288 3673 τῆς
3314 3603 3510 3671 ήδονῆς
3545 3604 3579 3672 ή

1916 3693 2147 3763 κάμινος
2183 3690 2475 3762 μαλθακῶς
2514 3688 2905 3759 ὑποκαιομένη.
2955 3689 3238 3757 Ἐννόησον
3285 3690 3449 3751 πόσος
3483 3688 3579 3740 τοῦ

1918 3776 2341 3848 κατορθώματος
2392 3779 2421 3830 0
2471 3776 2736 3845 κάματος.
2800 3774 2939 3827 Ἀλλ’
2983 3776 3188 3826 ἐκεῖναι
3226 3773 3365 3843 μετὰ
3404 3773 3581 3826 ταῦτα

1918 3863 2096 3916 πάντα
2119 3863 2380 3932 ήκουσαν,
2427 3862 2731 3915 Ἀπέλθετε
2763 3861 2862 3913 ἀπ’
2895 3860 3065 3929 ἐμοῦ,
3092 3863 3203 3913 οὐκ
3239 3856 3373 3912 οἶδα
3399 3858 3577 3928 ὑμᾶς.

1920 3950 2061 4019 Ὅρα
2086 3949 2202 4012 πῶς
2236 3948 2380 4019 μέγα
2399 3949 2637 4018 πρᾶγμα
2656 3951 2690 4017 ή
2724 3947 3013 4016 παρθενία·
3039 3947 3169 4000 ὅταν
3193 3946 3292 4018 ἔχῃ
3312 3946 3411 4015 τὴν
3432 3945 3581 3998 ἀδελ-

1918 4036 2023 4106 φὴν
2051 4036 2221 4105 αὐτῆς
2256 4034 2353 4105 τὴν
2394 4033 2801 4105 ἐλεημοσύνην,
2841 4033 2996 4086 ούδέν
3033 4033 3200 4102 αὐτῆς
3244 4032 3580 4102 περιγίνεται

1915 4124 2024 4176 τῶν
2056 4122 2205 4195 [299]
2237 4122 2446 4183 δεινῶν,
2479 4121 2593 4175 ἀλλ’
2619 4120 2867 4190 άνωτέρα
2895 4121 3112 4174 πάντων
3144 4120 3281 4172 ἐστί.
3306 4120 3404 4172 Διά
3421 4117 3581 4171 τοῦτο

1915 4212 2124 4265 ἐκεῖναι
2152 4210 2253 4263 οὐκ
2297 4208 2565 4276 εἰσῆλθον,
2591 4206 2779 4277 ἐπειδὴ
2817 4206 2956 4277 μετά
2996 4206 3095 4276 τῆς
3136 4204 3434 4274 παρθενίας
3475 4207 3577 4275 τὴν

1918 4295 2284 4367 ἐλεημοσύνην
2316 4294 2415 4347 οὐκ
2439 4289 2600 4364 εἷχον.
2631 4292 2837 4361 Πολλῆς
2866 4292 3127 4362 αἰσχύνης
3154 4291 3215 4344 τδ
3235 4290 3385 4361 ρῆμα
3408 4289 3577 4354 ἀξιον·

1917 4384 2112 4455 ἡδονὴν
2139 4381 2631 4444 καταπαλαίσασα,
2681 4380 2979 4451 χρημάτων
3031 4379 3093 4432 ού
3133 4378 3577 4449 κατεφρόνησας·

1918 4472 2057 4525 ἀλλά
2092 4469 2361 4541 παρθένος
2387 4468 2770 4538 ἀποταξαμένη
2796 4466 2874 4537 τῷ
2915 4466 3037 4537 βίῳ,
3074 4468 3168 4520 καλ⁸
3203 4465 3581 4537 παυρωθείσα

1918 4557 2215 4628 χρημάτων
2253 4557 2403 4625 ἐρᾷς.
2454 4554 2579 4607 Εἴθε
2617 4554 2807 4623 ἀνδρὸς
2839 4553 3227 4623 ἐπεθύμησας,
3276 4553 3372 4606 καὶ
3408 4552 3469 4604 οὐ
3493 4567 3581 4603 το-

1920 4641 2106 4694 σοῦτον
2137 4640 2199 4693 τὸ
2236 4638 2486 4707 ἔγκλημα
2517 4634 2606 4709 ἦν·
2638 4639 2737 4708 τῆς
2768 4638 2877 4708 γάρ
2896 4637 3183 4707 όμοουσίου
3222 4636 3352 4705 ὕλης
3378 4633 3578 4687 ἐπεθύο

1922 4744 2061 4798 μεις·
2098 4724 2192 4777 νῦν
2232 4724 2289 4777 δὲ
2322 4724 2525 4794 μείζων
2567 4725 2601 4793 ή
2650 4724 2976 4795 κατηγορία,
3022 4724 3105 4777 ὅτι
3132 4721 3417 4789 ἀλλοτρίας
3448 4719 3579 4787 ὕλης

1918 4812 2288 4882 ἐπεθύμησας.
2322 4810 2522 4873 Ἔστω,
2555 4812 2611 4863 αί
2660 4809 2918 4881 ὕπανδροι
2948 4812 3152 4862 ἐκεῖναι
3189 4806 3375 4869 κακῶς
3399 4807 3582 4859 ἀπαν-

1918 4899 2164 4971 θρωπίαν
2193 4898 2609 4964 ἐπιδείκνυνται,
2654 4898 2743 4951 δια
2775 4898 2875 4970 τὴν
2900 4897 3009 4950 τῶν
3037 4896 3241 4949 τέκνων
3267 4894 3540 4963 πρόφασιν
3558 4908 3575 4924 ·

1919 4989 2014 5041 καὶ
2044 4986 2139 5039 ἐὰν
2168 4987 2327 5057 εἴπῃς
2355 4987 2566 5049 αὐταῖς,
2593 4986 2692 5049 Δός
2714 5003 2804 5056 μοι
2836 4981 3224 5053 ἐλεημοσύνην·
3242 4980 3419 5033 Τέκνα
3446 4979 3576 5048 ἔχω,

1919 5075 2074 5145 φησὶ,
2107 5074 2202 5128 καὶ
2225 5075 2286 5127 οὑ
2313 5073 2569 5143 δύναμαι.
2602 5074 2661 5126 ’0
2688 5073 2821 5133 Θεός
2853 5089 2933 5124 σοι
2962 5071 3129 5123 ἔδωκε
3159 5068 3343 5130 τέκνα,
3368 5067 3579 5137 καρπὸν

1919 5162 2127 5225 κοιλίας
2159 5160 2349 5224 ἔλαϐες
2369 5199 2385 5225 ,
2422 5160 2509 5213 ἵνα
2545 5159 2925 5230 φιλάνθρωπος
2964 5156 3118 5227 γένῃ,
3150 5156 3250 5225 οὐχ
3290 5154 3377 5208 ίνα
3404 5154 3578 5207 ἀπάν-

1920 5250 2155 5321 θρωπος·
2184 5249 2259 5320 μὴ
2291 5249 2390 5318 τήν
2436 5247 2690 5301 ὑπόθεσιν
2724 5246 2824 5315 τῆς
2858 5242 3270 5315 φιλανθρωπίας
3304 5244 3384 5306 είς
3411 5243 3579 5313 ἀφορ-

1924 5338 2030 5408 μὴν
2050 5335 2444 5405 ἀπανθρωπίας
2464 5333 2795 5403 ἐκλάμϐανε.
2813 5331 2998 5395 Θέλεις
3020 5329 3386 5402 κληρονομίαν
3406 5329 3580 5399 καλὴν

1920 5421 2239 5490 καταλείψαι
2271 5424 2381 5483 τοῖς
2417 5421 2624 5483 τέκνοις
2645 5436 2738 5473 σου
2762 5436 2777 5485 ;
2819 5419 3143 5488 κατάλειψον
3171 5417 3541 5489 ἐλεημοσύνην
3560 5456 3578 5482 ,

1921 5512 2007 5564 ἵνα
2038 5510 2237 5573 πάντες
2286 5506 2673 5578 ἐγκωμιάσωσί
2712 5524 2807 5571 σε,
2862 5508 2957 5561 καὶ
3006 5506 3438 5578 πολυθρύλλητον
3479 5502 3578 5573 τήν

1924 5599 2143 5667 μνήμην
2178 5612 2272 5649 σου
2298 5591 2654 5665 καταλείπῃς.
2693 5593 2765 5647 Σὺ
2802 5593 2859 5647 δέ
2901 5592 2978 5665 μὴ
3014 5592 3181 5647 τέκνα
3210 5592 3427 5663 ἔχουσα,
3460 5588 3575 5645 ἀλλ’

1922 5680 2303 5753 ἐσταυρωμένη
2339 5677 2415 5750 τῷ
2448 5676 2565 5748 βίῳ,
2593 5679 2679 5733 ἵνα
2705 5677 2757 5732 τί
2777 5680 3032 5750 χρήματα
3053 5677 3347 5747 συλλέγεις.
