4036 6206
165 329 274 383 297

233 447 294 500 4.
318 441 637 499 Pcuitentite
660 442 755 498 via:
773 443 944 510 varie,
976 458 1167 514 preces,
1198 442 1436 512 lact-gmw
1453 440 1626 510 (a).———
1641 440 1748 496 Sed

157 535 321 589 vivus
345 533 503 588 nobis
551 547 730 588 sermo
760 541 842 587 est
880 542 935 588 et
977 532 1118 587 circa
1159 531 1483 601 paenitentia:
1511 540 1566 585 et
1609 532 1750 586 circa

159 628 521 697 eleemosyna:
571 625 730 678 viam.
789 623 1032 678 Diximus
1077 625 1469 693 eleemosynam
1503 636 1749 692 magnam

162 717 562 789 possessionem
581 715 599 747 ³
618 732 632 769 :
653 715 776 769 inde
800 713 1033 782 suscepit
1058 727 1158 768 nos
1173 712 1485 782 virginitatis
1513 713 1747 782 pelagus.

163 810 343 866 Habes
390 810 550 880 igitur
598 806 966 877 penitentiam
1017 805 1358 875 principalem
1405 812 1460 858 et
1506 818 1750 872 magnam

165 903 590 971 eleemosynam,
618 899 886 952 valentem
918 897 1119 965 peccati
1148 905 1386 950 catenam
1417 893 1708 947 dissolvere
1732 909 1746 944 :

166 994 333 1047 habes
379 1001 431 1046 et
475 991 615 1044 viam
660 989 818 1042 aliam
863 986 1188 1057 pmnitentite
1229 996 1602 1056 opportunam,
1648 999 1750 1053 qtta

165 1083 367 1152 poteris
397 1097 426 1133 a
459 1080 690 1149 peccatis
718 1087 772 1133 te
798 1078 1086 1132 vindicare.
1130 1076 1235 1131 Ora
1265 1091 1361 1147 per
1384 1074 1618 1144 singulas
1657 1074 1752 1128 110-

164 1190 274 1238 ras,
307 1188 482 1243 neque
530 1185 689 1226 orans
716 1169 932 1226 deficias
960 1185 1133 1237 neque
1176 1169 1503 1238 negligenter
1529 1167 1619 1220 Dei
1648 1166 1757 1220 cle-

165 1265 424 1320 mentiam
448 1264 670 1332 implora
694 1279 710 1327 ;
742 1277 847 1316 non
868 1260 1090 1330 repellet
1112 1268 1165 1314 te
1189 1266 1634 1329 perseverantem,
1660 1255 1754 1311 sed

165 1365 386 1424 peccata
412 1354 662 1419 dimittet,
698 1361 752 1407 et
777 1352 937 1420 petita
964 1349 1240 1404 concedet.
1271 1347 1441 1403 Orans
1469 1346 1681 1417 quidem
1706 1345 1752 1400 si

165 1445 454 1499 exauditus
478 1444 662 1505 fueris,
695 1455 948 1512 permane
973 1441 1168 1510 gratias
1194 1455 1354 1508 agens
1383 1438 1435 1492 in
1475 1438 1714 1493 oratione
1738 1452 1752 1488 :

166 1551 274 1590 non
300 1535 600 1598 exauditus,
642 1549 797 1588 mane
840 1547 999 1586 orans
1037 1541 1090 1585 ut
1122 1530 1437 1585 exaudiaris.
1469 1529 1650 1597 Neque
1676 1527 1758 1581 di-

165 1627 336 1692 xeris,
387 1626 613 1680 multum
661 1624 828 1688 oravi,
877 1630 1036 1692 atque
1081 1619 1220 1674 haud
1262 1619 1540 1674 exauditus
1589 1632 1754 1672 sum:

171 1716 374 1771 etenim
408 1715 491 1770 vel
540 1714 592 1768 id
637 1729 781 1783 saipe
826 1722 928 1767 tua:
973 1710 1212 1764 utilitatis
1259 1709 1317 1762 ﬁt
1360 1709 1548 1778 gratia.
1602 1707 1758 1762 Novit

166 1807 312 1860 enim
341 1805 482 1874 quod
520 1807 670 1875 piger
698 1805 792 1866 sis,
821 1813 875 1858 et
903 1802 1081 1856 animo
1106 1801 1323 1856 delicias
1346 1816 1362 1865 ;
1388 1810 1441 1854 et
1468 1800 1512 1853 si
1537 1813 1758 1868 compos

166 1898 281 1952 voti
319 1897 506 1963 fueris,
540 1897 700 1951 abeas
728 1895 973 1949 oratione
1013 1893 1231 1947 dimissa
1263 1908 1277 1944 :
1306 1901 1358 1944 et
1388 1905 1484 1959 per
1509 1889 1748 1943 occasio-

167 2005 294 2044 nem
321 1987 660 2042 necessitatis
699 1985 873 2040 dilI'ert
905 1994 978 2051 te,
1012 2000 1118 2053 quo
1161 1982 1400 2036 crebrius
1432 1981 1595 2034 Deum
1622 1980 1759 2034 allo-

168 2079 376 2148 quaris,
401 2077 734 2146 orationique
782 2090 958 2130 vaces.
1003 2072 1135 2127 Nam
1174 2072 1217 2125 si
1247 2086 1308 2126 ea
1353 2071 1404 2125 in
1447 2070 1762 2124 necessitate

172 2170 462 2234 exsistens,
512 2177 672 2237 atque
718 2166 961 2234 indigens
1005 2163 1290 2234 pigritaris,
1323 2176 1493 2230 neque
1533 2159 1762 2215 orationi

174 2261 385 2314 insistis
416 2276 428 2312 :
461 2259 712 2326 quidnam
740 2258 936 2327 egeris.
967 2255 1154 2309 borum
1182 2255 1226 2308 si
1257 2253 1403 2307 nullo
1430 2251 1761 2321 indigueris?

168 2349 359 2418 Itaque
390 2347 440 2401 id
473 2347 563 2402 tibi
610 2347 730 2400 facit
760 2345 826 2400 ad
857 2345 1137 2398 utilitatem
1171 2354 1333 2405 tuam,
1365 2341 1554 2395 nolens
1583 2350 1635 2394 te
1664 2340 1760 2394 ab-

169 2439 366 2492 sistere
389 2437 456 2492 ab
481 2437 738 2490 oratione.
769 2435 922 2489 Mane
948 2449 1076 2504 ergo
1101 2444 1155 2488 et
1180 2447 1296 2497 ora,
1328 2432 1544 2495 dilecte,
1590 2445 1762 2500 neque

168 2528 356 2597 segnis
386 2537 501 2582 esto
532 2544 545 2580 :
577 2527 801 2580 multum
831 2525 972 2580 enim
1000 2525 1172 2577 oratio
1205 2531 1397 2591 potest,
1427 2537 1598 2590 neque
1625 2531 1762 2574 tam-

169 2636 337 2688 quam
384 2635 494 2674 rem
521 2634 736 2688 parvam
780 2616 1113 2687 aggrediens,
1155 2613 1379 2669 orationi
1407 2628 1578 2666 vaces.
1610 2610 1762 2676 Quod

166 2722 355 2764 autem
419 2710 590 2764 oratio
646 2721 922 2779 peccatum
987 2706 1260 2772 dimittat,
1317 2706 1396 2758 vel
1450 2720 1514 2758 ex
1571 2703 1764 2784 divinis

170 2801 471 2871 evangeliis
523 2801 671 2855 disce
724 2817 738 2854 :
790 2799 917 2870 quid
979 2799 1122 2854 enim
1187 2795 1399 2865 inquit?
1451 2795 1633 2850 Simile
1681 2801 1765 2849 est

173 2907 405 2962 regnum
440 2891 692 2946 actorum
733 2889 968 2952 homini,
1024 2887 1114 2957 qui
1161 2901 1312 2940 suam
1376 2886 1587 2954 ianuam
1615 2884 1765 2939 clau-

170 2984 270 3046 sit,
301 2990 359 3037 et
408 2981 648 3036 recubuit
695 2997 816 3035 cum
872 2980 994 3034 ﬁliis
1048 2978 1373 3033 suis:venit
1425 2987 1601 3030 autem
1642 2973 1766 3044 qui-

170 3074 301 3127 dam
342 3087 578 3140 vespere,
606 3074 847 3142 accipere
885 3071 1070 3126 volens
1110 3071 1177 3123 ab
1221 3084 1286 3124 eo
1329 3084 1523 3138 panes,
1548 3076 1602 3121 et
1649 3065 1765 3136 pul-

172 3172 264 3216 sat
311 3161 538 3217 dicens:
568 3163 730 3230 Aperi
778 3161 940 3227 mihi,
973 3161 1222 3229 quoniam
1268 3159 1478 3226 indigeo
1523 3158 1764 3226 panibus.

173 3254 282 3308 Hic
299 3252 367 3306 ad
391 3267 513 3307 eum
539 3270 552 3304 :
580 3252 698 3306 Non
725 3267 940 3320 possum
961 3251 1089 3304 dare
1112 3249 1204 3303 tibi
1229 3267 1242 3302 :
1267 3249 1607 3304 recubuimus
1627 3248 1768 3301 enim

172 3353 232 3398 et
279 3358 381 3398 nos
408 3353 464 3398 et
494 3343 643 3412 pueri
682 3345 870 3396 nostri.
903 3344 972 3395 At
1014 3341 1101 3394 ille
1148 3339 1517 3409 perseverabat
1553 3344 1768 3406 januam

177 3432 423 3502 pulsans.
449 3432 516 3486 Et
538 3433 612 3486 ait
641 3447 822 3485 rursus
842 3429 909 3484 ad
929 3444 1048 3484 eum
1074 3447 1088 3482 :
1118 3428 1229 3482 Non
1260 3443 1470 3497 possunt
1494 3427 1584 3481 tibi
1609 3425 1764 3483 dare:

178 3524 529 3580 recubuimus
572 3523 715 3578 enim
743 3531 797 3578 et
830 3536 930 3576 nos
953 3529 1008 3576 et
1043 3521 1188 3591 pueri
1227 3519 1414 3574 nostri.
1457 3517 1548 3571 Ille
1591 3527 1768 3570 autem

180 3618 268 3670 his
288 3613 490 3670 auditis
517 3613 796 3669 insistebat
824 3613 1056 3683 pulsans,
1077 3625 1250 3681 neque
1276 3607 1578 3672 recedebat,
1599 3606 1772 3662 donec

179 3705 316 3759 dixit
345 3703 727 3774 paterfamilias
757 3720 770 3754 :
800 3701 1031 3771 Surgite,
1053 3708 1108 3754 et
1127 3699 1248 3754 date
1270 3698 1341 3762 ei,
1373 3707 1426 3752 et
1451 3697 1606 3751 sinite
1625 3696 1772 3752 abire

184 3794 340 3866 (Luc.
365 3795 454 3848 It.
480 3793 532 3848 5.
563 3790 718 3864 sqq.).
746 3791 908 3846 Docet
933 3805 1061 3860 ergo
1086 3798 1138 3844 te
1161 3803 1314 3842 orare
1341 3801 1572 3856 semper,
1601 3800 1774 3856 neque

178 3887 567 3954 obtorpescere
595 3901 611 3938 :
642 3892 696 3938 et
742 3882 787 3936 si
831 3883 1006 3935 minus
1055 3878 1364 3948 acceperis,
1419 3890 1769 3946 permanere,

179 3975 362 4046 quoad
389 3974 682 4044 acceperis.
708 3972 892 4028 Plures
917 3970 1051 4026 alias
1082 3969 1406 4038 poenitentia:
1432 3968 1545 4022 vias
1567 3969 1620 4022 iu
1641 3967 1777 4022 Scri-

183 4067 359 4137 pturis
390 4066 644 4120 invenies.
678 4064 792 4134 Ipsa
821 4062 1126 4132 pmnitentia
1169 4069 1224 4116 et
1269 4069 1393 4114 ante
1439 4057 1633 4113 Christi
1675 4057 1773 4112 ad-

182 4168 406 4214 ventum
439 4174 530 4226 per
557 4158 672 4227 ejus
704 4156 1014 4226 prophetam
1057 4153 1342 4209 Jeremiam
1390 4151 1775 4222 praadicabatur

181 4253 456 4307 dicentem
483 4268 496 4304 :
523 4249 786 4320 Numquid
808 4250 992 4303 cadens
1019 4266 1119 4302 non
1157 4247 1370 4318 resurgit
1393 4288 1410 4314 ,
1435 4257 1522 4300 aut
1550 4255 1774 4300 avertens

180 4363 237 4398 se
267 4361 373 4398 non
401 4344 662 4397 revertitur
680 4341 810 4412 (ler.
834 4342 886 4397 8.
910 4342 1003 4410 4T?
1027 4352 1080 4397 et
1108 4342 1319 4406 iterum,
1351 4339 1535 4394 Postea
1560 4341 1667 4394 dixi
1693 4341 1739 4394 ei
1756 4355 1777 4395 :

185 4435 473 4504 Postquam
499 4434 748 4504 fornicata
774 4449 826 4487 es
843 4474 859 4496 ,
887 4431 1069 4487 accede
1087 4473 1104 4498 ,
1134 4441 1415 4486 convertere
1438 4431 1505 4484 ad
1543 4447 1620 4485 me
1641 4431 1774 4496 (.Ier.

183 4529 243 4579 3.
273 4529 352 4596 Ἰ).
381 4527 667 4596 Propterea
696 4533 750 4580 et
777 4524 970 4579 multas
1005 4525 1117 4578 vias
1145 4525 1278 4578 alias
1313 4524 1638 4593 paenitentia:
1676 4523 1774 4578 de-

183 4619 292 4683 dit,
323 4632 433 4688 quo
460 4617 615 4670 nobis
643 4631 855 4670 omnem
884 4615 1103 4670 desidiae
1128 4617 1462 4668 occasiOoem
1498 4623 1734 4682 amputet
1758 4632 1772 4668 :

184 4726 317 4765 nam
345 4709 392 4763 si
419 4723 576 4761 unam
610 4707 924 4762 haberemus
950 4707 1139 4771 solam,
1173 4706 1270 4759 hac
1298 4704 1491 4759 vadere
1534 4705 1780 4774 nequire-

185 4819 336 4856 mus.
368 4801 675 4855 Mucronem
703 4799 842 4854 hunc
856 4798 1096 4852 diabolus
1111 4812 1320 4866 semper
1341 4796 1488 4865 fugit.
1509 4796 1740 4850 Peccasti
1753 4796 1778 4848 τ

183 4891 484 4947 ecclesiam
535 4889 854 4958 ingredere,
903 4898 1062 4957 atque
1108 4896 1255 4942 tuum
1308 4886 1427 4941 dele
1480 4895 1776 4955 peccatum.

182 4983 421 5050 Quoties
444 4981 698 5035 cecideris
727 4979 778 5034 in
808 4980 922 5033 foro
942 5021 955 5040 .
985 4979 1140 5033 toties
1165 4977 1404 5048 exsurgis
1427 4994 1441 5030 :
1468 4977 1546 5032 sic
1573 4977 1778 5046 quoties

185 5072 526 5143 peccaveris,
550 5069 749 5140 peccati
779 5071 1054 5138 pteniteat,
1075 5083 1244 5136 neque
1260 5067 1512 5136 desperes
1536 5066 1778 5121 :tametsi

183 5163 438 5221 secundo
471 5162 792 5232 peccaveris,
827 5160 1062 5217 secundo
1086 5160 1358 5228 paeniteat,
1394 5174 1568 5230 neque
1603 5160 1780 5215 animo

183 5265 570 5312 mnsternatus
589 5269 618 5307 a
635 5269 729 5324 spe
749 5254 1103 5322 repositorum
1125 5253 1380 5306 bonorum
1403 5251 1782 5318 cadas.Quam-

185 5350 277 5404 vis
305 5348 364 5403 in
390 5355 625 5402 extrema
649 5342 840 5398 canitie
867 5342 1185 5414 peccaveris,
1206 5340 1499 5413 ingredere,
1522 5343 1782 5412 peniten-

265 5545 282 5574 ι
307 5547 417 5588 sav.
431 5545 486 5600 et
498 5545 615 5600 Reg.
631 5549 781 5587 unus:
794 5537 886 5589 Sed
909 5551 1039 5589 rivus
1055 5536 1360 5600 nobisgadhuc
1376 5551 1532 5589 sermo
1541 5544 1611 5590 est
1632 5542 1694 5590 de
1708 5544 1785 5592 vta

198 5599 515 5669 mittentia.
542 5599 613 5649 De
629 5599 926 5664 eleemosyna
946 5600 1072 5650 enim
1095 5599 1461 5662 diximus,quod
1483 5613 1657 5665 magna
1679 5616 1774 5664 pos

192 5674 350 5712 nemo
362 5669 452 5711 est.

233 5727 317 5788 (α)
351 5728 466 5777 \‘ide
483 5725 575 5777 sub
592 5725 736 5778 ﬁnem
756 5728 1078 5788 praecedentis
1099 5728 1330 5780 bomiliae.

1337 325 1424 381 DE
1457 321 1934 381 ELEE’MOSYNA.
1970 322 2199 379 IIOMIL.
2244 321 2329 377 111.

3322 330 3424 385 2‘38

1853 441 1976 494 tiam
2005 454 2102 509 age
2129 455 2143 494 :
2166 437 2439 493 medicina:
2464 438 2712 496 locusest
2745 440 2851 507 hic,
2894 458 2998 498 non
3035 443 3219 515 judicii
3244 450 3257 479 ¹
3279 464 3294 513 ;
3317 464 3425 503 non

1851 540 2036 596 pinnas
2047 527 2286 596 exigens,
2309 527 2404 582 sed
2430 538 2764 597 peccatorum
2782 531 3146 590 remissionem
3164 536 3420 592 tribuens.

1851 616 1962 670 Deo
1979 616 2075 670 soli
2092 607 2177 670 dic
2200 626 2470 686 peccatum
2500 629 2675 673 tuum:
2697 619 2808 673 Tibi
2821 622 2917 674 soli
2931 625 3148 691 peccavi,
3169 635 3216 679 et
3235 631 3421 682 malum

1850 723 2021 761 coram
2046 719 2092 761 te
2114 709 2211 779 feci
2232 709 2248 776 (
2273 707 2416 762 Psal.
2447 709 2535 764 50.
2562 709 2634 778 6)
2661 726 2676 776 ;
2708 720 2761 765 et
2784 710 3063 766 dimittitur
3102 716 3192 768 tibi
3236 731 3424 784 pecca-

1851 807 1983 852 tum.
2012 798 2185 852 Habes
2210 808 2264 853 et
2288 799 2441 853 aliain
2464 801 2789 870 pmtiitentiaa
2811 803 2945 855 viam
2973 802 3112 857 haud
3133 803 3424 872 difﬁcilem,

1851 891 1943 945 sed
1971 892 2188 946 omnino
2208 893 2829 947 accommodatissimam.
2847 895 3064 960 Qualem
3088 896 3263 950 hanc?
3287 897 3430 952 Delie

1851 995 2010 1048 super
2054 991 2323 1049 peccatum
2371 985 2579 1048 tuum”,
2619 983 2776 1052 idque
2805 999 2868 1037 ex
2899 986 3064 1038 sacris
3090 985 3236 1039 disce
3263 1001 3428 1039 evan-

1849 1071 2021 1139 geliis.
2053 1071 2242 1126 Petrus
2269 1073 2356 1127 ille
2391 1074 2746 1142 apostolorum
2776 1064 3052 1144 princeps,
3099 1078 3152 1131 in
3193 1078 3430 1134 Ecclesia

1855 1163 2074 1230 primus,
2100 1164 2302 1218 amicus
2326 1162 2557 1229 Christi,
2585 1165 2674 1233 qui
2707 1166 3086 1220 revelationem
3115 1168 3182 1221 ab
3204 1170 3428 1224 homini-

1851 1253 1952 1308 bus
1981 1271 2084 1308 non
2110 1256 2352 1325 accepit,
2383 1257 2478 1312 sed
2504 1272 2533 1310 a
2561 1258 2719 1313 Patre
2737 1299 2752 1324 ,
2782 1259 2918 1314 sicut
2946 1260 3044 1329 ipsi
3070 1262 3429 1316 testimonium

1852 1345 2105 1399 Dominus
2128 1346 2300 1401 reddit
2323 1364 2335 1398 :
2363 1345 2550 1401 Beatus
2576 1365 2628 1402 es
2649 1348 2830 1403 Simon
2859 1349 3146 1418 Bar-Jona,
3167 1354 3286 1422 quia
3313 1370 3432 1408 caro

1852 1444 1899 1487 et
1925 1437 2128 1505 sanguis
2157 1453 2255 1489 non
2281 1438 2513 1490 reuelauit
2543 1438 2652 1499 tibi,
2679 1441 2767 1492 sed
2792 1437 2948 1493 Pater
2973 1457 3110 1493 meus
3134 1443 3220 1510 qui
3247 1443 3300 1495 in
3327 1459 3432 1497 cc-

1852 1527 1915 1580 lis
1943 1536 2010 1579 est
2039 1525 2250 1592 (Matth.
2276 1528 2362 1581 16.
2392 1528 2481 1596 17)
2515 1546 2528 1581 :
2563 1529 2648 1584 hic
2672 1529 2860 1584 Petrus
2881 1531 3115 1601 (Petrum
3141 1548 3261 1586 cum
3289 1532 3429 1596 dico,

1857 1627 2058 1685 petram
2091 1618 2308 1671 nomino
2339 1617 2664 1688 infragilem,
2701 1623 3024 1690 crepidinem
3072 1623 3392 1680 immobilem
3415 1667 3430 1689 ,

1853 1709 2148 1775 apostolum
2192 1722 2463 1776 magnum,
2499 1712 2726 1779 primum
2757 1712 3162 1781 discipulorum,
3206 1717 3431 1784 primum

1853 1806 2125 1861 vocatum,
2153 1811 2205 1854 et
2231 1804 2460 1870 primum
2500 1801 2858 1871 obedientem)
2893 1802 3022 1857 :ille
3061 1819 3167 1858 non
3213 1820 3432 1874 parvum

1855 1885 2059 1944 facinus
2079 1890 2313 1959 admisit,
2337 1893 2432 1948 sed
2454 1895 2762 1960 maximum,
2784 1895 2872 1963 qui
2893 1893 3168 1948 Dominum
3190 1895 3432 1964 negavit:

1855 1978 1957 2034 hoc
1999 1981 2152 2047 dico,
2193 1998 2297 2036 non
2335 1983 2536 2052 justum
2567 1999 2844 2046 accusans,
2873 1984 2964 2039 sed
2993 1985 3082 2038 tibi
3114 1986 3438 2054 paenitentia:

1857 2072 2100 2141 praebens
2126 2075 2461 2130 occasionem
2487 2093 2500 2128 :
2532 2076 2702 2144 ipsum
2728 2074 2873 2130 orbis
2897 2076 3172 2130 Dominum
3203 2076 3434 2147 negavit,
3533 2105 3545 2115 -

1857 2173 2277 2233 procuratorem,
2305 2167 2630 2222 Salvatorem
2657 2167 2915 2221 omnium.
2944 2167 3012 2222 Ut
3037 2181 3164 2222 vero
3184 2167 3338 2221 altius
3361 2184 3440 2222 re-

1858 2263 2116 2322 petamus,
2137 2256 2265 2308 vidit
2287 2257 2531 2310 Salvator
2546 2257 2799 2325 quosdam
2821 2257 3077 2311 abeuntes
3094 2267 3236 2311 retro
3257 2257 3438 2328 (Joan.

1857 2345 1910 2396 6.
1939 2345 2007 2398 67
2024 2346 2061 2414 ).
2091 2353 2146 2398 et
2171 2345 2304 2399 dixit
2331 2347 2488 2400 Petro
2521 2365 2534 2401 :
2568 2346 2832 2416 Numquid
2861 2357 2907 2400 et
2938 2358 2991 2400 tu
3014 2348 3152 2400 abire
3187 2348 3302 2402 vis?
3335 2347 3438 2401 Pe-

1855 2443 1961 2486 trus
1987 2445 2153 2486 autem
2183 2435 2356 2490 dixit:
2384 2435 2598 2490 Etiamsi
2636 2438 2910 2507 oportuerit
2949 2453 3028 2489 me
3066 2438 3196 2490 mori
3240 2448 3437 2505 tecum,

1857 2541 1956 2577 non
1986 2535 2032 2578 te
2060 2526 2249 2596 negabo
2277 2526 2488 2597 (Matth.
2509 2527 2597 2582 26.
2623 2528 2737 2598 55).
2762 2528 2897 2593 Quid
2915 2528 3067 2592 dicis,
3090 2527 3278 2582 Petre?
3301 2527 3441 2584 Deus

1857 2623 1937 2667 est
1962 2615 2052 2684 qui
2073 2616 2369 2682 denuntiat,
2395 2618 2516 2686 quid
2542 2619 2654 2686 ipse
2677 2618 2990 2672 reluctaris?
3013 2619 3115 2672 Sed
3145 2627 3319 2671 tamen
3351 2618 3436 2672 in-

1860 2707 2047 2773 tentio,
2076 2707 2214 2775 quod
2245 2721 2396 2760 suum
2426 2719 2540 2761 erat
2568 2706 2819 2772 ostendit,
2848 2715 3047 2760 natura:
3068 2723 3194 2760 vero
3222 2707 3443 2761 inﬁrmi-

1861 2807 1940 2849 tas
1965 2796 2316 2864 redarguitur.
2340 2796 2465 2871 Ha-c
2492 2813 2619 2851 vero
2647 2797 2893 2867 quando?
2912 2797 3076 2851 Nocte
3096 2813 3199 2866 qua
3223 2798 3445 2852 traditus

1859 2900 1937 2942 est
1961 2887 2206 2942 Christus
2235 2906 2249 2941 :
2281 2896 2404 2943 tunc
2431 2888 2607 2958 igitur,
2657 2887 2860 2958 inquit,
2910 2888 3054 2942 stetit
3093 2888 3284 2942 Petrus
3319 2897 3446 2944 ante

1861 2993 2056 3046 prunas
2081 2978 2397 3032 calefaciens
2419 2995 2496 3043 se,
2524 2979 2695 3048 puella
2718 2978 2959 3047 quaedam
2978 2979 3218 3040 accessit,
3238 2987 3294 3034 et
3311 2979 3446 3034 dixit

1858 3069 1905 3122 ei
1939 3087 1951 3120 :
1988 3067 2116 3122 Heri
2140 3078 2184 3122 et
2211 3079 2263 3122 tu
2295 3086 2408 3122 cum
2449 3071 2647 3123 homine
2674 3070 2770 3122 ista
2803 3085 2914 3122 eras
2944 3067 3166 3142 (Matth.
3197 3069 3288 3126 26.
3320 3069 3444 3141 69).

1863 3160 1960 3214 Ille
1988 3171 2156 3214 autem
2183 3177 2203 3215 :
2232 3160 2350 3215 Non
2382 3163 2498 3215 novi
2521 3161 2772 3214 hominem
2803 3162 2936 3214 hunc
2961 3162 2978 3230 (
3001 3159 3166 3214 Marc.
3199 3161 3285 3215 14.
3317 3161 3445 3234 68).

1866 3252 2062 3306 Deinde
2097 3253 2332 3308 secundo
2358 3262 2412 3308 et
2439 3253 2628 3315 tertio,
2662 3261 2717 3306 et
2743 3251 2955 3322 impleta
2986 3259 3070 3307 est
3094 3251 3444 3307 denuntiatio.

1865 3341 1996 3397 Hinc
2013 3341 2257 3396 Christus
2281 3343 2569 3412 respiciens
2591 3342 2641 3395 in
2664 3341 2900 3407 Petrum,
2926 3357 3108 3396 vocem
3129 3342 3329 3396 dimisit
3353 3357 3443 3411 per

1862 3434 2034 3502 ipsum
2068 3435 2310 3487 intuitum
2342 3431 2598 3502 (Luc.22.
2629 3433 2723 3501 61)
2748 3449 2762 3485 :
2788 3448 2894 3486 non
2916 3433 3055 3487 enim
3078 3447 3170 3488 ore
3197 3432 3441 3501 loquutus

1863 3536 1964 3590 est,
1999 3538 2064 3578 ne
2090 3525 2258 3592 ipsum
2287 3538 2466 3577 coram
2491 3523 2688 3577 Juda'is
2713 3523 3072 3592 redargueret,
3098 3533 3151 3576 et
3175 3524 3444 3593 proprium

1865 3616 2211 3671 confunderet
2255 3615 2608 3685 discipulum,
2655 3615 2749 3670 sed
2791 3631 2886 3686 per
2928 3617 3138 3670 Oculum
3173 3617 3448 3672 dimittens

1864 3722 2082 3772 vocem,
2113 3706 2262 3776 quasi
2294 3706 2526 3770 diceret,
2559 3705 2716 3760 Petre
2736 3746 2751 3769 ,
2777 3705 2916 3775 quod
2943 3706 3088 3772 dixi,
3117 3706 3310 3761 factum
3340 3719 3443 3762 est.

1869 3796 2029 3866 Igitur
2057 3795 2245 3849 Petrus
2269 3806 2392 3850 tunc
2415 3795 2650 3850 sentiens
2685 3796 2846 3864 carpit
2881 3795 3010 3851 flere
3035 3814 3048 3850 :
3074 3806 3130 3851 et
3168 3812 3272 3852 non
3304 3796 3446 3851 flevit

1867 3886 2026 3941 modo
2046 3927 2060 3950 ,
2093 3886 2185 3940 sed
2211 3900 2425 3951 amare,
2456 3885 2744 3940 secundum
2776 3885 3035 3956 baptisma
3062 3903 3157 3958 per
3185 3887 3446 3958 Iacrymaa

1868 3994 1931 4033 ex
1973 3979 2139 4032 oculis
2176 3977 2699 4048 efficienszcumque
2726 3977 2960 4034 ﬂevisset
3002 3993 3210 4045 amare,
3254 3979 3449 4034 delevit

1869 4079 2143 4140 peccatum
2170 4089 2183 4123 :
2214 4080 2334 4140 post
2355 4069 2469 4123 haec
2488 4069 2629 4124 enim
2651 4069 2829 4124 claves
2852 4069 2926 4124 illi
2953 4071 3201 4124 caelorum
3223 4069 3450 4124 credun-

1873 4171 1974 4215 tur.
1997 4159 2148 4228 Quod
2184 4161 2228 4214 si
2268 4160 2410 4215 Petri
2455 4159 2610 4214 ﬂetus
2656 4169 2858 4214 tantum
2899 4160 3094 4216 delevit
3131 4171 3403 4229 peccatum
3429 4202 3445 4227 ,

1869 4253 1958 4320 qui
1983 4250 2094 4305 ﬁeri
2125 4249 2337 4320 poterit.
2371 4261 2426 4304 ut
2456 4251 2499 4303 si
2531 4250 2759 4311 ﬂeveris.
2794 4262 3064 4319 peccatum
3094 4268 3195 4304 non
3222 4251 3450 4308 deleas?

1871 4341 1983 4396 Non
2009 4344 2151 4396 enim
2184 4357 2376 4410 parvus
2399 4340 2494 4395 fuit
2521 4349 2714 4401 reatus.
2742 4341 3011 4408 proprium
3041 4341 3318 4394 Dominum
3348 4358 3446 4397 ne-

1870 4447 2044 4501 gasse,
2068 4431 2160 4486 Sed
2185 4446 2402 4500 magnus
2426 4440 2482 4486 et
2505 4433 2714 4500 gravis;
2737 4445 2858 4484 eum
2883 4439 3054 4484 tamen
3079 4430 3328 4503 lacryma:
3353 4433 3450 4487 de-

1875 4524 2071 4579 levere.
2121 4522 2265 4577 Delie
2312 4523 2471 4592 igitur
2514 4531 2566 4575 ct
2609 4523 2721 4591 ipse
2760 4536 2919 4591 super
2949 4531 3452 4594 peccatum,neque

1873 4629 2084 4684 quoquo
2111 4614 2266 4668 modo
2291 4613 2428 4668 delle
2453 4622 2545 4666 aut
2573 4614 2749 4681 Specie
2775 4622 3008 4680 tantum,
3032 4613 3125 4670 sed
3149 4614 3284 4670 delle
3304 4631 3452 4668 ama-

1875 4720 1953 4767 re,
1977 4705 2420 4776 quemadmodum
2441 4715 2494 4757 et
2517 4704 2705 4757 Petrus
2730 4722 2742 4756 :
2769 4719 2835 4759 ex
2859 4705 2974 4773 ipso
3001 4705 3259 4773 profundo
3279 4704 3449 4760 deduc

1875 4795 2048 4851 fontes
2075 4795 2444 4866 lacrymarum,
2469 4809 2574 4864 quo
2595 4794 2846 4850 Dominus
2869 4797 3226 4850 misericordia
3249 4806 3450 4865 motus,

1877 4889 1968 4942 tibi
1991 4897 2260 4956 peccatum
2282 4887 2510 4940 dimittat
2533 4887 2796 4940 :clemens
2817 4887 3011 4940 etenim
3031 4895 3148 4940 est:
3170 4887 3280 4954 ipse
3305 4887 3448 4940 enim

1877 4976 2045 5032 dixit:
2071 4975 2209 5030 Nolo
2234 4986 2440 5030 mortem
2467 4975 2758 5046 peccatoris,
2784 4977 2913 5029 sicut
2941 4977 3157 5029 converti
3185 4976 3371 5045 ipsum,
3401 4987 3449 5030 et

1879 5070 2217 5140 paenitentiam
2237 5084 2402 5138 agere,
2425 5078 2470 5122 et
2495 5069 2654 5121 vivere
2680 5065 2900 5138 (Ezech.
2927 5067 3013 5122 18.
3039 5064 3161 5137 25).
3191 5066 3451 5136 Exiguum

1879 5160 2077 5230 expetit
2104 5175 2134 5213 a
2165 5168 2215 5214 te
2245 5159 2476 5214 laborem
2498 5198 2513 5223 ,
2570 5167 2622 5212 et
2649 5173 2834 5227 magna
2863 5157 2974 5226 ipse
3001 5156 3218 5225 largitur
3243 5173 3256 5209 :
3289 5171 3448 5212 occa-

1881 5251 2081 5305 sionem
2113 5264 2142 5302 a
2173 5259 2225 5304 te
2253 5249 2459 5318 quaerit,
2489 5256 2547 5302 ut
2573 5247 2663 5301 tibi
2691 5247 2876 5301 salutis
2907 5247 3210 5300 thesaurum
3231 5247 3450 5306 tribuat.
3515 5309 3521 5318 η

1881 5341 2065 5400 Profer
2107 5342 2400 5413 lacrymas,
2447 5350 2502 5396 et
2543 5340 2657 5410 ipse
2705 5337 3076 5408 indulgentiam
3113 5339 3452 5410 impcrtitur:

1945 5541 1957 5571 ¹
1993 5545 2043 5588 ιιι
2064 5538 2234 5589 savilio
2258 5553 2270 5587 :
2295 5543 2341 5588 et
2363 5537 2552 5596 indicit,
2579 5552 2683 5599 pro.
2708 5551 2799 5587 non
2805 5537 3002 5598 judicii.
3037 5558 3041 5563 -

1939 5631 1958 5659 ’
1995 5641 2046 5686 tn
2070 5633 2232 5694 savil.,
2257 5631 2387 5704 Deﬂe
2409 5646 2563 5704 super.
2589 5641 2844 5704 peccatum
2865 5641 3012 5686 tuum.
3055 5639 3298 5702 Βερενικὶ
3321 5649 3345 5702 γ
3365 5651 3458 5704 mi.

1880 5705 2101 5765 mutatum
2124 5703 2252 5764 tuam
2276 5696 2488 5746 αέιευὶδιέ
2516 5696 2708 5756 :idqtte,
2727 5703 2822 5746 etc.
