4036 6206
565 289 668 342 299

567 399 744 470 profer
769 390 1152 465 paenitentiam,
1185 397 1237 442 et
1267 388 1380 456 ipse
1409 387 1773 441 remissionem
1803 383 1983 438 tribuit
2013 397 2137 450 pec-

565 499 804 542 catorum
831 503 844 538 :
871 480 1202 538 occasionem
1243 487 1299 530 tu
1327 477 1570 546 exiguam
1606 475 1807 538 confer,
1835 483 1893 528 ut
1930 472 2136 540 specio-

567 593 682 633 sam
709 575 900 630 habeas
921 571 1312 624 excusationem
1335 584 1349 620 :
1371 567 1612 635 quaedam
1634 566 1775 620 enim
1797 563 1972 617 abillo
1994 569 2136 626 sunt,

565 667 804 738 quaedam
829 679 857 714 a
885 661 1036 716 nobis
1062 677 1076 714 :
1101 673 1218 728 quae
1243 673 1272 712 a
1304 657 1456 710 nobis
1485 665 1606 709 sunt
1645 656 1688 708 si
1717 653 2098 710 contulerimus
2119 691 2135 715 ,

565 767 618 814 et
645 757 756 825 ipse
779 767 963 808 rursus
995 765 1114 818 quas
1139 755 1264 802 sunt
1285 747 1350 800 ab
1377 748 1490 812 ipso
1515 745 1792 814 praebebit.
1827 743 1944 798 Jam
1982 743 2139 812 igitur

564 861 682 915 quae
703 845 770 896 ab
801 843 888 895 illo
918 849 1062 902 sunt,
1097 839 1208 906 ipse
1245 837 1464 904 przcbnit
1491 854 1504 888 :
1535 837 1700 890 solem
1746 835 1992 888 nimirum
2013 875 2028 899 ,
2059 833 2141 886 lu-

565 951 708 998 nam,
735 932 936 985 varium
965 929 1236 981 stellarum
1264 925 1484 978 chorum
1513 923 1764 986 fundavit.
1789 939 1964 978 aerem
1985 922 2140 976 diffit-

561 1025 661 1088 dit,
693 1033 886 1076 terram
915 1018 1183 1086 expandit,
1223 1031 1368 1069 mare
1397 1016 1699 1080 obvallavit,
1727 1024 1934 1069 montes
1961 1014 2134 1078 dedit,

562 1116 749 1174 saltus,
777 1112 962 1174 colles,
995 1108 1167 1162 fontes
1187 1147 1202 1171 ,
1227 1107 1370 1159 lacus
1391 1146 1404 1168 ,
1439 1104 1647 1168 ﬂuvios,
1681 1107 1952 1158 innumera
1983 1104 2137 1172 plan-

563 1218 734 1260 tarum
759 1218 972 1272 genera,
1006 1200 1275 1264 viridaria,
1299 1209 1490 1252 ctetera
1515 1198 1687 1250 omnia
1713 1215 1726 1248 :
1751 1206 1806 1250 ttt
1831 1210 2015 1250 rursus
2041 1195 2138 1248 ali-

561 1275 960 1366 quid'exiguutn
989 1291 1190 1350 confer,
1219 1301 1272 1342 ut
1297 1292 1367 1341 ita
1394 1291 1624 1342 caelestia
1651 1289 1740 1341 tibi
1769 1288 2037 1350 largiatur.
2061 1285 2138 1340 Ne

561 1389 721 1458 igitur
765 1403 861 1440 nos
910 1383 1051 1451 ipsos
1096 1382 1418 1450 negligemus
1442 1422 1456 1444 ,
1491 1396 1660 1448 neque
1698 1395 1726 1432 a
1763 1380 1932 1431 Salute
1959 1387 2137 1432 nostra

561 1477 892 1551 procuranda
931 1476 1247 1528 desistamus
1272 1513 1284 1532 .
1330 1488 1448 1525 cum
1497 1481 1696 1524 tantmn
1745 1471 1895 1522 nobis
1927 1469 2139 1537 polagus

561 1570 900 1640 benignitatis
917 1569 1150 1621 omnium
1180 1565 1382 1616 Domini
1410 1572 1600 1630 pateat,
1621 1562 1708 1630 qui
1732 1577 1890 1628 super
1911 1560 2140 1628 peccatis

563 1663 758 1716 nostris
791 1661 1094 1730 pteniteotia
1139 1657 1368 1710 ducitur.
1411 1655 1748 1722 PrOpositum
1797 1665 1880 1706 est
1921 1669 2136 1721 regnum

564 1753 814 1806 ea-lorum
846 1760 898 1803 et
926 1748 1196 1817 paradisus
1217 1787 1231 1808 ,
1275 1759 1442 1812 eaque
1483 1744 1645 1804 bona,
1675 1759 1792 1811 qum
1825 1758 1926 1796 nec
1953 1743 2136 1796 oculus

559 1844 710 1904 vidit,
740 1857 840 1896 nec
865 1841 1008 1894 auris
1037 1838 1257 1899 audivit,
1288 1852 1386 1890 nec
1417 1837 1467 1888 in
1493 1851 1586 1890 cor
1616 1835 1844 1888 hominis
1873 1833 2132 1888 ascende-

561 1944 700 1997 runt,
729 1949 846 2001 qua:
874 1947 1110 2002 pra'para
1123 1931 1194 1982 vit
1221 1930 1356 1984 Deus
1384 1929 1464 1993 iis,
1496 1930 1586 1999 qui
1613 1930 1784 1996 ipsum
1809 1928 2031 1996 diligunt
2058 1927 2133 1995 ll.

471 2063 489 2076 .
559 2025 678 2079 Cor.
706 2025 760 2076 2.
789 2025 843 2092 9)
868 2040 882 2086 ;
909 2033 960 2078 et
985 2039 1086 2075 non
1108 2022 1362 2077 debemus
1381 2037 1592 2074 omnem
1619 2035 1834 2088 Operam
1859 2018 2130 2082 adhibere,

558 2127 616 2170 ut
643 2117 839 2184 aliquid
862 2115 1216 2175 conferamus,
1240 2129 1306 2168 ne
1331 2113 1500 2166 abhis
1519 2112 1824 2166 cxcidamus
1841 2111 1862 2162 ?
1881 2112 1958 2163 An
1983 2111 2136 2178 igno-

559 2223 647 2262 ras
671 2209 792 2275 quid
817 2205 958 2259 dicat
983 2204 1217 2257 Paulus?
1245 2204 1331 2272 qui
1367 2203 1562 2256 multos
1585 2203 1792 2256 labores
1812 2199 2098 2254 exantlavit
2115 2238 2132 2261 ,

557 2307 610 2353 et
639 2297 946 2351 innumeros
973 2295 1040 2348 de
1069 2295 1280 2348 diabolo
1313 2295 1606 2362 triumphos
1630 2293 1936 2361 reportavit,
1963 2291 2052 2360 qui
2077 2291 2126 2343 in

1267 277 1322 330 S.
1361 274 1635 330 JOANNIS
1659 269 2126 329 CIIRYSOSTOMI
2165 265 2478 324 ARCHIEP.
2510 263 3037 323 CONSTANTINOP.

3714 275 3820 330 300

2242 395 2466 448 corpore
2515 379 2700 433 orbem
2753 387 3012 432 terrarum
3069 377 3404 448 peragravit,
3449 380 3536 450 qui
3581 390 3776 438 terram
3797 427 3813 449 ,

2242 485 2409 534 mare,
2440 482 2720 536 acremque
2750 469 3014 536 percurrit
3040 509 3055 532 ,
3084 469 3173 538 qui
3203 478 3469 538 tamquam
3504 471 3604 527 alis
3629 474 3820 529 subve-

2240 570 2358 616 ctus
2387 562 2581 630 aliquis
2605 561 2788 614 orbem
2819 569 3076 614 terrarum
3101 561 3504 629 perambulavit,
3533 564 3816 632 lapidatus,

2240 667 2430 718 caesus,
2461 653 2805 715 verberatus,
2841 651 2930 722 qui
2969 651 3146 704 omnia
3179 667 3274 720 pro
3299 651 3394 706 Dei
3417 654 3630 710 nomine
3659 656 3818 718 tulit,

2239 745 2326 813 qui
2357 743 2554 798 ctelesti
2581 757 2710 796 voce
2737 741 2964 810 desuper
2983 742 3332 810 compellatus
3349 784 3364 808 ,
3394 743 3481 798 hic
3503 746 3628 814 quid
3653 745 3818 811 dicat.

2241 843 2294 887 ct
2323 833 2530 902 qualem
2557 832 2794 886 emiserit
2830 847 3014 886 vocem
3053 831 3170 886 vide
3197 849 3210 886 :
3235 833 3580 900 Accepimus,
3613 835 3818 905 inquit,

2239 925 2460 991 gratiam
2489 937 2516 974 a
2551 922 2677 986 Deo,
2709 920 2802 975 sed
2831 933 2884 974 et
2909 935 3007 990 ego
3033 921 3302 986 laboravi,
3335 933 3385 978 et
3407 924 3566 976 simul
3587 927 3820 988 contuli.

2241 1011 2310 1066 Et
2331 1013 2496 1082 gratia
2518 1014 2644 1081 ejus,
2673 1027 2787 1079 qua:
2818 1011 2869 1062 in
2899 1028 2973 1064 me
3003 1021 3098 1075 est,
3124 1028 3282 1064 vacua
3305 1029 3405 1065 non
3429 1013 3526 1079 fuit
3544 1054 3560 1078 ,
3589 1015 3682 1066 sed
3709 1019 3824 1082 plus

2240 1121 2390 1173 quam
2424 1104 2523 1173 ipsi
2559 1120 2730 1156 eomes
2757 1103 2976 1155 laboraui
3017 1113 3061 1156 el
3099 1104 3249 1156 simul
3273 1105 3464 1156 contuli
3489 1105 3564 1172 (ι.
3587 1106 3712 1159 (ἔον.
3735 1107 3820 1160 15.

2243 1194 2354 1262 10).
2383 1193 2658 1257 Novintus,
2689 1193 2886 1261 inquit,
2919 1193 3162 1246 novimus
3193 1194 3374 1260 gratiae
3401 1196 3822 1264 magnitudinem

2241 1301 2397 1352 quant
2424 1286 2752 1352 accepimus,
2787 1283 2880 1338 sed
2911 1300 3016 1338 non
3043 1283 3280 1339 desidem
3311 1301 3394 1338 me
3424 1287 3625 1340 invenit
3657 1305 3672 1340 :
3707 1303 3824 1342 ma-

2241 1375 2432 1430 nifesta
2461 1383 2584 1428 sunt
2612 1391 2730 1444 quae
2759 1389 2788 1427 a
2819 1389 2903 1428 me
2929 1374 3140 1428 fuerunt
3171 1375 3333 1430 illata.
3361 1376 3448 1430 Sic
3469 1388 3522 1430 et
3551 1379 3688 1445 ipsi,
3715 1381 3822 1433 fra—

2241 1475 2378 1530 tres,
2431 1482 2618 1518 manus
2659 1465 2724 1518 ad
2755 1466 3146 1536 eleemosynam
3180 1467 3466 1520 doceamus
3487 1509 3500 1530 ,
3533 1477 3592 1521 ut
3633 1485 3824 1537 parum

2239 1557 2364 1627 quid
2393 1558 2677 1612 inferamus
2707 1573 2719 1608 :
2753 1557 3020 1623 ploremus
3047 1570 3206 1624 super
3249 1567 3524 1625 peccatum
3545 1600 3562 1622 ,
3595 1560 3824 1629 ingemi-

2240 1665 2449 1704 scamus
2479 1664 2640 1718 super
2667 1649 3028 1716 iniquitatem,
3071 1663 3176 1716 quo
3214 1650 3487 1704 videamur
3517 1651 3604 1705 vel
3635 1667 3824 1720 parum

2239 1743 2364 1811 quid
2393 1741 2588 1795 inferre
2622 1759 2633 1793 :
2666 1740 3096 1810 quandoquidem
3137 1757 3325 1810 magna
3371 1745 3525 1798 nobis
3553 1745 3606 1798 in
3641 1746 3824 1800 futuro

2238 1833 2466 1901 reposita
2507 1839 2651 1898 sunt,
2679 1847 2797 1901 qum
2839 1840 3150 1899 potestatem
3193 1844 3424 1886 nostram
3455 1847 3824 1902 exsuperant:

2238 1922 2514 1992 paradisus
2540 1923 2681 1976 enim
2707 1929 2810 1986 est,
2837 1930 2890 1975 et
2909 1923 3160 1975 czelorum
3185 1938 3402 1991 regnum
3433 1941 3448 1975 :
3475 1926 3630 1991 cujus
3651 1937 3708 1978 et
3733 1927 3826 1992 ipsi

2237 2031 2424 2068 omnes
2467 2014 2748 2080 participes
2791 2014 2956 2066 simus
2977 2054 2992 2074 ,
3025 2013 3191 2081 gratia
3229 2023 3282 2067 et
3307 2015 3586 2069 clementia
3617 2017 3826 2070 Domini

2239 2106 2402 2160 nostri
2429 2103 2553 2158 Jesu
2579 2103 2808 2165 Christi,
2835 2103 2920 2156 cui
2949 2117 3068 2156 cum
3097 2102 3249 2156 Patre
3275 2114 3328 2156 et
3357 2103 3511 2156 simul
3539 2119 3665 2158 cuni
3699 2105 3822 2172 Spi-

2237 2197 2340 2250 ritu
2365 2205 2548 2249 sancto
2569 2195 2756 2263 gloria,
2788 2193 3063 2260 imperium
3077 2202 3130 2246 et
3157 2193 3342 2257 honor,
3367 2203 3420 2246 et
3449 2210 3590 2248 nunc
3609 2205 3665 2248 et
3687 2209 3828 2248 sem-

2239 2303 2352 2356 per,
2381 2296 2436 2341 et
2463 2285 2514 2338 in
2541 2284 2734 2338 sa‘cola
2757 2282 3096 2337 surculorum.
3125 2284 3312 2338 Amen.

557 2436 3798 2462 Μ

1343 2560 1484 2629 DE
1537 2557 2208 2628 P(ENITENTIA
2259 2558 2398 2627 ET
2451 2554 3028 2626 ORATIONE.

1859 2736 2462 2777 *ος-...-

1181 2865 1392 2904 “(illile
1433 2866 1502 2904 IV.

632 2988 681 3040 l.
725 2987 968 3039 l‘astoros
998 2986 1089 3037 illo
1119 2983 1444 3053 frequentius
1475 2983 1673 3036 ducunt
1703 2999 1848 3045 oves,
1877 2981 1960 3034 tibi
1992 2980 2126 3033 den-

555 3077 748 3130 siorem
777 3075 990 3128 herbam
1015 3091 1131 3127 esse
1156 3075 1355 3141 vident,
1385 3089 1554 3142 neque
1577 3073 1722 3142 prius
1749 3073 1870 3126 inde
1889 3073 2124 3140 abigunt,

556 3181 713 3234 quam
758 3175 920 3218 totam
969 3180 1094 3232 grex
1148 3165 1452 3218 totonderit.
1493 3164 1601 3217 llos
1641 3178 1766 3216 vero
1794 3177 1890 3216 nos
1917 3176 2129 3232 quoque

556 3257 771 3316 imitati,
803 3255 900 3308 hac
927 3265 1107 3324 quarta
1129 3255 1238 3322 jam
1273 3255 1358 3308 die
1381 3253 1452 3326 (τι)
1475 3254 1537 3306 ad
1567 3256 1885 3323 pmoitentize
1911 3253 2124 3307 modum

560 3347 695 3404 hunc
721 3345 986 3418 pascimus
1008 3359 1243 3413 gregem,
1277 3359 1446 3410 neque
1475 3345 1554 3396 vel
1588 3343 1762 3406 hodie,
1793 3333 1996 3410 digredi
2025 3357 2124 3410 pa-

558 3455 732 3494 ramus
757 3456 772 3492 :
800 3438 1016 3491 multum
1049 3451 1277 3503 namque
1302 3435 1474 3487 adhuc
1501 3433 1676 3504 pabuli
1703 3447 1822 3487 esse
1859 3433 2123 3498 videmus,

553 3530 774 3584 multum
807 3527 1001 3582 laetitiae
1027 3535 1079 3579 et
1109 3525 1365 3580 utilitatis.

620 3617 921 3671 Paenitentia
951 3614 1286 3668 omnimodam
1317 3615 1705 3668 consolationem
1731 3612 1899 3682 affert.
1923 3643 1994 3654 —
2021 3613 2127 3667 Ne-

552 3725 653 3780 que
683 3709 822 3764 enim
859 3707 1108 3760 arborum
1139 3721 1337 3768 comm,
1377 3721 1492 3774 qua:
1523 3705 1586 3757 ad
1617 3703 1933 3758 meridianas
1967 3703 2127 3761 horas

551 3801 670 3853 tecti
699 3800 814 3852 vice
839 3809 960 3852 sunt
981 3797 1200 3858 ovibus,
1231 3797 1302 3850 ita
1333 3811 1424 3851 eas
1451 3805 1729 3865 recreant,
1757 3795 1826 3853 ita
1851 3794 2127 3854 desidera-

550 3889 708 3946 bilem
748 3889 1036 3958 utilemque
1080 3887 1319 3944 umbram
1357 3891 1628 3960 prtebcnt,
1665 3891 1730 3944 ad
1781 3907 2128 3960 somnumque

548 3998 735 4050 magna
764 3997 884 4034 cum
913 3983 1179 4050 voluptate
1207 3985 1535 4050 pertrahunt,
1571 3993 1626 4038 ut
1651 3983 1946 4038 divinarum
1978 3984 2124 4038 Scri-

549 4084 819 4143 pturarum
851 4073 1007 4126 lectio
1039 4084 1325 4128 mmrenles
1369 4083 1422 4127 et
1457 4089 1654 4142 angore
1681 4076 1840 4128 animi
1885 4075 2126 4130 detentas

547 4166 750 4220 animas
779 4176 984 4218 recreat
1024 4182 1087 4220 ac
1129 4166 1438 4235 refrigerat,
1476 4166 1598 4219 dum
1629 4168 2012 4221 vehementiam
2041 4183 2126 4219 ar-

547 4255 837 4322 doremque
867 4255 1066 4307 doloris
1109 4255 1270 4319 lenit,
1301 4257 1653 4325 solatiumque
1681 4257 1913 4325 qualibet
1937 4257 2121 4310 umbra

547 4344 756 4395 suavius
779 4345 1145 4412 amoeniusque
1187 4346 1434 4414 impertit.
1470 4345 1650 4414 Neque
1692 4345 1832 4398 enim
1860 4347 2028 4400 solum
2068 4347 2119 4398 in

547 4435 884 4502 pecuniarum
907 4435 1112 4501 jactura
1134 4479 1146 4499 ,
1175 4448 1264 4490 aut
1291 4438 1340 4490 in
1373 4438 1656 4492 liberorum
1685 4439 1970 4492 amissione
1990 4479 2004 4506 ,
2031 4449 2122 4493 aut

545 4527 596 4578 in
624 4525 743 4578 aliis
769 4526 1029 4581 similibus
1049 4570 1061 4591 ,
1091 4529 1184 4582 sed
1212 4530 1367 4582 etiam
1401 4531 1449 4582 in
1479 4541 1818 4600 peccatorum
1846 4531 2117 4584 calamita.

544 4619 682 4671 tibus
714 4633 956 4686 magnam
1007 4619 1092 4672 illa
1141 4619 1294 4672 nobis
1329 4621 1480 4674 afl'crt
1519 4623 1957 4676 consolationem.
1983 4621 2116 4676 Cum

539 4710 679 4762 enim
709 4711 866 4760 homo
887 4719 1105 4776 peccato
1135 4711 1454 4780 interceptus
1486 4723 1540 4766 et
1564 4713 1955 4766 circumventus
1976 4715 2118 4768 ceci-

546 4799 646 4864 dit,
689 4809 975 4868 posteaque
1021 4800 1291 4853 mordetur
1329 4817 1357 4854 a
1398 4804 1718 4857 conscientia
1751 4845 1764 4867 ,
1809 4804 2116 4872 peccatique

536 4892 748 4944 assidue
788 4908 1013 4958 memor,
1063 4907 1181 4946 sese
1227 4896 1472 4948 maeroris
1513 4897 1875 4965 magnitudine
1919 4897 2113 4962 obruit,

537 4996 735 5048 perque
758 4983 994 5050 singulos
1017 4983 1128 5038 dies
1153 4983 1454 5038 incenditur
1481 5004 1494 5038 :
1525 4987 1921 5056 inuumerisque
1944 4988 2113 5057 ipsmn

533 5071 966 5138 consolantibus,
998 5073 1041 5126 si
1070 5073 1492 5128 consolationem
1537 5092 1638 5130 non
1679 5077 1994 5142 admiserit,
2026 5077 2110 5131 in—

531 5178 748 5230 gressus
793 5166 844 5216 in
896 5166 1205 5230 ecclesiam,
1249 5176 1528 5236 postquam
1574 5169 1775 5223 audivit
1811 5181 2112 5224 sanctorum

537 5253 788 5318 plurimos
817 5255 991 5322 lapsos
1018 5259 1333 5322 surrexisse,
1362 5267 1520 5327 atque
1540 5259 1604 5312 ad
1638 5261 1868 5328 priorem
1893 5261 2114 5313 rediisse

533 5340 862 5415 dignitatem.
897 5345 1031 5398 clam
1079 5351 1246 5401 multo
1287 5349 1477 5402 solatio
1505 5349 1690 5418 plenus
1732 5351 2017 5420 egreditur.
2049 5351 2114 5401 ιςι

531 5431 619 5498 qui
667 5431 717 5482 in
764 5433 1008 5506 homines
1053 5437 1364 5508 plerumque
1411 5454 1722 5509 peccamus,
1763 5455 1830 5494 ne
1875 5441 2110 5493 revelare

527 5521 740 5593 quidem
768 5537 1042 5626 peCCat-um
1060 5528 1316 5586 audemus
1337 5533 1536 5602 pudore
1555 5533 1854 5604 ruboreque
1874 5531 2070 5587 detenti
2091 5548 2107 5599 ;

589 5678 660 5742 (α)
686 5679 799 5730 Vide
823 5683 872 5732 in
889 5645 1076 5816 mouit:
1087 5684 1401 5744 precedenti.

1079 5819 1168 5956 Χ

1169 5959 1234 6035 \

2233 2849 2372 2918 quod
2398 2851 2440 2903 si
2470 2853 2805 2917 revelemus,
2843 2853 2974 2907 nihil
3003 2861 3204 2908 tantum
3247 2857 3628 2926 consequimur
3655 2876 3670 2911 :
3701 2871 3822 2912 cum

2232 2949 2409 2994 autem
2433 2941 2570 2995 Deus
2596 2943 2926 3006 exhortatur,
2957 2959 3155 3012 corque
3181 2953 3418 2998 nostrum
3445 2947 3636 3016 tangit,
3663 2963 3812 3000 sata-

2233 3033 2348 3085 nica
2371 3032 2546 3086 omnis
2577 3034 2786 3087 tristitia
2811 3036 2991 3088 statim
3032 3035 3258 3104 fugatur.
3287 3037 3410 3090 ldeo
3433 3038 3708 3107 justorum
3745 3043 3822 3091 la-

2235 3137 2360 3190 psus
2386 3123 2539 3176 nobis
2569 3125 2860 3194 conscripti
2889 3135 3058 3179 sunt:
3086 3141 3191 3196 quo
3233 3135 3287 3180 et
3325 3128 3414 3196 qui
3463 3137 3614 3183 recte
3649 3139 3708 3184 et
3731 3131 3820 3198 qui

2235 3211 2476 3280 improbe
2501 3213 2686 3267 vivunt
2718 3215 2840 3268 hinc
2878 3217 3106 3270 maxime
3141 3216 3492 3272 lucrifaciant.
3523 3218 3661 3273 Nam
3695 3235 3818 3288 pec-

2231 3311 2378 3356 cator
2409 3303 2459 3356 in
2488 3303 2911 3372 desperationem
2967 3323 3070 3359 non
3102 3307 3232 3372 abit,
3283 3322 3402 3375 cum
3461 3309 3608 3362 videt
3655 3311 3818 3364 alium

2230 3395 2456 3462 lapsum,
2482 3396 2570 3464 qui
2603 3411 2880 3465 resurgere
2909 3398 3116 3464 potuit;
3149 3399 3236 3467 qui
3277 3413 3404 3452 vero
3427 3398 3696 3465 justitiam
3725 3415 3818 3458 co-

2231 3485 2322 3552 lit,
2353 3487 2654 3556 diligentior
2681 3489 2785 3542 erit
2813 3497 2865 3541 et
2907 3489 3128 3547 ﬁrmior.
3179 3489 3312 3548 Cum
3354 3490 3494 3549 enim
3537 3497 3740 3550 multos
3765 3511 3819 3550 se

2231 3576 2478 3631 meliores
2525 3578 2703 3649 lapsos
2735 3579 2936 3636 Viderit
2955 3622 2970 3648 ,
2999 3583 3210 3637 illorum
3239 3600 3364 3637 casu
3394 3583 3564 3638 lactus
3591 3587 3816 3648 cautior,

2227 3681 2442 3742 semper
2461 3671 2718 3728 sollicitus
2745 3676 2868 3740 erit,
2909 3677 3183 3745 multaque
3213 3693 3271 3733 se
3300 3679 3549 3733 cautione
3589 3679 3816 3734 minuet.

2231 3760 2318 3816 Sic
2345 3763 2518 3832 itaque
2548 3765 2590 3819 is
2611 3805 2625 3828 ,
2655 3767 2742 3834 qui
2773 3767 3024 3822 virtutem
3057 3768 3219 3834 colit,
3252 3771 3536 3837 persistet;
3567 3781 3822 3838 peccator

2230 3867 2358 3905 vero
2388 3869 2416 3905 a
2447 3854 2820 3924 desperatione
2851 3857 3158 3911 liberabitur
3187 3875 3201 3912 :
3233 3859 3320 3912 ille
3359 3858 3586 3913 firmiter
3615 3861 3818 3927 stabit,

2231 3943 2316 3998 hic
2345 3943 2396 3997 in
2429 3947 2678 4013 priorem,
2708 3963 2736 4000 a
2769 3963 2873 4017 quo
2902 3949 3125 4015 excidit,
3173 3961 3368 4004 statum
3399 3952 3690 4006 confestim
3731 3967 3820 4006 nco

2227 4043 2483 4090 vertetur.
2512 4037 2642 4090 Nam
2673 4055 2791 4093 cum
2825 4039 2986 4094 homo
3017 4041 3276 4110 quispiam
3309 4057 3406 4096 nos
3429 4053 3654 4097 maestos
3683 4059 3812 4097 con—

2227 4125 2445 4190 solatur,
2476 4128 2684 4181 etiamsi
2712 4129 2777 4182 ad
2808 4130 3072 4184 modicum
3108 4139 3318 4199 tempus
3344 4131 3466 4200 quid
3507 4132 3688 4185 solatii
3721 4134 3816 4186 ha-

2229 4211 2354 4267 bere
2384 4215 2672 4281 videamur,
2706 4217 2756 4270 in
2789 4219 3031 4272 eamdem
3082 4231 3256 4273 tamen
3302 4235 3489 4274 rursus
3539 4223 3814 4276 tristitiam

2225 4302 2551 4366 delabimur:
2585 4321 2704 4359 cum
2735 4309 2864 4362 vero
2906 4303 3060 4362 Deus.
3093 4325 3188 4379 per
3233 4312 3365 4365 alios
3409 4311 3682 4375 hortatur,
3725 4315 3814 4383 qui

2225 4405 2344 4464 post
2375 4407 2646 4464 peccatum
2679 4401 3062 4468 resipiscentes
3099 4405 3322 4456 salutem
3375 4418 3810 4475 consequuntur,

2224 4503 2372 4541 suam
2407 4490 2558 4542 nobis
2589 4482 2876 4545 bonitatem
2921 4492 3258 4547 manifestam
3305 4494 3463 4560 facit,
3499 4511 3568 4550 ne
3597 4499 3814 4564 propria

2223 4581 2290 4634 de
2316 4582 2485 4636 salute
2514 4582 2836 4648 dubitemus,
2872 4584 3078 4636 firmam
3103 4595 3408 4653 certamque
3449 4587 3592 4640 nacti
3618 4602 3816 4642 consoo

2221 4673 2469 4727 lationem
2521 4674 2979 4739 Quemadmodum
3009 4677 3166 4745 igitur
3193 4677 3245 4730 in
3285 4685 3634 4745 peccatorum
3673 4679 3816 4735 εειςί-

2220 4763 2341 4830 bus,
2373 4767 2450 4818 sic
2481 4766 2640 4818 etiam
2671 4768 2720 4818 in
2754 4767 3002 4834 periculis
3029 4769 3479 4837 contingentibus,
3513 4785 3820 4841 congruent-

2223 4865 2326 4907 tem
2390 4857 2736 4910 mterentibus
2808 4857 3070 4910 medelam
3141 4869 3347 4912 veteres
3407 4859 3810 4929 Scripturarum

2220 4945 2456 4999 historim
2485 4947 2717 4999 animant
2746 4947 2997 5002 adhibere
3035 4951 3332 5004 volentibus
3358 4953 3770 5008 subministrant
3795 4972 3810 5008 :

2217 5051 2279 5091 ac
2304 5038 2414 5091 sive
2457 5037 2760 5092 facultatum
2809 5041 3133 5108 publicatio,
3189 5043 3300 5096 sive
3353 5045 3806 5113 sycophantarum

2219 5131 2486 5190 molestia.
2519 5131 2631 5186 sive
2661 5147 2924 5199 carceres,
2956 5133 3067 5186 sive
3097 5133 3320 5203 ﬂagella,
3349 5135 3461 5189 sive
3486 5137 3630 5191 aliud
3651 5137 3810 5206 quid-

2219 5225 2358 5291 piam
2381 5223 2505 5276 mali
2535 5238 2631 5277 nos
2661 5223 2960 5290 intercipiat
2992 5242 3004 5277 :
3037 5224 3101 5277 ad
3121 5224 3294 5293 justos
3322 5226 3686 5294 restricientes,
3717 5227 3808 5296 qui

2215 5313 2397 5366 eadem
2427 5313 2540 5381 ipsa
2570 5315 2708 5382 passi
2741 5324 2862 5367 sunt
2886 5329 2948 5368 ac
2975 5315 3292 5382 toleravere,
3328 5315 3392 5369 ad
3443 5318 3808 5386 nosmetipsos

2215 5403 2391 5457 statim
2413 5404 2586 5456 redire
2615 5405 3002 5472 poterimuan
3033 5407 3305 5474 corporeis
3319 5422 3544 5476 namque
3575 5409 3809 5472 morbis,

2215 5496 2258 5548 si
2291 5511 2430 5564 :eger
2457 5497 2590 5550 alios
2620 5505 2846 5566 :egrotos
2869 5497 3135 5568 respiciat,
3169 5513 3323 5551 suum
3351 5509 3504 5568 auget
3531 5500 3810 5566 morbum,

2213 5587 2534 5656 quandoque
2581 5588 2741 5641 etiam
2797 5604 2956 5657 quam
3003 5604 3106 5643 non
3161 5589 3386 5644 habebat
3436 5590 3810 5646 infirmitatem

2213 5676 2483 5732 contrahit
2514 5695 2524 5732 :
2554 5677 2782 5748 exempli
2803 5693 2963 5734 causa
2993 5719 3010 5746 ,
3033 5694 3151 5734 cum
3197 5681 3438 5737 nonnulli
3466 5682 3602 5738 alios
3625 5681 3808 5734 oculis
