4036 6206
125 254 241 311 299

127 370 237 425 καὶ
270 368 433 433 αὐτός
466 384 551 422 σοι
585 367 817 440 παρέχει
842 371 1037 438 ἄφεσιν
1065 371 1380 443 ἁμαρτιῶν*
1415 373 1689 443 πρόφασιν
1722 391 1812 443 μι-

129 456 283 529 κρὰν
306 459 371 511 σύ
394 456 701 525 εἰσένεγκε,
722 458 808 511 ἵνα
826 459 1185 528 εὐπρόσωπον
1210 458 1339 529 ἔχῃς
1358 458 1456 531 τὴν
1478 461 1775 528 ἀπολογίαν
1790 477 1805 492 ·

128 546 207 599 τὰ
243 546 344 615 μέν
374 545 485 616 γὰρ
515 544 645 615 παρ’
677 543 846 598 αὐτοῦ
882 546 1023 607 ἐστι,
1052 546 1119 599 τὲι
1140 545 1195 598 δὲ
1213 548 1344 618 παρ’
1374 547 1558 617 ’ἡμῶν⁸
1582 547 1651 601 τά
1681 548 1813 618 παρ’

128 632 300 702 ἡμῶν
343 631 441 684 ἐάν
490 631 917 702 είσενέγκωμεν,
965 632 1129 686 πάλιν
1160 634 1256 686 καὶ
1297 633 1458 696 αὐτὸς
1487 634 1715 704 παρέχει
1746 634 1814 688 τά

1164 300 1171 308 .
1259 293 1263 296 ›
1325 257 1414 313 DE
1454 257 1925 316 POENITENTIA.
1967 261 2198 318 HOMIL.
2239 262 2328 318 ιν.

3471 272 3577 331 500

1920 378 2085 447 μένην
2114 377 2433 449 περιελθὼν,
2465 379 2493 431 6
2516 378 2810 444 λιθασθεὶς,
2833 383 2862 435 6
2881 383 3180 451 φονευθεὶς,
3211 385 3239 438 6
3263 385 3573 458 τυπτηθεὶς.

1913 467 1942 519 6
1975 465 2151 518 πάντα
2171 465 2259 520 διὰ
2284 464 2344 518 τὺ
2370 466 2541 536 ὄνομα
2567 466 2663 521 τοῦ
2695 467 2830 521 Θεοῦ
2857 469 3062 535 παθὼν,
3093 470 3123 523 6
3155 473 3387 544 οὐρανίᾳ
3416 476 3570 546 φωνῇ

1913 552 2136 623 κληθεὶς
2181 552 2416 608 ἀνωθεν·
2467 555 2601 624 δρα,
2652 550 2804 618 οὗτος
2850 557 2904 607 τί
2952 555 3130 624 λέγει,
3180 560 3342 615 ποίαν
3392 563 3578 634 φωνὴν

1911 640 2173 712 ἐῤῥηξεψ
2213 640 2512 711 Ἑλάϐομεν
2540 655 2564 681 ιι
2585 642 2765 711 χάριν,
2799 643 2986 712 φησὶν,
3015 644 3122 697 ἀπὸ
3147 645 3241 698 τοῦ
3267 647 3423 711 Θεοῦ,
3442 648 3578 703 ἀλλά

132 721 275 790 παρ’
301 718 520 774 ἐαυτοῦ.
559 719 700 788 Ἤδη
734 719 833 790 μὲν
874 715 968 772 οὖν
996 719 1066 772 τὰ
1108 720 1238 790 παρ’
1266 719 1457 773 ἐαυτοῦ
1494 720 1657 783 αὐτὸς
1682 737 1824 789 παρ·
1911 729 2066 796 κάγὼ
2090 728 2378 792 ἐκοπίασα,
2405 730 2498 782 καὶ
2533 729 2932 799 συνεισήνεγκα
2951 747 2965 761 ο
2993 729 3041 782 Κ
3049 732 3108 783 αὶ
3132 732 3169 799 ἡ
3189 732 3358 801 χάρις
3391 735 3578 789 αὑτοῦ

139 807 327 878 έσχεν,
360 807 535 877 ἥλιον,
568 807 824 876 σελήνην,
863 806 1107 859 ποικίλον
1136 806 1298 877 χορὸν
1340 807 1584 877 ἀστέρων
1622 806 1816 877 ἐθεμε-

132 894 355 959 λίωσεν,
385 894 522 965 ἀέρα
546 894 752 963 ἐξέχεε,
786 894 891 964 γῆν
923 893 1166 964 ήπλωσε,
1206 893 1481 948 θάλασσαν
1515 894 1812 963 ἐτείχισεν,

134 981 339 1035 ἔδωκεν
365 982 490 1052 ὄρη.
520 984 716 1044 νάπας,
749 980 996 1051 βουνοὺς,
1028 981 1230 1050 πηγὰς,
1259 982 1478 1052 λίμνας,
1512 981 1810 1051 ποταμοὺς,

133 1067 206 1121 τὰ
236 1068 409 1139 μυρία
428 1068 557 1137 γένη
584 1067 694 1120 τῶν
723 1066 927 1135 φυτῶν,
952 1068 1335 1138 παραδείσους,
1352 1067 1420 1120 τά
1446 1068 1580 1120 ἄλλα
1603 1069 1809 1121 πάνταο

136 1156 304 1209 πάλιν
338 1156 403 1207 σύ
459 1154 839 1221 συνεισένεγκε
885 1154 1101 1224 μικρὸν,
1137 1155 1224 1207 ἵνα
1265 1154 1408 1207 οὕτω
1447 1154 1544 1207 καὶ
1590 1154 1658 1206 τὰ
1697 1154 1813 1208 ἀνω

137 1257 223 1294 σοι
252 1240 568 1311 χαρίσηται.
606 1239 699 1310 Μὴ
723 1237 817 1293 οὖν
850 1239 1217 1311 ἀμελήσωμεν
1248 1238 1480 1303 ἑαυτῶν,
1514 1238 1646 1309 μηδὲ
1679 1241 1815 1292 ἀπο-

138 1328 360 1398 στῶμεν
406 1329 507 1398 τῆς
568 1329 846 1399 ἡμετέρας
896 1331 1205 1401 σωτηρίας,
1264 1328 1518 1382 τοσοῦτον
1578 1330 1814 1400 πέλαγος

138 1415 562 1486 φιλανθρωπίας
586 1415 803 1485 ἔχοντες
830 1416 924 1469 τοῦ
953 1417 1171 1470 πάντων
1198 1418 1489 1481 Δεσπότου,
1521 1420 1613 1471 καὶ
1647 1436 1814 1489 μετα-

136 1502 392 1564 νοοῦντος
424 1503 518 1554 ἐπὶ
568 1504 690 1565 ταῖς
725 1503 1026 1574 ἡμετέραις
1074 1505 1393 1576 ἁμαρτίαις.
1434 1504 1689 1558 Βασιλεία
1718 1505 1813 1557 οὐ-

138 1588 324 1658 ρανῶν
373 1587 656 1657 πρόκειται
707 1589 802 1641 καὶ
864 1590 1215 1660 παράδεισος,
1268 1592 1363 1643 καὶ
1423 1592 1491 1644 τὰ
1542 1590 1723 1659 ἀγαθὰ
1775 1589 1816 1645 ἄ

137 1674 452 1742 ὀφθαλμὸς
483 1674 592 1726 οὐκ
626 1669 771 1735 εἶδε,
806 1675 905 1727 καί
952 1671 1062 1741 οὖς
1113 1679 1225 1730 οὐκ
1271 1675 1521 1745 ἤκουσε,
1568 1675 1668 1729 καὶ
1713 1675 1815 1728 ἐπι

135 1759 399 1828 καρδίαν
432 1758 748 1828 ἀνθρώπου
774 1763 884 1815 οὐκ
918 1762 1123 1830 ἀνέϐη,
1163 1762 1202 1817 d
1232 1764 1565 1832 ἡτοίμασεν
1589 1766 1622 1816 d
1669 1762 1813 1825 Θεὸς

136 1847 267 1912 τοῖς
322 1845 640 1915 ἀγαπῶσιν
690 1849 907 1901 αὐτόν·
960 1849 1055 1903 καὶ
1099 1852 1199 1904 οὐκ
1248 1851 1537 1921 ὀφείλομεν
1594 1849 1815 1903 ἅπαντα

134 1934 390 2002 ποιῆσαι,
413 1934 499 1986 ἵνα
526 1951 580 1986 τι
600 1935 1123 2007 συνεισενέγκωμεν,
1141 1937 1284 1991 ὥστε
1305 1937 1512 1991 τούτων
1546 1936 1621 2007 μὴ
1650 1938 1815 1989 ἐκπε-

141 2026 295 2086 σεῖν;
329 2022 400 2074 Ἦ
435 2021 536 2074 οὐκ
563 2016 712 2085 οἶδας
740 2022 953 2087 Παῦλος
986 2025 1039 2076 τί
1066 2025 1235 2093 λέγει,
1270 2028 1298 2079 6
1330 2024 1497 2078 πολλά
1516 2023 1805 2085 κοπιάσας,

136 2111 236 2165 καὶ
266 2109 440 2182 μυρία
462 2110 698 2182 τρόπαια
733 2111 875 2165 κατὰ
906 2111 1002 2165 τοῦ
1026 2112 1275 2166 διαϐόλου
1305 2114 1528 2183 στήσας,
1553 2112 1582 2163 6
1607 2111 1665 2163 ἐν
1693 2106 1806 2161 σώ-

141 2215 277 2269 ματι
318 2198 419 2267 τήν
439 2197 767 2269 οἰκουμένην
797 2199 1090 2263 πεζεύσας,
1121 2201 1150 2252 6
1177 2200 1282 2269 γῆν
1305 2200 1399 2253 καὶ
1423 2198 1692 2253 θάλατταν
1714 2195 1808 2249 καὶ

138 2287 283 2357 ἀέρα
319 2283 694 2354 περιδραμὼν,
719 2287 748 2336 6
782 2286 1031 2358 καθάπερ
1059 2286 1365 2359 ὐπόπτερός
1390 2304 1473 2349 τις
1502 2286 1602 2356 τὴν
1631 2287 1809 2337 οἰκου-

1908 817 1948 883 ή
1969 819 2054 883 είς
2077 817 2183 885 ἐμὲ
2203 816 2350 884 κενὴ
2377 820 2486 870 οὐκ
2512 816 2763 885 ἐγενήθη
2784 834 2796 846 ·
2834 818 2995 872 ἀλλὰ
3023 817 3121 871 καὶ
3152 823 3581 890 περισσότερον

1904 902 2110 958 αὐτῶν
2129 903 2373 956 πάντων
2391 904 2691 956 ἐκοπίασα
2714 905 2809 956 καὶ
2834 904 3301 974 συνεισήνεγκα.
3325 907 3451 960 Οίδα
3461 924 3577 978 μεν,

1914 993 2102 1060 φησὶν,
2136 991 2357 1061 οἴδαμεν
2395 992 2492 1061 τῆς
2520 991 2744 1061 χάριτος
2778 991 2840 1044 τὸ
2864 989 3012 1065 [502]
3061 993 3310 1063 μέγεθος,
3344 994 3372 1046 ὃ
3400 995 3583 1048 ἐλάϐοο

1916 1096 2034 1149 μεν,
2074 1079 2188 1131 ἀλλ’
2225 1079 2326 1131 οὐκ
2373 1078 2542 1147 ἀργόν
2579 1094 2645 1148 με
2687 1069 2850 1148 εὗρε·
2902 1080 3113 1150 φανερά
3158 1081 3227 1133 τὰ
3258 1080 3391 1151 παρ’
3443 1081 3580 1152 ἐμοῦ

1912 1167 2306 1237 είσενεχθέντα.
2355 1165 2540 1229 Οὕτως
2585 1162 2678 1219 οὖν
2727 1167 2819 1219 καὶ
2861 1166 3021 1236 ἡμεῖς
3070 1166 3169 1230 τὰς
3206 1170 3392 1239 χεῖρας
3445 1168 3582 1240 πρὸς

1913 1254 2281 1327 ἐλεημοσύνην
2328 1255 2652 1325 διδάξωμεν,
2696 1254 2784 1307 ἵνα
2834 1255 3335 1325 συνεισενέγκωμεν
3385 1257 3583 1326 μικρόν

1913 1363 2001 1399 τι⁸
2053 1346 2380 1415 κλαύσωμεν
2418 1347 2512 1398 ἐπὶ
2559 1349 2625 1416 τῇ
2661 1344 2928 1417 ἁμαρτίᾳ,
2980 1345 3338 1417 θρηνήσωμεν
3369 1347 3461 1400 ἐπὶ
3511 1351 3578 1419 τῇ

1914 1432 2139 1504 ἀνομίᾳ,
2172 1433 2258 1485 ἵνα
2284 1433 2525 1503 δόξωμεν
2547 1434 2740 1503 μικρὸν
2766 1450 2818 1485 τι
2847 1432 3242 1503 συνεισφέρειν,
3271 1433 3457 1505 ἐπειδὴ
3485 1436 3580 1488 καὶ

1919 1520 2130 1592 μεγάλα
2153 1520 2220 1573 τὰ
2258 1520 2521 1591 μέλλοντα
2551 1519 2789 1573 δίδοσθαι
2822 1522 2973 1591 ἡμῖν,
3008 1520 3103 1573 καὶ
3139 1520 3455 1592 ὑπερϐαίνει
3480 1522 3582 1592 τὴν

1914 1607 2188 1679 ἡμετέραν
2222 1606 2480 1677 δύναμιν’
2515 1607 2840 1677 παράδεισος
2874 1607 2983 1677 γάρ
3025 1609 3162 1669 ἐστι,
3202 1608 3295 1660 καὶ
3335 1607 3583 1677 βασιλεία

1914 1696 2188 1766 οὐρανῶν·
2220 1691 2288 1766 ἦς
2312 1696 2521 1762 γένοιτο
2549 1695 2756 1757 πάντας
2785 1695 2930 1763 ἡμᾶς
2953 1695 3248 1763 ἐπιτυχεῖν,
3273 1696 3459 1765 χάριτι
3488 1697 3583 1749 καὶ

1916 1783 2299 1853 φιλανθρωπία
2345 1781 2438 1835 τοῦ
2493 1782 2700 1852 Κυρίου
2744 1780 2901 1850 ἡμῶν
2945 1780 3118 1851 Ἰησοῦ
3152 1781 3411 1851 Χριστοῦ,
3462 1782 3580 1851 μεθ’

1913 1865 1975 1924 οὐ
2008 1871 2086 1941 τῷ
2125 1872 2300 1941 Πατρὶ
2333 1869 2448 1940 ἅμα
2482 1868 2560 1939 τῷ
2620 1868 2761 1937 ἁγίῳ
2813 1867 3111 1939 ῐΙνεύματι,
3148 1867 3296 1931 δόξα,
3360 1868 3582 1939 κράτος,

1912 1959 2068 2030 τιμὴ,
2104 1958 2199 2011 νῦν
2238 1960 2333 2011 καὶ
2386 1958 2493 2017 ἀεὶ,
2531 1957 2627 2009 καὶ
2681 1958 2760 2018 είς
2793 1958 2918 2018 τούς
2955 1954 3156 2018 αίῶνας
3192 1956 3298 2008 τῶν
3348 1955 3581 2013 αἰώνων.

1923 2048 2115 2117 Ἀμήν.

1913 2286 1943 2332 6
1976 2228 2001 2255 ⁸
2024 2220 2135 2267 Sav.
2172 2222 2198 2266 6
2221 2218 2424 2281 οὐρανίῳ
2456 2222 2586 2279 φωνῇ
2614 2216 2817 2273 κληθεὶς,
2846 2216 2934 2278 ὅρα
2957 2214 3100 2262 ποίαν
3123 2216 3281 2276 φωνὴν
3303 2214 3446 2263 εἶπεν
3473 2214 3584 2264 ἐκ·

1945 2300 2072 2332 οιιεν.

1945 2300 2072 2347 ομεν.

246 2420 3413 2456 ________________________________,________________________

1299 2540 1461 2595 ΠΕΡΙ
1491 2532 1888 2591 ΜΕΤΑΝΟΙΛΣ
1926 2531 2047 2585 ΚΑΙ
2087 2528 2338 2583 ΕΥΧΗΣ.

821 2769 1055 2837 Ὀμιλία
1076 2762 1152 2822 δ’.

207 2866 281 2915 α’.
314 2859 380 2912 υἱ
415 2856 667 2927 ποιμένες
692 2856 759 2911 τὰ
793 2855 1043 2926 πρόϐατα
1076 2853 1205 2907 ἐνθα
1236 2852 1303 2907 ἂν
1331 2853 1479 2906 ίδωσι
1510 2854 1812 2926 βαθυτέραν

138 2944 310 3003 οὖσαν
333 2947 435 3018 τὴν
462 2946 620 3009 πόαν,
656 2944 897 3014 συνεχῶς
925 2944 1143 3012 ἄγουσι,
1171 2943 1266 2996 καὶ
1286 2943 1348 2995 οὐ
1379 2942 1645 3014 πρότερον
1669 2945 1813 2995 ἐκεῖ·

137 3036 235 3089 θεν
270 3034 596 3105 ἐγείρουσιν,
630 3033 737 3095 ἓως
779 3032 844 3087 ἂν
889 3030 1061 3102 αὐτὴν
1100 3033 1281 3085 πᾶσαν
1310 3030 1580 3103 ἀποκείρῃ
1606 3030 1675 3082 τά
1703 3032 1813 3082 ποίι

142 3139 296 3195 μνια.
332 3120 572 3184 Τούτους
599 3120 656 3173 δὲ
684 3116 778 3173 καὶ
802 3121 961 3190 ἡμεῖς
997 3117 1348 3188 μιμούμενοι,
1380 3119 1649 3189 τετάρτην
1678 3113 1811 3168 ταύ-

137 3225 243 3280 την
274 3206 380 3278 ἡδη
410 3205 624 3277 ἡμέραν
653 3207 732 3267 είς
758 3205 849 3257 τὸν
870 3204 972 3272 τῆς
997 3205 1286 3275 μετανοίας
1312 3204 1513 3275 τρόπον
1546 3202 1812 3273 βόσκομεν

138 3293 304 3348 τοῦτο
342 3293 406 3346 τὸ
443 3292 708 3362 ποίμνιον,
744 3291 839 3344 καὶ
872 3290 1083 3343 οὐδέπω
1112 3291 1206 3343 καλ⁹
1242 3291 1482 3362 σήμερον
1512 3291 1811 3360 ἀναστῆσαι

138 3378 677 3453 παρασκευαζόμεθα
698 3395 710 3408 ·
740 3376 956 3449 ὁρῶμεν
982 3377 1090 3446 γὰρ
1122 3376 1321 3449 πολλὴν
1352 3372 1517 3431 οὖσαν
1540 3377 1619 3430 ἐτι
1641 3376 1831 3448 νομῆς.

137 3469 428 3539 εὐπορίαν,
464 3469 559 3520 καὶ
585 3465 785 3537 πολλὴν
813 3464 1003 3537 τέρψιν
1029 3464 1164 3536 ὁμοῦ
1195 3467 1287 3517 καὶ
1308 3466 1598 3534 ὠφέλειαν.

208 3555 350 3610 Οὐδὲ
394 3553 501 3625 γὰρ
533 3552 707 3616 οὓτως
741 3554 797 3606 αἱ
842 3553 1011 3622 κόμαι
1051 3551 1162 3604 τῶν
1193 3552 1425 3623 δένδρων
1457 3552 1578 3605 ἀντὶ
1612 3551 1810 3621 στέγης

133 3646 249 3706 τοῖς
304 3641 599 3713 προϐάτοις
645 3641 929 3711 γινόμεναι
984 3638 1125 3692 κατὰ
1182 3638 1244 3691 τὸ
1297 3639 1665 3711 μεσημϐρινὸν
1713 3639 1810 3708 τῆς

135 3729 356 3800 ἡμέρας
388 3726 730 3781 ἀναπαύουσι
764 3726 832 3779 τά
860 3725 1132 3798 πρόϐατα,
1169 3725 1423 3796 ποθεινὴν
1452 3743 1510 3778 τε
1547 3728 1642 3779 καὶ
1665 3725 1810 3796 ώφέ-

132 3817 295 3886 λιμον
333 3814 636 3884 παρέχουσι
661 3814 760 3884 τὴν
792 3812 974 3878 σκιὰν,
1011 3814 1105 3865 καὶ
1150 3811 1287 3883 μετά
1313 3812 1515 3881 πολλῆς
1545 3829 1808 3865 κατακοι-

136 3903 357 3974 μίζουσι
393 3900 494 3970 τῆς
517 3901 730 3971 ἡδονῆς,
760 3899 836 3963 ὡς
866 3901 898 3971 ἡ
931 3899 1041 3952 τῶν
1065 3899 1222 3952 θείων
1252 3899 1482 3969 Γραφῶν
1503 3900 1808 3968 ἀνάγνωσις

128 3995 231 4055 τὰς
263 3988 614 4057 ὀδυνωμένας
638 3986 818 4058 ψυχὰς
842 3988 935 4041 καὶ
952 3987 1159 4057 ἀθυμίᾳ
1177 3987 1551 4057 κατεχομένας
1568 3990 1806 4042 ἀνακτᾶ-

128 4096 223 4134 ται
259 4080 363 4131 καὶ
408 4075 734 4146 καταψύχει,
782 4075 846 4127 τὸ
893 4075 993 4146 μὲν
1030 4074 1256 4144 σφοδρὸν
1298 4076 1393 4128 καὶ
1440 4075 1663 4139 διακαὲς
1706 4076 1806 4147 τῆς

128 4166 331 4231 ιδύνης
362 4162 757 4233 ἀποχριομένη,
789 4160 1142 4232 παραμυθίαν
1163 4160 1219 4213 δέ
1248 4162 1405 4224 σκιᾶς
1433 4162 1650 4232 ἀπάσης
1673 4162 1806 4233 ἡδίω

126 4253 223 4306 καὶ
259 4251 634 4324 τερπνοτέραν
660 4248 991 4321 παρέχουσα.
1023 4247 1098 4301 Οὐ
1133 4248 1242 4321 γάρ
1279 4249 1437 4318 μόνον
1467 4250 1523 4301 ἐν
1543 4253 1665 4312 ταῖς
1697 4251 1804 4303 τῶν

125 4338 440 4409 χρημάτων
469 4337 714 4407 ζημίαις,
743 4334 865 4387 οὐδέ
891 4336 948 4386 ἐν
972 4337 1091 4398 ταῖς
1122 4335 1230 4387 τῶν
1254 4337 1459 4389 τέκνων
1489 4337 1801 4403 ἀποϐολαῖς,

122 4424 257 4478 οὔτε
287 4426 348 4476 ἐν
373 4424 486 4485 τοῖς
521 4421 699 4484 ἄλλοις
727 4423 841 4484 τοῖς
876 4421 1160 4484 τοιούτοις,
1190 4421 1325 4474 ἀλλά
1350 4424 1443 4475 καὶ
1474 4425 1529 4475 ἐν
1553 4427 1669 4487 ταῖς
1696 4424 1804 4477 τῶν

128 4509 429 4582 ἁμαρτιῶν
470 4510 824 4579 περιστάσεσι
859 4508 1059 4579 πολλὴν
1100 4510 1233 4579 ἡμῖν
1262 4511 1400 4581 αὐτὴ
1450 4512 1677 4582 παρέχει
1705 4512 1803 4583 τὴν

124 4596 517 4670 παραμυθίαν.
551 4597 721 4649 Ὅταν
756 4596 867 4665 γάρ
890 4595 1176 4666 ἄνθρωπος
1199 4597 1303 4650 ὑπὸ
1336 4598 1610 4668 ἁμαρτίας
1643 4598 1803 4662 ἁλοὺς

122 4688 225 4740 καὶ
268 4683 689 4745 ὐποσκελισθεὶς
725 4683 1032 4754 καταπέσῃ,
1080 4680 1198 4737 είτα
1248 4685 1507 4757 κατεσθίῃ
1540 4687 1704 4738 αὐτὸν
1744 4688 1803 4740 τὸ

124 4772 402 4837 συνειδὸς,
440 4772 537 4824 καὶ
570 4771 670 4840 τῆς
717 4770 994 4840 ἁμαρτίας
1048 4771 1287 4841 συνεχῶς
1343 4774 1798 4844 ἀναμιμνήσκων,

118 4860 331 4915 ἐαυτὸν
380 4858 658 4928 ἁποπνίγῃ
700 4860 768 4928 τῇ
810 4858 908 4927 τῆς
934 4858 1173 4928 ἀθυμίας
1202 4859 1497 4930 ὑπερϐολῇ,
1546 4862 1640 4913 καὶ
1677 4860 1801 4913 καθ’

117 4953 378 5019 ἑκάστην
415 4948 787 5017 ἐμπυρίζηται
832 4946 930 5017 τὴν
961 4948 1197 5016 ἡμέραν,
1244 4950 1340 5001 καὶ
1378 4948 1588 5019 μυρίων
1620 4966 1801 5019 παρα-

114 5036 471 5100 καλούντων,
492 5034 560 5088 ἂν
588 5035 662 5106 μὴ
684 5035 1016 5105 προσίηταιο
1035 5035 1132 5104 τὴν
1157 5036 1524 5106 παράκλησιν,
1545 5035 1801 5089 εἰσελθὼν

113 5131 201 5192 εἰς
233 5126 344 5196 τὴν
373 5124 690 5194 ἐκκλησίαν,
734 5124 827 5176 καὶ¹
870 5123 1110 5186 ἀκούσας
1138 5125 1219 5176 ὅτι
1262 5124 1447 5178 πολλοὶ
1475 5125 1583 5178 τῶν
1625 5126 1797 5193 ἁγίων

112 5214 393 5274 πεσόντες
420 5213 748 5282 ἀνέστησαν,
782 5211 877 5264 καὶ
905 5213 984 5274 είς
1014 5212 1111 5281 τὴν
1144 5212 1412 5283 προτέραν
1438 5212 1601 5265 πάλιν
1628 5215 1799 5266 ἐπαν-

109 5303 295 5373 ῆλθον
336 5299 709 5369 εὐδοκίμησιν,
756 5296 1125 5361 λανθανόντως
1163 5298 1341 5351 λαϐὼν
1383 5300 1482 5371 τὴν
1537 5317 1795 5371 παραμυ-

108 5391 251 5444 θίαν
286 5386 613 5456 ἀπέρχεται.
633 5384 746 5438 Καὶ
771 5383 1079 5455 ἀνθρώποις
1110 5384 1209 5454 μὲν
1234 5385 1491 5449 πολλάκις
1521 5387 1796 5457 ἁμαρτόν-

102 5494 210 5541 τες
239 5474 374 5530 οὐτε
405 5472 707 5542 ἐκκαλύψαι
740 5473 800 5525 τὸ
822 5472 1200 5542 πλημμέλημα
1233 5473 1575 5544 ὑπομένομεν
1602 5477 1795 5545 αίσχυ-

101 5566 346 5636 νόμενοι
394 5561 488 5614 καὶ
519 5558 899 5631 ἐρυθριῶντες,
946 5557 1047 5612 κᾶν
1080 5559 1135 5612 δὲ
1173 5560 1587 5632 ἐκκαλύψωμεν,
1640 5564 1793 5620 οὐδὲν

172 5671 207 5701 ι
231 5668 380 5741 {huc
400 5664 851 5741 affipgu‘nrampobis
887 5666 1217 5741 suppqutam
1239 5667 1410 5731 Savil.,
1444 5670 1530 5733 qui
1562 5670 1787 5723 ediderat

98 5730 372 5796 προσίεται
421 5727 589 5778 nam:
625 5735 792 5777 autem
821 5727 1037 5790 προσείη.
1066 5727 1195 5778 Enn.

1914 2753 2318 2828 καρπωσόμεθα
2361 2752 2643 2806 τοσοῦτον·
2690 2751 2816 2804 ὅταν
2849 2750 2905 2803 δὲ
2950 2751 3083 2813 Θεὸς
3129 2750 3442 2821 παρακαλῇ,
3486 2750 3584 2805 καὶ

1911 2848 2011 2918 τῆς
2074 2844 2302 2915 καρδίας
2353 2841 2614 2911 ἁπτηται,
2664 2841 2813 2892 πᾶσα
2854 2838 3063 2909 ταχέως
3113 2837 3584 2909 φυγαδευθήσεται

1915 2932 2181 3002 σατανικὴ
2234 2929 2399 2998 λύπη.
2428 2929 2526 2980 Διά
2570 2928 2729 2979 τοῦτο
2767 2928 2862 2979 καὶ
2916 2926 3187 2996 πτώματα
3214 2926 3323 2978 τῶν
3355 2925 3584 2979 δικαίων

1913 3022 2059 3073 ἐστὶν
2097 3021 2228 3088 ἡμῖν
2270 3017 2619 3085 ἀνάγραπτα,
2652 3015 2737 3067 ἵνα
2779 3014 2831 3065 οἵ
2871 3030 2931 3065 τε
2973 3011 3388 3083 κατορθοῦντες,
3438 3012 3493 3065 οἵ
3522 3027 3582 3065 τε

1912 3107 2317 3179 ἁμαρτάνοντες
2366 3106 2434 3157 τά
2473 3103 2702 3174 μέγιστα
2746 3105 2810 3155 ἐκ
2858 3101 3065 3155 τούτων
3115 3103 3466 3173 κερδάνωσιν.
3522 3101 3584 3155 ’0

1912 3196 2022 3267 γὰρ
2063 3195 2395 3264 ἁμαρτάνων
2423 3192 2524 3244 οὐκ
2551 3190 2770 3263 ἔρχεται
2797 3192 2876 3252 εἰς
2900 3191 3213 3259 ἀπόγνωσιν
3236 3191 3329 3243 καὶ
3348 3189 3583 3244 ἀπελπι⁴

1914 3284 2048 3353 σμὸν
2071 3280 2248 3354 [505],
2283 3280 2407 3334 ἰδὼν
2442 3280 2629 3348 ἓτερον
2670 3276 2929 3340 πεσόντα,
2963 3279 3054 3331 καὶ
3090 3277 3251 3331 πάλιν
3281 3277 3582 3349 ἀναστῆναι

1910 3370 2206 3438 δυνηθέντα
2228 3386 2241 3399 ·
2266 3370 2295 3421 6
2335 3368 2392 3420 δὲ
2424 3365 2773 3436 δικαιοσύνην
2802 3365 3191 3435 ἐργαζόμενος,
3225 3364 3577 3418 σπουδαιότε-

1913 3476 2004 3530 ρος
2030 3458 2184 3510 ἐσται
2208 3458 2304 3510 καὶ¹
2328 3455 2753 3525 ἀσφαλέστερος.
2782 3454 2956 3508 Ὅταν
2981 3452 3090 3523 γάρ
3116 3451 3224 3505 τῶν
3254 3450 3419 3506 αὐτοῦ
3442 3451 3581 3506 πολὺ

1912 3544 2197 3616 βελτιόνων
2221 3543 2452 3606 πολλοὺς
2476 3541 2893 3604 καταπεσόντας
2917 3541 3024 3612 ίδῃ,
3046 3540 3124 3611 τῷ
3147 3541 3298 3613 φόϐῳ
3321 3541 3418 3613 τῆς
3439 3540 3583 3594 ἐκεί·

1910 3650 2014 3685 νων
2040 3630 2300 3694 πτώσεως
2319 3629 2807 3700 σωφρονιζόμενος,
2833 3627 3127 3696 ἐναγώνιος
3143 3628 3297 3682 ἔσται
3324 3629 3579 3695 πάντοτε,

1908 3721 2005 3773 καὶ
2035 3717 2233 3789 πολλὴν
2259 3718 2387 3789 περὶ
2407 3717 2599 3769 ἐαυτὸν
2631 3715 2959 3780 ἐπιδείξεται
2988 3715 3089 3787 τὴν
3115 3715 3418 3786 ἀσφάλειαν
3436 3733 3451 3747 ·
3484 3718 3583 3771 καὶ

1909 3806 2081 3869 οὕτως
2106 3807 2134 3858 6
2163 3806 2260 3877 μὲν
2286 3804 2385 3875 τὴν
2410 3803 2614 3875 ἀρετὴν
2641 3803 2947 3873 κατορθῶν,
2982 3806 3009 3857 ὁ
3031 3804 3087 3857 δὲ
3118 3804 3449 3875 ἁμαρτάνων
3478 3804 3580 3874 τῆς

1909 3891 2274 3962 ἀπογνώσεως
2294 3892 2653 3960 ἀπαλλαγεὶς,
2683 3894 2711 3945 ὁ
2741 3892 2841 3963 μὲν
2867 3894 3125 3962 στήσεται
3152 3891 3435 3960 ἀσφαλῶς,
3468 3892 3496 3943 6
3520 3891 3580 3946 δέ

1908 3980 2165 4053 ἐπανήξει
2191 3980 2425 4051 ταχέως,
2441 3981 2564 4033 ὅθεν
2588 3980 2867 4046 ἐξέπεσεν.
2893 3981 3060 4032 Ὅταν
3077 3980 3186 4050 γὰρ
3200 3981 3348 4050 ἡμᾶς
3364 3978 3460 4032 ἀνθ
3470 3996 3577 4049 ρω-

1907 4086 2009 4132 πος
2058 4069 2351 4140 παρακαλῇ
2409 4067 2803 4139 λυπουμένους,
2839 4068 2935 4121 καὶ
2962 4066 3203 4138 δόξωμεν
3234 4067 3371 4137 πρὸς
3397 4066 3580 4135 ὀλίγον

1905 4157 2372 4228 παραμυθεῖσθαι,
2422 4157 2584 4210 πάλιν
2617 4159 2699 4219 εἰς
2748 4157 2846 4226 τὴν
2898 4156 3070 4226 αὐτὴν
3118 4154 3358 4226 ἀθυμίαν
3406 4170 3580 4208 κατα-

1904 4247 2212 4317 πίπτομεν⁸
2273 4247 2411 4300 ἐπὰν
2462 4247 2519 4300 δὲ
2560 4249 2588 4300 6
2635 4244 2768 4308 Θεὸς
2820 4246 3198 4317 προτρέπηται
3247 4245 3314 4298 δι’
3370 4245 3574 4316 ἐτέρων

1906 4334 2364 4405 ἁμαρτησάντων,
2418 4333 2513 4386 καὶ
2567 4334 3048 4403 μετανοησάντων,
3107 4333 3201 4386 καὶ
3254 4332 3572 4395 σωθέντων,

1906 4421 2146 4491 φανεράν
2172 4424 2307 4493 ἡμῖν
2339 4424 2484 4474 ποιεῖ
2504 4422 2603 4492 τὴν
2632 4420 2796 4474 αὐτοῦ
2824 4420 3155 4490 ἀγαθότητα,
3187 4419 3273 4471 ἵνα
3307 4419 3381 4490 μὴ
3404 4420 3577 4490 ἀμφι-

1904 4509 2187 4578 ϐάλλωμεν
2219 4509 2348 4578 περὶ
2399 4509 2497 4579 τῆς
2539 4508 2747 4561 ἑαυτῶν
2793 4509 3087 4579 σωτηρίας,
3132 4507 3574 4579 ὁμολογουμένην

1904 4598 1998 4649 καὶ
2046 4596 2261 4665 ἀσφαλῆ
2294 4596 2574 4667 δεχόμενοι
2606 4598 2705 4666 τὴν
2741 4597 3107 4667 παράκλησιν.
3146 4597 3360 4667 Ὥσπερ
3391 4592 3483 4649 οὖν
3510 4597 3572 4650 ἐν

1901 4686 2021 4746 ταῖς
2048 4683 2156 4735 τῶν
2195 4683 2609 4753 ἁμαρτημάτων
2638 4684 3043 4752 περιστάσεσιν,
3077 4681 3220 4736 οὕτω
3241 4684 3335 4735 καὶ
3366 4682 3425 4734 ἐν
3449 4683 3569 4747 ταῖς

1900 4771 2007 4822 τῶν
2037 4769 2299 4822 κινδύνων
2320 4772 2658 4838 ἐπαγωγαῖς,
2690 4770 2873 4823 ίκανὺν
2898 4773 3013 4833 τοῖς
3046 4768 3315 4839 ἀθυμοῦσι
3349 4771 3570 4840 φάρμα-

1902 4875 1995 4911 κον
2023 4861 2079 4911 αἱ
2114 4858 2341 4911 παλαιαὶ
2387 4859 2494 4912 τῶν
2540 4859 2772 4929 Γραφῶν
2816 4860 3049 4931 ἱστορίαι
3082 4860 3381 4930 παρέχουσι
3430 4860 3547 4913 πᾶσ

1897 4950 2011 5010 τοῖς
2044 4946 2383 5016 βουλομένοις
2417 4948 2724 5019 προσέχειν.
2763 4950 2873 5002 Καὶ
2900 4950 3008 5003 εἴτε
3034 4949 3334 5019 χρημάτων
3359 4947 3566 5020 δήμευ-

1901 5050 2004 5095 σις,
2046 5035 2155 5085 εἴτε
2202 5035 2553 5101 συκοφαντῶν
2595 5037 2869 5106 ἐπήρειαι,
2901 5036 3008 5087 εἴτε
3040 5035 3409 5104 δεσμωτήρια,
3450 5034 3563 5091 εἴτε

1902 5120 2183 5188 μάστιγες,
2210 5120 2311 5173 κᾶν
2334 5121 2512 5175 ὁτιοῦν
2535 5122 2719 5194 ἕτερον
2748 5122 2853 5175 τῶν
2875 5121 3061 5175 δεινῶν
3078 5124 3227 5192 ἡμᾶς
3254 5123 3559 5199 καταλάϐῃ,

1899 5205 2299 5270 ἀποϐλέποντες
2330 5210 2409 5271 είς
2439 5211 2565 5272 τοὺς
2590 5209 2833 5272 δικαίους
2858 5211 2983 5272 τοὺς
3016 5215 3086 5261 τά
3121 5210 3259 5263 αὐτὰ
3289 5210 3562 5277 παθόντας

1899 5295 1990 5344 καὶ
2036 5294 2457 5362 ὑπομείναντας,
2501 5297 2711 5366 ταχέως
2742 5298 2823 5358 είς
2852 5297 3078 5359 ἐαυτούς
3120 5296 3296 5349 ἐλθεῖν
3339 5298 3564 5370 δυνησό-

1902 5377 2061 5448 μεθα.
2110 5379 2232 5432 Ἐπὶ
2269 5381 2367 5450 μὲν
2410 5382 2520 5453 γὰρ
2552 5383 2658 5435 τῶν
2687 5381 2781 5436 τοῦ
2814 5382 3065 5453 σώματος
3110 5385 3301 5439 παθῶν
3333 5386 3395 5439 τὸ
3423 5388 3562 5461 πρὸς

1894 5468 2018 5529 τούς
2053 5467 2357 5537 πάσχοντας
2391 5471 2601 5541 ἀφορᾷν
2634 5472 2893 5524 ἐπιτείνει
2935 5472 3034 5541 τὴν
3077 5475 3232 5527 νόσον
3256 5475 3349 5528 τοῦ
3379 5476 3559 5547 ἀρρω⁹

1900 5548 2171 5614 στοῦντος,
2206 5551 2463 5615 πολλάκις
2507 5553 2563 5605 δὲ
2607 5555 2700 5607 καὶ
2729 5557 2829 5608 οὐκ
2859 5550 3024 5610 οὖσαν
3074 5557 3401 5629 ἐργάζεται·
3447 5555 3561 5614 οἷον

1897 5640 2207 5709 ὀφθαλμοὺς
2246 5643 2551 5713 πάσχοντας
2584 5644 2780 5708 ἰδόντες
2808 5646 2970 5709 τινὲς,
3009 5646 3303 5716 μετέλαϐον
3335 5648 3429 5701 τοῦ
3467 5665 3554 5702 νο-

1893 5728 2135 5798 σήματος
2163 5727 2273 5783 ἁπδ
2295 5730 2395 5801 τῆς
2426 5729 2553 5794 θέας
2583 5732 2749 5804 μόνης
2770 5749 2783 5762 ·
2817 5733 2907 5786 ἐπὶ
2936 5732 2991 5785 δὲ
3024 5733 3202 5803 ψυχῆς
3235 5735 3334 5804 οὐχ
3361 5733 3553 5801 οὕτως,
