  <div class='ocr_page' id='page_1' title='image "/cluster/home/n/w/nwhite01/storage/ocr_20150623/49/hvd.32044054086806/298.png"; bbox 0 0 4036 6206; ppageno 0'>
   <div class='ocr_carea' id='block_1_1' title="bbox 291 239 391 294">
    <p class='ocr_par' dir='ltr' id='par_1_1' title="bbox 291 239 391 294">
     <span class='ocr_line' id='line_1_1' title="bbox 291 239 391 294; baseline 0.01 -1"><span class='ocrx_word' id='word_1_1' title='bbox 291 239 391 294; x_wconf 72' lang='grc'><strong>301</strong></span> 
     </span>
    </p>
   </div>
   <div class='ocr_carea' id='block_1_2' title="bbox 289 356 1884 427">
    <p class='ocr_par' dir='ltr' id='par_1_2' title="bbox 289 356 1884 427">
     <span class='ocr_line' id='line_1_2' title="bbox 289 356 1884 427; baseline 0.001 -15"><span class='ocrx_word' id='word_1_2' title='bbox 289 356 598 412; x_wconf 74' lang='lat' dir='ltr'><strong>laborantes</strong></span> <span class='ocrx_word' id='word_1_3' title='bbox 647 359 995 427; x_wconf 79' lang='lat' dir='ltr'><strong>respicerent,</strong></span> <span class='ocrx_word' id='word_1_4' title='bbox 1053 373 1084 414; x_wconf 87' lang='lat' dir='ltr'><strong>a</strong></span> <span class='ocrx_word' id='word_1_5' title='bbox 1129 358 1244 416; x_wconf 90' lang='lat' dir='ltr'><strong>solo</strong></span> <span class='ocrx_word' id='word_1_6' title='bbox 1293 360 1483 416; x_wconf 91' lang='lat' dir='ltr'><strong>intuitu</strong></span> <span class='ocrx_word' id='word_1_7' title='bbox 1534 360 1779 417; x_wconf 89' lang='lat' dir='ltr'><strong>eumdem</strong></span> <span class='ocrx_word' id='word_1_8' title='bbox 1833 360 1884 415; x_wconf 93' lang='lat' dir='ltr'><strong>in</strong></span> 
     </span>
    </p>
   </div>
   <div class='ocr_carea' id='block_1_3' title="bbox 293 447 1890 525">
    <p class='ocr_par' dir='ltr' id='par_1_3' title="bbox 293 447 1890 525">
     <span class='ocr_line' id='line_1_3' title="bbox 293 447 1890 525; baseline 0.004 -23"><span class='ocrx_word' id='word_1_9' title='bbox 293 447 540 502; x_wconf 87' lang='lat' dir='ltr'><strong>morbum</strong></span> <span class='ocrx_word' id='word_1_10' title='bbox 573 449 912 518; x_wconf 89' lang='lat' dir='ltr'><strong>inciderunt;</strong></span> <span class='ocrx_word' id='word_1_11' title='bbox 941 451 996 507; x_wconf 89' lang='lat' dir='ltr'><strong>in</strong></span> <span class='ocrx_word' id='word_1_12' title='bbox 1026 452 1202 507; x_wconf 88' lang='lat' dir='ltr'><strong>anima</strong></span> <span class='ocrx_word' id='word_1_13' title='bbox 1231 467 1360 509; x_wconf 90' lang='lat' dir='ltr'><strong>vero</strong></span> <span class='ocrx_word' id='word_1_14' title='bbox 1385 468 1492 509; x_wconf 90' lang='lat' dir='ltr'><strong>non</strong></span> <span class='ocrx_word' id='word_1_15' title='bbox 1523 454 1772 525; x_wconf 91' lang='lat' dir='ltr'><strong>idipsum,</strong></span> <span class='ocrx_word' id='word_1_16' title='bbox 1795 454 1890 510; x_wconf 90' lang='lat' dir='ltr'><strong>sed</strong></span> 
     </span>
    </p>
   </div>
   <div class='ocr_carea' id='block_1_4' title="bbox 290 542 1887 616">
    <p class='ocr_par' dir='ltr' id='par_1_4' title="bbox 290 542 1887 616">
     <span class='ocr_line' id='line_1_4' title="bbox 290 542 1887 616; baseline 0.004 -20"><span class='ocrx_word' id='word_1_17' title='bbox 290 542 621 596; x_wconf 89' lang='lat' dir='ltr'><strong>contrarium</strong></span> <span class='ocrx_word' id='word_1_18' title='bbox 653 557 870 612; x_wconf 81' lang='lat' dir='ltr'><strong>prorsus</strong></span> <span class='ocrx_word' id='word_1_19' title='bbox 899 543 1117 599; x_wconf 88' lang='lat' dir='ltr'><strong>evenit:</strong></span> <span class='ocrx_word' id='word_1_20' title='bbox 1147 544 1190 598; x_wconf 91' lang='lat' dir='ltr'><strong>si</strong></span> <span class='ocrx_word' id='word_1_21' title='bbox 1234 545 1378 599; x_wconf 90' lang='lat' dir='ltr'><strong>enim</strong></span> <span class='ocrx_word' id='word_1_22' title='bbox 1423 545 1639 602; x_wconf 84' lang='lat' dir='ltr'><strong>assidue</strong></span> <span class='ocrx_word' id='word_1_23' title='bbox 1682 548 1887 616; x_wconf 89' lang='lat' dir='ltr'><strong>cogite-</strong></span> 
     </span>
    </p>
   </div>
   <div class='ocr_carea' id='block_1_5' title="bbox 291 632 1887 705">
    <p class='ocr_par' dir='ltr' id='par_1_5' title="bbox 291 632 1887 705">
     <span class='ocr_line' id='line_1_5' title="bbox 291 632 1887 705; baseline 0.003 -19"><span class='ocrx_word' id='word_1_24' title='bbox 291 647 411 686; x_wconf 87' lang='lat' dir='ltr'><strong>mus</strong></span> <span class='ocrx_word' id='word_1_25' title='bbox 437 647 551 697; x_wconf 88' lang='lat' dir='ltr'><strong>eos,</strong></span> <span class='ocrx_word' id='word_1_26' title='bbox 582 633 670 702; x_wconf 90' lang='lat' dir='ltr'><strong>qui</strong></span> <span class='ocrx_word' id='word_1_27' title='bbox 703 632 888 688; x_wconf 90' lang='lat' dir='ltr'><strong>eadem</strong></span> <span class='ocrx_word' id='word_1_28' title='bbox 918 635 1028 704; x_wconf 91' lang='lat' dir='ltr'><strong>ipsa</strong></span> <span class='ocrx_word' id='word_1_29' title='bbox 1051 635 1290 705; x_wconf 86' lang='lat' dir='ltr'><strong>perpessi</strong></span> <span class='ocrx_word' id='word_1_30' title='bbox 1316 643 1459 702; x_wconf 90' lang='lat' dir='ltr'><strong>sunt,</strong></span> <span class='ocrx_word' id='word_1_31' title='bbox 1483 637 1605 691; x_wconf 91' lang='lat' dir='ltr'><strong>hinc</strong></span> <span class='ocrx_word' id='word_1_32' title='bbox 1626 637 1887 691; x_wconf 87' lang='lat' dir='ltr'><strong>malorum</strong></span> 
     </span>
    </p>
   </div>
   <div class='ocr_carea' id='block_1_6' title="bbox 292 726 1885 784">
    <p class='ocr_par' dir='ltr' id='par_1_6' title="bbox 292 726 1885 784">
     <span class='ocr_line' id='line_1_6' title="bbox 292 726 1885 784; baseline 0.003 -5"><span class='ocrx_word' id='word_1_33' title='bbox 292 735 599 780; x_wconf 89' lang='lat' dir='ltr'><strong>nostrorum</strong></span> <span class='ocrx_word' id='word_1_34' title='bbox 630 726 826 781; x_wconf 83' lang='lat' dir='ltr'><strong>lenitur</strong></span> <span class='ocrx_word' id='word_1_35' title='bbox 853 727 1027 782; x_wconf 91' lang='lat' dir='ltr'><strong>dolor.</strong></span> <span class='ocrx_word' id='word_1_36' title='bbox 1057 727 1180 783; x_wconf 92' lang='lat' dir='ltr'><strong>ldeo</strong></span> <span class='ocrx_word' id='word_1_37' title='bbox 1206 729 1401 784; x_wconf 83' lang='lat' dir='ltr'><strong>Paulus</strong></span> <span class='ocrx_word' id='word_1_38' title='bbox 1431 729 1612 784; x_wconf 82' lang='lat' dir='ltr'><strong>fideles</strong></span> <span class='ocrx_word' id='word_1_39' title='bbox 1632 728 1733 784; x_wconf 92' lang='lat' dir='ltr'><strong>hoc</strong></span> <span class='ocrx_word' id='word_1_40' title='bbox 1760 729 1885 784; x_wconf 88' lang='lat' dir='ltr'><strong>hor-</strong></span> 
     </span>
    </p>
   </div>
   <div class='ocr_carea' id='block_1_7' title="bbox 289 817 1886 891">
    <p class='ocr_par' dir='ltr' id='par_1_7' title="bbox 289 817 1886 891">
     <span class='ocr_line' id='line_1_7' title="bbox 289 817 1886 891; baseline 0.005 -21"><span class='ocrx_word' id='word_1_41' title='bbox 289 825 433 871; x_wconf 88' lang='lat' dir='ltr'><strong>tatur</strong></span> <span class='ocrx_word' id='word_1_42' title='bbox 463 817 644 882; x_wconf 91' lang='lat' dir='ltr'><strong>modo,</strong></span> <span class='ocrx_word' id='word_1_43' title='bbox 677 833 787 873; x_wconf 91' lang='lat' dir='ltr'><strong>non</strong></span> <span class='ocrx_word' id='word_1_44' title='bbox 818 817 990 874; x_wconf 89' lang='lat' dir='ltr'><strong>solum</strong></span> <span class='ocrx_word' id='word_1_45' title='bbox 1017 829 1232 875; x_wconf 91' lang='lat' dir='ltr'><strong>sanctos</strong></span> <span class='ocrx_word' id='word_1_46' title='bbox 1261 821 1348 891; x_wconf 91' lang='lat' dir='ltr'><strong>qui</strong></span> <span class='ocrx_word' id='word_1_47' title='bbox 1382 821 1434 875; x_wconf 91' lang='lat' dir='ltr'><strong>in</strong></span> <span class='ocrx_word' id='word_1_48' title='bbox 1466 820 1601 876; x_wconf 85' lang='lat' dir='ltr'><strong>vivis</strong></span> <span class='ocrx_word' id='word_1_49' title='bbox 1626 830 1767 883; x_wconf 89' lang='lat' dir='ltr'><strong>sunt,</strong></span> <span class='ocrx_word' id='word_1_50' title='bbox 1792 822 1886 878; x_wconf 84' lang='lat' dir='ltr'><strong>sed</strong></span> 
     </span>
    </p>
   </div>
   <div class='ocr_carea' id='block_1_8' title="bbox 288 907 1886 970">
    <p class='ocr_par' dir='ltr' id='par_1_8' title="bbox 288 907 1886 970">
     <span class='ocr_line' id='line_1_8' title="bbox 288 907 1886 970; baseline 0.005 -8"><span class='ocrx_word' id='word_1_51' title='bbox 288 907 451 962; x_wconf 91' lang='lat' dir='ltr'><strong>etiam</strong></span> <span class='ocrx_word' id='word_1_52' title='bbox 485 919 724 963; x_wconf 91' lang='lat' dir='ltr'><strong>mortuos</strong></span> <span class='ocrx_word' id='word_1_53' title='bbox 762 909 813 964; x_wconf 90' lang='lat' dir='ltr'><strong>in</strong></span> <span class='ocrx_word' id='word_1_54' title='bbox 863 910 1095 966; x_wconf 91' lang='lat' dir='ltr'><strong>medium</strong></span> <span class='ocrx_word' id='word_1_55' title='bbox 1128 911 1415 968; x_wconf 85' lang='lat' dir='ltr'><strong>adducens.</strong></span> <span class='ocrx_word' id='word_1_56' title='bbox 1450 913 1701 968; x_wconf 76' lang='lat' dir='ltr'><strong>Hebraeos</strong></span> <span class='ocrx_word' id='word_1_57' title='bbox 1743 915 1886 970; x_wconf 91' lang='lat' dir='ltr'><strong>enim</strong></span> 
     </span>
    </p>
   </div>
   <div class='ocr_carea' id='block_1_9' title="bbox 283 997 1885 1074">
    <p class='ocr_par' dir='ltr' id='par_1_9' title="bbox 283 997 1885 1074">
     <span class='ocr_line' id='line_1_9' title="bbox 283 997 1885 1074; baseline 0.008 -24"><span class='ocrx_word' id='word_1_58' title='bbox 283 997 588 1068; x_wconf 80' lang='lat' dir='ltr'><strong>alloquens,</strong></span> <span class='ocrx_word' id='word_1_59' title='bbox 623 1000 710 1070; x_wconf 89' lang='lat' dir='ltr'><strong>qui</strong></span> <span class='ocrx_word' id='word_1_60' title='bbox 751 1001 1011 1057; x_wconf 89' lang='lat' dir='ltr'><strong>nutabant</strong></span> <span class='ocrx_word' id='word_1_61' title='bbox 1053 1019 1284 1074; x_wconf 82' lang='lat' dir='ltr'><strong>moxque</strong></span> <span class='ocrx_word' id='word_1_62' title='bbox 1314 1005 1517 1074; x_wconf 88' lang='lat' dir='ltr'><strong>lapsuri</strong></span> <span class='ocrx_word' id='word_1_63' title='bbox 1560 1016 1732 1072; x_wconf 86' lang='lat' dir='ltr'><strong>erant,</strong></span> <span class='ocrx_word' id='word_1_64' title='bbox 1782 1009 1885 1062; x_wconf 85' lang='lat' dir='ltr'><strong>Da-</strong></span> 
     </span>
    </p>
   </div>
   <div class='ocr_carea' id='block_1_10' title="bbox 289 1087 1884 1166">
    <p class='ocr_par' dir='ltr' id='par_1_10' title="bbox 289 1087 1884 1166">
     <span class='ocr_line' id='line_1_10' title="bbox 289 1087 1884 1166; baseline 0.007 -25"><span class='ocrx_word' id='word_1_65' title='bbox 289 1087 488 1142; x_wconf 87' lang='lat' dir='ltr'><strong>nielem</strong></span> <span class='ocrx_word' id='word_1_66' title='bbox 519 1090 570 1144; x_wconf 93' lang='lat' dir='ltr'><strong>in</strong></span> <span class='ocrx_word' id='word_1_67' title='bbox 602 1091 837 1146; x_wconf 87' lang='lat' dir='ltr'><strong>medium</strong></span> <span class='ocrx_word' id='word_1_68' title='bbox 870 1091 1106 1159; x_wconf 91' lang='lat' dir='ltr'><strong>adducit,</strong></span> <span class='ocrx_word' id='word_1_69' title='bbox 1153 1102 1262 1149; x_wconf 89' lang='lat' dir='ltr'><strong>tres</strong></span> <span class='ocrx_word' id='word_1_70' title='bbox 1293 1110 1508 1166; x_wconf 90' lang='lat' dir='ltr'><strong>pueros,</strong></span> <span class='ocrx_word' id='word_1_71' title='bbox 1543 1096 1733 1161; x_wconf 87' lang='lat' dir='ltr'><strong>Eliam,</strong></span> <span class='ocrx_word' id='word_1_72' title='bbox 1771 1098 1884 1153; x_wconf 83' lang='lat' dir='ltr'><strong>Eli-</strong></span> 
     </span>
    </p>
   </div>
   <div class='ocr_carea' id='block_1_11' title="bbox 291 1180 1883 1254">
    <p class='ocr_par' dir='ltr' id='par_1_11' title="bbox 291 1180 1883 1254">
     <span class='ocr_line' id='line_1_11' title="bbox 291 1180 1883 1254; baseline 0.008 -21"><span class='ocrx_word' id='word_1_73' title='bbox 291 1193 478 1246; x_wconf 69' lang='lat' dir='ltr'><strong>sazum,</strong></span> <span class='ocrx_word' id='word_1_74' title='bbox 508 1180 591 1236; x_wconf 87' lang='lat' dir='ltr'><strong>his</strong></span> <span class='ocrx_word' id='word_1_75' title='bbox 620 1183 798 1238; x_wconf 86' lang='lat' dir='ltr'><strong>verbis</strong></span> <span class='ocrx_word' id='word_1_76' title='bbox 831 1199 845 1236; x_wconf 91' lang='lat'><strong>:</strong></span> <span class='ocrx_word' id='word_1_77' title='bbox 882 1183 1252 1240; x_wconf 85' lang='lat' dir='ltr'><strong>Obturaverunt</strong></span> <span class='ocrx_word' id='word_1_78' title='bbox 1295 1204 1385 1242; x_wconf 90' lang='lat' dir='ltr'><strong>ora</strong></span> <span class='ocrx_word' id='word_1_79' title='bbox 1425 1189 1645 1254; x_wconf 80' lang='lat' dir='ltr'><strong>leonum,</strong></span> <span class='ocrx_word' id='word_1_80' title='bbox 1691 1192 1883 1245; x_wconf 56' lang='lat' dir='ltr'><strong>eratin-</strong></span> 
     </span>
    </p>
   </div>
   <div class='ocr_carea' id='block_1_12' title="bbox 283 1273 1886 1351">
    <p class='ocr_par' dir='ltr' id='par_1_12' title="bbox 283 1273 1886 1351">
     <span class='ocr_line' id='line_1_12' title="bbox 283 1273 1886 1351; baseline 0.005 -23"><span class='ocrx_word' id='word_1_81' title='bbox 283 1281 470 1328; x_wconf 68' lang='lat' dir='ltr'><strong>xerunt</strong></span> <span class='ocrx_word' id='word_1_82' title='bbox 513 1273 744 1328; x_wconf 79' lang='lat' dir='ltr'><strong>virtutem</strong></span> <span class='ocrx_word' id='word_1_83' title='bbox 787 1275 940 1347; x_wconf 88' lang='lat' dir='ltr'><strong>ignis,</strong></span> <span class='ocrx_word' id='word_1_84' title='bbox 977 1276 1262 1348; x_wconf 81' lang='lat' dir='ltr'><strong>e/fugerunt</strong></span> <span class='ocrx_word' id='word_1_85' title='bbox 1307 1296 1397 1333; x_wconf 85' lang='lat' dir='ltr'><strong>ora</strong></span> <span class='ocrx_word' id='word_1_86' title='bbox 1440 1281 1620 1350; x_wconf 79' lang='lat' dir='ltr'><strong>gladii,</strong></span> <span class='ocrx_word' id='word_1_87' title='bbox 1671 1281 1886 1351; x_wconf 84' lang='lat' dir='ltr'><strong>lapidati</strong></span> 
     </span>
    </p>
   </div>
   <div class='ocr_carea' id='block_1_13' title="bbox 283 1361 1883 1441">
    <p class='ocr_par' dir='ltr' id='par_1_13' title="bbox 283 1361 1883 1441">
     <span class='ocr_line' id='line_1_13' title="bbox 283 1361 1883 1441; baseline 0.008 -27"><span class='ocrx_word' id='word_1_88' title='bbox 283 1370 423 1430; x_wconf 82' lang='lat' dir='ltr'><strong>sunt,</strong></span> <span class='ocrx_word' id='word_1_89' title='bbox 453 1361 670 1417; x_wconf 87' lang='lat' dir='ltr'><strong>ludibria</strong></span> <span class='ocrx_word' id='word_1_90' title='bbox 688 1372 736 1418; x_wconf 88' lang='lat' dir='ltr'><strong>et</strong></span> <span class='ocrx_word' id='word_1_91' title='bbox 761 1367 962 1420; x_wconf 85' lang='lat' dir='ltr'><strong>verbera</strong></span> <span class='ocrx_word' id='word_1_92' title='bbox 990 1368 1184 1438; x_wconf 69' lang='lat' dir='ltr'><strong>experti</strong></span> <span class='ocrx_word' id='word_1_93' title='bbox 1221 1377 1358 1436; x_wconf 83' lang='lat' dir='ltr'><strong>sunt,</strong></span> <span class='ocrx_word' id='word_1_94' title='bbox 1391 1369 1690 1441; x_wconf 86' lang='lat' dir='ltr'><strong>insuperque</strong></span> <span class='ocrx_word' id='word_1_95' title='bbox 1714 1382 1883 1426; x_wconf 87' lang='lat' dir='ltr'><strong>custo-</strong></span> 
     </span>
    </p>
   </div>
   <div class='ocr_carea' id='block_1_14' title="bbox 285 1454 1883 1536">
    <p class='ocr_par' dir='ltr' id='par_1_14' title="bbox 285 1454 1883 1536">
     <span class='ocr_line' id='line_1_14' title="bbox 285 1454 1883 1536; baseline 0.006 -26"><span class='ocrx_word' id='word_1_96' title='bbox 285 1454 428 1510; x_wconf 83' lang='lat' dir='ltr'><strong>diam</strong></span> <span class='ocrx_word' id='word_1_97' title='bbox 457 1471 735 1511; x_wconf 85' lang='lat' dir='ltr'><strong>carcerum.</strong></span> <span class='ocrx_word' id='word_1_98' title='bbox 764 1457 1080 1515; x_wconf 87' lang='lat' dir='ltr'><strong>Circuierunt</strong></span> <span class='ocrx_word' id='word_1_99' title='bbox 1107 1462 1160 1516; x_wconf 89' lang='lat' dir='ltr'><strong>in</strong></span> <span class='ocrx_word' id='word_1_100' title='bbox 1185 1460 1380 1517; x_wconf 88' lang='lat' dir='ltr'><strong>melotis</strong></span> <span class='ocrx_word' id='word_1_101' title='bbox 1405 1471 1454 1518; x_wconf 90' lang='lat' dir='ltr'><strong>et</strong></span> <span class='ocrx_word' id='word_1_102' title='bbox 1477 1464 1698 1534; x_wconf 69' lang='lat' dir='ltr'><strong>caprinis</strong></span> <span class='ocrx_word' id='word_1_103' title='bbox 1733 1465 1883 1536; x_wconf 86' lang='lat' dir='ltr'><strong>pelli-</strong></span> 
     </span>
    </p>
   </div>
   <div class='ocr_carea' id='block_1_15' title="bbox 287 1545 1885 1628">
    <p class='ocr_par' dir='ltr' id='par_1_15' title="bbox 287 1545 1885 1628">
     <span class='ocr_line' id='line_1_15' title="bbox 287 1545 1885 1628; baseline 0.009 -31"><span class='ocrx_word' id='word_1_104' title='bbox 287 1545 402 1614; x_wconf 85' lang='lat' dir='ltr'><strong>bus,</strong></span> <span class='ocrx_word' id='word_1_105' title='bbox 431 1557 649 1618; x_wconf 81' lang='lat' dir='ltr'><strong>egentes,</strong></span> <span class='ocrx_word' id='word_1_106' title='bbox 682 1552 978 1621; x_wconf 84' lang='lat' dir='ltr'><strong>angustiati,</strong></span> <span class='ocrx_word' id='word_1_107' title='bbox 1008 1553 1196 1624; x_wconf 75' lang='lat' dir='ltr'><strong>aﬁlicti,</strong></span> <span class='ocrx_word' id='word_1_108' title='bbox 1227 1554 1404 1624; x_wconf 80' lang='lat' dir='ltr'><strong>quibus</strong></span> <span class='ocrx_word' id='word_1_109' title='bbox 1445 1555 1628 1628; x_wconf 83' lang='lat' dir='ltr'><strong>dignus</strong></span> <span class='ocrx_word' id='word_1_110' title='bbox 1651 1573 1751 1611; x_wconf 87' lang='lat' dir='ltr'><strong>non</strong></span> <span class='ocrx_word' id='word_1_111' title='bbox 1777 1566 1885 1612; x_wconf 85' lang='lat' dir='ltr'><strong>erat</strong></span> 
     </span>
    </p>
   </div>
   <div class='ocr_carea' id='block_1_16' title="bbox 286 1638 1202 1715">
    <p class='ocr_par' dir='ltr' id='par_1_16' title="bbox 286 1638 1202 1715">
     <span class='ocr_line' id='line_1_16' title="bbox 286 1638 1202 1715; baseline 0.012 -26"><span class='ocrx_word' id='word_1_112' title='bbox 286 1639 505 1693; x_wconf 83' lang='lat' dir='ltr'><strong>ntundus</strong></span> <span class='ocrx_word' id='word_1_113' title='bbox 536 1638 720 1708; x_wconf 87' lang='lat' dir='ltr'><strong>(Hebr.</strong></span> <span class='ocrx_word' id='word_1_114' title='bbox 750 1642 837 1697; x_wconf 81' lang='grc'><strong>11.</strong></span> <span class='ocrx_word' id='word_1_115' title='bbox 854 1643 922 1698; x_wconf 75' lang='grc'><strong>54</strong></span> <span class='ocrx_word' id='word_1_116' title='bbox 935 1651 984 1699; x_wconf 86' lang='lat' dir='ltr'><strong>et</strong></span> <span class='ocrx_word' id='word_1_117' title='bbox 1009 1645 1170 1715; x_wconf 79' lang='lat' dir='ltr'><strong>seqq.)</strong></span> <span class='ocrx_word' id='word_1_118' title='bbox 1188 1685 1202 1700; x_wconf 93' lang='lat'><strong>.</strong></span> 
     </span>
    </p>
   </div>
   <div class='ocr_carea' id='block_1_17' title="bbox 361 1727 1878 1808">
    <p class='ocr_par' dir='ltr' id='par_1_17' title="bbox 361 1727 1878 1808">
     <span class='ocr_line' id='line_1_17' title="bbox 361 1727 1878 1808; baseline 0.007 -26"><span class='ocrx_word' id='word_1_119' title='bbox 361 1727 740 1785; x_wconf 66' lang='lat' dir='ltr'><strong>Erumnarum</strong></span> <span class='ocrx_word' id='word_1_120' title='bbox 769 1735 1055 1788; x_wconf 88' lang='lat' dir='ltr'><strong>communio</strong></span> <span class='ocrx_word' id='word_1_121' title='bbox 1085 1737 1321 1790; x_wconf 79' lang='lat' dir='ltr'><strong>solatium</strong></span> <span class='ocrx_word' id='word_1_122' title='bbox 1349 1737 1536 1807; x_wconf 77' lang='lat' dir='ltr'><strong>prwbet</strong></span> <span class='ocrx_word' id='word_1_123' title='bbox 1571 1737 1784 1808; x_wconf 75' lang='lat' dir='ltr'><strong>afﬂictis.</strong></span> <span class='ocrx_word' id='word_1_124' title='bbox 1806 1767 1878 1780; x_wconf 90' lang='lat'><strong>—</strong></span> 
     </span>
    </p>
   </div>
   <div class='ocr_carea' id='block_1_18' title="bbox 287 1819 1882 1898">
    <p class='ocr_par' dir='ltr' id='par_1_18' title="bbox 287 1819 1882 1898">
     <span class='ocr_line' id='line_1_18' title="bbox 287 1819 1882 1898; baseline 0.005 -22"><span class='ocrx_word' id='word_1_125' title='bbox 287 1819 669 1878; x_wconf 67' lang='lat' dir='ltr'><strong>Erumnarum</strong></span> <span class='ocrx_word' id='word_1_126' title='bbox 707 1834 887 1881; x_wconf 90' lang='lat' dir='ltr'><strong>autem</strong></span> <span class='ocrx_word' id='word_1_127' title='bbox 913 1828 1220 1882; x_wconf 90' lang='lat' dir='ltr'><strong>communio</strong></span> <span class='ocrx_word' id='word_1_128' title='bbox 1245 1828 1491 1883; x_wconf 86' lang='lat' dir='ltr'><strong>solatium</strong></span> <span class='ocrx_word' id='word_1_129' title='bbox 1519 1829 1720 1898; x_wconf 62' lang='lat' dir='ltr'><strong>pratbct</strong></span> <span class='ocrx_word' id='word_1_130' title='bbox 1741 1829 1882 1884; x_wconf 78' lang='lat' dir='ltr'><strong>affli-</strong></span> 
     </span>
    </p>
   </div>
   <div class='ocr_carea' id='block_1_19' title="bbox 288 1913 1882 1992">
    <p class='ocr_par' dir='ltr' id='par_1_19' title="bbox 288 1913 1882 1992">
     <span class='ocr_line' id='line_1_19' title="bbox 288 1913 1882 1992; baseline 0.006 -25"><span class='ocrx_word' id='word_1_131' title='bbox 288 1913 392 1967; x_wconf 88' lang='lat' dir='ltr'><strong>ctis</strong></span> <span class='ocrx_word' id='word_1_132' title='bbox 419 1929 435 1966; x_wconf 91' lang='lat'><strong>:</strong></span> <span class='ocrx_word' id='word_1_133' title='bbox 466 1927 530 1970; x_wconf 92' lang='lat' dir='ltr'><strong>ac</strong></span> <span class='ocrx_word' id='word_1_134' title='bbox 553 1916 998 1985; x_wconf 84' lang='lat' dir='ltr'><strong>quemadmodum</strong></span> <span class='ocrx_word' id='word_1_135' title='bbox 1023 1919 1068 1974; x_wconf 89' lang='lat' dir='ltr'><strong>si</strong></span> <span class='ocrx_word' id='word_1_136' title='bbox 1096 1918 1216 1990; x_wconf 90' lang='lat' dir='ltr'><strong>quis</strong></span> <span class='ocrx_word' id='word_1_137' title='bbox 1253 1919 1398 1975; x_wconf 91' lang='lat' dir='ltr'><strong>solus</strong></span> <span class='ocrx_word' id='word_1_138' title='bbox 1425 1935 1589 1990; x_wconf 91' lang='lat' dir='ltr'><strong>grave</strong></span> <span class='ocrx_word' id='word_1_139' title='bbox 1613 1920 1882 1992; x_wconf 84' lang='lat' dir='ltr'><strong>quidpiam</strong></span> 
     </span>
    </p>
   </div>
   <div class='ocr_carea' id='block_1_20' title="bbox 291 2005 1884 2076">
    <p class='ocr_par' dir='ltr' id='par_1_20' title="bbox 291 2005 1884 2076">
     <span class='ocr_line' id='line_1_20' title="bbox 291 2005 1884 2076; baseline 0.008 -21"><span class='ocrx_word' id='word_1_140' title='bbox 291 2005 545 2072; x_wconf 83' lang='lat' dir='ltr'><strong>patiatur,</strong></span> <span class='ocrx_word' id='word_1_141' title='bbox 574 2006 772 2062; x_wconf 89' lang='lat' dir='ltr'><strong>nullam</strong></span> <span class='ocrx_word' id='word_1_142' title='bbox 802 2007 962 2065; x_wconf 84' lang='lat' dir='ltr'><strong>habet</strong></span> <span class='ocrx_word' id='word_1_143' title='bbox 1001 2011 1054 2065; x_wconf 88' lang='lat' dir='ltr'><strong>in</strong></span> <span class='ocrx_word' id='word_1_144' title='bbox 1095 2011 1236 2066; x_wconf 88' lang='lat' dir='ltr'><strong>malo</strong></span> <span class='ocrx_word' id='word_1_145' title='bbox 1254 2010 1708 2076; x_wconf 86' lang='lat' dir='ltr'><strong>consolationem;</strong></span> <span class='ocrx_word' id='word_1_146' title='bbox 1743 2012 1811 2066; x_wconf 86' lang='lat' dir='ltr'><strong>ita</strong></span> <span class='ocrx_word' id='word_1_147' title='bbox 1837 2013 1884 2068; x_wconf 91' lang='lat' dir='ltr'><strong>si</strong></span> 
     </span>
    </p>
   </div>
   <div class='ocr_carea' id='block_1_21' title="bbox 289 2096 1881 2175">
    <p class='ocr_par' dir='ltr' id='par_1_21' title="bbox 289 2096 1881 2175">
     <span class='ocr_line' id='line_1_21' title="bbox 289 2096 1881 2175; baseline 0.006 -25"><span class='ocrx_word' id='word_1_148' title='bbox 289 2096 414 2166; x_wconf 89' lang='lat' dir='ltr'><strong>quis</strong></span> <span class='ocrx_word' id='word_1_149' title='bbox 442 2097 679 2154; x_wconf 88' lang='lat' dir='ltr'><strong>inveniat</strong></span> <span class='ocrx_word' id='word_1_150' title='bbox 708 2101 866 2155; x_wconf 88' lang='lat' dir='ltr'><strong>alium</strong></span> <span class='ocrx_word' id='word_1_151' title='bbox 899 2102 950 2157; x_wconf 92' lang='lat' dir='ltr'><strong>in</strong></span> <span class='ocrx_word' id='word_1_152' title='bbox 988 2103 1125 2159; x_wconf 86' lang='lat' dir='ltr'><strong>mala</strong></span> <span class='ocrx_word' id='word_1_153' title='bbox 1153 2102 1448 2175; x_wconf 89' lang='lat' dir='ltr'><strong>delapsum,</strong></span> <span class='ocrx_word' id='word_1_154' title='bbox 1478 2102 1602 2159; x_wconf 92' lang='lat' dir='ltr'><strong>hinc</strong></span> <span class='ocrx_word' id='word_1_155' title='bbox 1631 2104 1881 2160; x_wconf 85' lang='lat' dir='ltr'><strong>leviorem</strong></span> 
     </span>
    </p>
   </div>
   <div class='ocr_carea' id='block_1_22' title="bbox 288 2189 817 2262">
    <p class='ocr_par' dir='ltr' id='par_1_22' title="bbox 288 2189 817 2262">
     <span class='ocr_line' id='line_1_22' title="bbox 288 2189 817 2262; baseline 0.009 -21"><span class='ocrx_word' id='word_1_156' title='bbox 288 2189 567 2257; x_wconf 81' lang='lat' dir='ltr'><strong>experitur</strong></span> <span class='ocrx_word' id='word_1_157' title='bbox 588 2191 817 2262; x_wconf 81' lang='lat' dir='ltr'><strong>plagam.</strong></span> 
     </span>
    </p>
   </div>
   <div class='ocr_carea' id='block_1_23' title="bbox 355 2279 1872 2359">
    <p class='ocr_par' dir='ltr' id='par_1_23' title="bbox 355 2279 1872 2359">
     <span class='ocr_line' id='line_1_23' title="bbox 355 2279 1872 2359; baseline 0.011 -27"><span class='ocrx_word' id='word_1_158' title='bbox 355 2279 412 2332; x_wconf 75' lang='grc'><strong>2.</strong></span> <span class='ocrx_word' id='word_1_159' title='bbox 445 2280 515 2336; x_wconf 87' lang='lat' dir='ltr'><strong>Ut</strong></span> <span class='ocrx_word' id='word_1_160' title='bbox 540 2282 696 2352; x_wconf 83' lang='lat' dir='ltr'><strong>igitur</strong></span> <span class='ocrx_word' id='word_1_161' title='bbox 732 2285 786 2340; x_wconf 89' lang='lat' dir='ltr'><strong>in</strong></span> <span class='ocrx_word' id='word_1_162' title='bbox 815 2287 1084 2352; x_wconf 90' lang='lat' dir='ltr'><strong>omnibus,</strong></span> <span class='ocrx_word' id='word_1_163' title='bbox 1139 2303 1256 2359; x_wconf 71' lang='lat' dir='ltr'><strong>quae</strong></span> <span class='ocrx_word' id='word_1_164' title='bbox 1295 2289 1450 2346; x_wconf 92' lang='lat' dir='ltr'><strong>nobis</strong></span> <span class='ocrx_word' id='word_1_165' title='bbox 1476 2290 1699 2348; x_wconf 90' lang='lat' dir='ltr'><strong>molesta</strong></span> <span class='ocrx_word' id='word_1_166' title='bbox 1728 2292 1872 2348; x_wconf 85' lang='lat' dir='ltr'><strong>acci-</strong></span> 
     </span>
    </p>
   </div>
   <div class='ocr_carea' id='block_1_24' title="bbox 280 2368 1882 2454">
    <p class='ocr_par' dir='ltr' id='par_1_24' title="bbox 280 2368 1882 2454">
     <span class='ocr_line' id='line_1_24' title="bbox 280 2368 1882 2454; baseline 0.009 -30"><span class='ocrx_word' id='word_1_167' title='bbox 280 2368 552 2438; x_wconf 88' lang='lat' dir='ltr'><strong>dunt,non</strong></span> <span class='ocrx_word' id='word_1_168' title='bbox 571 2375 1333 2449; x_wconf 89' lang='lat' dir='ltr'><strong>concidamus,Scripturarum</strong></span> <span class='ocrx_word' id='word_1_169' title='bbox 1351 2381 1584 2436; x_wconf 85' lang='lat' dir='ltr'><strong>historiis</strong></span> <span class='ocrx_word' id='word_1_170' title='bbox 1603 2383 1882 2454; x_wconf 79' lang='lat' dir='ltr'><strong>diligenter</strong></span> 
     </span>
    </p>
   </div>
   <div class='ocr_carea' id='block_1_25' title="bbox 281 2465 1880 2545">
    <p class='ocr_par' dir='ltr' id='par_1_25' title="bbox 281 2465 1880 2545">
     <span class='ocr_line' id='line_1_25' title="bbox 281 2465 1880 2545; baseline 0.01 -29"><span class='ocrx_word' id='word_1_171' title='bbox 281 2465 626 2522; x_wconf 85' lang='lat' dir='ltr'><strong>attendamus</strong></span> <span class='ocrx_word' id='word_1_172' title='bbox 672 2484 686 2522; x_wconf 88' lang='lat'><strong>:</strong></span> <span class='ocrx_word' id='word_1_173' title='bbox 731 2469 955 2524; x_wconf 81' lang='lat' dir='ltr'><strong>multam</strong></span> <span class='ocrx_word' id='word_1_174' title='bbox 994 2472 1136 2527; x_wconf 89' lang='lat' dir='ltr'><strong>enim</strong></span> <span class='ocrx_word' id='word_1_175' title='bbox 1181 2472 1304 2528; x_wconf 92' lang='lat' dir='ltr'><strong>hinc</strong></span> <span class='ocrx_word' id='word_1_176' title='bbox 1344 2476 1612 2545; x_wconf 76' lang='lat' dir='ltr'><strong>patientize</strong></span> <span class='ocrx_word' id='word_1_177' title='bbox 1640 2477 1880 2532; x_wconf 87' lang='lat' dir='ltr'><strong>occasio-</strong></span> 
     </span>
    </p>
   </div>
   <div class='ocr_carea' id='block_1_26' title="bbox 286 2559 1881 2638">
    <p class='ocr_par' dir='ltr' id='par_1_26' title="bbox 286 2559 1881 2638">
     <span class='ocr_line' id='line_1_26' title="bbox 286 2559 1881 2638; baseline 0.01 -30"><span class='ocrx_word' id='word_1_178' title='bbox 286 2569 418 2609; x_wconf 89' lang='lat' dir='ltr'><strong>nem</strong></span> <span class='ocrx_word' id='word_1_179' title='bbox 449 2559 828 2627; x_wconf 87' lang='lat' dir='ltr'><strong>mutuabimur,</strong></span> <span class='ocrx_word' id='word_1_180' title='bbox 859 2577 963 2616; x_wconf 89' lang='lat' dir='ltr'><strong>non</strong></span> <span class='ocrx_word' id='word_1_181' title='bbox 991 2564 1163 2618; x_wconf 90' lang='lat' dir='ltr'><strong>solum</strong></span> <span class='ocrx_word' id='word_1_182' title='bbox 1180 2579 1246 2620; x_wconf 91' lang='lat' dir='ltr'><strong>ex</strong></span> <span class='ocrx_word' id='word_1_183' title='bbox 1273 2567 1526 2622; x_wconf 90' lang='lat' dir='ltr'><strong>societate</strong></span> <span class='ocrx_word' id='word_1_184' title='bbox 1550 2567 1735 2623; x_wconf 88' lang='lat' dir='ltr'><strong>eadem</strong></span> <span class='ocrx_word' id='word_1_185' title='bbox 1761 2583 1881 2638; x_wconf 90' lang='lat' dir='ltr'><strong>pas-</strong></span> 
     </span>
    </p>
   </div>
   <div class='ocr_carea' id='block_1_27' title="bbox 283 2653 1877 2730">
    <p class='ocr_par' dir='ltr' id='par_1_27' title="bbox 283 2653 1877 2730">
     <span class='ocr_line' id='line_1_27' title="bbox 283 2653 1877 2730; baseline 0.009 -28"><span class='ocrx_word' id='word_1_186' title='bbox 283 2663 471 2704; x_wconf 75' lang='lat' dir='ltr'><strong>sorum</strong></span> <span class='ocrx_word' id='word_1_187' title='bbox 495 2653 910 2710; x_wconf 84' lang='lat' dir='ltr'><strong>consolationem</strong></span> <span class='ocrx_word' id='word_1_188' title='bbox 941 2656 1101 2722; x_wconf 89' lang='lat' dir='ltr'><strong>nacti,</strong></span> <span class='ocrx_word' id='word_1_189' title='bbox 1133 2657 1226 2712; x_wconf 90' lang='lat' dir='ltr'><strong>sed</strong></span> <span class='ocrx_word' id='word_1_190' title='bbox 1249 2658 1420 2714; x_wconf 91' lang='lat' dir='ltr'><strong>edocti</strong></span> <span class='ocrx_word' id='word_1_191' title='bbox 1450 2660 1609 2715; x_wconf 89' lang='lat' dir='ltr'><strong>etiam</strong></span> <span class='ocrx_word' id='word_1_192' title='bbox 1638 2660 1877 2730; x_wconf 89' lang='lat' dir='ltr'><strong>modum,</strong></span> 
     </span>
    </p>
   </div>
   <div class='ocr_carea' id='block_1_28' title="bbox 282 2741 1879 2822">
    <p class='ocr_par' dir='ltr' id='par_1_28' title="bbox 282 2741 1879 2822">
     <span class='ocr_line' id='line_1_28' title="bbox 282 2741 1879 2822; baseline 0.009 -29"><span class='ocrx_word' id='word_1_193' title='bbox 282 2755 398 2810; x_wconf 86' lang='lat' dir='ltr'><strong>quo</strong></span> <span class='ocrx_word' id='word_1_194' title='bbox 419 2742 486 2795; x_wconf 86' lang='lat' dir='ltr'><strong>ab</strong></span> <span class='ocrx_word' id='word_1_195' title='bbox 507 2744 757 2802; x_wconf 81' lang='lat' dir='ltr'><strong>aerumnis</strong></span> <span class='ocrx_word' id='word_1_196' title='bbox 782 2745 886 2799; x_wconf 88' lang='lat' dir='ltr'><strong>illis</strong></span> <span class='ocrx_word' id='word_1_197' title='bbox 909 2745 1217 2816; x_wconf 89' lang='lat' dir='ltr'><strong>liberemur,</strong></span> <span class='ocrx_word' id='word_1_198' title='bbox 1239 2757 1293 2804; x_wconf 90' lang='lat' dir='ltr'><strong>et</strong></span> <span class='ocrx_word' id='word_1_199' title='bbox 1320 2748 1496 2820; x_wconf 86' lang='lat' dir='ltr'><strong>adepti</strong></span> <span class='ocrx_word' id='word_1_200' title='bbox 1525 2741 1879 2822; x_wconf 84' lang='lat' dir='ltr'><strong>tranquillita-</strong></span> 
     </span>
    </p>
   </div>
   <div class='ocr_carea' id='block_1_29' title="bbox 286 2833 1878 2910">
    <p class='ocr_par' dir='ltr' id='par_1_29' title="bbox 286 2833 1878 2910">
     <span class='ocr_line' id='line_1_29' title="bbox 286 2833 1878 2910; baseline 0.009 -25"><span class='ocrx_word' id='word_1_201' title='bbox 286 2841 401 2887; x_wconf 85' lang='lat' dir='ltr'><strong>tem</strong></span> <span class='ocrx_word' id='word_1_202' title='bbox 427 2833 615 2889; x_wconf 91' lang='lat' dir='ltr'><strong>eodem</strong></span> <span class='ocrx_word' id='word_1_203' title='bbox 660 2837 712 2891; x_wconf 93' lang='lat' dir='ltr'><strong>in</strong></span> <span class='ocrx_word' id='word_1_204' title='bbox 759 2847 900 2893; x_wconf 89' lang='lat' dir='ltr'><strong>statu</strong></span> <span class='ocrx_word' id='word_1_205' title='bbox 929 2855 1259 2910; x_wconf 85' lang='lat' dir='ltr'><strong>maneamus,</strong></span> <span class='ocrx_word' id='word_1_206' title='bbox 1289 2857 1390 2898; x_wconf 90' lang='lat' dir='ltr'><strong>nec</strong></span> <span class='ocrx_word' id='word_1_207' title='bbox 1413 2844 1494 2899; x_wconf 82' lang='lat' dir='ltr'><strong>vel</strong></span> <span class='ocrx_word' id='word_1_208' title='bbox 1527 2844 1578 2900; x_wconf 92' lang='lat' dir='ltr'><strong>in</strong></span> <span class='ocrx_word' id='word_1_209' title='bbox 1620 2844 1878 2901; x_wconf 86' lang='lat' dir='ltr'><strong>desidiam</strong></span> 
     </span>
    </p>
   </div>
   <div class='ocr_carea' id='block_1_30' title="bbox 283 2923 1878 3007">
    <p class='ocr_par' dir='ltr' id='par_1_30' title="bbox 283 2923 1878 3007">
     <span class='ocr_line' id='line_1_30' title="bbox 283 2923 1878 3007; baseline 0.009 -29"><span class='ocrx_word' id='word_1_210' title='bbox 283 2923 555 2991; x_wconf 88' lang='lat' dir='ltr'><strong>labamur,</strong></span> <span class='ocrx_word' id='word_1_211' title='bbox 595 2929 679 2984; x_wconf 91' lang='lat' dir='ltr'><strong>vel</strong></span> <span class='ocrx_word' id='word_1_212' title='bbox 725 2931 1030 3002; x_wconf 80' lang='lat' dir='ltr'><strong>arrogantia</strong></span> <span class='ocrx_word' id='word_1_213' title='bbox 1080 2932 1382 2990; x_wconf 78' lang='lat' dir='ltr'><strong>efferamur.</strong></span> <span class='ocrx_word' id='word_1_214' title='bbox 1427 2935 1557 2990; x_wconf 86' lang='lat' dir='ltr'><strong>Nam</strong></span> <span class='ocrx_word' id='word_1_215' title='bbox 1585 2936 1726 3007; x_wconf 91' lang='lat' dir='ltr'><strong>quod</strong></span> <span class='ocrx_word' id='word_1_216' title='bbox 1755 2952 1878 2993; x_wconf 90' lang='lat' dir='ltr'><strong>eum</strong></span> 
     </span>
    </p>
   </div>
   <div class='ocr_carea' id='block_1_31' title="bbox 283 3016 1880 3099">
    <p class='ocr_par' dir='ltr' id='par_1_31' title="bbox 283 3016 1880 3099">
     <span class='ocr_line' id='line_1_31' title="bbox 283 3016 1880 3099; baseline 0.009 -31"><span class='ocrx_word' id='word_1_217' title='bbox 283 3016 448 3070; x_wconf 87' lang='lat' dir='ltr'><strong>malis</strong></span> <span class='ocrx_word' id='word_1_218' title='bbox 469 3016 770 3090; x_wconf 83' lang='lat' dir='ltr'><strong>affligimur,</strong></span> <span class='ocrx_word' id='word_1_219' title='bbox 790 3021 1009 3077; x_wconf 90' lang='lat' dir='ltr'><strong>demissi</strong></span> <span class='ocrx_word' id='word_1_220' title='bbox 1037 3022 1369 3096; x_wconf 89' lang='lat' dir='ltr'><strong>humilesque</strong></span> <span class='ocrx_word' id='word_1_221' title='bbox 1397 3027 1584 3094; x_wconf 92' lang='lat' dir='ltr'><strong>simus,</strong></span> <span class='ocrx_word' id='word_1_222' title='bbox 1610 3043 1880 3099; x_wconf 84' lang='lat' dir='ltr'><strong>magnam-</strong></span> 
     </span>
    </p>
   </div>
   <div class='ocr_carea' id='block_1_32' title="bbox 281 3108 1879 3190">
    <p class='ocr_par' dir='ltr' id='par_1_32' title="bbox 281 3108 1879 3190">
     <span class='ocr_line' id='line_1_32' title="bbox 281 3108 1879 3190; baseline 0.011 -33"><span class='ocrx_word' id='word_1_223' title='bbox 281 3120 396 3175; x_wconf 87' lang='lat' dir='ltr'><strong>que</strong></span> <span class='ocrx_word' id='word_1_224' title='bbox 427 3108 670 3176; x_wconf 87' lang='lat' dir='ltr'><strong>pietatem</strong></span> <span class='ocrx_word' id='word_1_225' title='bbox 696 3111 1062 3179; x_wconf 81' lang='lat' dir='ltr'><strong>exbibeamus,</strong></span> <span class='ocrx_word' id='word_1_226' title='bbox 1099 3114 1232 3170; x_wconf 85' lang='lat' dir='ltr'><strong>nihil</strong></span> <span class='ocrx_word' id='word_1_227' title='bbox 1261 3117 1452 3171; x_wconf 89' lang='lat' dir='ltr'><strong>mirum</strong></span> <span class='ocrx_word' id='word_1_228' title='bbox 1483 3135 1496 3172; x_wconf 90' lang='lat'><strong>:</strong></span> <span class='ocrx_word' id='word_1_229' title='bbox 1543 3118 1655 3174; x_wconf 70' lang='lat' dir='ltr'><strong>lucc</strong></span> <span class='ocrx_word' id='word_1_230' title='bbox 1683 3120 1879 3190; x_wconf 87' lang='lat' dir='ltr'><strong>quippe</strong></span> 
     </span>
    </p>
   </div>
   <div class='ocr_carea' id='block_1_33' title="bbox 285 3201 1878 3281">
    <p class='ocr_par' dir='ltr' id='par_1_33' title="bbox 285 3201 1878 3281">
     <span class='ocr_line' id='line_1_33' title="bbox 285 3201 1878 3281; baseline 0.011 -30"><span class='ocrx_word' id='word_1_231' title='bbox 285 3206 376 3251; x_wconf 81' lang='lat' dir='ltr'><strong>est</strong></span> <span class='ocrx_word' id='word_1_232' title='bbox 398 3201 745 3256; x_wconf 87' lang='lat' dir='ltr'><strong>tentationum</strong></span> <span class='ocrx_word' id='word_1_233' title='bbox 795 3215 1001 3272; x_wconf 90' lang='lat' dir='ltr'><strong>natura,</strong></span> <span class='ocrx_word' id='word_1_234' title='bbox 1030 3215 1086 3261; x_wconf 92' lang='lat' dir='ltr'><strong>ut</strong></span> <span class='ocrx_word' id='word_1_235' title='bbox 1107 3208 1186 3263; x_wconf 83' lang='lat' dir='ltr'><strong>vel</strong></span> <span class='ocrx_word' id='word_1_236' title='bbox 1213 3223 1327 3276; x_wconf 87' lang='lat' dir='ltr'><strong>eos,</strong></span> <span class='ocrx_word' id='word_1_237' title='bbox 1367 3211 1455 3280; x_wconf 93' lang='lat' dir='ltr'><strong>qni</strong></span> <span class='ocrx_word' id='word_1_238' title='bbox 1482 3212 1688 3281; x_wconf 84' lang='lat' dir='ltr'><strong>lapideo</strong></span> <span class='ocrx_word' id='word_1_239' title='bbox 1714 3217 1878 3269; x_wconf 89' lang='lat' dir='ltr'><strong>corde</strong></span> 
     </span>
    </p>
   </div>
   <div class='ocr_carea' id='block_1_34' title="bbox 283 3292 1875 3368">
    <p class='ocr_par' dir='ltr' id='par_1_34' title="bbox 283 3292 1875 3368">
     <span class='ocr_line' id='line_1_34' title="bbox 283 3292 1875 3368; baseline 0.013 -24"><span class='ocrx_word' id='word_1_240' title='bbox 283 3298 433 3356; x_wconf 88' lang='lat' dir='ltr'><strong>sunt,</strong></span> <span class='ocrx_word' id='word_1_241' title='bbox 462 3293 526 3346; x_wconf 89' lang='lat' dir='ltr'><strong>ad</strong></span> <span class='ocrx_word' id='word_1_242' title='bbox 573 3292 714 3351; x_wconf 91' lang='lat' dir='ltr'><strong>hunc</strong></span> <span class='ocrx_word' id='word_1_243' title='bbox 756 3305 951 3352; x_wconf 90' lang='lat' dir='ltr'><strong>statum</strong></span> <span class='ocrx_word' id='word_1_244' title='bbox 982 3313 1093 3368; x_wconf 79' lang='lat' dir='ltr'><strong>pra:</strong></span> <span class='ocrx_word' id='word_1_245' title='bbox 1130 3298 1419 3356; x_wconf 87' lang='lat' dir='ltr'><strong>afﬂictione</strong></span> <span class='ocrx_word' id='word_1_246' title='bbox 1447 3301 1709 3360; x_wconf 89' lang='lat' dir='ltr'><strong>deducant</strong></span> <span class='ocrx_word' id='word_1_247' title='bbox 1741 3325 1754 3362; x_wconf 90' lang='lat'><strong>:</strong></span> <span class='ocrx_word' id='word_1_248' title='bbox 1781 3308 1875 3364; x_wconf 87' lang='lat' dir='ltr'><strong>sed</strong></span> 
     </span>
    </p>
   </div>
   <div class='ocr_carea' id='block_1_35' title="bbox 283 3382 1878 3464">
    <p class='ocr_par' dir='ltr' id='par_1_35' title="bbox 283 3382 1878 3464">
     <span class='ocr_line' id='line_1_35' title="bbox 283 3382 1878 3464; baseline 0.013 -30"><span class='ocrx_word' id='word_1_249' title='bbox 283 3382 482 3437; x_wconf 71' lang='lat' dir='ltr'><strong>animm</strong></span> <span class='ocrx_word' id='word_1_250' title='bbox 516 3395 596 3440; x_wconf 89' lang='lat' dir='ltr'><strong>est</strong></span> <span class='ocrx_word' id='word_1_251' title='bbox 624 3387 914 3459; x_wconf 73' lang='lat' dir='ltr'><strong>religiosze,</strong></span> <span class='ocrx_word' id='word_1_252' title='bbox 955 3389 1226 3462; x_wconf 89' lang='lat' dir='ltr'><strong>Deumque</strong></span> <span class='ocrx_word' id='word_1_253' title='bbox 1264 3394 1518 3448; x_wconf 90' lang='lat' dir='ltr'><strong>continuo</strong></span> <span class='ocrx_word' id='word_1_254' title='bbox 1562 3411 1669 3464; x_wconf 80' lang='lat' dir='ltr'><strong>prce</strong></span> <span class='ocrx_word' id='word_1_255' title='bbox 1709 3399 1878 3455; x_wconf 90' lang='lat' dir='ltr'><strong>oculis</strong></span> 
     </span>
    </p>
   </div>
   <div class='ocr_carea' id='block_1_36' title="bbox 283 3473 1876 3552">
    <p class='ocr_par' dir='ltr' id='par_1_36' title="bbox 283 3473 1876 3552">
     <span class='ocr_line' id='line_1_36' title="bbox 283 3473 1876 3552; baseline 0.012 -26"><span class='ocrx_word' id='word_1_256' title='bbox 283 3473 556 3541; x_wconf 85' lang='lat' dir='ltr'><strong>habentis,</strong></span> <span class='ocrx_word' id='word_1_257' title='bbox 587 3478 747 3533; x_wconf 89' lang='lat' dir='ltr'><strong>etiam</strong></span> <span class='ocrx_word' id='word_1_258' title='bbox 797 3489 1076 3552; x_wconf 89' lang='lat' dir='ltr'><strong>postquam</strong></span> <span class='ocrx_word' id='word_1_259' title='bbox 1123 3483 1343 3538; x_wconf 89' lang='lat' dir='ltr'><strong>liberata</strong></span> <span class='ocrx_word' id='word_1_260' title='bbox 1386 3494 1468 3539; x_wconf 89' lang='lat' dir='ltr'><strong>est</strong></span> <span class='ocrx_word' id='word_1_261' title='bbox 1505 3501 1536 3540; x_wconf 93' lang='lat' dir='ltr'><strong>a</strong></span> <span class='ocrx_word' id='word_1_262' title='bbox 1569 3489 1876 3544; x_wconf 89' lang='lat' dir='ltr'><strong>tentationi-</strong></span> 
     </span>
    </p>
   </div>
   <div class='ocr_carea' id='block_1_37' title="bbox 283 3565 1874 3648">
    <p class='ocr_par' dir='ltr' id='par_1_37' title="bbox 283 3565 1874 3648">
     <span class='ocr_line' id='line_1_37' title="bbox 283 3565 1874 3648; baseline 0.013 -30"><span class='ocrx_word' id='word_1_263' title='bbox 283 3565 413 3632; x_wconf 82' lang='lat' dir='ltr'><strong>bus,</strong></span> <span class='ocrx_word' id='word_1_264' title='bbox 447 3567 499 3621; x_wconf 92' lang='lat' dir='ltr'><strong>in</strong></span> <span class='ocrx_word' id='word_1_265' title='bbox 526 3569 849 3627; x_wconf 81' lang='lat' dir='ltr'><strong>oblivionem</strong></span> <span class='ocrx_word' id='word_1_266' title='bbox 879 3575 1101 3630; x_wconf 90' lang='lat' dir='ltr'><strong>minime</strong></span> <span class='ocrx_word' id='word_1_267' title='bbox 1124 3575 1318 3632; x_wconf 89' lang='lat' dir='ltr'><strong>cadere</strong></span> <span class='ocrx_word' id='word_1_268' title='bbox 1347 3595 1361 3633; x_wconf 92' lang='lat'><strong>:</strong></span> <span class='ocrx_word' id='word_1_269' title='bbox 1385 3578 1525 3648; x_wconf 88' lang='lat' dir='ltr'><strong>quod</strong></span> <span class='ocrx_word' id='word_1_270' title='bbox 1554 3578 1750 3636; x_wconf 65' lang='lat' dir='ltr'><strong>Judaeis</strong></span> <span class='ocrx_word' id='word_1_271' title='bbox 1763 3581 1874 3638; x_wconf 88' lang='lat' dir='ltr'><strong>fre-</strong></span> 
     </span>
    </p>
   </div>
   <div class='ocr_carea' id='block_1_38' title="bbox 281 3661 1872 3738">
    <p class='ocr_par' dir='ltr' id='par_1_38' title="bbox 281 3661 1872 3738">
     <span class='ocr_line' id='line_1_38' title="bbox 281 3661 1872 3738; baseline 0.012 -29"><span class='ocrx_word' id='word_1_272' title='bbox 281 3667 516 3726; x_wconf 88' lang='lat' dir='ltr'><strong>quenter</strong></span> <span class='ocrx_word' id='word_1_273' title='bbox 538 3661 748 3717; x_wconf 89' lang='lat' dir='ltr'><strong>accidit.</strong></span> <span class='ocrx_word' id='word_1_274' title='bbox 775 3663 950 3731; x_wconf 89' lang='lat' dir='ltr'><strong>Quare</strong></span> <span class='ocrx_word' id='word_1_275' title='bbox 974 3664 1204 3722; x_wconf 89' lang='lat' dir='ltr'><strong>irridens</strong></span> <span class='ocrx_word' id='word_1_276' title='bbox 1220 3681 1313 3724; x_wconf 88' lang='lat' dir='ltr'><strong>eos</strong></span> <span class='ocrx_word' id='word_1_277' title='bbox 1342 3670 1602 3738; x_wconf 85' lang='lat' dir='ltr'><strong>propheta</strong></span> <span class='ocrx_word' id='word_1_278' title='bbox 1630 3671 1872 3728; x_wconf 90' lang='lat' dir='ltr'><strong>dicebat:</strong></span> 
     </span>
    </p>
   </div>
   <div class='ocr_carea' id='block_1_39' title="bbox 281 3746 1878 3828">
    <p class='ocr_par' dir='ltr' id='par_1_39' title="bbox 281 3746 1878 3828">
     <span class='ocr_line' id='line_1_39' title="bbox 281 3746 1878 3828; baseline 0.011 -26"><span class='ocrx_word' id='word_1_279' title='bbox 281 3746 415 3802; x_wconf 84' lang='lat' dir='ltr'><strong>Cum</strong></span> <span class='ocrx_word' id='word_1_280' title='bbox 441 3750 684 3806; x_wconf 71' lang='lat' dir='ltr'><strong>occideret</strong></span> <span class='ocrx_word' id='word_1_281' title='bbox 713 3769 818 3820; x_wconf 88' lang='lat' dir='ltr'><strong>eos,</strong></span> <span class='ocrx_word' id='word_1_282' title='bbox 845 3755 1134 3823; x_wconf 61' lang='lat' dir='ltr'><strong>quaerebant</strong></span> <span class='ocrx_word' id='word_1_283' title='bbox 1181 3773 1317 3822; x_wconf 90' lang='lat' dir='ltr'><strong>eum,</strong></span> <span class='ocrx_word' id='word_1_284' title='bbox 1348 3769 1397 3812; x_wconf 84' lang='lat' dir='ltr'><strong>et</strong></span> <span class='ocrx_word' id='word_1_285' title='bbox 1415 3760 1800 3828; x_wconf 81' lang='lat' dir='ltr'><strong>revertebantur,</strong></span> <span class='ocrx_word' id='word_1_286' title='bbox 1830 3773 1878 3818; x_wconf 91' lang='lat' dir='ltr'><strong>et</strong></span> 
     </span>
    </p>
   </div>
   <div class='ocr_carea' id='block_1_40' title="bbox 282 3837 1876 3924">
    <p class='ocr_par' dir='ltr' id='par_1_40' title="bbox 282 3837 1876 3924">
     <span class='ocr_line' id='line_1_40' title="bbox 282 3837 1876 3924; baseline 0.013 -35"><span class='ocrx_word' id='word_1_287' title='bbox 282 3837 516 3894; x_wconf 74' lang='lat' dir='ltr'><strong>diluculo</strong></span> <span class='ocrx_word' id='word_1_288' title='bbox 535 3843 791 3898; x_wconf 82' lang='lat' dir='ltr'><strong>veniebant</strong></span> <span class='ocrx_word' id='word_1_289' title='bbox 815 3845 884 3898; x_wconf 84' lang='lat' dir='ltr'><strong>ad</strong></span> <span class='ocrx_word' id='word_1_290' title='bbox 920 3844 1082 3899; x_wconf 87' lang='lat' dir='ltr'><strong>Deum</strong></span> <span class='ocrx_word' id='word_1_291' title='bbox 1107 3845 1273 3918; x_wconf 82' lang='lat' dir='ltr'><strong>(Psal.</strong></span> <span class='ocrx_word' id='word_1_292' title='bbox 1301 3849 1388 3903; x_wconf 84' lang='lat'><strong>77.</strong></span> <span class='ocrx_word' id='word_1_293' title='bbox 1417 3849 1529 3922; x_wconf 66' lang='lat' dir='ltr'><strong>5i).</strong></span> <span class='ocrx_word' id='word_1_294' title='bbox 1562 3851 1625 3905; x_wconf 82' lang='lat' dir='ltr'><strong>Et</strong></span> <span class='ocrx_word' id='word_1_295' title='bbox 1667 3852 1876 3924; x_wconf 80' lang='lat' dir='ltr'><strong>Moyses</strong></span> 
     </span>
    </p>
   </div>
   <div class='ocr_carea' id='block_1_41' title="bbox 285 3929 1872 4007">
    <p class='ocr_par' dir='ltr' id='par_1_41' title="bbox 285 3929 1872 4007">
     <span class='ocr_line' id='line_1_41' title="bbox 285 3929 1872 4007; baseline 0.009 -24"><span class='ocrx_word' id='word_1_296' title='bbox 285 3929 480 3986; x_wconf 87' lang='lat' dir='ltr'><strong>horum</strong></span> <span class='ocrx_word' id='word_1_297' title='bbox 509 3934 756 3989; x_wconf 90' lang='lat' dir='ltr'><strong>conscius</strong></span> <span class='ocrx_word' id='word_1_298' title='bbox 784 3977 800 4002; x_wconf 94' lang='lat'><strong>,</strong></span> <span class='ocrx_word' id='word_1_299' title='bbox 839 3935 1145 4007; x_wconf 91' lang='lat' dir='ltr'><strong>frequenter</strong></span> <span class='ocrx_word' id='word_1_300' title='bbox 1187 3938 1495 3995; x_wconf 85' lang='lat' dir='ltr'><strong>hortabatur</strong></span> <span class='ocrx_word' id='word_1_301' title='bbox 1542 3940 1624 3996; x_wconf 93' lang='lat' dir='ltr'><strong>his</strong></span> <span class='ocrx_word' id='word_1_302' title='bbox 1651 3943 1826 3998; x_wconf 81' lang='lat' dir='ltr'><strong>verbis</strong></span> <span class='ocrx_word' id='word_1_303' title='bbox 1857 3961 1872 3998; x_wconf 91' lang='lat'><strong>:</strong></span> 
     </span>
    </p>
   </div>
   <div class='ocr_carea' id='block_1_42' title="bbox 284 4021 1878 4101">
    <p class='ocr_par' dir='ltr' id='par_1_42' title="bbox 284 4021 1878 4101">
     <span class='ocr_line' id='line_1_42' title="bbox 284 4021 1878 4101; baseline 0.009 -26"><span class='ocrx_word' id='word_1_304' title='bbox 284 4021 418 4075; x_wconf 85' lang='lat' dir='ltr'><strong>Cum</strong></span> <span class='ocrx_word' id='word_1_305' title='bbox 455 4025 754 4093; x_wconf 79' lang='lat' dir='ltr'><strong>comederis,</strong></span> <span class='ocrx_word' id='word_1_306' title='bbox 777 4036 824 4080; x_wconf 87' lang='lat' dir='ltr'><strong>et</strong></span> <span class='ocrx_word' id='word_1_307' title='bbox 863 4027 1061 4094; x_wconf 82' lang='lat' dir='ltr'><strong>biberis,</strong></span> <span class='ocrx_word' id='word_1_308' title='bbox 1094 4037 1140 4082; x_wconf 87' lang='lat' dir='ltr'><strong>et</strong></span> <span class='ocrx_word' id='word_1_309' title='bbox 1177 4039 1435 4084; x_wconf 81' lang='lat' dir='ltr'><strong>saturatas</strong></span> <span class='ocrx_word' id='word_1_310' title='bbox 1472 4032 1649 4101; x_wconf 80' lang='lat' dir='ltr'><strong>fueris,</strong></span> <span class='ocrx_word' id='word_1_311' title='bbox 1677 4034 1878 4090; x_wconf 81' lang='lat' dir='ltr'><strong>attende</strong></span> 
     </span>
    </p>
   </div>
   <div class='ocr_carea' id='block_1_43' title="bbox 282 4113 1871 4199">
    <p class='ocr_par' dir='ltr' id='par_1_43' title="bbox 282 4113 1871 4199">
     <span class='ocr_line' id='line_1_43' title="bbox 282 4113 1871 4199; baseline 0.012 -34"><span class='ocrx_word' id='word_1_312' title='bbox 282 4113 398 4179; x_wconf 83' lang='lat' dir='ltr'><strong>tibi,</strong></span> <span class='ocrx_word' id='word_1_313' title='bbox 443 4130 508 4168; x_wconf 84' lang='lat' dir='ltr'><strong>ne</strong></span> <span class='ocrx_word' id='word_1_314' title='bbox 548 4117 857 4173; x_wconf 80' lang='lat' dir='ltr'><strong>obliviscaris</strong></span> <span class='ocrx_word' id='word_1_315' title='bbox 893 4117 1100 4173; x_wconf 87' lang='lat' dir='ltr'><strong>Domini</strong></span> <span class='ocrx_word' id='word_1_316' title='bbox 1127 4119 1223 4175; x_wconf 88' lang='lat' dir='ltr'><strong>Dei</strong></span> <span class='ocrx_word' id='word_1_317' title='bbox 1246 4123 1319 4175; x_wconf 87' lang='lat' dir='ltr'><strong>tui</strong></span> <span class='ocrx_word' id='word_1_318' title='bbox 1346 4122 1520 4192; x_wconf 74' lang='lat' dir='ltr'><strong>(Deut.</strong></span> <span class='ocrx_word' id='word_1_319' title='bbox 1548 4125 1601 4179; x_wconf 86' lang='lat'><strong>6.</strong></span> <span class='ocrx_word' id='word_1_320' title='bbox 1641 4125 1729 4180; x_wconf 69' lang='grc' dir='ltr'><strong>η.</strong></span> <span class='ocrx_word' id='word_1_321' title='bbox 1759 4128 1871 4199; x_wconf 80' lang='lat' dir='ltr'><strong>l5).</strong></span> 
     </span>
    </p>
   </div>
   <div class='ocr_carea' id='block_1_44' title="bbox 281 4204 1877 4285">
    <p class='ocr_par' dir='ltr' id='par_1_44' title="bbox 281 4204 1877 4285">
     <span class='ocr_line' id='line_1_44' title="bbox 281 4204 1877 4285; baseline 0.009 -26"><span class='ocrx_word' id='word_1_322' title='bbox 281 4204 422 4260; x_wconf 87' lang='lat' dir='ltr'><strong>Illud</strong></span> <span class='ocrx_word' id='word_1_323' title='bbox 469 4207 627 4277; x_wconf 86' lang='lat' dir='ltr'><strong>igitur</strong></span> <span class='ocrx_word' id='word_1_324' title='bbox 666 4211 887 4266; x_wconf 82' lang='lat' dir='ltr'><strong>evenit:</strong></span> <span class='ocrx_word' id='word_1_325' title='bbox 937 4211 1165 4266; x_wconf 82' lang='lat' dir='ltr'><strong>Comedit</strong></span> <span class='ocrx_word' id='word_1_326' title='bbox 1211 4215 1374 4281; x_wconf 90' lang='lat' dir='ltr'><strong>enim,</strong></span> <span class='ocrx_word' id='word_1_327' title='bbox 1404 4215 1594 4285; x_wconf 88' lang='lat' dir='ltr'><strong>inquit,</strong></span> <span class='ocrx_word' id='word_1_328' title='bbox 1613 4215 1795 4284; x_wconf 73' lang='lat' dir='ltr'><strong>Iacob,</strong></span> <span class='ocrx_word' id='word_1_329' title='bbox 1829 4229 1877 4274; x_wconf 84' lang='lat' dir='ltr'><strong>et</strong></span> 
     </span>
    </p>
   </div>
   <div class='ocr_carea' id='block_1_45' title="bbox 278 4297 1872 4371">
    <p class='ocr_par' dir='ltr' id='par_1_45' title="bbox 278 4297 1872 4371">
     <span class='ocr_line' id='line_1_45' title="bbox 278 4297 1872 4371; baseline 0.009 -22"><span class='ocrx_word' id='word_1_330' title='bbox 278 4297 632 4367; x_wconf 79' lang='lat' dir='ltr'><strong>impinguatus</strong></span> <span class='ocrx_word' id='word_1_331' title='bbox 660 4309 752 4365; x_wconf 85' lang='lat' dir='ltr'><strong>est,</strong></span> <span class='ocrx_word' id='word_1_332' title='bbox 777 4310 825 4356; x_wconf 90' lang='lat' dir='ltr'><strong>et</strong></span> <span class='ocrx_word' id='word_1_333' title='bbox 845 4301 1155 4357; x_wconf 84' lang='lat' dir='ltr'><strong>incrassatus</strong></span> <span class='ocrx_word' id='word_1_334' title='bbox 1173 4312 1264 4371; x_wconf 77' lang='lat' dir='ltr'><strong>est,</strong></span> <span class='ocrx_word' id='word_1_335' title='bbox 1296 4313 1340 4357; x_wconf 90' lang='lat' dir='ltr'><strong>ct</strong></span> <span class='ocrx_word' id='word_1_336' title='bbox 1365 4306 1698 4361; x_wconf 86' lang='lat' dir='ltr'><strong>recalcitravit</strong></span> <span class='ocrx_word' id='word_1_337' title='bbox 1741 4309 1872 4363; x_wconf 86' lang='lat' dir='ltr'><strong>dile-</strong></span> 
     </span>
    </p>
   </div>
   <div class='ocr_carea' id='block_1_46' title="bbox 277 4385 1877 4461">
    <p class='ocr_par' dir='ltr' id='par_1_46' title="bbox 277 4385 1877 4461">
     <span class='ocr_line' id='line_1_46' title="bbox 277 4385 1877 4461; baseline 0.009 -21"><span class='ocrx_word' id='word_1_338' title='bbox 277 4399 397 4440; x_wconf 79' lang='lat' dir='ltr'><strong>ctus</strong></span> <span class='ocrx_word' id='word_1_339' title='bbox 423 4385 599 4456; x_wconf 85' lang='lat' dir='ltr'><strong>(Deut.</strong></span> <span class='ocrx_word' id='word_1_340' title='bbox 633 4390 720 4445; x_wconf 76' lang='lat'><strong>32.</strong></span> <span class='ocrx_word' id='word_1_341' title='bbox 747 4391 858 4461; x_wconf 82' lang='lat' dir='ltr'><strong>t5).</strong></span> <span class='ocrx_word' id='word_1_342' title='bbox 890 4392 1245 4460; x_wconf 86' lang='lat' dir='ltr'><strong>Quamobrem</strong></span> <span class='ocrx_word' id='word_1_343' title='bbox 1271 4405 1485 4452; x_wconf 91' lang='lat' dir='ltr'><strong>sanctos</strong></span> <span class='ocrx_word' id='word_1_344' title='bbox 1507 4411 1613 4453; x_wconf 89' lang='lat' dir='ltr'><strong>non</strong></span> <span class='ocrx_word' id='word_1_345' title='bbox 1641 4397 1760 4453; x_wconf 91' lang='lat' dir='ltr'><strong>ideo</strong></span> <span class='ocrx_word' id='word_1_346' title='bbox 1777 4399 1877 4454; x_wconf 86' lang='lat' dir='ltr'><strong>mi-</strong></span> 
     </span>
    </p>
   </div>
   <div class='ocr_carea' id='block_1_47' title="bbox 281 4478 1876 4558">
    <p class='ocr_par' dir='ltr' id='par_1_47' title="bbox 281 4478 1876 4558">
     <span class='ocr_line' id='line_1_47' title="bbox 281 4478 1876 4558; baseline 0.009 -28"><span class='ocrx_word' id='word_1_347' title='bbox 281 4478 397 4532; x_wconf 86' lang='lat' dir='ltr'><strong>rari</strong></span> <span class='ocrx_word' id='word_1_348' title='bbox 426 4493 523 4547; x_wconf 88' lang='lat' dir='ltr'><strong>par</strong></span> <span class='ocrx_word' id='word_1_349' title='bbox 547 4489 649 4548; x_wconf 88' lang='lat' dir='ltr'><strong>est,</strong></span> <span class='ocrx_word' id='word_1_350' title='bbox 676 4481 817 4550; x_wconf 91' lang='lat' dir='ltr'><strong>quod</strong></span> <span class='ocrx_word' id='word_1_351' title='bbox 848 4492 1070 4552; x_wconf 77' lang='lat' dir='ltr'><strong>urgente</strong></span> <span class='ocrx_word' id='word_1_352' title='bbox 1103 4482 1462 4553; x_wconf 90' lang='lat' dir='ltr'><strong>tribulatione,</strong></span> <span class='ocrx_word' id='word_1_353' title='bbox 1487 4487 1556 4541; x_wconf 90' lang='lat' dir='ltr'><strong>ita</strong></span> <span class='ocrx_word' id='word_1_354' title='bbox 1582 4488 1656 4557; x_wconf 90' lang='lat' dir='ltr'><strong>pii</strong></span> <span class='ocrx_word' id='word_1_355' title='bbox 1681 4496 1735 4544; x_wconf 88' lang='lat' dir='ltr'><strong>et</strong></span> <span class='ocrx_word' id='word_1_356' title='bbox 1760 4489 1876 4558; x_wconf 87' lang='lat' dir='ltr'><strong>phi-</strong></span> 
     </span>
    </p>
   </div>
   <div class='ocr_carea' id='block_1_48' title="bbox 278 4567 1871 4646">
    <p class='ocr_par' dir='ltr' id='par_1_48' title="bbox 278 4567 1871 4646">
     <span class='ocr_line' id='line_1_48' title="bbox 278 4567 1871 4646; baseline 0.008 -24"><span class='ocrx_word' id='word_1_357' title='bbox 278 4567 496 4638; x_wconf 86' lang='lat' dir='ltr'><strong>losophi</strong></span> <span class='ocrx_word' id='word_1_358' title='bbox 528 4568 757 4636; x_wconf 88' lang='lat' dir='ltr'><strong>fuerint;</strong></span> <span class='ocrx_word' id='word_1_359' title='bbox 805 4572 898 4626; x_wconf 89' lang='lat' dir='ltr'><strong>sed</strong></span> <span class='ocrx_word' id='word_1_360' title='bbox 924 4573 1063 4643; x_wconf 90' lang='lat' dir='ltr'><strong>quod</strong></span> <span class='ocrx_word' id='word_1_361' title='bbox 1087 4582 1350 4630; x_wconf 88' lang='lat' dir='ltr'><strong>transacta</strong></span> <span class='ocrx_word' id='word_1_362' title='bbox 1377 4575 1590 4646; x_wconf 84' lang='lat' dir='ltr'><strong>hyeme,</strong></span> <span class='ocrx_word' id='word_1_363' title='bbox 1614 4586 1669 4632; x_wconf 91' lang='lat' dir='ltr'><strong>et</strong></span> <span class='ocrx_word' id='word_1_364' title='bbox 1706 4579 1871 4634; x_wconf 87' lang='lat' dir='ltr'><strong>adve-</strong></span> 
     </span>
    </p>
   </div>
   <div class='ocr_carea' id='block_1_49' title="bbox 280 4660 1873 4740">
    <p class='ocr_par' dir='ltr' id='par_1_49' title="bbox 280 4660 1873 4740">
     <span class='ocr_line' id='line_1_49' title="bbox 280 4660 1873 4740; baseline 0.007 -25"><span class='ocrx_word' id='word_1_365' title='bbox 280 4660 470 4715; x_wconf 64' lang='lat' dir='ltr'><strong>triente</strong></span> <span class='ocrx_word' id='word_1_366' title='bbox 491 4662 896 4732; x_wconf 84' lang='lat' dir='ltr'><strong>tranquillitate,</strong></span> <span class='ocrx_word' id='word_1_367' title='bbox 926 4664 979 4718; x_wconf 88' lang='lat' dir='ltr'><strong>in</strong></span> <span class='ocrx_word' id='word_1_368' title='bbox 1002 4664 1187 4721; x_wconf 90' lang='lat' dir='ltr'><strong>eadem</strong></span> <span class='ocrx_word' id='word_1_369' title='bbox 1206 4665 1468 4721; x_wconf 88' lang='lat' dir='ltr'><strong>modestia</strong></span> <span class='ocrx_word' id='word_1_370' title='bbox 1493 4667 1873 4740; x_wconf 80' lang='lat' dir='ltr'><strong>diligentiaque</strong></span> 
     </span>
    </p>
   </div>
   <div class='ocr_carea' id='block_1_50' title="bbox 279 4755 1872 4832">
    <p class='ocr_par' dir='ltr' id='par_1_50' title="bbox 279 4755 1872 4832">
     <span class='ocr_line' id='line_1_50' title="bbox 279 4755 1872 4832; baseline 0.006 -26"><span class='ocrx_word' id='word_1_371' title='bbox 279 4755 600 4808; x_wconf 88' lang='lat' dir='ltr'><strong>manserint.</strong></span> <span class='ocrx_word' id='word_1_372' title='bbox 634 4756 840 4826; x_wconf 88' lang='lat' dir='ltr'><strong>Equum</strong></span> <span class='ocrx_word' id='word_1_373' title='bbox 869 4767 1016 4812; x_wconf 90' lang='lat' dir='ltr'><strong>certe</strong></span> <span class='ocrx_word' id='word_1_374' title='bbox 1045 4758 1190 4812; x_wconf 87' lang='lat' dir='ltr'><strong>illum</strong></span> <span class='ocrx_word' id='word_1_375' title='bbox 1231 4759 1463 4815; x_wconf 82' lang='lat' dir='ltr'><strong>maxime</strong></span> <span class='ocrx_word' id='word_1_376' title='bbox 1499 4761 1680 4816; x_wconf 90' lang='lat' dir='ltr'><strong>mirari</strong></span> <span class='ocrx_word' id='word_1_377' title='bbox 1709 4777 1872 4832; x_wconf 88' lang='lat' dir='ltr'><strong>opor-</strong></span> 
     </span>
    </p>
   </div>
   <div class='ocr_carea' id='block_1_51' title="bbox 279 4845 1872 4922">
    <p class='ocr_par' dir='ltr' id='par_1_51' title="bbox 279 4845 1872 4922">
     <span class='ocr_line' id='line_1_51' title="bbox 279 4845 1872 4922; baseline 0.006 -24"><span class='ocrx_word' id='word_1_378' title='bbox 279 4855 383 4901; x_wconf 85' lang='lat' dir='ltr'><strong>tet.</strong></span> <span class='ocrx_word' id='word_1_379' title='bbox 406 4845 495 4914; x_wconf 85' lang='lat' dir='ltr'><strong>qui</strong></span> <span class='ocrx_word' id='word_1_380' title='bbox 542 4846 657 4900; x_wconf 90' lang='lat' dir='ltr'><strong>sine</strong></span> <span class='ocrx_word' id='word_1_381' title='bbox 687 4848 836 4902; x_wconf 84' lang='lat' dir='ltr'><strong>freno</strong></span> <span class='ocrx_word' id='word_1_382' title='bbox 864 4849 1124 4904; x_wconf 90' lang='lat' dir='ltr'><strong>concinne</strong></span> <span class='ocrx_word' id='word_1_383' title='bbox 1151 4850 1251 4904; x_wconf 87' lang='lat' dir='ltr'><strong>iter</strong></span> <span class='ocrx_word' id='word_1_384' title='bbox 1285 4849 1459 4905; x_wconf 89' lang='lat' dir='ltr'><strong>facere</strong></span> <span class='ocrx_word' id='word_1_385' title='bbox 1488 4858 1663 4920; x_wconf 83' lang='lat' dir='ltr'><strong>potest</strong></span> <span class='ocrx_word' id='word_1_386' title='bbox 1689 4867 1703 4917; x_wconf 91' lang='lat'>;</span> <span class='ocrx_word' id='word_1_387' title='bbox 1727 4851 1872 4922; x_wconf 91' lang='lat' dir='ltr'><strong>quod</strong></span> 
     </span>
    </p>
   </div>
   <div class='ocr_carea' id='block_1_52' title="bbox 277 4934 1871 5011">
    <p class='ocr_par' dir='ltr' id='par_1_52' title="bbox 277 4934 1871 5011">
     <span class='ocr_line' id='line_1_52' title="bbox 277 4934 1871 5011; baseline 0.006 -21"><span class='ocrx_word' id='word_1_388' title='bbox 277 4935 328 4990; x_wconf 90' lang='lat' dir='ltr'><strong>si</strong></span> <span class='ocrx_word' id='word_1_389' title='bbox 383 4934 533 4991; x_wconf 90' lang='lat' dir='ltr'><strong>freno</strong></span> <span class='ocrx_word' id='word_1_390' title='bbox 560 4936 890 5009; x_wconf 90' lang='lat' dir='ltr'><strong>habenisque</strong></span> <span class='ocrx_word' id='word_1_391' title='bbox 917 4942 1226 5011; x_wconf 90' lang='lat' dir='ltr'><strong>cogentibus</strong></span> <span class='ocrx_word' id='word_1_392' title='bbox 1257 4941 1442 4997; x_wconf 89' lang='lat' dir='ltr'><strong>ordine</strong></span> <span class='ocrx_word' id='word_1_393' title='bbox 1482 4942 1710 5008; x_wconf 89' lang='lat' dir='ltr'><strong>incedat,</strong></span> <span class='ocrx_word' id='word_1_394' title='bbox 1739 4943 1871 5000; x_wconf 90' lang='lat' dir='ltr'><strong>nihil</strong></span> 
     </span>
    </p>
   </div>
   <div class='ocr_carea' id='block_1_53' title="bbox 278 5027 1870 5101">
    <p class='ocr_par' dir='ltr' id='par_1_53' title="bbox 278 5027 1870 5101">
     <span class='ocr_line' id='line_1_53' title="bbox 278 5027 1870 5101; baseline 0.006 -21"><span class='ocrx_word' id='word_1_395' title='bbox 278 5027 482 5080; x_wconf 88' lang='lat' dir='ltr'><strong>mirum</strong></span> <span class='ocrx_word' id='word_1_396' title='bbox 509 5045 523 5081; x_wconf 93' lang='lat'><strong>:</strong></span> <span class='ocrx_word' id='word_1_397' title='bbox 558 5043 660 5082; x_wconf 90' lang='lat' dir='ltr'><strong>non</strong></span> <span class='ocrx_word' id='word_1_398' title='bbox 693 5030 834 5084; x_wconf 91' lang='lat' dir='ltr'><strong>enim</strong></span> <span class='ocrx_word' id='word_1_399' title='bbox 873 5032 1218 5101; x_wconf 88' lang='lat' dir='ltr'><strong>generositati</strong></span> <span class='ocrx_word' id='word_1_400' title='bbox 1260 5033 1527 5100; x_wconf 90' lang='lat' dir='ltr'><strong>animalis,</strong></span> <span class='ocrx_word' id='word_1_401' title='bbox 1557 5033 1649 5089; x_wconf 88' lang='lat' dir='ltr'><strong>sed</strong></span> <span class='ocrx_word' id='word_1_402' title='bbox 1678 5049 1870 5091; x_wconf 86' lang='lat' dir='ltr'><strong>neces-</strong></span> 
     </span>
    </p>
   </div>
   <div class='ocr_carea' id='block_1_54' title="bbox 278 5119 1871 5194">
    <p class='ocr_par' dir='ltr' id='par_1_54' title="bbox 278 5119 1871 5194">
     <span class='ocr_line' id='line_1_54' title="bbox 278 5119 1871 5194; baseline 0.005 -20"><span class='ocrx_word' id='word_1_403' title='bbox 278 5119 429 5174; x_wconf 83' lang='lat' dir='ltr'><strong>sitati</strong></span> <span class='ocrx_word' id='word_1_404' title='bbox 456 5136 485 5172; x_wconf 90' lang='lat' dir='ltr'><strong>a</strong></span> <span class='ocrx_word' id='word_1_405' title='bbox 514 5121 664 5176; x_wconf 79' lang='lat' dir='ltr'><strong>freno</strong></span> <span class='ocrx_word' id='word_1_406' title='bbox 687 5123 913 5178; x_wconf 83' lang='lat' dir='ltr'><strong>inductae</strong></span> <span class='ocrx_word' id='word_1_407' title='bbox 941 5125 1026 5179; x_wconf 89' lang='lat' dir='ltr'><strong>illa</strong></span> <span class='ocrx_word' id='word_1_408' title='bbox 1049 5140 1262 5194; x_wconf 86' lang='lat' dir='ltr'><strong>gressus</strong></span> <span class='ocrx_word' id='word_1_409' title='bbox 1291 5127 1622 5183; x_wconf 90' lang='lat' dir='ltr'><strong>concinnitas</strong></span> <span class='ocrx_word' id='word_1_410' title='bbox 1638 5127 1871 5182; x_wconf 86' lang='lat' dir='ltr'><strong>tribuen-</strong></span> 
     </span>
    </p>
   </div>
   <div class='ocr_carea' id='block_1_55' title="bbox 276 5210 1868 5282">
    <p class='ocr_par' dir='ltr' id='par_1_55' title="bbox 276 5210 1868 5282">
     <span class='ocr_line' id='line_1_55' title="bbox 276 5210 1868 5282; baseline 0.006 -19"><span class='ocrx_word' id='word_1_411' title='bbox 276 5210 350 5263; x_wconf 82' lang='lat' dir='ltr'><strong>da</strong></span> <span class='ocrx_word' id='word_1_412' title='bbox 379 5219 482 5264; x_wconf 88' lang='lat' dir='ltr'><strong>est.</strong></span> <span class='ocrx_word' id='word_1_413' title='bbox 513 5210 742 5279; x_wconf 79' lang='lat' dir='ltr'><strong>Idipsum</strong></span> <span class='ocrx_word' id='word_1_414' title='bbox 774 5213 838 5266; x_wconf 87' lang='lat' dir='ltr'><strong>de</strong></span> <span class='ocrx_word' id='word_1_415' title='bbox 857 5215 1030 5268; x_wconf 89' lang='lat' dir='ltr'><strong>anima</strong></span> <span class='ocrx_word' id='word_1_416' title='bbox 1057 5214 1360 5282; x_wconf 91' lang='lat' dir='ltr'><strong>dicendum,</strong></span> <span class='ocrx_word' id='word_1_417' title='bbox 1393 5218 1435 5271; x_wconf 91' lang='lat' dir='ltr'><strong>si</strong></span> <span class='ocrx_word' id='word_1_418' title='bbox 1474 5217 1703 5273; x_wconf 83' lang='lat' dir='ltr'><strong>instante</strong></span> <span class='ocrx_word' id='word_1_419' title='bbox 1725 5227 1868 5273; x_wconf 91' lang='lat' dir='ltr'><strong>metu</strong></span> 
     </span>
    </p>
   </div>
   <div class='ocr_carea' id='block_1_56' title="bbox 280 5301 1870 5374">
    <p class='ocr_par' dir='ltr' id='par_1_56' title="bbox 280 5301 1870 5374">
     <span class='ocr_line' id='line_1_56' title="bbox 280 5301 1870 5374; baseline 0.008 -19"><span class='ocrx_word' id='word_1_420' title='bbox 280 5301 564 5356; x_wconf 82' lang='lat' dir='ltr'><strong>moderate.</strong></span> <span class='ocrx_word' id='word_1_421' title='bbox 591 5313 732 5374; x_wconf 85' lang='lat' dir='ltr'><strong>agat,</strong></span> <span class='ocrx_word' id='word_1_422' title='bbox 764 5305 892 5359; x_wconf 90' lang='lat' dir='ltr'><strong>nihil</strong></span> <span class='ocrx_word' id='word_1_423' title='bbox 920 5306 1110 5361; x_wconf 93' lang='lat' dir='ltr'><strong>mirum</strong></span> <span class='ocrx_word' id='word_1_424' title='bbox 1143 5323 1261 5363; x_wconf 85' lang='lat' dir='ltr'><strong>esse</strong></span> <span class='ocrx_word' id='word_1_425' title='bbox 1289 5323 1303 5373; x_wconf 89' lang='lat'><strong>;</strong></span> <span class='ocrx_word' id='word_1_426' title='bbox 1336 5325 1456 5364; x_wconf 91' lang='lat' dir='ltr'><strong>cum</strong></span> <span class='ocrx_word' id='word_1_427' title='bbox 1486 5319 1661 5366; x_wconf 90' lang='lat' dir='ltr'><strong>autem</strong></span> <span class='ocrx_word' id='word_1_428' title='bbox 1693 5318 1870 5366; x_wconf 83' lang='lat' dir='ltr'><strong>tenta-</strong></span> 
     </span>
    </p>
   </div>
   <div class='ocr_carea' id='block_1_57' title="bbox 280 5393 1863 5468">
    <p class='ocr_par' dir='ltr' id='par_1_57' title="bbox 280 5393 1863 5468">
     <span class='ocr_line' id='line_1_57' title="bbox 280 5393 1863 5468; baseline 0.005 -22"><span class='ocrx_word' id='word_1_429' title='bbox 280 5393 464 5448; x_wconf 87' lang='lat' dir='ltr'><strong>tiones</strong></span> <span class='ocrx_word' id='word_1_430' title='bbox 491 5394 818 5459; x_wconf 79' lang='lat' dir='ltr'><strong>transierint,</strong></span> <span class='ocrx_word' id='word_1_431' title='bbox 843 5404 896 5450; x_wconf 90' lang='lat' dir='ltr'><strong>et</strong></span> <span class='ocrx_word' id='word_1_432' title='bbox 923 5398 1127 5451; x_wconf 87' lang='lat' dir='ltr'><strong>timoris</strong></span> <span class='ocrx_word' id='word_1_433' title='bbox 1157 5397 1363 5453; x_wconf 88' lang='lat' dir='ltr'><strong>frenum</strong></span> <span class='ocrx_word' id='word_1_434' title='bbox 1392 5411 1653 5456; x_wconf 91' lang='lat' dir='ltr'><strong>remotum</strong></span> <span class='ocrx_word' id='word_1_435' title='bbox 1686 5401 1863 5468; x_wconf 89' lang='lat' dir='ltr'><strong>fuerit,</strong></span> 
     </span>
    </p>
   </div>
   <div class='ocr_carea' id='block_1_58' title="bbox 281 5484 1868 5562">
    <p class='ocr_par' dir='ltr' id='par_1_58' title="bbox 281 5484 1868 5562">
     <span class='ocr_line' id='line_1_58' title="bbox 281 5484 1868 5562; baseline 0.006 -25"><span class='ocrx_word' id='word_1_436' title='bbox 281 5492 414 5538; x_wconf 81' lang='lat' dir='ltr'><strong>tunc</strong></span> <span class='ocrx_word' id='word_1_437' title='bbox 433 5484 565 5538; x_wconf 90' lang='lat' dir='ltr'><strong>mihi</strong></span> <span class='ocrx_word' id='word_1_438' title='bbox 585 5485 746 5540; x_wconf 91' lang='lat' dir='ltr'><strong>animi</strong></span> <span class='ocrx_word' id='word_1_439' title='bbox 777 5485 1165 5558; x_wconf 81' lang='lat' dir='ltr'><strong>philosophiam</strong></span> <span class='ocrx_word' id='word_1_440' title='bbox 1184 5489 1376 5545; x_wconf 76' lang='lat' dir='ltr'><strong>exhibe</strong></span> <span class='ocrx_word' id='word_1_441' title='bbox 1395 5531 1410 5556; x_wconf 95' lang='lat'><strong>,</strong></span> <span class='ocrx_word' id='word_1_442' title='bbox 1433 5505 1752 5562; x_wconf 85' lang='lat' dir='ltr'><strong>omnemque</strong></span> <span class='ocrx_word' id='word_1_443' title='bbox 1784 5490 1868 5546; x_wconf 92' lang='lat' dir='ltr'><strong>di-</strong></span> 
     </span>
    </p>
   </div>
   <div class='ocr_carea' id='block_1_59' title="bbox 283 5577 1868 5650">
    <p class='ocr_par' dir='ltr' id='par_1_59' title="bbox 283 5577 1868 5650">
     <span class='ocr_line' id='line_1_59' title="bbox 283 5577 1868 5650; baseline 0.004 -18"><span class='ocrx_word' id='word_1_444' title='bbox 283 5577 594 5648; x_wconf 81' lang='lat' dir='ltr'><strong>sciplinam.</strong></span> <span class='ocrx_word' id='word_1_445' title='bbox 648 5577 753 5634; x_wconf 87' lang='lat' dir='ltr'><strong>Sed</strong></span> <span class='ocrx_word' id='word_1_446' title='bbox 800 5591 990 5636; x_wconf 80' lang='lat' dir='ltr'><strong>vereor</strong></span> <span class='ocrx_word' id='word_1_447' title='bbox 1037 5595 1104 5636; x_wconf 90' lang='lat' dir='ltr'><strong>ne</strong></span> <span class='ocrx_word' id='word_1_448' title='bbox 1145 5581 1358 5638; x_wconf 70' lang='lat' dir='ltr'><strong>Iudaeos</strong></span> <span class='ocrx_word' id='word_1_449' title='bbox 1385 5597 1634 5639; x_wconf 85' lang='lat' dir='ltr'><strong>accusare</strong></span> <span class='ocrx_word' id='word_1_450' title='bbox 1662 5583 1868 5650; x_wconf 89' lang='lat' dir='ltr'><strong>volens,</strong></span> 
     </span>
    </p>
   </div>
   <div class='ocr_carea' id='block_1_60' title="bbox 294 5664 1871 5750">
    <p class='ocr_par' dir='ltr' id='par_1_60' title="bbox 294 5664 1871 5750">
     <span class='ocr_line' id='line_1_60' title="bbox 294 5664 1871 5750; baseline 0.003 -25"><span class='ocrx_word' id='word_1_451' title='bbox 294 5681 540 5726; x_wconf 76' lang='lat' dir='ltr'><strong>nostrum</strong></span> <span class='ocrx_word' id='word_1_452' title='bbox 565 5686 812 5726; x_wconf 85' lang='lat' dir='ltr'><strong>accusem</strong></span> <span class='ocrx_word' id='word_1_453' title='bbox 844 5664 962 5729; x_wconf 58' lang='lat' dir='ltr'><strong>vilic</strong></span> <span class='ocrx_word' id='word_1_454' title='bbox 992 5672 1286 5750; x_wconf 84' lang='lat' dir='ltr'><strong>institutum</strong></span> <span class='ocrx_word' id='word_1_455' title='bbox 1322 5692 1334 5729; x_wconf 90' lang='lat'>:</span> <span class='ocrx_word' id='word_1_456' title='bbox 1363 5675 1790 5748; x_wconf 84' lang='lat' dir='ltr'><strong>quandoquidem</strong></span> <span class='ocrx_word' id='word_1_457' title='bbox 1816 5684 1871 5732; x_wconf 89' lang='lat' dir='ltr'><strong>et</strong></span> 
     </span>
    </p>
   </div>
   <div class='ocr_carea' id='block_1_61' title="bbox 592 5755 1290 5818">
    <p class='ocr_par' dir='ltr' id='par_1_61' title="bbox 592 5755 1290 5818">
     <span class='ocr_line' id='line_1_61' title="bbox 592 5755 1290 5818; baseline 0.006 -4"><span class='ocrx_word' id='word_1_458' title='bbox 592 5755 859 5814; x_wconf 68' lang='lat' dir='ltr'><strong>PATBOL</strong></span> <span class='ocrx_word' id='word_1_459' title='bbox 907 5758 1022 5815; x_wconf 76' lang='lat' dir='ltr'><strong>(in.</strong></span> <span class='ocrx_word' id='word_1_460' title='bbox 1070 5757 1290 5818; x_wconf 71' lang='lat' dir='ltr'><strong>XLIX.</strong></span> 
     </span>
    </p>
   </div>
   <div class='ocr_carea' id='block_1_62' title="bbox 1380 242 2378 304">
    <p class='ocr_par' dir='ltr' id='par_1_62' title="bbox 1380 242 2378 304">
     <span class='ocr_line' id='line_1_62' title="bbox 1380 242 2378 304; baseline 0.004 -4"><span class='ocrx_word' id='word_1_461' title='bbox 1380 244 1470 302; x_wconf 83' lang='lat' dir='ltr'><strong>DE</strong></span> <span class='ocrx_word' id='word_1_462' title='bbox 1511 242 1978 303; x_wconf 75' lang='lat' dir='ltr'><strong>PCENITENTIA.</strong></span> <span class='ocrx_word' id='word_1_463' title='bbox 2020 243 2247 302; x_wconf 83' lang='lat' dir='ltr'><strong>llOMlL.</strong></span> <span class='ocrx_word' id='word_1_464' title='bbox 2292 248 2378 304; x_wconf 80' lang='lat' dir='ltr'><strong>IV.</strong></span> 
     </span>
    </p>
   </div>
   <div class='ocr_carea' id='block_1_63' title="bbox 3475 256 3583 314">
    <p class='ocr_par' dir='ltr' id='par_1_63' title="bbox 3475 256 3583 314">
     <span class='ocr_line' id='line_1_63' title="bbox 3475 256 3583 314; baseline 0 -2"><span class='ocrx_word' id='word_1_465' title='bbox 3475 256 3583 314; x_wconf 59' lang='lat'><strong>309</strong></span> 
     </span>
    </p>
   </div>
   <div class='ocr_carea' id='block_1_64' title="bbox 2001 361 3579 437">
    <p class='ocr_par' dir='ltr' id='par_1_64' title="bbox 2001 361 3579 437">
     <span class='ocr_line' id='line_1_64' title="bbox 2001 361 3579 437; baseline 0.006 -23"><span class='ocrx_word' id='word_1_466' title='bbox 2001 374 2096 415; x_wconf 89' lang='lat' dir='ltr'><strong>nos</strong></span> <span class='ocrx_word' id='word_1_467' title='bbox 2123 375 2243 416; x_wconf 90' lang='lat' dir='ltr'><strong>cum</strong></span> <span class='ocrx_word' id='word_1_468' title='bbox 2270 361 2686 432; x_wconf 79' lang='lat' dir='ltr'><strong>exagitabantur,</strong></span> <span class='ocrx_word' id='word_1_469' title='bbox 2715 365 2888 419; x_wconf 79' lang='lat' dir='ltr'><strong>vexati</strong></span> <span class='ocrx_word' id='word_1_470' title='bbox 2915 364 3074 430; x_wconf 89' lang='lat' dir='ltr'><strong>fame,</strong></span> <span class='ocrx_word' id='word_1_471' title='bbox 3105 375 3271 436; x_wconf 90' lang='lat' dir='ltr'><strong>peste,</strong></span> <span class='ocrx_word' id='word_1_472' title='bbox 3296 368 3579 437; x_wconf 86' lang='lat' dir='ltr'><strong>grandine.</strong></span> 
     </span>
    </p>
   </div>
   <div class='ocr_carea' id='block_1_65' title="bbox 1995 450 3582 527">
    <p class='ocr_par' dir='ltr' id='par_1_65' title="bbox 1995 450 3582 527">
     <span class='ocr_line' id='line_1_65' title="bbox 1995 450 3582 527; baseline 0.006 -24"><span class='ocrx_word' id='word_1_473' title='bbox 1995 450 2253 516; x_wconf 86' lang='lat' dir='ltr'><strong>siccitate,</strong></span> <span class='ocrx_word' id='word_1_474' title='bbox 2302 451 2580 518; x_wconf 91' lang='lat' dir='ltr'><strong>incendiis,</strong></span> <span class='ocrx_word' id='word_1_475' title='bbox 2613 451 2845 507; x_wconf 90' lang='lat' dir='ltr'><strong>hostium</strong></span> <span class='ocrx_word' id='word_1_476' title='bbox 2879 454 3114 523; x_wconf 89' lang='lat' dir='ltr'><strong>incursu,</strong></span> <span class='ocrx_word' id='word_1_477' title='bbox 3147 472 3322 511; x_wconf 91' lang='lat' dir='ltr'><strong>nonne</strong></span> <span class='ocrx_word' id='word_1_478' title='bbox 3344 458 3582 527; x_wconf 86' lang='lat' dir='ltr'><strong>quotidie</strong></span> 
     </span>
    </p>
   </div>
   <div class='ocr_carea' id='block_1_66' title="bbox 1994 539 3580 616">
    <p class='ocr_par' dir='ltr' id='par_1_66' title="bbox 1994 539 3580 616">
     <span class='ocr_line' id='line_1_66' title="bbox 1994 539 3580 616; baseline 0.006 -24"><span class='ocrx_word' id='word_1_479' title='bbox 1994 539 2216 594; x_wconf 81' lang='lat' dir='ltr'><strong>ecclesia</strong></span> <span class='ocrx_word' id='word_1_480' title='bbox 2269 541 2604 598; x_wconf 91' lang='lat' dir='ltr'><strong>multitudine</strong></span> <span class='ocrx_word' id='word_1_481' title='bbox 2661 544 3091 598; x_wconf 84' lang='lat' dir='ltr'><strong>convenientium</strong></span> <span class='ocrx_word' id='word_1_482' title='bbox 3147 547 3580 616; x_wconf 78' lang='lat' dir='ltr'><strong>angustabatur?</strong></span> 
     </span>
    </p>
   </div>
   <div class='ocr_carea' id='block_1_67' title="bbox 1996 633 3578 706">
    <p class='ocr_par' dir='ltr' id='par_1_67' title="bbox 1996 633 3578 706">
     <span class='ocr_line' id='line_1_67' title="bbox 1996 633 3578 706; baseline 0.006 -22"><span class='ocrx_word' id='word_1_483' title='bbox 1996 639 2125 686; x_wconf 89' lang='lat' dir='ltr'><strong>tunc</strong></span> <span class='ocrx_word' id='word_1_484' title='bbox 2169 647 2359 703; x_wconf 87' lang='lat' dir='ltr'><strong>magna</strong></span> <span class='ocrx_word' id='word_1_485' title='bbox 2389 633 2542 688; x_wconf 91' lang='lat' dir='ltr'><strong>nobis</strong></span> <span class='ocrx_word' id='word_1_486' title='bbox 2581 633 2752 689; x_wconf 90' lang='lat' dir='ltr'><strong>inerat</strong></span> <span class='ocrx_word' id='word_1_487' title='bbox 2782 635 3138 706; x_wconf 87' lang='lat' dir='ltr'><strong>philosophia,</strong></span> <span class='ocrx_word' id='word_1_488' title='bbox 3161 646 3215 692; x_wconf 87' lang='lat' dir='ltr'><strong>et</strong></span> <span class='ocrx_word' id='word_1_489' title='bbox 3243 638 3578 694; x_wconf 64' lang='lat' dir='ltr'><strong>saecularium</strong></span> 
     </span>
    </p>
   </div>
   <div class='ocr_carea' id='block_1_68' title="bbox 1993 730 3578 801">
    <p class='ocr_par' dir='ltr' id='par_1_68' title="bbox 1993 730 3578 801">
     <span class='ocr_line' id='line_1_68' title="bbox 1993 730 3578 801; baseline 0.005 -23"><span class='ocrx_word' id='word_1_490' title='bbox 1993 739 2172 778; x_wconf 87' lang='lat' dir='ltr'><strong>rerum</strong></span> <span class='ocrx_word' id='word_1_491' title='bbox 2221 734 2556 797; x_wconf 87' lang='lat' dir='ltr'><strong>contemptus</strong></span> <span class='ocrx_word' id='word_1_492' title='bbox 2605 745 2620 780; x_wconf 89' lang='lat'><strong>:</strong></span> <span class='ocrx_word' id='word_1_493' title='bbox 2667 743 2772 783; x_wconf 90' lang='lat' dir='ltr'><strong>non</strong></span> <span class='ocrx_word' id='word_1_494' title='bbox 2814 730 3160 799; x_wconf 88' lang='lat' dir='ltr'><strong>pecuniarum</strong></span> <span class='ocrx_word' id='word_1_495' title='bbox 3201 733 3415 801; x_wconf 87' lang='lat' dir='ltr'><strong>cupido,</strong></span> <span class='ocrx_word' id='word_1_496' title='bbox 3472 749 3578 787; x_wconf 91' lang='lat' dir='ltr'><strong>non</strong></span> 
     </span>
    </p>
   </div>
   <div class='ocr_carea' id='block_1_69' title="bbox 1993 815 3575 890">
    <p class='ocr_par' dir='ltr' id='par_1_69' title="bbox 1993 815 3575 890">
     <span class='ocr_line' id='line_1_69' title="bbox 1993 815 3575 890; baseline 0.006 -23"><span class='ocrx_word' id='word_1_497' title='bbox 1993 815 2174 882; x_wconf 62' lang='lat' dir='ltr'><strong>gloria;</strong></span> <span class='ocrx_word' id='word_1_498' title='bbox 2202 816 2547 885; x_wconf 90' lang='lat' dir='ltr'><strong>desiderium,</strong></span> <span class='ocrx_word' id='word_1_499' title='bbox 2591 833 2697 873; x_wconf 90' lang='lat' dir='ltr'><strong>non</strong></span> <span class='ocrx_word' id='word_1_500' title='bbox 2737 820 3004 890; x_wconf 78' lang='lat' dir='ltr'><strong>appetitus</strong></span> <span class='ocrx_word' id='word_1_501' title='bbox 3029 829 3082 875; x_wconf 91' lang='lat' dir='ltr'><strong>et</strong></span> <span class='ocrx_word' id='word_1_502' title='bbox 3124 835 3276 875; x_wconf 88' lang='lat' dir='ltr'><strong>amor</strong></span> <span class='ocrx_word' id='word_1_503' title='bbox 3324 822 3575 885; x_wconf 70' lang='lat' dir='ltr'><strong>lascivire,</strong></span> 
     </span>
    </p>
   </div>
   <div class='ocr_carea' id='block_1_70' title="bbox 1993 908 3579 981">
    <p class='ocr_par' dir='ltr' id='par_1_70' title="bbox 1993 908 3579 981">
     <span class='ocr_line' id='line_1_70' title="bbox 1993 908 3579 981; baseline 0.005 -22"><span class='ocrx_word' id='word_1_504' title='bbox 1993 921 2165 975; x_wconf 89' lang='lat' dir='ltr'><strong>neque</strong></span> <span class='ocrx_word' id='word_1_505' title='bbox 2210 908 2346 963; x_wconf 90' lang='lat' dir='ltr'><strong>alius</strong></span> <span class='ocrx_word' id='word_1_506' title='bbox 2381 924 2574 979; x_wconf 89' lang='lat' dir='ltr'><strong>pravus</strong></span> <span class='ocrx_word' id='word_1_507' title='bbox 2607 910 2866 981; x_wconf 87' lang='lat' dir='ltr'><strong>cogitatus</strong></span> <span class='ocrx_word' id='word_1_508' title='bbox 2892 918 3017 965; x_wconf 90' lang='lat' dir='ltr'><strong>tunc</strong></span> <span class='ocrx_word' id='word_1_509' title='bbox 3041 926 3141 965; x_wconf 87' lang='lat' dir='ltr'><strong>nos</strong></span> <span class='ocrx_word' id='word_1_510' title='bbox 3188 911 3457 981; x_wconf 83' lang='lat' dir='ltr'><strong>agitabat;</strong></span> <span class='ocrx_word' id='word_1_511' title='bbox 3482 911 3579 967; x_wconf 83' lang='lat' dir='ltr'><strong>sed</strong></span> 
     </span>
    </p>
   </div>
   <div class='ocr_carea' id='block_1_71' title="bbox 1993 998 3580 1058">
    <p class='ocr_par' dir='ltr' id='par_1_71' title="bbox 1993 998 3580 1058">
     <span class='ocr_line' id='line_1_71' title="bbox 1993 998 3580 1058; baseline 0.004 -8"><span class='ocrx_word' id='word_1_512' title='bbox 1993 998 2222 1053; x_wconf 85' lang='lat' dir='ltr'><strong>universi</strong></span> <span class='ocrx_word' id='word_1_513' title='bbox 2248 1014 2345 1054; x_wconf 85' lang='lat' dir='ltr'><strong>vos</strong></span> <span class='ocrx_word' id='word_1_514' title='bbox 2372 1000 2438 1055; x_wconf 93' lang='lat' dir='ltr'><strong>ad</strong></span> <span class='ocrx_word' id='word_1_515' title='bbox 2481 1001 2578 1056; x_wconf 88' lang='lat' dir='ltr'><strong>Dei</strong></span> <span class='ocrx_word' id='word_1_516' title='bbox 2628 1003 2827 1056; x_wconf 91' lang='lat' dir='ltr'><strong>cultum</strong></span> <span class='ocrx_word' id='word_1_517' title='bbox 2867 1002 3164 1058; x_wconf 89' lang='lat' dir='ltr'><strong>contulistis</strong></span> <span class='ocrx_word' id='word_1_518' title='bbox 3190 1017 3309 1057; x_wconf 90' lang='lat' dir='ltr'><strong>cum</strong></span> <span class='ocrx_word' id='word_1_519' title='bbox 3338 1003 3580 1057; x_wconf 90' lang='lat' dir='ltr'><strong>oratione</strong></span> 
     </span>
    </p>
   </div>
   <div class='ocr_carea' id='block_1_72' title="bbox 1990 1090 3580 1164">
    <p class='ocr_par' dir='ltr' id='par_1_72' title="bbox 1990 1090 3580 1164">
     <span class='ocr_line' id='line_1_72' title="bbox 1990 1090 3580 1164; baseline 0.001 -20"><span class='ocrx_word' id='word_1_520' title='bbox 1990 1099 2040 1144; x_wconf 91' lang='lat' dir='ltr'><strong>et</strong></span> <span class='ocrx_word' id='word_1_521' title='bbox 2071 1090 2336 1164; x_wconf 85' lang='lat' dir='ltr'><strong>lacrymis.</strong></span> <span class='ocrx_word' id='word_1_522' title='bbox 2371 1093 2522 1150; x_wconf 89' lang='lat' dir='ltr'><strong>Tunc</strong></span> <span class='ocrx_word' id='word_1_523' title='bbox 2550 1093 2844 1148; x_wconf 82' lang='lat' dir='ltr'><strong>fornicator</strong></span> <span class='ocrx_word' id='word_1_524' title='bbox 2875 1103 3238 1164; x_wconf 89' lang='lat' dir='ltr'><strong>temperanter</strong></span> <span class='ocrx_word' id='word_1_525' title='bbox 3259 1095 3469 1164; x_wconf 83' lang='lat' dir='ltr'><strong>agebat,</strong></span> <span class='ocrx_word' id='word_1_526' title='bbox 3497 1093 3580 1148; x_wconf 90' lang='lat' dir='ltr'><strong>in-</strong></span> 
     </span>
    </p>
   </div>
   <div class='ocr_carea' id='block_1_73' title="bbox 1986 1182 3596 1255">
    <p class='ocr_par' dir='ltr' id='par_1_73' title="bbox 1986 1182 3596 1255">
     <span class='ocr_line' id='line_1_73' title="bbox 1986 1182 3596 1255; baseline 0.002 -19"><span class='ocrx_word' id='word_1_527' title='bbox 1986 1182 2244 1252; x_wconf 88' lang='lat' dir='ltr'><strong>juriarum</strong></span> <span class='ocrx_word' id='word_1_528' title='bbox 2309 1201 2516 1240; x_wconf 89' lang='lat' dir='ltr'><strong>memor</strong></span> <span class='ocrx_word' id='word_1_529' title='bbox 2567 1185 2633 1240; x_wconf 88' lang='lat' dir='ltr'><strong>ad</strong></span> <span class='ocrx_word' id='word_1_530' title='bbox 2680 1186 3166 1241; x_wconf 89' lang='lat' dir='ltr'><strong>reconciliationem</strong></span> <span class='ocrx_word' id='word_1_531' title='bbox 3214 1184 3596 1255; x_wconf 33' lang='lat' dir='ltr'><strong>properabat”</strong></span> 
     </span>
    </p>
   </div>
   <div class='ocr_carea' id='block_1_74' title="bbox 1990 1277 3578 1350">
    <p class='ocr_par' dir='ltr' id='par_1_74' title="bbox 1990 1277 3578 1350">
     <span class='ocr_line' id='line_1_74' title="bbox 1990 1277 3578 1350; baseline 0.001 -21"><span class='ocrx_word' id='word_1_532' title='bbox 1990 1291 2181 1330; x_wconf 73' lang='lat' dir='ltr'><strong>avarus</strong></span> <span class='ocrx_word' id='word_1_533' title='bbox 2211 1277 2274 1332; x_wconf 90' lang='lat' dir='ltr'><strong>ad</strong></span> <span class='ocrx_word' id='word_1_534' title='bbox 2303 1278 2695 1350; x_wconf 89' lang='lat' dir='ltr'><strong>eleemosynam</strong></span> <span class='ocrx_word' id='word_1_535' title='bbox 2722 1277 3051 1345; x_wconf 84' lang='lat' dir='ltr'><strong>ﬂectebatur,</strong></span> <span class='ocrx_word' id='word_1_536' title='bbox 3081 1277 3364 1332; x_wconf 89' lang='lat' dir='ltr'><strong>iracundus</strong></span> <span class='ocrx_word' id='word_1_537' title='bbox 3391 1284 3443 1331; x_wconf 92' lang='lat' dir='ltr'><strong>et</strong></span> <span class='ocrx_word' id='word_1_538' title='bbox 3467 1285 3578 1331; x_wconf 88' lang='lat' dir='ltr'><strong>tru-</strong></span> 
     </span>
    </p>
   </div>
   <div class='ocr_carea' id='block_1_75' title="bbox 1990 1367 3577 1424">
    <p class='ocr_par' dir='ltr' id='par_1_75' title="bbox 1990 1367 3577 1424">
     <span class='ocr_line' id='line_1_75' title="bbox 1990 1367 3577 1424; baseline 0.001 -1"><span class='ocrx_word' id='word_1_539' title='bbox 1990 1369 2233 1423; x_wconf 83' lang='lat' dir='ltr'><strong>culentus</strong></span> <span class='ocrx_word' id='word_1_540' title='bbox 2253 1367 2318 1424; x_wconf 90' lang='lat' dir='ltr'><strong>ad</strong></span> <span class='ocrx_word' id='word_1_541' title='bbox 2347 1369 2697 1424; x_wconf 88' lang='lat' dir='ltr'><strong>humilitatem</strong></span> <span class='ocrx_word' id='word_1_542' title='bbox 2719 1379 2772 1424; x_wconf 90' lang='lat' dir='ltr'><strong>et</strong></span> <span class='ocrx_word' id='word_1_543' title='bbox 2800 1369 3257 1424; x_wconf 89' lang='lat' dir='ltr'><strong>mansuetudinem</strong></span> <span class='ocrx_word' id='word_1_544' title='bbox 3289 1376 3577 1424; x_wconf 83' lang='lat' dir='ltr'><strong>converte-</strong></span> 
     </span>
    </p>
   </div>
   <div class='ocr_carea' id='block_1_76' title="bbox 1990 1460 3575 1531">
    <p class='ocr_par' dir='ltr' id='par_1_76' title="bbox 1990 1460 3575 1531">
     <span class='ocr_line' id='line_1_76' title="bbox 1990 1460 3575 1531; baseline 0.001 -16"><span class='ocrx_word' id='word_1_545' title='bbox 1990 1460 2166 1515; x_wconf 90' lang='lat' dir='ltr'><strong>batur.</strong></span> <span class='ocrx_word' id='word_1_546' title='bbox 2194 1461 2478 1531; x_wconf 83' lang='lat' dir='ltr'><strong>Postquam</strong></span> <span class='ocrx_word' id='word_1_547' title='bbox 2507 1473 2683 1517; x_wconf 91' lang='lat' dir='ltr'><strong>autem</strong></span> <span class='ocrx_word' id='word_1_548' title='bbox 2716 1463 2854 1518; x_wconf 87' lang='lat' dir='ltr'><strong>Dens</strong></span> <span class='ocrx_word' id='word_1_549' title='bbox 2885 1463 3018 1517; x_wconf 88' lang='lat' dir='ltr'><strong>iram</strong></span> <span class='ocrx_word' id='word_1_550' title='bbox 3050 1462 3189 1517; x_wconf 92' lang='lat' dir='ltr'><strong>illam</strong></span> <span class='ocrx_word' id='word_1_551' title='bbox 3215 1461 3482 1530; x_wconf 87' lang='lat' dir='ltr'><strong>deposuit,</strong></span> <span class='ocrx_word' id='word_1_552' title='bbox 3511 1476 3575 1516; x_wconf 91' lang='lat' dir='ltr'><strong>ac</strong></span> 
     </span>
    </p>
   </div>
   <div class='ocr_carea' id='block_1_77' title="bbox 1989 1550 3573 1626">
    <p class='ocr_par' dir='ltr' id='par_1_77' title="bbox 1989 1550 3573 1626">
     <span class='ocr_line' id='line_1_77' title="bbox 1989 1550 3573 1626; baseline 0.003 -22"><span class='ocrx_word' id='word_1_553' title='bbox 1989 1550 2276 1619; x_wconf 89' lang='lat' dir='ltr'><strong>procellam</strong></span> <span class='ocrx_word' id='word_1_554' title='bbox 2298 1552 2492 1624; x_wconf 84' lang='lat' dir='ltr'><strong>abegit,</strong></span> <span class='ocrx_word' id='word_1_555' title='bbox 2519 1562 2678 1624; x_wconf 91' lang='lat' dir='ltr'><strong>atque</strong></span> <span class='ocrx_word' id='word_1_556' title='bbox 2707 1563 2825 1624; x_wconf 91' lang='lat' dir='ltr'><strong>post</strong></span> <span class='ocrx_word' id='word_1_557' title='bbox 2847 1561 3023 1610; x_wconf 88' lang='lat' dir='ltr'><strong>tantos</strong></span> <span class='ocrx_word' id='word_1_558' title='bbox 3049 1553 3242 1609; x_wconf 83' lang='lat' dir='ltr'><strong>ﬂuetus</strong></span> <span class='ocrx_word' id='word_1_559' title='bbox 3268 1554 3573 1626; x_wconf 88' lang='lat' dir='ltr'><strong>tranquilli-</strong></span> 
     </span>
    </p>
   </div>
   <div class='ocr_carea' id='block_1_78' title="bbox 1990 1643 3575 1713">
    <p class='ocr_par' dir='ltr' id='par_1_78' title="bbox 1990 1643 3575 1713">
     <span class='ocr_line' id='line_1_78' title="bbox 1990 1643 3575 1713; baseline 0.003 -18"><span class='ocrx_word' id='word_1_560' title='bbox 1990 1649 2154 1696; x_wconf 88' lang='lat' dir='ltr'><strong>tatem</strong></span> <span class='ocrx_word' id='word_1_561' title='bbox 2184 1643 2386 1712; x_wconf 91' lang='lat' dir='ltr'><strong>paravit</strong></span> <span class='ocrx_word' id='word_1_562' title='bbox 2412 1685 2425 1708; x_wconf 91' lang='lat'><strong>,</strong></span> <span class='ocrx_word' id='word_1_563' title='bbox 2450 1643 2515 1698; x_wconf 90' lang='lat' dir='ltr'><strong>ad</strong></span> <span class='ocrx_word' id='word_1_564' title='bbox 2544 1645 2799 1713; x_wconf 90' lang='lat' dir='ltr'><strong>pristinos</strong></span> <span class='ocrx_word' id='word_1_565' title='bbox 2833 1645 3022 1700; x_wconf 89' lang='lat' dir='ltr'><strong>iterum</strong></span> <span class='ocrx_word' id='word_1_566' title='bbox 3051 1661 3229 1701; x_wconf 91' lang='lat' dir='ltr'><strong>mores</strong></span> <span class='ocrx_word' id='word_1_567' title='bbox 3252 1645 3452 1700; x_wconf 78' lang='lat' dir='ltr'><strong>reversi</strong></span> <span class='ocrx_word' id='word_1_568' title='bbox 3478 1659 3575 1699; x_wconf 85' lang='lat' dir='ltr'><strong>sn-</strong></span> 
     </span>
    </p>
   </div>
   <div class='ocr_carea' id='block_1_79' title="bbox 1991 1735 3575 1808">
    <p class='ocr_par' dir='ltr' id='par_1_79' title="bbox 1991 1735 3575 1808">
     <span class='ocr_line' id='line_1_79' title="bbox 1991 1735 3575 1808; baseline 0.003 -21"><span class='ocrx_word' id='word_1_569' title='bbox 1991 1748 2129 1788; x_wconf 89' lang='lat' dir='ltr'><strong>mus.</strong></span> <span class='ocrx_word' id='word_1_570' title='bbox 2167 1735 2325 1804; x_wconf 82' lang='lat' dir='ltr'><strong>Atqui</strong></span> <span class='ocrx_word' id='word_1_571' title='bbox 2356 1736 2408 1789; x_wconf 90' lang='lat' dir='ltr'><strong>in</strong></span> <span class='ocrx_word' id='word_1_572' title='bbox 2441 1736 2558 1806; x_wconf 91' lang='lat' dir='ltr'><strong>ipso</strong></span> <span class='ocrx_word' id='word_1_573' title='bbox 2584 1738 2935 1792; x_wconf 90' lang='lat' dir='ltr'><strong>tentationum</strong></span> <span class='ocrx_word' id='word_1_574' title='bbox 2969 1748 3208 1808; x_wconf 87' lang='lat' dir='ltr'><strong>tempore</strong></span> <span class='ocrx_word' id='word_1_575' title='bbox 3235 1739 3348 1793; x_wconf 76' lang='lat' dir='ltr'><strong>lucc</strong></span> <span class='ocrx_word' id='word_1_576' title='bbox 3380 1738 3575 1808; x_wconf 71' lang='lat' dir='ltr'><strong>prmdi-</strong></span> 
     </span>
    </p>
   </div>
   <div class='ocr_carea' id='block_1_80' title="bbox 1988 1825 3576 1898">
    <p class='ocr_par' dir='ltr' id='par_1_80' title="bbox 1988 1825 3576 1898">
     <span class='ocr_line' id='line_1_80' title="bbox 1988 1825 3576 1898; baseline 0.004 -20"><span class='ocrx_word' id='word_1_577' title='bbox 1988 1838 2110 1879; x_wconf 89' lang='lat' dir='ltr'><strong>cere</strong></span> <span class='ocrx_word' id='word_1_578' title='bbox 2131 1833 2185 1880; x_wconf 88' lang='lat' dir='ltr'><strong>et</strong></span> <span class='ocrx_word' id='word_1_579' title='bbox 2213 1825 2485 1881; x_wconf 85' lang='lat' dir='ltr'><strong>testificari</strong></span> <span class='ocrx_word' id='word_1_580' title='bbox 2514 1843 2620 1882; x_wconf 92' lang='lat' dir='ltr'><strong>non</strong></span> <span class='ocrx_word' id='word_1_581' title='bbox 2643 1827 2962 1884; x_wconf 87' lang='lat' dir='ltr'><strong>desistebam</strong></span> <span class='ocrx_word' id='word_1_582' title='bbox 2990 1848 3003 1884; x_wconf 89' lang='lat'><strong>:</strong></span> <span class='ocrx_word' id='word_1_583' title='bbox 3031 1838 3269 1884; x_wconf 87' lang='lat' dir='ltr'><strong>attamen</strong></span> <span class='ocrx_word' id='word_1_584' title='bbox 3292 1829 3421 1883; x_wconf 91' lang='lat' dir='ltr'><strong>nihil</strong></span> <span class='ocrx_word' id='word_1_585' title='bbox 3451 1844 3576 1898; x_wconf 88' lang='lat' dir='ltr'><strong>pro-</strong></span> 
     </span>
    </p>
   </div>
   <div class='ocr_carea' id='block_1_81' title="bbox 1989 1915 3575 1984">
    <p class='ocr_par' dir='ltr' id='par_1_81' title="bbox 1989 1915 3575 1984">
     <span class='ocr_line' id='line_1_81' title="bbox 1989 1915 3575 1984; baseline 0.003 -13"><span class='ocrx_word' id='word_1_586' title='bbox 1989 1915 2248 1984; x_wconf 89' lang='lat' dir='ltr'><strong>fecimus;</strong></span> <span class='ocrx_word' id='word_1_587' title='bbox 2295 1917 2386 1975; x_wconf 89' lang='lat' dir='ltr'><strong>sed</strong></span> <span class='ocrx_word' id='word_1_588' title='bbox 2415 1920 2559 1975; x_wconf 88' lang='lat' dir='ltr'><strong>velut</strong></span> <span class='ocrx_word' id='word_1_589' title='bbox 2599 1921 2865 1976; x_wconf 88' lang='lat' dir='ltr'><strong>somnium</strong></span> <span class='ocrx_word' id='word_1_590' title='bbox 2895 1930 2950 1975; x_wconf 90' lang='lat' dir='ltr'><strong>et</strong></span> <span class='ocrx_word' id='word_1_591' title='bbox 2996 1921 3239 1976; x_wconf 89' lang='lat' dir='ltr'><strong>umbram</strong></span> <span class='ocrx_word' id='word_1_592' title='bbox 3293 1929 3575 1976; x_wconf 88' lang='lat' dir='ltr'><strong>transeun-</strong></span> 
     </span>
    </p>
   </div>
   <div class='ocr_carea' id='block_1_82' title="bbox 1990 2011 3578 2078">
    <p class='ocr_par' dir='ltr' id='par_1_82' title="bbox 1990 2011 3578 2078">
     <span class='ocr_line' id='line_1_82' title="bbox 1990 2011 3578 2078; baseline 0.003 -14"><span class='ocrx_word' id='word_1_593' title='bbox 1990 2021 2115 2078; x_wconf 91' lang='lat' dir='ltr'><strong>tem,</strong></span> <span class='ocrx_word' id='word_1_594' title='bbox 2142 2011 2219 2066; x_wconf 89' lang='lat' dir='ltr'><strong>sic</strong></span> <span class='ocrx_word' id='word_1_595' title='bbox 2245 2011 2332 2066; x_wconf 91' lang='lat' dir='ltr'><strong>illa</strong></span> <span class='ocrx_word' id='word_1_596' title='bbox 2353 2013 2527 2067; x_wconf 90' lang='lat' dir='ltr'><strong>omnia</strong></span> <span class='ocrx_word' id='word_1_597' title='bbox 2549 2013 2616 2068; x_wconf 90' lang='lat' dir='ltr'><strong>ab</strong></span> <span class='ocrx_word' id='word_1_598' title='bbox 2641 2015 2831 2068; x_wconf 90' lang='lat' dir='ltr'><strong>animis</strong></span> <span class='ocrx_word' id='word_1_599' title='bbox 2866 2015 3057 2069; x_wconf 90' lang='lat' dir='ltr'><strong>vestris</strong></span> <span class='ocrx_word' id='word_1_600' title='bbox 3079 2015 3398 2071; x_wconf 90' lang='lat' dir='ltr'><strong>removistis.</strong></span> <span class='ocrx_word' id='word_1_601' title='bbox 3445 2013 3578 2069; x_wconf 85' lang='lat' dir='ltr'><strong>Pro-</strong></span> 
     </span>
    </p>
   </div>
   <div class='ocr_carea' id='block_1_83' title="bbox 1989 2105 3574 2178">
    <p class='ocr_par' dir='ltr' id='par_1_83' title="bbox 1989 2105 3574 2178">
     <span class='ocr_line' id='line_1_83' title="bbox 1989 2105 3574 2178; baseline 0.004 -22"><span class='ocrx_word' id='word_1_602' title='bbox 1989 2111 2168 2172; x_wconf 89' lang='lat' dir='ltr'><strong>pterca</strong></span> <span class='ocrx_word' id='word_1_603' title='bbox 2192 2119 2328 2158; x_wconf 90' lang='lat' dir='ltr'><strong>nunc</strong></span> <span class='ocrx_word' id='word_1_604' title='bbox 2347 2105 2506 2161; x_wconf 90' lang='lat' dir='ltr'><strong>timeo</strong></span> <span class='ocrx_word' id='word_1_605' title='bbox 2523 2106 2660 2176; x_wconf 90' lang='lat' dir='ltr'><strong>plus,</strong></span> <span class='ocrx_word' id='word_1_606' title='bbox 2678 2123 2834 2178; x_wconf 90' lang='lat' dir='ltr'><strong>quam</strong></span> <span class='ocrx_word' id='word_1_607' title='bbox 2861 2117 2984 2163; x_wconf 92' lang='lat' dir='ltr'><strong>tunc</strong></span> <span class='ocrx_word' id='word_1_608' title='bbox 3009 2108 3331 2174; x_wconf 89' lang='lat' dir='ltr'><strong>metuebam,</strong></span> <span class='ocrx_word' id='word_1_609' title='bbox 3354 2116 3408 2162; x_wconf 90' lang='lat' dir='ltr'><strong>et</strong></span> <span class='ocrx_word' id='word_1_610' title='bbox 3433 2106 3574 2178; x_wconf 92' lang='lat' dir='ltr'><strong>quod</strong></span> 
     </span>
    </p>
   </div>
   <div class='ocr_carea' id='block_1_84' title="bbox 1988 2192 3577 2268">
    <p class='ocr_par' dir='ltr' id='par_1_84' title="bbox 1988 2192 3577 2268">
     <span class='ocr_line' id='line_1_84' title="bbox 1988 2192 3577 2268; baseline 0.006 -24"><span class='ocrx_word' id='word_1_611' title='bbox 1988 2201 2114 2246; x_wconf 91' lang='lat' dir='ltr'><strong>tunc</strong></span> <span class='ocrx_word' id='word_1_612' title='bbox 2142 2192 2404 2261; x_wconf 89' lang='lat' dir='ltr'><strong>dicebam,</strong></span> <span class='ocrx_word' id='word_1_613' title='bbox 2439 2210 2579 2250; x_wconf 92' lang='lat' dir='ltr'><strong>nunc</strong></span> <span class='ocrx_word' id='word_1_614' title='bbox 2599 2197 2766 2266; x_wconf 82' lang='lat' dir='ltr'><strong>magis</strong></span> <span class='ocrx_word' id='word_1_615' title='bbox 2785 2196 3032 2263; x_wconf 88' lang='lat' dir='ltr'><strong>formido,</strong></span> <span class='ocrx_word' id='word_1_616' title='bbox 3067 2213 3134 2253; x_wconf 92' lang='lat' dir='ltr'><strong>ne</strong></span> <span class='ocrx_word' id='word_1_617' title='bbox 3162 2198 3408 2268; x_wconf 83' lang='lat' dir='ltr'><strong>graviora</strong></span> <span class='ocrx_word' id='word_1_618' title='bbox 3430 2198 3577 2267; x_wconf 83' lang='lat' dir='ltr'><strong>prio—</strong></span> 
     </span>
    </p>
   </div>
   <div class='ocr_carea' id='block_1_85' title="bbox 1985 2284 3574 2358">
    <p class='ocr_par' dir='ltr' id='par_1_85' title="bbox 1985 2284 3574 2358">
     <span class='ocr_line' id='line_1_85' title="bbox 1985 2284 3574 2358; baseline 0.004 -22"><span class='ocrx_word' id='word_1_619' title='bbox 1985 2284 2136 2336; x_wconf 87' lang='lat' dir='ltr'><strong>ribus</strong></span> <span class='ocrx_word' id='word_1_620' title='bbox 2183 2284 2337 2339; x_wconf 87' lang='lat' dir='ltr'><strong>uobis</strong></span> <span class='ocrx_word' id='word_1_621' title='bbox 2363 2285 2691 2341; x_wconf 89' lang='lat' dir='ltr'><strong>attrahamus</strong></span> <span class='ocrx_word' id='word_1_622' title='bbox 2718 2286 2853 2341; x_wconf 90' lang='lat' dir='ltr'><strong>mala</strong></span> <span class='ocrx_word' id='word_1_623' title='bbox 2883 2329 2898 2355; x_wconf 88' lang='lat'><strong>,</strong></span> <span class='ocrx_word' id='word_1_624' title='bbox 2932 2296 3161 2356; x_wconf 88' lang='lat' dir='ltr'><strong>tuncque</strong></span> <span class='ocrx_word' id='word_1_625' title='bbox 3191 2288 3400 2358; x_wconf 88' lang='lat' dir='ltr'><strong>plagam</strong></span> <span class='ocrx_word' id='word_1_626' title='bbox 3425 2288 3574 2343; x_wconf 85' lang='lat' dir='ltr'><strong>incu-</strong></span> 
     </span>
    </p>
   </div>
   <div class='ocr_carea' id='block_1_86' title="bbox 1986 2373 3575 2448">
    <p class='ocr_par' dir='ltr' id='par_1_86' title="bbox 1986 2373 3575 2448">
     <span class='ocr_line' id='line_1_86' title="bbox 1986 2373 3575 2448; baseline 0.004 -21"><span class='ocrx_word' id='word_1_627' title='bbox 1986 2373 2205 2428; x_wconf 86' lang='lat' dir='ltr'><strong>rabilcm</strong></span> <span class='ocrx_word' id='word_1_628' title='bbox 2231 2389 2260 2427; x_wconf 90' lang='lat' dir='ltr'><strong>a</strong></span> <span class='ocrx_word' id='word_1_629' title='bbox 2289 2374 2398 2430; x_wconf 91' lang='lat' dir='ltr'><strong>Deo</strong></span> <span class='ocrx_word' id='word_1_630' title='bbox 2422 2375 2767 2445; x_wconf 87' lang='lat' dir='ltr'><strong>accipiamus.</strong></span> <span class='ocrx_word' id='word_1_631' title='bbox 2795 2375 2930 2431; x_wconf 91' lang='lat' dir='ltr'><strong>Cum</strong></span> <span class='ocrx_word' id='word_1_632' title='bbox 2953 2377 3093 2433; x_wconf 91' lang='lat' dir='ltr'><strong>enim</strong></span> <span class='ocrx_word' id='word_1_633' title='bbox 3121 2379 3238 2448; x_wconf 92' lang='lat' dir='ltr'><strong>quis</strong></span> <span class='ocrx_word' id='word_1_634' title='bbox 3265 2378 3575 2448; x_wconf 86' lang='lat' dir='ltr'><strong>frequenter</strong></span> 
     </span>
    </p>
   </div>
   <div class='ocr_carea' id='block_1_87' title="bbox 1986 2466 3565 2539">
    <p class='ocr_par' dir='ltr' id='par_1_87' title="bbox 1986 2466 3565 2539">
     <span class='ocr_line' id='line_1_87' title="bbox 1986 2466 3565 2539; baseline 0.004 -20"><span class='ocrx_word' id='word_1_635' title='bbox 1986 2479 2213 2534; x_wconf 86' lang='lat' dir='ltr'><strong>peccans</strong></span> <span class='ocrx_word' id='word_1_636' title='bbox 2233 2480 2261 2518; x_wconf 89' lang='lat' dir='ltr'><strong>a</strong></span> <span class='ocrx_word' id='word_1_637' title='bbox 2291 2466 2400 2522; x_wconf 89' lang='lat' dir='ltr'><strong>Deo</strong></span> <span class='ocrx_word' id='word_1_638' title='bbox 2429 2468 2635 2522; x_wconf 89' lang='lat' dir='ltr'><strong>veniam</strong></span> <span class='ocrx_word' id='word_1_639' title='bbox 2663 2468 3024 2539; x_wconf 89' lang='lat' dir='ltr'><strong>consequitur,</strong></span> <span class='ocrx_word' id='word_1_640' title='bbox 3053 2477 3107 2524; x_wconf 92' lang='lat' dir='ltr'><strong>et</strong></span> <span class='ocrx_word' id='word_1_641' title='bbox 3139 2477 3319 2538; x_wconf 85' lang='lat' dir='ltr'><strong>postea</strong></span> <span class='ocrx_word' id='word_1_642' title='bbox 3344 2469 3474 2524; x_wconf 88' lang='lat' dir='ltr'><strong>nihil</strong></span> <span class='ocrx_word' id='word_1_643' title='bbox 3497 2469 3565 2525; x_wconf 88' lang='lat' dir='ltr'><strong>ab</strong></span> 
     </span>
    </p>
   </div>
   <div class='ocr_carea' id='block_1_88' title="bbox 1984 2555 3568 2631">
    <p class='ocr_par' dir='ltr' id='par_1_88' title="bbox 1984 2555 3568 2631">
     <span class='ocr_line' id='line_1_88' title="bbox 1984 2555 3568 2631; baseline 0.003 -19"><span class='ocrx_word' id='word_1_644' title='bbox 1984 2555 2248 2626; x_wconf 89' lang='lat' dir='ltr'><strong>ejusmodi</strong></span> <span class='ocrx_word' id='word_1_645' title='bbox 2289 2558 2568 2613; x_wconf 89' lang='lat' dir='ltr'><strong>tolerantia</strong></span> <span class='ocrx_word' id='word_1_646' title='bbox 2602 2559 2693 2614; x_wconf 90' lang='lat' dir='ltr'><strong>Dei</strong></span> <span class='ocrx_word' id='word_1_647' title='bbox 2726 2559 2962 2616; x_wconf 90' lang='lat' dir='ltr'><strong>lucratur</strong></span> <span class='ocrx_word' id='word_1_648' title='bbox 2985 2561 3051 2614; x_wconf 90' lang='lat' dir='ltr'><strong>ad</strong></span> <span class='ocrx_word' id='word_1_649' title='bbox 3082 2561 3370 2631; x_wconf 89' lang='lat' dir='ltr'><strong>nequitiam</strong></span> <span class='ocrx_word' id='word_1_650' title='bbox 3402 2561 3568 2631; x_wconf 83' lang='lat' dir='ltr'><strong>depo-</strong></span> 
     </span>
    </p>
   </div>
   <div class='ocr_carea' id='block_1_89' title="bbox 1987 2646 3571 2720">
    <p class='ocr_par' dir='ltr' id='par_1_89' title="bbox 1987 2646 3571 2720">
     <span class='ocr_line' id='line_1_89' title="bbox 1987 2646 3571 2720; baseline 0.004 -20"><span class='ocrx_word' id='word_1_651' title='bbox 1987 2646 2237 2712; x_wconf 87' lang='lat' dir='ltr'><strong>ncndam,</strong></span> <span class='ocrx_word' id='word_1_652' title='bbox 2269 2647 2482 2703; x_wconf 90' lang='lat' dir='ltr'><strong>demum</strong></span> <span class='ocrx_word' id='word_1_653' title='bbox 2516 2649 2586 2703; x_wconf 89' lang='lat' dir='ltr'><strong>ita</strong></span> <span class='ocrx_word' id='word_1_654' title='bbox 2611 2663 2733 2704; x_wconf 92' lang='lat' dir='ltr'><strong>cum</strong></span> <span class='ocrx_word' id='word_1_655' title='bbox 2763 2649 2850 2704; x_wconf 92' lang='lat' dir='ltr'><strong>illo</strong></span> <span class='ocrx_word' id='word_1_656' title='bbox 2880 2651 2988 2720; x_wconf 89' lang='lat' dir='ltr'><strong>agit</strong></span> <span class='ocrx_word' id='word_1_657' title='bbox 3027 2651 3187 2716; x_wconf 85' lang='lat' dir='ltr'><strong>Deus,</strong></span> <span class='ocrx_word' id='word_1_658' title='bbox 3217 2659 3276 2705; x_wconf 91' lang='lat' dir='ltr'><strong>ut</strong></span> <span class='ocrx_word' id='word_1_659' title='bbox 3302 2652 3384 2706; x_wconf 89' lang='lat' dir='ltr'><strong>vel</strong></span> <span class='ocrx_word' id='word_1_660' title='bbox 3407 2651 3571 2706; x_wconf 91' lang='lat' dir='ltr'><strong>invito</strong></span> 
     </span>
    </p>
   </div>
   <div class='ocr_carea' id='block_1_90' title="bbox 1987 2739 3572 2814">
    <p class='ocr_par' dir='ltr' id='par_1_90' title="bbox 1987 2739 3572 2814">
     <span class='ocr_line' id='line_1_90' title="bbox 1987 2739 3572 2814; baseline 0.003 -20"><span class='ocrx_word' id='word_1_661' title='bbox 1987 2739 2064 2794; x_wconf 90' lang='lat' dir='ltr'><strong>illi</strong></span> <span class='ocrx_word' id='word_1_662' title='bbox 2093 2740 2356 2796; x_wconf 89' lang='lat' dir='ltr'><strong>malorum</strong></span> <span class='ocrx_word' id='word_1_663' title='bbox 2386 2741 2742 2812; x_wconf 88' lang='lat' dir='ltr'><strong>c010phonem</strong></span> <span class='ocrx_word' id='word_1_664' title='bbox 2787 2743 3058 2810; x_wconf 89' lang='lat' dir='ltr'><strong>immittat,</strong></span> <span class='ocrx_word' id='word_1_665' title='bbox 3085 2757 3315 2813; x_wconf 90' lang='lat' dir='ltr'><strong>eumque</strong></span> <span class='ocrx_word' id='word_1_666' title='bbox 3359 2743 3572 2814; x_wconf 81' lang='lat' dir='ltr'><strong>penitus</strong></span> 
     </span>
    </p>
   </div>
   <div class='ocr_carea' id='block_1_91' title="bbox 1983 2835 3569 2906">
    <p class='ocr_par' dir='ltr' id='par_1_91' title="bbox 1983 2835 3569 2906">
     <span class='ocr_line' id='line_1_91' title="bbox 1983 2835 3569 2906; baseline 0.001 -18"><span class='ocrx_word' id='word_1_667' title='bbox 1983 2842 2242 2900; x_wconf 89' lang='lat' dir='ltr'><strong>conterat,</strong></span> <span class='ocrx_word' id='word_1_668' title='bbox 2295 2850 2469 2904; x_wconf 90' lang='lat' dir='ltr'><strong>neque</strong></span> <span class='ocrx_word' id='word_1_669' title='bbox 2513 2835 2650 2890; x_wconf 89' lang='lat' dir='ltr'><strong>ultra</strong></span> <span class='ocrx_word' id='word_1_670' title='bbox 2705 2835 2780 2890; x_wconf 90' lang='lat' dir='ltr'><strong>illi</strong></span> <span class='ocrx_word' id='word_1_671' title='bbox 2822 2835 3060 2890; x_wconf 88' lang='lat' dir='ltr'><strong>inducias</strong></span> <span class='ocrx_word' id='word_1_672' title='bbox 3105 2835 3170 2889; x_wconf 90' lang='lat' dir='ltr'><strong>ad</strong></span> <span class='ocrx_word' id='word_1_673' title='bbox 3204 2836 3569 2906; x_wconf 59' lang='lat' dir='ltr'><strong>paenitentiam</strong></span> 
     </span>
    </p>
   </div>
   <div class='ocr_carea' id='block_1_92' title="bbox 1984 2923 3569 2995">
    <p class='ocr_par' dir='ltr' id='par_1_92' title="bbox 1984 2923 3569 2995">
     <span class='ocr_line' id='line_1_92' title="bbox 1984 2923 3569 2995; baseline 0.002 -17"><span class='ocrx_word' id='word_1_674' title='bbox 1984 2923 2259 2988; x_wconf 90' lang='lat' dir='ltr'><strong>concedat,</strong></span> <span class='ocrx_word' id='word_1_675' title='bbox 2289 2923 2428 2994; x_wconf 91' lang='lat' dir='ltr'><strong>quod</strong></span> <span class='ocrx_word' id='word_1_676' title='bbox 2458 2934 2513 2980; x_wconf 91' lang='lat' dir='ltr'><strong>et</strong></span> <span class='ocrx_word' id='word_1_677' title='bbox 2555 2924 2655 2994; x_wconf 90' lang='lat' dir='ltr'><strong>ipsi</strong></span> <span class='ocrx_word' id='word_1_678' title='bbox 2702 2923 2964 2980; x_wconf 88' lang='lat' dir='ltr'><strong>Pharaoni</strong></span> <span class='ocrx_word' id='word_1_679' title='bbox 3013 2926 3252 2995; x_wconf 82' lang='lat' dir='ltr'><strong>contigit.</strong></span> <span class='ocrx_word' id='word_1_680' title='bbox 3284 2925 3385 2982; x_wconf 92' lang='lat' dir='ltr'><strong>Ubi</strong></span> <span class='ocrx_word' id='word_1_681' title='bbox 3427 2927 3569 2981; x_wconf 90' lang='lat' dir='ltr'><strong>enim</strong></span> 
     </span>
    </p>
   </div>
   <div class='ocr_carea' id='block_1_93' title="bbox 1985 3014 3567 3087">
    <p class='ocr_par' dir='ltr' id='par_1_93' title="bbox 1985 3014 3567 3087">
     <span class='ocr_line' id='line_1_93' title="bbox 1985 3014 3567 3087; baseline 0.003 -19"><span class='ocrx_word' id='word_1_682' title='bbox 1985 3014 2170 3084; x_wconf 86' lang='lat' dir='ltr'><strong>priori,</strong></span> <span class='ocrx_word' id='word_1_683' title='bbox 2227 3015 2481 3080; x_wconf 90' lang='lat' dir='ltr'><strong>secunda,</strong></span> <span class='ocrx_word' id='word_1_684' title='bbox 2513 3015 2684 3079; x_wconf 89' lang='lat' dir='ltr'><strong>tertia,</strong></span> <span class='ocrx_word' id='word_1_685' title='bbox 2719 3024 2907 3085; x_wconf 87' lang='lat' dir='ltr'><strong>quarta</strong></span> <span class='ocrx_word' id='word_1_686' title='bbox 2949 3016 3171 3087; x_wconf 89' lang='lat' dir='ltr'><strong>aliisque</strong></span> <span class='ocrx_word' id='word_1_687' title='bbox 3217 3017 3567 3086; x_wconf 87' lang='lat' dir='ltr'><strong>sequentibus</strong></span> 
     </span>
    </p>
   </div>
   <div class='ocr_carea' id='block_1_94' title="bbox 1984 3106 3571 3177">
    <p class='ocr_par' dir='ltr' id='par_1_94' title="bbox 1984 3106 3571 3177">
     <span class='ocr_line' id='line_1_94' title="bbox 1984 3106 3571 3177; baseline 0.002 -17"><span class='ocrx_word' id='word_1_688' title='bbox 1984 3106 2174 3177; x_wconf 84' lang='lat' dir='ltr'><strong>plagis,</strong></span> <span class='ocrx_word' id='word_1_689' title='bbox 2207 3106 2298 3162; x_wconf 87' lang='lat' dir='ltr'><strong>Dei</strong></span> <span class='ocrx_word' id='word_1_690' title='bbox 2333 3107 2786 3177; x_wconf 86' lang='lat' dir='ltr'><strong>longanimitatem</strong></span> <span class='ocrx_word' id='word_1_691' title='bbox 2829 3115 3080 3177; x_wconf 81' lang='lat' dir='ltr'><strong>expertus</strong></span> <span class='ocrx_word' id='word_1_692' title='bbox 3106 3149 3121 3173; x_wconf 95' lang='lat'><strong>,</strong></span> <span class='ocrx_word' id='word_1_693' title='bbox 3152 3108 3284 3162; x_wconf 88' lang='lat' dir='ltr'><strong>nihil</strong></span> <span class='ocrx_word' id='word_1_694' title='bbox 3315 3108 3439 3163; x_wconf 91' lang='lat' dir='ltr'><strong>hinc</strong></span> <span class='ocrx_word' id='word_1_695' title='bbox 3465 3108 3571 3163; x_wconf 90' lang='lat' dir='ltr'><strong>uti-</strong></span> 
     </span>
    </p>
   </div>
   <div class='ocr_carea' id='block_1_95' title="bbox 1985 3196 3570 3268">
    <p class='ocr_par' dir='ltr' id='par_1_95' title="bbox 1985 3196 3570 3268">
     <span class='ocr_line' id='line_1_95' title="bbox 1985 3196 3570 3268; baseline -0.001 -15"><span class='ocrx_word' id='word_1_696' title='bbox 1985 3197 2150 3253; x_wconf 89' lang='lat' dir='ltr'><strong>litatis</strong></span> <span class='ocrx_word' id='word_1_697' title='bbox 2174 3199 2490 3268; x_wconf 89' lang='lat' dir='ltr'><strong>accepisset,</strong></span> <span class='ocrx_word' id='word_1_698' title='bbox 2525 3198 2738 3253; x_wconf 85' lang='lat' dir='ltr'><strong>attritus</strong></span> <span class='ocrx_word' id='word_1_699' title='bbox 2781 3196 2995 3252; x_wconf 90' lang='lat' dir='ltr'><strong>demum</strong></span> <span class='ocrx_word' id='word_1_700' title='bbox 3041 3207 3123 3253; x_wconf 90' lang='lat' dir='ltr'><strong>est</strong></span> <span class='ocrx_word' id='word_1_701' title='bbox 3149 3214 3268 3253; x_wconf 92' lang='lat' dir='ltr'><strong>cum</strong></span> <span class='ocrx_word' id='word_1_702' title='bbox 3293 3208 3400 3253; x_wconf 90' lang='lat' dir='ltr'><strong>tota</strong></span> <span class='ocrx_word' id='word_1_703' title='bbox 3443 3197 3570 3253; x_wconf 76' lang='lat' dir='ltr'><strong>civi-</strong></span> 
     </span>
    </p>
   </div>
   <div class='ocr_carea' id='block_1_96' title="bbox 1984 3289 3570 3361">
    <p class='ocr_par' dir='ltr' id='par_1_96' title="bbox 1984 3289 3570 3361">
     <span class='ocr_line' id='line_1_96' title="bbox 1984 3289 3570 3361; baseline -0.002 -14"><span class='ocrx_word' id='word_1_704' title='bbox 1984 3299 2111 3358; x_wconf 93' lang='lat' dir='ltr'><strong>tate,</strong></span> <span class='ocrx_word' id='word_1_705' title='bbox 2148 3291 2488 3361; x_wconf 90' lang='lat' dir='ltr'><strong>funditusque</strong></span> <span class='ocrx_word' id='word_1_706' title='bbox 2538 3289 2764 3346; x_wconf 91' lang='lat' dir='ltr'><strong>deletus.</strong></span> <span class='ocrx_word' id='word_1_707' title='bbox 2822 3289 3056 3360; x_wconf 90' lang='lat' dir='ltr'><strong>Idipsum</strong></span> <span class='ocrx_word' id='word_1_708' title='bbox 3109 3301 3161 3345; x_wconf 83' lang='lat' dir='ltr'><strong>ct</strong></span> <span class='ocrx_word' id='word_1_709' title='bbox 3207 3289 3375 3344; x_wconf 77' lang='lat' dir='ltr'><strong>Judaei</strong></span> <span class='ocrx_word' id='word_1_710' title='bbox 3426 3291 3570 3359; x_wconf 87' lang='lat' dir='ltr'><strong>passi</strong></span> 
     </span>
    </p>
   </div>
   <div class='ocr_carea' id='block_1_97' title="bbox 1983 3381 3570 3453">
    <p class='ocr_par' dir='ltr' id='par_1_97' title="bbox 1983 3381 3570 3453">
     <span class='ocr_line' id='line_1_97' title="bbox 1983 3381 3570 3453; baseline -0.005 -11"><span class='ocrx_word' id='word_1_711' title='bbox 1983 3395 2126 3442; x_wconf 88' lang='lat' dir='ltr'><strong>sunt.</strong></span> <span class='ocrx_word' id='word_1_712' title='bbox 2157 3384 2514 3453; x_wconf 81' lang='lat' dir='ltr'><strong>Quamobrem</strong></span> <span class='ocrx_word' id='word_1_713' title='bbox 2547 3383 2792 3439; x_wconf 82' lang='lat' dir='ltr'><strong>Christus</strong></span> <span class='ocrx_word' id='word_1_714' title='bbox 2819 3399 2938 3439; x_wconf 91' lang='lat' dir='ltr'><strong>cum</strong></span> <span class='ocrx_word' id='word_1_715' title='bbox 2966 3397 3058 3438; x_wconf 89' lang='lat' dir='ltr'><strong>eos</strong></span> <span class='ocrx_word' id='word_1_716' title='bbox 3083 3381 3381 3452; x_wconf 90' lang='lat' dir='ltr'><strong>perditurus</strong></span> <span class='ocrx_word' id='word_1_717' title='bbox 3408 3381 3570 3434; x_wconf 67' lang='lat' dir='ltr'><strong>vasti-</strong></span> 
     </span>
    </p>
   </div>
   <div class='ocr_carea' id='block_1_98' title="bbox 1984 3473 3567 3549">
    <p class='ocr_par' dir='ltr' id='par_1_98' title="bbox 1984 3473 3567 3549">
     <span class='ocr_line' id='line_1_98' title="bbox 1984 3473 3567 3549; baseline -0.004 -15"><span class='ocrx_word' id='word_1_718' title='bbox 1984 3487 2252 3549; x_wconf 89' lang='lat' dir='ltr'><strong>tatemque</strong></span> <span class='ocrx_word' id='word_1_719' title='bbox 2290 3477 2420 3546; x_wconf 90' lang='lat' dir='ltr'><strong>ipsis</strong></span> <span class='ocrx_word' id='word_1_720' title='bbox 2465 3485 2773 3546; x_wconf 89' lang='lat' dir='ltr'><strong>perpetuam</strong></span> <span class='ocrx_word' id='word_1_721' title='bbox 2797 3475 3106 3530; x_wconf 89' lang='lat' dir='ltr'><strong>indueturus</strong></span> <span class='ocrx_word' id='word_1_722' title='bbox 3136 3483 3297 3539; x_wconf 89' lang='lat' dir='ltr'><strong>esset,</strong></span> <span class='ocrx_word' id='word_1_723' title='bbox 3321 3473 3399 3528; x_wconf 86' lang='lat' dir='ltr'><strong>sic</strong></span> <span class='ocrx_word' id='word_1_724' title='bbox 3417 3473 3567 3528; x_wconf 84' lang='lat' dir='ltr'><strong>dice-</strong></span> 
     </span>
    </p>
   </div>
   <div class='ocr_carea' id='block_1_99' title="bbox 1983 3564 3570 3636">
    <p class='ocr_par' dir='ltr' id='par_1_99' title="bbox 1983 3564 3570 3636">
     <span class='ocr_line' id='line_1_99' title="bbox 1983 3564 3570 3636; baseline -0.004 -12"><span class='ocrx_word' id='word_1_725' title='bbox 1983 3568 2073 3624; x_wconf 88' lang='lat' dir='ltr'><strong>bat</strong></span> <span class='ocrx_word' id='word_1_726' title='bbox 2099 3585 2113 3621; x_wconf 91' lang='lat'><strong>:</strong></span> <span class='ocrx_word' id='word_1_727' title='bbox 2159 3567 2362 3634; x_wconf 82' lang='lat' dir='ltr'><strong>Quoties</strong></span> <span class='ocrx_word' id='word_1_728' title='bbox 2407 3566 2542 3620; x_wconf 83' lang='lat' dir='ltr'><strong>volui</strong></span> <span class='ocrx_word' id='word_1_729' title='bbox 2584 3581 2886 3636; x_wconf 86' lang='lat' dir='ltr'><strong>congregare</strong></span> <span class='ocrx_word' id='word_1_730' title='bbox 2903 3566 3035 3633; x_wconf 82' lang='lat' dir='ltr'><strong>ﬁlios</strong></span> <span class='ocrx_word' id='word_1_731' title='bbox 3057 3574 3190 3630; x_wconf 84' lang='lat' dir='ltr'><strong>tuos,</strong></span> <span class='ocrx_word' id='word_1_732' title='bbox 3214 3573 3259 3618; x_wconf 89' lang='lat' dir='ltr'><strong>et</strong></span> <span class='ocrx_word' id='word_1_733' title='bbox 3287 3565 3523 3618; x_wconf 84' lang='lat' dir='ltr'><strong>noluistis</strong></span> <span class='ocrx_word' id='word_1_734' title='bbox 3541 3564 3570 3618; x_wconf 74' lang='grc'><strong><em>2</em></strong></span> 
     </span>
    </p>
   </div>
   <div class='ocr_carea' id='block_1_100' title="bbox 1983 3655 3560 3729">
    <p class='ocr_par' dir='ltr' id='par_1_100' title="bbox 1983 3655 3560 3729">
     <span class='ocr_line' id='line_1_100' title="bbox 1983 3655 3560 3729; baseline -0.001 -16"><span class='ocrx_word' id='word_1_735' title='bbox 1983 3659 2117 3714; x_wconf 86' lang='lat' dir='ltr'><strong>Ecce</strong></span> <span class='ocrx_word' id='word_1_736' title='bbox 2140 3660 2447 3729; x_wconf 83' lang='lat' dir='ltr'><strong>relinquetur</strong></span> <span class='ocrx_word' id='word_1_737' title='bbox 2475 3658 2654 3713; x_wconf 86' lang='lat' dir='ltr'><strong>domus</strong></span> <span class='ocrx_word' id='word_1_738' title='bbox 2681 3665 2841 3711; x_wconf 81' lang='lat' dir='ltr'><strong>vestra</strong></span> <span class='ocrx_word' id='word_1_739' title='bbox 2886 3656 3081 3710; x_wconf 86' lang='lat' dir='ltr'><strong>deserta</strong></span> <span class='ocrx_word' id='word_1_740' title='bbox 3109 3655 3258 3728; x_wconf 88' lang='lat' dir='ltr'><strong>(Luc.</strong></span> <span class='ocrx_word' id='word_1_741' title='bbox 3309 3656 3398 3710; x_wconf 70' lang='lat'><strong>1&#39;5.</strong></span> <span class='ocrx_word' id='word_1_742' title='bbox 3448 3656 3560 3721; x_wconf 70' lang='grc'><strong>54).</strong></span> 
     </span>
    </p>
   </div>
   <div class='ocr_carea' id='block_1_101' title="bbox 1983 3746 3564 3820">
    <p class='ocr_par' dir='ltr' id='par_1_101' title="bbox 1983 3746 3564 3820">
     <span class='ocr_line' id='line_1_101' title="bbox 1983 3746 3564 3820; baseline -0.004 -14"><span class='ocrx_word' id='word_1_743' title='bbox 1983 3751 2169 3806; x_wconf 88' lang='lat' dir='ltr'><strong>Timeo</strong></span> <span class='ocrx_word' id='word_1_744' title='bbox 2213 3750 2370 3820; x_wconf 82' lang='lat' dir='ltr'><strong>igitur</strong></span> <span class='ocrx_word' id='word_1_745' title='bbox 2415 3763 2482 3804; x_wconf 92' lang='lat' dir='ltr'><strong>ne</strong></span> <span class='ocrx_word' id='word_1_746' title='bbox 2534 3763 2631 3803; x_wconf 91' lang='lat' dir='ltr'><strong>nos</strong></span> <span class='ocrx_word' id='word_1_747' title='bbox 2669 3762 2881 3818; x_wconf 90' lang='lat' dir='ltr'><strong>quoque</strong></span> <span class='ocrx_word' id='word_1_748' title='bbox 2922 3746 3108 3801; x_wconf 86' lang='lat' dir='ltr'><strong>eadem</strong></span> <span class='ocrx_word' id='word_1_749' title='bbox 3142 3747 3250 3816; x_wconf 87' lang='lat' dir='ltr'><strong>ipsa</strong></span> <span class='ocrx_word' id='word_1_750' title='bbox 3282 3746 3564 3816; x_wconf 89' lang='lat' dir='ltr'><strong>patianmr,</strong></span> 
     </span>
    </p>
   </div>
   <div class='ocr_carea' id='block_1_102' title="bbox 1983 3835 3564 3913">
    <p class='ocr_par' dir='ltr' id='par_1_102' title="bbox 1983 3835 3564 3913">
     <span class='ocr_line' id='line_1_102' title="bbox 1983 3835 3564 3913; baseline -0.004 -16"><span class='ocrx_word' id='word_1_751' title='bbox 1983 3843 2105 3913; x_wconf 89' lang='lat' dir='ltr'><strong>quia</strong></span> <span class='ocrx_word' id='word_1_752' title='bbox 2131 3856 2230 3897; x_wconf 91' lang='lat' dir='ltr'><strong>nec</strong></span> <span class='ocrx_word' id='word_1_753' title='bbox 2257 3840 2463 3905; x_wconf 88' lang='lat' dir='ltr'><strong>alienis,</strong></span> <span class='ocrx_word' id='word_1_754' title='bbox 2493 3854 2591 3894; x_wconf 90' lang='lat' dir='ltr'><strong>nec</strong></span> <span class='ocrx_word' id='word_1_755' title='bbox 2633 3838 2830 3894; x_wconf 89' lang='lat' dir='ltr'><strong>nostris</strong></span> <span class='ocrx_word' id='word_1_756' title='bbox 2868 3837 3023 3893; x_wconf 89' lang='lat' dir='ltr'><strong>malis</strong></span> <span class='ocrx_word' id='word_1_757' title='bbox 3043 3836 3111 3892; x_wconf 88' lang='lat' dir='ltr'><strong>ad</strong></span> <span class='ocrx_word' id='word_1_758' title='bbox 3141 3835 3417 3892; x_wconf 91' lang='lat' dir='ltr'><strong>meliorem</strong></span> <span class='ocrx_word' id='word_1_759' title='bbox 3451 3835 3564 3890; x_wconf 86' lang='lat' dir='ltr'><strong>frn-</strong></span> 
     </span>
    </p>
   </div>
   <div class='ocr_carea' id='block_1_103' title="bbox 1981 3927 3569 4004">
    <p class='ocr_par' dir='ltr' id='par_1_103' title="bbox 1981 3927 3569 4004">
     <span class='ocr_line' id='line_1_103' title="bbox 1981 3927 3569 4004; baseline -0.004 -16"><span class='ocrx_word' id='word_1_760' title='bbox 1981 3948 2103 4004; x_wconf 88' lang='lat' dir='ltr'><strong>gem</strong></span> <span class='ocrx_word' id='word_1_761' title='bbox 2153 3931 2476 3987; x_wconf 88' lang='lat' dir='ltr'><strong>reducimur.</strong></span> <span class='ocrx_word' id='word_1_762' title='bbox 2524 3929 2640 3985; x_wconf 89' lang='lat' dir='ltr'><strong>Non</strong></span> <span class='ocrx_word' id='word_1_763' title='bbox 2665 3929 2820 3984; x_wconf 86' lang='lat' dir='ltr'><strong>vobis</strong></span> <span class='ocrx_word' id='word_1_764' title='bbox 2849 3929 3020 3985; x_wconf 90' lang='lat' dir='ltr'><strong>solum</strong></span> <span class='ocrx_word' id='word_1_765' title='bbox 3049 3943 3191 3984; x_wconf 89' lang='lat' dir='ltr'><strong>nunc</strong></span> <span class='ocrx_word' id='word_1_766' title='bbox 3220 3927 3569 3998; x_wconf 74' lang='lat' dir='ltr'><strong>prmsenlibus</strong></span> 
     </span>
    </p>
   </div>
   <div class='ocr_carea' id='block_1_104' title="bbox 1984 4020 3563 4092">
    <p class='ocr_par' dir='ltr' id='par_1_104' title="bbox 1984 4020 3563 4092">
     <span class='ocr_line' id='line_1_104' title="bbox 1984 4020 3563 4092; baseline -0.003 -13"><span class='ocrx_word' id='word_1_767' title='bbox 1984 4025 2099 4079; x_wconf 62' lang='lat' dir='ltr'><strong>haec</strong></span> <span class='ocrx_word' id='word_1_768' title='bbox 2126 4024 2266 4090; x_wconf 92' lang='lat' dir='ltr'><strong>dico,</strong></span> <span class='ocrx_word' id='word_1_769' title='bbox 2299 4023 2390 4079; x_wconf 92' lang='lat' dir='ltr'><strong>sed</strong></span> <span class='ocrx_word' id='word_1_770' title='bbox 2439 4022 2503 4077; x_wconf 90' lang='lat' dir='ltr'><strong>iis</strong></span> <span class='ocrx_word' id='word_1_771' title='bbox 2540 4022 2720 4088; x_wconf 91' lang='lat' dir='ltr'><strong>etiam,</strong></span> <span class='ocrx_word' id='word_1_772' title='bbox 2749 4022 2837 4092; x_wconf 87' lang='lat' dir='ltr'><strong>qui</strong></span> <span class='ocrx_word' id='word_1_773' title='bbox 2867 4036 2896 4075; x_wconf 91' lang='lat' dir='ltr'><strong>a</strong></span> <span class='ocrx_word' id='word_1_774' title='bbox 2937 4020 3242 4092; x_wconf 86' lang='lat' dir='ltr'><strong>quotidiana</strong></span> <span class='ocrx_word' id='word_1_775' title='bbox 3289 4021 3563 4091; x_wconf 87' lang='lat' dir='ltr'><strong>diligentia</strong></span> 
     </span>
    </p>
   </div>
   <div class='ocr_carea' id='block_1_105' title="bbox 1983 4111 3567 4184">
    <p class='ocr_par' dir='ltr' id='par_1_105' title="bbox 1983 4111 3567 4184">
     <span class='ocr_line' id='line_1_105' title="bbox 1983 4111 3567 4184; baseline -0.002 -14"><span class='ocrx_word' id='word_1_776' title='bbox 1983 4115 2235 4171; x_wconf 88' lang='lat' dir='ltr'><strong>abstracti</strong></span> <span class='ocrx_word' id='word_1_777' title='bbox 2282 4122 2424 4183; x_wconf 92' lang='lat' dir='ltr'><strong>sunt,</strong></span> <span class='ocrx_word' id='word_1_778' title='bbox 2456 4123 2510 4169; x_wconf 93' lang='lat' dir='ltr'><strong>et</strong></span> <span class='ocrx_word' id='word_1_779' title='bbox 2547 4114 2783 4184; x_wconf 88' lang='lat' dir='ltr'><strong>priorum</strong></span> <span class='ocrx_word' id='word_1_780' title='bbox 2813 4113 3173 4168; x_wconf 88' lang='lat' dir='ltr'><strong>calamitatum</strong></span> <span class='ocrx_word' id='word_1_781' title='bbox 3206 4111 3354 4166; x_wconf 89' lang='lat' dir='ltr'><strong>obliti</strong></span> <span class='ocrx_word' id='word_1_782' title='bbox 3387 4128 3400 4164; x_wconf 89' lang='lat'><strong>:</strong></span> <span class='ocrx_word' id='word_1_783' title='bbox 3431 4126 3567 4181; x_wconf 90' lang='lat' dir='ltr'><strong>quos</strong></span> 
     </span>
    </p>
   </div>
   <div class='ocr_carea' id='block_1_106' title="bbox 1981 4205 3564 4276">
    <p class='ocr_par' dir='ltr' id='par_1_106' title="bbox 1981 4205 3564 4276">
     <span class='ocr_line' id='line_1_106' title="bbox 1981 4205 3564 4276; baseline -0.001 -14"><span class='ocrx_word' id='word_1_784' title='bbox 1981 4223 2088 4262; x_wconf 89' lang='lat' dir='ltr'><strong>non</strong></span> <span class='ocrx_word' id='word_1_785' title='bbox 2115 4207 2388 4263; x_wconf 90' lang='lat' dir='ltr'><strong>eessaham</strong></span> <span class='ocrx_word' id='word_1_786' title='bbox 2432 4221 2663 4276; x_wconf 89' lang='lat' dir='ltr'><strong>semper,</strong></span> <span class='ocrx_word' id='word_1_787' title='bbox 2690 4221 2774 4261; x_wconf 91' lang='lat' dir='ltr'><strong>me</strong></span> <span class='ocrx_word' id='word_1_788' title='bbox 2819 4206 2991 4276; x_wconf 93' lang='lat' dir='ltr'><strong>ipsum</strong></span> <span class='ocrx_word' id='word_1_789' title='bbox 3022 4205 3172 4274; x_wconf 91' lang='lat' dir='ltr'><strong>quasi</strong></span> <span class='ocrx_word' id='word_1_790' title='bbox 3202 4205 3564 4274; x_wconf 86' lang='lat' dir='ltr'><strong>disrumpens,</strong></span> 
     </span>
    </p>
   </div>
   <div class='ocr_carea' id='block_1_107' title="bbox 1982 4297 3568 4370">
    <p class='ocr_par' dir='ltr' id='par_1_107' title="bbox 1982 4297 3568 4370">
     <span class='ocr_line' id='line_1_107' title="bbox 1982 4297 3568 4370; baseline -0.001 -16"><span class='ocrx_word' id='word_1_791' title='bbox 1982 4300 2061 4354; x_wconf 91' lang='lat' dir='ltr'><strong>sic</strong></span> <span class='ocrx_word' id='word_1_792' title='bbox 2087 4300 2283 4370; x_wconf 88' lang='lat' dir='ltr'><strong>alloqui</strong></span> <span class='ocrx_word' id='word_1_793' title='bbox 2316 4314 2333 4355; x_wconf 91' lang='lat'><strong>:</strong></span> <span class='ocrx_word' id='word_1_794' title='bbox 2382 4299 2604 4353; x_wconf 89' lang='lat' dir='ltr'><strong>Etiamsi</strong></span> <span class='ocrx_word' id='word_1_795' title='bbox 2633 4297 2950 4354; x_wconf 89' lang='lat' dir='ltr'><strong>tentationes</strong></span> <span class='ocrx_word' id='word_1_796' title='bbox 2977 4298 3304 4366; x_wconf 86' lang='lat' dir='ltr'><strong>transierint,</strong></span> <span class='ocrx_word' id='word_1_797' title='bbox 3353 4308 3568 4352; x_wconf 90' lang='lat' dir='ltr'><strong>maneat</strong></span> 
     </span>
    </p>
   </div>
   <div class='ocr_carea' id='block_1_108' title="bbox 1982 4387 3568 4456">
    <p class='ocr_par' dir='ltr' id='par_1_108' title="bbox 1982 4387 3568 4456">
     <span class='ocr_line' id='line_1_108' title="bbox 1982 4387 3568 4456; baseline 0 -11"><span class='ocrx_word' id='word_1_798' title='bbox 1982 4391 2034 4446; x_wconf 87' lang='lat' dir='ltr'><strong>in</strong></span> <span class='ocrx_word' id='word_1_799' title='bbox 2062 4391 2255 4447; x_wconf 90' lang='lat' dir='ltr'><strong>animis</strong></span> <span class='ocrx_word' id='word_1_800' title='bbox 2281 4391 2473 4446; x_wconf 88' lang='lat' dir='ltr'><strong>vestris</strong></span> <span class='ocrx_word' id='word_1_801' title='bbox 2500 4391 2846 4444; x_wconf 86' lang='lat' dir='ltr'><strong>tentationum</strong></span> <span class='ocrx_word' id='word_1_802' title='bbox 2899 4390 3181 4456; x_wconf 88' lang='lat' dir='ltr'><strong>memoria,</strong></span> <span class='ocrx_word' id='word_1_803' title='bbox 3223 4397 3282 4445; x_wconf 90' lang='lat' dir='ltr'><strong>ut</strong></span> <span class='ocrx_word' id='word_1_804' title='bbox 3323 4387 3568 4446; x_wconf 80' lang='lat' dir='ltr'><strong>beneﬁcii</strong></span> 
     </span>
    </p>
   </div>
   <div class='ocr_carea' id='block_1_109' title="bbox 1983 4481 3568 4553">
    <p class='ocr_par' dir='ltr' id='par_1_109' title="bbox 1983 4481 3568 4553">
     <span class='ocr_line' id='line_1_109' title="bbox 1983 4481 3568 4553; baseline 0.001 -17"><span class='ocrx_word' id='word_1_805' title='bbox 1983 4482 2288 4551; x_wconf 82' lang='lat' dir='ltr'><strong>frequenter</strong></span> <span class='ocrx_word' id='word_1_806' title='bbox 2341 4481 2706 4546; x_wconf 87' lang='lat' dir='ltr'><strong>recordantes,</strong></span> <span class='ocrx_word' id='word_1_807' title='bbox 2755 4482 2951 4553; x_wconf 83' lang='lat' dir='ltr'><strong>gratias</strong></span> <span class='ocrx_word' id='word_1_808' title='bbox 2990 4491 3248 4552; x_wconf 82' lang='lat' dir='ltr'><strong>perpetuo</strong></span> <span class='ocrx_word' id='word_1_809' title='bbox 3273 4481 3568 4538; x_wconf 86' lang='lat' dir='ltr'><strong>referamus</strong></span> 
     </span>
    </p>
   </div>
   <div class='ocr_carea' id='block_1_110' title="bbox 1980 4575 2582 4630">
    <p class='ocr_par' dir='ltr' id='par_1_110' title="bbox 1980 4575 2582 4630">
     <span class='ocr_line' id='line_1_110' title="bbox 1980 4575 2582 4630; baseline -0.002 0"><span class='ocrx_word' id='word_1_810' title='bbox 1980 4575 2106 4630; x_wconf 89' lang='lat' dir='ltr'><strong>illud</strong></span> <span class='ocrx_word' id='word_1_811' title='bbox 2133 4575 2425 4630; x_wconf 79' lang='lat' dir='ltr'><strong>conferenti</strong></span> <span class='ocrx_word' id='word_1_812' title='bbox 2452 4576 2582 4629; x_wconf 88' lang='lat' dir='ltr'><strong>Deo.</strong></span> 
     </span>
    </p>
   </div>
   <div class='ocr_carea' id='block_1_111' title="bbox 2051 4666 3564 4736">
    <p class='ocr_par' dir='ltr' id='par_1_111' title="bbox 2051 4666 3564 4736">
     <span class='ocr_line' id='line_1_111' title="bbox 2051 4666 3564 4736; baseline -0.003 -14"><span class='ocrx_word' id='word_1_813' title='bbox 2051 4667 2103 4722; x_wconf 79' lang='grc'><strong>5.</strong></span> <span class='ocrx_word' id='word_1_814' title='bbox 2150 4666 2326 4721; x_wconf 85' lang='lat' dir='ltr'><strong>Sancti</strong></span> <span class='ocrx_word' id='word_1_815' title='bbox 2346 4681 2502 4735; x_wconf 86' lang='lat' dir='ltr'><strong>neque</strong></span> <span class='ocrx_word' id='word_1_816' title='bbox 2529 4667 2786 4732; x_wconf 80' lang='lat' dir='ltr'><strong>wrumnis,</strong></span> <span class='ocrx_word' id='word_1_817' title='bbox 2809 4683 2966 4734; x_wconf 85' lang='lat' dir='ltr'><strong>neque</strong></span> <span class='ocrx_word' id='word_1_818' title='bbox 2992 4667 3220 4722; x_wconf 82' lang='lat' dir='ltr'><strong>secmtdis</strong></span> <span class='ocrx_word' id='word_1_819' title='bbox 3246 4667 3391 4721; x_wconf 75' lang='lat' dir='ltr'><strong>rebus</strong></span> <span class='ocrx_word' id='word_1_820' title='bbox 3418 4666 3564 4736; x_wconf 76' lang='lat' dir='ltr'><strong>fran-</strong></span> 
     </span>
    </p>
   </div>
   <div class='ocr_carea' id='block_1_112' title="bbox 1979 4757 3560 4828">
    <p class='ocr_par' dir='ltr' id='par_1_112' title="bbox 1979 4757 3560 4828">
     <span class='ocr_line' id='line_1_112' title="bbox 1979 4757 3560 4828; baseline 0.002 -18"><span class='ocrx_word' id='word_1_821' title='bbox 1979 4766 2183 4828; x_wconf 87' lang='lat' dir='ltr'><strong>guntur.</strong></span> <span class='ocrx_word' id='word_1_822' title='bbox 2211 4787 2283 4800; x_wconf 86' lang='lat'><strong>—-</strong></span> <span class='ocrx_word' id='word_1_823' title='bbox 2309 4757 2431 4811; x_wconf 70' lang='lat' dir='ltr'><strong>llaec</strong></span> <span class='ocrx_word' id='word_1_824' title='bbox 2459 4766 2512 4812; x_wconf 92' lang='lat' dir='ltr'><strong>et</strong></span> <span class='ocrx_word' id='word_1_825' title='bbox 2542 4767 2665 4812; x_wconf 86' lang='lat' dir='ltr'><strong>tunc</strong></span> <span class='ocrx_word' id='word_1_826' title='bbox 2698 4757 2962 4824; x_wconf 81' lang='lat' dir='ltr'><strong>dicebam,</strong></span> <span class='ocrx_word' id='word_1_827' title='bbox 2993 4767 3046 4813; x_wconf 93' lang='lat' dir='ltr'><strong>et</strong></span> <span class='ocrx_word' id='word_1_828' title='bbox 3076 4773 3213 4813; x_wconf 89' lang='lat' dir='ltr'><strong>nunc</strong></span> <span class='ocrx_word' id='word_1_829' title='bbox 3241 4757 3363 4813; x_wconf 88' lang='lat' dir='ltr'><strong>dico</strong></span> <span class='ocrx_word' id='word_1_830' title='bbox 3387 4757 3560 4825; x_wconf 86' lang='lat' dir='ltr'><strong>vobis,</strong></span> 
     </span>
    </p>
   </div>
   <div class='ocr_carea' id='block_1_113' title="bbox 1979 4848 3560 4919">
    <p class='ocr_par' dir='ltr' id='par_1_113' title="bbox 1979 4848 3560 4919">
     <span class='ocr_line' id='line_1_113' title="bbox 1979 4848 3560 4919; baseline 0 -17"><span class='ocrx_word' id='word_1_831' title='bbox 1979 4863 2040 4904; x_wconf 92' lang='lat' dir='ltr'><strong>ac</strong></span> <span class='ocrx_word' id='word_1_832' title='bbox 2071 4864 2166 4919; x_wconf 89' lang='lat' dir='ltr'><strong>per</strong></span> <span class='ocrx_word' id='word_1_833' title='bbox 2193 4864 2291 4903; x_wconf 90' lang='lat' dir='ltr'><strong>vos</strong></span> <span class='ocrx_word' id='word_1_834' title='bbox 2333 4849 2452 4903; x_wconf 85' lang='lat' dir='ltr'><strong>illis.</strong></span> <span class='ocrx_word' id='word_1_835' title='bbox 2487 4848 2760 4903; x_wconf 90' lang='lat' dir='ltr'><strong>Imitemur</strong></span> <span class='ocrx_word' id='word_1_836' title='bbox 2787 4859 3018 4912; x_wconf 90' lang='lat' dir='ltr'><strong>sanctos,</strong></span> <span class='ocrx_word' id='word_1_837' title='bbox 3047 4849 3136 4918; x_wconf 90' lang='lat' dir='ltr'><strong>qui</strong></span> <span class='ocrx_word' id='word_1_838' title='bbox 3166 4864 3334 4918; x_wconf 90' lang='lat' dir='ltr'><strong>neque</strong></span> <span class='ocrx_word' id='word_1_839' title='bbox 3361 4864 3388 4902; x_wconf 90' lang='lat' dir='ltr'><strong>a</strong></span> <span class='ocrx_word' id='word_1_840' title='bbox 3414 4848 3560 4903; x_wconf 83' lang='lat' dir='ltr'><strong>cala-</strong></span> 
     </span>
    </p>
   </div>
   <div class='ocr_carea' id='block_1_114' title="bbox 1979 4939 3563 5011">
    <p class='ocr_par' dir='ltr' id='par_1_114' title="bbox 1979 4939 3563 5011">
     <span class='ocr_line' id='line_1_114' title="bbox 1979 4939 3563 5011; baseline -0.003 -13"><span class='ocrx_word' id='word_1_841' title='bbox 1979 4941 2250 4998; x_wconf 89' lang='lat' dir='ltr'><strong>mitatibus</strong></span> <span class='ocrx_word' id='word_1_842' title='bbox 2270 4941 2501 5010; x_wconf 83' lang='lat' dir='ltr'><strong>absorpti</strong></span> <span class='ocrx_word' id='word_1_843' title='bbox 2524 4949 2666 5007; x_wconf 90' lang='lat' dir='ltr'><strong>sunt,</strong></span> <span class='ocrx_word' id='word_1_844' title='bbox 2697 4957 2867 5011; x_wconf 86' lang='lat' dir='ltr'><strong>neque</strong></span> <span class='ocrx_word' id='word_1_845' title='bbox 2895 4940 3138 4996; x_wconf 87' lang='lat' dir='ltr'><strong>secundis</strong></span> <span class='ocrx_word' id='word_1_846' title='bbox 3165 4940 3323 4995; x_wconf 90' lang='lat' dir='ltr'><strong>rebus</strong></span> <span class='ocrx_word' id='word_1_847' title='bbox 3353 4939 3563 4995; x_wconf 88' lang='lat' dir='ltr'><strong>mollio-</strong></span> 
     </span>
    </p>
   </div>
   <div class='ocr_carea' id='block_1_115' title="bbox 1980 5030 3561 5100">
    <p class='ocr_par' dir='ltr' id='par_1_115' title="bbox 1980 5030 3561 5100">
     <span class='ocr_line' id='line_1_115' title="bbox 1980 5030 3561 5100; baseline 0.002 -15"><span class='ocrx_word' id='word_1_848' title='bbox 1980 5046 2068 5085; x_wconf 89' lang='lat' dir='ltr'><strong>res</strong></span> <span class='ocrx_word' id='word_1_849' title='bbox 2095 5045 2330 5096; x_wconf 86' lang='lat' dir='ltr'><strong>evasere,</strong></span> <span class='ocrx_word' id='word_1_850' title='bbox 2375 5041 2430 5084; x_wconf 92' lang='lat' dir='ltr'><strong>nt</strong></span> <span class='ocrx_word' id='word_1_851' title='bbox 2459 5033 2758 5100; x_wconf 87' lang='lat' dir='ltr'><strong>complures</strong></span> <span class='ocrx_word' id='word_1_852' title='bbox 2809 5031 3078 5086; x_wconf 86' lang='lat' dir='ltr'><strong>hominum</strong></span> <span class='ocrx_word' id='word_1_853' title='bbox 3122 5045 3263 5085; x_wconf 92' lang='lat' dir='ltr'><strong>nunc</strong></span> <span class='ocrx_word' id='word_1_854' title='bbox 3302 5030 3561 5096; x_wconf 86' lang='lat' dir='ltr'><strong>facimus;</strong></span> 
     </span>
    </p>
   </div>
   <div class='ocr_carea' id='block_1_116' title="bbox 1977 5121 3561 5192">
    <p class='ocr_par' dir='ltr' id='par_1_116' title="bbox 1977 5121 3561 5192">
     <span class='ocr_line' id='line_1_116' title="bbox 1977 5121 3561 5192; baseline 0.001 -15"><span class='ocrx_word' id='word_1_855' title='bbox 1977 5122 2114 5177; x_wconf 88' lang='lat' dir='ltr'><strong>sicut</strong></span> <span class='ocrx_word' id='word_1_856' title='bbox 2140 5121 2363 5176; x_wconf 78' lang='lat' dir='ltr'><strong>leviores</strong></span> <span class='ocrx_word' id='word_1_857' title='bbox 2402 5123 2624 5191; x_wconf 70' lang='lat' dir='ltr'><strong>cymhaz,</strong></span> <span class='ocrx_word' id='word_1_858' title='bbox 2663 5139 2779 5192; x_wconf 69' lang='lat' dir='ltr'><strong>qua:</strong></span> <span class='ocrx_word' id='word_1_859' title='bbox 2823 5122 3055 5192; x_wconf 84' lang='lat' dir='ltr'><strong>qualibet</strong></span> <span class='ocrx_word' id='word_1_860' title='bbox 3094 5121 3443 5190; x_wconf 89' lang='lat' dir='ltr'><strong>procellarum</strong></span> <span class='ocrx_word' id='word_1_861' title='bbox 3475 5123 3561 5178; x_wconf 84' lang='lat' dir='ltr'><strong>in-</strong></span> 
     </span>
    </p>
   </div>
   <div class='ocr_carea' id='block_1_117' title="bbox 1977 5211 3562 5284">
    <p class='ocr_par' dir='ltr' id='par_1_117' title="bbox 1977 5211 3562 5284">
     <span class='ocr_line' id='line_1_117' title="bbox 1977 5211 3562 5284; baseline 0.001 -18"><span class='ocrx_word' id='word_1_862' title='bbox 1977 5221 2200 5283; x_wconf 88' lang='lat' dir='ltr'><strong>gruente</strong></span> <span class='ocrx_word' id='word_1_863' title='bbox 2250 5212 2298 5265; x_wconf 91' lang='lat' dir='ltr'><strong>vi</strong></span> <span class='ocrx_word' id='word_1_864' title='bbox 2342 5213 2714 5267; x_wconf 68' lang='lat' dir='ltr'><strong>circumventa:</strong></span> <span class='ocrx_word' id='word_1_865' title='bbox 2761 5212 3159 5282; x_wconf 88' lang='lat' dir='ltr'><strong>demerguntur.</strong></span> <span class='ocrx_word' id='word_1_866' title='bbox 3223 5211 3352 5266; x_wconf 82' lang='lat' dir='ltr'><strong>Nam</strong></span> <span class='ocrx_word' id='word_1_867' title='bbox 3415 5228 3562 5284; x_wconf 68' lang='lat' dir='ltr'><strong>stupe</strong></span> 
     </span>
    </p>
   </div>
   <div class='ocr_carea' id='block_1_118' title="bbox 1978 5304 3562 5376">
    <p class='ocr_par' dir='ltr' id='par_1_118' title="bbox 1978 5304 3562 5376">
     <span class='ocr_line' id='line_1_118' title="bbox 1978 5304 3562 5376; baseline 0.001 -19"><span class='ocrx_word' id='word_1_868' title='bbox 1978 5314 2261 5376; x_wconf 88' lang='lat' dir='ltr'><strong>paupertas</strong></span> <span class='ocrx_word' id='word_1_869' title='bbox 2288 5305 2538 5375; x_wconf 85' lang='lat' dir='ltr'><strong>ingruens</strong></span> <span class='ocrx_word' id='word_1_870' title='bbox 2565 5320 2663 5360; x_wconf 90' lang='lat' dir='ltr'><strong>nos</strong></span> <span class='ocrx_word' id='word_1_871' title='bbox 2693 5305 2744 5359; x_wconf 91' lang='lat' dir='ltr'><strong>in</strong></span> <span class='ocrx_word' id='word_1_872' title='bbox 2784 5304 3101 5374; x_wconf 76' lang='lat' dir='ltr'><strong>profundum</strong></span> <span class='ocrx_word' id='word_1_873' title='bbox 3139 5304 3334 5374; x_wconf 89' lang='lat' dir='ltr'><strong>dejecit</strong></span> <span class='ocrx_word' id='word_1_874' title='bbox 3361 5321 3425 5361; x_wconf 90' lang='lat' dir='ltr'><strong>ac</strong></span> <span class='ocrx_word' id='word_1_875' title='bbox 3463 5305 3562 5359; x_wconf 86' lang='lat' dir='ltr'><strong>de-</strong></span> 
     </span>
    </p>
   </div>
   <div class='ocr_carea' id='block_1_119' title="bbox 1979 5395 3558 5466">
    <p class='ocr_par' dir='ltr' id='par_1_119' title="bbox 1979 5395 3558 5466">
     <span class='ocr_line' id='line_1_119' title="bbox 1979 5395 3558 5466; baseline -0.001 -13"><span class='ocrx_word' id='word_1_876' title='bbox 1979 5397 2162 5453; x_wconf 91' lang='lat' dir='ltr'><strong>mersit</strong></span> <span class='ocrx_word' id='word_1_877' title='bbox 2191 5415 2204 5449; x_wconf 88' lang='lat'><strong>:</strong></span> <span class='ocrx_word' id='word_1_878' title='bbox 2234 5397 2526 5466; x_wconf 85' lang='lat' dir='ltr'><strong>iterumque</strong></span> <span class='ocrx_word' id='word_1_879' title='bbox 2554 5395 2831 5452; x_wconf 76' lang='lat' dir='ltr'><strong>afﬂuentes</strong></span> <span class='ocrx_word' id='word_1_880' title='bbox 2858 5395 3053 5451; x_wconf 69' lang='lat' dir='ltr'><strong>divitiae</strong></span> <span class='ocrx_word' id='word_1_881' title='bbox 3093 5411 3192 5452; x_wconf 89' lang='lat' dir='ltr'><strong>nos</strong></span> <span class='ocrx_word' id='word_1_882' title='bbox 3217 5395 3558 5462; x_wconf 83' lang='lat' dir='ltr'><strong>inllavcrunt,</strong></span> 
     </span>
    </p>
   </div>
   <div class='ocr_carea' id='block_1_120' title="bbox 1976 5489 3564 5561">
    <p class='ocr_par' dir='ltr' id='par_1_120' title="bbox 1976 5489 3564 5561">
     <span class='ocr_line' id='line_1_120' title="bbox 1976 5489 3564 5561; baseline -0.005 -15"><span class='ocrx_word' id='word_1_883' title='bbox 1976 5491 2110 5546; x_wconf 92' lang='lat' dir='ltr'><strong>etin</strong></span> <span class='ocrx_word' id='word_1_884' title='bbox 2151 5499 2442 5546; x_wconf 82' lang='lat' dir='ltr'><strong>extremam</strong></span> <span class='ocrx_word' id='word_1_885' title='bbox 2483 5489 2752 5544; x_wconf 79' lang='lat' dir='ltr'><strong>deduxere</strong></span> <span class='ocrx_word' id='word_1_886' title='bbox 2787 5490 3181 5561; x_wconf 83' lang='lat' dir='ltr'><strong>negligentiam.</strong></span> <span class='ocrx_word' id='word_1_887' title='bbox 3228 5490 3564 5560; x_wconf 78' lang='lat' dir='ltr'><strong>Quapropter</strong></span> 
     </span>
    </p>
   </div>
   <div class='ocr_carea' id='block_1_121' title="bbox 1979 5580 3560 5653">
    <p class='ocr_par' dir='ltr' id='par_1_121' title="bbox 1979 5580 3560 5653">
     <span class='ocr_line' id='line_1_121' title="bbox 1979 5580 3560 5653; baseline -0.003 -14"><span class='ocrx_word' id='word_1_888' title='bbox 1979 5597 2129 5653; x_wconf 75' lang='lat' dir='ltr'><strong>rogo,</strong></span> <span class='ocrx_word' id='word_1_889' title='bbox 2160 5582 2334 5637; x_wconf 90' lang='lat' dir='ltr'><strong>omnia</strong></span> <span class='ocrx_word' id='word_1_890' title='bbox 2365 5581 2744 5650; x_wconf 87' lang='lat' dir='ltr'><strong>relinquentes,</strong></span> <span class='ocrx_word' id='word_1_891' title='bbox 2776 5584 2981 5638; x_wconf 84' lang='lat' dir='ltr'><strong>animas</strong></span> <span class='ocrx_word' id='word_1_892' title='bbox 3003 5592 3211 5638; x_wconf 89' lang='lat' dir='ltr'><strong>nostras</strong></span> <span class='ocrx_word' id='word_1_893' title='bbox 3236 5582 3301 5637; x_wconf 92' lang='lat' dir='ltr'><strong>ad</strong></span> <span class='ocrx_word' id='word_1_894' title='bbox 3331 5580 3560 5636; x_wconf 82' lang='lat' dir='ltr'><strong>salutem</strong></span> 
     </span>
    </p>
   </div>
   <div class='ocr_carea' id='block_1_122' title="bbox 1976 5669 3555 5747">
    <p class='ocr_par' dir='ltr' id='par_1_122' title="bbox 1976 5669 3555 5747">
     <span class='ocr_line' id='line_1_122' title="bbox 1976 5669 3555 5747; baseline -0.007 -14"><span class='ocrx_word' id='word_1_895' title='bbox 1976 5675 2167 5747; x_wconf 76' lang='lat' dir='ltr'><strong>singuli</strong></span> <span class='ocrx_word' id='word_1_896' title='bbox 2207 5688 2628 5747; x_wconf 85' lang='lat' dir='ltr'><strong>componamus:</strong></span> <span class='ocrx_word' id='word_1_897' title='bbox 2660 5674 2757 5732; x_wconf 89' lang='lat' dir='ltr'><strong>hac</strong></span> <span class='ocrx_word' id='word_1_898' title='bbox 2793 5676 2933 5732; x_wconf 90' lang='lat' dir='ltr'><strong>enim</strong></span> <span class='ocrx_word' id='word_1_899' title='bbox 2979 5673 3113 5730; x_wconf 88' lang='lat' dir='ltr'><strong>bene</strong></span> <span class='ocrx_word' id='word_1_900' title='bbox 3151 5688 3272 5730; x_wconf 82' lang='lat' dir='ltr'><strong>sese</strong></span> <span class='ocrx_word' id='word_1_901' title='bbox 3311 5669 3555 5732; x_wconf 79' lang='lat' dir='ltr'><strong>habente.</strong></span> 
     </span>
    </p>
   </div>
   <div class='ocr_carea' id='block_1_123' title="bbox 3155 5763 3228 5821">
    <p class='ocr_par' dir='ltr' id='par_1_123' title="bbox 3155 5763 3228 5821">
     <span class='ocr_line' id='line_1_123' title="bbox 3155 5763 3228 5821; baseline -0.014 0"><span class='ocrx_word' id='word_1_902' title='bbox 3155 5763 3228 5821; x_wconf 79' lang='grc'>19</span> 
     </span>
    </p>
   </div>
  </div>
