  <div class='ocr_page' id='page_1' title='image "/cluster/home/n/w/nwhite01/storage/ocr_20150623/49/hvd.32044054086806/299.png"; bbox 0 0 4036 6206; ppageno 0'>
   <div class='ocr_carea' id='block_1_1' title="bbox 449 280 549 339">
    <p class='ocr_par' dir='ltr' id='par_1_1' title="bbox 449 280 549 339">
     <span class='ocr_line' id='line_1_1' title="bbox 449 280 549 339; baseline -0.03 0"><span class='ocrx_word' id='word_1_1' title='bbox 449 280 549 339; x_wconf 67' lang='lat'><strong>£03</strong></span> 
     </span>
    </p>
   </div>
   <div class='ocr_carea' id='block_1_2' title="bbox 440 393 2018 466">
    <p class='ocr_par' dir='ltr' id='par_1_2' title="bbox 440 393 2018 466">
     <span class='ocr_line' id='line_1_2' title="bbox 440 393 2018 466; baseline 0.001 -20"><span class='ocrx_word' id='word_1_2' title='bbox 440 393 816 464; x_wconf 81' lang='lat' dir='ltr'><strong>quodcumque</strong></span> <span class='ocrx_word' id='word_1_3' title='bbox 857 394 1061 466; x_wconf 92' lang='lat' dir='ltr'><strong>ingruet</strong></span> <span class='ocrx_word' id='word_1_4' title='bbox 1089 395 1233 462; x_wconf 86' lang='lat' dir='ltr'><strong>mali,</strong></span> <span class='ocrx_word' id='word_1_5' title='bbox 1277 397 1389 452; x_wconf 82' lang='lat' dir='ltr'><strong>sive</strong></span> <span class='ocrx_word' id='word_1_6' title='bbox 1431 396 1617 462; x_wconf 89' lang='lat' dir='ltr'><strong>fames,</strong></span> <span class='ocrx_word' id='word_1_7' title='bbox 1648 411 1740 452; x_wconf 88' lang='lat' dir='ltr'><strong>seu</strong></span> <span class='ocrx_word' id='word_1_8' title='bbox 1781 397 2018 462; x_wconf 82' lang='lat' dir='ltr'><strong>morbus,</strong></span> 
     </span>
    </p>
   </div>
   <div class='ocr_carea' id='block_1_3' title="bbox 442 483 2029 556">
    <p class='ocr_par' dir='ltr' id='par_1_3' title="bbox 442 483 2029 556">
     <span class='ocr_line' id='line_1_3' title="bbox 442 483 2029 556; baseline 0.003 -21"><span class='ocrx_word' id='word_1_9' title='bbox 442 497 535 536; x_wconf 89' lang='lat' dir='ltr'><strong>seu</strong></span> <span class='ocrx_word' id='word_1_10' title='bbox 569 483 934 556; x_wconf 85' lang='lat' dir='ltr'><strong>sycophantia,</strong></span> <span class='ocrx_word' id='word_1_11' title='bbox 965 499 1058 540; x_wconf 91' lang='lat' dir='ltr'><strong>seu</strong></span> <span class='ocrx_word' id='word_1_12' title='bbox 1091 485 1427 554; x_wconf 88' lang='lat' dir='ltr'><strong>pecuniarum</strong></span> <span class='ocrx_word' id='word_1_13' title='bbox 1473 485 1698 556; x_wconf 87' lang='lat' dir='ltr'><strong>direptio</strong></span> <span class='ocrx_word' id='word_1_14' title='bbox 1719 528 1734 550; x_wconf 94' lang='lat'><strong>,</strong></span> <span class='ocrx_word' id='word_1_15' title='bbox 1763 500 1855 540; x_wconf 89' lang='lat' dir='ltr'><strong>seu</strong></span> <span class='ocrx_word' id='word_1_16' title='bbox 1885 483 2029 540; x_wconf 88' lang='lat' dir='ltr'><strong>aliud</strong></span> 
     </span>
    </p>
   </div>
   <div class='ocr_carea' id='block_1_4' title="bbox 443 573 2033 644">
    <p class='ocr_par' dir='ltr' id='par_1_4' title="bbox 443 573 2033 644">
     <span class='ocr_line' id='line_1_4' title="bbox 443 573 2033 644; baseline 0.003 -20"><span class='ocrx_word' id='word_1_17' title='bbox 443 573 676 642; x_wconf 86' lang='lat' dir='ltr'><strong>quidvis,</strong></span> <span class='ocrx_word' id='word_1_18' title='bbox 708 573 980 629; x_wconf 75' lang='lat' dir='ltr'><strong>tolerabile</strong></span> <span class='ocrx_word' id='word_1_19' title='bbox 1008 574 1108 628; x_wconf 89' lang='lat' dir='ltr'><strong>erit</strong></span> <span class='ocrx_word' id='word_1_20' title='bbox 1153 589 1215 628; x_wconf 88' lang='lat' dir='ltr'><strong>ac</strong></span> <span class='ocrx_word' id='word_1_21' title='bbox 1259 573 1372 629; x_wconf 80' lang='lat' dir='ltr'><strong>leve</strong></span> <span class='ocrx_word' id='word_1_22' title='bbox 1416 583 1630 644; x_wconf 89' lang='lat' dir='ltr'><strong>propter</strong></span> <span class='ocrx_word' id='word_1_23' title='bbox 1656 575 1865 629; x_wconf 83' lang='lat' dir='ltr'><strong>Domini</strong></span> <span class='ocrx_word' id='word_1_24' title='bbox 1899 590 2033 644; x_wconf 73' lang='lat' dir='ltr'><strong>pra:-</strong></span> 
     </span>
    </p>
   </div>
   <div class='ocr_carea' id='block_1_5' title="bbox 444 661 2032 738">
    <p class='ocr_par' dir='ltr' id='par_1_5' title="bbox 444 661 2032 738">
     <span class='ocr_line' id='line_1_5' title="bbox 444 661 2032 738; baseline 0.001 -20"><span class='ocrx_word' id='word_1_25' title='bbox 444 675 660 735; x_wconf 85' lang='lat' dir='ltr'><strong>ccptum</strong></span> <span class='ocrx_word' id='word_1_26' title='bbox 689 681 752 721; x_wconf 88' lang='lat' dir='ltr'><strong>ac</strong></span> <span class='ocrx_word' id='word_1_27' title='bbox 777 681 948 736; x_wconf 85' lang='lat' dir='ltr'><strong>spem,</strong></span> <span class='ocrx_word' id='word_1_28' title='bbox 976 681 1132 738; x_wconf 85' lang='lat' dir='ltr'><strong>quam</strong></span> <span class='ocrx_word' id='word_1_29' title='bbox 1178 668 1228 720; x_wconf 91' lang='lat' dir='ltr'><strong>in</strong></span> <span class='ocrx_word' id='word_1_30' title='bbox 1263 667 1407 720; x_wconf 88' lang='lat' dir='ltr'><strong>illtun</strong></span> <span class='ocrx_word' id='word_1_31' title='bbox 1439 667 1696 720; x_wconf 78' lang='lat' dir='ltr'><strong>habemus</strong></span> <span class='ocrx_word' id='word_1_32' title='bbox 1775 661 2032 736; x_wconf 87' lang='lat' dir='ltr'><strong>quemad-</strong></span> 
     </span>
    </p>
   </div>
   <div class='ocr_carea' id='block_1_6' title="bbox 445 755 2030 828">
    <p class='ocr_par' dir='ltr' id='par_1_6' title="bbox 445 755 2030 828">
     <span class='ocr_line' id='line_1_6' title="bbox 445 755 2030 828; baseline 0.001 -20"><span class='ocrx_word' id='word_1_33' title='bbox 445 756 665 811; x_wconf 88' lang='lat' dir='ltr'>modum</span> <span class='ocrx_word' id='word_1_34' title='bbox 694 773 876 812; x_wconf 89' lang='lat' dir='ltr'><strong>rursus</strong></span> <span class='ocrx_word' id='word_1_35' title='bbox 902 758 1074 812; x_wconf 89' lang='lat' dir='ltr'><strong>anima</strong></span> <span class='ocrx_word' id='word_1_36' title='bbox 1105 773 1226 826; x_wconf 88' lang='lat' dir='ltr'><strong>erga</strong></span> <span class='ocrx_word' id='word_1_37' title='bbox 1261 758 1424 811; x_wconf 88' lang='lat' dir='ltr'><strong>Deum</strong></span> <span class='ocrx_word' id='word_1_38' title='bbox 1451 774 1554 812; x_wconf 90' lang='lat' dir='ltr'><strong>non</strong></span> <span class='ocrx_word' id='word_1_39' title='bbox 1583 767 1727 813; x_wconf 87' lang='lat' dir='ltr'><strong>recte</strong></span> <span class='ocrx_word' id='word_1_40' title='bbox 1755 755 2030 828; x_wconf 79' lang='lat' dir='ltr'><strong>diSposita,</strong></span> 
     </span>
    </p>
   </div>
   <div class='ocr_carea' id='block_1_7' title="bbox 369 847 2037 920">
    <p class='ocr_par' dir='ltr' id='par_1_7' title="bbox 369 847 2037 920">
     <span class='ocr_line' id='line_1_7' title="bbox 369 847 2037 920; baseline 0.001 -20"><span class='ocrx_word' id='word_1_41' title='bbox 369 915 376 920; x_wconf 93' lang='lat'>_</span> <span class='ocrx_word' id='word_1_42' title='bbox 443 847 544 901; x_wconf 92' lang='lat' dir='ltr'><strong>etsi</strong></span> <span class='ocrx_word' id='word_1_43' title='bbox 575 847 769 902; x_wconf 69' lang='lat' dir='ltr'><strong>divitia:</strong></span> <span class='ocrx_word' id='word_1_44' title='bbox 801 849 1042 914; x_wconf 86' lang='lat' dir='ltr'><strong>afﬂuant,</strong></span> <span class='ocrx_word' id='word_1_45' title='bbox 1076 849 1250 904; x_wconf 83' lang='lat' dir='ltr'><strong>adsint</strong></span> <span class='ocrx_word' id='word_1_46' title='bbox 1280 849 1453 916; x_wconf 79' lang='lat' dir='ltr'><strong>liberi,</strong></span> <span class='ocrx_word' id='word_1_47' title='bbox 1485 849 1848 919; x_wconf 88' lang='lat' dir='ltr'><strong>immensaque</strong></span> <span class='ocrx_word' id='word_1_48' title='bbox 1877 863 2037 918; x_wconf 82' lang='lat' dir='ltr'><strong>pecu-</strong></span> 
     </span>
    </p>
   </div>
   <div class='ocr_carea' id='block_1_8' title="bbox 448 937 2038 1009">
    <p class='ocr_par' dir='ltr' id='par_1_8' title="bbox 448 937 2038 1009">
     <span class='ocr_line' id='line_1_8' title="bbox 448 937 2038 1009; baseline 0.001 -18"><span class='ocrx_word' id='word_1_49' title='bbox 448 937 556 1006; x_wconf 87' lang='lat' dir='ltr'><strong>nia,</strong></span> <span class='ocrx_word' id='word_1_50' title='bbox 607 953 828 1009; x_wconf 83' lang='lat' dir='ltr'><strong>magnos</strong></span> <span class='ocrx_word' id='word_1_51' title='bbox 866 939 966 994; x_wconf 90' lang='lat' dir='ltr'><strong>sibi</strong></span> <span class='ocrx_word' id='word_1_52' title='bbox 1005 954 1267 994; x_wconf 63' lang='lat' dir='ltr'><strong>maerores</strong></span> <span class='ocrx_word' id='word_1_53' title='bbox 1301 948 1354 994; x_wconf 91' lang='lat' dir='ltr'><strong>et</strong></span> <span class='ocrx_word' id='word_1_54' title='bbox 1390 939 1771 994; x_wconf 83' lang='lat' dir='ltr'><strong>sollicitudines</strong></span> <span class='ocrx_word' id='word_1_55' title='bbox 1808 938 2038 993; x_wconf 85' lang='lat' dir='ltr'><strong>attrahet</strong></span> 
     </span>
    </p>
   </div>
   <div class='ocr_carea' id='block_1_9' title="bbox 449 1031 2038 1104">
    <p class='ocr_par' dir='ltr' id='par_1_9' title="bbox 449 1031 2038 1104">
     <span class='ocr_line' id='line_1_9' title="bbox 449 1031 2038 1104; baseline -0.002 -19"><span class='ocrx_word' id='word_1_56' title='bbox 449 1032 534 1099; x_wconf 84' lang='lat' dir='ltr'><strong>is,</strong></span> <span class='ocrx_word' id='word_1_57' title='bbox 587 1033 676 1104; x_wconf 86' lang='lat' dir='ltr'><strong>qui</strong></span> <span class='ocrx_word' id='word_1_58' title='bbox 725 1033 936 1088; x_wconf 91' lang='lat' dir='ltr'><strong>illorum</strong></span> <span class='ocrx_word' id='word_1_59' title='bbox 985 1033 1201 1102; x_wconf 88' lang='lat' dir='ltr'><strong>potitur.</strong></span> <span class='ocrx_word' id='word_1_60' title='bbox 1247 1031 1322 1086; x_wconf 85' lang='lat' dir='ltr'><strong>Ne</strong></span> <span class='ocrx_word' id='word_1_61' title='bbox 1360 1031 1538 1102; x_wconf 82' lang='lat' dir='ltr'><strong>itaque</strong></span> <span class='ocrx_word' id='word_1_62' title='bbox 1579 1031 1790 1086; x_wconf 80' lang='lat' dir='ltr'><strong>divitias</strong></span> <span class='ocrx_word' id='word_1_63' title='bbox 1832 1046 2038 1102; x_wconf 73' lang='lat' dir='ltr'><strong>qumra-</strong></span> 
     </span>
    </p>
   </div>
   <div class='ocr_carea' id='block_1_10' title="bbox 451 1122 2040 1196">
    <p class='ocr_par' dir='ltr' id='par_1_10' title="bbox 451 1122 2040 1196">
     <span class='ocr_line' id='line_1_10' title="bbox 451 1122 2040 1196; baseline 0 -20"><span class='ocrx_word' id='word_1_64' title='bbox 451 1137 590 1190; x_wconf 85' lang='lat' dir='ltr'><strong>ntus,</strong></span> <span class='ocrx_word' id='word_1_65' title='bbox 619 1139 686 1178; x_wconf 89' lang='lat' dir='ltr'><strong>ne</strong></span> <span class='ocrx_word' id='word_1_66' title='bbox 715 1132 1081 1194; x_wconf 91' lang='lat' dir='ltr'><strong>paupertatem</strong></span> <span class='ocrx_word' id='word_1_67' title='bbox 1109 1122 1402 1196; x_wconf 82' lang='lat' dir='ltr'><strong>fugiamus;</strong></span> <span class='ocrx_word' id='word_1_68' title='bbox 1427 1123 1519 1180; x_wconf 89' lang='lat' dir='ltr'><strong>sed</strong></span> <span class='ocrx_word' id='word_1_69' title='bbox 1543 1140 1648 1194; x_wconf 71' lang='lat' dir='ltr'><strong>prae</strong></span> <span class='ocrx_word' id='word_1_70' title='bbox 1671 1125 1915 1179; x_wconf 90' lang='lat' dir='ltr'><strong>omnibus</strong></span> <span class='ocrx_word' id='word_1_71' title='bbox 1943 1139 2040 1177; x_wconf 88' lang='lat' dir='ltr'><strong>no-</strong></span> 
     </span>
    </p>
   </div>
   <div class='ocr_carea' id='block_1_11' title="bbox 453 1216 2038 1286">
    <p class='ocr_par' dir='ltr' id='par_1_11' title="bbox 453 1216 2038 1286">
     <span class='ocr_line' id='line_1_11' title="bbox 453 1216 2038 1286; baseline -0.002 -16"><span class='ocrx_word' id='word_1_72' title='bbox 453 1225 617 1270; x_wconf 89' lang='lat' dir='ltr'><strong>stram</strong></span> <span class='ocrx_word' id='word_1_73' title='bbox 647 1217 835 1286; x_wconf 80' lang='lat' dir='ltr'><strong>singuli</strong></span> <span class='ocrx_word' id='word_1_74' title='bbox 867 1232 1115 1270; x_wconf 87' lang='lat' dir='ltr'><strong>curemus</strong></span> <span class='ocrx_word' id='word_1_75' title='bbox 1138 1217 1391 1282; x_wconf 87' lang='lat' dir='ltr'><strong>animam,</strong></span> <span class='ocrx_word' id='word_1_76' title='bbox 1421 1232 1644 1286; x_wconf 82' lang='lat' dir='ltr'><strong>eamque</strong></span> <span class='ocrx_word' id='word_1_77' title='bbox 1668 1216 1909 1270; x_wconf 87' lang='lat' dir='ltr'><strong>idoneam</strong></span> <span class='ocrx_word' id='word_1_78' title='bbox 1941 1231 2038 1286; x_wconf 86' lang='lat' dir='ltr'><strong>pa-</strong></span> 
     </span>
    </p>
   </div>
   <div class='ocr_carea' id='block_1_12' title="bbox 455 1297 2038 1380">
    <p class='ocr_par' dir='ltr' id='par_1_12' title="bbox 455 1297 2038 1380">
     <span class='ocr_line' id='line_1_12' title="bbox 455 1297 2038 1380; baseline -0.001 -16"><span class='ocrx_word' id='word_1_79' title='bbox 455 1325 636 1364; x_wconf 88' lang='lat' dir='ltr'><strong>remus</strong></span> <span class='ocrx_word' id='word_1_80' title='bbox 663 1320 772 1364; x_wconf 91' lang='lat' dir='ltr'><strong>tum</strong></span> <span class='ocrx_word' id='word_1_81' title='bbox 797 1311 860 1364; x_wconf 91' lang='lat' dir='ltr'><strong>ad</strong></span> <span class='ocrx_word' id='word_1_82' title='bbox 888 1310 1164 1379; x_wconf 61' lang='lat' dir='ltr'><strong>persentis</strong></span> <span class='ocrx_word' id='word_1_83' title='bbox 1189 1297 1309 1364; x_wconf 81' lang='lat' dir='ltr'><strong>vitae</strong></span> <span class='ocrx_word' id='word_1_84' title='bbox 1337 1309 1808 1380; x_wconf 84' lang='lat' dir='ltr'><strong>dispensationem,</strong></span> <span class='ocrx_word' id='word_1_85' title='bbox 1835 1321 1940 1362; x_wconf 88' lang='lat' dir='ltr'><strong>tum</strong></span> <span class='ocrx_word' id='word_1_86' title='bbox 1975 1311 2038 1364; x_wconf 89' lang='lat' dir='ltr'><strong>ad</strong></span> 
     </span>
    </p>
   </div>
   <div class='ocr_carea' id='block_1_13' title="bbox 455 1401 2044 1472">
    <p class='ocr_par' dir='ltr' id='par_1_13' title="bbox 455 1401 2044 1472">
     <span class='ocr_line' id='line_1_13' title="bbox 455 1401 2044 1472; baseline 0 -17"><span class='ocrx_word' id='word_1_87' title='bbox 455 1401 751 1472; x_wconf 87' lang='lat' dir='ltr'><strong>profectum</strong></span> <span class='ocrx_word' id='word_1_88' title='bbox 778 1418 842 1456; x_wconf 88' lang='lat' dir='ltr'><strong>ex</strong></span> <span class='ocrx_word' id='word_1_89' title='bbox 875 1402 974 1457; x_wconf 88' lang='lat' dir='ltr'><strong>bac</strong></span> <span class='ocrx_word' id='word_1_90' title='bbox 997 1404 1100 1456; x_wconf 88' lang='lat' dir='ltr'><strong>vita</strong></span> <span class='ocrx_word' id='word_1_91' title='bbox 1141 1403 1207 1457; x_wconf 89' lang='lat' dir='ltr'><strong>ad</strong></span> <span class='ocrx_word' id='word_1_92' title='bbox 1237 1403 1482 1458; x_wconf 87' lang='lat' dir='ltr'><strong>futuram.</strong></span> <span class='ocrx_word' id='word_1_93' title='bbox 1531 1402 1716 1456; x_wconf 81' lang='lat' dir='ltr'><strong>Adhuc</strong></span> <span class='ocrx_word' id='word_1_94' title='bbox 1745 1403 1886 1456; x_wconf 90' lang='lat' dir='ltr'><strong>enim</strong></span> <span class='ocrx_word' id='word_1_95' title='bbox 1931 1417 2044 1455; x_wconf 81' lang='lat' dir='ltr'><strong>mo-</strong></span> 
     </span>
    </p>
   </div>
   <div class='ocr_carea' id='block_1_14' title="bbox 455 1493 2044 1564">
    <p class='ocr_par' dir='ltr' id='par_1_14' title="bbox 455 1493 2044 1564">
     <span class='ocr_line' id='line_1_14' title="bbox 455 1493 2044 1564; baseline 0.001 -18"><span class='ocrx_word' id='word_1_96' title='bbox 455 1493 657 1560; x_wconf 88' lang='lat' dir='ltr'><strong>dicum,</strong></span> <span class='ocrx_word' id='word_1_97' title='bbox 689 1503 740 1548; x_wconf 90' lang='lat' dir='ltr'><strong>et</strong></span> <span class='ocrx_word' id='word_1_98' title='bbox 771 1494 1009 1564; x_wconf 88' lang='lat' dir='ltr'><strong>probatio</strong></span> <span class='ocrx_word' id='word_1_99' title='bbox 1039 1493 1451 1564; x_wconf 76' lang='lat' dir='ltr'><strong>uniuscujusque</strong></span> <span class='ocrx_word' id='word_1_100' title='bbox 1492 1505 1730 1549; x_wconf 88' lang='lat' dir='ltr'><strong>nostrum</strong></span> <span class='ocrx_word' id='word_1_101' title='bbox 1773 1494 1882 1557; x_wconf 79' lang='lat' dir='ltr'><strong>lict,</strong></span> <span class='ocrx_word' id='word_1_102' title='bbox 1924 1510 2044 1548; x_wconf 91' lang='lat' dir='ltr'><strong>cum</strong></span> 
     </span>
    </p>
   </div>
   <div class='ocr_carea' id='block_1_15' title="bbox 461 1585 2046 1641">
    <p class='ocr_par' dir='ltr' id='par_1_15' title="bbox 461 1585 2046 1641">
     <span class='ocr_line' id='line_1_15' title="bbox 461 1585 2046 1641; baseline 0.003 -6"><span class='ocrx_word' id='word_1_103' title='bbox 461 1599 647 1638; x_wconf 88' lang='lat' dir='ltr'><strong>omnes</strong></span> <span class='ocrx_word' id='word_1_104' title='bbox 693 1585 1022 1639; x_wconf 87' lang='lat' dir='ltr'><strong>adstabimus</strong></span> <span class='ocrx_word' id='word_1_105' title='bbox 1079 1595 1204 1641; x_wconf 89' lang='lat' dir='ltr'><strong>ante</strong></span> <span class='ocrx_word' id='word_1_106' title='bbox 1257 1585 1578 1640; x_wconf 81' lang='lat' dir='ltr'><strong>horrendum</strong></span> <span class='ocrx_word' id='word_1_107' title='bbox 1639 1585 1768 1640; x_wconf 88' lang='lat' dir='ltr'><strong>illud</strong></span> <span class='ocrx_word' id='word_1_108' title='bbox 1819 1587 2046 1640; x_wconf 84' lang='lat' dir='ltr'><strong>tribunal</strong></span> 
     </span>
    </p>
   </div>
   <div class='ocr_carea' id='block_1_16' title="bbox 465 1673 2046 1747">
    <p class='ocr_par' dir='ltr' id='par_1_16' title="bbox 465 1673 2046 1747">
     <span class='ocr_line' id='line_1_16' title="bbox 465 1673 2046 1747; baseline 0.001 -19"><span class='ocrx_word' id='word_1_109' title='bbox 465 1673 666 1730; x_wconf 89' lang='lat' dir='ltr'><strong>Christi</strong></span> <span class='ocrx_word' id='word_1_110' title='bbox 696 1676 922 1745; x_wconf 85' lang='lat' dir='ltr'><strong>prepriis</strong></span> <span class='ocrx_word' id='word_1_111' title='bbox 946 1677 1242 1730; x_wconf 83' lang='lat' dir='ltr'><strong>actionibus</strong></span> <span class='ocrx_word' id='word_1_112' title='bbox 1268 1677 1599 1744; x_wconf 86' lang='lat' dir='ltr'><strong>circumdati,</strong></span> <span class='ocrx_word' id='word_1_113' title='bbox 1630 1685 1684 1732; x_wconf 87' lang='lat' dir='ltr'><strong>et</strong></span> <span class='ocrx_word' id='word_1_114' title='bbox 1720 1678 1944 1747; x_wconf 67' lang='lat' dir='ltr'><strong>propriis</strong></span> <span class='ocrx_word' id='word_1_115' title='bbox 1968 1679 2046 1730; x_wconf 90' lang='lat' dir='ltr'><strong>vi-</strong></span> 
     </span>
    </p>
   </div>
   <div class='ocr_carea' id='block_1_17' title="bbox 462 1765 2048 1838">
    <p class='ocr_par' dir='ltr' id='par_1_17' title="bbox 462 1765 2048 1838">
     <span class='ocr_line' id='line_1_17' title="bbox 462 1765 2048 1838; baseline 0.003 -20"><span class='ocrx_word' id='word_1_116' title='bbox 462 1768 650 1821; x_wconf 80' lang='lat' dir='ltr'><strong>dentes</strong></span> <span class='ocrx_word' id='word_1_117' title='bbox 688 1768 856 1821; x_wconf 88' lang='lat' dir='ltr'><strong>oculis</strong></span> <span class='ocrx_word' id='word_1_118' title='bbox 882 1809 897 1830; x_wconf 87' lang='lat'><strong>,</strong></span> <span class='ocrx_word' id='word_1_119' title='bbox 921 1769 1043 1822; x_wconf 87' lang='lat' dir='ltr'><strong>hinc</strong></span> <span class='ocrx_word' id='word_1_120' title='bbox 1079 1765 1342 1838; x_wconf 83' lang='lat' dir='ltr'><strong>laerymas</strong></span> <span class='ocrx_word' id='word_1_121' title='bbox 1367 1767 1705 1837; x_wconf 90' lang='lat' dir='ltr'><strong>pupillorum,</strong></span> <span class='ocrx_word' id='word_1_122' title='bbox 1728 1768 1848 1823; x_wconf 89' lang='lat' dir='ltr'><strong>inde</strong></span> <span class='ocrx_word' id='word_1_123' title='bbox 1870 1776 2048 1836; x_wconf 63' lang='lat' dir='ltr'><strong>turpes</strong></span> 
     </span>
    </p>
   </div>
   <div class='ocr_carea' id='block_1_18' title="bbox 466 1858 2050 1930">
    <p class='ocr_par' dir='ltr' id='par_1_18' title="bbox 466 1858 2050 1930">
     <span class='ocr_line' id='line_1_18' title="bbox 466 1858 2050 1930; baseline 0.004 -21"><span class='ocrx_word' id='word_1_124' title='bbox 466 1858 730 1923; x_wconf 80' lang='lat' dir='ltr'><strong>lascivias,</strong></span> <span class='ocrx_word' id='word_1_125' title='bbox 755 1858 946 1927; x_wconf 85' lang='lat' dir='ltr'><strong>quibus</strong></span> <span class='ocrx_word' id='word_1_126' title='bbox 975 1861 1178 1912; x_wconf 88' lang='lat' dir='ltr'><strong>animas</strong></span> <span class='ocrx_word' id='word_1_127' title='bbox 1219 1867 1429 1914; x_wconf 88' lang='lat' dir='ltr'><strong>nostras</strong></span> <span class='ocrx_word' id='word_1_128' title='bbox 1457 1861 1876 1930; x_wconf 88' lang='lat' dir='ltr'><strong>inquinavimus;</strong></span> <span class='ocrx_word' id='word_1_129' title='bbox 1899 1863 2050 1914; x_wconf 75' lang='lat' dir='ltr'><strong>item-</strong></span> 
     </span>
    </p>
   </div>
   <div class='ocr_carea' id='block_1_19' title="bbox 463 1947 2050 2024">
    <p class='ocr_par' dir='ltr' id='par_1_19' title="bbox 463 1947 2050 2024">
     <span class='ocr_line' id='line_1_19' title="bbox 463 1947 2050 2024; baseline 0.009 -27"><span class='ocrx_word' id='word_1_130' title='bbox 463 1963 566 2016; x_wconf 86' lang='lat' dir='ltr'><strong>que</strong></span> <span class='ocrx_word' id='word_1_131' title='bbox 611 1947 888 2004; x_wconf 84' lang='lat' dir='ltr'><strong>vidnarum</strong></span> <span class='ocrx_word' id='word_1_132' title='bbox 942 1951 1190 2019; x_wconf 81' lang='lat' dir='ltr'><strong>gemitus,</strong></span> <span class='ocrx_word' id='word_1_133' title='bbox 1245 1952 1460 2024; x_wconf 91' lang='lat' dir='ltr'><strong>inopum</strong></span> <span class='ocrx_word' id='word_1_134' title='bbox 1509 1953 1781 2022; x_wconf 86' lang='lat' dir='ltr'><strong>colaphos,</strong></span> <span class='ocrx_word' id='word_1_135' title='bbox 1839 1955 2050 2024; x_wconf 86' lang='lat' dir='ltr'><strong>rapinas</strong></span> 
     </span>
    </p>
   </div>
   <div class='ocr_carea' id='block_1_20' title="bbox 465 2041 2050 2112">
    <p class='ocr_par' dir='ltr' id='par_1_20' title="bbox 465 2041 2050 2112">
     <span class='ocr_line' id='line_1_20' title="bbox 465 2041 2050 2112; baseline 0.008 -25"><span class='ocrx_word' id='word_1_136' title='bbox 465 2055 786 2109; x_wconf 85' lang='lat' dir='ltr'><strong>pauperum;</strong></span> <span class='ocrx_word' id='word_1_137' title='bbox 819 2056 923 2095; x_wconf 91' lang='lat' dir='ltr'><strong>non</strong></span> <span class='ocrx_word' id='word_1_138' title='bbox 952 2041 1066 2096; x_wconf 77' lang='lat' dir='ltr'><strong>haec</strong></span> <span class='ocrx_word' id='word_1_139' title='bbox 1095 2053 1267 2096; x_wconf 85' lang='lat' dir='ltr'><strong>autem</strong></span> <span class='ocrx_word' id='word_1_140' title='bbox 1300 2043 1468 2096; x_wconf 89' lang='lat' dir='ltr'><strong>solum</strong></span> <span class='ocrx_word' id='word_1_141' title='bbox 1498 2051 1554 2098; x_wconf 88' lang='lat' dir='ltr'><strong>et</strong></span> <span class='ocrx_word' id='word_1_142' title='bbox 1597 2045 1677 2099; x_wconf 85' lang='lat' dir='ltr'><strong>his</strong></span> <span class='ocrx_word' id='word_1_143' title='bbox 1713 2045 1926 2112; x_wconf 87' lang='lat' dir='ltr'><strong>similia,</strong></span> <span class='ocrx_word' id='word_1_144' title='bbox 1958 2047 2050 2100; x_wconf 89' lang='lat' dir='ltr'><strong>sed</strong></span> 
     </span>
    </p>
   </div>
   <div class='ocr_carea' id='block_1_21' title="bbox 465 2131 2053 2207">
    <p class='ocr_par' dir='ltr' id='par_1_21' title="bbox 465 2131 2053 2207">
     <span class='ocr_line' id='line_1_21' title="bbox 465 2131 2053 2207; baseline 0.007 -25"><span class='ocrx_word' id='word_1_145' title='bbox 465 2131 624 2184; x_wconf 74' lang='lat' dir='ltr'><strong>etiam</strong></span> <span class='ocrx_word' id='word_1_146' title='bbox 652 2131 694 2185; x_wconf 91' lang='lat' dir='ltr'><strong>si</strong></span> <span class='ocrx_word' id='word_1_147' title='bbox 724 2131 850 2202; x_wconf 90' lang='lat' dir='ltr'><strong>quid</strong></span> <span class='ocrx_word' id='word_1_148' title='bbox 891 2148 1110 2202; x_wconf 87' lang='lat' dir='ltr'><strong>pravum</strong></span> <span class='ocrx_word' id='word_1_149' title='bbox 1145 2145 1320 2189; x_wconf 86' lang='lat' dir='ltr'><strong>mente</strong></span> <span class='ocrx_word' id='word_1_150' title='bbox 1361 2135 1578 2190; x_wconf 90' lang='lat' dir='ltr'><strong>fecimus</strong></span> <span class='ocrx_word' id='word_1_151' title='bbox 1614 2155 1626 2190; x_wconf 94' lang='lat'><strong>:</strong></span> <span class='ocrx_word' id='word_1_152' title='bbox 1657 2137 1904 2207; x_wconf 89' lang='lat' dir='ltr'><strong>quoniam</strong></span> <span class='ocrx_word' id='word_1_153' title='bbox 1941 2139 2053 2206; x_wconf 88' lang='lat' dir='ltr'><strong>ipse</strong></span> 
     </span>
    </p>
   </div>
   <div class='ocr_carea' id='block_1_22' title="bbox 466 2221 2049 2300">
    <p class='ocr_par' dir='ltr' id='par_1_22' title="bbox 466 2221 2049 2300">
     <span class='ocr_line' id='line_1_22' title="bbox 466 2221 2049 2300; baseline 0.009 -32"><span class='ocrx_word' id='word_1_154' title='bbox 466 2231 546 2272; x_wconf 72' lang='lat' dir='ltr'><strong>cst</strong></span> <span class='ocrx_word' id='word_1_155' title='bbox 571 2221 940 2290; x_wconf 82' lang='lat' dir='ltr'><strong>Cogitationum</strong></span> <span class='ocrx_word' id='word_1_156' title='bbox 967 2223 1230 2286; x_wconf 79' lang='lat' dir='ltr'><strong>discretor,</strong></span> <span class='ocrx_word' id='word_1_157' title='bbox 1263 2234 1306 2278; x_wconf 90' lang='lat' dir='ltr'><strong>et</strong></span> <span class='ocrx_word' id='word_1_158' title='bbox 1332 2227 1662 2279; x_wconf 83' lang='lat' dir='ltr'><strong>intentionum</strong></span> <span class='ocrx_word' id='word_1_159' title='bbox 1677 2228 1845 2297; x_wconf 73' lang='lat' dir='ltr'><strong>judex</strong></span> <span class='ocrx_word' id='word_1_160' title='bbox 1866 2226 2049 2300; x_wconf 82' lang='lat' dir='ltr'><strong>(Hebr.</strong></span> 
     </span>
    </p>
   </div>
   <div class='ocr_carea' id='block_1_23' title="bbox 467 2313 2053 2392">
    <p class='ocr_par' dir='ltr' id='par_1_23' title="bbox 467 2313 2053 2392">
     <span class='ocr_line' id='line_1_23' title="bbox 467 2313 2053 2392; baseline 0.005 -28"><span class='ocrx_word' id='word_1_161' title='bbox 467 2313 520 2365; x_wconf 66' lang='grc' dir='ltr'><strong>Δ.</strong></span> <span class='ocrx_word' id='word_1_162' title='bbox 553 2313 675 2383; x_wconf 72' lang='grc'><strong>12);</strong></span> <span class='ocrx_word' id='word_1_163' title='bbox 727 2331 788 2369; x_wconf 87' lang='lat' dir='ltr'><strong>ac</strong></span> <span class='ocrx_word' id='word_1_164' title='bbox 823 2333 1055 2379; x_wconf 77' lang='lat' dir='ltr'><strong>rursum,</strong></span> <span class='ocrx_word' id='word_1_165' title='bbox 1093 2317 1341 2372; x_wconf 79' lang='lat' dir='ltr'><strong>Scrutans</strong></span> <span class='ocrx_word' id='word_1_166' title='bbox 1371 2318 1524 2371; x_wconf 85' lang='lat' dir='ltr'><strong>corda</strong></span> <span class='ocrx_word' id='word_1_167' title='bbox 1555 2329 1600 2372; x_wconf 82' lang='lat' dir='ltr'><strong>et</strong></span> <span class='ocrx_word' id='word_1_168' title='bbox 1629 2337 1770 2374; x_wconf 78' lang='lat' dir='ltr'><strong>rencs</strong></span> <span class='ocrx_word' id='word_1_169' title='bbox 1801 2320 1971 2392; x_wconf 83' lang='lat' dir='ltr'><strong>(Psal.</strong></span> <span class='ocrx_word' id='word_1_170' title='bbox 2000 2322 2053 2374; x_wconf 83' lang='lat'><strong>7.</strong></span> 
     </span>
    </p>
   </div>
   <div class='ocr_carea' id='block_1_24' title="bbox 469 2405 2052 2484">
    <p class='ocr_par' dir='ltr' id='par_1_24' title="bbox 469 2405 2052 2484">
     <span class='ocr_line' id='line_1_24' title="bbox 469 2405 2052 2484; baseline 0.006 -28"><span class='ocrx_word' id='word_1_171' title='bbox 469 2405 582 2476; x_wconf 67' lang='lat' dir='ltr'><strong>ill),</strong></span> <span class='ocrx_word' id='word_1_172' title='bbox 611 2415 682 2470; x_wconf 79' lang='lat' dir='ltr'><strong>et,</strong></span> <span class='ocrx_word' id='word_1_173' title='bbox 707 2405 939 2462; x_wconf 81' lang='lat' dir='ltr'><strong>Rcdtleus</strong></span> <span class='ocrx_word' id='word_1_174' title='bbox 959 2410 1228 2480; x_wconf 87' lang='lat' dir='ltr'><strong>unicuique</strong></span> <span class='ocrx_word' id='word_1_175' title='bbox 1243 2411 1512 2464; x_wconf 73' lang='lat' dir='ltr'><strong>secundum</strong></span> <span class='ocrx_word' id='word_1_176' title='bbox 1536 2428 1660 2481; x_wconf 78' lang='lat' dir='ltr'><strong>opus</strong></span> <span class='ocrx_word' id='word_1_177' title='bbox 1675 2428 1820 2465; x_wconf 77' lang='lat' dir='ltr'><strong>suum</strong></span> <span class='ocrx_word' id='word_1_178' title='bbox 1841 2410 2052 2484; x_wconf 76' lang='lat' dir='ltr'><strong>(Matth.</strong></span> 
     </span>
    </p>
   </div>
   <div class='ocr_carea' id='block_1_25' title="bbox 471 2497 701 2567">
    <p class='ocr_par' dir='ltr' id='par_1_25' title="bbox 471 2497 701 2567">
     <span class='ocr_line' id='line_1_25' title="bbox 471 2497 701 2567; baseline 0.013 -19"><span class='ocrx_word' id='word_1_179' title='bbox 471 2497 558 2548; x_wconf 70' lang='lat' dir='ltr'><strong>to.</strong></span> <span class='ocrx_word' id='word_1_180' title='bbox 588 2497 701 2567; x_wconf 76' lang='lat' dir='ltr'><strong>a7).</strong></span> 
     </span>
    </p>
   </div>
   <div class='ocr_carea' id='block_1_26' title="bbox 555 2586 2060 2663">
    <p class='ocr_par' dir='ltr' id='par_1_26' title="bbox 555 2586 2060 2663">
     <span class='ocr_line' id='line_1_26' title="bbox 555 2586 2060 2663; baseline 0.011 -29"><span class='ocrx_word' id='word_1_181' title='bbox 555 2586 682 2640; x_wconf 72' lang='lat' dir='ltr'><strong>Vera</strong></span> <span class='ocrx_word' id='word_1_182' title='bbox 707 2589 966 2658; x_wconf 73' lang='lat' dir='ltr'><strong>virginitas</strong></span> <span class='ocrx_word' id='word_1_183' title='bbox 995 2605 1126 2657; x_wconf 66' lang='lat' dir='ltr'><strong>quat.</strong></span> <span class='ocrx_word' id='word_1_184' title='bbox 1193 2620 1260 2631; x_wconf 88' lang='lat'><strong>-—</strong></span> <span class='ocrx_word' id='word_1_185' title='bbox 1291 2593 1386 2646; x_wconf 83' lang='lat' dir='ltr'><strong>llic</strong></span> <span class='ocrx_word' id='word_1_186' title='bbox 1413 2609 1572 2663; x_wconf 89' lang='lat' dir='ltr'><strong>porro</strong></span> <span class='ocrx_word' id='word_1_187' title='bbox 1610 2609 1786 2648; x_wconf 66' lang='lat' dir='ltr'><strong>sermo</strong></span> <span class='ocrx_word' id='word_1_188' title='bbox 1825 2611 1926 2650; x_wconf 89' lang='lat' dir='ltr'><strong>non</strong></span> <span class='ocrx_word' id='word_1_189' title='bbox 1965 2610 2060 2651; x_wconf 86' lang='lat' dir='ltr'><strong>eos</strong></span> 
     </span>
    </p>
   </div>
   <div class='ocr_carea' id='block_1_27' title="bbox 471 2679 2058 2754">
    <p class='ocr_par' dir='ltr' id='par_1_27' title="bbox 471 2679 2058 2754">
     <span class='ocr_line' id='line_1_27' title="bbox 471 2679 2058 2754; baseline 0.007 -25"><span class='ocrx_word' id='word_1_190' title='bbox 471 2679 644 2730; x_wconf 74' lang='lat' dir='ltr'><strong>solum</strong></span> <span class='ocrx_word' id='word_1_191' title='bbox 677 2679 910 2746; x_wconf 81' lang='lat' dir='ltr'><strong>respicit,</strong></span> <span class='ocrx_word' id='word_1_192' title='bbox 931 2680 1016 2748; x_wconf 92' lang='lat' dir='ltr'><strong>qui</strong></span> <span class='ocrx_word' id='word_1_193' title='bbox 1045 2679 1095 2734; x_wconf 92' lang='lat' dir='ltr'><strong>in</strong></span> <span class='ocrx_word' id='word_1_194' title='bbox 1112 2683 1517 2748; x_wconf 68' lang='lat' dir='ltr'><strong>smculoxivunt,</strong></span> <span class='ocrx_word' id='word_1_195' title='bbox 1539 2685 1630 2738; x_wconf 92' lang='lat' dir='ltr'><strong>sed</strong></span> <span class='ocrx_word' id='word_1_196' title='bbox 1655 2686 1812 2738; x_wconf 79' lang='lat' dir='ltr'><strong>etiam</strong></span> <span class='ocrx_word' id='word_1_197' title='bbox 1835 2701 1946 2750; x_wconf 89' lang='lat' dir='ltr'><strong>eos,</strong></span> <span class='ocrx_word' id='word_1_198' title='bbox 1971 2687 2058 2754; x_wconf 85' lang='lat' dir='ltr'><strong>qui</strong></span> 
     </span>
    </p>
   </div>
   <div class='ocr_carea' id='block_1_28' title="bbox 475 2767 2058 2840">
    <p class='ocr_par' dir='ltr' id='par_1_28' title="bbox 475 2767 2058 2840">
     <span class='ocr_line' id='line_1_28' title="bbox 475 2767 2058 2840; baseline 0.007 -21"><span class='ocrx_word' id='word_1_199' title='bbox 475 2767 784 2821; x_wconf 63' lang='lat' dir='ltr'><strong>monasticae</strong></span> <span class='ocrx_word' id='word_1_200' title='bbox 826 2769 945 2822; x_wconf 67' lang='lat' dir='ltr'><strong>vitae</strong></span> <span class='ocrx_word' id='word_1_201' title='bbox 976 2784 1130 2823; x_wconf 88' lang='lat' dir='ltr'><strong>causa</strong></span> <span class='ocrx_word' id='word_1_202' title='bbox 1165 2772 1371 2840; x_wconf 87' lang='lat' dir='ltr'><strong>tuguria</strong></span> <span class='ocrx_word' id='word_1_203' title='bbox 1399 2773 1496 2827; x_wconf 87' lang='lat' dir='ltr'><strong>sibi</strong></span> <span class='ocrx_word' id='word_1_204' title='bbox 1529 2774 1580 2826; x_wconf 89' lang='lat' dir='ltr'><strong>in</strong></span> <span class='ocrx_word' id='word_1_205' title='bbox 1613 2776 1878 2829; x_wconf 84' lang='lat' dir='ltr'><strong>montibus</strong></span> <span class='ocrx_word' id='word_1_206' title='bbox 1914 2785 2058 2830; x_wconf 90' lang='lat' dir='ltr'><strong>stru-</strong></span> 
     </span>
    </p>
   </div>
   <div class='ocr_carea' id='block_1_29' title="bbox 471 2859 2060 2932">
    <p class='ocr_par' dir='ltr' id='par_1_29' title="bbox 471 2859 2060 2932">
     <span class='ocr_line' id='line_1_29' title="bbox 471 2859 2060 2932; baseline 0.008 -22"><span class='ocrx_word' id='word_1_207' title='bbox 471 2867 667 2911; x_wconf 82' lang='lat' dir='ltr'><strong>xerunt</strong></span> <span class='ocrx_word' id='word_1_208' title='bbox 697 2875 709 2912; x_wconf 89' lang='lat'><strong>:</strong></span> <span class='ocrx_word' id='word_1_209' title='bbox 738 2859 858 2928; x_wconf 91' lang='lat' dir='ltr'><strong>quia</strong></span> <span class='ocrx_word' id='word_1_210' title='bbox 887 2876 990 2914; x_wconf 92' lang='lat' dir='ltr'><strong>non</strong></span> <span class='ocrx_word' id='word_1_211' title='bbox 1024 2861 1182 2916; x_wconf 89' lang='lat' dir='ltr'><strong>modo</strong></span> <span class='ocrx_word' id='word_1_212' title='bbox 1209 2877 1430 2932; x_wconf 88' lang='lat' dir='ltr'><strong>corpora</strong></span> <span class='ocrx_word' id='word_1_213' title='bbox 1472 2879 1563 2918; x_wconf 86' lang='lat' dir='ltr'><strong>sua</strong></span> <span class='ocrx_word' id='word_1_214' title='bbox 1607 2866 1676 2920; x_wconf 87' lang='lat' dir='ltr'><strong>ab</strong></span> <span class='ocrx_word' id='word_1_215' title='bbox 1703 2867 1847 2922; x_wconf 91' lang='lat' dir='ltr'><strong>omni</strong></span> <span class='ocrx_word' id='word_1_216' title='bbox 1893 2866 2060 2922; x_wconf 89' lang='lat' dir='ltr'><strong>forni-</strong></span> 
     </span>
    </p>
   </div>
   <div class='ocr_carea' id='block_1_30' title="bbox 472 2947 2062 3023">
    <p class='ocr_par' dir='ltr' id='par_1_30' title="bbox 472 2947 2062 3023">
     <span class='ocr_line' id='line_1_30' title="bbox 472 2947 2062 3023; baseline 0.009 -23"><span class='ocrx_word' id='word_1_217' title='bbox 472 2947 699 3002; x_wconf 90' lang='lat' dir='ltr'><strong>cationis</strong></span> <span class='ocrx_word' id='word_1_218' title='bbox 723 2949 842 3004; x_wconf 85' lang='lat' dir='ltr'><strong>labe</strong></span> <span class='ocrx_word' id='word_1_219' title='bbox 869 2967 994 3020; x_wconf 89' lang='lat' dir='ltr'><strong>pura</strong></span> <span class='ocrx_word' id='word_1_220' title='bbox 1029 2962 1244 3008; x_wconf 85' lang='lat' dir='ltr'><strong>servent</strong></span> <span class='ocrx_word' id='word_1_221' title='bbox 1281 2965 1506 3023; x_wconf 80' lang='lat' dir='ltr'><strong>oportet.</strong></span> <span class='ocrx_word' id='word_1_222' title='bbox 1543 2957 1634 3012; x_wconf 87' lang='lat' dir='ltr'><strong>sed</strong></span> <span class='ocrx_word' id='word_1_223' title='bbox 1661 2966 1713 3012; x_wconf 93' lang='lat' dir='ltr'><strong>et</strong></span> <span class='ocrx_word' id='word_1_224' title='bbox 1740 2959 1968 3012; x_wconf 90' lang='lat' dir='ltr'><strong>animam</strong></span> <span class='ocrx_word' id='word_1_225' title='bbox 1995 2961 2062 3016; x_wconf 88' lang='lat' dir='ltr'><strong>ab</strong></span> 
     </span>
    </p>
   </div>
   <div class='ocr_carea' id='block_1_31' title="bbox 475 3039 2064 3113">
    <p class='ocr_par' dir='ltr' id='par_1_31' title="bbox 475 3039 2064 3113">
     <span class='ocr_line' id='line_1_31' title="bbox 475 3039 2064 3113; baseline 0.009 -23"><span class='ocrx_word' id='word_1_226' title='bbox 475 3039 620 3091; x_wconf 86' lang='lat' dir='ltr'><strong>omni</strong></span> <span class='ocrx_word' id='word_1_227' title='bbox 652 3041 882 3094; x_wconf 89' lang='lat' dir='ltr'><strong>satanica</strong></span> <span class='ocrx_word' id='word_1_228' title='bbox 911 3041 1140 3096; x_wconf 86' lang='lat' dir='ltr'><strong>habendi</strong></span> <span class='ocrx_word' id='word_1_229' title='bbox 1170 3046 1476 3113; x_wconf 84' lang='lat' dir='ltr'><strong>cupiditate.</strong></span> <span class='ocrx_word' id='word_1_230' title='bbox 1507 3047 1620 3102; x_wconf 89' lang='lat' dir='ltr'><strong>Non</strong></span> <span class='ocrx_word' id='word_1_231' title='bbox 1647 3049 1787 3103; x_wconf 89' lang='lat' dir='ltr'><strong>enim</strong></span> <span class='ocrx_word' id='word_1_232' title='bbox 1815 3051 2064 3106; x_wconf 86' lang='lat' dir='ltr'><strong>mulieres</strong></span> 
     </span>
    </p>
   </div>
   <div class='ocr_carea' id='block_1_32' title="bbox 475 3119 2064 3205">
    <p class='ocr_par' dir='ltr' id='par_1_32' title="bbox 475 3119 2064 3205">
     <span class='ocr_line' id='line_1_32' title="bbox 475 3119 2064 3205; baseline 0.01 -25"><span class='ocrx_word' id='word_1_233' title='bbox 475 3119 682 3182; x_wconf 82' lang='lat' dir='ltr'><strong>tantum</strong></span> <span class='ocrx_word' id='word_1_234' title='bbox 714 3131 1002 3198; x_wconf 81' lang='lat' dir='ltr'><strong>alloquitur</strong></span> <span class='ocrx_word' id='word_1_235' title='bbox 1041 3133 1236 3187; x_wconf 73' lang='lat' dir='ltr'><strong>Panlm</strong></span> <span class='ocrx_word' id='word_1_236' title='bbox 1261 3138 1552 3205; x_wconf 88' lang='lat' dir='ltr'><strong>apostolus,</strong></span> <span class='ocrx_word' id='word_1_237' title='bbox 1591 3139 1684 3193; x_wconf 86' lang='lat' dir='ltr'><strong>sed</strong></span> <span class='ocrx_word' id='word_1_238' title='bbox 1726 3141 1883 3194; x_wconf 88' lang='lat' dir='ltr'><strong>etiam</strong></span> <span class='ocrx_word' id='word_1_239' title='bbox 1924 3145 2064 3196; x_wconf 85' lang='lat' dir='ltr'><strong>viros</strong></span> 
     </span>
    </p>
   </div>
   <div class='ocr_carea' id='block_1_33' title="bbox 478 3221 2066 3293">
    <p class='ocr_par' dir='ltr' id='par_1_33' title="bbox 478 3221 2066 3293">
     <span class='ocr_line' id='line_1_33' title="bbox 478 3221 2066 3293; baseline 0.009 -21"><span class='ocrx_word' id='word_1_240' title='bbox 478 3221 887 3293; x_wconf 90' lang='lat' dir='ltr'><strong>univcrsamqne</strong></span> <span class='ocrx_word' id='word_1_241' title='bbox 919 3225 1233 3291; x_wconf 76' lang='lat' dir='ltr'><strong>Ecclesium,</strong></span> <span class='ocrx_word' id='word_1_242' title='bbox 1276 3244 1394 3282; x_wconf 91' lang='lat' dir='ltr'><strong>cum</strong></span> <span class='ocrx_word' id='word_1_243' title='bbox 1428 3229 1552 3283; x_wconf 85' lang='lat' dir='ltr'><strong>dicit</strong></span> <span class='ocrx_word' id='word_1_244' title='bbox 1591 3231 1821 3286; x_wconf 87' lang='lat' dir='ltr'><strong>animam</strong></span> <span class='ocrx_word' id='word_1_245' title='bbox 1865 3233 1920 3286; x_wconf 90' lang='lat' dir='ltr'><strong>in</strong></span> <span class='ocrx_word' id='word_1_246' title='bbox 1957 3234 2066 3287; x_wconf 82' lang='lat' dir='ltr'><strong>vir-</strong></span> 
     </span>
    </p>
   </div>
   <div class='ocr_carea' id='block_1_34' title="bbox 475 3312 2064 3392">
    <p class='ocr_par' dir='ltr' id='par_1_34' title="bbox 475 3312 2064 3392">
     <span class='ocr_line' id='line_1_34' title="bbox 475 3312 2064 3392; baseline 0.009 -27"><span class='ocrx_word' id='word_1_247' title='bbox 475 3312 695 3382; x_wconf 82' lang='lat' dir='ltr'><strong>ginitate</strong></span> <span class='ocrx_word' id='word_1_248' title='bbox 727 3327 1150 3383; x_wconf 78' lang='lat' dir='ltr'><strong>perseverantem</strong></span> <span class='ocrx_word' id='word_1_249' title='bbox 1175 3327 1420 3387; x_wconf 85' lang='lat' dir='ltr'><strong>oportere</strong></span> <span class='ocrx_word' id='word_1_250' title='bbox 1441 3331 1676 3374; x_wconf 86' lang='lat' dir='ltr'><strong>sanctam</strong></span> <span class='ocrx_word' id='word_1_251' title='bbox 1699 3338 1817 3376; x_wconf 70' lang='lat' dir='ltr'><strong>esse</strong></span> <span class='ocrx_word' id='word_1_252' title='bbox 1840 3339 2064 3392; x_wconf 85' lang='lat' dir='ltr'><strong>corpore</strong></span> 
     </span>
    </p>
   </div>
   <div class='ocr_carea' id='block_1_35' title="bbox 477 3403 2070 3484">
    <p class='ocr_par' dir='ltr' id='par_1_35' title="bbox 477 3403 2070 3484">
     <span class='ocr_line' id='line_1_35' title="bbox 477 3403 2070 3484; baseline 0.008 -28"><span class='ocrx_word' id='word_1_253' title='bbox 477 3413 531 3456; x_wconf 86' lang='lat' dir='ltr'><strong>et</strong></span> <span class='ocrx_word' id='word_1_254' title='bbox 553 3403 736 3472; x_wconf 85' lang='lat' dir='ltr'><strong>spiritu</strong></span> <span class='ocrx_word' id='word_1_255' title='bbox 766 3404 842 3476; x_wconf 88' lang='lat' dir='ltr'><strong>(l.</strong></span> <span class='ocrx_word' id='word_1_256' title='bbox 865 3403 981 3459; x_wconf 87' lang='lat' dir='ltr'><strong>Cor.</strong></span> <span class='ocrx_word' id='word_1_257' title='bbox 1010 3408 1062 3462; x_wconf 91' lang='lat'><strong>7.</strong></span> <span class='ocrx_word' id='word_1_258' title='bbox 1087 3407 1179 3477; x_wconf 70' lang='lat' dir='ltr'><strong>5i)</strong></span> <span class='ocrx_word' id='word_1_259' title='bbox 1200 3425 1213 3473; x_wconf 91' lang='lat'><strong>;</strong></span> <span class='ocrx_word' id='word_1_260' title='bbox 1237 3423 1297 3462; x_wconf 83' lang='lat' dir='ltr'><strong>ac</strong></span> <span class='ocrx_word' id='word_1_261' title='bbox 1329 3426 1556 3476; x_wconf 85' lang='lat' dir='ltr'><strong>rursum,</strong></span> <span class='ocrx_word' id='word_1_262' title='bbox 1594 3411 1834 3467; x_wconf 72' lang='lat' dir='ltr'><strong>Ex/iibete</strong></span> <span class='ocrx_word' id='word_1_263' title='bbox 1857 3431 2070 3484; x_wconf 82' lang='lat' dir='ltr'><strong>corpora</strong></span> 
     </span>
    </p>
   </div>
   <div class='ocr_carea' id='block_1_36' title="bbox 481 3497 2069 3576">
    <p class='ocr_par' dir='ltr' id='par_1_36' title="bbox 481 3497 2069 3576">
     <span class='ocr_line' id='line_1_36' title="bbox 481 3497 2069 3576; baseline 0.008 -30"><span class='ocrx_word' id='word_1_264' title='bbox 481 3504 646 3548; x_wconf 75' lang='lat' dir='ltr'><strong>ucstra</strong></span> <span class='ocrx_word' id='word_1_265' title='bbox 671 3497 910 3566; x_wconf 83' lang='lat' dir='ltr'><strong>virginem</strong></span> <span class='ocrx_word' id='word_1_266' title='bbox 937 3510 1124 3552; x_wconf 85' lang='lat' dir='ltr'><strong>castam</strong></span> <span class='ocrx_word' id='word_1_267' title='bbox 1152 3501 1208 3567; x_wconf 74' lang='lat'><strong>(‘2</strong></span> <span class='ocrx_word' id='word_1_268' title='bbox 1235 3499 1447 3556; x_wconf 82' lang='lat' dir='ltr'><strong>Cor.ll.</strong></span> <span class='ocrx_word' id='word_1_269' title='bbox 1466 3503 1521 3572; x_wconf 74' lang='grc' dir='ltr'><strong>ΕΞ)</strong></span> <span class='ocrx_word' id='word_1_270' title='bbox 1548 3503 1756 3558; x_wconf 83' lang='lat' dir='ltr'><strong>Castam</strong></span> <span class='ocrx_word' id='word_1_271' title='bbox 1777 3507 2069 3576; x_wconf 87' lang='lat' dir='ltr'><strong>quomodo?</strong></span> 
     </span>
    </p>
   </div>
   <div class='ocr_carea' id='block_1_37' title="bbox 481 3583 2068 3670">
    <p class='ocr_par' dir='ltr' id='par_1_37' title="bbox 481 3583 2068 3670">
     <span class='ocr_line' id='line_1_37' title="bbox 481 3583 2068 3670; baseline 0.009 -30"><span class='ocrx_word' id='word_1_272' title='bbox 481 3583 607 3640; x_wconf 73' lang='lat' dir='ltr'><strong>Non</strong></span> <span class='ocrx_word' id='word_1_273' title='bbox 663 3588 926 3642; x_wconf 78' lang='lat' dir='ltr'><strong>habentem</strong></span> <span class='ocrx_word' id='word_1_274' title='bbox 967 3593 1219 3646; x_wconf 85' lang='lat' dir='ltr'><strong>maculam</strong></span> <span class='ocrx_word' id='word_1_275' title='bbox 1265 3595 1339 3646; x_wconf 88' lang='lat' dir='ltr'><strong>vel</strong></span> <span class='ocrx_word' id='word_1_276' title='bbox 1377 3611 1552 3666; x_wconf 81' lang='lat' dir='ltr'><strong>rugam</strong></span> <span class='ocrx_word' id='word_1_277' title='bbox 1588 3595 1801 3668; x_wconf 79' lang='lat' dir='ltr'><strong>(Epltes.</strong></span> <span class='ocrx_word' id='word_1_278' title='bbox 1848 3597 1901 3654; x_wconf 86' lang='lat'><strong>5.</strong></span> <span class='ocrx_word' id='word_1_279' title='bbox 1953 3597 2068 3670; x_wconf 70' lang='lat'><strong>27).</strong></span> 
     </span>
    </p>
   </div>
   <div class='ocr_carea' id='block_1_38' title="bbox 481 3677 2073 3756">
    <p class='ocr_par' dir='ltr' id='par_1_38' title="bbox 481 3677 2073 3756">
     <span class='ocr_line' id='line_1_38' title="bbox 481 3677 2073 3756; baseline 0.011 -26"><span class='ocrx_word' id='word_1_280' title='bbox 481 3677 921 3750; x_wconf 81' lang='lat' dir='ltr'><strong>Quandoquidem</strong></span> <span class='ocrx_word' id='word_1_281' title='bbox 953 3683 1182 3754; x_wconf 76' lang='lat' dir='ltr'><strong>virgines</strong></span> <span class='ocrx_word' id='word_1_282' title='bbox 1214 3685 1334 3751; x_wconf 72' lang='lat' dir='ltr'><strong>ill-ie,</strong></span> <span class='ocrx_word' id='word_1_283' title='bbox 1361 3703 1477 3756; x_wconf 72' lang='lat' dir='ltr'><strong>qua:</strong></span> <span class='ocrx_word' id='word_1_284' title='bbox 1497 3689 1783 3744; x_wconf 75' lang='lat' dir='ltr'><strong>exstinctus</strong></span> <span class='ocrx_word' id='word_1_285' title='bbox 1805 3689 2073 3748; x_wconf 83' lang='lat' dir='ltr'><strong>habebant</strong></span> 
     </span>
    </p>
   </div>
   <div class='ocr_carea' id='block_1_39' title="bbox 481 3767 2071 3852">
    <p class='ocr_par' dir='ltr' id='par_1_39' title="bbox 481 3767 2071 3852">
     <span class='ocr_line' id='line_1_39' title="bbox 481 3767 2071 3852; baseline 0.009 -28"><span class='ocrx_word' id='word_1_286' title='bbox 481 3767 754 3840; x_wconf 88' lang='lat' dir='ltr'><strong>lampades</strong></span> <span class='ocrx_word' id='word_1_287' title='bbox 782 3771 992 3840; x_wconf 71' lang='lat' dir='ltr'><strong>(Matth.</strong></span> <span class='ocrx_word' id='word_1_288' title='bbox 1025 3774 1116 3829; x_wconf 72' lang='lat'><strong>25.</strong></span> <span class='ocrx_word' id='word_1_289' title='bbox 1156 3773 1207 3830; x_wconf 92' lang='lat'><strong>8.</strong></span> <span class='ocrx_word' id='word_1_290' title='bbox 1239 3785 1282 3830; x_wconf 87' lang='lat' dir='ltr'><strong>et</strong></span> <span class='ocrx_word' id='word_1_291' title='bbox 1303 3777 1460 3849; x_wconf 83' lang='lat' dir='ltr'><strong>sqq.),</strong></span> <span class='ocrx_word' id='word_1_292' title='bbox 1493 3779 1725 3852; x_wconf 86' lang='lat' dir='ltr'><strong>virgines</strong></span> <span class='ocrx_word' id='word_1_293' title='bbox 1758 3792 1910 3838; x_wconf 87' lang='lat' dir='ltr'><strong>erant</strong></span> <span class='ocrx_word' id='word_1_294' title='bbox 1951 3797 2071 3839; x_wconf 92' lang='lat' dir='ltr'><strong>cor-</strong></span> 
     </span>
    </p>
   </div>
   <div class='ocr_carea' id='block_1_40' title="bbox 483 3862 2075 3936">
    <p class='ocr_par' dir='ltr' id='par_1_40' title="bbox 483 3862 2075 3936">
     <span class='ocr_line' id='line_1_40' title="bbox 483 3862 2075 3936; baseline 0.012 -23"><span class='ocrx_word' id='word_1_295' title='bbox 483 3875 634 3929; x_wconf 85' lang='lat' dir='ltr'><strong>pore,</strong></span> <span class='ocrx_word' id='word_1_296' title='bbox 677 3862 772 3917; x_wconf 89' lang='lat' dir='ltr'><strong>sed</strong></span> <span class='ocrx_word' id='word_1_297' title='bbox 816 3879 920 3918; x_wconf 93' lang='lat' dir='ltr'><strong>non</strong></span> <span class='ocrx_word' id='word_1_298' title='bbox 951 3865 1111 3921; x_wconf 90' lang='lat' dir='ltr'><strong>corde</strong></span> <span class='ocrx_word' id='word_1_299' title='bbox 1149 3881 1334 3936; x_wconf 69' lang='lat' dir='ltr'><strong>purae;</strong></span> <span class='ocrx_word' id='word_1_300' title='bbox 1381 3885 1563 3925; x_wconf 90' lang='lat' dir='ltr'><strong>verum</strong></span> <span class='ocrx_word' id='word_1_301' title='bbox 1611 3875 1818 3929; x_wconf 88' lang='lat' dir='ltr'><strong>tametsi</strong></span> <span class='ocrx_word' id='word_1_302' title='bbox 1865 3877 1946 3930; x_wconf 87' lang='lat' dir='ltr'><strong>vir</strong></span> <span class='ocrx_word' id='word_1_303' title='bbox 1984 3893 2075 3933; x_wconf 89' lang='lat' dir='ltr'><strong>eas</strong></span> 
     </span>
    </p>
   </div>
   <div class='ocr_carea' id='block_1_41' title="bbox 489 3958 2069 4034">
    <p class='ocr_par' dir='ltr' id='par_1_41' title="bbox 489 3958 2069 4034">
     <span class='ocr_line' id='line_1_41' title="bbox 489 3958 2069 4034; baseline 0.011 -31"><span class='ocrx_word' id='word_1_304' title='bbox 489 3964 598 4004; x_wconf 87' lang='lat' dir='ltr'><strong>non</strong></span> <span class='ocrx_word' id='word_1_305' title='bbox 647 3961 994 4022; x_wconf 86' lang='lat' dir='ltr'><strong>corruperat,</strong></span> <span class='ocrx_word' id='word_1_306' title='bbox 1050 3965 1104 4010; x_wconf 90' lang='lat' dir='ltr'><strong>at</strong></span> <span class='ocrx_word' id='word_1_307' title='bbox 1159 3958 1499 4026; x_wconf 85' lang='lat' dir='ltr'><strong>pecuniarum</strong></span> <span class='ocrx_word' id='word_1_308' title='bbox 1546 3977 1698 4017; x_wconf 86' lang='lat' dir='ltr'><strong>amor</strong></span> <span class='ocrx_word' id='word_1_309' title='bbox 1743 3975 2069 4034; x_wconf 85' lang='lat' dir='ltr'><strong>corruperat.</strong></span> 
     </span>
    </p>
   </div>
   <div class='ocr_carea' id='block_1_42' title="bbox 487 4040 2078 4116">
    <p class='ocr_par' dir='ltr' id='par_1_42' title="bbox 487 4040 2078 4116">
     <span class='ocr_line' id='line_1_42' title="bbox 487 4040 2078 4116; baseline 0.011 -21"><span class='ocrx_word' id='word_1_310' title='bbox 487 4040 697 4112; x_wconf 90' lang='lat' dir='ltr'><strong>Corpus</strong></span> <span class='ocrx_word' id='word_1_311' title='bbox 723 4057 906 4100; x_wconf 86' lang='lat' dir='ltr'><strong>earum</strong></span> <span class='ocrx_word' id='word_1_312' title='bbox 951 4062 1141 4116; x_wconf 90' lang='lat' dir='ltr'><strong>purum</strong></span> <span class='ocrx_word' id='word_1_313' title='bbox 1168 4057 1300 4113; x_wconf 89' lang='lat' dir='ltr'><strong>erat,</strong></span> <span class='ocrx_word' id='word_1_314' title='bbox 1345 4050 1440 4105; x_wconf 89' lang='lat' dir='ltr'><strong>sed</strong></span> <span class='ocrx_word' id='word_1_315' title='bbox 1470 4053 1644 4108; x_wconf 87' lang='lat' dir='ltr'><strong>anima</strong></span> <span class='ocrx_word' id='word_1_316' title='bbox 1681 4055 1942 4111; x_wconf 89' lang='lat' dir='ltr'><strong>adulterio</strong></span> <span class='ocrx_word' id='word_1_317' title='bbox 1983 4057 2078 4112; x_wconf 87' lang='lat' dir='ltr'><strong>ad—</strong></span> 
     </span>
    </p>
   </div>
   <div class='ocr_carea' id='block_1_43' title="bbox 489 4133 2074 4217">
    <p class='ocr_par' dir='ltr' id='par_1_43' title="bbox 489 4133 2074 4217">
     <span class='ocr_line' id='line_1_43' title="bbox 489 4133 2074 4217; baseline 0.01 -29"><span class='ocrx_word' id='word_1_318' title='bbox 489 4133 706 4190; x_wconf 89' lang='lat' dir='ltr'><strong>modum</strong></span> <span class='ocrx_word' id='word_1_319' title='bbox 735 4135 910 4206; x_wconf 88' lang='lat' dir='ltr'><strong>pleua,</strong></span> <span class='ocrx_word' id='word_1_320' title='bbox 941 4140 1117 4206; x_wconf 85' lang='lat' dir='ltr'><strong>pravis</strong></span> <span class='ocrx_word' id='word_1_321' title='bbox 1137 4140 1541 4212; x_wconf 80' lang='lat' dir='ltr'><strong>cogitationibus</strong></span> <span class='ocrx_word' id='word_1_322' title='bbox 1561 4159 1652 4200; x_wconf 89' lang='lat' dir='ltr'><strong>eas</strong></span> <span class='ocrx_word' id='word_1_323' title='bbox 1674 4147 2074 4217; x_wconf 86' lang='lat' dir='ltr'><strong>occupantibus,</strong></span> 
     </span>
    </p>
   </div>
   <div class='ocr_carea' id='block_1_44' title="bbox 496 4225 2079 4312">
    <p class='ocr_par' dir='ltr' id='par_1_44' title="bbox 496 4225 2079 4312">
     <span class='ocr_line' id='line_1_44' title="bbox 496 4225 2079 4312; baseline 0.009 -33"><span class='ocrx_word' id='word_1_324' title='bbox 496 4225 737 4294; x_wconf 75' lang='lat' dir='ltr'><strong>pecunia:</strong></span> <span class='ocrx_word' id='word_1_325' title='bbox 767 4228 890 4282; x_wconf 89' lang='lat' dir='ltr'><strong>item</strong></span> <span class='ocrx_word' id='word_1_326' title='bbox 917 4243 1121 4298; x_wconf 90' lang='lat' dir='ltr'><strong>amore,</strong></span> <span class='ocrx_word' id='word_1_327' title='bbox 1161 4231 1565 4312; x_wconf 71' lang='lat' dir='ltr'><strong>inhumapitate,</strong></span> <span class='ocrx_word' id='word_1_328' title='bbox 1615 4236 1712 4301; x_wconf 88' lang='lat' dir='ltr'><strong>ira,</strong></span> <span class='ocrx_word' id='word_1_329' title='bbox 1751 4237 1962 4302; x_wconf 82' lang='lat' dir='ltr'><strong>invidia,</strong></span> <span class='ocrx_word' id='word_1_330' title='bbox 1986 4239 2079 4294; x_wconf 86' lang='lat' dir='ltr'><strong>de-</strong></span> 
     </span>
    </p>
   </div>
   <div class='ocr_carea' id='block_1_45' title="bbox 493 4313 2078 4398">
    <p class='ocr_par' dir='ltr' id='par_1_45' title="bbox 493 4313 2078 4398">
     <span class='ocr_line' id='line_1_45' title="bbox 493 4313 2078 4398; baseline 0.009 -30"><span class='ocrx_word' id='word_1_331' title='bbox 493 4313 654 4380; x_wconf 88' lang='lat' dir='ltr'><strong>sidia,</strong></span> <span class='ocrx_word' id='word_1_332' title='bbox 697 4316 998 4385; x_wconf 88' lang='lat' dir='ltr'><strong>oblivione,</strong></span> <span class='ocrx_word' id='word_1_333' title='bbox 1044 4322 1311 4392; x_wconf 85' lang='lat' dir='ltr'><strong>superbia,</strong></span> <span class='ocrx_word' id='word_1_334' title='bbox 1355 4323 1601 4378; x_wconf 89' lang='lat' dir='ltr'><strong>omnibus</strong></span> <span class='ocrx_word' id='word_1_335' title='bbox 1641 4328 1837 4394; x_wconf 78' lang='lat' dir='ltr'><strong>pariter</strong></span> <span class='ocrx_word' id='word_1_336' title='bbox 1864 4329 2078 4398; x_wconf 84' lang='lat' dir='ltr'><strong>virgini-</strong></span> 
     </span>
    </p>
   </div>
   <div class='ocr_carea' id='block_1_46' title="bbox 493 4406 2081 4482">
    <p class='ocr_par' dir='ltr' id='par_1_46' title="bbox 493 4406 2081 4482">
     <span class='ocr_line' id='line_1_46' title="bbox 493 4406 2081 4482; baseline 0.011 -23"><span class='ocrx_word' id='word_1_337' title='bbox 493 4406 621 4462; x_wconf 80' lang='lat' dir='ltr'><strong>tatis</strong></span> <span class='ocrx_word' id='word_1_338' title='bbox 661 4419 842 4463; x_wconf 86' lang='lat' dir='ltr'><strong>earum</strong></span> <span class='ocrx_word' id='word_1_339' title='bbox 884 4409 1193 4482; x_wconf 81' lang='lat' dir='ltr'><strong>dignitatem</strong></span> <span class='ocrx_word' id='word_1_340' title='bbox 1224 4414 1682 4472; x_wconf 89' lang='lat' dir='ltr'><strong>labefactantibus.</strong></span> <span class='ocrx_word' id='word_1_341' title='bbox 1725 4419 1846 4474; x_wconf 86' lang='lat' dir='ltr'><strong>ideo</strong></span> <span class='ocrx_word' id='word_1_342' title='bbox 1875 4421 2081 4478; x_wconf 88' lang='lat' dir='ltr'><strong>diccbat</strong></span> 
     </span>
    </p>
   </div>
   <div class='ocr_carea' id='block_1_47' title="bbox 493 4492 2078 4583">
    <p class='ocr_par' dir='ltr' id='par_1_47' title="bbox 493 4492 2078 4583">
     <span class='ocr_line' id='line_1_47' title="bbox 493 4492 2078 4583; baseline 0.008 -30"><span class='ocrx_word' id='word_1_343' title='bbox 493 4492 727 4553; x_wconf 81' lang='lat' dir='ltr'><strong>Paulus:</strong></span> <span class='ocrx_word' id='word_1_344' title='bbox 761 4499 827 4554; x_wconf 88' lang='lat' dir='ltr'><strong>Ut</strong></span> <span class='ocrx_word' id='word_1_345' title='bbox 865 4501 1002 4572; x_wconf 84' lang='lat' dir='ltr'><strong>virgo</strong></span> <span class='ocrx_word' id='word_1_346' title='bbox 1029 4504 1094 4557; x_wconf 79' lang='lat' dir='ltr'><strong>sit</strong></span> <span class='ocrx_word' id='word_1_347' title='bbox 1131 4515 1304 4559; x_wconf 77' lang='lat' dir='ltr'><strong>sancta</strong></span> <span class='ocrx_word' id='word_1_348' title='bbox 1333 4523 1544 4578; x_wconf 85' lang='lat' dir='ltr'><strong>corpore</strong></span> <span class='ocrx_word' id='word_1_349' title='bbox 1584 4518 1631 4563; x_wconf 86' lang='lat' dir='ltr'><strong>et</strong></span> <span class='ocrx_word' id='word_1_350' title='bbox 1656 4511 1836 4580; x_wconf 80' lang='lat' dir='ltr'><strong>spiritu</strong></span> <span class='ocrx_word' id='word_1_351' title='bbox 1861 4511 1935 4583; x_wconf 85' lang='lat' dir='ltr'><strong>(l.</strong></span> <span class='ocrx_word' id='word_1_352' title='bbox 1960 4513 2078 4568; x_wconf 85' lang='lat' dir='ltr'><strong>Cor.</strong></span> 
     </span>
    </p>
   </div>
   <div class='ocr_carea' id='block_1_48' title="bbox 499 4589 2081 4668">
    <p class='ocr_par' dir='ltr' id='par_1_48' title="bbox 499 4589 2081 4668">
     <span class='ocr_line' id='line_1_48' title="bbox 499 4589 2081 4668; baseline 0.011 -25"><span class='ocrx_word' id='word_1_353' title='bbox 499 4589 552 4643; x_wconf 90' lang='lat'><strong>7.</strong></span> <span class='ocrx_word' id='word_1_354' title='bbox 582 4591 706 4662; x_wconf 71' lang='lat'><strong>54);</strong></span> <span class='ocrx_word' id='word_1_355' title='bbox 733 4600 788 4646; x_wconf 90' lang='lat' dir='ltr'><strong>et</strong></span> <span class='ocrx_word' id='word_1_356' title='bbox 819 4593 1031 4662; x_wconf 88' lang='lat' dir='ltr'><strong>iterum,</strong></span> <span class='ocrx_word' id='word_1_357' title='bbox 1084 4595 1336 4668; x_wconf 81' lang='lat' dir='ltr'><strong>Virginem</strong></span> <span class='ocrx_word' id='word_1_358' title='bbox 1375 4609 1565 4654; x_wconf 79' lang='lat' dir='ltr'><strong>castam</strong></span> <span class='ocrx_word' id='word_1_359' title='bbox 1609 4602 1839 4657; x_wconf 73' lang='lat' dir='ltr'><strong>exhibere</strong></span> <span class='ocrx_word' id='word_1_360' title='bbox 1882 4605 2081 4661; x_wconf 78' lang='lat' dir='ltr'><strong>Christo</strong></span> 
     </span>
    </p>
   </div>
   <div class='ocr_carea' id='block_1_49' title="bbox 497 4681 2080 4768">
    <p class='ocr_par' dir='ltr' id='par_1_49' title="bbox 497 4681 2080 4768">
     <span class='ocr_line' id='line_1_49' title="bbox 497 4681 2080 4768; baseline 0.011 -30"><span class='ocrx_word' id='word_1_361' title='bbox 497 4681 575 4754; x_wconf 72' lang='lat'><strong>(9...</strong></span> <span class='ocrx_word' id='word_1_362' title='bbox 605 4684 720 4742; x_wconf 84' lang='lat' dir='ltr'><strong>Cor.</strong></span> <span class='ocrx_word' id='word_1_363' title='bbox 753 4687 837 4742; x_wconf 80' lang='lat' dir='ltr'><strong>ll.</strong></span> <span class='ocrx_word' id='word_1_364' title='bbox 865 4687 942 4758; x_wconf 73' lang='grc'><strong>2).</strong></span> <span class='ocrx_word' id='word_1_365' title='bbox 974 4688 1429 4756; x_wconf 80' lang='lat' dir='ltr'><strong>Quemadmodum</strong></span> <span class='ocrx_word' id='word_1_366' title='bbox 1458 4697 1598 4750; x_wconf 85' lang='lat' dir='ltr'><strong>enim</strong></span> <span class='ocrx_word' id='word_1_367' title='bbox 1621 4713 1813 4768; x_wconf 86' lang='lat' dir='ltr'><strong>corpus</strong></span> <span class='ocrx_word' id='word_1_368' title='bbox 1854 4697 2080 4754; x_wconf 87' lang='lat' dir='ltr'><strong>fornica-</strong></span> 
     </span>
    </p>
   </div>
   <div class='ocr_carea' id='block_1_50' title="bbox 497 4778 2084 4861">
    <p class='ocr_par' dir='ltr' id='par_1_50' title="bbox 497 4778 2084 4861">
     <span class='ocr_line' id='line_1_50' title="bbox 497 4778 2084 4861; baseline 0.009 -29"><span class='ocrx_word' id='word_1_369' title='bbox 497 4778 644 4835; x_wconf 83' lang='lat' dir='ltr'><strong>tione</strong></span> <span class='ocrx_word' id='word_1_370' title='bbox 683 4781 1060 4851; x_wconf 88' lang='lat' dir='ltr'><strong>corrumpitur,</strong></span> <span class='ocrx_word' id='word_1_371' title='bbox 1111 4783 1180 4838; x_wconf 87' lang='lat' dir='ltr'><strong>ita</strong></span> <span class='ocrx_word' id='word_1_372' title='bbox 1222 4795 1276 4839; x_wconf 90' lang='lat' dir='ltr'><strong>et</strong></span> <span class='ocrx_word' id='word_1_373' title='bbox 1318 4787 1494 4841; x_wconf 87' lang='lat' dir='ltr'><strong>anima</strong></span> <span class='ocrx_word' id='word_1_374' title='bbox 1539 4804 1567 4841; x_wconf 88' lang='lat' dir='ltr'><strong>a</strong></span> <span class='ocrx_word' id='word_1_375' title='bbox 1609 4790 1857 4845; x_wconf 87' lang='lat' dir='ltr'><strong>satanicis</strong></span> <span class='ocrx_word' id='word_1_376' title='bbox 1882 4794 2084 4861; x_wconf 89' lang='lat' dir='ltr'><strong>cogita-</strong></span> 
     </span>
    </p>
   </div>
   <div class='ocr_carea' id='block_1_51' title="bbox 498 4869 2082 4948">
    <p class='ocr_par' dir='ltr' id='par_1_51' title="bbox 498 4869 2082 4948">
     <span class='ocr_line' id='line_1_51' title="bbox 498 4869 2082 4948; baseline 0.009 -26"><span class='ocrx_word' id='word_1_377' title='bbox 498 4869 734 4926; x_wconf 88' lang='lat' dir='ltr'><strong>tionibus</strong></span> <span class='ocrx_word' id='word_1_378' title='bbox 765 4871 1014 4940; x_wconf 67' lang='lat' dir='ltr'><strong>fazdatur,</strong></span> <span class='ocrx_word' id='word_1_379' title='bbox 1053 4889 1082 4928; x_wconf 86' lang='lat' dir='ltr'><strong>a</strong></span> <span class='ocrx_word' id='word_1_380' title='bbox 1107 4878 1371 4946; x_wconf 87' lang='lat' dir='ltr'><strong>corruptis</strong></span> <span class='ocrx_word' id='word_1_381' title='bbox 1401 4878 1754 4948; x_wconf 84' lang='lat' dir='ltr'><strong>dogmatibus,</strong></span> <span class='ocrx_word' id='word_1_382' title='bbox 1787 4881 1854 4936; x_wconf 89' lang='lat' dir='ltr'><strong>ab</strong></span> <span class='ocrx_word' id='word_1_383' title='bbox 1894 4883 2082 4937; x_wconf 85' lang='lat' dir='ltr'><strong>absur-</strong></span> 
     </span>
    </p>
   </div>
   <div class='ocr_carea' id='block_1_52' title="bbox 499 4961 2083 5043">
    <p class='ocr_par' dir='ltr' id='par_1_52' title="bbox 499 4961 2083 5043">
     <span class='ocr_line' id='line_1_52' title="bbox 499 4961 2083 5043; baseline 0.008 -27"><span class='ocrx_word' id='word_1_384' title='bbox 499 4961 582 5017; x_wconf 89' lang='lat' dir='ltr'><strong>dis</strong></span> <span class='ocrx_word' id='word_1_385' title='bbox 598 4965 1027 5034; x_wconf 81' lang='lat' dir='ltr'><strong>cogitationibus.</strong></span> <span class='ocrx_word' id='word_1_386' title='bbox 1055 4966 1186 5022; x_wconf 85' lang='lat' dir='ltr'><strong>Nam</strong></span> <span class='ocrx_word' id='word_1_387' title='bbox 1214 4970 1303 5038; x_wconf 91' lang='lat' dir='ltr'><strong>qui</strong></span> <span class='ocrx_word' id='word_1_388' title='bbox 1334 4969 1482 5036; x_wconf 87' lang='lat' dir='ltr'><strong>dicit,</strong></span> <span class='ocrx_word' id='word_1_389' title='bbox 1516 4971 1675 5040; x_wconf 84' lang='lat' dir='ltr'><strong>Virgo</strong></span> <span class='ocrx_word' id='word_1_390' title='bbox 1695 4987 1809 5026; x_wconf 90' lang='lat' dir='ltr'><strong>sum</strong></span> <span class='ocrx_word' id='word_1_391' title='bbox 1841 4988 2083 5043; x_wconf 88' lang='lat' dir='ltr'><strong>corpore,</strong></span> 
     </span>
    </p>
   </div>
   <div class='ocr_carea' id='block_1_53' title="bbox 503 5055 2085 5135">
    <p class='ocr_par' dir='ltr' id='par_1_53' title="bbox 503 5055 2085 5135">
     <span class='ocr_line' id='line_1_53' title="bbox 503 5055 2085 5135; baseline 0.008 -29"><span class='ocrx_word' id='word_1_392' title='bbox 503 5055 678 5110; x_wconf 86' lang='lat' dir='ltr'><strong>anima</strong></span> <span class='ocrx_word' id='word_1_393' title='bbox 704 5071 833 5112; x_wconf 84' lang='lat' dir='ltr'><strong>vero</strong></span> <span class='ocrx_word' id='word_1_394' title='bbox 861 5057 1063 5114; x_wconf 88' lang='lat' dir='ltr'><strong>invidet</strong></span> <span class='ocrx_word' id='word_1_395' title='bbox 1097 5057 1266 5125; x_wconf 82' lang='lat' dir='ltr'><strong>fratri,</strong></span> <span class='ocrx_word' id='word_1_396' title='bbox 1297 5061 1382 5114; x_wconf 92' lang='lat' dir='ltr'><strong>hic</strong></span> <span class='ocrx_word' id='word_1_397' title='bbox 1413 5061 1559 5132; x_wconf 89' lang='lat' dir='ltr'><strong>virgo</strong></span> <span class='ocrx_word' id='word_1_398' title='bbox 1588 5079 1692 5118; x_wconf 92' lang='lat' dir='ltr'><strong>non</strong></span> <span class='ocrx_word' id='word_1_399' title='bbox 1720 5074 1800 5118; x_wconf 90' lang='lat' dir='ltr'><strong>est</strong></span> <span class='ocrx_word' id='word_1_400' title='bbox 1827 5083 1840 5118; x_wconf 91' lang='lat'>:</span> <span class='ocrx_word' id='word_1_401' title='bbox 1869 5065 2085 5135; x_wconf 84' lang='lat' dir='ltr'><strong>virgini-</strong></span> 
     </span>
    </p>
   </div>
   <div class='ocr_carea' id='block_1_54' title="bbox 501 5149 2062 5220">
    <p class='ocr_par' dir='ltr' id='par_1_54' title="bbox 501 5149 2062 5220">
     <span class='ocr_line' id='line_1_54' title="bbox 501 5149 2062 5220; baseline 0.009 -22"><span class='ocrx_word' id='word_1_402' title='bbox 501 5153 666 5201; x_wconf 84' lang='lat' dir='ltr'><strong>tatem</strong></span> <span class='ocrx_word' id='word_1_403' title='bbox 690 5149 830 5204; x_wconf 89' lang='lat' dir='ltr'><strong>enim</strong></span> <span class='ocrx_word' id='word_1_404' title='bbox 861 5151 974 5220; x_wconf 87' lang='lat' dir='ltr'><strong>ejus</strong></span> <span class='ocrx_word' id='word_1_405' title='bbox 1011 5153 1217 5206; x_wconf 87' lang='lat' dir='ltr'><strong>vitiavit</strong></span> <span class='ocrx_word' id='word_1_406' title='bbox 1243 5151 1428 5208; x_wconf 87' lang='lat' dir='ltr'><strong>livoris</strong></span> <span class='ocrx_word' id='word_1_407' title='bbox 1455 5155 1782 5211; x_wconf 89' lang='lat' dir='ltr'><strong>commixtio.</strong></span> <span class='ocrx_word' id='word_1_408' title='bbox 1818 5155 1946 5210; x_wconf 86' lang='lat' dir='ltr'><strong>Item</strong></span> <span class='ocrx_word' id='word_1_409' title='bbox 1978 5159 2062 5212; x_wconf 82' lang='lat' dir='ltr'><strong>ina</strong></span> 
     </span>
    </p>
   </div>
   <div class='ocr_carea' id='block_1_55' title="bbox 505 5236 2084 5318">
    <p class='ocr_par' dir='ltr' id='par_1_55' title="bbox 505 5236 2084 5318">
     <span class='ocr_line' id='line_1_55' title="bbox 505 5236 2084 5318; baseline 0.009 -31"><span class='ocrx_word' id='word_1_410' title='bbox 505 5236 588 5290; x_wconf 90' lang='lat' dir='ltr'><strong>nis</strong></span> <span class='ocrx_word' id='word_1_411' title='bbox 639 5239 820 5306; x_wconf 67' lang='lat' dir='ltr'><strong>gloriae</strong></span> <span class='ocrx_word' id='word_1_412' title='bbox 868 5251 1142 5312; x_wconf 89' lang='lat' dir='ltr'><strong>appetens,</strong></span> <span class='ocrx_word' id='word_1_413' title='bbox 1190 5259 1294 5300; x_wconf 93' lang='lat' dir='ltr'><strong>non</strong></span> <span class='ocrx_word' id='word_1_414' title='bbox 1347 5253 1431 5300; x_wconf 90' lang='lat' dir='ltr'><strong>est</strong></span> <span class='ocrx_word' id='word_1_415' title='bbox 1483 5247 1630 5316; x_wconf 88' lang='lat' dir='ltr'><strong>virgo</strong></span> <span class='ocrx_word' id='word_1_416' title='bbox 1674 5266 1686 5302; x_wconf 94' lang='lat'>:</span> <span class='ocrx_word' id='word_1_417' title='bbox 1733 5247 2084 5318; x_wconf 80' lang='lat' dir='ltr'><strong>virginitatem</strong></span> 
     </span>
    </p>
   </div>
   <div class='ocr_carea' id='block_1_56' title="bbox 505 5327 2088 5408">
    <p class='ocr_par' dir='ltr' id='par_1_56' title="bbox 505 5327 2088 5408">
     <span class='ocr_line' id='line_1_56' title="bbox 505 5327 2088 5408; baseline 0.011 -31"><span class='ocrx_word' id='word_1_418' title='bbox 505 5327 703 5396; x_wconf 86' lang='lat' dir='ltr'><strong>quippe</strong></span> <span class='ocrx_word' id='word_1_419' title='bbox 733 5331 847 5398; x_wconf 87' lang='lat' dir='ltr'><strong>ejus</strong></span> <span class='ocrx_word' id='word_1_420' title='bbox 882 5336 1118 5404; x_wconf 91' lang='lat' dir='ltr'><strong>corrupit</strong></span> <span class='ocrx_word' id='word_1_421' title='bbox 1165 5335 1344 5391; x_wconf 88' lang='lat' dir='ltr'><strong>livoris</strong></span> <span class='ocrx_word' id='word_1_422' title='bbox 1374 5337 1562 5408; x_wconf 88' lang='lat' dir='ltr'><strong>cupido</strong></span> <span class='ocrx_word' id='word_1_423' title='bbox 1594 5357 1605 5391; x_wconf 94' lang='lat'>:</span> <span class='ocrx_word' id='word_1_424' title='bbox 1638 5339 1832 5394; x_wconf 88' lang='lat' dir='ltr'><strong>etenim</strong></span> <span class='ocrx_word' id='word_1_425' title='bbox 1872 5341 2088 5395; x_wconf 83' lang='lat' dir='ltr'><strong>tum-bus</strong></span> 
     </span>
    </p>
   </div>
   <div class='ocr_carea' id='block_1_57' title="bbox 508 5413 2086 5500">
    <p class='ocr_par' dir='ltr' id='par_1_57' title="bbox 508 5413 2086 5500">
     <span class='ocr_line' id='line_1_57' title="bbox 508 5413 2086 5500; baseline 0.01 -34"><span class='ocrx_word' id='word_1_426' title='bbox 508 5413 598 5469; x_wconf 91' lang='lat' dir='ltr'><strong>ille</strong></span> <span class='ocrx_word' id='word_1_427' title='bbox 644 5418 804 5472; x_wconf 86' lang='lat' dir='ltr'><strong>animi</strong></span> <span class='ocrx_word' id='word_1_428' title='bbox 861 5421 1148 5492; x_wconf 85' lang='lat' dir='ltr'><strong>ingressus,</strong></span> <span class='ocrx_word' id='word_1_429' title='bbox 1199 5427 1315 5497; x_wconf 84' lang='lat' dir='ltr'><strong>ejus</strong></span> <span class='ocrx_word' id='word_1_430' title='bbox 1365 5429 1717 5500; x_wconf 76' lang='lat' dir='ltr'><strong>virginitatem</strong></span> <span class='ocrx_word' id='word_1_431' title='bbox 1758 5430 1939 5484; x_wconf 86' lang='lat' dir='ltr'><strong>solvit.</strong></span> <span class='ocrx_word' id='word_1_432' title='bbox 1989 5431 2086 5497; x_wconf 84' lang='lat' dir='ltr'><strong>Qui</strong></span> 
     </span>
    </p>
   </div>
   <div class='ocr_carea' id='block_1_58' title="bbox 507 5507 2085 5592">
    <p class='ocr_par' dir='ltr' id='par_1_58' title="bbox 507 5507 2085 5592">
     <span class='ocr_line' id='line_1_58' title="bbox 507 5507 2085 5592; baseline 0.011 -34"><span class='ocrx_word' id='word_1_433' title='bbox 507 5520 638 5560; x_wconf 69' lang='lat' dir='ltr'><strong>vero</strong></span> <span class='ocrx_word' id='word_1_434' title='bbox 663 5507 776 5562; x_wconf 87' lang='lat' dir='ltr'><strong>odit</strong></span> <span class='ocrx_word' id='word_1_435' title='bbox 803 5509 1020 5569; x_wconf 86' lang='lat' dir='ltr'><strong>fratrem</strong></span> <span class='ocrx_word' id='word_1_436' title='bbox 1047 5533 1223 5586; x_wconf 91' lang='lat' dir='ltr'><strong>suum,</strong></span> <span class='ocrx_word' id='word_1_437' title='bbox 1256 5522 1345 5576; x_wconf 91' lang='lat' dir='ltr'><strong>ille</strong></span> <span class='ocrx_word' id='word_1_438' title='bbox 1386 5521 1648 5578; x_wconf 88' lang='lat' dir='ltr'><strong>homicida</strong></span> <span class='ocrx_word' id='word_1_439' title='bbox 1696 5523 1889 5592; x_wconf 89' lang='lat' dir='ltr'><strong>potius,</strong></span> <span class='ocrx_word' id='word_1_440' title='bbox 1931 5539 2085 5592; x_wconf 89' lang='lat' dir='ltr'><strong>quam</strong></span> 
     </span>
    </p>
   </div>
   <div class='ocr_carea' id='block_1_59' title="bbox 503 5598 2088 5684">
    <p class='ocr_par' dir='ltr' id='par_1_59' title="bbox 503 5598 2088 5684">
     <span class='ocr_line' id='line_1_59' title="bbox 503 5598 2088 5684; baseline 0.011 -32"><span class='ocrx_word' id='word_1_441' title='bbox 503 5598 660 5670; x_wconf 55' lang='lat' dir='ltr'><strong>virgo</strong></span> <span class='ocrx_word' id='word_1_442' title='bbox 687 5610 788 5655; x_wconf 87' lang='lat' dir='ltr'><strong>est.</strong></span> <span class='ocrx_word' id='word_1_443' title='bbox 819 5599 989 5671; x_wconf 88' lang='lat' dir='ltr'><strong>thue</strong></span> <span class='ocrx_word' id='word_1_444' title='bbox 1031 5611 1332 5664; x_wconf 87' lang='lat' dir='ltr'><strong>summatim</strong></span> <span class='ocrx_word' id='word_1_445' title='bbox 1361 5611 1555 5678; x_wconf 92' lang='lat' dir='ltr'><strong>dicam,</strong></span> <span class='ocrx_word' id='word_1_446' title='bbox 1595 5614 1819 5684; x_wconf 87' lang='lat' dir='ltr'><strong>quisque</strong></span> <span class='ocrx_word' id='word_1_447' title='bbox 1855 5629 1944 5680; x_wconf 88' lang='lat' dir='ltr'><strong>eo,</strong></span> <span class='ocrx_word' id='word_1_448' title='bbox 1983 5629 2088 5684; x_wconf 87' lang='lat' dir='ltr'><strong>quo</strong></span> 
     </span>
    </p>
   </div>
   <div class='ocr_carea' id='block_1_60' title="bbox 513 5693 2079 5776">
    <p class='ocr_par' dir='ltr' id='par_1_60' title="bbox 513 5693 2079 5776">
     <span class='ocr_line' id='line_1_60' title="bbox 513 5693 2079 5776; baseline 0.008 -26"><span class='ocrx_word' id='word_1_449' title='bbox 513 5699 724 5750; x_wconf 78' lang='lat' dir='ltr'><strong>tenetur</strong></span> <span class='ocrx_word' id='word_1_450' title='bbox 751 5693 911 5750; x_wconf 87' lang='lat' dir='ltr'><strong>animi</strong></span> <span class='ocrx_word' id='word_1_451' title='bbox 952 5696 1137 5754; x_wconf 90' lang='lat' dir='ltr'><strong>morbo</strong></span> <span class='ocrx_word' id='word_1_452' title='bbox 1156 5737 1172 5766; x_wconf 90' lang='lat'><strong>,</strong></span> <span class='ocrx_word' id='word_1_453' title='bbox 1197 5699 1551 5773; x_wconf 77' lang='lat' dir='ltr'><strong>virginitatem</strong></span> <span class='ocrx_word' id='word_1_454' title='bbox 1591 5717 1739 5760; x_wconf 79' lang='lat' dir='ltr'><strong>suam</strong></span> <span class='ocrx_word' id='word_1_455' title='bbox 1764 5705 2079 5776; x_wconf 87' lang='lat' dir='ltr'><strong>corrumpit.</strong></span> 
     </span>
    </p>
   </div>
   <div class='ocr_carea' id='block_1_61' title="bbox 1149 280 2971 346">
    <p class='ocr_par' dir='ltr' id='par_1_61' title="bbox 1149 280 2971 346">
     <span class='ocr_line' id='line_1_61' title="bbox 1149 280 2971 346; baseline 0 -8"><span class='ocrx_word' id='word_1_456' title='bbox 1149 283 1202 338; x_wconf 89' lang='lat' dir='ltr'><strong>S.</strong></span> <span class='ocrx_word' id='word_1_457' title='bbox 1245 281 1521 338; x_wconf 58' lang='lat' dir='ltr'><strong>JOAN’NIS</strong></span> <span class='ocrx_word' id='word_1_458' title='bbox 1562 281 2030 339; x_wconf 71' lang='lat' dir='ltr'><strong>CIIRYSOSTOMI</strong></span> <span class='ocrx_word' id='word_1_459' title='bbox 2074 280 2388 345; x_wconf 78' lang='lat' dir='ltr'><strong>.-\RClliEP.</strong></span> <span class='ocrx_word' id='word_1_460' title='bbox 2431 281 2971 346; x_wconf 48' lang='lat' dir='ltr'><strong>(SUNS&#39;l‘AM‘iNOP.</strong></span> 
     </span>
    </p>
   </div>
   <div class='ocr_carea' id='block_1_62' title="bbox 3609 284 3710 340">
    <p class='ocr_par' dir='ltr' id='par_1_62' title="bbox 3609 284 3710 340">
     <span class='ocr_line' id='line_1_62' title="bbox 3609 284 3710 340; baseline 0.02 -3"><span class='ocrx_word' id='word_1_461' title='bbox 3609 284 3710 340; x_wconf 70' lang='lat' dir='ltr'><em>3M</em></span> 
     </span>
    </p>
   </div>
   <div class='ocr_carea' id='block_1_63' title="bbox 2137 395 3718 464">
    <p class='ocr_par' dir='ltr' id='par_1_63' title="bbox 2137 395 3718 464">
     <span class='ocr_line' id='line_1_63' title="bbox 2137 395 3718 464; baseline 0.003 -17"><span class='ocrx_word' id='word_1_462' title='bbox 2137 395 2338 450; x_wconf 89' lang='lat' dir='ltr'><strong>Idcirco</strong></span> <span class='ocrx_word' id='word_1_463' title='bbox 2386 395 2580 451; x_wconf 85' lang='lat' dir='ltr'><strong>Paulus</strong></span> <span class='ocrx_word' id='word_1_464' title='bbox 2629 396 2788 452; x_wconf 67' lang='lat' dir='ltr'><strong>hasce</strong></span> <span class='ocrx_word' id='word_1_465' title='bbox 2837 411 3024 464; x_wconf 85' lang='lat' dir='ltr'><strong>pravas</strong></span> <span class='ocrx_word' id='word_1_466' title='bbox 3076 410 3262 450; x_wconf 84' lang='lat' dir='ltr'><strong>omnes</strong></span> <span class='ocrx_word' id='word_1_467' title='bbox 3313 395 3718 454; x_wconf 61' lang='lat' dir='ltr'><strong>commixtione;</strong></span> 
     </span>
    </p>
   </div>
   <div class='ocr_carea' id='block_1_64' title="bbox 2134 487 3716 558">
    <p class='ocr_par' dir='ltr' id='par_1_64' title="bbox 2134 487 3716 558">
     <span class='ocr_line' id='line_1_64' title="bbox 2134 487 3716 558; baseline 0.003 -19"><span class='ocrx_word' id='word_1_468' title='bbox 2134 487 2315 556; x_wconf 85' lang='lat' dir='ltr'><strong>abigit,</strong></span> <span class='ocrx_word' id='word_1_469' title='bbox 2367 499 2525 558; x_wconf 87' lang='lat' dir='ltr'><strong>atque</strong></span> <span class='ocrx_word' id='word_1_470' title='bbox 2566 489 2710 558; x_wconf 87' lang='lat' dir='ltr'><strong>jubet</strong></span> <span class='ocrx_word' id='word_1_471' title='bbox 2761 504 2858 543; x_wconf 85' lang='lat' dir='ltr'><strong>nos</strong></span> <span class='ocrx_word' id='word_1_472' title='bbox 2913 490 2982 542; x_wconf 86' lang='lat' dir='ltr'><strong>ita</strong></span> <span class='ocrx_word' id='word_1_473' title='bbox 3029 487 3261 558; x_wconf 85' lang='lat' dir='ltr'><strong>virgines</strong></span> <span class='ocrx_word' id='word_1_474' title='bbox 3305 503 3446 554; x_wconf 89' lang='lat' dir='ltr'><strong>esse,</strong></span> <span class='ocrx_word' id='word_1_475' title='bbox 3491 499 3554 542; x_wconf 90' lang='lat' dir='ltr'><strong>ut</strong></span> <span class='ocrx_word' id='word_1_476' title='bbox 3597 491 3716 543; x_wconf 81' lang='lat' dir='ltr'><strong>nul-</strong></span> 
     </span>
    </p>
   </div>
   <div class='ocr_carea' id='block_1_65' title="bbox 2137 575 3718 650">
    <p class='ocr_par' dir='ltr' id='par_1_65' title="bbox 2137 575 3718 650">
     <span class='ocr_line' id='line_1_65' title="bbox 2137 575 3718 650; baseline 0.003 -20"><span class='ocrx_word' id='word_1_477' title='bbox 2137 575 2238 630; x_wconf 81' lang='lat' dir='ltr'><strong>Iam</strong></span> <span class='ocrx_word' id='word_1_478' title='bbox 2267 579 2586 632; x_wconf 82' lang='lat' dir='ltr'><strong>contrariam</strong></span> <span class='ocrx_word' id='word_1_479' title='bbox 2613 581 2990 650; x_wconf 74' lang='lat' dir='ltr'><strong>cogitationem</strong></span> <span class='ocrx_word' id='word_1_480' title='bbox 3019 579 3072 632; x_wconf 90' lang='lat' dir='ltr'><strong>in</strong></span> <span class='ocrx_word' id='word_1_481' title='bbox 3101 579 3276 633; x_wconf 86' lang='lat' dir='ltr'><strong>anima</strong></span> <span class='ocrx_word' id='word_1_482' title='bbox 3313 589 3506 650; x_wconf 86' lang='lat' dir='ltr'><strong>sponte</strong></span> <span class='ocrx_word' id='word_1_483' title='bbox 3549 583 3718 635; x_wconf 80' lang='lat' dir='ltr'><strong>suSci-</strong></span> 
     </span>
    </p>
   </div>
   <div class='ocr_carea' id='block_1_66' title="bbox 2141 667 2364 736">
    <p class='ocr_par' dir='ltr' id='par_1_66' title="bbox 2141 667 2364 736">
     <span class='ocr_line' id='line_1_66' title="bbox 2141 667 2364 736; baseline 0 -16"><span class='ocrx_word' id='word_1_484' title='bbox 2141 667 2364 736; x_wconf 77' lang='lat' dir='ltr'><strong>planius.</strong></span> 
     </span>
    </p>
   </div>
   <div class='ocr_carea' id='block_1_67' title="bbox 2209 759 3729 832">
    <p class='ocr_par' dir='ltr' id='par_1_67' title="bbox 2209 759 3729 832">
     <span class='ocr_line' id='line_1_67' title="bbox 2209 759 3729 832; baseline 0.005 -21"><span class='ocrx_word' id='word_1_485' title='bbox 2209 759 2263 812; x_wconf 76' lang='grc'><strong>4.</strong></span> <span class='ocrx_word' id='word_1_486' title='bbox 2293 759 2426 825; x_wconf 87' lang='lat' dir='ltr'><strong>Quid</strong></span> <span class='ocrx_word' id='word_1_487' title='bbox 2456 761 2612 829; x_wconf 85' lang='lat' dir='ltr'><strong>igitur</strong></span> <span class='ocrx_word' id='word_1_488' title='bbox 2637 761 2702 816; x_wconf 89' lang='lat' dir='ltr'><strong>ad</strong></span> <span class='ocrx_word' id='word_1_489' title='bbox 2749 762 2864 817; x_wconf 81' lang='lat' dir='ltr'><strong>lucc</strong></span> <span class='ocrx_word' id='word_1_490' title='bbox 2895 762 3175 818; x_wconf 81' lang='lat' dir='ltr'><strong>dicemus?</strong></span> <span class='ocrx_word' id='word_1_491' title='bbox 3217 762 3481 832; x_wconf 89' lang='lat' dir='ltr'><strong>quomodo</strong></span> <span class='ocrx_word' id='word_1_492' title='bbox 3519 763 3729 818; x_wconf 82' lang='lat' dir='ltr'><strong>miseri-</strong></span> 
     </span>
    </p>
   </div>
   <div class='ocr_carea' id='block_1_68' title="bbox 2141 849 3731 923">
    <p class='ocr_par' dir='ltr' id='par_1_68' title="bbox 2141 849 3731 923">
     <span class='ocr_line' id='line_1_68' title="bbox 2141 849 3731 923; baseline 0.003 -21"><span class='ocrx_word' id='word_1_493' title='bbox 2141 849 2374 903; x_wconf 86' lang='lat' dir='ltr'><strong>cordiam</strong></span> <span class='ocrx_word' id='word_1_494' title='bbox 2419 852 2848 919; x_wconf 68' lang='lat' dir='ltr'><strong>consequemur?</strong></span> <span class='ocrx_word' id='word_1_495' title='bbox 2877 851 3144 921; x_wconf 89' lang='lat' dir='ltr'><strong>quomodo</strong></span> <span class='ocrx_word' id='word_1_496' title='bbox 3185 853 3447 907; x_wconf 85' lang='lat' dir='ltr'><strong>salutem?</strong></span> <span class='ocrx_word' id='word_1_497' title='bbox 3491 853 3604 923; x_wconf 84' lang='lat' dir='ltr'><strong>Ego</strong></span> <span class='ocrx_word' id='word_1_498' title='bbox 3649 854 3731 908; x_wconf 86' lang='lat' dir='ltr'><strong>di-</strong></span> 
     </span>
    </p>
   </div>
   <div class='ocr_carea' id='block_1_69' title="bbox 2145 941 3732 1014">
    <p class='ocr_par' dir='ltr' id='par_1_69' title="bbox 2145 941 3732 1014">
     <span class='ocr_line' id='line_1_69' title="bbox 2145 941 3732 1014; baseline 0.002 -19"><span class='ocrx_word' id='word_1_499' title='bbox 2145 957 2260 996; x_wconf 91' lang='lat' dir='ltr'><strong>cam</strong></span> <span class='ocrx_word' id='word_1_500' title='bbox 2286 959 2298 995; x_wconf 93' lang='lat'>:</span> <span class='ocrx_word' id='word_1_501' title='bbox 2330 942 2622 996; x_wconf 90' lang='lat' dir='ltr'><strong>oralionem</strong></span> <span class='ocrx_word' id='word_1_502' title='bbox 2669 941 2720 996; x_wconf 88' lang='lat' dir='ltr'><strong>in</strong></span> <span class='ocrx_word' id='word_1_503' title='bbox 2751 942 2912 997; x_wconf 89' lang='lat' dir='ltr'><strong>corde</strong></span> <span class='ocrx_word' id='word_1_504' title='bbox 2937 958 3148 1012; x_wconf 87' lang='lat' dir='ltr'><strong>semper</strong></span> <span class='ocrx_word' id='word_1_505' title='bbox 3185 943 3556 1014; x_wconf 86' lang='lat' dir='ltr'><strong>suscipiamus,</strong></span> <span class='ocrx_word' id='word_1_506' title='bbox 3581 943 3732 1013; x_wconf 86' lang='lat' dir='ltr'><strong>ejus-</strong></span> 
     </span>
    </p>
   </div>
   <div class='ocr_carea' id='block_1_70' title="bbox 2144 1031 3732 1102">
    <p class='ocr_par' dir='ltr' id='par_1_70' title="bbox 2144 1031 3732 1102">
     <span class='ocr_line' id='line_1_70' title="bbox 2144 1031 3732 1102; baseline 0.005 -20"><span class='ocrx_word' id='word_1_507' title='bbox 2144 1049 2246 1102; x_wconf 86' lang='lat' dir='ltr'><strong>que</strong></span> <span class='ocrx_word' id='word_1_508' title='bbox 2273 1031 2494 1096; x_wconf 88' lang='lat' dir='ltr'><strong>fructtts,</strong></span> <span class='ocrx_word' id='word_1_509' title='bbox 2533 1048 2724 1102; x_wconf 88' lang='lat' dir='ltr'><strong>nempe</strong></span> <span class='ocrx_word' id='word_1_510' title='bbox 2765 1033 3139 1102; x_wconf 87' lang='lat' dir='ltr'><strong>humilitatem,</strong></span> <span class='ocrx_word' id='word_1_511' title='bbox 3162 1045 3216 1090; x_wconf 88' lang='lat' dir='ltr'><strong>et</strong></span> <span class='ocrx_word' id='word_1_512' title='bbox 3243 1036 3732 1102; x_wconf 88' lang='lat' dir='ltr'><strong>mansuetudinem;</strong></span> 
     </span>
    </p>
   </div>
   <div class='ocr_carea' id='block_1_71' title="bbox 2147 1123 3737 1201">
    <p class='ocr_par' dir='ltr' id='par_1_71' title="bbox 2147 1123 3737 1201">
     <span class='ocr_line' id='line_1_71' title="bbox 2147 1123 3737 1201; baseline 0.004 -25"><span class='ocrx_word' id='word_1_513' title='bbox 2147 1123 2334 1177; x_wconf 75' lang='lat' dir='ltr'><strong>Discite</strong></span> <span class='ocrx_word' id='word_1_514' title='bbox 2366 1123 2529 1186; x_wconf 90' lang='lat' dir='ltr'><strong>enim,</strong></span> <span class='ocrx_word' id='word_1_515' title='bbox 2559 1123 2746 1194; x_wconf 84' lang='lat' dir='ltr'><strong>inquit,</strong></span> <span class='ocrx_word' id='word_1_516' title='bbox 2773 1141 2806 1178; x_wconf 90' lang='lat' dir='ltr'><strong>a</strong></span> <span class='ocrx_word' id='word_1_517' title='bbox 2831 1141 2910 1178; x_wconf 88' lang='lat' dir='ltr'><strong>me</strong></span> <span class='ocrx_word' id='word_1_518' title='bbox 2951 1127 3069 1196; x_wconf 83' lang='lat' dir='ltr'><strong>quia</strong></span> <span class='ocrx_word' id='word_1_519' title='bbox 3116 1127 3250 1180; x_wconf 75' lang='lat' dir='ltr'><strong>mitis</strong></span> <span class='ocrx_word' id='word_1_520' title='bbox 3286 1143 3398 1180; x_wconf 76' lang='lat' dir='ltr'><strong>sum</strong></span> <span class='ocrx_word' id='word_1_521' title='bbox 3441 1137 3488 1180; x_wconf 85' lang='lat' dir='ltr'><strong>et</strong></span> <span class='ocrx_word' id='word_1_522' title='bbox 3528 1127 3737 1201; x_wconf 69' lang='lat' dir='ltr'><strong>humilis</strong></span> 
     </span>
    </p>
   </div>
   <div class='ocr_carea' id='block_1_72' title="bbox 2146 1214 3736 1286">
    <p class='ocr_par' dir='ltr' id='par_1_72' title="bbox 2146 1214 3736 1286">
     <span class='ocr_line' id='line_1_72' title="bbox 2146 1214 3736 1286; baseline 0.002 -19"><span class='ocrx_word' id='word_1_523' title='bbox 2146 1215 2314 1280; x_wconf 85' lang='lat' dir='ltr'><strong>corde,</strong></span> <span class='ocrx_word' id='word_1_524' title='bbox 2345 1223 2390 1268; x_wconf 91' lang='lat' dir='ltr'><strong>ct</strong></span> <span class='ocrx_word' id='word_1_525' title='bbox 2417 1214 2673 1268; x_wconf 78' lang='lat' dir='ltr'><strong>invenietis</strong></span> <span class='ocrx_word' id='word_1_526' title='bbox 2688 1216 2905 1284; x_wconf 86' lang='lat' dir='ltr'><strong>requiem</strong></span> <span class='ocrx_word' id='word_1_527' title='bbox 2925 1217 3188 1270; x_wconf 80' lang='lat' dir='ltr'><strong>animabus</strong></span> <span class='ocrx_word' id='word_1_528' title='bbox 3214 1219 3384 1271; x_wconf 75' lang='lat' dir='ltr'><strong>vestris</strong></span> <span class='ocrx_word' id='word_1_529' title='bbox 3409 1215 3622 1286; x_wconf 75' lang='lat' dir='ltr'><strong>(Matth.</strong></span> <span class='ocrx_word' id='word_1_530' title='bbox 3652 1219 3736 1273; x_wconf 81' lang='grc' dir='ltr'><strong>Η.</strong></span> 
     </span>
    </p>
   </div>
   <div class='ocr_carea' id='block_1_73' title="bbox 2150 1305 3740 1380">
    <p class='ocr_par' dir='ltr' id='par_1_73' title="bbox 2150 1305 3740 1380">
     <span class='ocr_line' id='line_1_73' title="bbox 2150 1305 3740 1380; baseline 0.004 -21"><span class='ocrx_word' id='word_1_531' title='bbox 2150 1305 2272 1372; x_wconf 73' lang='lat'><strong>29);</strong></span> <span class='ocrx_word' id='word_1_532' title='bbox 2306 1321 2621 1376; x_wconf 85' lang='lat' dir='ltr'><strong>rursumque</strong></span> <span class='ocrx_word' id='word_1_533' title='bbox 2643 1306 2812 1360; x_wconf 89' lang='lat' dir='ltr'><strong>David</strong></span> <span class='ocrx_word' id='word_1_534' title='bbox 2837 1324 2850 1360; x_wconf 89' lang='lat'><strong>:</strong></span> <span class='ocrx_word' id='word_1_535' title='bbox 2880 1307 3204 1375; x_wconf 81' lang='lat' dir='ltr'><strong>Sacriﬁcium</strong></span> <span class='ocrx_word' id='word_1_536' title='bbox 3243 1308 3351 1362; x_wconf 88' lang='lat' dir='ltr'><strong>Dea</strong></span> <span class='ocrx_word' id='word_1_537' title='bbox 3375 1311 3586 1380; x_wconf 77' lang='lat' dir='ltr'><strong>spiritus</strong></span> <span class='ocrx_word' id='word_1_538' title='bbox 3611 1327 3740 1366; x_wconf 85' lang='lat' dir='ltr'><strong>con-</strong></span> 
     </span>
    </p>
   </div>
   <div class='ocr_carea' id='block_1_74' title="bbox 2149 1397 3742 1458">
    <p class='ocr_par' dir='ltr' id='par_1_74' title="bbox 2149 1397 3742 1458">
     <span class='ocr_line' id='line_1_74' title="bbox 2149 1397 3742 1458; baseline 0.005 -8"><span class='ocrx_word' id='word_1_539' title='bbox 2149 1397 2414 1452; x_wconf 86' lang='lat' dir='ltr'><strong>tribulatus</strong></span> <span class='ocrx_word' id='word_1_540' title='bbox 2444 1414 2462 1452; x_wconf 92' lang='lat'><em>:</em></span> <span class='ocrx_word' id='word_1_541' title='bbox 2490 1415 2576 1452; x_wconf 87' lang='lat' dir='ltr'><strong>cor</strong></span> <span class='ocrx_word' id='word_1_542' title='bbox 2601 1401 2868 1453; x_wconf 86' lang='lat' dir='ltr'><strong>contritum</strong></span> <span class='ocrx_word' id='word_1_543' title='bbox 2897 1411 2943 1454; x_wconf 89' lang='lat' dir='ltr'><strong>et</strong></span> <span class='ocrx_word' id='word_1_544' title='bbox 2969 1401 3457 1457; x_wconf 71' lang='lat' dir='ltr'><strong>humiliatum&#39;Dcus</strong></span> <span class='ocrx_word' id='word_1_545' title='bbox 3499 1420 3604 1458; x_wconf 83' lang='lat' dir='ltr'><strong>non</strong></span> <span class='ocrx_word' id='word_1_546' title='bbox 3645 1405 3742 1458; x_wconf 80' lang='lat' dir='ltr'><strong>de-</strong></span> 
     </span>
    </p>
   </div>
   <div class='ocr_carea' id='block_1_75' title="bbox 2151 1489 3744 1563">
    <p class='ocr_par' dir='ltr' id='par_1_75' title="bbox 2151 1489 3744 1563">
     <span class='ocr_line' id='line_1_75' title="bbox 2151 1489 3744 1563; baseline 0.003 -19"><span class='ocrx_word' id='word_1_547' title='bbox 2151 1491 2322 1558; x_wconf 76' lang='lat' dir='ltr'><strong>spiciet</strong></span> <span class='ocrx_word' id='word_1_548' title='bbox 2346 1489 2463 1560; x_wconf 77' lang='lat' dir='ltr'><strong>(Ps.</strong></span> <span class='ocrx_word' id='word_1_549' title='bbox 2493 1490 2580 1545; x_wconf 84' lang='lat'><strong>50.</strong></span> <span class='ocrx_word' id='word_1_550' title='bbox 2615 1490 2727 1561; x_wconf 78' lang='grc'><strong>19).</strong></span> <span class='ocrx_word' id='word_1_551' title='bbox 2756 1490 2896 1546; x_wconf 77' lang='lat' dir='ltr'><strong>Nihil</strong></span> <span class='ocrx_word' id='word_1_552' title='bbox 2923 1493 3066 1546; x_wconf 92' lang='lat' dir='ltr'><strong>enim</strong></span> <span class='ocrx_word' id='word_1_553' title='bbox 3106 1493 3176 1548; x_wconf 87' lang='lat' dir='ltr'><strong>ita</strong></span> <span class='ocrx_word' id='word_1_554' title='bbox 3220 1493 3360 1548; x_wconf 88' lang='lat' dir='ltr'><strong>Deus</strong></span> <span class='ocrx_word' id='word_1_555' title='bbox 3391 1495 3744 1563; x_wconf 86' lang='lat' dir='ltr'><strong>amplectitur</strong></span> 
     </span>
    </p>
   </div>
   <div class='ocr_carea' id='block_1_76' title="bbox 2151 1583 3741 1656">
    <p class='ocr_par' dir='ltr' id='par_1_76' title="bbox 2151 1583 3741 1656">
     <span class='ocr_line' id='line_1_76' title="bbox 2151 1583 3741 1656; baseline 0.003 -21"><span class='ocrx_word' id='word_1_556' title='bbox 2151 1595 2203 1636; x_wconf 92' lang='lat' dir='ltr'><strong>ct.</strong></span> <span class='ocrx_word' id='word_1_557' title='bbox 2239 1595 2402 1648; x_wconf 88' lang='lat' dir='ltr'><strong>amat,</strong></span> <span class='ocrx_word' id='word_1_558' title='bbox 2443 1591 2497 1636; x_wconf 91' lang='lat' dir='ltr'><strong>ut</strong></span> <span class='ocrx_word' id='word_1_559' title='bbox 2543 1583 2774 1636; x_wconf 89' lang='lat' dir='ltr'><strong>animam</strong></span> <span class='ocrx_word' id='word_1_560' title='bbox 2818 1585 2999 1638; x_wconf 88' lang='lat' dir='ltr'><strong>mitem</strong></span> <span class='ocrx_word' id='word_1_561' title='bbox 3049 1594 3103 1640; x_wconf 90' lang='lat' dir='ltr'><strong>et</strong></span> <span class='ocrx_word' id='word_1_562' title='bbox 3145 1583 3398 1640; x_wconf 82' lang='lat' dir='ltr'><strong>humilem</strong></span> <span class='ocrx_word' id='word_1_563' title='bbox 3427 1596 3481 1640; x_wconf 91' lang='lat' dir='ltr'><strong>et</strong></span> <span class='ocrx_word' id='word_1_564' title='bbox 3507 1597 3741 1656; x_wconf 85' lang='lat' dir='ltr'><strong>gratam.</strong></span> 
     </span>
    </p>
   </div>
   <div class='ocr_carea' id='block_1_77' title="bbox 2157 1673 3743 1746">
    <p class='ocr_par' dir='ltr' id='par_1_77' title="bbox 2157 1673 3743 1746">
     <span class='ocr_line' id='line_1_77' title="bbox 2157 1673 3743 1746; baseline 0.003 -20"><span class='ocrx_word' id='word_1_565' title='bbox 2157 1673 2387 1727; x_wconf 84' lang='lat' dir='ltr'><strong>Adverte</strong></span> <span class='ocrx_word' id='word_1_566' title='bbox 2419 1673 2577 1742; x_wconf 80' lang='lat' dir='ltr'><strong>igitur</strong></span> <span class='ocrx_word' id='word_1_567' title='bbox 2597 1683 2648 1727; x_wconf 91' lang='lat' dir='ltr'><strong>ct</strong></span> <span class='ocrx_word' id='word_1_568' title='bbox 2675 1683 2750 1739; x_wconf 91' lang='lat' dir='ltr'><strong>tu,</strong></span> <span class='ocrx_word' id='word_1_569' title='bbox 2784 1674 2976 1740; x_wconf 83' lang='lat' dir='ltr'><strong>frater;</strong></span> <span class='ocrx_word' id='word_1_570' title='bbox 3005 1691 3125 1730; x_wconf 91' lang='lat' dir='ltr'><strong>cum</strong></span> <span class='ocrx_word' id='word_1_571' title='bbox 3158 1677 3280 1745; x_wconf 91' lang='lat' dir='ltr'><strong>quid</strong></span> <span class='ocrx_word' id='word_1_572' title='bbox 3309 1677 3743 1746; x_wconf 82' lang='lat' dir='ltr'><strong>inexspectatum</strong></span> 
     </span>
    </p>
   </div>
   <div class='ocr_carea' id='block_1_78' title="bbox 2161 1763 3749 1837">
    <p class='ocr_par' dir='ltr' id='par_1_78' title="bbox 2161 1763 3749 1837">
     <span class='ocr_line' id='line_1_78' title="bbox 2161 1763 3749 1837; baseline 0.005 -21"><span class='ocrx_word' id='word_1_573' title='bbox 2161 1764 2251 1817; x_wconf 87' lang='lat' dir='ltr'><strong>tibi</strong></span> <span class='ocrx_word' id='word_1_574' title='bbox 2284 1763 2534 1818; x_wconf 89' lang='lat' dir='ltr'><strong>acciderit</strong></span> <span class='ocrx_word' id='word_1_575' title='bbox 2579 1765 2983 1837; x_wconf 87' lang='lat' dir='ltr'><strong>molestiamque</strong></span> <span class='ocrx_word' id='word_1_576' title='bbox 3025 1769 3240 1834; x_wconf 87' lang='lat' dir='ltr'><strong>crearit,</strong></span> <span class='ocrx_word' id='word_1_577' title='bbox 3283 1785 3352 1824; x_wconf 90' lang='lat' dir='ltr'><strong>ne</strong></span> <span class='ocrx_word' id='word_1_578' title='bbox 3387 1770 3452 1823; x_wconf 86' lang='lat' dir='ltr'><strong>ad</strong></span> <span class='ocrx_word' id='word_1_579' title='bbox 3495 1772 3749 1825; x_wconf 85' lang='lat' dir='ltr'><strong>homines</strong></span> 
     </span>
    </p>
   </div>
   <div class='ocr_carea' id='block_1_79' title="bbox 2155 1855 3752 1932">
    <p class='ocr_par' dir='ltr' id='par_1_79' title="bbox 2155 1855 3752 1932">
     <span class='ocr_line' id='line_1_79' title="bbox 2155 1855 3752 1932; baseline 0.006 -22"><span class='ocrx_word' id='word_1_580' title='bbox 2155 1855 2449 1926; x_wconf 76' lang='lat' dir='ltr'><strong>Confugias,</strong></span> <span class='ocrx_word' id='word_1_581' title='bbox 2478 1873 2543 1911; x_wconf 88' lang='lat' dir='ltr'><strong>ne</strong></span> <span class='ocrx_word' id='word_1_582' title='bbox 2572 1857 2636 1910; x_wconf 88' lang='lat' dir='ltr'><strong>ad</strong></span> <span class='ocrx_word' id='word_1_583' title='bbox 2665 1860 2888 1913; x_wconf 84' lang='lat' dir='ltr'><strong>mortale</strong></span> <span class='ocrx_word' id='word_1_584' title='bbox 2915 1861 3174 1914; x_wconf 88' lang='lat' dir='ltr'><strong>auxilium</strong></span> <span class='ocrx_word' id='word_1_585' title='bbox 3202 1863 3488 1932; x_wconf 89' lang='lat' dir='ltr'><strong>respicias;</strong></span> <span class='ocrx_word' id='word_1_586' title='bbox 3513 1864 3606 1918; x_wconf 88' lang='lat' dir='ltr'><strong>scd</strong></span> <span class='ocrx_word' id='word_1_587' title='bbox 3635 1879 3752 1920; x_wconf 82' lang='lat' dir='ltr'><strong>om-</strong></span> 
     </span>
    </p>
   </div>
   <div class='ocr_carea' id='block_1_80' title="bbox 2157 1952 3750 2016">
    <p class='ocr_par' dir='ltr' id='par_1_80' title="bbox 2157 1952 3750 2016">
     <span class='ocr_line' id='line_1_80' title="bbox 2157 1952 3750 2016; baseline 0.005 -14"><span class='ocrx_word' id='word_1_588' title='bbox 2157 1959 2659 2016; x_wconf 85' lang='lat' dir='ltr'><strong>ncstrauscurrens,</strong></span> <span class='ocrx_word' id='word_1_589' title='bbox 2691 1961 2868 2006; x_wconf 88' lang='lat' dir='ltr'><strong>mente</strong></span> <span class='ocrx_word' id='word_1_590' title='bbox 2909 1960 2996 2006; x_wconf 86' lang='lat' dir='ltr'><strong>tua</strong></span> <span class='ocrx_word' id='word_1_591' title='bbox 3038 1952 3103 2006; x_wconf 90' lang='lat' dir='ltr'><strong>ad</strong></span> <span class='ocrx_word' id='word_1_592' title='bbox 3140 1956 3434 2008; x_wconf 89' lang='lat' dir='ltr'><strong>animarum</strong></span> <span class='ocrx_word' id='word_1_593' title='bbox 3475 1955 3750 2010; x_wconf 85' lang='lat' dir='ltr'><strong>medicum</strong></span> 
     </span>
    </p>
   </div>
   <div class='ocr_carea' id='block_1_81' title="bbox 2159 2037 3750 2116">
    <p class='ocr_par' dir='ltr' id='par_1_81' title="bbox 2159 2037 3750 2116">
     <span class='ocr_line' id='line_1_81' title="bbox 2159 2037 3750 2116; baseline 0.006 -24"><span class='ocrx_word' id='word_1_594' title='bbox 2159 2047 2210 2093; x_wconf 89' lang='lat' dir='ltr'><strong>te</strong></span> <span class='ocrx_word' id='word_1_595' title='bbox 2239 2037 2442 2094; x_wconf 90' lang='lat' dir='ltr'><strong>confer.</strong></span> <span class='ocrx_word' id='word_1_596' title='bbox 2471 2038 2602 2094; x_wconf 87' lang='lat' dir='ltr'><strong>Nam</strong></span> <span class='ocrx_word' id='word_1_597' title='bbox 2640 2041 2754 2110; x_wconf 88' lang='lat' dir='ltr'><strong>ipse</strong></span> <span class='ocrx_word' id='word_1_598' title='bbox 2784 2042 2928 2096; x_wconf 92' lang='lat' dir='ltr'><strong>solus</strong></span> <span class='ocrx_word' id='word_1_599' title='bbox 2953 2041 3100 2097; x_wconf 89' lang='lat' dir='ltr'><strong>cordi</strong></span> <span class='ocrx_word' id='word_1_600' title='bbox 3133 2043 3392 2098; x_wconf 87' lang='lat' dir='ltr'><strong>medelam</strong></span> <span class='ocrx_word' id='word_1_601' title='bbox 3424 2044 3620 2100; x_wconf 75' lang='lat' dir='ltr'><strong>afferre</strong></span> <span class='ocrx_word' id='word_1_602' title='bbox 3647 2062 3750 2116; x_wconf 89' lang='lat' dir='ltr'><strong>po-</strong></span> 
     </span>
    </p>
   </div>
   <div class='ocr_carea' id='block_1_82' title="bbox 2159 2131 3752 2207">
    <p class='ocr_par' dir='ltr' id='par_1_82' title="bbox 2159 2131 3752 2207">
     <span class='ocr_line' id='line_1_82' title="bbox 2159 2131 3752 2207; baseline 0.005 -24"><span class='ocrx_word' id='word_1_603' title='bbox 2159 2139 2281 2194; x_wconf 85' lang='lat' dir='ltr'><strong>test,</strong></span> <span class='ocrx_word' id='word_1_604' title='bbox 2311 2131 2398 2201; x_wconf 91' lang='lat' dir='ltr'><strong>qui</strong></span> <span class='ocrx_word' id='word_1_605' title='bbox 2448 2131 2597 2186; x_wconf 86' lang='lat' dir='ltr'><strong>finxit</strong></span> <span class='ocrx_word' id='word_1_606' title='bbox 2641 2131 2948 2202; x_wconf 87' lang='lat' dir='ltr'><strong>singillatim</strong></span> <span class='ocrx_word' id='word_1_607' title='bbox 2992 2134 3152 2188; x_wconf 87' lang='lat' dir='ltr'><strong>corda</strong></span> <span class='ocrx_word' id='word_1_608' title='bbox 3191 2145 3370 2190; x_wconf 86' lang='lat' dir='ltr'><strong>nostra</strong></span> <span class='ocrx_word' id='word_1_609' title='bbox 3411 2145 3468 2191; x_wconf 89' lang='lat' dir='ltr'><strong>et</strong></span> <span class='ocrx_word' id='word_1_610' title='bbox 3496 2136 3752 2207; x_wconf 82' lang='lat' dir='ltr'><strong>intelligit</strong></span> 
     </span>
    </p>
   </div>
   <div class='ocr_carea' id='block_1_83' title="bbox 2159 2225 3750 2298">
    <p class='ocr_par' dir='ltr' id='par_1_83' title="bbox 2159 2225 3750 2298">
     <span class='ocr_line' id='line_1_83' title="bbox 2159 2225 3750 2298; baseline 0.003 -20"><span class='ocrx_word' id='word_1_611' title='bbox 2159 2225 2336 2278; x_wconf 90' lang='lat' dir='ltr'><strong>omnia</strong></span> <span class='ocrx_word' id='word_1_612' title='bbox 2367 2239 2528 2294; x_wconf 89' lang='lat' dir='ltr'><strong>opera</strong></span> <span class='ocrx_word' id='word_1_613' title='bbox 2560 2236 2737 2280; x_wconf 83' lang='lat' dir='ltr'><strong>neStra</strong></span> <span class='ocrx_word' id='word_1_614' title='bbox 2770 2225 2884 2296; x_wconf 74' lang='lat' dir='ltr'><strong>(Pa.</strong></span> <span class='ocrx_word' id='word_1_615' title='bbox 2917 2226 3006 2280; x_wconf 76' lang='grc'><strong>52.</strong></span> <span class='ocrx_word' id='word_1_616' title='bbox 3037 2225 3124 2296; x_wconf 81' lang='grc'><strong>15)</strong></span> <span class='ocrx_word' id='word_1_617' title='bbox 3151 2245 3164 2280; x_wconf 93' lang='lat'><strong>:</strong></span> <span class='ocrx_word' id='word_1_618' title='bbox 3195 2227 3306 2296; x_wconf 86' lang='lat' dir='ltr'><strong>ipse</strong></span> <span class='ocrx_word' id='word_1_619' title='bbox 3331 2235 3504 2298; x_wconf 79' lang='lat' dir='ltr'><strong>potest</strong></span> <span class='ocrx_word' id='word_1_620' title='bbox 3533 2228 3586 2282; x_wconf 88' lang='lat' dir='ltr'><strong>in</strong></span> <span class='ocrx_word' id='word_1_621' title='bbox 3613 2243 3750 2282; x_wconf 88' lang='lat' dir='ltr'><strong>eon-</strong></span> 
     </span>
    </p>
   </div>
   <div class='ocr_carea' id='block_1_84' title="bbox 2161 2316 3751 2388">
    <p class='ocr_par' dir='ltr' id='par_1_84' title="bbox 2161 2316 3751 2388">
     <span class='ocr_line' id='line_1_84' title="bbox 2161 2316 3751 2388; baseline 0.001 -18"><span class='ocrx_word' id='word_1_622' title='bbox 2161 2317 2436 2370; x_wconf 87' lang='lat' dir='ltr'><strong>scientiam</strong></span> <span class='ocrx_word' id='word_1_623' title='bbox 2465 2325 2698 2370; x_wconf 88' lang='lat' dir='ltr'><strong>nostram</strong></span> <span class='ocrx_word' id='word_1_624' title='bbox 2726 2316 2948 2384; x_wconf 67' lang='lat' dir='ltr'><strong>ingredi,</strong></span> <span class='ocrx_word' id='word_1_625' title='bbox 2983 2327 3210 2373; x_wconf 91' lang='lat' dir='ltr'><strong>mentem</strong></span> <span class='ocrx_word' id='word_1_626' title='bbox 3245 2327 3459 2388; x_wconf 83' lang='lat' dir='ltr'><strong>tangere</strong></span> <span class='ocrx_word' id='word_1_627' title='bbox 3487 2319 3751 2372; x_wconf 85' lang='lat' dir='ltr'><strong>animam-</strong></span> 
     </span>
    </p>
   </div>
   <div class='ocr_carea' id='block_1_85' title="bbox 2163 2405 3744 2476">
    <p class='ocr_par' dir='ltr' id='par_1_85' title="bbox 2163 2405 3744 2476">
     <span class='ocr_line' id='line_1_85' title="bbox 2163 2405 3744 2476; baseline 0.004 -20"><span class='ocrx_word' id='word_1_628' title='bbox 2163 2421 2266 2473; x_wconf 90' lang='lat' dir='ltr'><strong>que</strong></span> <span class='ocrx_word' id='word_1_629' title='bbox 2291 2405 2578 2460; x_wconf 85' lang='lat' dir='ltr'><strong>cohortari.</strong></span> <span class='ocrx_word' id='word_1_630' title='bbox 2607 2405 2758 2472; x_wconf 84' lang='lat' dir='ltr'><strong>Quod</strong></span> <span class='ocrx_word' id='word_1_631' title='bbox 2788 2408 2832 2460; x_wconf 91' lang='lat' dir='ltr'><strong>si</strong></span> <span class='ocrx_word' id='word_1_632' title='bbox 2857 2407 2969 2476; x_wconf 88' lang='lat' dir='ltr'><strong>ipse</strong></span> <span class='ocrx_word' id='word_1_633' title='bbox 2993 2423 3096 2461; x_wconf 91' lang='lat' dir='ltr'><strong>non</strong></span> <span class='ocrx_word' id='word_1_634' title='bbox 3121 2407 3430 2462; x_wconf 87' lang='lat' dir='ltr'><strong>cohortetur</strong></span> <span class='ocrx_word' id='word_1_635' title='bbox 3451 2408 3616 2463; x_wconf 88' lang='lat' dir='ltr'><strong>corda</strong></span> <span class='ocrx_word' id='word_1_636' title='bbox 3639 2425 3744 2463; x_wconf 85' lang='lat' dir='ltr'><strong>no-</strong></span> 
     </span>
    </p>
   </div>
   <div class='ocr_carea' id='block_1_86' title="bbox 2163 2496 3754 2568">
    <p class='ocr_par' dir='ltr' id='par_1_86' title="bbox 2163 2496 3754 2568">
     <span class='ocr_line' id='line_1_86' title="bbox 2163 2496 3754 2568; baseline 0.002 -18"><span class='ocrx_word' id='word_1_637' title='bbox 2163 2506 2296 2562; x_wconf 87' lang='lat' dir='ltr'><strong>stra,</strong></span> <span class='ocrx_word' id='word_1_638' title='bbox 2331 2512 2447 2566; x_wconf 73' lang='lat' dir='ltr'><strong>qua:</strong></span> <span class='ocrx_word' id='word_1_639' title='bbox 2474 2496 2541 2550; x_wconf 88' lang='lat' dir='ltr'><strong>ab</strong></span> <span class='ocrx_word' id='word_1_640' title='bbox 2571 2496 2871 2552; x_wconf 87' lang='lat' dir='ltr'><strong>hominibus</strong></span> <span class='ocrx_word' id='word_1_641' title='bbox 2906 2497 3181 2564; x_wconf 87' lang='lat' dir='ltr'><strong>accedent,</strong></span> <span class='ocrx_word' id='word_1_642' title='bbox 3213 2499 3477 2568; x_wconf 86' lang='lat' dir='ltr'><strong>superflua</strong></span> <span class='ocrx_word' id='word_1_643' title='bbox 3501 2507 3558 2552; x_wconf 89' lang='lat' dir='ltr'><strong>et</strong></span> <span class='ocrx_word' id='word_1_644' title='bbox 3589 2499 3754 2553; x_wconf 85' lang='lat' dir='ltr'><strong>inuti-</strong></span> 
     </span>
    </p>
   </div>
   <div class='ocr_carea' id='block_1_87' title="bbox 2163 2585 3756 2658">
    <p class='ocr_par' dir='ltr' id='par_1_87' title="bbox 2163 2585 3756 2658">
     <span class='ocr_line' id='line_1_87' title="bbox 2163 2585 3756 2658; baseline 0.003 -18"><span class='ocrx_word' id='word_1_645' title='bbox 2163 2585 2230 2640; x_wconf 89' lang='lat' dir='ltr'><strong>lia</strong></span> <span class='ocrx_word' id='word_1_646' title='bbox 2256 2595 2410 2642; x_wconf 90' lang='lat' dir='ltr'><strong>erunt</strong></span> <span class='ocrx_word' id='word_1_647' title='bbox 2439 2605 2452 2642; x_wconf 86' lang='lat'><strong>:</strong></span> <span class='ocrx_word' id='word_1_648' title='bbox 2479 2587 2924 2658; x_wconf 89' lang='lat' dir='ltr'><strong>quemadmodum</strong></span> <span class='ocrx_word' id='word_1_649' title='bbox 2957 2589 3189 2643; x_wconf 88' lang='lat' dir='ltr'><strong>vicissim</strong></span> <span class='ocrx_word' id='word_1_650' title='bbox 3219 2589 3326 2644; x_wconf 92' lang='lat' dir='ltr'><strong>Deo</strong></span> <span class='ocrx_word' id='word_1_651' title='bbox 3353 2588 3671 2644; x_wconf 85' lang='lat' dir='ltr'><strong>cohortante</strong></span> <span class='ocrx_word' id='word_1_652' title='bbox 3697 2599 3756 2645; x_wconf 85' lang='lat' dir='ltr'><strong>et</strong></span> 
     </span>
    </p>
   </div>
   <div class='ocr_carea' id='block_1_88' title="bbox 2166 2678 3752 2742">
    <p class='ocr_par' dir='ltr' id='par_1_88' title="bbox 2166 2678 3752 2742">
     <span class='ocr_line' id='line_1_88' title="bbox 2166 2678 3752 2742; baseline 0 -8"><span class='ocrx_word' id='word_1_653' title='bbox 2166 2679 2498 2742; x_wconf 87' lang='lat' dir='ltr'><strong>consolante,</strong></span> <span class='ocrx_word' id='word_1_654' title='bbox 2523 2679 2728 2734; x_wconf 87' lang='lat' dir='ltr'><strong>etiamsi</strong></span> <span class='ocrx_word' id='word_1_655' title='bbox 2760 2687 3038 2732; x_wconf 82' lang='lat' dir='ltr'><strong>sexcentas</strong></span> <span class='ocrx_word' id='word_1_656' title='bbox 3068 2678 3310 2734; x_wconf 82' lang='lat' dir='ltr'><strong>luuuines</strong></span> <span class='ocrx_word' id='word_1_657' title='bbox 3336 2681 3608 2734; x_wconf 85' lang='lat' dir='ltr'><strong>molestias</strong></span> <span class='ocrx_word' id='word_1_658' title='bbox 3623 2695 3752 2734; x_wconf 86' lang='lat' dir='ltr'><strong>cre-</strong></span> 
     </span>
    </p>
   </div>
   <div class='ocr_carea' id='block_1_89' title="bbox 2165 2769 3752 2840">
    <p class='ocr_par' dir='ltr' id='par_1_89' title="bbox 2165 2769 3752 2840">
     <span class='ocr_line' id='line_1_89' title="bbox 2165 2769 3752 2840; baseline 0.001 -18"><span class='ocrx_word' id='word_1_659' title='bbox 2165 2769 2390 2837; x_wconf 89' lang='lat' dir='ltr'><strong>averint,</strong></span> <span class='ocrx_word' id='word_1_660' title='bbox 2423 2785 2489 2824; x_wconf 90' lang='lat' dir='ltr'><strong>ne</strong></span> <span class='ocrx_word' id='word_1_661' title='bbox 2517 2769 2794 2824; x_wconf 90' lang='lat' dir='ltr'><strong>minimum</strong></span> <span class='ocrx_word' id='word_1_662' title='bbox 2823 2769 3034 2840; x_wconf 88' lang='lat' dir='ltr'><strong>quidem</strong></span> <span class='ocrx_word' id='word_1_663' title='bbox 3059 2771 3212 2824; x_wconf 92' lang='lat' dir='ltr'><strong>nobis</strong></span> <span class='ocrx_word' id='word_1_664' title='bbox 3243 2785 3432 2826; x_wconf 90' lang='lat' dir='ltr'><strong>nocere</strong></span> <span class='ocrx_word' id='word_1_665' title='bbox 3457 2779 3752 2840; x_wconf 86' lang='lat' dir='ltr'><strong>poterunt:</strong></span> 
     </span>
    </p>
   </div>
   <div class='ocr_carea' id='block_1_90' title="bbox 2165 2860 3756 2928">
    <p class='ocr_par' dir='ltr' id='par_1_90' title="bbox 2165 2860 3756 2928">
     <span class='ocr_line' id='line_1_90' title="bbox 2165 2860 3756 2928; baseline -0.001 -11"><span class='ocrx_word' id='word_1_666' title='bbox 2165 2877 2285 2917; x_wconf 90' lang='lat' dir='ltr'><strong>cum</strong></span> <span class='ocrx_word' id='word_1_667' title='bbox 2337 2862 2476 2916; x_wconf 89' lang='lat' dir='ltr'><strong>enim</strong></span> <span class='ocrx_word' id='word_1_668' title='bbox 2525 2861 2614 2915; x_wconf 90' lang='lat' dir='ltr'><strong>ille</strong></span> <span class='ocrx_word' id='word_1_669' title='bbox 2655 2875 2750 2916; x_wconf 84' lang='lat' dir='ltr'><strong>cor</strong></span> <span class='ocrx_word' id='word_1_670' title='bbox 2794 2867 3032 2916; x_wconf 84' lang='lat' dir='ltr'><strong>nostrum</strong></span> <span class='ocrx_word' id='word_1_671' title='bbox 3083 2861 3390 2928; x_wconf 87' lang='lat' dir='ltr'><strong>firmaverit,</strong></span> <span class='ocrx_word' id='word_1_672' title='bbox 3423 2877 3582 2916; x_wconf 90' lang='lat' dir='ltr'><strong>nemo</strong></span> <span class='ocrx_word' id='word_1_673' title='bbox 3621 2860 3756 2916; x_wconf 86' lang='lat' dir='ltr'><strong>illud</strong></span> 
     </span>
    </p>
   </div>
   <div class='ocr_carea' id='block_1_91' title="bbox 2168 2950 2672 3021">
    <p class='ocr_par' dir='ltr' id='par_1_91' title="bbox 2168 2950 2672 3021">
     <span class='ocr_line' id='line_1_91' title="bbox 2168 2950 2672 3021; baseline -0.002 -16"><span class='ocrx_word' id='word_1_674' title='bbox 2168 2950 2432 3021; x_wconf 83' lang='lat' dir='ltr'><strong>exagitare</strong></span> <span class='ocrx_word' id='word_1_675' title='bbox 2459 2951 2672 3006; x_wconf 89' lang='lat' dir='ltr'><strong>valebit.</strong></span> 
     </span>
    </p>
   </div>
   <div class='ocr_carea' id='block_1_92' title="bbox 2245 3041 3752 3112">
    <p class='ocr_par' dir='ltr' id='par_1_92' title="bbox 2245 3041 3752 3112">
     <span class='ocr_line' id='line_1_92' title="bbox 2245 3041 3752 3112; baseline -0.001 -15"><span class='ocrx_word' id='word_1_676' title='bbox 2245 3045 2408 3112; x_wconf 84' lang='lat' dir='ltr'><strong>Quam</strong></span> <span class='ocrx_word' id='word_1_677' title='bbox 2439 3045 2604 3112; x_wconf 78' lang='lat' dir='ltr'><strong>facilis</strong></span> <span class='ocrx_word' id='word_1_678' title='bbox 2625 3041 2692 3097; x_wconf 86' lang='lat' dir='ltr'><strong>ad</strong></span> <span class='ocrx_word' id='word_1_679' title='bbox 2719 3041 2879 3098; x_wconf 86' lang='lat' dir='ltr'><strong>Deum</strong></span> <span class='ocrx_word' id='word_1_680' title='bbox 2903 3043 3090 3097; x_wconf 77' lang='lat' dir='ltr'><strong>aditus.</strong></span> <span class='ocrx_word' id='word_1_681' title='bbox 3109 3074 3180 3083; x_wconf 96' lang='lat'><strong>—</strong></span> <span class='ocrx_word' id='word_1_682' title='bbox 3207 3043 3330 3098; x_wconf 67' lang='lat' dir='ltr'><strong>llaec</strong></span> <span class='ocrx_word' id='word_1_683' title='bbox 3355 3059 3474 3097; x_wconf 88' lang='lat' dir='ltr'><strong>cum</strong></span> <span class='ocrx_word' id='word_1_684' title='bbox 3497 3045 3752 3108; x_wconf 88' lang='lat' dir='ltr'><strong>sciamus,</strong></span> 
     </span>
    </p>
   </div>
   <div class='ocr_carea' id='block_1_93' title="bbox 2172 3135 3760 3206">
    <p class='ocr_par' dir='ltr' id='par_1_93' title="bbox 2172 3135 3760 3206">
     <span class='ocr_line' id='line_1_93' title="bbox 2172 3135 3760 3206; baseline -0.001 -16"><span class='ocrx_word' id='word_1_685' title='bbox 2172 3136 2369 3198; x_wconf 86' lang='lat' dir='ltr'><strong>dilecti,</strong></span> <span class='ocrx_word' id='word_1_686' title='bbox 2401 3135 2468 3189; x_wconf 89' lang='lat' dir='ltr'><strong>ad</strong></span> <span class='ocrx_word' id='word_1_687' title='bbox 2497 3137 2661 3190; x_wconf 91' lang='lat' dir='ltr'><strong>Deum</strong></span> <span class='ocrx_word' id='word_1_688' title='bbox 2692 3151 2902 3205; x_wconf 87' lang='lat' dir='ltr'><strong>semper</strong></span> <span class='ocrx_word' id='word_1_689' title='bbox 2919 3135 3308 3206; x_wconf 86' lang='lat' dir='ltr'><strong>confugiamus,</strong></span> <span class='ocrx_word' id='word_1_690' title='bbox 3337 3137 3426 3205; x_wconf 90' lang='lat' dir='ltr'><strong>qui</strong></span> <span class='ocrx_word' id='word_1_691' title='bbox 3453 3136 3566 3190; x_wconf 84' lang='lat' dir='ltr'><strong>vult</strong></span> <span class='ocrx_word' id='word_1_692' title='bbox 3589 3145 3643 3189; x_wconf 89' lang='lat' dir='ltr'><strong>et</strong></span> <span class='ocrx_word' id='word_1_693' title='bbox 3663 3149 3760 3206; x_wconf 82' lang='lat' dir='ltr'><strong>po-</strong></span> 
     </span>
    </p>
   </div>
   <div class='ocr_carea' id='block_1_94' title="bbox 2175 3228 3761 3297">
    <p class='ocr_par' dir='ltr' id='par_1_94' title="bbox 2175 3228 3761 3297">
     <span class='ocr_line' id='line_1_94' title="bbox 2175 3228 3761 3297; baseline 0 -15"><span class='ocrx_word' id='word_1_694' title='bbox 2175 3237 2277 3283; x_wconf 85' lang='lat' dir='ltr'><strong>test</strong></span> <span class='ocrx_word' id='word_1_695' title='bbox 2300 3229 2629 3284; x_wconf 86' lang='lat' dir='ltr'><strong>calamitates</strong></span> <span class='ocrx_word' id='word_1_696' title='bbox 2658 3228 2868 3284; x_wconf 86' lang='lat' dir='ltr'><strong>solverc</strong></span> <span class='ocrx_word' id='word_1_697' title='bbox 2897 3237 3125 3283; x_wconf 87' lang='lat' dir='ltr'><strong>nostras.</strong></span> <span class='ocrx_word' id='word_1_698' title='bbox 3155 3231 3222 3282; x_wconf 83' lang='lat' dir='ltr'><strong>At</strong></span> <span class='ocrx_word' id='word_1_699' title='bbox 3249 3229 3390 3282; x_wconf 88' lang='lat' dir='ltr'><strong>enim</strong></span> <span class='ocrx_word' id='word_1_700' title='bbox 3417 3228 3632 3297; x_wconf 89' lang='lat' dir='ltr'><strong>quando</strong></span> <span class='ocrx_word' id='word_1_701' title='bbox 3660 3229 3761 3282; x_wconf 88' lang='lat' dir='ltr'><strong>bo-</strong></span> 
     </span>
    </p>
   </div>
   <div class='ocr_carea' id='block_1_95' title="bbox 2175 3319 3762 3390">
    <p class='ocr_par' dir='ltr' id='par_1_95' title="bbox 2175 3319 3762 3390">
     <span class='ocr_line' id='line_1_95' title="bbox 2175 3319 3762 3390; baseline 0 -17"><span class='ocrx_word' id='word_1_702' title='bbox 2175 3321 2342 3374; x_wconf 89' lang='lat' dir='ltr'><strong>mines</strong></span> <span class='ocrx_word' id='word_1_703' title='bbox 2369 3335 2590 3375; x_wconf 78' lang='lat' dir='ltr'><strong>exorare</strong></span> <span class='ocrx_word' id='word_1_704' title='bbox 2614 3329 2841 3388; x_wconf 89' lang='lat' dir='ltr'><strong>oportet,</strong></span> <span class='ocrx_word' id='word_1_705' title='bbox 2869 3319 3112 3374; x_wconf 90' lang='lat' dir='ltr'><strong>ostiarios</strong></span> <span class='ocrx_word' id='word_1_706' title='bbox 3147 3319 3288 3390; x_wconf 86' lang='lat' dir='ltr'><strong>prius</strong></span> <span class='ocrx_word' id='word_1_707' title='bbox 3309 3319 3508 3390; x_wconf 88' lang='lat' dir='ltr'><strong>alloqui</strong></span> <span class='ocrx_word' id='word_1_708' title='bbox 3539 3333 3762 3374; x_wconf 86' lang='lat' dir='ltr'><strong>necesse</strong></span> 
     </span>
    </p>
   </div>
   <div class='ocr_carea' id='block_1_96' title="bbox 2177 3412 3764 3482">
    <p class='ocr_par' dir='ltr' id='par_1_96' title="bbox 2177 3412 3764 3482">
     <span class='ocr_line' id='line_1_96' title="bbox 2177 3412 3764 3482; baseline -0.001 -14"><span class='ocrx_word' id='word_1_709' title='bbox 2177 3413 2328 3468; x_wconf 87' lang='lat' dir='ltr'><strong>nobis</strong></span> <span class='ocrx_word' id='word_1_710' title='bbox 2355 3421 2456 3479; x_wconf 82' lang='lat' dir='ltr'><strong>est,</strong></span> <span class='ocrx_word' id='word_1_711' title='bbox 2485 3413 2742 3481; x_wconf 73' lang='lat' dir='ltr'><strong>parasitos</strong></span> <span class='ocrx_word' id='word_1_712' title='bbox 2771 3413 2894 3467; x_wconf 88' lang='lat' dir='ltr'><strong>item</strong></span> <span class='ocrx_word' id='word_1_713' title='bbox 2919 3413 3326 3482; x_wconf 83' lang='lat' dir='ltr'><strong>adulatoresque</strong></span> <span class='ocrx_word' id='word_1_714' title='bbox 3356 3414 3581 3481; x_wconf 85' lang='lat' dir='ltr'><strong>precari,</strong></span> <span class='ocrx_word' id='word_1_715' title='bbox 3615 3412 3764 3466; x_wconf 85' lang='lat' dir='ltr'><strong>mul-</strong></span> 
     </span>
    </p>
   </div>
   <div class='ocr_carea' id='block_1_97' title="bbox 2177 3502 3765 3574">
    <p class='ocr_par' dir='ltr' id='par_1_97' title="bbox 2177 3502 3765 3574">
     <span class='ocr_line' id='line_1_97' title="bbox 2177 3502 3765 3574; baseline -0.001 -16"><span class='ocrx_word' id='word_1_716' title='bbox 2177 3513 2393 3574; x_wconf 87' lang='lat' dir='ltr'><strong>tumque</strong></span> <span class='ocrx_word' id='word_1_717' title='bbox 2417 3504 2622 3560; x_wconf 90' lang='lat' dir='ltr'><strong>itineris</strong></span> <span class='ocrx_word' id='word_1_718' title='bbox 2645 3517 2927 3573; x_wconf 88' lang='lat' dir='ltr'><strong>capessere</strong></span> <span class='ocrx_word' id='word_1_719' title='bbox 2954 3522 2966 3556; x_wconf 95' lang='lat'>:</span> <span class='ocrx_word' id='word_1_720' title='bbox 2995 3503 3132 3572; x_wconf 88' lang='lat' dir='ltr'><strong>apud</strong></span> <span class='ocrx_word' id='word_1_721' title='bbox 3162 3504 3326 3557; x_wconf 89' lang='lat' dir='ltr'><strong>Deum</strong></span> <span class='ocrx_word' id='word_1_722' title='bbox 3355 3519 3480 3557; x_wconf 87' lang='lat' dir='ltr'><strong>vero</strong></span> <span class='ocrx_word' id='word_1_723' title='bbox 3525 3503 3655 3556; x_wconf 86' lang='lat' dir='ltr'><strong>nihil</strong></span> <span class='ocrx_word' id='word_1_724' title='bbox 3687 3502 3765 3556; x_wconf 82' lang='lat' dir='ltr'><strong>si-</strong></span> 
     </span>
    </p>
   </div>
   <div class='ocr_carea' id='block_1_98' title="bbox 2177 3595 3766 3664">
    <p class='ocr_par' dir='ltr' id='par_1_98' title="bbox 2177 3595 3766 3664">
     <span class='ocr_line' id='line_1_98' title="bbox 2177 3595 3766 3664; baseline -0.003 -13"><span class='ocrx_word' id='word_1_725' title='bbox 2177 3595 2323 3663; x_wconf 90' lang='lat' dir='ltr'><strong>mile,</strong></span> <span class='ocrx_word' id='word_1_726' title='bbox 2353 3595 2446 3651; x_wconf 85' lang='lat' dir='ltr'><strong>sed</strong></span> <span class='ocrx_word' id='word_1_727' title='bbox 2474 3595 2588 3651; x_wconf 89' lang='lat' dir='ltr'><strong>sine</strong></span> <span class='ocrx_word' id='word_1_728' title='bbox 2615 3597 2965 3652; x_wconf 84' lang='lat' dir='ltr'><strong>intercessore</strong></span> <span class='ocrx_word' id='word_1_729' title='bbox 2997 3596 3277 3651; x_wconf 85' lang='lat' dir='ltr'><strong>exorabilis</strong></span> <span class='ocrx_word' id='word_1_730' title='bbox 3317 3603 3418 3659; x_wconf 60' lang='lat' dir='ltr'><strong>est,</strong></span> <span class='ocrx_word' id='word_1_731' title='bbox 3450 3596 3567 3649; x_wconf 89' lang='lat' dir='ltr'><strong>sine</strong></span> <span class='ocrx_word' id='word_1_732' title='bbox 3594 3610 3766 3664; x_wconf 85' lang='lat' dir='ltr'><strong>pecu-</strong></span> 
     </span>
    </p>
   </div>
   <div class='ocr_carea' id='block_1_99' title="bbox 2179 3687 3767 3760">
    <p class='ocr_par' dir='ltr' id='par_1_99' title="bbox 2179 3687 3767 3760">
     <span class='ocr_line' id='line_1_99' title="bbox 2179 3687 3767 3760; baseline -0.001 -17"><span class='ocrx_word' id='word_1_733' title='bbox 2179 3689 2300 3754; x_wconf 91' lang='lat' dir='ltr'><strong>niis,</strong></span> <span class='ocrx_word' id='word_1_734' title='bbox 2348 3689 2461 3744; x_wconf 90' lang='lat' dir='ltr'><strong>sine</strong></span> <span class='ocrx_word' id='word_1_735' title='bbox 2508 3689 2803 3760; x_wconf 90' lang='lat' dir='ltr'><strong>sumptibus</strong></span> <span class='ocrx_word' id='word_1_736' title='bbox 2845 3687 3082 3758; x_wconf 85' lang='lat' dir='ltr'><strong>petitioni</strong></span> <span class='ocrx_word' id='word_1_737' title='bbox 3127 3689 3360 3742; x_wconf 88' lang='lat' dir='ltr'><strong>annuit:</strong></span> <span class='ocrx_word' id='word_1_738' title='bbox 3399 3687 3592 3740; x_wconf 83' lang='lat' dir='ltr'><strong>sufficit</strong></span> <span class='ocrx_word' id='word_1_739' title='bbox 3643 3687 3767 3741; x_wconf 83' lang='lat' dir='ltr'><strong>solo</strong></span> 
     </span>
    </p>
   </div>
   <div class='ocr_carea' id='block_1_100' title="bbox 2179 3773 3766 3852">
    <p class='ocr_par' dir='ltr' id='par_1_100' title="bbox 2179 3773 3766 3852">
     <span class='ocr_line' id='line_1_100' title="bbox 2179 3773 3766 3852; baseline -0.001 -18"><span class='ocrx_word' id='word_1_740' title='bbox 2179 3781 2340 3835; x_wconf 87' lang='lat' dir='ltr'><strong>corde</strong></span> <span class='ocrx_word' id='word_1_741' title='bbox 2361 3781 2611 3848; x_wconf 89' lang='lat' dir='ltr'><strong>clamare,</strong></span> <span class='ocrx_word' id='word_1_742' title='bbox 2641 3787 2693 3835; x_wconf 89' lang='lat' dir='ltr'><strong>et</strong></span> <span class='ocrx_word' id='word_1_743' title='bbox 2720 3781 2977 3852; x_wconf 80' lang='lat' dir='ltr'><strong>lacrymas</strong></span> <span class='ocrx_word' id='word_1_744' title='bbox 3004 3773 3218 3846; x_wconf 72' lang='lat' dir='ltr'><strong>offerre,</strong></span> <span class='ocrx_word' id='word_1_745' title='bbox 3245 3787 3298 3834; x_wconf 91' lang='lat' dir='ltr'><strong>et</strong></span> <span class='ocrx_word' id='word_1_746' title='bbox 3338 3778 3515 3834; x_wconf 89' lang='lat' dir='ltr'><strong>statim</strong></span> <span class='ocrx_word' id='word_1_747' title='bbox 3551 3779 3766 3847; x_wconf 84' lang='lat' dir='ltr'><strong>ingres-</strong></span> 
     </span>
    </p>
   </div>
   <div class='ocr_carea' id='block_1_101' title="bbox 2181 3873 3768 3940">
    <p class='ocr_par' dir='ltr' id='par_1_101' title="bbox 2181 3873 3768 3940">
     <span class='ocr_line' id='line_1_101' title="bbox 2181 3873 3768 3940; baseline -0.003 -12"><span class='ocrx_word' id='word_1_748' title='bbox 2181 3889 2293 3938; x_wconf 89' lang='lat' dir='ltr'><strong>sus,</strong></span> <span class='ocrx_word' id='word_1_749' title='bbox 2317 3889 2436 3928; x_wconf 87' lang='lat' dir='ltr'><strong>eum</strong></span> <span class='ocrx_word' id='word_1_750' title='bbox 2459 3873 2759 3929; x_wconf 83' lang='lat' dir='ltr'><strong>attraxeris.</strong></span> <span class='ocrx_word' id='word_1_751' title='bbox 2785 3874 2854 3928; x_wconf 91' lang='lat' dir='ltr'><strong>At</strong></span> <span class='ocrx_word' id='word_1_752' title='bbox 2877 3873 3142 3928; x_wconf 90' lang='lat' dir='ltr'><strong>hominem</strong></span> <span class='ocrx_word' id='word_1_753' title='bbox 3169 3888 3290 3928; x_wconf 89' lang='lat' dir='ltr'><strong>cum</strong></span> <span class='ocrx_word' id='word_1_754' title='bbox 3323 3886 3590 3940; x_wconf 84' lang='lat' dir='ltr'><strong>rogamus,</strong></span> <span class='ocrx_word' id='word_1_755' title='bbox 3617 3885 3768 3940; x_wconf 65' lang='lat' dir='ltr'><strong>saepe</strong></span> 
     </span>
    </p>
   </div>
   <div class='ocr_carea' id='block_1_102' title="bbox 2181 3965 3764 4036">
    <p class='ocr_par' dir='ltr' id='par_1_102' title="bbox 2181 3965 3764 4036">
     <span class='ocr_line' id='line_1_102' title="bbox 2181 3965 3764 4036; baseline -0.002 -16"><span class='ocrx_word' id='word_1_756' title='bbox 2181 3967 2488 4032; x_wconf 72' lang='lat' dir='ltr'><strong>metuimus,</strong></span> <span class='ocrx_word' id='word_1_757' title='bbox 2525 3983 2587 4019; x_wconf 89' lang='lat' dir='ltr'><strong>ne</strong></span> <span class='ocrx_word' id='word_1_758' title='bbox 2623 3967 2739 4036; x_wconf 91' lang='lat' dir='ltr'><strong>quis</strong></span> <span class='ocrx_word' id='word_1_759' title='bbox 2770 3981 2835 4021; x_wconf 86' lang='lat' dir='ltr'><strong>ex</strong></span> <span class='ocrx_word' id='word_1_760' title='bbox 2888 3966 3134 4032; x_wconf 77' lang='lat' dir='ltr'><strong>inimicis,</strong></span> <span class='ocrx_word' id='word_1_761' title='bbox 3183 3974 3273 4019; x_wconf 89' lang='lat' dir='ltr'><strong>aut</strong></span> <span class='ocrx_word' id='word_1_762' title='bbox 3307 3965 3511 4020; x_wconf 84' lang='lat' dir='ltr'><strong>amicus</strong></span> <span class='ocrx_word' id='word_1_763' title='bbox 3547 3979 3764 4026; x_wconf 84' lang='lat' dir='ltr'><strong>eorum,</strong></span> 
     </span>
    </p>
   </div>
   <div class='ocr_carea' id='block_1_103' title="bbox 2182 4053 3769 4126">
    <p class='ocr_par' dir='ltr' id='par_1_103' title="bbox 2182 4053 3769 4126">
     <span class='ocr_line' id='line_1_103' title="bbox 2182 4053 3769 4126; baseline -0.001 -18"><span class='ocrx_word' id='word_1_764' title='bbox 2182 4067 2272 4110; x_wconf 88' lang='lat' dir='ltr'><strong>aut</strong></span> <span class='ocrx_word' id='word_1_765' title='bbox 2301 4057 2634 4111; x_wconf 86' lang='lat' dir='ltr'><strong>adversarius</strong></span> <span class='ocrx_word' id='word_1_766' title='bbox 2665 4055 2923 4126; x_wconf 88' lang='lat' dir='ltr'><strong>quispiam</strong></span> <span class='ocrx_word' id='word_1_767' title='bbox 2953 4071 3066 4110; x_wconf 91' lang='lat' dir='ltr'><strong>rem</strong></span> <span class='ocrx_word' id='word_1_768' title='bbox 3107 4055 3305 4122; x_wconf 91' lang='lat' dir='ltr'><strong>audiat,</strong></span> <span class='ocrx_word' id='word_1_769' title='bbox 3331 4053 3538 4110; x_wconf 87' lang='lat' dir='ltr'><strong>aliusve</strong></span> <span class='ocrx_word' id='word_1_770' title='bbox 3561 4053 3769 4109; x_wconf 80' lang='lat' dir='ltr'><strong>referat</strong></span> 
     </span>
    </p>
   </div>
   <div class='ocr_carea' id='block_1_104' title="bbox 2181 4145 3768 4216">
    <p class='ocr_par' dir='ltr' id='par_1_104' title="bbox 2181 4145 3768 4216">
     <span class='ocr_line' id='line_1_104' title="bbox 2181 4145 3768 4216; baseline -0.001 -16"><span class='ocrx_word' id='word_1_771' title='bbox 2181 4162 2265 4210; x_wconf 83' lang='lat' dir='ltr'><strong>ea,</strong></span> <span class='ocrx_word' id='word_1_772' title='bbox 2298 4163 2414 4216; x_wconf 72' lang='lat' dir='ltr'><strong>qure</strong></span> <span class='ocrx_word' id='word_1_773' title='bbox 2445 4147 2581 4200; x_wconf 88' lang='lat' dir='ltr'><strong>dicta</strong></span> <span class='ocrx_word' id='word_1_774' title='bbox 2610 4155 2752 4210; x_wconf 89' lang='lat' dir='ltr'><strong>sunt,</strong></span> <span class='ocrx_word' id='word_1_775' title='bbox 2783 4157 2836 4200; x_wconf 90' lang='lat' dir='ltr'><strong>et</strong></span> <span class='ocrx_word' id='word_1_776' title='bbox 2875 4145 2966 4216; x_wconf 86' lang='lat' dir='ltr'><strong>jus</strong></span> <span class='ocrx_word' id='word_1_777' title='bbox 3010 4155 3276 4216; x_wconf 81' lang='lat' dir='ltr'><strong>pervertat</strong></span> <span class='ocrx_word' id='word_1_778' title='bbox 3313 4165 3326 4200; x_wconf 91' lang='lat'><strong>:</strong></span> <span class='ocrx_word' id='word_1_779' title='bbox 3367 4146 3420 4200; x_wconf 89' lang='lat' dir='ltr'><strong>in</strong></span> <span class='ocrx_word' id='word_1_780' title='bbox 3447 4145 3556 4200; x_wconf 89' lang='lat' dir='ltr'><strong>Deo</strong></span> <span class='ocrx_word' id='word_1_781' title='bbox 3581 4153 3768 4199; x_wconf 76' lang='lat' dir='ltr'><strong>autem</strong></span> 
     </span>
    </p>
   </div>
   <div class='ocr_carea' id='block_1_105' title="bbox 2185 4238 3768 4310">
    <p class='ocr_par' dir='ltr' id='par_1_105' title="bbox 2185 4238 3768 4310">
     <span class='ocr_line' id='line_1_105' title="bbox 2185 4238 3768 4310; baseline -0.003 -14"><span class='ocrx_word' id='word_1_782' title='bbox 2185 4242 2312 4296; x_wconf 81' lang='lat' dir='ltr'><strong>nihil</strong></span> <span class='ocrx_word' id='word_1_783' title='bbox 2343 4242 2443 4296; x_wconf 85' lang='lat' dir='ltr'><strong>tale</strong></span> <span class='ocrx_word' id='word_1_784' title='bbox 2474 4240 2732 4310; x_wconf 86' lang='lat' dir='ltr'><strong>suspicari</strong></span> <span class='ocrx_word' id='word_1_785' title='bbox 2765 4240 2906 4294; x_wconf 89' lang='lat' dir='ltr'><strong>licet.</strong></span> <span class='ocrx_word' id='word_1_786' title='bbox 2933 4239 3066 4294; x_wconf 85' lang='lat' dir='ltr'><strong>Cum</strong></span> <span class='ocrx_word' id='word_1_787' title='bbox 3096 4240 3238 4294; x_wconf 82' lang='lat' dir='ltr'><strong>enim</strong></span> <span class='ocrx_word' id='word_1_788' title='bbox 3269 4254 3357 4294; x_wconf 87' lang='lat' dir='ltr'><strong>me</strong></span> <span class='ocrx_word' id='word_1_789' title='bbox 3383 4238 3620 4293; x_wconf 81' lang='lat' dir='ltr'><strong>volueris</strong></span> <span class='ocrx_word' id='word_1_790' title='bbox 3637 4251 3768 4306; x_wconf 83' lang='lat' dir='ltr'><strong>pre-</strong></span> 
     </span>
    </p>
   </div>
   <div class='ocr_carea' id='block_1_106' title="bbox 2183 4327 3770 4400">
    <p class='ocr_par' dir='ltr' id='par_1_106' title="bbox 2183 4327 3770 4400">
     <span class='ocr_line' id='line_1_106' title="bbox 2183 4327 3770 4400; baseline -0.003 -16"><span class='ocrx_word' id='word_1_791' title='bbox 2183 4333 2312 4397; x_wconf 86' lang='lat' dir='ltr'><strong>cari,</strong></span> <span class='ocrx_word' id='word_1_792' title='bbox 2357 4331 2544 4400; x_wconf 86' lang='lat' dir='ltr'><strong>inquit,</strong></span> <span class='ocrx_word' id='word_1_793' title='bbox 2576 4331 2721 4386; x_wconf 90' lang='lat' dir='ltr'><strong>solus</strong></span> <span class='ocrx_word' id='word_1_794' title='bbox 2751 4329 2968 4396; x_wconf 89' lang='lat' dir='ltr'><strong>accede,</strong></span> <span class='ocrx_word' id='word_1_795' title='bbox 2995 4330 3207 4385; x_wconf 89' lang='lat' dir='ltr'><strong>nemine</strong></span> <span class='ocrx_word' id='word_1_796' title='bbox 3247 4336 3545 4398; x_wconf 56' lang='lat' dir='ltr'><strong>prasente;</strong></span> <span class='ocrx_word' id='word_1_797' title='bbox 3576 4327 3628 4380; x_wconf 88' lang='lat' dir='ltr'><strong>id</strong></span> <span class='ocrx_word' id='word_1_798' title='bbox 3657 4337 3770 4393; x_wconf 82' lang='lat' dir='ltr'><strong>est,</strong></span> 
     </span>
    </p>
   </div>
   <div class='ocr_carea' id='block_1_107' title="bbox 2185 4418 3770 4490">
    <p class='ocr_par' dir='ltr' id='par_1_107' title="bbox 2185 4418 3770 4490">
     <span class='ocr_line' id='line_1_107' title="bbox 2185 4418 3770 4490; baseline -0.003 -14"><span class='ocrx_word' id='word_1_799' title='bbox 2185 4425 2345 4477; x_wconf 76' lang='lat' dir='ltr'><strong>corde</strong></span> <span class='ocrx_word' id='word_1_800' title='bbox 2365 4422 2554 4486; x_wconf 89' lang='lat' dir='ltr'><strong>clama,</strong></span> <span class='ocrx_word' id='word_1_801' title='bbox 2589 4437 2756 4490; x_wconf 89' lang='lat' dir='ltr'><strong>neque</strong></span> <span class='ocrx_word' id='word_1_802' title='bbox 2785 4421 2920 4475; x_wconf 88' lang='lat' dir='ltr'><strong>labia</strong></span> <span class='ocrx_word' id='word_1_803' title='bbox 2937 4435 3156 4476; x_wconf 87' lang='lat' dir='ltr'><strong>movens</strong></span> <span class='ocrx_word' id='word_1_804' title='bbox 3181 4437 3194 4474; x_wconf 91' lang='lat'><strong>:</strong></span> <span class='ocrx_word' id='word_1_805' title='bbox 3219 4435 3340 4474; x_wconf 89' lang='lat' dir='ltr'><strong>nam</strong></span> <span class='ocrx_word' id='word_1_806' title='bbox 3373 4418 3540 4486; x_wconf 86' lang='lat' dir='ltr'><strong>Intra,</strong></span> <span class='ocrx_word' id='word_1_807' title='bbox 3569 4419 3770 4487; x_wconf 85' lang='lat' dir='ltr'><strong>inquit,</strong></span> 
     </span>
    </p>
   </div>
   <div class='ocr_carea' id='block_1_108' title="bbox 2184 4507 3774 4578">
    <p class='ocr_par' dir='ltr' id='par_1_108' title="bbox 2184 4507 3774 4578">
     <span class='ocr_line' id='line_1_108' title="bbox 2184 4507 3774 4578; baseline -0.003 -12"><span class='ocrx_word' id='word_1_808' title='bbox 2184 4515 2234 4567; x_wconf 86' lang='lat' dir='ltr'><strong>in</strong></span> <span class='ocrx_word' id='word_1_809' title='bbox 2265 4514 2543 4568; x_wconf 82' lang='lat' dir='ltr'><strong>cubiculum</strong></span> <span class='ocrx_word' id='word_1_810' title='bbox 2565 4523 2726 4578; x_wconf 86' lang='lat' dir='ltr'><strong>tuum,</strong></span> <span class='ocrx_word' id='word_1_811' title='bbox 2753 4513 2932 4567; x_wconf 80' lang='lat' dir='ltr'><strong>claude</strong></span> <span class='ocrx_word' id='word_1_812' title='bbox 2961 4515 3142 4566; x_wconf 83' lang='lat' dir='ltr'><strong>ostium</strong></span> <span class='ocrx_word' id='word_1_813' title='bbox 3170 4523 3326 4576; x_wconf 84' lang='lat' dir='ltr'><strong>tuum,</strong></span> <span class='ocrx_word' id='word_1_814' title='bbox 3365 4520 3414 4566; x_wconf 83' lang='lat' dir='ltr'><strong>et</strong></span> <span class='ocrx_word' id='word_1_815' title='bbox 3437 4527 3528 4564; x_wconf 87' lang='lat' dir='ltr'><strong>ora</strong></span> <span class='ocrx_word' id='word_1_816' title='bbox 3553 4507 3774 4564; x_wconf 74' lang='lat' dir='ltr'><strong>Patrem</strong></span> 
     </span>
    </p>
   </div>
   <div class='ocr_carea' id='block_1_109' title="bbox 2188 4601 3772 4674">
    <p class='ocr_par' dir='ltr' id='par_1_109' title="bbox 2188 4601 3772 4674">
     <span class='ocr_line' id='line_1_109' title="bbox 2188 4601 3772 4674; baseline -0.003 -18"><span class='ocrx_word' id='word_1_817' title='bbox 2188 4617 2346 4668; x_wconf 86' lang='lat' dir='ltr'><strong>tuum,</strong></span> <span class='ocrx_word' id='word_1_818' title='bbox 2375 4603 2460 4674; x_wconf 82' lang='lat' dir='ltr'><strong>qui</strong></span> <span class='ocrx_word' id='word_1_819' title='bbox 2489 4613 2558 4658; x_wconf 83' lang='lat' dir='ltr'><strong>est</strong></span> <span class='ocrx_word' id='word_1_820' title='bbox 2585 4605 2635 4657; x_wconf 89' lang='lat' dir='ltr'><strong>in</strong></span> <span class='ocrx_word' id='word_1_821' title='bbox 2666 4603 2952 4658; x_wconf 85' lang='lat' dir='ltr'><strong>abscondito</strong></span> <span class='ocrx_word' id='word_1_822' title='bbox 2979 4619 2999 4658; x_wconf 91' lang='lat'><strong><em>:</em></strong></span> <span class='ocrx_word' id='word_1_823' title='bbox 3025 4613 3068 4657; x_wconf 85' lang='lat' dir='ltr'><strong>et</strong></span> <span class='ocrx_word' id='word_1_824' title='bbox 3099 4601 3254 4656; x_wconf 87' lang='lat' dir='ltr'><strong>Pater</strong></span> <span class='ocrx_word' id='word_1_825' title='bbox 3277 4611 3412 4668; x_wconf 75' lang='lat' dir='ltr'><strong>tuus,</strong></span> <span class='ocrx_word' id='word_1_826' title='bbox 3443 4602 3528 4672; x_wconf 84' lang='lat' dir='ltr'><strong>qui</strong></span> <span class='ocrx_word' id='word_1_827' title='bbox 3555 4601 3684 4654; x_wconf 67' lang='lat' dir='ltr'><strong>uidet</strong></span> <span class='ocrx_word' id='word_1_828' title='bbox 3713 4601 3772 4654; x_wconf 75' lang='lat' dir='ltr'><strong>in</strong></span> 
     </span>
    </p>
   </div>
   <div class='ocr_carea' id='block_1_110' title="bbox 2186 4689 3773 4762">
    <p class='ocr_par' dir='ltr' id='par_1_110' title="bbox 2186 4689 3773 4762">
     <span class='ocr_line' id='line_1_110' title="bbox 2186 4689 3773 4762; baseline -0.003 -14"><span class='ocrx_word' id='word_1_829' title='bbox 2186 4695 2497 4760; x_wconf 83' lang='lat' dir='ltr'><strong>abscondito,</strong></span> <span class='ocrx_word' id='word_1_830' title='bbox 2527 4695 2697 4748; x_wconf 81' lang='lat' dir='ltr'><strong>reddet</strong></span> <span class='ocrx_word' id='word_1_831' title='bbox 2739 4695 2820 4747; x_wconf 85' lang='lat' dir='ltr'><strong>tibi</strong></span> <span class='ocrx_word' id='word_1_832' title='bbox 2856 4695 2908 4747; x_wconf 84' lang='lat' dir='ltr'><strong>in</strong></span> <span class='ocrx_word' id='word_1_833' title='bbox 2939 4693 3138 4762; x_wconf 82' lang='lat' dir='ltr'><strong>publica</strong></span> <span class='ocrx_word' id='word_1_834' title='bbox 3185 4691 3399 4762; x_wconf 76' lang='lat' dir='ltr'><strong>(Matth.</strong></span> <span class='ocrx_word' id='word_1_835' title='bbox 3428 4695 3480 4746; x_wconf 82' lang='grc'><strong>6.</strong></span> <span class='ocrx_word' id='word_1_836' title='bbox 3511 4691 3588 4761; x_wconf 82' lang='lat'><strong>6).</strong></span> <span class='ocrx_word' id='word_1_837' title='bbox 3633 4689 3773 4744; x_wconf 76' lang='lat' dir='ltr'><strong>Vide</strong></span> 
     </span>
    </p>
   </div>
   <div class='ocr_carea' id='block_1_111' title="bbox 2191 4783 3774 4854">
    <p class='ocr_par' dir='ltr' id='par_1_111' title="bbox 2191 4783 3774 4854">
     <span class='ocr_line' id='line_1_111' title="bbox 2191 4783 3774 4854; baseline -0.003 -14"><span class='ocrx_word' id='word_1_838' title='bbox 2191 4789 2404 4840; x_wconf 86' lang='lat' dir='ltr'><strong>honoris</strong></span> <span class='ocrx_word' id='word_1_839' title='bbox 2433 4785 2816 4854; x_wconf 55' lang='lat' dir='ltr'><strong>escellentiam.</strong></span> <span class='ocrx_word' id='word_1_840' title='bbox 2846 4786 2974 4840; x_wconf 88' lang='lat' dir='ltr'><strong>Cum</strong></span> <span class='ocrx_word' id='word_1_841' title='bbox 3023 4799 3108 4838; x_wconf 91' lang='lat' dir='ltr'><strong>me</strong></span> <span class='ocrx_word' id='word_1_842' title='bbox 3153 4797 3330 4854; x_wconf 87' lang='lat' dir='ltr'><strong>rogas,</strong></span> <span class='ocrx_word' id='word_1_843' title='bbox 3373 4783 3560 4852; x_wconf 88' lang='lat' dir='ltr'><strong>inquit,</strong></span> <span class='ocrx_word' id='word_1_844' title='bbox 3607 4795 3774 4836; x_wconf 86' lang='lat' dir='ltr'><strong>nemo</strong></span> 
     </span>
    </p>
   </div>
   <div class='ocr_carea' id='block_1_112' title="bbox 2189 4873 3772 4940">
    <p class='ocr_par' dir='ltr' id='par_1_112' title="bbox 2189 4873 3772 4940">
     <span class='ocr_line' id='line_1_112' title="bbox 2189 4873 3772 4940; baseline -0.002 -12"><span class='ocrx_word' id='word_1_845' title='bbox 2189 4881 2394 4940; x_wconf 79' lang='lat' dir='ltr'><strong>videat;</strong></span> <span class='ocrx_word' id='word_1_846' title='bbox 2429 4895 2547 4932; x_wconf 84' lang='lat' dir='ltr'><strong>cum</strong></span> <span class='ocrx_word' id='word_1_847' title='bbox 2584 4889 2762 4932; x_wconf 87' lang='lat' dir='ltr'><strong>autem</strong></span> <span class='ocrx_word' id='word_1_848' title='bbox 2802 4886 2854 4931; x_wconf 90' lang='lat' dir='ltr'><strong>te</strong></span> <span class='ocrx_word' id='word_1_849' title='bbox 2900 4877 3104 4931; x_wconf 88' lang='lat' dir='ltr'><strong>honore</strong></span> <span class='ocrx_word' id='word_1_850' title='bbox 3146 4874 3339 4940; x_wconf 85' lang='lat' dir='ltr'><strong>afﬁcio,</strong></span> <span class='ocrx_word' id='word_1_851' title='bbox 3375 4873 3558 4928; x_wconf 90' lang='lat' dir='ltr'><strong>orbem</strong></span> <span class='ocrx_word' id='word_1_852' title='bbox 3597 4885 3772 4926; x_wconf 80' lang='lat' dir='ltr'><strong>evoco</strong></span> 
     </span>
    </p>
   </div>
   <div class='ocr_carea' id='block_1_113' title="bbox 2189 4961 3774 5036">
    <p class='ocr_par' dir='ltr' id='par_1_113' title="bbox 2189 4961 3774 5036">
     <span class='ocr_line' id='line_1_113' title="bbox 2189 4961 3774 5036; baseline -0.006 -13"><span class='ocrx_word' id='word_1_853' title='bbox 2189 4969 2428 5024; x_wconf 75' lang='lat' dir='ltr'><strong>beneficii</strong></span> <span class='ocrx_word' id='word_1_854' title='bbox 2454 4977 2659 5023; x_wconf 84' lang='lat' dir='ltr'><strong>testem.</strong></span> <span class='ocrx_word' id='word_1_855' title='bbox 2683 4968 3121 5036; x_wconf 84' lang='lat' dir='ltr'><strong>Obtempcremus</strong></span> <span class='ocrx_word' id='word_1_856' title='bbox 3142 4979 3286 5034; x_wconf 87' lang='lat' dir='ltr'><strong>ergo,</strong></span> <span class='ocrx_word' id='word_1_857' title='bbox 3313 4977 3484 5033; x_wconf 85' lang='lat' dir='ltr'><strong>neque</strong></span> <span class='ocrx_word' id='word_1_858' title='bbox 3502 4961 3567 5016; x_wconf 89' lang='lat' dir='ltr'><strong>ad</strong></span> <span class='ocrx_word' id='word_1_859' title='bbox 3591 4969 3774 5014; x_wconf 82' lang='lat' dir='ltr'><strong>osten-</strong></span> 
     </span>
    </p>
   </div>
   <div class='ocr_carea' id='block_1_114' title="bbox 2190 5055 3768 5128">
    <p class='ocr_par' dir='ltr' id='par_1_114' title="bbox 2190 5055 3768 5128">
     <span class='ocr_line' id='line_1_114' title="bbox 2190 5055 3768 5128; baseline -0.005 -15"><span class='ocrx_word' id='word_1_860' title='bbox 2190 5061 2442 5114; x_wconf 87' lang='lat' dir='ltr'><strong>tationem</strong></span> <span class='ocrx_word' id='word_1_861' title='bbox 2475 5074 2772 5128; x_wconf 85' lang='lat' dir='ltr'><strong>prcccmur,</strong></span> <span class='ocrx_word' id='word_1_862' title='bbox 2815 5072 2986 5127; x_wconf 90' lang='lat' dir='ltr'><strong>neque</strong></span> <span class='ocrx_word' id='word_1_863' title='bbox 3024 5065 3206 5110; x_wconf 85' lang='lat' dir='ltr'><strong>contra</strong></span> <span class='ocrx_word' id='word_1_864' title='bbox 3251 5055 3498 5110; x_wconf 87' lang='lat' dir='ltr'><strong>inimicos</strong></span> <span class='ocrx_word' id='word_1_865' title='bbox 3531 5061 3768 5117; x_wconf 88' lang='lat' dir='ltr'><strong>nostros,</strong></span> 
     </span>
    </p>
   </div>
   <div class='ocr_carea' id='block_1_115' title="bbox 2191 5143 3768 5205">
    <p class='ocr_par' dir='ltr' id='par_1_115' title="bbox 2191 5143 3768 5205">
     <span class='ocr_line' id='line_1_115' title="bbox 2191 5143 3768 5205; baseline -0.006 0"><span class='ocrx_word' id='word_1_866' title='bbox 2191 5167 2292 5205; x_wconf 86' lang='lat' dir='ltr'><strong>neu</strong></span> <span class='ocrx_word' id='word_1_867' title='bbox 2324 5149 2533 5203; x_wconf 87' lang='lat' dir='ltr'><strong>modum</strong></span> <span class='ocrx_word' id='word_1_868' title='bbox 2565 5149 2741 5203; x_wconf 78' lang='lat' dir='ltr'><strong>auxilii</strong></span> <span class='ocrx_word' id='word_1_869' title='bbox 2766 5147 3048 5203; x_wconf 87' lang='lat' dir='ltr'><strong>doceamus</strong></span> <span class='ocrx_word' id='word_1_870' title='bbox 3075 5162 3217 5202; x_wconf 88' lang='lat' dir='ltr'><strong>eum.</strong></span> <span class='ocrx_word' id='word_1_871' title='bbox 3263 5147 3392 5200; x_wconf 73' lang='lat' dir='ltr'><strong>Nam</strong></span> <span class='ocrx_word' id='word_1_872' title='bbox 3419 5145 3462 5200; x_wconf 86' lang='lat' dir='ltr'><strong>si</strong></span> <span class='ocrx_word' id='word_1_873' title='bbox 3487 5143 3768 5199; x_wconf 79' lang='lat' dir='ltr'><strong>causidicis</strong></span> 
     </span>
    </p>
   </div>
   <div class='ocr_carea' id='block_1_116' title="bbox 2193 5234 3774 5310">
    <p class='ocr_par' dir='ltr' id='par_1_116' title="bbox 2193 5234 3774 5310">
     <span class='ocr_line' id='line_1_116' title="bbox 2193 5234 3774 5310; baseline -0.006 -14"><span class='ocrx_word' id='word_1_874' title='bbox 2193 5253 2244 5296; x_wconf 90' lang='lat' dir='ltr'><strong>et</strong></span> <span class='ocrx_word' id='word_1_875' title='bbox 2271 5243 2567 5296; x_wconf 89' lang='lat' dir='ltr'><strong>rhetoribus</strong></span> <span class='ocrx_word' id='word_1_876' title='bbox 2597 5241 2734 5310; x_wconf 88' lang='lat' dir='ltr'><strong>apud</strong></span> <span class='ocrx_word' id='word_1_877' title='bbox 2767 5241 3006 5294; x_wconf 87' lang='lat' dir='ltr'><strong>forenses</strong></span> <span class='ocrx_word' id='word_1_878' title='bbox 3031 5239 3236 5310; x_wconf 78' lang='lat' dir='ltr'><strong>iudices</strong></span> <span class='ocrx_word' id='word_1_879' title='bbox 3264 5236 3532 5294; x_wconf 88' lang='lat' dir='ltr'><strong>tractanda</strong></span> <span class='ocrx_word' id='word_1_880' title='bbox 3559 5234 3774 5304; x_wconf 84' lang='lat' dir='ltr'><strong>negotia</strong></span> 
     </span>
    </p>
   </div>
   <div class='ocr_carea' id='block_1_117' title="bbox 2191 5323 3776 5394">
    <p class='ocr_par' dir='ltr' id='par_1_117' title="bbox 2191 5323 3776 5394">
     <span class='ocr_line' id='line_1_117' title="bbox 2191 5323 3776 5394; baseline -0.006 -7"><span class='ocrx_word' id='word_1_881' title='bbox 2191 5344 2368 5387; x_wconf 82' lang='lat' dir='ltr'><strong>nostra</strong></span> <span class='ocrx_word' id='word_1_882' title='bbox 2387 5333 2612 5386; x_wconf 57' lang='lat' dir='ltr'><strong>dicimus</strong></span> <span class='ocrx_word' id='word_1_883' title='bbox 2633 5343 2858 5394; x_wconf 90' lang='lat' dir='ltr'><strong>tantum,</strong></span> <span class='ocrx_word' id='word_1_884' title='bbox 2874 5329 3089 5385; x_wconf 89' lang='lat' dir='ltr'><strong>modum</strong></span> <span class='ocrx_word' id='word_1_885' title='bbox 3111 5337 3284 5384; x_wconf 87' lang='lat' dir='ltr'><strong>autem</strong></span> <span class='ocrx_word' id='word_1_886' title='bbox 3302 5325 3624 5382; x_wconf 87' lang='lat' dir='ltr'><strong>defensionis</strong></span> <span class='ocrx_word' id='word_1_887' title='bbox 3641 5323 3776 5392; x_wconf 77' lang='lat' dir='ltr'><strong>ipsis</strong></span> 
     </span>
    </p>
   </div>
   <div class='ocr_carea' id='block_1_118' title="bbox 2191 5419 3772 5497">
    <p class='ocr_par' dir='ltr' id='par_1_118' title="bbox 2191 5419 3772 5497">
     <span class='ocr_line' id='line_1_118' title="bbox 2191 5419 3772 5497; baseline -0.008 -17"><span class='ocrx_word' id='word_1_888' title='bbox 2191 5427 2558 5497; x_wconf 88' lang='lat' dir='ltr'><strong>relinquimus,</strong></span> <span class='ocrx_word' id='word_1_889' title='bbox 2591 5436 2647 5480; x_wconf 88' lang='lat' dir='ltr'><strong>ut</strong></span> <span class='ocrx_word' id='word_1_890' title='bbox 2701 5440 2797 5496; x_wconf 90' lang='lat' dir='ltr'><strong>pro</strong></span> <span class='ocrx_word' id='word_1_891' title='bbox 2849 5423 3014 5479; x_wconf 90' lang='lat' dir='ltr'><strong>lubito</strong></span> <span class='ocrx_word' id='word_1_892' title='bbox 3060 5437 3150 5477; x_wconf 92' lang='lat' dir='ltr'><strong>res</strong></span> <span class='ocrx_word' id='word_1_893' title='bbox 3193 5429 3401 5475; x_wconf 89' lang='lat' dir='ltr'><strong>nostras</strong></span> <span class='ocrx_word' id='word_1_894' title='bbox 3438 5419 3772 5486; x_wconf 85' lang='lat' dir='ltr'><strong>disponant:</strong></span> 
     </span>
    </p>
   </div>
   <div class='ocr_carea' id='block_1_119' title="bbox 2193 5504 3776 5589">
    <p class='ocr_par' dir='ltr' id='par_1_119' title="bbox 2193 5504 3776 5589">
     <span class='ocr_line' id='line_1_119' title="bbox 2193 5504 3776 5589; baseline -0.009 -16"><span class='ocrx_word' id='word_1_895' title='bbox 2193 5521 2358 5574; x_wconf 90' lang='lat' dir='ltr'><strong>multo</strong></span> <span class='ocrx_word' id='word_1_896' title='bbox 2389 5520 2554 5589; x_wconf 87' lang='lat' dir='ltr'><strong>magis</strong></span> <span class='ocrx_word' id='word_1_897' title='bbox 2577 5532 2701 5586; x_wconf 73' lang='lat' dir='ltr'><strong>erga</strong></span> <span class='ocrx_word' id='word_1_898' title='bbox 2735 5517 2897 5571; x_wconf 90' lang='lat' dir='ltr'><strong>Deum</strong></span> <span class='ocrx_word' id='word_1_899' title='bbox 2942 5515 3010 5569; x_wconf 88' lang='lat' dir='ltr'><strong>ita</strong></span> <span class='ocrx_word' id='word_1_900' title='bbox 3049 5511 3345 5568; x_wconf 89' lang='lat' dir='ltr'><strong>faciendum</strong></span> <span class='ocrx_word' id='word_1_901' title='bbox 3372 5522 3474 5566; x_wconf 81' lang='lat' dir='ltr'><strong>eSt.</strong></span> <span class='ocrx_word' id='word_1_902' title='bbox 3507 5507 3695 5562; x_wconf 85' lang='lat' dir='ltr'><strong>Dixisti</strong></span> <span class='ocrx_word' id='word_1_903' title='bbox 3719 5504 3776 5558; x_wconf 87' lang='lat' dir='ltr'><strong>ei</strong></span> 
     </span>
    </p>
   </div>
   <div class='ocr_carea' id='block_1_120' title="bbox 2193 5598 3776 5680">
    <p class='ocr_par' dir='ltr' id='par_1_120' title="bbox 2193 5598 3776 5680">
     <span class='ocr_line' id='line_1_120' title="bbox 2193 5598 3776 5680; baseline -0.009 -13"><span class='ocrx_word' id='word_1_904' title='bbox 2193 5627 2406 5667; x_wconf 86' lang='lat' dir='ltr'><strong>causam</strong></span> <span class='ocrx_word' id='word_1_905' title='bbox 2439 5623 2601 5676; x_wconf 86' lang='lat' dir='ltr'><strong>tuam,</strong></span> <span class='ocrx_word' id='word_1_906' title='bbox 2635 5609 2812 5664; x_wconf 90' lang='lat' dir='ltr'><strong>dixisti</strong></span> <span class='ocrx_word' id='word_1_907' title='bbox 2841 5624 2960 5680; x_wconf 70' lang='lat' dir='ltr'><strong>quin</strong></span> <span class='ocrx_word' id='word_1_908' title='bbox 2999 5621 3186 5677; x_wconf 85' lang='lat' dir='ltr'><strong>passus</strong></span> <span class='ocrx_word' id='word_1_909' title='bbox 3222 5605 3318 5662; x_wconf 86' lang='lat' dir='ltr'><strong>es?</strong></span> <span class='ocrx_word' id='word_1_910' title='bbox 3349 5617 3478 5658; x_wconf 80' lang='lat' dir='ltr'><strong>cave</strong></span> <span class='ocrx_word' id='word_1_911' title='bbox 3513 5600 3664 5655; x_wconf 87' lang='lat' dir='ltr'><strong>dicas</strong></span> <span class='ocrx_word' id='word_1_912' title='bbox 3691 5598 3776 5652; x_wconf 87' lang='lat' dir='ltr'><strong>illi</strong></span> 
     </span>
    </p>
   </div>
   <div class='ocr_carea' id='block_1_121' title="bbox 2197 5691 3774 5776">
    <p class='ocr_par' dir='ltr' id='par_1_121' title="bbox 2197 5691 3774 5776">
     <span class='ocr_line' id='line_1_121' title="bbox 2197 5691 3774 5776; baseline -0.011 -18"><span class='ocrx_word' id='word_1_913' title='bbox 2197 5719 2300 5775; x_wconf 90' lang='lat' dir='ltr'><strong>quo</strong></span> <span class='ocrx_word' id='word_1_914' title='bbox 2320 5714 2471 5776; x_wconf 86' lang='lat' dir='ltr'><strong>pacto</strong></span> <span class='ocrx_word' id='word_1_915' title='bbox 2499 5702 2590 5758; x_wconf 85' lang='lat' dir='ltr'><strong>tibi</strong></span> <span class='ocrx_word' id='word_1_916' title='bbox 2611 5700 2865 5757; x_wconf 88' lang='lat' dir='ltr'><strong>auxilium</strong></span> <span class='ocrx_word' id='word_1_917' title='bbox 2893 5699 2962 5755; x_wconf 89' lang='lat' dir='ltr'><strong>sit</strong></span> <span class='ocrx_word' id='word_1_918' title='bbox 2987 5696 3261 5755; x_wconf 89' lang='lat' dir='ltr'><strong>ferendum</strong></span> <span class='ocrx_word' id='word_1_919' title='bbox 3287 5713 3299 5726; x_wconf 89' lang='grc'><strong>·</strong></span> <span class='ocrx_word' id='word_1_920' title='bbox 3331 5693 3420 5750; x_wconf 88' lang='lat' dir='ltr'><strong>ille</strong></span> <span class='ocrx_word' id='word_1_921' title='bbox 3453 5691 3647 5768; x_wconf 73' lang='lat' dir='ltr'><strong>quippe</strong></span> <span class='ocrx_word' id='word_1_922' title='bbox 3673 5701 3774 5742; x_wconf 82' lang='lat' dir='ltr'><strong>no-</strong></span> 
     </span>
    </p>
   </div>
  </div>
