4036 6206
394 308 543 370 505’

392 428 577 494 καλῶς
602 429 969 502 διακειμένης,
1001 429 1135 502 ὅπερ
1165 429 1232 485 ἀν
1258 430 1473 503 ἐμπέσῃ
1493 431 1602 486 τῶν
1627 431 1838 496 δεινῶν,
1867 431 1968 486 κᾶν
1989 429 2071 484 λι-

395 517 518 591 μὸς,
545 519 650 574 κᾶν
688 518 867 585 νόσος,
909 518 1013 573 κᾶν
1052 519 1402 587 συκοφαντία,
1441 518 1546 573 κᾶν
1586 520 1883 592 χρημάτων
1923 519 2073 590 διαρ-

392 604 564 678 παγὴ,
596 604 700 661 κᾶν
724 607 753 661 6
781 623 837 661 τι
862 606 990 661 ἄλλο
1020 602 1134 673 οὖν,
1157 607 1395 679 φορητὸν
1420 607 1572 662 ἔσται
1599 609 1692 663 καὶ
1725 606 1950 677 κοῦφον,
1983 605 2073 660 διά

389 696 490 766 τὴν
516 694 611 748 τοῦ
646 694 917 749 Δεσπότου
961 695 1182 768 ἐντολὴν
1226 695 1322 750 καὶ
1368 695 1467 767 τὴν
1510 697 1592 759 είς
1642 694 1805 750 αὐτὸν
1848 694 2068 750 ὲλπίδα’

387 784 580 857 ὥσπερ
628 782 793 840 πάλιν
830 784 932 854 τῆς
976 783 1154 855 ψυχῆς
1197 784 1335 857 πρὸς
1377 783 1470 838 τὸν
1519 784 1653 839 Θεὸν
1702 784 1803 838 οὐκ
1842 783 2071 854 ἐχούσης

385 872 595 937 καλῶς,
630 873 737 928 κᾶν
765 872 995 937 πλοῦτος
1039 872 1292 946 ἐπιρρέῃ,
1329 872 1433 927 κᾶν
1465 873 1650 936 παῖδες
1694 871 1933 944 παρῶσι,
1969 870 2070 925 κᾶν

390 962 600 1034 μυρίων
644 961 941 1027 ἀπόλαυσις
1065 961 1385 1033 χρημάτων,
1414 953 1653 1031 ἀθυμίας
1700 960 1899 1023 πολλάς
1945 962 2068 1013 ἐπι-

389 1038 671 1105 σπάσεταί
695 1050 724 1102 6
753 1048 992 1113 τοιοῦτος
1027 1049 1122 1102 καὶ
1153 1047 1458 1121 φροντίδας.
1498 1047 1591 1120 Μὴ
1631 1048 1810 1102 τοίνυν
1841 1046 2068 1103 πλοῦτον

387 1138 662 1210 ζητῶμεν,
712 1136 789 1210 μὴ
832 1136 1023 1191 πενίαν
1050 1136 1364 1208 φεύγωμεν,
1413 1135 1549 1191 ἀλλά
1588 1136 1695 1208 πρὸ
1724 1135 1940 1190 πάντων
1968 1137 2067 1207 τῆς

273 1225 277 1227 “
386 1226 599 1280 ἑαυτῶν
623 1224 1013 1297 ἐπιμελώμεθα
1037 1224 1215 1297 ψυχῆς
1247 1225 1498 1289 ἕκαστος,
1537 1225 1633 1280 καὶ
1665 1224 1909 1296 ποιῶμεν
1941 1226 2065 1278 ὲπι-

383 1313 602 1386 τηδείαν
643 1312 812 1385 αὐτὴν
849 1313 987 1384 πρός
1027 1330 1089 1366 τε
1124 1312 1222 1385 τὴν
1267 1311 1362 1367 τοῦ
1403 1313 1669 1385 παρόντος
1706 1312 1821 1383 βίου
1862 1313 2066 1367 οίκονο-

386 1402 539 1474 μίαν,
569 1401 665 1455 καῖ⁵
696 1399 835 1473 πρὸς
855 1401 956 1472 τὴν
984 1399 1235 1455 ἐντεῦθεν
1254 1400 1432 1454 ἐκεῖσε
1456 1399 1782 1471 ἀποδημίαν.
1811 1400 1933 1454 Ἔτι
1956 1399 2063 1472 γάρ

386 1489 581 1561 μικρὸν
606 1528 623 1551 ,
676 1488 771 1542 κα)⁵
829 1489 864 1559 ἡ
918 1487 1213 1558 δοκιμασία
1269 1488 1499 1542 ἑκάστου
1541 1487 1700 1559 ἡμῶν
1749 1487 2059 1558 γενήσεται,

381 1577 548 1646 ἡνίκα
582 1576 783 1642 πάντες
816 1574 1187 1647 παραστῶμεν
1224 1574 1302 1646 τῷ
1331 1573 1546 1647 φοϐερῷ
1575 1574 1777 1646 βήματι
1809 1572 1904 1628 τοῦ
1928 1576 2063 1645 Χρι-

382 1664 534 1727 στοῦ,
581 1661 1039 1736 περιϐεϐλημένοι
1083 1663 1185 1728 τάς
1232 1663 1439 1717 ἑαυτῶν
1488 1663 1737 1735 πράξεις,
1794 1665 1889 1717 καὶ
1945 1667 2062 1728 τοῖς

377 1755 679 1827 ὀφθαλμοῖς
709 1753 866 1826 ἡμῶν
898 1753 1151 1828 ὁρῶντες,
1179 1752 1339 1807 τοῦτο
1368 1753 1467 1825 μὲν
1496 1753 1566 1807 τὰ
1592 1753 1801 1825 δάκρυα
1837 1752 1946 1807 τῶν
1976 1753 2063 1825 6p-

380 1845 588 1916 φανῶν,
623 1842 784 1898 τοῦτο
813 1844 869 1898 δὲ
898 1844 999 1908 τάς
1030 1842 1262 1915 αίσχράς
1297 1842 1601 1913 ἀσελγείας,
1633 1845 1693 1897 ὲν
1721 1839 1809 1908 αῖς
1834 1843 2061 1910 ἐμιάνα-

383 1952 484 2008 μεν
526 1933 627 1999 τὰς
670 1933 882 1988 ἑαυτῶν
906 1932 1106 2006 ψυχὰς,
1155 1930 1316 1986 τοῦτο
1340 1931 1398 1985 δὲ
1424 1930 1551 1993 τοὺς
1582 1932 1919 2004 στεναγμοὺς
1949 1931 2058 1986 τῶν

379 2022 587 2095 χηρῶν,
627 2020 784 2075 τοῦτο
831 2021 889 2075 δὲ
928 2023 1054 2084 τοὺς
1088 2019 1474 2090 κονδυλισμοὺς
1509 2019 1618 2074 τῶν
1656 2020 1925 2091 πενήτων,
1958 2019 2058 2085 τὰς

380 2111 637 2182 ἁρπαγὰς
668 2110 778 2164 τῶν
812 2109 1070 2181 πτωχῶν⁹
1101 2109 1161 2163 ού
1192 2108 1350 2180 μόνον
1381 2106 1439 2160 δὲ
1478 2106 1672 2171 ταῦτα,
1716 2108 1811 2163 καὶ
1840 2107 1910 2161 τὰ
1936 2106 2058 2161 τού-

376 2217 493 2262 τοις
528 2200 711 2269 ὃμοια,
748 2198 863 2252 ἀλλ’
891 2196 945 2250 εί
977 2215 1030 2251 τι
1071 2198 1167 2251 καὶ
1209 2197 1267 2250 ὲν
1294 2194 1503 2267 διανοίᾳ
1531 2195 1732 2250 ἄτοπον
1768 2194 2060 2266 διεπράξα-

383 2302 484 2355 μεν
505 2299 518 2315 ·
549 2283 631 2336 ὃτι
661 2282 825 2346 αὐτός
850 2283 999 2335 ἐστιν
1034 2279 1459 2350 Ἐνθυμήσεων
1482 2282 1795 2352 δικαστὴς,
1829 2282 1926 2339 καί
1964 2283 2060 2341 ἐν·

380 2370 560 2426 νοιῶν
572 2369 799 2439 κριτής·
824 2369 919 2423 καὶ
933 2368 1113 2424 πάλινο
1133 2366 1383 2429 Ἐτάζων
1397 2367 1645 2437 καρδίας
1658 2369 1757 2425 καί
1769 2371 2049 2441 νεφροὺς,

354 2530 357 2533 η
382 2461 477 2513 καὶ
504 2498 519 2523 ,
742 2457 1083 2524 Ἀποδιδοὺς
1109 2456 1342 2525 ἑκάστῳ
1378 2458 1528 2511 κατὰ
1546 2455 1615 2510 τὸ
1640 2459 1821 2530 ἔργον
1838 2460 2048 2518 αὑτοῦ.

448 2540 617 2608 οὗτος
650 2545 709 2598 δέ
743 2561 833 2618 μοι
866 2546 896 2599 6
923 2545 1082 2614 λόγος
1108 2544 1170 2599 ού
1204 2544 1344 2617 πρὸς
1368 2546 1495 2611 τοὺς
1533 2546 1594 2600 ὲν
1634 2547 1714 2617 τῷ
1743 2546 1843 2618 βίῳ
1870 2547 2054 2615 ἐξετα-

374 2633 639 2703 ζομένους
673 2634 832 2703 μόνον
870 2632 1038 2697 ἐστὶν,
1066 2631 1203 2686 ἀλλά
1229 2632 1325 2688 καὶ
1359 2633 1500 2705 πρὸς
1523 2635 1649 2698 τοὺς
1677 2634 1737 2688 ὲν
1768 2635 1882 2694 τοῖς
1904 2635 2053 2706 ὄρεσι

372 2722 474 2785 τάς
522 2720 731 2776 ἑαυτῶν
765 2718 1006 2784 καλύϐας
1038 2719 1386 2791 πηξαμένους
1422 2720 1517 2774 τοῦ
1555 2720 1843 2792 μοναδικοῦ
1868 2723 2054 2777 ἕνεκεν

375 2807 518 2878 βίου,
548 2809 630 2861 ὅτι
653 2807 714 2861 o6
752 2806 913 2878 μόνον
952 2805 1023 2860 τὰ
1051 2805 1280 2878 σώματα
1304 2806 1485 2861 αὐτῶν
1517 2809 1569 2861 οί
1592 2808 1823 2862 τοιοῦτοι
1854 2808 2054 2878 φυλάτ-

371 2912 486 2951 τειν
519 2896 823 2967 ὀφείλουσιν
865 2896 973 2952 ἀπὸ
1002 2896 1296 2967 μολυσμοῦ
1330 2897 1613 2967 πορνείας.
1648 2897 1784 2951 ἀλλά
1822 2899 1918 2952 καὶ
1954 2898 2053 2970 τὴν

369 2982 554 3057 ψυχὴν
576 2985 683 3038 ἀπὸ
717 2984 897 3054 πάσης
924 2985 1220 3055 σατανικῆς
1248 2982 1580 3049 πλεονεξίας.
1607 2985 1682 3039 06
1708 2985 1816 3057 γὰρ
1839 2985 2053 3054 γυναιξὶ

374 3072 538 3143 μόνον
571 3072 871 3141 διαλέγεται
892 3073 920 3125 6
949 3071 1245 3136 ἀπόστολος
1268 3071 1500 3137 Παῦλος,
1532 3072 1669 3127 ἀλλά
1694 3074 1789 3127 καὶ
1826 3073 2051 3146 ἀνδράσι

371 3159 470 3215 καὶ
496 3158 773 3230 ὁλοκλήρῳ
800 3162 867 3231 τῇ
911 3159 1225 3231 Ἐκκλησία,
1254 3161 1356 3221 ὅτι,
1390 3160 1545 3230 φησὶ,
1592 3160 1691 3233 τὴν
1725 3160 2050 3232 παρθενεύο-

374 3246 545 3319 μένην
572 3246 748 3319 ψυχὴν
778 3243 918 3300 εἶναι
942 3247 1023 3300 δεῖ
1061 3247 1221 3315 ἁγίαν
1254 3248 1349 3301 καὶ
1381 3247 1594 3318 σώματι
1625 3248 1720 3302 καὶ
1744 3249 2013 3320 πνεύματι
2033 3263 2048 3279 ⁸

369 3334 468 3388 καὶ
494 3333 676 3393 πάλιν,
714 3333 1153 3399 Παραστήσατε
1182 3332 1255 3387 τὰ
1283 3332 1528 3402 σώματα
1555 3334 1718 3403 ὑμῶν
1752 3335 2053 3404 παρθένον

368 3420 599 3491 ἁγνήν·
625 3421 797 3493 ἁγνὴν
817 3421 873 3474 δὲ
904 3421 1022 3484 πῶς
1045 3437 1060 3486 ;
1087 3419 1184 3489 Μὴ
1216 3419 1484 3490 ἔχουσαν
1503 3421 1731 3475 σπίλον
1747 3421 1786 3491 ἢ
1812 3422 2046 3491 ῥυτίδα.

383 3509 536 3563 Ἐπεὶ
606 3509 858 3564 κάκεῖναι
913 3509 969 3563 αί
1018 3507 1277 3579 παρθένοι
1325 3510 1378 3562 αί
1421 3508 1523 3572 τὰς
1568 3507 1856 3575 λαμπάδας
1898 3509 2051 3581 ἐχου-

377 3614 474 3652 σαι
513 3597 871 3670 ἐσϐεσμένας,
920 3596 1181 3668 παρθένοι
1225 3592 1367 3668 ἦσαν
1411 3595 1490 3667 τῷ
1534 3595 1766 3668 σώματι,
1805 3596 1920 3650 ἀλλ’
1952 3597 2050 3670 οὐχ

369 3687 535 3752 ἀγναλ.
565 3686 629 3755 τῇ
661 3681 879 3755 καρδίᾳ,
907 3683 1023 3737 ἀλλ’
1054 3684 1102 3737 εί
1135 3683 1230 3737 καὶ
1270 3683 1345 3756 μὴ
1375 3682 1515 3754 ἀνὴρ
1543 3683 1713 3747 αὐτὰς
1752 3682 2046 3754 διέφθειρε,

368 3772 487 3826 ἀλλ’
512 3772 543 3824 6
574 3769 680 3823 τῶν
702 3770 1002 3842 χρημάτων
1038 3770 1341 3842 διέφθειρεν
1376 3769 1542 3843 ἔρως·
1573 3769 1635 3825 τὸ
1678 3770 1838 3842 σῶμα
1869 3771 2048 3828 αὐτῶν

366 3853 436 3929 ἦν
462 3858 717 3927 καθαρὸν,
752 3858 868 3912 ἀλλ’
911 3860 945 3928 ἡ
1001 3856 1146 3930 ψυχὴ
1193 3857 1373 3911 αὐτῶν
1418 3856 1621 3928 πολλῆς
1654 3852 1722 3930 ἦν
1762 3858 2045 3931 ἐμπεπλη-

369 3945 546 4016 σμένη
570 3947 668 4017 τῆς
698 3944 960 4016 μοιχείας,
1010 3945 1262 4018 πονηρῶν
1304 3944 1580 4016 λογισμῶν
1608 3946 1687 4007 είς
1725 3944 1896 4010 αύτάς
1936 3964 2045 4018 χω-

372 4022 678 4102 ρησάντων,
706 4032 809 4103 τῆς
834 4049 893 4085 τε
916 4032 1369 4104 φιλοχρηματίας,
1397 4033 1491 4086 καὶ
1529 4033 1921 4103 ἀσπλαγχνίας,
1952 4036 2047 4090 κα)⁸

365 4120 680 4190 ὁργῆς,καὶ
710 4119 926 4189 φθόνου.
967 4120 1059 4173 καλ⁸
1096 4119 1330 4190 ἀργίας,
1366 4118 1463 4175 καὶ
1498 4116 1701 4191 λήθης,
1739 4119 1835 4175 καὶ
1872 4122 2043 4193 ὑπερ-

366 4205 625 4274 ηφανίας,
653 4205 1061 4279 λυμαινομένων
1075 4207 1293 4263 πάντων
1314 4202 1411 4274 τὴν
1451 4205 1754 4276 σεμνότητα
1779 4206 1879 4278 τῆς
1907 4223 2047 4280 παρ-

369 4289 555 4353 θενίας
585 4291 781 4345 αὐτῶν.
818 4293 908 4346 Διδ
937 4294 1029 4347 καὶ
1056 4296 1084 4346 6
1114 4291 1324 4356 Παῦλος
1346 4291 1558 4362 ἔλεγεν*
1595 4293 1728 4348 Ἵνα
1754 4295 1793 4362 ἡ
1828 4295 2045 4365 παρθέ-

366 4394 480 4444 νος
514 4372 555 4450 ᾗ
600 4379 741 4448 ἁγία
786 4380 889 4434 καί
934 4380 1160 4449 σώματι
1212 4381 1311 4435 καί
1359 4381 1672 4450 πνεύματιο
1711 4384 1805 4437 καὶ
1860 4384 2042 4450 πάλιν,

367 4465 677 4535 Παρθένον
724 4466 921 4537 ἁγνὴν
974 4467 1361 4536 παραστῆσαι
1407 4469 1489 4533 τῷ
1543 4468 1789 4536 Χριστῷ.
1835 4472 2045 4544 Ὥσπερ

367 4554 480 4624 γὰρ
510 4555 572 4608 1:6
602 4556 757 4627 σῶμα
796 4557 900 4611 ὑπὸ
934 4557 1188 4628 μοιχειῶν
1214 4567 1235 4587 ⁸
1258 4557 1657 4629 διαφθείρεται,
1703 4559 1846 4613 οὕτω
1878 4561 1970 4614 καὶ
2010 4562 2045 4632 η

366 4641 515 4713 ψυχὴ
552 4642 657 4696 ὑπὸ
705 4644 981 4715 λογισμῶν
1021 4643 1326 4698 σατανικῶν
1373 4645 1663 4715 μιαίνεται,
1698 4646 1803 4701 ὑπὸ
1839 4647 2045 4716 δογμά-

366 4742 478 4783 των
518 4729 948 4803 διεφθαρμένων,
974 4732 1080 4786 ὑπὸ
1118 4731 1404 4803 νοημάτων
1434 4733 1671 4788 ἀτόπων.
1715 4736 1773 4788 ὐ
1806 4735 1916 4806 γὰρ
1954 4737 2043 4791 λέ-

373 4834 501 4885 γων,
534 4817 805 4891 Παρθένος
835 4820 951 4890 εἰμὶ
980 4820 1055 4890 τῷ
1081 4819 1328 4892 ⁸σώματι,
1358 4824 1426 4894 τῇ
1464 4821 1521 4875 δὲ
1560 4821 1705 4896 ψυχῇ
1740 4812 1930 4893 φθονεῖ
1965 4825 2043 4898 τῷ

367 4906 605 4976 ἀδελφῷ,
650 4900 806 4971 οὗτος
852 4909 952 4962 οὐκ
983 4908 1098 4961 ἐστι
1131 4908 1399 4980 παρθένος
1421 4928 1436 4942 ο
1471 4911 1571 4981 τὴν
1599 4910 1707 4982 γὰρ
1747 4913 2044 4985 παρθενίαν

371 4994 536 5048 αὐτοῦ
572 4993 876 5066 διέφθειρεν
905 4998 939 5067 ἡ
967 4994 1062 5049 τοῦ
1091 4995 1284 5064 φθόνου
1322 4996 1486 5067 μίξις.
1521 4998 1689 5054 Πάλιν
1712 5002 1741 5054 ό
1772 5000 2044 5066 κενόδοξος

371 5081 471 5134 οὐκ
497 5080 613 5133 ἔστι
643 5082 908 5145 παρθένος
926 5099 940 5113 ο
964 5082 1060 5153 τὴν
1082 5083 1189 5153 γάρ
1216 5083 1509 5154 παρθενίαν
1542 5086 1705 5140 αὑτοῦ
1740 5087 2043 5161 διέφθειρεν

378 5168 409 5219 6
431 5168 530 5237 τῆς
563 5168 857 5237 βασκανίας
882 5170 1021 5242 ἔρως
1040 5187 1055 5201 ο
1088 5170 1149 5223 τὸ
1178 5171 1285 5242 γὰρ
1316 5171 1485 5237 πάθος
1523 5174 1778 5240 είσελθδν,
1811 5176 1910 5246 τῆς
1941 5177 2043 5247 ψυ-

371 5256 473 5328 χῆς
510 5254 694 5311 ἔλυσεν
717 5258 881 5312 αὑτοῦ
909 5259 1007 5329 τὴν
1039 5258 1353 5327 παρθενίαν.
1390 5262 1449 5319 '0
1477 5261 1532 5315 δὲ
1571 5262 1743 5333 μισῶν
1771 5264 1863 5318 τὸν
1890 5264 2041 5320 ἀδελ-

370 5354 472 5415 φον
501 5346 689 5408 αὐτοῦ.
719 5338 874 5410 οὗτος
906 5346 1350 5419 ἀνθρωποκτόνος
1384 5350 1501 5405 ἐστὶ
1534 5351 1731 5420 μᾶλλον
1767 5351 1800 5422 ἢ
1835 5352 2039 5425 παρθέ-

368 5445 487 5493 νος·
517 5433 610 5485 καὶ
644 5430 999 5501 ἁπαξαπλῶς,
1029 5435 1255 5499 ἕκαστος
1283 5437 1362 5501 είς
1390 5436 1419 5489 ὃ
1442 5441 1721 5507 κρατεῖται
1746 5438 1916 5504 πάθος
1945 5457 2040 5494 ποο

367 5519 559 5589 νηρὸν,
594 5522 653 5574 ἐν
687 5521 859 5594 τούτῳ
894 5522 991 5595 τὴν
1027 5522 1322 5595 παρθενίαν
1370 5524 1532 5578 αὐτοῦ
1580 5526 1898 5599 διαφθείρει.
1939 5528 2038 5583 Διά

368 5600 527 5658 τοῦτο
549 5608 578 5660 6
606 5606 818 5672 Παῦλος
850 5610 1024 5673 πάσας
1046 5609 1145 5673 τὰς
1181 5610 1423 5682 πονηρὰς
1447 5611 1649 5676 ταύτας
1688 5613 1911 5685 ἐξώρισε
1944 5614 2035 5687 μί-

428 5756 458 5786 ⁸
482 5754 568 5807 Sic
588 5754 736 5807 Savil.
762 5763 900 5808 recte
918 5771 1008 5822 pro
1033 5752 1162 5822 \‘blg.
1184 5760 1379 5822 μοιχῶν.
1403 5758 1532 5810 Enn.

1568 315 1653 369 DE
1687 312 2155 370 POENITENTIA.
2200 312 2436 371 IIOMIL.
2479 318 2568 373 IV.

3746 332 3850 388 5οι

2182 429 2311 497 ξεις,
2346 435 2438 487 καὶ
2466 434 2675 490 κελεύει
2721 436 3021 508 παρθένους
3054 441 3202 511 ἡμᾶς
3242 437 3381 495 εἶναι
3418 440 3610 506 οὕτως,
3644 441 3720 509 ὡς
3749 462 3853 518 μη-

2177 518 2302 574 δένα
2365 520 2622 593 λογισμὸν
2696 524 2935 579 ἐναντίον
3002 527 3404 598 παραδέχεσθαι
3464 530 3728 596 ἑκουσίοις
3779 538 3846 606 τῇ

2177 606 2346 680 m-

2247 817 2310 872 δ’.
2341 817 2407 871 Τί
2435 813 2528 872 οὖν
2551 820 2686 890 πρὸς
2706 818 2880 874 ταῦτα
2915 820 3197 892 λέγωμεν;
3231 823 3347 888 πῶς
3375 824 3713 898 ὲλεηθῶμενς
3733 829 3850 896 πιῖις

2179 904 2439 976 σωθῶμεν
2458 921 2472 971 ;
2507 906 2648 974 Ἐγὼ
2666 905 2935 977 λέγω-τὴν
2946 908 3111 982 εὐχὴν
3129 910 3187 964 ὲν
3204 914 3268 983 τῇ
3288 912 3482 985 καρδίᾳ
3496 914 3852 989 ἀναλάϐωμεν

2176 995 2429 1059 πάντοτε,
2455 995 2548 1048 καὶ
2576 996 2704 1061 τοὺς
2726 995 2929 1069 ταύτης
2955 1000 3221 1070 καρποὺς,
3239 999 3383 1070 λέγω
3404 1001 3466 1074 δὴ
3486 1001 3583 1074 τὴν
3605 1021 3855 1060 ταπεινο-

2175 1084 2447 1155 φροσύνην
2478 1083 2573 1138 καὶ
2611 1085 2911 1158 πραότητα.
2945 1087 3172 1142 Μάθετε
3196 1088 3326 1161 γὰρ,
3352 1089 3533 1161 φησὶν,
3555 1091 3655 1147 ἀπ’
3682 1092 3851 1162 ἐμοῦ,

2174 1173 2265 1228 ὅτι
2294 1173 2482 1242 πρᾶός
2504 1175 2618 1243 εἰμι
2646 1175 2744 1227 καί
2772 1174 3051 1242 ταπεινὸς
3072 1174 3147 1244 τῇ
3170 1175 3404 1246 καρδίᾳ,
3434 1177 3532 1232 καί
3566 1178 3855 1247 εὑρήσετε

2171 1261 2523 1316 ἀνάπαυσιν
2539 1261 2670 1329 ταῖς
2690 1262 2919 1332 ψυχαῖς
2939 1261 3108 1333 ὑμῶν
3123 1279 3137 1294 ·
3171 1264 3265 1317 καὶ
3285 1264 3450 1320 πάλιν
3479 1266 3508 1319 6
3539 1265 3720 1320 Δαυῒδ·
3748 1269 3854 1323 θυ-

2172 1350 2279 1402 σία
2303 1348 2383 1415 τῷ
2409 1348 2531 1414 Θεῷ
2562 1350 2799 1420 πνεῦμα
2819 1351 3326 1420 συντετριμμένον
3339 1369 3352 1383 ’
3373 1353 3625 1424 καρδίαν
3644 1370 3854 1409 συντε-

2170 1435 2498 1506 τριμμένην
2529 1436 2627 1491 καί
2660 1436 3174 1507 τεταπεινωμένην
3204 1440 3237 1493 ό
3283 1439 3427 1506 Θεὸς
3464 1442 3576 1495 οὐκ
3611 1440 3853 1506 ἐξουδε-

2168 1524 2368 1578 νώσει.
2401 1525 2567 1579 Οὐδὲν
2586 1523 2695 1595 γὰρ
2722 1525 2894 1588 οὕτως
2919 1524 3242 1596 ἀποδέχεται
3282 1527 3312 1580 6
3336 1526 3464 1591 θεὸς
3509 1530 3605 1583 καὶ
3639 1530 3847 1603 ἀγαπᾷ,

2170 1612 2245 1676 ὡς
2266 1612 2441 1685 ψυχὴν
2472 1614 2644 1686 πρᾶον
2668 1614 2762 1668 καὶ
2786 1613 3179 1683 ταπεινόφρονα
3204 1615 3297 1668 καὶ
3317 1615 3658 1688 εὐχάριστον.
3679 1620 3773 1673 BM
3782 1638 3850 1674 πε

2168 1697 2261 1756 οῦν
2289 1703 2383 1755 καὶ
2423 1702 2509 1766 σὺ,
2558 1701 2769 1771 ἀδελφὲ,
2820 1704 2956 1756 ὲπάν
3003 1703 3120 1775 ἴδῃς
3146 1721 3199 1756 τι
3230 1703 3339 1757 τῶν
3367 1705 3645 1777 ἀδοκήτων
3679 1724 3850 1780 προσ-

2168 1787 2334 1841 πεσὸν
2360 1787 2453 1841 καὶ
2484 1786 2731 1856 ἐνοχλοῦν
2758 1803 2861 1852 σοι,
2897 1787 2972 1858 μὴ
2995 1788 3131 1859 πρὸς
3161 1789 3478 1860 ἀνθρώπους
3506 1793 3846 1865 καταφύγῃς,

2168 1876 2262 1930 καὶ
2292 1874 2427 1947 πρὸς
2453 1873 2651 1946 θνητὴν
2682 1873 2798 1946 ίδῃς
2846 1872 3118 1946 βοήθειαν,
3151 1876 3286 1931 ἀλλά
3324 1878 3530 1943 πάντας
3569 1880 3849 1952 παραδρα-

2169 1961 2287 2034 μὼν
2315 1960 2593 2033 άνάδραμε
2634 1964 2699 2033 τῇ
2741 1960 2949 2033 διανοίᾳ
2979 1979 3072 2015 σου
3102 1963 3240 2036 πρὸς
3283 1964 3374 2019 τὸν
3411 1964 3520 2020 τῶν
3544 1965 3731 2038 ψυχῶν
3763 1970 3845 2022 ία·

2163 2049 2313 2121 τρόν.
2343 2049 2585 2121 Καρδίαν
2615 2049 2723 2121 γὰρ
2756 2048 3089 2120 θεραπεῦσαι
3129 2053 3334 2116 ἐκεῖνος
3372 2053 3529 2124 μόνος
3559 2054 3780 2110 δύναται
3816 2058 3846 2109 6

2166 2136 2376 2202 πλάσας
2405 2137 2713 2209 καταμόνας
2733 2136 2831 2200 τὰς
2860 2137 3086 2209 καρδίας
3111 2139 3293 2209 ἡμῶν,
3326 2140 3420 2194 καὶ
3442 2142 3643 2207 συνιεὶς
3666 2144 3844 2197 πάντα

2163 2226 2233 2280 τά
2257 2225 2393 2298 ἔργα
2420 2224 2607 2298 ἡμῶν
2645 2224 2805 2289 αὐτὸς
2835 2224 3053 2279 δύναται
3078 2228 3158 2290 είς
3183 2226 3243 2281 τὸ
3273 2228 3510 2293 συνειδὸς
3545 2229 3701 2301 ἡμῶν
3729 2232 3844 2284 είσ-
3884 2290 3893 2299 ,

2164 2312 2357 2379 ελθεῖν,
2386 2314 2480 2367 καὶ
2510 2313 2609 2384 τῆς
2642 2312 2876 2376 διανοίας
2912 2312 3172 2383 ἅψασθαι,
3202 2315 3296 2368 καὶ
3335 2316 3714 2388 παρακαλέσαι
3745 2317 3844 2389 τὴν

2162 2402 2360 2474 ψυχήν.
2403 2401 2528 2455 Ἐὰν
2568 2401 2626 2455 δὲ
2675 2402 2878 2465 ἐκεῖνος
2938 2400 3013 2472 μὴ
3064 2402 3424 2475 παρακαλέσῃ
3470 2403 3568 2468 τὰς
3613 2406 3845 2477 καρδίας

2090 2528 2093 2531 -
2162 2488 2342 2560 ἡμῶν,
2372 2488 2441 2542 τὰ
2488 2487 2637 2560 παρά
2680 2487 2978 2558 ἀνθρώπων
3006 2486 3155 2560 [507]
3182 2489 3410 2561 περιττά
3445 2491 3538 2545 καὶ
3572 2492 3839 2563 ἀνόνητα·

2163 2576 2350 2646 ῶσπερ
2379 2574 2538 2629 πάλιν
2569 2574 2663 2628 τοῦ
2691 2573 2825 2627 Θεοῦ
2863 2574 3302 2646 παρακαλοῦντος
3350 2575 3445 2630 καὶ
3486 2577 3843 2649 παραμυθου-

2167 2662 2350 2731 μένου,
2382 2663 2483 2716 κᾶν
2516 2662 2682 2733 μυρία
2729 2660 3003 2733 ἄνθρωποι
3039 2661 3461 2735 παρενοχλῶσιν,
3507 2663 3630 2718 οὐδὲ
3674 2666 3753 2728 είς
3780 2665 3843 2719 1:6

2161 2751 2321 2820 τυχὸν
2347 2751 2496 2820 ἡμᾶς
2540 2748 2893 2821 παραϐλάψαι
2939 2748 3287 2819 δυνήσονταν
3320 2750 3451 2804 ὅταν
3482 2749 3592 2823 γὰρ
3633 2752 3845 2818 ἐκεῖνος

2165 2835 2439 2910 στερεὼσῃ
2462 2836 2710 2906 καρδίαν,
2747 2834 2919 2899 οὐδεὶς
2948 2833 3117 2906 αὐτὴν
3145 2834 3410 2889 διασεῖσαι
3441 2835 3684 2892 δύναται.

2232 3034 2417 3090 Ταῦτα
2442 3028 2538 3091 οὖν
2567 3032 2786 3096 εἰδότες,
2807 3033 3101 3104 ἀγαπητοὶ,
3128 3032 3217 3088 ἀεὶ
3244 3032 3380 3106 πρὸς
3403 3032 3495 3089 τὸν
3519 3033 3653 3088 θεὸν
3674 3051 3839 3091 καταο

2161 3124 2476 3196 φεύγωμεν,
2528 3121 2618 3175 τὸν
2675 3120 2770 3174 καὶ
2817 3119 3140 3192 βουλόμενον
3181 3122 3278 3176 καὶ
3331 3120 3629 3193 δυνάμενον
3680 3122 3839 3178 λῦσαι

2160 3210 2316 3281 ἡμῶν
2355 3209 2455 3273 τὰς
2505 3207 2809 3280 συμφοράς.
2865 3207 3210 3278 Ἀνορὼπους
3264 3209 3368 3280 μὲν
3418 3209 3529 3282 γάρ
3574 3209 3703 3264 ὅταν
3742 3210 3839 3283 δέῃ

2160 3297 2556 3370 παρακαλέσαι,
2595 3295 2691 3349 καὶ
2754 3294 3022 3366 πυλωροῖς
3075 3296 3226 3365 ἡμᾶς
3291 3297 3570 3367 συντυχεῖν
3623 3296 3836 3369 ἀνάγκη

2159 3387 2441 3458 πρότερον,
2490 3384 2583 3439 καὶ
2629 3382 2964 3457 παρασίτους
3002 3381 3096 3436 καὶ¹
3146 3381 3384 3446 κόλακας
3431 3383 3836 3455 παρακαλέσαι,

2159 3475 2252 3528 καὶ
2284 3472 2403 3526 ὁδὸν
2441 3470 2640 3541 πολλὴν
2663 3469 2915 3524 ἀπελθεῖν
2937 3485 2950 3499 ·
2985 3467 3161 3523 ἐπὶ-δὲ
3199 3468 3292 3523 τοῦ
3325 3468 3462 3524 Θεοῦ
3486 3469 3640 3525 οὐδὲν
3661 3471 3838 3526 τοιοῦο

2157 3561 2248 3614 τόν
2299 3560 2466 3624 ἐστιν,
2512 3557 2649 3610 ἀλλά
2704 3556 2871 3626 χωρὶς
2924 3556 3144 3626 μεσίτου
3196 3554 3615 3627 παρακαλεῖται,
3670 3558 3836 3630 χωρὶς

2157 3646 2473 3718 χρημάτων,
2520 3643 2687 3715 χωρὶς
2732 3641 2978 3713 δαπάνης
3015 3641 3255 3696 ἐπινεύει
3307 3645 3376 3714 τῇ
3422 3642 3631 3715 δεήσει’
3674 3644 3840 3715 ἀρκεῖ

2159 3735 2319 3806 μόνον
2353 3732 2549 3804 βοῆσαι
2585 3733 2651 3802 τῇ
2692 3729 2891 3802 καρδίᾳ
2930 3728 3026 3783 καὶ
3070 3727 3281 3801 δάκρυα
3324 3728 3710 3802 προσενέγκαι,
3740 3734 3838 3786 καὶ

2155 3821 2357 3887 εὐθέως
2380 3818 2637 3875 είσελθὼν
2687 3816 2850 3872 αὐτὸν
2896 3815 3197 3889 ὲπισπάσῃ.
3239 3817 3350 3872 Καὶ
3398 3816 3686 3890 ἄνθρωπον
3733 3816 3834 3890 μὲν

2155 3906 2599 3983 παρακαλοῦντες
2628 3903 2887 3967 πολλάκις
2911 3903 3248 3974 δεδοίκαμεν,
3271 3904 3347 3975 μή
3378 3920 3462 3968 τις
3489 3902 3599 3958 τῶν
3621 3901 3835 3978 ὶχθρῶν

2156 3997 2370 4072 παρὼν,
2396 3997 2430 4068 ἢ
2462 3994 2634 4067 φίλος,
2666 3994 2702 4065 ἦ
2728 4010 2813 4057 τις
2846 3991 2955 4046 τῶν
2986 3990 3274 4045 ἀντιδίκων
3312 3990 3520 4064 ἀκούσῃ
3550 3990 3644 4046 τοῦ
3684 3992 3831 4064 πρά.

2154 4102 2380 4158 γματος,
2421 4084 2517 4139 καὶ
2544 4081 2701 4146 ἄλλος
2729 4079 2937 4150 ὲκφάνῃ
2972 4078 3042 4133 τὰ
3081 4078 3370 4149 λεγόμενα,
3409 4078 3503 4132 καὶ
3542 4077 3831 4153 διαφθείρῃ

2152 4173 2215 4228 τδ
2250 4174 2488 4228 δίκαιονο
2537 4170 2633 4225 ἐπὶ
2668 4170 2726 4224 δὲ
2762 4167 2856 4223 τοῦ
2901 4166 3035 4221 Θεοῦ
3078 4165 3231 4222 οὐδὲν
3266 4165 3468 4221 τούτων
3494 4167 3826 4225 ὑποπτεῦσαι

2154 4259 2254 4317 ἔνι.
2288 4262 2455 4316 Ὅταν
2482 4258 2591 4331 γὰρ
2620 4256 2786 4331 βούλῃ
2815 4272 2905 4327 με,
2935 4254 3094 4326 φησὶ,
3120 4253 3520 4326 παρακαλέσαι,
3546 4255 3708 4326 μόνος
3738 4273 3829 4327 μοι

2153 4348 2414 4422 πρόσελθε
2460 4345 2684 4419 μηδενὸς
2733 4343 3019 4417 παρόντος,
3053 4341 3320 4407 τουτέστι,
3364 4345 3432 4414 τῇ
3477 4342 3674 4415 καρδίᾳ
3701 4342 3830 4416 βόη-

2155 4458 2267 4506 σον,
2299 4440 2375 4511 μὴ
2409 4438 2571 4494 κινῶν
2601 4435 2670 4491 τά
2714 4436 2888 4507 χείλη.
2931 4436 3186 4491 Είσελθε
3237 4433 3369 4506 γὰρ,
3414 4435 3601 4507 φησὶν,
3642 4437 3730 4502 είς
3757 4437 3826 4489 τὸ

2153 4527 2394 4597 ταμεῖόν
2419 4541 2537 4581 σου
2557 4541 2570 4554 ο
2601 4523 2970 4578 ἀπόκλεισον
2999 4520 3117 4591 τὴν
3142 4521 3331 4590 θύραν
3357 4534 3495 4587 σου,
3518 4520 3615 4575 καί
3638 4522 3827 4589 πρόσο

2151 4616 2320 4680 ευξαι
2345 4613 2426 4681 τῷ
2458 4612 2641 4681 Πατρί
2670 4626 2788 4666 σου
2819 4609 2900 4677 τῷ
2925 4610 2995 4665 ἐν
3017 4608 3099 4675 τῷ
3127 4605 3370 4678 κρυπτῷ
3389 4623 3404 4637 '
3434 4607 3536 4662 καί
3563 4609 3597 4661 ό
3621 4607 3825 4677 Πατήρ

2153 4720 2268 4759 σου
2300 4706 2333 4757 ό
2353 4701 2604 4767 βλέπων
2633 4699 2704 4754 ἐν
2732 4697 2811 4764 τῷ
2860 4694 3122 4777 κρυπτῷ,
3153 4695 3450 4751 ἀποδώσει
3494 4709 3595 4749 σοι
3630 4695 3701 4749 ἐν
3743 4693 3825 4760 τῷ

2150 4788 2405 4862 φανερῷ.
2440 4788 2581 4859 Ὅρα
2622 4785 2787 4855 τιμῆς
2837 4784 3173 4855 ὑπερϐολήνο
3204 4784 3331 4838 ὅταν
3373 4797 3440 4852 με
3474 4781 3818 4854 παρακαλῇς.

2152 4880 2305 4951 φησὶ,
2344 4876 2527 4948 μηδεὶς
2567 4873 2837 4949 βλεπέτω’
2871 4872 2999 4926 ὅταν
3041 4871 3099 4924 δὲ
3139 4868 3250 4938 ἐγώ
3294 4884 3354 4922 σε
3391 4868 3557 4940 τιμῶ,
3601 4868 3701 4940 τὴν
3742 4872 3822 4923 ol-

2148 4967 2420 5037 κουμένην
2469 4962 2619 5033 φέρω
2672 4961 2925 5033 μάρτυρα
2964 4958 3062 5028 τῆς
3106 4955 3443 5026 εὐεργεσίας.
3498 4954 3821 5028 Πειθὼμεθα

2150 5056 2346 5115 τοίνυν.
2381 5054 2470 5108 καὶ
2524 5052 2600 5123 μὴ
2653 5051 2789 5122 πρὸς
2841 5044 3096 5110 ἐπίδειξιν
3148 5042 3453 5115 εὐχώμεθα,
3502 5043 3638 5116 μηδὲ
3679 5047 3822 5100 κατᾶ

2149 5144 2256 5198 τῶν
2282 5139 2488 5212 ἐχθρῶν
2514 5138 2621 5192 τῶν
2645 5134 2947 5208 ἡμετέρων,
2981 5133 3073 5186 καὶ
3108 5131 3181 5203 μὴ
3208 5131 3299 5184 τὸν
3330 5129 3533 5202 τρόπον
3558 5131 3657 5202 τῆς
3690 5131 3820 5205 βοη-

2149 5229 2297 5292 θείας
2335 5226 2669 5295 διδάσκωμεν
2706 5221 2886 5275 αὐτόν.
2936 5219 2998 5273 Et
3038 5218 3145 5288 γάρ
3191 5216 3497 5288 ἀνθρώποις
3530 5219 3645 5282 τοῖς
3692 5235 3820 5273 συν..

2149 5313 2405 5387 ηγοροῦσι
2433 5312 2527 5366 καὶ
2563 5308 2941 5383 ῥητορεύουσιν
2968 5305 3058 5359 ἐπὶ
3095 5303 3203 5357 τῶν
3231 5302 3427 5369 ἔξωθεν
3446 5303 3715 5360 δικαστῶν
3746 5306 3820 5359 τά

2149 5403 2447 5476 πράγματα
2477 5400 2544 5454 τὰ
2569 5396 2810 5469 ἡμέτερα
2832 5393 3061 5464 λέγομεν
3087 5391 3265 5464 μόνσν,
3294 5390 3385 5445 τὸν
3414 5390 3470 5445 δὲ
3494 5392 3691 5463 τρόπον
3719 5394 3821 5464 τῆς

2149 5488 2462 5561 συμμαχίας
2487 5483 2713 5546 ἐκείνοις
2738 5478 3236 5550 καταλιμπάνομεν,
3263 5478 3413 5541 ὅπως
3445 5475 3512 5531 ἂν
3547 5476 3817 5547 βούλοιντο

2146 5576 2403 5634 διαθεῖναι
2429 5571 2498 5627 τὰ
2531 5570 2792 5645 ἡμέτερα,
2820 5567 2998 5639 πολλῷ
3026 5566 3224 5638 μᾶλλον
3253 5566 3345 5619 ἐπὶ
3374 5563 3473 5620 τοῦ
3501 5564 3636 5618 Θεοῦ
3661 5564 3817 5622 τοῦτο

2145 5664 2253 5738 χρὴ
2284 5663 2476 5715 ποιεῖν.
2512 5656 2678 5723 Εἷπες
2706 5655 2855 5727 αύτῷ
2903 5655 3002 5726 τὴν
3044 5654 3199 5724 δίκην
3228 5653 3327 5723 τὴν
3353 5651 3470 5721 σὴν,
3490 5644 3644 5738 εἶπες
3667 5651 3817 5719 ἅπερ

2147 5735 2375 5815 ἀπαθεςς
2411 5746 2604 5820 μηκέτι
2642 5746 2767 5815 λέγε
2807 5744 2867 5799 1:6
2901 5743 3006 5817 ,καὶ
3045 5740 3158 5804 πῶς
3186 5738 3443 5809 βοηθῆσαι
3464 5752 3477 5766 '
3512 5735 3674 5801 αὐτὸς
3704 5737 3813 5807 γὰρ
