4036 6206
461 315 538 370 vit
563 313 688 386 quid
721 314 812 370 tibi
839 321 1124 386 competat.
1157 312 1292 371 Sunt
1313 321 1492 370 autem
1518 311 1753 384 plurimi,
1784 313 1873 383 qui
1899 310 2044 366 mille

461 419 650 461 versus
675 405 813 460 inter
831 405 1092 461 orandum
1118 404 1412 476 proferunt,
1440 404 1729 474 dicuntque
1753 421 1767 458 :
1797 402 2041 469 Domine,

464 494 531 551 da
559 493 686 548 mihi
727 495 966 565 corporis
992 495 1295 561 sanitatem,
1325 494 1488 565 duplo
1531 493 1730 564 plures,
1771 507 1926 563 quam
1954 491 2049 546 ha-

467 585 588 652 beo,
613 586 911 652 facultates,
936 585 1194 641 ulciscere
1228 586 1498 640 inimicum
1542 599 1718 639 meum
1751 601 1765 638 :
1797 583 1939 653 quod
1966 591 2049 638 est

467 678 666 748 ingenti
694 677 907 746 plenum
933 676 1279 731 absurditate.
1309 673 1665 742 Quamobrem
1694 673 1776 727 his
1800 672 2048 727 omnibus

465 771 679 825 omissis
706 769 775 824 ita
805 769 1063 824 orandum
1083 768 1514 838 precandumque
1534 775 1636 832 est,
1659 775 1716 820 ut
1738 765 2051 836 publicanus

466 865 555 920 ille
579 864 668 934 qui
709 861 964 918 dicebat:
1012 861 1149 916 Deus
1187 861 1436 932 prapitius
1475 868 1580 914 esto
1626 859 1749 914 mihi
1801 857 2053 930 peccatori

467 953 618 1026 (Luc.
654 952 738 1007 18.
772 953 876 1022 l3);
908 961 961 1007 et
986 952 1099 1022 ipse
1123 951 1268 1006 novit
1301 965 1407 1020 quo
1432 958 1588 1020 pacto
1629 948 1726 1004 tibi
1772 949 1842 1002 sit
1881 948 2052 1017 cpitu-

466 1049 682 1105 landum
712 1066 725 1103 :
754 1064 875 1102 nam
908 1047 1146 1113 Quwrite,
1175 1045 1365 1116 inquit,
1396 1046 1615 1115 primum
1635 1060 1842 1114 regnum
1865 1042 1982 1106 Dei,
2007 1051 2051 1095 et

467 1141 576 1195 dare
603 1141 772 1195 omnia
790 1140 1093 1209 adjiciantur
1121 1138 1255 1191 vobis
1283 1135 1494 1207 (Matth.
1516 1134 1570 1190 6.
1595 1135 1711 1204 55).
1743 1134 1832 1189 Sic
1852 1134 2049 1202 itaque,

466 1231 669 1298 dilecti,
691 1246 812 1286 cum
840 1231 1021 1285 labore
1043 1238 1098 1285 et
1123 1228 1423 1284 humilitate
1448 1226 1909 1296 philosOphemur,
1932 1239 2058 1294 per-

468 1325 727 1380 cutientes
763 1331 976 1394 pectora
1001 1332 1203 1388 nostra,
1243 1319 1690 1391 quemadmodum
1718 1318 1824 1383 ille,
1858 1326 1911 1372 et
1935 1331 2054 1386 quae

470 1419 698 1492 petimus
736 1429 1129 1486 consequemur
1165 1432 1179 1469 :
1225 1413 1308 1468 sin
1339 1414 1417 1466 ira
1447 1412 1730 1480 furoreque
1758 1409 2050 1480 plenipre-

469 1524 675 1572 cemur,
706 1505 1093 1564 abominabiles
1132 1513 1188 1561 et
1225 1503 1394 1558 odiosi
1432 1501 1570 1574 apud
1615 1501 1780 1557 Deum
1822 1499 2054 1569 reperie-

470 1615 610 1656 mur.
641 1599 992 1656 Conteramus
1022 1597 1180 1666 igitur
1221 1602 1456 1649 mentem
1494 1601 1754 1657 nostram,
1808 1589 2054 1644 humilie-

472 1705 591 1745 mus
617 1689 828 1744 animas
850 1697 1083 1752 nostras,
1110 1699 1494 1756 precemurque
1528 1698 1627 1754 pro
1652 1683 1826 1747 nobis,
1859 1696 2056 1752 proque

472 1780 537 1834 iis
563 1779 652 1850 qui
681 1793 777 1832 nos
803 1777 1042 1832 molestia
1069 1775 1382 1833 affecerunt.
1424 1773 1480 1830 Si
1507 1788 1735 1844 namque
1763 1772 1895 1828 velis
1918 1771 2061 1840 judi-

473 1888 589 1928 ccm
624 1870 690 1926 ad
735 1870 992 1925 auxilium
1021 1855 1216 1924 animae
1261 1876 1367 1923 tua:
1393 1867 1715 1932 demulcere,
1750 1874 1804 1920 et
1841 1865 1907 1920 ad
1944 1873 2060 1920 tuas

473 1971 652 2034 partes
679 1961 969 2027 attrahere,
1011 1974 1297 2030 numquam
1326 1975 1449 2014 eum
1488 1969 1672 2014 contra
1697 1957 2059 2012 adversarium

475 2064 623 2111 tuum
665 2052 1092 2124 compellaveris.
1139 2051 1346 2107 Etenim
1389 2050 1584 2120 judicis
1627 2049 1766 2104 illius
1813 2049 1934 2102 talis
1979 2056 2062 2103 est

479 2164 631 2204 mos:
661 2148 764 2202 illis
793 2147 1022 2202 maxime
1051 2145 1238 2201 annuit
1272 2154 1327 2201 et
1364 2143 1627 2214 postulata
1667 2139 1930 2208 concedit,
1970 2138 2060 2212 qui

480 2256 575 2311 pro
606 2239 836 2295 inimicis
869 2246 1041 2302 arant,
1073 2237 1160 2307 qui
1199 2251 1306 2292 non
1353 2243 1479 2291 sunt
1523 2233 1730 2304 injuriae
1773 2248 2058 2298 memores,

477 2332 567 2404 qui
587 2338 771 2386 contra
803 2331 1048 2386 inimicos
1093 2344 1220 2385 suos
1257 2343 1362 2384 non
1408 2326 1724 2383 ell’eruntur.
1755 2324 1823 2380 Et
1865 2333 2065 2396 quanto

478 2423 646 2492 magis
676 2422 728 2476 hi
781 2436 840 2477 se
886 2421 960 2475 ita
1008 2431 1218 2492 gerunt,
1272 2426 1420 2474 tanto
1470 2418 1637 2488 magis
1687 2417 1825 2471 Deus
1878 2429 2064 2470 eorum

478 2512 723 2568 inimicos
748 2513 1016 2582 ulciscitur
1039 2554 1054 2578 ,
1082 2512 1182 2566 nisi
1197 2512 1262 2566 ad
1291 2511 1653 2582 paenitentiam
1667 2515 2063 2564 convertantur.

551 2604 604 2658 5.
635 2602 737 2658 Cur
760 2603 899 2658 Deus
935 2620 1027 2658 nos
1051 2602 1254 2656 assidue
1279 2602 1450 2656 uexari
1476 2602 1750 2670 permittat.
1777 2629 1851 2641 —
1880 2598 2067 2654 Videte

480 2709 609 2765 ergo
635 2735 651 2761 ,
683 2695 870 2750 fratres
891 2734 905 2759 ,
941 2709 1010 2748 ne
1049 2693 1240 2763 injuria
1269 2708 1300 2748 a
1328 2691 1576 2763 quopiam
1613 2691 1846 2746 lacessiti
1888 2689 2066 2744 statim

481 2785 820 2856 indignemur
835 2795 888 2840 et
906 2785 958 2840 in
987 2785 1254 2840 tristitiam
1281 2784 1542 2849 labamur,
1573 2783 1668 2838 sed
1689 2781 2069 2852 philosophan-

483 2887 563 2931 tes
607 2877 806 2947 gratias
848 2890 1085 2947 agamus,
1129 2884 1500 2945 exspectantes
1529 2873 1784 2928 auxilium
1817 2872 2048 2927 Domini.

484 2968 675 3020 Annon
720 2975 931 3036 poterat
972 2966 1114 3021 Deus
1160 2974 1285 3020 ante
1329 2965 1691 3035 precationem
1734 2964 1871 3019 bona
1911 2962 2067 3018 nobis

483 3058 766 3114 conferre?
793 3073 970 3112 annon
997 3058 1156 3112 vitam
1187 3056 1372 3112 dolore
1399 3070 1619 3110 vacuam
1646 3053 1961 3119 concedere,
1993 3063 2072 3108 at-

483 3165 588 3220 que
637 3165 669 3204 a
716 3151 902 3220 quavis
938 3165 1174 3205 mrumna
1227 3149 1532 3204 remotam?
1570 3148 1676 3205 Sed
1714 3159 1934 3218 utraque
1982 3148 2070 3204 ille

483 3257 695 3297 summo
724 3257 907 3298 amore
939 3242 1080 3296 facit.
1113 3243 1221 3297 Cur
1250 3241 1394 3298 enim
1424 3255 1524 3295 nos
1564 3240 1746 3296 vexari
1787 3239 2066 3309 permittit,

485 3350 586 3391 nec
614 3337 757 3391 illico
775 3335 1027 3390 auxilium
1051 3334 1339 3389 admovet?
1366 3333 1482 3401 Qua
1494 3333 1559 3389 de
1585 3334 1782 3388 causa?
1812 3332 1879 3388 Ut
1897 3333 2068 3403 ipsum

483 3425 696 3482 assidue
716 3426 970 3481 adeamus
987 3466 1002 3490 ,
1027 3425 1142 3495 ejus
1170 3425 1503 3495 postulantes
1527 3439 1682 3495 opem
1713 3465 1728 3490 ,
1757 3423 1824 3479 ad
1865 3424 2064 3493 ipsum-

483 3533 588 3587 que
614 3517 998 3588 confugiamus,
1023 3525 1078 3572 et
1100 3515 1406 3586 frequenter
1426 3517 1598 3586 ipsum
1614 3515 1681 3570 ad
1702 3515 1954 3570 auxilium
1971 3529 2068 3570 vo-

483 3623 688 3662 ccmus.
715 3607 839 3663 Ideo
853 3609 1101 3678 corporis
1115 3607 1346 3673 dolores,
1367 3607 1486 3663 ideo
1504 3609 1739 3677 penuriae
1769 3606 2030 3661 fructuum
2051 3647 2066 3673 ,

486 3700 609 3756 ideo
631 3699 831 3756 fames:
861 3710 916 3754 ut
943 3716 1010 3756 ex
1033 3699 1377 3755 hisaerumnis
1403 3703 1470 3754 ab
1492 3699 1580 3754 illo
1601 3714 1812 3768 semper
1835 3697 2069 3769 pendea-

487 3807 607 3847 mus
631 3832 646 3854 ,
677 3800 836 3862 atque
865 3792 942 3844 sic
971 3807 1065 3861 per
1094 3791 1416 3862 temporales
1439 3805 1704 3846 aerumnas
1728 3791 1888 3844 vitam
1916 3798 2074 3844 teter-

486 3901 625 3941 nam.
660 3885 711 3939 in
757 3884 1123 3940 haereditatem
1177 3899 1586 3955 consequamur.
1634 3882 1816 3952 Itaque
1853 3897 1950 3952 pro
1988 3883 2070 3938 his

490 3979 650 4032 etiam
681 3978 792 4033 Deo
820 3980 1018 4049 gratias
1046 3994 1204 4049 agere
1245 3977 1500 4033 debemus
1523 4019 1539 4043 ,
1567 3979 1656 4048 qui
1693 3976 1874 4032 multis
1897 3976 2071 4032 modis

491 4071 777 4124 sanitatem
804 4079 856 4125 et
879 4070 1102 4124 salutem
1128 4069 1334 4124 confert
1359 4069 1634 4124 animabus
1651 4069 1867 4124 nostris.
1896 4067 2074 4123 Homi-

488 4178 585 4218 nes
611 4163 752 4216 enim
794 4162 838 4217 si
883 4163 1160 4217 minimum
1191 4162 1458 4232 quidpiam
1488 4163 1640 4218 nobis
1665 4162 1906 4218 beneficii
1933 4177 2066 4218 con-

491 4253 745 4318 tulerint,
773 4253 942 4324 iisque
969 4267 1151 4323 p05tea
1173 4253 1254 4309 vel
1281 4253 1431 4308 inviti
1459 4255 1845 4324 aliquantulum
1903 4256 2072 4312 mole-

487 4346 604 4400 stize
633 4345 914 4400 alferamus
935 4387 950 4411 ,
979 4345 1157 4401 statim
1193 4347 1521 4416 exprobrant
1548 4346 1886 4414 beneficium,
1916 4349 1987 4402 ita
2013 4355 2073 4404 ut

489 4438 639 4492 multi
668 4438 772 4492 sibi
799 4439 930 4508 ipsis
966 4439 1283 4494 maledicant
1315 4481 1331 4506 ,
1359 4439 1500 4510 quod
1535 4441 1602 4495 ab
1643 4441 1710 4496 iis
1751 4442 2067 4497 beneficium

487 4529 714 4599 quodvis
738 4531 1072 4600 acceperint:
1109 4532 1244 4586 Deus
1284 4547 1413 4587 vero
1441 4546 1545 4587 non
1593 4533 1705 4597 sic;
1732 4534 1826 4589 sed
1875 4535 2068 4589 ctiam-

492 4664 532 4676 ρ

545 4665 819 4673 —_——'——

1663 198 1751 255 ΒΕ
1789 195 2255 255 ΡαίΝΙΤΕΝΤΙΑ.
2297 197 2526 257 HOMIL.
2567 201 2634 258 ‘l.

3623 206 3724 264 ωϐ

2151 312 2197 366 si
2227 312 2402 368 statim
2449 319 2571 384 post
2608 312 2798 370 collata
2834 313 3091 373 beneﬁcia
3131 323 3500 374 contemnatur
3527 316 3728 374 allicia-

2154 413 2345 472 tnrque
2391 405 2710 460 contumelia
2731 445 2747 472 ,
2777 404 2951 462 adhuc
2979 421 3097 463 sese
3123 417 3310 478 purgat
3339 450 3354 473 ,
3391 409 3730 478 rationesque

2154 494 2252 551 init
2278 513 2398 552 cum
2429 497 2492 552 iis
2515 539 2536 562 ,
2559 498 2648 568 qui
2693 512 2752 553 se
2799 498 2989 567 injuria
3034 499 3324 556 all'ecerunt
3348 542 3364 566 ,
3393 501 3473 556 his
3513 501 3725 556 verbis:

2157 587 2356 658 Populo
2375 604 2534 652 meus,
2555 588 2678 660 quid
2697 588 2795 658 feci
2819 587 2907 643 tibi
2933 587 3118 658 (Mich.
3149 591 3202 646 6.
3226 592 3319 661 δη
3349 592 3448 662 Ipsi
3477 593 3725 648 nolebant

2157 696 2278 735 cum
2310 696 2502 735 vocare
2535 681 2699 734 Deum
2729 721 2746 746 ,
2776 680 2866 736 ille
2899 696 3028 736 vero
3054 697 3158 735 non
3189 683 3428 738 cessabat
3457 684 3600 752 ipsos
3629 699 3724 754 po-

2155 772 2334 840 pulum
2366 787 2518 824 suum
2543 771 2851 826 nominare:
2883 771 2982 840 ipsi
3008 771 3297 826 dominium
3329 774 3690 829 detrectabant
3713 816 3728 838 ,

2156 863 2244 918 ille
2275 879 2403 918 vero
2429 880 2531 918 non
2562 864 2787 927 negabat
2820 879 2915 918 eos
2945 905 2958 930 ,
2989 864 3084 919 sed
3116 873 3170 919 ut
3197 880 3322 921 suos
3349 867 3606 921 tractabat
3633 908 3647 930 .
3675 877 3733 923 et

2155 955 2220 1010 ad
2248 970 2305 1010 se
2333 954 2574 1009 trahebat
2593 955 2794 1019 dicens,
2818 954 3016 1026 Papule
3039 973 3200 1020 meus,
3229 957 3351 1026 quid
3378 957 3476 1029 feci
3501 957 3589 1011 tibi
3599 959 3625 1012 .9
3649 961 3729 1012 An

2157 1046 2250 1101 tibi
2279 1061 2539 1101 onerosus
2565 1047 2634 1101 fui
2655 1089 2671 1115 ,
2706 1047 2876 1118 inquit
2905 1090 2920 1114 ,
2948 1064 3016 1102 an
3041 1050 3220 1117 gravis
3259 1059 3314 1104 et
3343 1050 3636 1106 molesws?
3666 1053 3734 1106 At

2158 1136 2258 1191 hoc
2286 1153 2390 1191 non
2415 1148 2564 1206 potes
2594 1137 2772 1192 dicere
2798 1156 2810 1192 :
2844 1138 2969 1207 quin
2999 1139 3206 1193 etiamsi
3237 1137 3337 1194 hoc
3368 1149 3532 1206 esset,
3564 1155 3734 1210 neque

2156 1229 2234 1284 sic
2254 1229 2486 1299 Oportuit
2511 1229 2717 1284 resilire
2747 1247 2759 1282 :
2795 1228 2920 1296 Quis
2943 1231 3077 1284 enim
3109 1239 3182 1284 est
3210 1231 3346 1299 ﬁlius
3369 1272 3384 1296 ,
3414 1248 3558 1302 quem
3596 1242 3738 1301 pater

2157 1336 2258 1374 non
2287 1320 2507 1389 corrigat
2537 1318 2722 1390 (Hebr.
2754 1319 2840 1374 12.
2871 1319 2924 1392 7)
2943 1318 3225 1376 ‘.’Attamen
3251 1320 3352 1377 hoc
3382 1337 3486 1377 non
3517 1325 3736 1392 potestis

2157 1410 2354 1466 dicere.
2386 1412 2452 1465 Et
2493 1412 2683 1465 iterum
2712 1411 2872 1466 alibi:
2907 1411 3053 1476 Quod
3077 1412 3370 1467 invenerunt
3397 1423 3564 1483 patres
3590 1413 3739 1467 vestri

2157 1501 2210 1555 in
2240 1517 2317 1554 me
2344 1501 2583 1555 delictum
2605 1499 2735 1569 (Jer.
2765 1499 2818 1554 2.
2847 1501 2947 1570 5).?
2976 1500 3218 1572 Magnum
3259 1510 3314 1557 et
3350 1503 3596 1557 mirabile
3646 1503 3731 1558 di-

2157 1594 2501 1663 ctumzquod
2555 1595 2695 1648 enim
2753 1594 3224 1664 dicit—huiusmodi
3279 1605 3392 1650 est:
3424 1594 3562 1664 Quid
3613 1609 3742 1664 pec-

2159 1689 2326 1776 cavi?
2377 1690 2548 1758 inquit
2587 1689 2726 1744 Deus
2766 1688 3103 1743 hominibus:
3129 1686 3265 1755 Quid
3311 1687 3560 1758 peccavi?
3602 1688 3744 1758 quod

2162 1793 2333 1850 neque
2370 1780 2512 1834 servi
2554 1795 2583 1834 a
2631 1779 2861 1835 dominis
2890 1779 2992 1835 dici
3017 1780 3336 1835 concedunt.
3369 1780 3548 1850 Neque
3591 1779 3741 1846 dicit,

2163 1869 2298 1938 Quid
2339 1871 2549 1940 peccavi
2593 1871 2644 1924 in
2672 1885 2808 1934 vos;
2851 1869 2984 1936 sed,
3022 1870 3078 1924 In
3125 1879 3302 1939 patres
3356 1879 3580 1926 vestros.
3626 1869 3737 1925 Vc-

2165 1979 2282 2018 rum
2312 1979 2486 2034 neque
2516 1965 2616 2018 hoc
2635 2004 2650 2028 ,
2681 1964 2790 2030 ait,
2821 1964 3044 2034 potestis
3071 1963 3270 2030 dicere,
3299 1963 3440 2034 quod
3471 1973 3744 2034 paternam

2164 2069 2291 2126 erga
2317 2070 2402 2109 me
2431 2053 2760 2109 inimicitiam
2783 2054 3026 2109 servetis.
3065 2053 3248 2124 Neque
3283 2054 3424 2110 enim
3447 2054 3750 2124 progenito-

2167 2161 2255 2202 res
2275 2154 2485 2202 vestros
2505 2145 2721 2215 permisi
2743 2160 2996 2214 umquam
3024 2145 3411 2216 providentiam
3443 2160 3614 2200 meam
3665 2145 3749 2200 in-

2165 2255 2374 2304 cusare,
2402 2239 2454 2294 in
2501 2253 2665 2309 parvo
2701 2248 2794 2294 aut
2841 2253 3036 2308 magno
3077 2238 3375 2309 despiciens
3414 2253 3527 2294 eos.
3568 2236 3753 2308 Neque

2167 2337 2477 2406 simpliciter
2502 2336 2636 2391 dixit
2675 2351 2688 2388 :
2727 2334 2864 2402 Quid
2891 2334 3192 2390 habuerunt
3221 2342 3400 2402 patres
3427 2331 3606 2396 vestri,
3630 2329 3747 2393 sed.

2171 2427 2308 2494 Quid
2343 2427 2678 2482 invenerunt?
2729 2425 2982 2496 Quamvis
3019 2425 3184 2480 multa
3225 2422 3552 2493 quznsierint,
3581 2420 3748 2475 multa

2167 2519 2582 2588 circumquaque
2630 2517 2895 2572 moverint
2938 2524 3016 2571 tot
3057 2514 3210 2568 annis
3240 2527 3359 2568 meo
3398 2511 3498 2566 sub
3526 2510 3752 2579 imperio

2170 2609 2442 2679 degentes,
2471 2608 2676 2663 nullum
2705 2608 3024 2664 invenerunt
3062 2606 3115 2659 in
3152 2618 3240 2658 me
3278 2602 3552 2658 delictum.
3592 2600 3754 2671 Igitur

2170 2698 2360 2754 borum
2378 2701 2614 2753 omnium
2630 2713 2787 2753 causa
2816 2696 3122 2767 frequenter
3144 2693 3212 2749 ad
3227 2708 3348 2748 eum
3365 2691 3750 2762 confugiamus,

2170 2794 2303 2850 etin
2331 2793 2732 2850 omni-mturare
2753 2789 3167 2846 consolationem
3197 2786 3313 2856 ejus
3339 2798 3670 2856 quaeramus.
3699 2783 3752 2836 in

2171 2885 2317 2940 omni
2345 2886 2648 2942 calamitate
2675 2885 2791 2956 ejus
2814 2880 3152 2946 solutionem,
3175 2877 3292 2948 ejus
3311 2874 3751 2938 misericordiam,

2173 2975 2226 3032 in
2251 2976 2396 3032 omni
2438 2975 2730 3031 tentatione
2773 2974 2891 3045 ejus
2937 2970 3190 3026 auxilium
3229 2975 3756 3038 :quantumcumquo

2173 3068 2313 3124 enim
2341 3068 2541 3122 malum
2569 3066 2746 3134 fuerit,
2793 3071 3221 3135 quantacumque
3269 3055 3585 3114 calamitatis
3637 3069 3754 3110 ma-

2171 3160 2412 3232 gnitudo,
2439 3161 2616 3215 omnia
2647 3157 2737 3212 ille
2763 3155 2972 3212 solvere
2995 3162 3050 3208 et
3068 3165 3316 3207 amovere
3345 3157 3549 3219 potest:
3584 3159 3758 3216 neque

2174 3252 2278 3308 hoc
2302 3259 2523 3315 tantum,
2553 3249 2645 3304 sed
2671 3263 2884 3304 omnem
2904 3245 3260 3303 securitatem,
3282 3241 3551 3305 virtutem,
3573 3251 3754 3292 veram

2173 3341 2419 3413 gloriam,
2452 3338 2867 3396 incolumitatem
2897 3334 3137 3404 corporis
3158 3374 3172 3399 ,
3202 3328 3592 3402 philosophiam
3643 3327 3758 3380 ani-

2174 3449 2297 3500 mm,
2323 3447 2472 3502 spem
2498 3431 2712 3496 bonam,
2745 3438 2873 3484 etut
2896 3443 3000 3483 non
3027 3424 3181 3480 facile
3209 3435 3506 3492 peccemus,
3527 3417 3578 3474 id
3603 3417 3758 3474 nobis

2174 3523 2291 3590 ejus
2315 3521 2523 3575 bonitas
2550 3517 2809 3573 conferet.
2849 3516 2928 3571 Ne
2976 3516 3156 3580 itaque
3207 3513 3533 3583 ingratorum
3571 3523 3755 3564 servo—

2173 3627 2291 3667 rum
2318 3625 2468 3666 more
2483 3622 2898 3674 murmuremus,
2917 3620 3090 3676 neque
3108 3603 3388 3658 Dominum
3415 3602 3715 3656 incusemus
3739 3613 3754 3664 ;

2173 3703 2266 3760 sed
2291 3704 2343 3758 in
2373 3701 2621 3758 omnibus
2643 3699 2840 3768 gratias
2867 3710 3086 3768 agamus
3105 3736 3120 3762 ,
3152 3703 3207 3750 et
3239 3707 3400 3748 unum
3429 3691 3599 3746 solum
3638 3705 3757 3744 ma-

2174 3796 2283 3851 lum
2313 3809 2434 3850 esse
2466 3801 2733 3862 putemus,
2773 3803 2966 3858 nempe
2996 3788 3050 3841 in
3078 3801 3199 3842 eum
3229 3799 3474 3856 peccare.
3515 3784 3690 3852 Atque
3711 3781 3757 3836 si

2175 3889 2245 3944 ita
2270 3903 2393 3958 erga
2435 3887 2602 3940 Deum
2651 3881 2827 3938 aliecti
2882 3881 3070 3945 simus,
3098 3894 3202 3933 non
3227 3877 3462 3942 morbus,
3494 3890 3598 3929 non
3625 3888 3759 3944 pau-

2175 3989 2356 4051 pertas
2377 4018 2391 4043 ,
2425 3992 2529 4032 non
2559 3973 2843 4047 ignominia
2867 4015 2882 4039 ,
2914 3987 3018 4026 non
3046 3971 3296 4026 sterilitas
3335 3967 3620 4032 fructuum,
3653 3980 3758 4020 non

2177 4071 2320 4126 aliud
2341 4069 2614 4141 quidpiam
2635 4081 2844 4133 eorum,
2866 4080 2985 4134 quae
3012 4064 3153 4118 inter
3181 4061 3319 4116 mala
3347 4066 3723 4128 computantur
3741 4097 3758 4122 ,

2177 4179 2276 4220 nos
2303 4163 2565 4232 excipiet;
2595 4159 2688 4216 sed
2719 4173 2904 4230 puram
2932 4165 3240 4226 castamque
3262 4153 3583 4223 voluptatem
3615 4165 3761 4206 sem-

2177 4269 2273 4326 per
2303 4253 2465 4320 nacti,
2498 4253 2657 4308 etiam
2688 4250 2860 4306 futura
2886 4249 3023 4304 bona
3051 4259 3442 4316 consequemur
3478 4261 3490 4296 :
3516 4242 3683 4312 gratia
3711 4248 3766 4296 et

2177 4347 2503 4418 benignitate
2542 4343 2750 4399 Domini
2778 4339 2944 4397 nostri
2970 4340 3096 4395 Jesu
3127 4335 3362 4402 Christi,
3383 4335 3593 4405 quicum
3620 4332 3764 4388 Patri

2177 4441 2364 4510 gloria,
2393 4454 2496 4493 una
2524 4453 2645 4493 cum
2666 4444 2850 4490 sancto
2871 4433 3090 4503 Spiritu.
3117 4445 3257 4486 nunc
3285 4438 3340 4485 et
3372 4442 3603 4498 semper,
3634 4434 3690 4482 et
3711 4424 3764 4480 in

2179 4533 2372 4588 saecula
2401 4530 2736 4586 saeculorum.
2767 4527 2956 4583 Amen.

943 4650 3766 4676 *Μ

490 4759 780 4803 EIUSDEM.
830 4758 1099 4801 llOMlLlA
1148 4760 1229 4801 DE
1258 4759 1518 4802 JEJUNIO
1563 4760 1643 4802 ΕΤ
1687 4760 1749 4801 IN
1793 4760 1999 4804 JONAM
2045 4761 2061 4802 1

2168 4759 2452 4807 PHETAM,
2498 4757 2579 4800 ET
2621 4754 2972 4809 DANIELEM,
3020 4749 3296 4795 [ιτ-τηερε
3350 4744 3626 4801 PUEROS,
3689 4743 3767 4787 81⁵

844 4860 926 4901 DE
971 4859 1408 4902 Ροιεκιτιςκτιιι.
1454 4859 1642 4902 ΒΙΟΤΛ
1686 4860 1797 4902 εει·
1842 4859 2055 4903 ΔυΤΕΜ

2190 4855 2524 4902 δΑοιιοιιυΜ
2566 4853 2964 4898 ,ιωυΝιοιιυΜ
3009 4846 3382 4895 INGBESSUM.

1073 5149 1289 5188 nomn
1329 5149 1359 5187 ν
1405 5132 1506 5202 (ιι).

567 5229 620 5283 1.
653 5227 795 5281 laeta
824 5227 977 5280 nobis
1004 5225 1160 5280 hodie
1186 5239 1247 5279 ac
1274 5225 1457 5279 festiva
1485 5222 1783 5283 celebritas,
1813 5221 2074 5290 solitoque

495 5319 751 5375 tllustrior
777 5330 967 5374 cattus.
997 5317 1250 5384 Qumnam
1273 5331 1400 5384 ergo
1421 5314 1615 5368 causa?
1639 5313 1832 5383 Jejunii
1859 5313 2078 5382 praecla-

496 5425 612 5464 rum
639 5427 775 5478 Opus
805 5411 905 5464 hoc
931 5424 1048 5463 esse
1077 5407 1234 5471 novi,
1265 5405 1453 5477 jejunii
1493 5420 1597 5460 non
1645 5404 1950 5475 praesentis,
1985 5402 2078 5457 sed

494 5503 818 5574 exspectati.
854 5499 985 5555 Illud
1021 5513 1249 5570 namque
1283 5513 1381 5553 nos
1421 5496 1525 5553 huc
1549 5496 1616 5552 ad
1642 5507 1916 5568 paternam
1947 5508 2078 5551 con-

567 5641 636 5700 (a)
660 5639 839 5690 Collata
862 5652 970 5689 cum
993 5645 1097 5690 Mss.
1114 5637 1273 5701 Regiis
1291 5635 1429 5709 ιξξε,
1457 5635 1591 5700 1829,
1614 5633 1765 5686 252i.

2111 4984 2188 5034 O—

2206 5003 2407 5017 ———

2186 5124 2422 5197 gregavit
2440 5124 2654 5180 domum
2678 5141 2689 5176 :
2715 5120 2841 5176 illud
2862 5119 3018 5176 etiam
3041 5130 3133 5172 eos
3153 5114 3242 5187 qui
3263 5112 3488 5169 antehac
3512 5111 3772 5183 pigriores

2184 5217 2397 5272 fuerunt
2420 5257 2435 5282 ,
2464 5215 2529 5268 ad
2562 5222 2828 5268 maternas
2848 5211 2863 5242 ⁸
2894 5208 3105 5264 reduxit
3132 5220 3340 5260 manus.
3386 5203 3442 5260 Si
3471 5217 3599 5258 vero
3629 5200 3771 5274 quod

2185 5316 2525 5379 exspectetur
2551 5307 2744 5370 solum,
2776 5310 2980 5358 tantum
3005 5300 3164 5356 studii
3191 5298 3343 5354 nobis
3372 5294 3615 5367 ingessit,
3647 5311 3769 5350 cum

2186 5402 2490 5474 apparuerit
2516 5397 2914 5465 adveneritque,
2936 5403 3187 5465 quantam
3211 5393 3262 5448 in
3295 5392 3448 5448 nobis
3471 5398 3768 5446 veneratio-

2188 5509 2312 5550 nem
2339 5490 2572 5549 efliciet?
2595 5489 2683 5546 Sic
2703 5497 2757 5544 ct
2780 5487 2987 5554 civitas,
3012 5485 3248 5557 principe
3272 5481 3549 5542 tremendo
3568 5482 3768 5552 ingres-

2259 5631 2272 5662 ¹
2302 5630 2413 5680 Sat.
2439 5629 2491 5677 ct
2515 5636 2640 5676 unus
2664 5629 2798 5688 neg.,
2825 5627 3069 5687 paternas.
