4036 6206
253 242 357 299 507

256 368 403 420 sum,
431 365 642 406 omnem
683 345 879 403 omittit
913 343 1192 409 desidiam,
1239 340 1533 412 majorique
1579 338 1840 392 excitatur

255 442 455 498 studio.

329 531 595 587 Daemones
633 528 887 600 jejunium
931 525 1332 580 Christianorum
1369 531 1614 576 metuunt.
1641 550 1710 560 —
1737 518 1843 574 Sed

257 625 398 680 haud
429 624 612 678 timete
641 618 974 676 tremendum
1004 617 1294 687 principem
1323 613 1583 684 jejunium
1622 611 1844 667 audien-

260 727 340 771 tes
373 731 386 767 :
417 729 521 767 non
557 712 698 767 enim
728 709 899 776 vobis,
929 707 1022 762 sed
1063 704 1448 760 daemoniorum
1491 711 1694 757 naturai
1734 712 1844 756 tre-

262 805 515 862 tuendum
535 813 636 860 est.
667 801 875 856 Etenim
897 799 940 855 si
963 799 1223 853 lunaticus
1245 795 1404 850 fuerit
1426 795 1564 864 quis,
1585 793 1770 863 jejunii
1797 791 1846 847 ei

261 895 447 950 faciem
475 893 718 958 ostende,
747 901 905 960 atque
931 887 1194 958 lapidibus
1225 887 1354 958 ipsis
1380 885 1703 940 immobilior
1729 898 1846 938 ma-

264 999 355 1040 net
397 987 587 1039 timore
623 982 961 1047 coustrictus,
989 988 1043 1034 et
1068 978 1229 1033 veluti
1259 975 1469 1031 vinculo
1494 975 1720 1046 quodam
1749 974 1848 1028 de-

266 1086 443 1130 tentus
474 1093 488 1130 :
517 1075 673 1144 idque
703 1072 1058 1144 potissimum,
1081 1085 1200 1124 cum
1222 1068 1411 1122 viderit
1434 1067 1638 1138 jejunio
1666 1065 1852 1136 adjun-

261 1177 402 1222 ctam
444 1180 681 1221 sororem
700 1160 1242 1230 contubernalemque
1262 1159 1476 1229 jejunii,
1509 1158 1803 1212 orationem
1834 1173 1848 1209 :

265 1257 386 1314 ideo
413 1256 653 1314 Christus
674 1253 802 1309 dicit
825 1271 838 1307 :
865 1251 980 1306 Hoc
998 1267 1155 1324 genus
1181 1267 1282 1306 non
1311 1250 1511 1321 ejicitur
1534 1249 1630 1304 nisi
1658 1250 1711 1303 in
1739 1265 1855 1304 ora-

263 1351 396 1404 tione
435 1357 482 1404 et
515 1347 717 1418 jejunio
744 1344 959 1419 (Matth.
987 1345 1076 1400 l7.
1105 1341 1220 1416 20).
1262 1344 1395 1400 Cum
1438 1345 1614 1414 itaque
1657 1350 1856 1398 nostra:

263 1439 448 1495 salutis
477 1437 661 1493 hostes
680 1438 757 1492 sic
779 1444 1145 1507 persequatur,
1169 1443 1327 1506 atque
1354 1435 1581 1489 inimicis
1605 1434 1725 1490 vitae
1751 1449 1854 1488 no-

265 1541 393 1586 stra:
423 1539 528 1585 tatu
560 1530 631 1584 sit
658 1527 952 1584 timendum
974 1569 987 1592 ,
1017 1542 1197 1582 amare
1227 1537 1282 1581 et
1301 1525 1522 1596 diligere
1546 1525 1600 1580 id
1624 1533 1853 1595 oportet,

267 1635 372 1676 non
403 1620 593 1676 timere
623 1636 637 1672 :
665 1621 710 1674 si
739 1619 882 1674 enim
913 1616 1205 1673 timendum
1231 1625 1314 1673 est
1337 1659 1353 1684 ,
1396 1617 1626 1672 ebrietas
1655 1623 1710 1670 et
1734 1630 1857 1670 cra-

265 1711 411 1782 pula,
431 1727 536 1767 non
558 1710 818 1781 jejunium
843 1709 1018 1764 timeri
1044 1708 1223 1764 debet.
1253 1709 1343 1763 Illa
1364 1707 1623 1778 siquidem
1643 1716 1855 1762 nostras

269 1809 390 1870 post
432 1811 576 1872 terga
625 1801 792 1871 ligans
833 1814 1044 1866 manus,
1083 1799 1331 1853 vitiorum
1378 1797 1662 1868 tyrannidi,
1694 1797 1857 1852 veluti

267 1892 477 1947 cuidam
498 1905 671 1960 pravae
691 1889 942 1957 dominae,
960 1903 1149 1944 servos
1171 1903 1270 1943 nos
1288 1889 1628 1958 captivosque
1645 1887 1818 1944 reddit
1841 1905 1856 1942 :

265 1982 526 2054 jejunium
556 1995 683 2036 vero
707 1995 894 2037 servos
921 1979 1220 2035 existentes
1243 1993 1344 2034 nos
1370 1988 1530 2050 atque
1559 1978 1749 2050 ligatos
1775 1978 1855 2032 in-

270 2074 516 2140 veniens,
533 2072 743 2128 vincula
763 2072 924 2128 solvit
945 2080 1000 2128 et
1021 2070 1300 2143 tyrannide
1321 2071 1528 2140 liberat,
1553 2071 1860 2142 pristinam-

269 2179 374 2234 que
399 2164 453 2218 in
479 2164 777 2220 libertatem
806 2161 1030 2218 reducit.
1061 2160 1224 2232 Igitur
1251 2161 1466 2233 quando
1491 2161 1734 2217 inimicos
1753 2175 1856 2216 no-

267 2265 410 2312 stros
455 2262 743 2326 expugnat,
782 2253 1144 2324 servituteque
1185 2268 1284 2309 nos
1323 2253 1546 2318 liberat,
1589 2261 1748 2324 atque
1792 2251 1860 2307 ad

268 2348 502 2417 priorem
524 2347 730 2402 reducit
751 2347 1074 2414 libertatem,
1093 2361 1249 2417 quam
1279 2346 1438 2402 aliam
1461 2345 1715 2416 majorem
1741 2345 1860 2416 eius

270 2453 396 2509 erga
427 2448 668 2494 nostrum
688 2452 858 2510 genus
883 2438 1135 2494 amicitiae
1161 2439 1426 2494 rationem
1455 2438 1728 2509 exquiris?
1756 2437 1856 2493 Et-

275 2532 417 2586 enim
459 2530 748 2585 maximum
794 2531 993 2585 amoris
1028 2530 1282 2586 indicium
1321 2530 1375 2585 id
1412 2544 1533 2585 esse
1561 2529 1788 2595 videtur,
1816 2531 1859 2584 si

273 2623 488 2678 eosdem
519 2624 794 2678 nobiscum
821 2632 965 2678 amet
989 2624 1129 2692 quis,
1157 2631 1210 2677 et
1229 2623 1354 2678 odio
1381 2635 1748 2694 prosequatur.

345 2713 715 2767 Monac/torum
741 2713 872 2766 laus.
898 2741 971 2753 —-
1001 2712 1091 2768 Vis
1117 2713 1344 2780 discere,
1371 2724 1598 2784 quantus
1626 2715 1853 2769 homini-

277 2806 376 2859 bus
399 2813 618 2858 ornatus
646 2803 716 2858 sit
741 2803 1022 2874 jejunium,
1051 2813 1306 2876 quantum
1336 2813 1570 2861 tutamen
1600 2822 1662 2861 ac
1690 2816 1862 2862 custo-

273 2899 394 2954 dia?
418 2897 696 2953 considera
722 2897 932 2954 beatum
961 2906 1121 2970 atque
1144 2898 1456 2954 admirabile
1479 2899 1857 2955 monachorum

274 3005 463 3060 genus.
503 2990 566 3044 Hi
609 3005 838 3060 namque
875 2991 1157 3046 tumultum
1185 2993 1364 3047 saeculi
1394 2992 1674 3063 fugientes,
1702 3003 1860 3063 atque

273 3085 340 3139 ad
368 3083 480 3153 ipsa
503 3082 761 3137 montium
787 3082 1060 3136 cacumina
1077 3093 1375 3155 currentes,
1395 3085 1601 3154 tuguria
1624 3085 1673 3138 in
1692 3085 1859 3140 eremi

274 3173 455 3243 quiete
501 3172 661 3227 veluti
708 3171 762 3227 in
808 3172 1094 3243 tranquillo
1137 3173 1366 3243 quodam
1409 3184 1567 3244 portu
1616 3173 1856 3244 ﬁgentes,

274 3264 535 3335 jejunium
557 3279 656 3320 ceu
681 3264 990 3320 commercii
1014 3265 1244 3334 vitaeque
1266 3265 1467 3319 socium
1492 3274 1858 3334 susceperunt.

278 3360 454 3426 Quare
492 3358 710 3428 angelos
758 3372 825 3413 ex
871 3357 1173 3412 hominibus
1214 3357 1333 3411 illos
1379 3356 1502 3412 fecit
1542 3375 1554 3411 :
1597 3371 1702 3412 non
1743 3357 1862 3418 illos

276 3451 466 3518 modo,
493 3450 586 3506 sed
611 3460 664 3506 et
692 3451 745 3504 in
773 3449 990 3505 urbibus
1026 3457 1283 3520 quotquot
1310 3464 1368 3504 se
1397 3449 1683 3504 tolerantes
1711 3450 1860 3505 inve-

278 3544 378 3610 nit,
423 3541 489 3598 ad
534 3543 706 3611 ipsum
751 3540 1102 3612 philosophiae
1144 3542 1355 3597 culmen
1398 3540 1595 3596 evehit.
1634 3541 1766 3596 Nam
1809 3551 1864 3597 ct

278 3633 450 3689 Moses
495 3642 549 3688 et
594 3631 757 3696 Elias,
802 3631 1182 3702 pr0phetarum
1219 3633 1271 3687 in
1304 3632 1482 3688 Veteri
1520 3629 1864 3689 Testamento

281 3735 473 3789 turres,
503 3723 711 3780 tametsi
731 3737 795 3778 ex
816 3723 934 3779 aliis
960 3723 1194 3778 illustres
1211 3723 1492 3794 magnique
1517 3722 1858 3793 haberentur,

279 3829 345 3870 ac
370 3815 535 3869 multa
567 3814 759 3870 fiducia
786 3813 1104 3884 gauderent;
1149 3822 1327 3869 tamen
1368 3814 1413 3868 si
1451 3814 1662 3884 quando
1696 3815 1862 3870 Deum

281 3904 530 3961 volebant
572 3904 720 3960 adire
759 3911 813 3959 et
855 3904 1073 3973 alloqui,
1104 3912 1357 3974 quantum
1385 3903 1585 3960 homini
1615 3906 1865 3975 possibile

282 4005 420 4065 erat,
449 3995 516 4051 ad
547 3996 648 4052 hoc
673 3994 1066 4066 confugiebant,
1093 4005 1251 4064 atque
1281 4010 1374 4064 per
1400 3994 1558 4065 hujus
1581 4011 1770 4050 manus
1797 3995 1863 4051 ad

283 4090 447 4143 Deum
469 4087 816 4143 ducebantur.
851 4085 1058 4142 Idcirco
1084 4085 1222 4140 Deus
1256 4085 1525 4140 hominem
1549 4101 1580 4139 a
1605 4086 1864 4156 principio

282 4177 499 4244 faciens,
531 4177 670 4234 illico
699 4178 931 4233 delatum
960 4192 1083 4234 eum
1109 4175 1299 4247 jejunii
1325 4177 1568 4232 manibus
1594 4191 1867 4232 commen-

284 4267 447 4332 davit,
471 4268 631 4322 veluti
661 4269 761 4337 pitu
780 4267 1099 4337 amabilique
1118 4267 1276 4322 matri
1296 4274 1349 4320 et
1370 4266 1634 4336 magistra:
1649 4267 1864 4336 optimm

285 4359 642 4414 committens.
671 4358 801 4413 Nam
830 4359 906 4413 Ab
931 4360 1066 4412 omni
1098 4359 1236 4428 ligno
1269 4358 1497 4428 paradisi
1531 4357 1779 4423 eomedes,
1803 4359 1866 4412 de

281 4451 420 4520 ligno
455 4463 571 4504 vero
605 4447 827 4502 scientiae
849 4447 966 4502 boni
985 4457 1031 4502 et
1056 4447 1179 4502 mali
1206 4464 1306 4502 non
1331 4448 1594 4503 comedetis
1627 4448 1780 4520 (Gen.
1805 4451 1861 4507 2.

283 4542 374 4598 16.
409 4539 497 4612 l7)
523 4559 536 4596 :
563 4537 618 4594 id
640 4536 848 4610 species
873 4537 1068 4610 jejunii
1097 4547 1199 4596 est.
1237 4541 1293 4598 Si
1342 4549 1516 4595 autem
1544 4541 1596 4595 in
1618 4540 1866 4611 paradiso

280 4632 537 4702 jejunium
579 4629 943 4686 necessarium
990 4631 1106 4698 fuit,
1157 4641 1305 4688 extra
1349 4631 1653 4702 paradisum
1699 4633 1866 4687 multo

283 4723 450 4795 magis
481 4741 494 4778 :
521 4722 565 4780 si
603 4729 726 4777 ante
763 4722 972 4793 plagam
1013 4723 1156 4778 utilis
1188 4723 1453 4779 medicina
1480 4723 1671 4790 fuerat,
1701 4724 1866 4779 multo

283 4817 455 4888 magis
489 4824 608 4887 post
634 4815 840 4888 plagam
874 4833 886 4869 :
919 4815 964 4870 si
995 4815 1220 4872 necdum
1247 4817 1386 4873 bello
1411 4818 1753 4887 cupiditatum
1787 4818 1866 4872 in-

282 4919 532 4980 surgente
553 4909 707 4966 nobis
737 4924 883 4965 arma
911 4909 1122 4965 fuerant
1149 4920 1468 4979 opportuna,
1500 4911 1669 4965 multo
1696 4911 1863 4980 magis

286 5010 406 5069 post
435 5010 635 5058 tantum
663 5002 1008 5073 cupiditatum
1037 5003 1276 5074 praelium
1303 5019 1332 5056 a
1359 5001 1688 5057 dmmonibus
1715 5003 1866 5058 nobis

286 5093 509 5159 illatum,
539 5095 896 5151 necessarium
938 5095 1091 5152 nobis
1138 5103 1219 5152 est
1262 5094 1862 5164 jejuniieommilitium.

287 5181 342 5236 Si
371 5181 506 5238 hanc
526 5185 760 5242 audisset
779 5202 962 5244 vocent
993 5186 1184 5252 Adam,
1216 5201 1546 5256 nequaquam
1578 5186 1862 5240 secundam

287 5271 522 5329 audisset
551 5295 563 5330 :
595 5275 757 5332 Terra
777 5295 848 5344 cs,
872 5289 918 5333 et
939 5280 990 5334 in
1012 5290 1196 5334 terram
1219 5279 1474 5333 reverteris
1497 5277 1646 5350 (Gen.
1673 5279 1726 5334 3.
1757 5279 1864 5350 l9).

288 5363 392 5421 Sed
419 5368 666 5438 quoniam
688 5370 822 5426 hanc
842 5372 1053 5440 quidem
1079 5384 1438 5443 transgressus
1459 5381 1558 5437 est,
1585 5381 1866 5442 propterea

288 5473 432 5512 mors
461 5465 517 5512 et
545 5474 686 5513 cura:
727 5471 779 5514 et
816 5478 1067 5517 a'rutunze
1109 5475 1162 5520 et
1206 5464 1435 5520 tristitia:
1478 5473 1532 5517 ct
1573 5463 1678 5517 vita
1721 5463 1864 5517 omni

288 5562 459 5608 tnorte
486 5548 697 5623 gravior
728 5570 740 5604 :
773 5561 1051 5621 prepterea
1081 5555 1248 5624 Spinae
1276 5566 1330 5610 et
1358 5556 1556 5623 tribuli,
1584 5564 1864 5627 propterea

284 5642 492 5701 labores
521 5655 572 5701 et
599 5642 828 5715 dolores,
856 5643 1063 5714 vitaque
1090 5646 1343 5717 angustiis
1367 5647 1541 5717 plena.

961 229 1018 287 S.
1061 225 1337 285 JOANNIS
1373 220 1848 281 CHRYSOSTOMI
1888 218 2200 278 ARCHIEP.
2241 218 2781 277 CONSTANTINOP.

3437 219 3542 275 308

2023 336 2101 392 De
2131 338 2330 407 jejunio
2369 339 2564 391 Iteratur
2616 336 2772 390 Dens.
2833 331 3140 390 Pwnitentia
3187 336 3397 406 fervens,
3428 340 3546 392 licet

1949 429 2128 495 brevis,
2162 431 2318 484 multa
2345 417 2555 498 peccata.
2576 429 2725 483 deiet.
2748 457 2789 467 -
2847 426 3036 482 Vidisti
3062 429 3329 498 quomodo
3351 430 3543 483 irasci-

1953 534 2038 578 tur
2067 524 2205 578 Deus
2236 521 2438 592 jejunio
2475 521 2698 591 spreto?
2738 519 2886 575 disce
2926 531 2979 574 et
3020 523 3290 590 quomodo
3333 521 3549 576 lzctatur

1947 615 2148 686 jejunio
2173 613 2453 669 honorato.
2482 611 2940 678 Quemadmodum
2957 611 3098 666 enim
3120 612 3324 681 jejunio
3339 621 3543 682 spreto,

1951 707 2223 778 spernenti
2251 705 2567 775 supplicium
2599 702 2788 758 inflixit
2814 713 3038 758 mortem
3069 721 3082 756 :
3114 704 3193 757 sic
3231 705 3420 757 iterum
3451 719 3548 758 eo-

1953 801 2074 854 dem
2115 798 2397 864 bonorato,
2429 797 2495 852 de
2539 804 2711 850 morte
2741 802 2975 850 revocat.
3003 794 3135 848 Nam
3163 804 3215 849 et
3237 795 3420 849 volens
3450 795 3545 850 tibi

1953 889 2235 946 ostendere
2261 890 2337 944 rei
2359 890 2630 953 virtutem,
2656 896 2970 956 potestatem
2996 887 3095 956 ipsi
3117 887 3262 941 dedit
3283 897 3402 955 post
3422 901 3548 941 sen-

1957 986 2198 1050 tentiam,
2228 991 2348 1053 post
2374 982 2770 1046 abductionem,
2800 981 3056 1036 abductos
3082 981 3148 1035 ad
3179 991 3403 1036 mortem
3431 997 3551 1035 me-

1956 1075 2040 1130 dia
2065 1074 2132 1129 de
2161 1075 2244 1129 via
2274 1089 2493 1145 rapere,
2537 1082 2696 1143 atque
2739 1071 2995 1127 reducere
3034 1071 3101 1126 ad
3145 1072 3340 1137 vitam;
3387 1073 3549 1142 idque

1957 1182 2062 1222 non
2092 1166 2144 1220 in
2175 1166 2380 1221 duobus
2413 1165 2666 1230 tribusve,
2695 1171 2786 1218 aut
2806 1165 2989 1234 viginti
3018 1164 3341 1230 hominibus,
3369 1165 3464 1220 sed
3491 1168 3547 1220 in

1958 1258 2205 1312 universo
2234 1256 2579 1311 Ninivitarum
2607 1256 2801 1326 populo
2825 1272 2840 1321 ;
2867 1265 2923 1313 et
2959 1257 3145 1312 urbem
3177 1274 3418 1328 tnagnam
3447 1259 3546 1314 ad-

1961 1354 2359 1424 mirabilentque
2396 1368 2460 1409 ac
2501 1354 2726 1425 genibus
2769 1354 2924 1409 ﬂexis
2955 1353 3244 1425 jacentem,
3276 1353 3340 1407 ad
3374 1353 3549 1423 ipsum

1963 1447 2268 1501 barathrum
2293 1446 2404 1517 jam
2434 1447 2775 1502 inclinantem
2793 1456 2972 1517 caput,
2995 1447 3297 1502 venientem
3320 1447 3553 1514 desuper

1962 1538 2166 1609 plagam
2192 1546 2550 1608 accepturam,
2577 1538 2736 1593 veluti
2759 1537 3001 1607 quaedam
3022 1537 3187 1592 virtus
3213 1536 3443 1605 desuper
3463 1536 3554 1590 ad-

1960 1629 2145 1685 volans
2190 1645 2255 1684 ex
2302 1639 2453 1700 porta
2499 1629 2687 1684 mortis
2729 1629 2943 1699 eripuit,
2981 1639 3140 1700 atque
3175 1628 3241 1683 ad
3271 1629 3430 1682 vitam
3459 1644 3550 1683 re-

1965 1719 2132 1776 duxit.
2180 1720 2284 1774 Sed
2329 1720 2372 1774 si
2404 1719 2630 1781 videtur,
2667 1729 2722 1775 et
2745 1721 2911 1790 ipsam
2941 1721 3218 1775 audiamus
3250 1719 3547 1775 historiam.

1967 1811 2182 1867 Factum
2214 1823 2305 1880 est,
2335 1813 2523 1882 inquit,
2553 1814 2753 1867 verbum
2781 1813 2990 1868 Domini
3012 1813 3081 1866 ad
3108 1812 3316 1878 Ionam,
3341 1813 3508 1866 dicens
3532 1829 3552 1866 :

1965 1905 2131 1977 Surge
2153 1917 2201 1960 et
2226 1907 2353 1961 vade
2379 1909 2432 1960 in
2455 1906 2675 1961 Niniven
2699 1907 2950 1961 ciuitatem
2972 1907 3212 1977 grandem
3241 1905 3385 1971 (Ion.
3417 1908 3468 1961 1.
3493 1908 3548 1961 ί.

1962 1995 2040 2067 2).
2084 1997 2274 2053 Statim
2305 2013 2371 2052 ex
2400 1998 2514 2069 ipsa
2557 1997 2702 2052 urbis
2741 1997 3104 2068 magnitudine
3133 1997 3244 2052 vult
3272 1998 3415 2052 illum
3448 1997 3550 2053 ﬂe-

1962 2101 2106 2148 ctere
2126 2135 2140 2158 ,
2173 2092 2404 2148 futuram
2432 2091 2730 2162 praevidens
2757 2092 3030 2161 prophetae
3057 2091 3254 2160 fugam.
3281 2091 3385 2146 Sed
3413 2108 3552 2162 prte-

1963 2185 2282 2241 dicationem
2309 2180 2586 2240 audiamus
2609 2183 2823 2238 :Adhuc
2845 2193 2942 2238 tres
2959 2184 3064 2238 dies
3083 2186 3122 2250 ¹,
3150 2196 3196 2238 et
3225 2183 3408 2238 Ninive
3430 2185 3552 2237 sub-

1963 2285 2176 2330 vertetur
2203 2272 2350 2344 (Jan.
2372 2271 2427 2326 3.
2447 2271 2523 2341 4).
2565 2275 2630 2330 Ει
2658 2274 2809 2345 cujus
2835 2275 2911 2329 rei
2941 2275 3106 2344 gratia
3127 2315 3142 2340 ,
3172 2290 3289 2344 qum
3315 2273 3551 2329 facturus

1964 2382 2022 2422 es
2044 2367 2180 2422 mala
2209 2367 2482 2437 prtedicis?
2529 2366 2593 2424 Ut
2631 2381 2733 2420 non
2773 2364 2960 2420 faciam
2988 2381 3106 2436 qua:
3134 2365 3384 2435 prmdico.
3415 2365 3553 2418 Pro-

1965 2470 2143 2530 pterea
2164 2467 2219 2513 et
2238 2459 2532 2529 gehennam
2556 2457 2785 2513 minatus
2805 2467 2906 2521 est,
2925 2473 3030 2528 quo
3041 2457 3106 2512 ad
3127 2457 3422 2527 gehennam
3444 2472 3551 2511 non

1965 2551 2207 2606 abducat.
2231 2552 2510 2619 Terreant,
2528 2553 2815 2621 inquit,vos
2832 2552 3012 2618 verba,
3033 2567 3098 2605 ne
3113 2567 3198 2606 res
3209 2551 3547 2606 conturbent.

1963 2643 2126 2713 Cujus
2152 2654 2326 2698 autent
2368 2644 2442 2698 rei
2482 2644 2646 2713 gratia
2692 2643 3009 2713 prmfinitum
3061 2645 3289 2713 spatium
3331 2643 3395 2696 ad
3441 2653 3548 2698 tam

1964 2735 2123 2791 breve
2153 2745 2358 2805 tempus
2384 2735 2622 2806 redegit?
2647 2736 2762 2803 Quo
2793 2745 2847 2791 et
2867 2725 3211 2790 barbarorum
3239 2736 3413 2792 discas
3441 2738 3551 2789 vir-

1965 2835 2151 2893 tutem,
2181 2828 2300 2882 dico
2320 2838 2495 2883 autern
2522 2828 2897 2892 Ninivitarum,
2923 2827 3010 2896 qui
3039 2827 3205 2882 tribus
3229 2827 3412 2881 diebus
3436 2837 3552 2880 tau-

1965 2929 2070 2972 tam
2105 2929 2439 2988 peccatorum
2486 2919 2617 2974 iram
2662 2919 2870 2974 solvere
2897 2928 3182 2989 potuerunt
3215 2937 3227 2972 :
3260 2929 3416 2989 atque
3455 2919 3549 2974 Dei

1965 3012 2303 3067 clementiam
2328 3012 2628 3078 admireris,
2662 3011 2817 3065 trium
2846 3011 3050 3066 dierum
3081 3012 3390 3082 paenitentia
3418 3026 3550 3065 con-

1966 3102 2096 3158 tenti
2125 3112 2200 3157 tot
2229 3118 2323 3172 pro
2353 3103 2584 3172 peccatis
2615 3120 2628 3155 :
2660 3113 2821 3171 tuque
2864 3101 3236 3171 desperatione
3279 3116 3382 3154 non
3423 3115 3548 3154 cor—

1966 3209 2124 3260 ruas,
2166 3196 2265 3249 etsi
2309 3194 2502 3249 millies
2542 3193 2866 3263 peccaveris.
2910 3191 3367 3261 Quemadmodum
3405 3192 3549 3246 enim

1965 3286 2141 3340 anima
2168 3285 2424 3355 pigritans
2462 3293 2621 3354 atque
2662 3285 2951 3355 negligens,
2980 3299 3295 3354 quamquam
3324 3283 3551 3337 multum

1966 3381 2032 3435 ad
2060 3381 2422 3451 paenitentiam
2453 3381 2708 3450 temporis
2735 3381 2976 3450 accipiat,
2997 3378 3127 3432 nihil
3158 3385 3409 3448 operatur
3437 3391 3552 3430 ma-

1965 3488 2148 3543 gnutn,
2181 3489 2352 3543 neque
2379 3472 2481 3528 sibi
2521 3471 2622 3542 ipsi
2668 3472 2833 3527 Deum
2874 3471 3122 3526 conciliat
3149 3471 3217 3523 ob
3245 3469 3500 3524 desidiam
3533 3486 3547 3522 :

1967 3566 2044 3620 sic
2086 3567 2175 3635 qui
2223 3566 2496 3636 proposito
2535 3564 2722 3630 fervet,
2753 3573 2914 3634 atque
2952 3565 3116 3618 multa
3159 3579 3280 3618 cum
3321 3563 3550 3633 diligen-

1968 3658 2038 3710 tia
2085 3657 2451 3726 ptnuitentiam
2490 3656 2763 3722 ostendit,
2795 3656 2940 3711 brevi
2983 3655 3235 3725 temporis
3271 3662 3544 3709 momento

1969 3750 2190 3820 longaevi
2258 3751 2513 3820 temporis
2574 3759 2788 3821 peccata
2857 3749 3039 3804 delere
3089 3749 3302 3820 poterit.
3360 3748 3547 3803 Nonne

1969 3844 2126 3897 tertio
2163 3843 2350 3898 Petrus
2388 3843 2631 3913 negavit?
2671 3857 2847 3896 nonne
2878 3842 3036 3897 tertio
3061 3856 3180 3896 cum
3209 3840 3551 3909 juramento?

1967 3948 2144 3989 nonne
2171 3933 2286 3987 vilis
2313 3932 2587 4003 cujusdam
2629 3933 2835 3987 ancillae
2877 3931 3037 3987 verba
3089 3933 3282 3987 timens
3337 3932 3547 4002 (Matth.

1966 4027 2056 4082 26.
2103 4025 2192 4080 69.
2233 4026 2377 4095 70)?
2421 4024 2557 4092 Quid
2601 4026 2765 4096 ergo?
2803 4025 3106 4096 oportuitne
3141 4025 3287 4078 illum
3329 4023 3394 4078 ad
3437 4040 3552 4092 pe-

1968 4117 2241 4172 nitentiam
2297 4116 2493 4170 multos
2547 4131 2716 4169 annos
2772 4115 2984 4170 terere?
3025 4113 3405 4183 Nequaquam,
3454 4113 3550 4167 sed

1967 4207 2152 4262 eadem
2180 4215 2334 4260 nocte
2358 4205 2538 4275 lapsus
2567 4213 2650 4260 est
2676 4214 2731 4258 et
2753 4213 2964 4259 erectus
2985 4245 3001 4271 ,
3033 4204 3329 4273 vulnusque
3355 4213 3409 4258 et
3431 4219 3549 4257 me-

1967 4295 2195 4352 dicinam
2231 4297 2435 4365 accepit
2470 4314 2482 4350 :
2513 4295 2789 4366 mgrotavit
2812 4337 2826 4360 ,
2856 4305 3016 4366 atque
3040 4296 3104 4348 ad
3133 4296 3364 4364 priorem
3394 4294 3555 4349 rediit

1968 4387 2269 4443 sanitatem.
2315 4386 2552 4455 Qualiter
2597 4397 2650 4440 et
2689 4386 2995 4457 quomodo?
3042 4385 3200 4440 Flens
3242 4395 3296 4440 et
3342 4386 3551 4454 lugens,

1968 4477 2076 4534 imo
2098 4494 2204 4533 non
2227 4479 2384 4534 modo
2410 4477 2564 4543 flens,
2589 4479 2680 4534 sed
2704 4479 2867 4531 multo
2891 4493 3010 4532 cum
3034 4475 3208 4531 studio
3231 4485 3285 4531 et
3313 4476 3499 4530 affectu
3531 4490 3548 4530 :

1968 4579 2247 4642 pr0pterea
2269 4571 2590 4641 evangelista
2619 4585 2722 4624 non
2749 4570 2880 4623 dixit
2902 4569 3149 4638 quoniam
3180 4567 3350 4622 solum
3372 4567 3548 4630 flevit;

1965 4665 2060 4720 sed
2087 4707 2101 4729 ,
2156 4662 2317 4718 Flevit
2381 4680 2554 4717 amare
2608 4661 2765 4735 (Ibid.
2800 4679 2848 4717 v.
2890 4663 3016 4732 75).
3048 4662 3112 4716 Et
3136 4661 3327 4731 qualis,
3358 4661 3549 4730 inquit,

1969 4770 2272 4829 quantaque
2298 4757 2452 4812 fuerit
2483 4758 2833 4828 lacrymarum
2856 4756 2954 4822 vis,
2987 4768 3166 4810 sermo
3198 4753 3372 4808 nullus
3399 4761 3551 4822 pote-

1969 4853 2036 4906 rit
2086 4852 2353 4920 explicare
2391 4869 2405 4906 :
2443 4850 2554 4920 ipse
2604 4860 2780 4904 autem
2827 4863 3004 4901 rerum
3048 4847 3226 4901 exitus
3273 4842 3553 4900 manifeste

1967 4944 2217 4998 ostendit.
2246 4943 2455 4996 Etenim
2479 4956 2692 5012 gravem
2723 4949 2840 5010 post
2868 4940 3016 4994 illum
3040 4952 3250 5002 casum;
3278 4951 3400 4990 nam
3430 4935 3549 4988 uul—

1969 5037 2077 5090 lum
2123 5035 2390 5104 negatioui
2433 5049 2530 5104 par
2573 5033 2768 5086 malum
2803 5031 2936 5086 :sed
2971 5039 3144 5084 tamen
3185 5038 3306 5098 post
3347 5034 3548 5080 tantum

1971 5128 2186 5190 malum,
2222 5127 2408 5180 iterum
2431 5141 2551 5180 eum
2574 5124 2638 5179 ad
2662 5125 2892 5194 priorem
2924 5122 3175 5177 honorem
3200 5120 3421 5183 revexit,
3452 5117 3554 5172 Ec-

1970 5222 2147 5277 clesia:
2177 5219 2544 5291 prmfecturam
2583 5219 2679 5288 ipsi
2709 5232 2803 5287 per
2823 5218 3127 5270 universum
3159 5211 3412 5266 mundum
3441 5221 3551 5263 tra-

1969 5314 2102 5370 didit
2135 5330 2149 5366 ς
2177 5311 2424 5385 quodque
2448 5311 2682 5365 omnium
2713 5317 2795 5364 est
2819 5305 3119 5369 sublimius,
3149 5302 3380 5357 ostendit
3401 5299 3549 5355 nobis

2035 5472 2049 5502 ⁸
2087 5468 2159 5517 sic
2173 5466 2352 5530 legitur
2375 5479 2401 5515 a
2426 5466 2590 5530 primis
2611 5458 3044 5530 Ecclesizesmculis
3061 5459 3111 5530 in
3133 5463 3252 5530 t.x_x‘
3277 5453 3553 5530 Interpreti-

1971 5533 2081 5582 bus.
2106 5517 2322 5592 Vulgata,
2345 5535 2402 5578 ut
2428 5517 2480 5577 in
2498 5527 2726 5592 Δῌεξὶπιωο,
2773 5517 3429 5592 {dhueiquadragintlrdiea
3449 5523 3549 5592 lete:

1969 5577 2277 5656 aﬁgeuesf'in
2310 5577 2442 5639 itum.
2463 5589 2596 5656 dicit
2625 5577 2892 5656 secundum
2929 5577 3354 5640 ltebrteos'scrihi,
3394 5577 3556 5627 athuc

1971 5646 2294 5724 (jud'draginta
2315 5659 2416 5704 tres
2439 5649 2579 5713 dies;
2602 5646 2690 5699 sed
2708 5647 2902 5698 labitur.
