4036 6206
159 264 273 325 307

172 386 381 443 τίθεται
413 379 707 457 ρᾳθυμίαν,
725 376 820 433 καὶ
846 374 905 431 ἐν
926 371 1131 429 πλείονι
1158 368 1485 457 καθίσταται
1516 368 1582 439 τῇ
1617 363 1841 457 σπουδῇ.

255 452 427 529 Ἀλλὰ-
457 452 534 543 μὴ
562 452 825 539 γπτήξητε
866 461 1097 535 φοϐερὸν
1145 459 1382 532 ἄρχοντα
1433 455 1532 527 τὴν
1590 452 1848 543 νηστείαν

160 541 528 623 ἀκούσαντεςέ
560 556 623 612 οὐ
647 556 758 626 709
782 556 914 625 ἡμῖν
942 553 1068 641 ἐστι.
1088 547 1314 641 φοϐερά,
1339 543 1588 641 ἀλλάἑτῃ-
1601 541 1710 597 τῶν
1726 542 1846 641 00::

169 653 354 729 μόνων
386 648 566 721 φύσει.
615 645 742 699 Ἐάν
787 638 1234 729 σεληνιαζομένος
1340 629 1847 729 τᾏιςηδεῖξονμύτῷ

161 719 423 817 νηστείας
447 737 760 810 πρόσωπον,
792 730 888 786 καὶ
909 727 1021 789 τῶν
1046 727 1211 817 λίθων
1248 723 1427 817 αὐτῶν
1452 719 1844 817 άκινητότερος

166 807 320 904 μένει
348 825 429 897 τῷ
476 807 628 895 φόϐῳ
677 818 1043 892 πηγνύμενος,
1089 815 1186 870 καὶ
1235 812 1488 882 καθάπερ
1526 807 1713 904 δεσμῷ
1739 824 1845 904 τινι

161 897 552 989 κατεχόμενος,
587 910 683 966 καὶ
708 908 943 982 μάλιστα
969 906 1097 961 ὅταν
1138 904 1223 975 ῐδῃ
1271 904 1338 974 τῇ
1371 899 1597 989 νηστείᾳ
1641 897 1844 970 συμϐε-

163 986 446 1075 ϐλημένην
474 1000 575 1072 τὴν
606 996 845 1069 ἀδελφὴν
871 996 973 1065 τῆς
991 992 1245 1086 νηστείας
1277 986 1691 1086 καξόμόςυγον,
1744 991 1843 1086 τὴν

160 1095 349 1164 εὐχήν.
384 1089 484 1146 Διά
518 1087 678 1143 τοῦτο
708 1085 801 1142 καὶ
838 1087 867 1139 0
893 1081 1127 1158 Χριστός
1168 1096 1321 1153 φησι·
1356 1077 1428 1134 T0
1460 1077 1636 1150 γένος
1667 1077 1842 1130 τοῦτο

160 1185 275 1237 οὐκ
328 1179 662 1249 ἐξέρχεται,
697 1177 751 1231 εί
791 1172 878 1245 μὴ
921 1172 992 1227 ἐν
1033 1166 1349 1242 προσευχῇ
1403 1167 1509 1224 καί
1561 1165 1838 1233 νηστείᾳ.

161 1270 335 1324 Ὅταν
362 1264 458 1321 οῦν
497 1267 624 1330 τοὺς
666 1260 957 1334 πολεμίους
994 1261 1094 1332 τῆς
1139 1257 1413 1330 σωτηρίας
1443 1256 1542 1327 τῆς
1565 1254 1843 1326 ἡμετέρας

158 1356 338 1420 οὕτως
360 1354 582 1426 ἐλαύνῃ,
612 1352 707 1408 κα)⁸
739 1353 851 1415 τοῖς
877 1347 1091 1422 ἐχθροῖς
1119 1347 1216 1418 τῆς
1242 1345 1389 1417 ζωῆς
1418 1344 1578 1415 ήμῶν
1607 1343 1778 1406 οὕτως

158 1443 396 1517 φοϐερά,
436 1441 610 1513 φιλεῖν
655 1439 824 1510 αὐτὴν
856 1436 952 1492 καὶ
995 1434 1362 1501 ἀσπάζεσθαι,
1394 1434 1517 1504 ούχὶ
1544 1432 1841 1487 δεδοικέναι

157 1535 291 1608 χρήο
317 1534 370 1587 εί
410 1531 521 1603 γάρ
551 1527 831 1601 φοϐεῖσθαι
875 1526 957 1580 δεῖ
997 1524 1168 1597 μέθην
1203 1522 1299 1578 καὶ
1329 1521 1662 1592 ἀδηφαγίαν,
1721 1519 1843 1589 οὐχὶ

155 1621 419 1694 νηστείαν
444 1617 728 1688 φοϐεῖσθαι
758 1614 889 1687 χρή.
924 1612 1138 1684 Ἐκείνη
1162 1611 1259 1683 μέν
1282 1610 1392 1683 709
1411 1610 1587 1663 ὀπίσω
1616 1608 1714 1673 τάς
1730 1610 1843 1679 χεῖ·

158 1728 267 1783 ρας
320 1707 480 1780 ἡμῶν
514 1706 747 1778 δήσασα,
795 1704 863 1774 τῇ
897 1700 1170 1772 τυραννίδι
1194 1698 1301 1753 τῶν
1349 1696 1557 1762 παθῶν,
1588 1696 1840 1767 καθάπερ

154 1799 268 1853 τινὶ
309 1794 567 1867 δεσποίνῃ
620 1792 856 1863 χαλεπῇ,
896 1788 1115 1851 δούλους
1147 1787 1241 1841 καὶ
1283 1783 1665 1857 αἰχμαλώτους
1696 1783 1878 1837 ἐκδί-ο

155 1886 345 1938 δωσιν·
382 1885 417 1954 ἡ
438 1881 494 1934 δὲ
516 1879 742 1952 νηστεία
762 1876 914 1950 [510]
942 1875 1293 1939 δουλεύοντας
1323 1875 1473 1945 ἡμᾶς
1494 1872 1587 1927 καὶ
1618 1871 1734 1926 δεδε
1742 1870 1842 1943 μέ-

156 1992 289 2038 νους
339 1971 596 2044 εὑροῦσα,
633 1969 819 2041 ἀνίησι
846 1967 956 2021 τῶν
996 1965 1233 2037 δεσμῶν,
1262 1963 1596 2019 ἀπαλλάττει
1624 1962 1724 2033 τῆς
1745 1979 1841 2015 τυ-

162 2062 429 2136 ραννίδος,
454 2060 551 2114 καὶ
582 2058 721 2130 πρὸς
746 2055 845 2128 τὴν
876 2054 1192 2126 ἐλευθερίαν
1217 2053 1483 2120 ἐπανάγει
1509 2051 1612 2122 τὴν
1640 2051 1839 2122 προτέ-

163 2168 288 2224 ραν.
327 2148 500 2204 Ὅταν
527 2142 620 2201 οῦν
653 2146 748 2200 καὶ
783 2146 896 2207 τοῖς
919 2142 1013 2214 ἐχθ
1023 2146 1132 2214 ροῖς
1155 2140 1314 2212 ἡμῶν
1342 2140 1574 2211 πολεμῇ,
1601 2138 1695 2193 καὶ
1721 2138 1843 2191 δου-

157 2239 313 2301 λείας
343 2234 683 2305 ἀπαλλάττῃ,
715 2231 812 2287 καὶ
844 2230 982 2303 πρὸς
1021 2228 1336 2299 ἐλευθερίαν
1365 2227 1638 2298 ἐπανάγῃ,
1682 2225 1841 2279 ποίαν

166 2326 359 2397 ἐτέραν
389 2319 612 2394 μείζονα
639 2320 821 2391 ζητεῖς
864 2314 1139 2381 ἀπόδειξιν
1165 2315 1264 2386 τῆς
1292 2315 1473 2383 φίλιας
1509 2312 1700 2376 αὑτοῦ,
1743 2313 1840 2383 τῆς

160 2414 300 2485 πρὸς
325 2412 388 2465 τὸ
412 2411 570 2480 γένος
593 2407 655 2462 τὸ
691 2407 991 2478 ήμέτερον;
1019 2404 1268 2476 Μεγίστη
1295 2402 1402 2474 γάρ
1429 2401 1609 2472 φιλίας
1626 2400 1841 2455 ἀπόδει-

162 2500 244 2568 ξις
270 2497 414 2555 εἶναι
436 2499 586 2554 δοκεῖ
612 2496 674 2551 :0
701 2496 832 2560 τοὺς
854 2495 1053 2558 αὐτοὺς
1085 2494 1217 2565 ἡμῖν
1238 2492 1414 2562 φιλεῖν
1453 2490 1547 2544 κα)⁵
1576 2492 1777 2561 μισεῖν.

232 2641 428 2696 Βούλει
462 2640 673 2713 μαθεῖν,
690 2638 815 2702 ὅσος
847 2636 1053 2708 κόσμος
1082 2633 1391 2707 ἀνθρώποις
1419 2635 1453 2707 ἡ
1480 2632 1724 2705 νηστεία,
1740 2634 1839 2705 ὅση

158 2730 384 2801 φυλακὴ
449 2728 543 2782 καὶ
592 2725 901 2796 ἀσφάλεια;
965 2723 1219 2795 ἐννόησόν
1296 2739 1387 2794 μοι
1456 2720 1519 2775 τὸ
1570 2721 1841 2793 μακάριον

160 2820 262 2873 καὶ
292 2814 609 2887 θαυμαστὸν
640 2814 750 2867 τῶν
791 2811 1135 2884 μοναζόντων
1163 2811 1341 2880 γένος.
1381 2801 1543 2864 Οῦτοι
1576 2810 1685 2883 709
1714 2812 1843 2875 τοὺς

159 2907 220 2959 ἐν
245 2904 401 2975 μέσῳ
430 2901 692 2974 θορύϐους
722 2900 1009 2970 φυγόντες,
1038 2900 1134 2952 καλ⁵
1169 2898 1306 2970 πρὸς
1331 2897 1429 2962 τὰς
1461 2898 1708 2970 κορυφὰς
1734 2899 1843 2952 τῶν

161 2990 340 3061 ὀρέων
380 2988 783 3060 ἀναδραμόντες
804 3027 819 3049 ,
849 2986 944 3040 καὶ
978 2985 1077 3048 τὰς
1112 2983 1354 3048 καλύϐας
1388 2984 1447 3036 ἐν
1482 2987 1550 3055 τῇ
1577 2985 1678 3056 τῆς
1709 2986 1842 3058 ἐρη..

164 3079 297 3151 μίας
328 3076 554 3148 ἡσυχία,
589 3075 844 3145 καθάπερ
873 3075 931 3128 ἐν
965 3071 1212 3143 εύδιεινῷ
1242 3088 1348 3125 τινι
1372 3071 1557 3143 λιμένι
1594 3072 1845 3144 πηξάμε-

162 3183 266 3230 νοι,
293 3163 501 3234 ταύτην
546 3160 885 3232 συνέμπορον
912 3161 1008 3212 καὶ⁵
1042 3157 1403 3227 συγκοινωνὸν
1431 3158 1526 3211 τοῦ
1557 3157 1675 3229 βίου
1710 3176 1844 3214 παν-

161 3254 255 3318 τὸς
288 3250 501 3304 ἔλαϐον.
549 3246 848 3318 Τοιγαροῦν
886 3245 981 3300 καὶ
1014 3245 1279 3314 ἀγγέλους
1307 3246 1506 3309 αὐτοὺς
1533 3245 1593 3311 ἐξ
1634 3245 1845 3319 ἀνθρώ-

163 3359 286 3394 πων
318 3337 596 3408 ἐποίησεν,
630 3337 731 3390 οὐκ
757 3333 998 3398 ἐκείνους
1019 3333 1076 3387 δὲ
1104 3332 1323 3405 μόνους,
1351 3333 1492 3388 ἀλλά
1514 3334 1610 3388 καὶ
1633 3337 1691 3389 ἐν
1721 3338 1844 3399 ταῖς

163 3429 390 3483 πόλεσιν
417 3428 574 3488 ὅσους
609 3423 677 3479 ἂν
702 3423 837 3496 εὕρῃ
886 3421 1278 3494 προσιεμένους
1310 3422 1502 3493 αὐτὴν,
1536 3423 1672 3495 πρὸς
1712 3423 1846 3477 αὐτὸ

161 3518 266 3588 τῆς
302 3511 626 3584 φιλοσοφίας
672 3511 864 3579 ἀνάγει
896 3509 957 3563 τὸ
991 3508 1144 3579 ὕψος.
1188 3509 1299 3565 Καὶ
1322 3508 1437 3581 γάρ
1474 3511 1716 3581 Μωῦσῆς
1750 3512 1846 3566 καὶ

176 3613 390 3675 Ἠλίας,
415 3610 468 3663 οἱ
506 3608 708 3680 πύργοι
740 3606 849 3661 τῶν
891 3607 949 3660 ἐν
981 3608 1046 3678 τῇ
1078 3604 1291 3677 Παλαιᾷ
1331 3606 1843 3679 προφητῶν,καίτοι

162 3700 263 3754 καὶ
288 3698 399 3754 ἀπὸ
411 3696 520 3751 τῶν
544 3696 722 3753 ἀλλων
753 3695 905 3759 ὅντες
932 3692 1176 3765 λαμπροὶ
1204 3694 1298 3747 καὶ
1322 3694 1566 3764 μεγάλοι,
1587 3696 1680 3749 καὶ
1716 3695 1844 3749 πολ-

162 3789 266 3858 λὴν
310 3786 529 3858 ἔχοντες
574 3783 914 3857 παρρησίαν,
940 3782 1029 3835 ὅτε
1067 3780 1352 3835 ἐϐούλοντο
1405 3782 1727 3853 προσελθεῖν
1767 3783 1845 3855 τῷ

159 3875 287 3948 Θεῷ
323 3876 422 3929 καί
462 3872 841 3942 διαλεχθῆναι,
875 3869 952 3932 ὡς
1000 3866 1274 3940 ἀνθρώπῳ
1317 3868 1539 3924 δυνατὸν
1569 3865 1672 3941 ἦν,
1708 3872 1845 3942 πρὸς

158 3958 372 4031 ταύτην
402 3956 711 4025 κατέφυγον
733 3995 748 4020 ,
781 3952 874 4006 καὶ
907 3951 994 4005 διά
1022 3951 1131 4006 τῶν
1163 3951 1369 4023 ταύτης
1397 3952 1549 4025 αύτῷ
1578 3955 1847 4026 προσεφέ-

160 4063 325 4119 ροντο
352 4043 571 4117 χειρῶν.
601 4041 703 4095 Διά
728 4040 886 4095 τοῦτο
916 4039 1013 4095 καὶ
1036 4039 1065 4093 0
1089 4038 1221 4104 Θεὸς
1240 4039 1332 4093 τὸν
1359 4040 1645 4112 ἄνθρωπον
1676 4044 1844 4098 ποιῶν

161 4138 226 4203 ἐξ
254 4136 458 4207 ἀρχῆς,
478 4133 680 4197 εὐθέως
704 4131 868 4186 αὑτὸν
894 4133 1014 4195 ταῖς
1038 4129 1139 4200 τῆς
1164 4129 1421 4201 νηστείας
1450 4130 1632 4204 φέρων
1666 4149 1845 4205 παρα-

159 4223 433 4278 κατέθετο
463 4222 671 4294 χερσὶν,
703 4218 894 4290 ὥσπερ
931 4217 1272 4290 φιλοστόργῳ
1301 4218 1472 4290 μητρὶ
1511 4219 1606 4273 καὶ
1641 4220 1841 4294 ἀρίστῃ

158 4310 476 4381 διδασκάλῳ
499 4307 599 4381 τὴν
646 4306 855 4361 ἐκείνου
896 4307 1171 4378 σωτηρίαν
1213 4306 1536 4378 ἐγχειρίζων
1580 4309 1740 4380 αὐτῇ.
1769 4309 1844 4363 Τὸ

160 4401 295 4471 γὰρ,
342 4400 488 4453 Ἀπὸ
529 4395 756 4463 παντὸς
795 4395 988 4461 ξύλου
1023 4394 1129 4449 τοῦ
1167 4393 1539 4464 παραδείσου
1569 4407 1596 4438 ι
1616 4397 1843 4465 βρώσει

157 4485 352 4558 φανῇ,
386 4483 508 4540 ἀπὸ
538 4482 608 4536 δὲ
635 4482 741 4539 τοῦ
772 4483 965 4548 ξύλου
1012 4480 1121 4537 τοῦ
1162 4480 1482 4552 γινώσκειν
1522 4484 1717 4537 καλὸν
1742 4487 1843 4541 καὶ

156 4573 439 4641 πονηρὸν
465 4574 539 4628 οὐ
590 4571 891 4643 φάγεσθεο
932 4569 1186 4642 νηστείας
1226 4565 1366 4634 εἶδός
1392 4572 1563 4625 ἐστιν.
1600 4574 1663 4626 Εἰ
1700 4575 1756 4628 δὲ
1781 4578 1840 4629 ἐν

157 4663 484 4737 παραδείσῳ
507 4661 783 4732 ἀναγκαία
805 4663 839 4731 ἠ
864 4660 1107 4732 νηστεία,
1132 4660 1312 4733 πολλῷ
1340 4661 1544 4732 μᾶλλον
1567 4665 1724 4727 ἐκτὸς
1744 4665 1839 4719 τοῦ

154 4751 502 4823 παραδείσου
535 4765 550 4781 ’
583 4751 636 4803 εί
667 4748 778 4822 πρὸ
811 4749 909 4821 τῆς
956 4748 1174 4819 πληγῆς
1204 4750 1474 4821 χρήσιμον
1516 4751 1577 4804 τὸ
1624 4753 1841 4825 φάρμα-

154 4855 285 4902 κον,
326 4836 513 4907 πολλῷ
556 4836 757 4910 μᾶλλον
793 4835 937 4909 μετά
976 4835 1075 4908 τὴν
1113 4835 1361 4907 πληγήνο
1393 4838 1442 4891 εί
1490 4839 1715 4909 μηδέπω
1746 4842 1837 4895 τοῦ

153 4926 408 4998 πολέμου
435 4923 544 4980 τῶν
574 4922 882 4996 ἐπιθυμιῶν
909 4922 1239 4986 ἀναστάντος
1274 4923 1579 4996 ἐπιτήδειον
1608 4929 1743 4998 ἡμῖν
1779 4929 1841 4982 τὸ

151 5014 331 5069 ἇπλον
371 5008 462 5083 ῆν,
490 5011 668 5083 πολλῷ
707 5010 908 5082 μᾶλλον
940 5009 1079 5080 μετά
1103 5010 1202 5082 τὴν
1227 5011 1500 5083 τοσαύτην
1529 5013 1710 5084 μάχην
1740 5015 1840 5086 τὴν

151 5102 273 5157 ἀπὸ
302 5100 418 5154 τῶν
446 5099 751 5171 ἐπιθυμιῶν
772 5138 788 5165 ,
810 5097 910 5169 τὴν
938 5097 1045 5151 ἀπὸ
1073 5096 1181 5151 τῶν
1225 5097 1497 5169 δαιμόνων
1517 5141 1532 5166 ,
1560 5100 1837 5171 ἀναγκαία

152 5191 192 5261 ἡ
225 5186 385 5260 παρά
411 5187 511 5259 τῆς
532 5186 787 5258 νηστείας
831 5183 1140 5256 συμμαχία.
1170 5183 1233 5238 Et
1266 5184 1470 5257 ταύτης
1494 5186 1697 5259 ἤκουσε
1737 5189 1839 5261 τῆς

153 5279 352 5347 φωνῆς
383 5275 415 5327 0
452 5274 639 5345 Ἀδάμ,
672 5274 773 5327 οὐκ
803 5272 871 5328 ἀν
898 5273 1098 5344 ἢκουσε
1123 5272 1220 5343 τῆς
1251 5271 1508 5346 δευτέρας
1528 5274 1627 5347 τῆς
1649 5274 1839 5345 λεγού-

155 5380 292 5435 σης*
312 5359 407 5431 Γῆ
426 5357 501 5428 εἷ,
527 5361 625 5415 καὶ
645 5364 734 5427 εις
756 5359 873 5432 γῆν
896 5360 1207 5429 άατελεύσῃ
1233 5377 1248 5393 ·
1274 5359 1390 5414 ἀλλ’
1411 5362 1602 5435 ἐπειδὴ
1630 5363 1836 5437 ταύτης

156 5453 508 5526 παρήκουσε,
542 5450 631 5506 διά
657 5450 816 5504 τοῦτο
842 5450 1070 5516 θάνατος
1106 5452 1201 5504 καὶ
1231 5450 1515 5523 φροντίδες
1555 5454 1650 5507 καὶ
1683 5453 1834 5509 πόνοι

155 5540 261 5596 καὶ
308 5539 541 5610 ἀθυμίαι
585 5540 680 5593 καὶ
720 5536 836 5611 ζωὴ
878 5538 1109 5594 θανάτου
1158 5539 1358 5603 παντὸς
1409 5536 1715 5615 βαρυτέραο
1746 5542 1834 5598 διὰ

226 5690 252 5719 ⁸
279 5700 419 5755 Unus
449 5702 631 5767 Regius
652 5700 878 5767 etSavil.
908 5697 994 5750 τοῦ
1014 5699 1063 5753 ἰν
1080 5700 1150 5768 τῷ
1170 5696 1464 5763 παραδείσῳ.

1390 248 1482 307 DE
1517 242 1997 306 ΡΟΕΝΙΊΕΝΤΙΑ.
2031 244 2263 305 ΗΟΜΙΙ..
2303 249 2370 304 ν.

1949 361 2112 417 τοῦτο
2149 362 2382 419 ἄκανθαι
2409 362 2502 419 καὶ
2525 361 2786 435 τρίϐολοι,
2822 364 2912 421 διά
2940 367 3098 425 τοῦτο
3128 368 3281 427 πόνοι
3310 370 3408 427 καὶ
3438 369 3629 440 ὠδῖνες

1950 449 2045 502 καὶ
2075 448 2189 519 βίος
2212 448 2529 520 ἐπίμοχθος.

2022 533 2179 600 Εἶδες
2215 538 2331 602 πῶς
2362 540 2390 592 0
2420 538 2553 603 Θεὸς
2594 540 2893 607 ἀγανακτεῖ
2923 546 3177 615 νηστείας
3214 546 3580 620 ὑϐριζομένης
3609 565 3625 614 ;

1951 622 2091 692 μάθε
2121 626 2214 678 καὶ
2240 626 2358 690 πῶς
2385 626 2734 697 εὐφραίνεται
2766 632 3020 699 νηστείας
3056 636 3394 707 τιμωμένης.
3417 637 3629 709 Ὥσπερ

1946 711 2056 783 γὰρ
2078 712 2434 784 ὑϐρισθείσης
2469 715 2639 787 αὐτῆς
2669 714 2902 772 θάνατον
2949 719 3188 792 ἐπέθηκε
3232 721 3308 792 τῷ
3341 722 3631 794 ὑϐρίσαντι

1945 797 2007 850 τὸ
2051 799 2359 871 ἐπιτίμιον,
2407 799 2551 855 οὕτω
2601 801 2764 856 πάλιν
2802 803 3129 876 τιμηθείσης
3176 806 3349 877 αὐτῆς
3398 808 3629 864 θάνατον

1945 884 2332 943 ἀνεκαλέσατο.
2374 889 2484 943 Καὶ
2523 889 2632 961 γὰρ
2660 889 2987 962 βουλόμενός
3026 910 3108 947 σοι
3142 892 3315 958 δεῖξαι
3343 894 3437 948 τοῦ
3484 896 3629 967 πρά-

1946 986 2159 1042 γματος
2187 974 2287 1044 τὴν
2334 973 2586 1045 δύναμιν,
2624 976 2826 1030 ἔδωκεν
2857 975 3109 1042 ἐξουσίαν
3143 980 3280 1052 αὐτῇ
3321 980 3462 1050 μετά
3495 982 3630 1034 ἀπό-

1946 1076 2132 1128 φασιν,
2161 1063 2301 1132 μετὰ
2348 1063 2672 1135 ἀπαγωγὴν,
2703 1067 2833 1129 τοὺς
2864 1068 3247 1137 ἀπαγομένους
3282 1068 3380 1138 τὴν
3408 1069 3501 1121 ἐπὶ
3531 1068 3627 1123 θά-

1946 1165 2105 1201 νατον
2134 1152 2198 1203 ἐκ
2227 1150 2398 1221 μέσης
2425 1151 2737 1223 ἀναρπάσαι
2760 1153 2859 1223 τῆς
2879 1154 3024 1217 ὀδοῦ,
3049 1156 3297 1227 καὶπρὸς
3325 1156 3469 1227 ζωὴν
3494 1173 3627 1226 μετ-

1944 1238 2202 1306 αγαγεῖψ
2235 1238 2328 1291 καὶ
2364 1237 2522 1292 τοῦτο
2548 1240 2649 1293 οὐκ
2678 1238 2771 1294 ἐπὶ
2804 1241 2917 1308 δύο,
2954 1242 2986 1314 ἢ
3018 1243 3112 1296 καὶ
3141 1244 3310 1314 τριῶν
3345 1246 3440 1298 καὶ⁹
3478 1245 3626 1298 είκο-

1948 1339 2032 1376 σιν
2060 1323 2361 1397 ἀνθρώπιον
2398 1326 2674 1398 ἐποίησεν,
2706 1326 2843 1381 ἀλλά
2872 1329 2966 1382 καὶ
2992 1329 3159 1400 δῆμον
3182 1332 3499 1404 ὁλόκληρον,
3527 1331 3625 1404 τὴν

1943 1410 2051 1464 τῶν
2083 1412 2386 1467 Νινευῖτῶν
2414 1413 2567 1468 πόλιν
2599 1414 2843 1488 μεγάλην
2882 1416 2977 1471 καὶ
3015 1415 3334 1490 θαυμαστὴν
3371 1420 3465 1473 ἐπὶ
3494 1420 3624 1489 γόνυ

1942 1500 2224 1572 κειμένην,
2249 1503 2382 1573 παρ’
2400 1503 2534 1557 αύτὸ
2560 1504 2621 1557 τὸ
2653 1503 2927 1578 βάραθρον
2957 1506 3054 1579 τὴν
3082 1505 3322 1578 κεφαλὴν
3343 1506 3622 1574 κλίνασαν,

1944 1589 2038 1642 καὶ
2070 1589 2369 1660 μέλλουσαν
2397 1592 2496 1665 τὴν
2523 1592 2730 1647 ἀνωθεν
2757 1593 3065 1665 φερομένην
3099 1595 3351 1666 δέχεσθαι
3384 1595 3620 1668 πληγὴν,

1943 1674 2195 1749 καθάπερ
2224 1695 2311 1741 τις
2353 1678 2561 1733 ἀνωθεν
2590 1681 2866 1733 ἐπιπτᾶσα
2911 1680 3171 1752 δύναμις,
3200 1682 3295 1736 καὶ
3340 1682 3400 1748 ἐξ
3441 1684 3623 1738 αὐτῶν

1940 1769 2158 1840 ἥρπασε
2209 1769 2320 1822 τῶν
2348 1769 2445 1823 τοῦ
2481 1770 2716 1824 θανάτου
2764 1770 2916 1844 [5H]
2958 1774 3180 1832 πυλῶν.
3210 1775 3306 1828 καὶ
3341 1774 3479 1847 πρὸς
3523 1776 3623 1847 τὴν

1942 1854 2087 1926 ζωὴν
2116 1856 2486 1926 ἐπανήγαγεν.
2541 1856 2682 1910 Ἀλλ’
2723 1862 2772 1912 εί
2801 1859 2968 1925 δοκεῖ,
2992 1860 3087 1913 καὶ
3120 1860 3221 1929 τῆς
3249 1862 3491 1933 ἱστορίας
3524 1863 3623 1916 αύ-

1939 1943 2041 2014 τῆς
2077 1944 2497 2015 ἐπακούσωμεν.
2523 1945 2630 1998 Καί
2659 1946 2930 2016 ἐγένετο,
2956 1948 3112 2017 φησὶ,
3144 1949 3329 2015 λόγος
3376 1949 3621 2018 Κυρίου,

1941 2028 2093 2099 πρὸς
2134 2030 2344 2085 Ἰωνᾶν
2371 2031 2566 2101 λέγων
2600 2049 2614 2063 ο
2665 2032 2987 2102 Ἀνάστηθι
3033 2034 3130 2089 καί
3169 2037 3489 2105 πορεύθητι
3535 2039 3624 2103 εἰς

1939 2116 2148 2171 Νινευῖ
2197 2116 2314 2185 τὴν
2390 2123 2573 2173 πίλιν
2638 2119 2756 2187 τὴν
2821 2121 3118 2191 μεγάλην.
3178 2122 3394 2187 Εὐθέως
3458 2124 3623 2178 αὐτὸν

1940 2204 2048 2258 ἀπὸ
2099 2204 2195 2258 :06
2249 2205 2514 2277 μεγέθους
2578 2207 2681 2276 τῆς
2724 2207 2933 2271 πόλεως
2983 2208 3304 2281 δυσωπῆσαι
3348 2208 3618 2281 βούλεται,

1940 2293 2039 2365 τὴν
2079 2292 2380 2363 μέλλουσαν
2422 2292 2692 2364 προειδὼς
2747 2293 2842 2348 τοῦ
2894 2295 3176 2366 προφήτου
3233 2298 3437 2373 φυγήν.
3478 2299 3620 2353 Ἀλλ’

1942 2380 2269 2449 ἀκούσωμεν
2303 2381 2396 2434 καὶ
2427 2379 2520 2433 :06
2548 2380 2904 2452 κηρύγματος
2927 2397 2942 2413 ·

2016 2546 2139 2599 Ἔτι
2168 2544 2325 2614 τρεῖς
2360 2546 2601 2616 ἡμέραι,
2632 2547 2728 2600 καί
2785 2548 2991 2601 Νινευτ
3033 2551 3616 2621 καταστραφήσεται.

1941 2633 2052 2686 Καὶ
2075 2633 2221 2697 τίνος
2248 2634 2435 2687 ἕνεκεν
2468 2634 2503 2688 ἀ
2524 2633 2740 2706 μέλλεις
2772 2634 2923 2689 δεινά
2949 2638 3125 2690 ποιεῖν
3159 2638 3447 2709 προλέγεις
3465 2657 3481 2706 ;
3502 2641 3620 2695 Ἵνα

1945 2718 2020 2792 μὴ
2054 2721 2264 2790 ποιήσω
2319 2720 2355 2775 ἀ
2388 2720 2661 2792 προλέγω.
2707 2721 2808 2777 Διά
2841 2720 3001 2777 τοῦτο
3031 2723 3126 2778 καὶ
3151 2726 3375 2794 γέενναν
3392 2727 3624 2799 ἠπείλη-

1943 2824 2056 2871 σεν,
2098 2808 2186 2862 ἵνα
2222 2808 2297 2880 μὴ
2348 2809 2616 2882 ἀπαγάγῃ
2663 2811 2744 2873 είς
2793 2808 3021 2879 γέενναν
3059 2828 3072 2841 ·
3111 2812 3383 2879 Φοϐείτω,
3416 2816 3620 2887 φησὶν,

1943 2896 2091 2967 ὑμᾶς
2119 2897 2190 2951 τὰ
2213 2898 2457 2967 ῥήματα,
2488 2897 2583 2950 καὶ
2617 2897 2692 2969 μὴ
2738 2897 2982 2953 λυπείτω
3012 2899 3081 2953 :0
3108 2900 3431 2971 πράγματα.
3464 2903 3623 2969 Τίνος

1941 2983 1999 3037 δὲ
2026 2983 2213 3038 ἕνεκεν
2252 2981 2350 3036 καλ
2381 2982 2483 3055 τὴν
2520 2983 2862 3055 προθεσμίαν
2893 2987 2973 3049 είς
3005 2984 3149 3040 οὕτω
3186 2988 3371 3043 στενὸν
3399 2990 3620 3060 συνάγει

1941 3071 2168 3142 χρόνον;
2192 3071 2310 3124 Ἵνα
2333 3072 2426 3125 καὶ
2458 3072 2558 3145 τὴν
2584 3071 2692 3126 τῶν
2721 3071 3014 3146 βαρϐάρων
3040 3075 3220 3150 μάθῃς
3244 3077 3466 3150 ἀρετὴν,
3491 3078 3623 3153 βαρ-

1943 3159 2128 3223 ϐἀρων
2162 3158 2306 3229 λέγω
2336 3159 2445 3213 τῶν
2468 3160 2771 3214 Νινευῖτῶν
2804 3163 2862 3214 ἐν
2893 3158 3071 3233 τρισὶν
3100 3165 3333 3236 ἡμέραις
3365 3166 3621 3239 δυνηθέν-

1942 3265 2054 3302 των
2073 3246 2345 3319 τοσαύτην
2377 3248 2794 3321 ἁμαρτημάτων
2829 3248 3000 3322 όργὴν
3027 3252 3349 3315 καταλῦσαι,
3403 3254 3500 3307 καὶ
3523 3254 3621 3327 τὴν

1942 3335 2037 3390 :06
2066 3334 2203 3389 Θεοῦ
2239 3334 2652 3408 φιλανθρωπίαν
2681 3335 2968 3409 θαυμάσῃς
2998 3339 3254 3410 μετανοίᾳ
3283 3340 3451 3411 τριῶν
3481 3344 3620 3414 ἡμε-

1946 3423 2056 3497 ρῶν
2094 3422 2454 3495 ἀρκεσθέντος
2494 3422 2635 3497 ὑπὲρ
2687 3424 2957 3480 τοσούτων
2987 3426 3494 3498 πλημμελημάτων,
3527 3432 3621 3484 καὶ

1944 3511 2109 3576 αὐτὸς
2135 3511 2211 3582 μὴ
2235 3511 2553 3584 καταπέσῃς
2582 3513 2663 3576 είς
2687 3512 3020 3581 ἀπόγνωσιν,
3044 3514 3148 3568 κᾶν
3186 3517 3354 3587 μυρία
3373 3519 3621 3589 ἡμαρτηο

1945 3597 2058 3661 κὼς
2082 3593 2169 3670 ᾖς.
2198 3597 2412 3667 Ὠσπερ
2441 3596 2551 3669 709
2578 3598 2606 3650 0
2634 3597 2843 3669 νωθρὸς
2870 3599 2969 3666 τὴν
2998 3600 3176 3671 ψυχὴν
3212 3604 3306 3655 καὶ
3337 3602 3618 3676 ὀλίγωρος,

1946 3685 2050 3740 κᾶν
2106 3683 2272 3738 πολὺν
2317 3682 2457 3755 λάϐῃ
2507 3684 2645 3756 πρὸς
2693 3686 2984 3755 μετάνοιαν
3040 3689 3250 3758 χρόνον,
3293 3689 3444 3744 οὐδὲν
3476 3692 3621 3762 μέγα

1945 3772 2256 3845 ἐργάζεται,
2285 3771 2408 3825 οὐδὲ
2452 3771 2783 3839 καταλλάξει
2815 3771 2908 3827 τὸν
2941 3773 3073 3828 Θεὸν
3105 3774 3283 3847 ἐαυτῷ
3325 3776 3415 3832 διὰ
3445 3779 3619 3849 ρᾳθυ-

1948 3859 2078 3931 μίαν
2100 3875 2114 3890 ·
2148 3858 2324 3924 οὕτως
2350 3861 2379 3913 0
2415 3858 2837 3932 διεγηγερμένος
2885 3861 2979 3915 καὶ
3025 3863 3091 3934 τῇ
3140 3863 3420 3937 προθυμίᾳ
3457 3866 3616 3934 ζέων,

1944 3948 2040 4002 καὶ
2069 3947 2208 4019 μετὰ
2235 3946 2439 4018 πολλῆς
2462 3947 2564 4018 τῆς
2585 3947 2822 4020 σπουδῆς
2853 3948 2954 4021 τὴν
2990 3951 3281 4020 μετάνοιαν
3309 3951 3620 4008 ἐπιδεικνύ-

1948 4052 2126 4107 μενος,
2156 4036 2253 4089 καὶ⁵
2285 4036 2345 4089 ἐν
2374 4034 2606 4108 βραχείᾳ
2640 4035 2834 4106 καιροῦ
2872 4039 3012 4108 ῥοπῇ
3045 4037 3242 4091 πολλοῦ
3272 4040 3466 4112 χρόνου
3513 4058 3620 4096 πα-

1945 4119 2289 4195 ραπτώματα
2316 4121 2581 4191 ἀφανίσαι
2624 4120 2932 4192 δυνήσεται.
2973 4122 3110 4193 Οὐχὶ
3142 4124 3322 4195 τρίτον
3348 4127 3378 4181 6
3415 4127 3619 4198 Πέτρος

1943 4208 2249 4279 ἡρνήσατος
2270 4208 2391 4279 οὐχὶ
2415 4207 2533 4278 μεθ’
2553 4208 2717 4277 ὅρκου
2748 4207 2808 4261 τὸ
2829 4209 3011 4280 τρίτον
3031 4226 3046 4275 ;
3064 4211 3187 4282 οὐχὶ
3211 4211 3617 4284 θεραπαινιδίου

1942 4295 2088 4359 τινὸς
2115 4294 2366 4359 εὐτελοῦς
2388 4297 2607 4367 ῥήματα
2632 4294 2851 4361 δείσας;
2875 4297 2941 4349 Τί
2965 4292 3058 4351 οῦν
3077 4314 3092 4363 ;
3112 4300 3377 4355 ἐνιαυτῶν
3403 4302 3618 4360 πολλῶν

1943 4377 2164 4449 ἐδέησεν
2192 4378 2342 4449 αὐτῷ
2373 4378 2509 4449 πρὸς
2541 4378 2868 4450 μετάνοιανς
2914 4379 3210 4451 Οὐδαμῶς·
3238 4383 3355 4438 ἀλλ’
3377 4384 3515 4457 αὐτῇ
3545 4390 3613 4460 τῇ

1942 4465 2100 4521 νυκτὶ
2127 4467 2223 4520 καὶ
2242 4465 2511 4539 ὠλίσθησε
2543 4467 2638 4521 καὶ
2670 4466 2892 4538 ἀνέστη,
2923 4467 3020 4523 καὶ
3047 4470 3145 4540 τὴν
3172 4469 3387 4544 πληγὴν
3421 4474 3514 4528 καὶ
3554 4476 3615 4528 τὸ

1942 4555 2233 4626 φάρμακον
2261 4554 2496 4620 ἐδέξατο,
2511 4554 2607 4608 καὶ
2631 4555 2975 4626 ἠρρώστησε,
2991 4556 3086 4610 καὶ
3115 4557 3252 4629 πρὸς
3276 4560 3377 4630 τὴν
3403 4561 3614 4630 ὑγίειαν

1941 4642 2226 4714 ἐπανῆλθε.
2254 4643 2379 4707 Πῶς
2422 4644 2516 4697 καὶ⁵
2537 4644 2657 4699 τίνα
2678 4646 2910 4716 τρόπον;
2938 4646 3197 4713 κλαύσας
3217 4651 3311 4703 καὶ
3341 4651 3613 4722 ἀποδυρά-

1945 4746 2131 4800 μενοςσ
2166 4730 2367 4802 μᾶλλον
2396 4730 2452 4784 δέ
2471 4731 2533 4784 06
2568 4731 2808 4796 κλαύσας
2838 4732 3044 4802 ἁπλῶς,
3076 4734 3212 4789 ἀλλά
3233 4737 3375 4806 μετά
3408 4738 3611 4808 πολλῆς

1942 4816 2176 4895 σπουδῆς
2191 4818 2281 4872 καὶ
2294 4816 2586 4883 διαθέσεως
2604 4836 2620 4852 ·
2642 4818 2737 4872 καί⁸
2758 4819 2847 4874 διὰ
2873 4820 3032 4875 τοῦτο
3052 4824 3081 4877 0
3103 4823 3494 4895 εὐαγγελιστὴς
3508 4826 3610 4880 ούκ

1939 4890 2113 4969 εἶπεν,
2143 4905 2226 4959 ὅτι
2268 4906 2531 4961 ἔκλαυσεν
2577 4907 2786 4975 ἀπλῶς,
2824 4910 2960 4976 ἀλλ’,
3008 4890 3316 4965 Ἕκλαυσε
3360 4890 3606 4982 πικρῶς.

1938 4994 2048 5047 Καὶ
2070 4995 2286 5066 ποταπὴ
2315 4994 2424 5050 τῶν
2454 4995 2706 5069 δακρύων
2738 5000 2965 5054 ἐκείνων
2997 5002 3030 5070 η
3050 4999 3300 5071 δύναμις,
3332 5003 3486 5072 φησὶ,
3522 5003 3609 5058 λό-

1938 5098 2034 5152 γος
2081 5085 2179 5155 μὲν
2221 5084 2396 5149 οὐδεὶς
2428 5088 2776 5160 παραστῆσαι
2809 5090 3128 5161 δυνήσεται·
3156 5094 3187 5163 ή
3223 5092 3278 5145 δὲ
3312 5092 3418 5149 τῶν
3466 5111 3608 5165 πρα-

1937 5171 2164 5243 γμάτων
2192 5172 2415 5238 ἔκϐασις
2445 5174 2688 5230 δείκνυσι
2728 5177 2934 5247 σαφῶς.
2963 5177 3118 5233 Μετὰ
3145 5182 3255 5251 γὰρ
3286 5180 3348 5234 τὸ
3371 5182 3609 5253 χαλεπὸν

1936 5259 2113 5313 ἐκεῖνο
2145 5260 2346 5332 πτῶμα
2380 5276 2394 5291 ⁸
2423 5263 2709 5336 ἀρνήσεως
2753 5264 2861 5336 709
2904 5265 3056 5319 οὐδὲν
3105 5267 3219 5320 ίσον
3258 5269 3429 5323 κακόν
3452 5285 3468 5301 ’
3488 5270 3607 5326 ἀλλ’

1935 5347 2083 5418 ὅμως
2122 5346 2261 5419 μετά
2288 5350 2541 5405 τοσοῦτον
2570 5351 2739 5405 κακὸν
2767 5352 2929 5406 πάλιν
2968 5354 3132 5408 αὑτὸν
3167 5356 3304 5428 πρὸς
3320 5357 3421 5429 τὴν
3460 5377 3603 5431 προ-

1935 5436 2433 5509 τέρανὲπανήγαγε
2468 5439 2652 5511 τιμὴν,
2682 5442 2774 5495 καὶ
2806 5442 2904 5515 τὴν
2941 5445 3265 5500 ἐπιστασίαν
3302 5447 3400 5521 τῆς
3427 5450 3609 5505 οίκου-

1939 5526 2167 5596 μενικῆς
2222 5525 2548 5597 Ἐκκλησίας
2596 5528 2896 5601 ἐνεχείρισε
2929 5548 2942 5563 ο
2970 5533 3066 5585 καὶ
3096 5530 3126 5584 0
3156 5534 3377 5590 πάντων
3421 5538 3607 5608 μεῖζόν

1933 5613 2102 5675 ἐστιν,
2127 5611 2405 5678 ἀπέδειξεν
2431 5615 2563 5686 ἡμῖν
2583 5616 2745 5671 αὐτὸν
2770 5617 2940 5673 πλείω
2965 5618 3073 5674 τῶν
3097 5621 3410 5679 ἀποστόλων
3429 5626 3606 5679 ἀπάν-

1935 5713 2043 5753 των
2071 5698 2260 5771 ἔχοντα
2292 5700 2391 5774 τὴν
2431 5703 2508 5767 είς
2536 5702 2627 5756 τὸν
2656 5703 2935 5779 Δεσπότην
2988 5707 3229 5781 ἀγάπην.
3264 5710 3444 5775 Πέτρε
3473 5713 3605 5774 γὰρ.
