4036 6206
475 401 634 480 φησι,
666 395 860 469 φιλεῖς
897 412 974 468 με
1016 395 1228 450 πλεῖον
1251 394 1478 449 τούτων
1495 409 1514 456 ;
1543 392 1746 448 Τούτου
1777 393 1822 447 δ’
1860 393 2010 448 οὐδὲν
2043 379 2134 463 γέ-

473 507 618 544 νοιτο
654 489 720 542 ἂν
753 487 866 543 ίσον
901 489 979 553 είς
1007 487 1206 558 ἀρετῆς
1243 485 1420 554 λόγον.
1451 485 1568 538 Ἵνα
1589 483 1698 554 γάρ
1733 485 1807 555 μὴ
1845 483 2010 555 λέγῃς
2053 483 2136 536 δτι

473 580 588 640 τοῖς
617 577 930 639 Νινευῖταις
955 573 1180 637 εἰκότως
1212 571 1474 640 συνέγνω,
1497 569 1809 641 ἀνθρώποις
1843 569 2136 640 βαρϐάροις

474 665 570 718 καὶ
590 663 861 734 ἀνοήτοις,
886 663 939 714 '0
969 659 1078 732 γὰρ
1097 661 1340 726 δοῦλος,
1370 657 1553 729 φησὶν,
1578 661 1610 710 ό
1640 655 1724 728 μὴ
1749 655 1917 722 εἰδὼς
1943 656 2008 709 τὸ
2041 655 2136 710 θέ-

473 754 636 819 λημα
661 749 768 804 τοῦ
797 749 1004 817 κυρίου
1035 747 1219 801 αὑτοῦ
1267 745 1368 800 καὶ
1387 744 1473 814 μὴ
1499 743 1779 810 ποιήσας,
1811 741 2134 811 δαρήσεται

475 839 677 906 ὀλίγας
699 851 713 866 ·
741 837 828 890 ἵνα
847 833 941 889 οὖν
972 835 1046 906 μὴ
1085 833 1242 886 τοῦτο
1273 832 1458 908 λέγῃς,
1492 831 1582 884 διὰ
1613 830 1768 883 τοῦτό
1795 847 1877 883 σοι
1915 829 2010 882 καὶ
2043 829 2134 882 τὸν

475 925 680 996 Πέτρον
708 924 786 986 είς
811 922 974 995 μέσον
1005 923 1294 992 παρήγαγε
1313 931 1361 982 ι,
1377 919 1560 973 δοῦλον
1593 917 1826 988 μάλιστα
1845 917 1906 970 τὸ
1926 916 2135 988 θέλημα

471 1012 565 1066 τοῦ
595 1013 782 1080 κυρίου
823 1011 1022 1064 είδότα.
1077 1009 1215 1062 Ἀλλ’
1249 1011 1399 1078 ὅμως
1434 1007 1527 1060 καὶ
1555 1000 1711 1070 οὗτος
1751 1003 2009 1076 ἁμαρτὼν
2039 1005 2134 1058 καὶ

473 1100 573 1168 τὴν
623 1098 855 1169 ἐσχάτην
890 1095 1184 1170 ἁμαρτίαν,
1210 1095 1310 1166 ὅρα
1343 1093 1479 1165 πρὸς
1506 1095 1630 1148 ὅσον
1662 1092 1974 1165 παρρησίας
2001 1089 2134 1160 ὕψος

473 1185 670 1256 ἀνῆλθε
681 1225 694 1238 .

543 1291 632 1363 Μή
656 1291 834 1344 τοίνυν
871 1289 989 1361 μηδ’
1034 1289 1198 1352 αὐτὸς
1234 1289 1326 1342 ἐπὶ
1354 1289 1464 1352 τοῖς
1501 1285 1863 1357 ἁμαρτήμασι
1893 1283 2134 1338 καταπέ-

473 1395 600 1450 σῃς·
631 1379 698 1432 τὸ
739 1379 848 1450 γάρ
885 1375 1268 1448 χαλεπώτερον
1307 1375 1405 1446 τῆς
1437 1374 1732 1446 ἁμαρτίας,
1761 1372 1822 1426 τὸ
1861 1372 2043 1442 μένειν
2075 1374 2133 1424 ὲν

469 1469 536 1536 τῇ
553 1466 818 1538 ἁμαρτίᾳ,
851 1464 1020 1518 καὶτὸ
1051 1463 1349 1534 δεινότερον
1369 1461 1462 1516 τοῦ
1487 1461 1798 1532 πτώματος,
1827 1461 1890 1513 τὸ
1921 1458 2132 1514 κεῖσθαι

469 1553 528 1606 ἀν
561 1553 638 1624 τῷ
691 1551 964 1622 πτώματι.
995 1549 1163 1604 Τοῦτο
1195 1551 1290 1602 καὶ
1321 1551 1348 1603 6
1378 1549 1588 1612 Παῦλος
1621 1547 1810 1619 θρηνεῖ
1855 1547 1949 1600 καὶ
1981 1544 2132 1618 [512]

469 1639 818 1710 ἀποδύρεται,
847 1638 1004 1692 τοῦτο
1037 1637 1264 1700 πένθους
1289 1637 1435 1704 ἀξιον
1477 1632 1614 1690 εἶναί
1665 1651 1819 1704 φησι.
1867 1635 1963 1699 Μή
2007 1650 2132 1699 πως

469 1728 598 1798 γάρ,
635 1729 826 1797 φησὶν,
859 1727 1142 1792 ἐλθόντος
1167 1741 1286 1794 μου
1315 1723 1456 1792 πρὸς
1485 1723 1660 1792 ὑμᾶς,
1686 1721 2025 1790 ταπεινώσῃ
2053 1737 2130 1790 με

469 1818 504 1868 ό
539 1813 700 1879 Θεὸς,
725 1813 822 1866 καί
853 1812 1132 1878 πενθήσω
1167 1811 1467 1877 πολλοὺς,
1499 1811 1621 1879 οὐχὶ
1655 1809 1764 1862 τῶν
1809 1809 2130 1880 ἡμαρτηκό-

467 1919 576 1954 των
629 1900 813 1964 ἁπλῶς
837 1940 850 1964 ,
883 1897 1020 1953 ἀλλὰ
1072 1898 1180 1952 τῶν
1223 1899 1310 1968 μὴ
1359 1897 1868 1968 μετανοησάντων
1912 1897 2012 1949 ἐπὶ
2057 1896 2132 1966 τῇ

467 1987 776 2058 ἀσελγείᾳ,
811 1988 910 2042 καὶ
961 1987 1318 2058 ἀκαθαρσίᾳ,
1347 1985 1444 2040 καί
1471 1986 1718 2053 πορνείᾳ
1762 1979 1802 2056 ᾖ
1840 1983 2128 2052 ἔπραξαν.

469 2076 614 2146 Πρὸς
638 2075 693 2128 δὲ
713 2075 996 2146 μετάνοιαν
1019 2076 1167 2137 ποῖος
1190 2072 1617 2144 ἐπιτηδειότερος
1637 2069 1834 2141 γένοιτ’
1851 2071 1914 2126 ἂν
1943 2071 2131 2141 καιρὸς

467 2162 564 2216 τοῦ
596 2163 695 2232 τῆς
725 2162 976 2232 νηστείας
1007 2159 1198 2232 καιροῦ
1225 2177 1240 2228 ;

537 2275 608 2336 γ’.
663 2267 800 2322 Ἀλλ’
839 2266 1148 2336 ὲπανίωμεν
1185 2265 1266 2330 είς
1294 2264 1391 2336 τὴν
1427 2263 1686 2338 ἱστορίαν.
1707 2262 2003 2330 Ἀκούσας
2021 2261 2130 2334 γὰρ

467 2356 653 2410 ταῦτα
677 2357 746 2410 τὰ
757 2355 996 2424 ῥήματα
1020 2356 1052 2408 ό
1076 2351 1388 2422 προφήτης
1407 2351 1623 2420 κατέϐη
1647 2353 1734 2418 είς
1763 2351 2004 2418 Ἰόππην
2027 2349 2132 2403 τοῦ

465 2445 710 2514 φεύγειν
730 2446 816 2510 είς
837 2441 1086 2511 Θαρσεῖς
1115 2439 1232 2496 ἀπὸ
1257 2437 1582 2508 προσώπου
1603 2439 1843 2508 Κυρίου.
1869 2437 1980 2492 Ποῦ
2004 2435 2132 2506 φεύ-

467 2548 606 2600 γεις,
636 2529 923 2600 ἀνθρωπες
950 2529 1050 2582 οὑκ
1077 2527 1318 2598 ήκουσας
1360 2525 1454 2580 τοῦ
1505 2526 1784 2596 προφήτου
1837 2524 2088 2592 λέγοντος
2114 2541 2127 2554 ·

464 2620 590 2674 Ποῦ
623 2616 890 2686 πορευθῶ
922 2615 1038 2670 ἀπὸ
1071 2615 1178 2668 τοῦ
1224 2615 1562 2682 πνεύματός
1591 2629 1728 2678 σου,
1760 2611 1856 2666 καί
1877 2611 1995 2665 ἀπὸ
2025 2610 2131 2664 τοῦ

465 2705 788 2775 προσώπου
833 2718 950 2758 σου
987 2699 1106 2754 ποῦ
1141 2701 1336 2770 φύγω;
1375 2701 1468 2764 Εἰς
1507 2699 1605 2770 τὴν
1638 2699 1776 2769 γῆν;
1819 2696 1997 2762 Ἀλλά,
2021 2697 2132 2753 Τοῦ

465 2793 684 2861 Κυρίου
717 2791 754 2860 ή
785 2787 883 2860 γῆ,
913 2787 1014 2842 καὶ
1051 2785 1119 2842 τὸ
1164 2785 1456 2856 πλήρωμα
1503 2785 1715 2854 αὐτῆς.
1751 2784 1891 2838 Ἀλλ’
1918 2786 1999 2850 είς
2038 2784 2132 2838 τὸν

467 2883 634 2952 ᾆδην;
663 2879 786 2934 Κᾶν
829 2875 1098 2942 καταϐῶ,
1131 2875 1316 2946 φησὶν,
1349 2877 1437 2940 είς
1468 2874 1576 2928 τὸν
1607 2873 1782 2942 ᾅδην,
1817 2873 2011 2942 πάρει.
2037 2875 2132 2938 Et;

464 2972 556 3024 τὸν
585 2969 842 3038 οὐρανόν;
883 2966 1044 3020 Ἀλλ’
1071 2963 1180 3018 ἐὰν
1215 2963 1414 3022 ἀναϐῶ
1445 2965 1532 3030 είς
1573 2963 1678 3018 τὸν
1723 2964 2004 3033 οὐρανὸν,
2047 2963 2130 3018 σὺ

465 3056 594 3110 ἐκεῖ
608 3053 682 3112 εἷ.
727 3053 865 3108 Ἀλλ’
897 3054 976 3116 είς
1014 3052 1114 3122 τὴν
1144 3050 1450 3117 θάλασσαν;
1477 3051 1586 3106 Καὶ
1627 3049 1769 3115 ἐκεῖ,
1801 3051 1953 3122 φησὶ,
1991 3055 2132 3108 καθ-

464 3145 586 3208 έξει
607 3159 685 3212 με
708 3142 746 3210 ή
799 3139 970 3202 δεξιά
999 3153 1137 3194 σου.
1184 3140 1250 3192 Ὃ
1290 3139 1356 3210 δὴ
1399 3138 1494 3192 καὶ¹
1541 3139 1633 3192 ἐπὶ
1659 3137 1848 3192 τούτου
1888 3139 2128 3208 γέγονεν.

477 3229 638 3284 Ἀλλά
671 3227 964 3297 τοιοῦτονή
995 3225 1237 3297 ἁμαρτία
1257 3240 1270 3256 '
1303 3227 1382 3288 είς
1411 3224 1610 3297 πολλὴν
1655 3225 1840 3280 ἄνοιαν
1871 3225 2130 3295 ἐμϐάλλει

461 3319 562 3388 τὴν
611 3315 884 3388 ἡμετέραν
927 3315 1125 3386 ψυχήν.
1149 3311 1418 3384 Καθάπερ
1445 3313 1554 3384 γάρ
1589 3314 1636 3366 οἱ
1679 3313 1996 3384 καρηϐαρία
2037 3313 2132 3369 καὶ

469 3403 608 3474 μέθῃ
636 3403 994 3473 κατεχόμενοι
1029 3400 1215 3464 ἁπλῶς
1248 3399 1342 3454 καὶ
1371 3397 1495 3470 είκῆ
1527 3400 1913 3470 περιφέρονται
1942 3408 1994 3468 b,
2025 3401 2130 3454 κᾶν

469 3489 760 3561 βάραθρον,
783 3488 885 3542 κᾶν
923 3487 1192 3558 κρημνὸς,
1221 3487 1324 3540 κᾶν
1353 3485 1533 3538 ὁτιοῦν
1633 3485 2010 3556 ὑποκείμενον,
2039 3503 2132 3539 κα-

462 3577 822 3630 ταπίπτουσιν
868 3575 1226 3644 ἀφυλάκτως·
1259 3573 1400 3627 οὑτω
1431 3576 1523 3626 καὶ
1557 3575 1606 3627 οἱ
1647 3575 1784 3644 πρὸς
1809 3573 1908 3645 τὴν
1945 3575 2128 3646 ἀμαρ-

461 3663 584 3718 τίαν
611 3661 1082 3728 ἐξολισθαὶνοντες,
1101 3661 1349 3733 καθάπερ
1373 3661 1510 3734 μέθῃ
1531 3661 1636 3714 τινὶ
1660 3663 1724 3731 τῇ
1751 3661 1854 3730 τῆς
1879 3661 2131 3732 πράξεως

463 3751 729 3822 ἐπιθυμίᾳ
759 3750 1132 3819 κατεχόμενοι,
1163 3749 1264 3802 οὐκ
1291 3747 1468 3802 ἴσασιν
1501 3749 1638 3818 ὅπερ
1669 3747 2000 3818 πράττουσιν
2025 3764 2038 3779 ·
2066 3749 2128 3802 οὐ

463 3839 572 3893 τῶν
607 3837 910 3910 παρόντων,
949 3836 1009 3888 οὐ
1031 3835 1140 3889 τῶν
1171 3833 1470 3904 μελλόντων
1504 3851 1558 3887 τι
1601 3833 1900 3906 προορῶσι.

535 3942 640 3995 ἰ’δν
695 3940 970 4010 Δεσπότην
1021 3939 1282 4008 φεύγεις,
1319 3941 1440 3993 εἰπέ
1482 3957 1572 4010 μοι
1619 3937 1878 4004 ;Οὐκοῦν
1935 3939 2128 4012 μικρὸν

464 4029 775 4100 ἀνάμεινον,
811 4027 907 4082 καὶ
931 4025 1019 4079 διὰ
1063 4025 1171 4080 τῶν
1201 4025 1540 4097 πραγμάτων
1573 4027 1752 4080 αὐτῶν
1782 4025 2020 4100 μαθήσῃ,
2047 4029 2130 4082 ὅτι

463 4119 586 4173 οὐδὲ
613 4117 712 4189 τῆς
737 4115 930 4187 δούλης
956 4114 1222 4187 θαλάττης
1255 4114 1351 4178 τάς
1391 4117 1578 4185 χεῖρας
1603 4115 1804 4188 δυνήσῃ
1825 4117 2127 4186 διαφυγεῖν.

475 4205 646 4276 Ὀμοῦ
673 4203 782 4276 γάρ
820 4202 990 4274 ἐπέϐη
1025 4203 1123 4274 τῆς
1161 4201 1288 4272 νηὸς
1317 4194 1506 4263 οὗτος,
1541 4199 1766 4273 κάκείνη
1804 4201 1874 4256 τά
1907 4203 2129 4274 κύματα

437 4293 803 4362 ,διανέστησε,
837 4290 932 4344 καὶ
957 4289 1094 4360 πρὸς
1119 4287 1250 4358 ὕψος
1269 4287 1518 4359 ἠγείρετο
1555 4287 1696 4358 μέγα
1713 4305 1726 4318 ·
1751 4290 1848 4346 καὶ
1879 4290 2130 4364 καθάπερ

467 4377 774 4448 θεράπαινά
802 4393 887 4440 τις
937 4373 1234 4444 εὐγνώμων
1293 4371 1575 4426 σύνδουλον
1621 4371 1856 4444 εὑροῦσα
1891 4376 2126 4444 φυγάδα,

465 4465 574 4519 τῶν
599 4461 929 4517 δεσποτικῶν
967 4459 1293 4530 ὑφελόμενόν
1321 4477 1372 4513 τι
1405 4459 1700 4532 κτημάτων
1719 4505 1734 4524 ,
1761 4462 1822 4514 οὑ
1867 4464 2130 4536 πρότερον

469 4553 762 4622 ἀφίσταται
807 4548 980 4620 μυρία
1023 4551 1133 4611 τοῖς
1165 4547 1588 4620 ὑποδεξαμένοις
1629 4549 1787 4605 αὐτὸν
1820 4553 2130 4623 παρέχουσα

469 4641 792 4711 πράγματα,
823 4636 928 4700 ἕως
956 4636 1023 4690 ἂν
1050 4633 1292 4690 λαϐοῦσα
1319 4636 1478 4690 αὑτὸν
1502 4637 1712 4710 ἀπέλθῃ
1729 4655 1741 4666 ·
1769 4639 1910 4692 οὕτω
1945 4640 2009 4711 δὴ
2037 4640 2129 4694 καὶ

476 4729 512 4796 ὴ
535 4725 772 4780 θάλαττα
797 4725 889 4778 τὸν
925 4722 1206 4776 σύνδουλον
1240 4721 1473 4794 εὑροῦσα
1522 4724 1612 4778 τὸν
1645 4725 1842 4798 ἑαυτῆς
1875 4728 1968 4780 καὶ
2007 4729 2129 4780 επι-

463 4813 694 4882 γνοῦσα,
728 4812 895 4884 μυρία
924 4815 1034 4875 τοῖς
1061 4809 1286 4874 ναύταις
1305 4811 1532 4882 παρέχει
1575 4813 1898 4885 πράγματα,
1929 4815 2130 4886 ταράτ..

467 4919 656 4966 τουσα,
685 4899 864 4972 βοῶσα
885 4939 900 4963 ,
929 4899 1030 4952 οὑκ
1079 4899 1158 4962 είς
1191 4897 1538 4968 δικαστήριον
1563 4899 1814 4966 ἕλκουσα,
1849 4901 1963 4955 ἀλλ’
2003 4901 2130 4956 αὑτ-

469 4991 664 5062 ανδρον
708 4986 1006 5042 ἀπειλοῦσα
1052 4983 1344 5039 κατάδυσιν
1383 4983 1478 5036 τοῦ
1521 4985 1780 5054 σκάφους,
1834 4989 1882 5040 εί
1937 4989 2012 5060 μὴ
2039 4989 2130 5043 τὸν

469 5075 757 5148 ὁμόδουλον
786 5074 1035 5128 ἀποδοῖεν
1057 5071 1216 5142 αὐτῇ.
1255 5071 1318 5124 Τί
1353 5066 1446 5124 οὖν
1473 5071 1522 5123 οἱ
1551 5071 1763 5138 ναῦται,
1805 5075 2010 5128 τούτων
2041 5093 2130 5144 γι-

469 5163 748 5235 νομένων;
790 5159 1198 5226 Ἐποιήσαντο,
1222 5158 1406 5229 φησὶν,
1429 5159 1687 5228 ἐκϐολὴν
1725 5161 1842 5214 τῶν
1889 5163 2130 5218 σκευῶν

467 5249 590 5304 τῶν
602 5249 764 5314 ἐντῷ
780 5249 995 5313 πλοίῳ·
1021 5245 1086 5300 τὸ
1100 5245 1168 5298 δὲ
1192 5245 1408 5300 πλοῖον
1429 5247 1539 5299 οὐκ
1555 5247 1894 5317 ἐκουφίζετο
1921 5268 1936 5282 ο
1967 5253 1996 5304 6
2023 5252 2130 5325 γάρ

473 5335 668 5408 φόρτος
691 5336 834 5398 ἀπας
871 5335 1016 5390 ἔνδον
1038 5333 1228 5404 ἔμενεν
1247 5331 1348 5400 ἔτι,
1369 5333 1464 5386 τοῦ
1485 5337 1760 5406 προφήτου
1781 5338 1841 5392 τὺ
1863 5339 2043 5409 σῶμα,
2065 5341 2130 5394 τὺ

474 5420 612 5494 βαρύ
633 5421 870 5492 φορτίον,
883 5423 944 5476 οὑ
959 5419 1107 5492 παρά
1122 5421 1219 5492 τὴν
1233 5418 1326 5472 τοῦ
1351 5419 1603 5490 σώματος
1627 5421 1806 5490 φύσιν,
1827 5423 1962 5478 ἀλλά
1981 5427 2129 5496 παρά

469 5506 534 5560 τὸ
559 5507 658 5574 τῆς
686 5507 955 5578 ἁμαρτίας
976 5507 1168 5576 ἄχθος·
1197 5505 1345 5560 οὐδὲν
1367 5505 1473 5578 γάρ
1491 5505 1631 5560 οὑτω
1657 5507 1794 5579 βαρὺ
1819 5510 1910 5562 καὶ
1927 5510 2132 5566 δυσϐά-

535 5682 564 5744 9
585 5680 709 5744 Vide
729 5693 786 5730 an
809 5693 916 5729 cum
941 5677 1126 5744 Savijio
1150 5679 1320 5741 legere
1345 5681 1484 5744 malis
1501 5681 1792 5744 παρήγαγον.
1806 5683 1954 5744 ,Enrr.

517 5743 561 5814 ςδ
580 5743 661 5792 Sic
679 5743 826 5856 δνέιιι.
853 5748 906 5792 ει
928 5741 1026 5792 duo
1047 5741 1222 5804 chg.,
1253 5741 1407 5803 magis
1428 5741 1647 5804 proprie;
1669 5741 1950 5809 L’egebatur
1977 5764 2123 5799 κατα-

471 5819 705 5871 φερονται.
777 5819 804 5853 υ
825 5819 868 5854 ι’.

1469 5921 1548 5938 -.ὅ-

1221 277 1281 337 S.
1321 275 1606 336 JUANNIS
1641 273 2137 333 CHRYSOSTOMI
2175 275 2494 336 ARCHIEP.
2531 277 3080 343 CONSTANTINOP.
3807 289 3900 346 3l0

2249 409 2501 462 στακτον,
2533 395 2610 461 ὡς
2641 398 2884 470 ἁμαρτία
2913 399 3007 453 καὶ
3035 399 3308 471 παρακοή.
3339 399 3436 454 Διά
3483 399 3642 456 τοῦτο
3669 403 3770 458 καὶ
3801 406 3902 459 Ζα-

2243 482 2442 553 χαρίας
2465 485 2546 546 είς
2579 484 2700 554 ὄψιν
2733 485 2980 556 μολίϐδου
3013 485 3345 540 διετύπωσεν
3370 488 3572 560 αὐτήν·
3610 491 3638 543 6
3666 489 3902 548 Δαυϊδδδ

2241 569 2342 641 τὴν
2379 569 2540 639 φύσιν
2578 571 2748 644 αὐτῆς
2789 571 3106 643 διαγράφων
3133 573 3329 641 ἔλεγεν
3361 589 3375 602 ·
3403 577 3471 628 Al
3511 575 3750 645 ἀνομίαι
3792 597 3903 646 μου

2242 655 2552 724 ὑπερῆραν
2601 657 2714 726 τὴν
2759 659 3034 728 κεφαλήν
3075 677 3194 730 μου
3213 699 3228 723 ,
3277 660 3420 714 ὡσεὶ
3469 665 3716 730 φορτίον
3745 666 3900 734 ,ϐαρὺ

2243 741 2662 811 ἐϐαρύνθησαν
2715 745 2808 798 ἐπ’
2841 745 2964 814 ἐμέ.
2997 746 3056 799 '0
3097 747 3154 800 δὲ
3209 748 3442 818 Χριστὸς
3492 749 3628 820 πρὸς
3675 751 3808 814 τοὺς
3851 757 3900 806 ἐν

2243 828 2542 900 ἁμαρτίαις
2588 830 2920 900 βεϐιωκότας
2973 831 3194 896 πολλαῖς
3239 833 3366 886 ἐϐόα
3387 850 3400 864 ·
3427 835 3604 890 Δεῦτε
3653 839 3808 906 πρὸς
3831 839 3899 907 μδ

2241 913 2464 982 πάντες
2508 919 2564 971 at
2595 917 2920 986 κοπιῶντες
2945 919 3042 973 καί
3081 921 3556 989 πεφορτισμένοι,
3583 924 3750 994 κάγὼ
3775 927 3902 979 ἁνα-

2242 1005 2454 1058 παὺσω
2481 1004 2657 1074 ὑμᾶς.
2691 1004 2840 1076 Αὕτη
2879 1005 3059 1061 τοίνυν
3089 1008 3182 1060 καὶ
3217 1007 3278 1060 τὸ
3309 1007 3490 1062 πλοῖον
3519 1010 3754 1082 ἐϐάρυνε
3787 1011 3900 1067 τότε

2242 1093 2334 1145 καὶ
2357 1091 2638 1164 βαπτίζειν
2670 1092 2892 1163 ἔμελλεν
2917 1111 2929 1124 ·
2951 1095 2980 1146 ὁ
3005 1093 3061 1148 δὲ
3090 1095 3270 1159 Ἰωνᾶς
3295 1095 3548 1150 ἐκάθευδε
3573 1100 3669 1150 καὶ
3691 1099 3897 1170 έρεγχε.

2241 1180 2420 1252 Βαρὺς
2443 1183 2473 1234 6
2505 1180 2672 1245 ῦπνος
2701 1183 2801 1235 οὑκ
2835 1177 2904 1253 ἦν
2937 1182 3152 1254 ἡδονῆς,
3183 1183 3318 1237 ἀλλά
3349 1183 3546 1254 λύπης,
3587 1187 3712 1257 οὐχὶ
3741 1189 3902 1259 ρᾳθυ-

2245 1267 2394 1338 μίας,
2422 1269 2560 1323 ἀλλά
2601 1268 2857 1340 ἀθυμίας.
2899 1271 2962 1324 Οἱ
2992 1268 3100 1342 γάρ
3149 1270 3492 1340 εὐγνώμονες
3531 1273 3642 1324 τῶν
3681 1277 3902 1331 οίκετιῖιν

2241 1357 2448 1426 ταχέως
2477 1357 2821 1410 αἰσθάνονται
2860 1357 2970 1410 τῶν
3007 1359 3422 1429 ἁμαρτημάτων
3448 1376 3461 1388 ·
3483 1361 3626 1432 ὅπερ
3657 1363 3904 1428 κάκεῖνος

2243 1441 2393 1514 [5151
2421 1442 2606 1497 ἔπαθε.
2635 1445 2788 1498 Μετά
2813 1443 2922 1515 γὰρ
2951 1445 3048 1515 τὴν
3083 1439 3280 1515 πρᾶξιν
3309 1449 3409 1518 τῆς
3435 1447 3733 1520 ἁμαρτίας,
3769 1451 3904 1520 ἔγνω

2241 1530 2342 1599 τῆς
2373 1530 2646 1602 ἁμαρτίας
2673 1531 2792 1584 τότε
2821 1531 2882 1584 τὸ
2909 1531 3078 1584 δεινόν
3097 1549 3110 1561 ·
3143 1533 3236 1585 καὶ
3259 1533 3366 1604 γάρ
3389 1533 3633 1588 τοιοῦτον
3661 1537 3694 1605 ἡ
3723 1537 3901 1608 ἀμαρ-

2241 1617 2330 1670 τία
2351 1635 2364 1650 ·
2397 1617 2535 1688 μετὰ
2559 1618 2620 1671 τύ
2641 1617 2921 1689 τεχθῆναι,
2951 1617 3167 1690 πλήρης
3199 1619 3317 1671 τότε
3347 1620 3442 1682 τὰς
3472 1620 3670 1684 ὠδῖνας
3705 1624 3900 1695 ἐγείρει

2239 1709 2306 1778 τῇ
2335 1707 2570 1779 τεκούσῃ
2616 1708 2798 1780 ψυχῇ,
2831 1709 3158 1772 ἀπεναντίας
3181 1709 3260 1779 τῷ
3303 1711 3449 1780 νόμῳ
3491 1711 3594 1782 τῆς
3633 1715 3900 1784 ήμετέρας

2240 1795 2564 1865 γεννήσεως.
2609 1795 2801 1865 Ἡμεῖς
2835 1797 2932 1866 μὲν
2950 1796 3058 1867 γάρ
3083 1795 3216 1866 ὁμοῦ
3237 1797 3518 1866 τεχθέντες
3541 1799 3639 1862 τάς
3663 1800 3856 1864 ὠδῖνα,
3875 1813 3896 1842 ε

2241 1879 2438 1950 λύομεν
2461 1920 2475 1944 ,
2505 1881 2689 1952 ἐκείνη
2737 1881 2792 1934 δὲ
2825 1881 2962 1952 ὁμοῦ
2995 1883 3247 1952 τεχθεῖσα
3290 1883 3493 1954 διασπᾷ
3541 1887 3664 1948 ταῖς
3697 1885 3902 1952 ὀδύναις

2240 1969 2365 2029 τοῦς
2379 1967 2635 2032 τεκόντας
2661 1968 2827 2040 αὐτὴν
2855 1969 3165 2039 λογισμούς.
3181 1965 3347 2022 Τίοῦν
3371 1971 3400 2021 6
3417 1971 3706 2042 πρωρεύς;
3735 1973 3904 2044 Προσ-

2239 2053 2390 2123 ἧλθε,
2419 2055 2603 2126 φησὶν,
2637 2055 2785 2126 αὑτῷ
2833 2057 2926 2108 καὶ
2956 2056 3104 2124 λέγει
3127 2073 3144 2088 ο
3186 2055 3454 2121 Ἀνάστα,
3487 2059 3584 2112 καὶ
3613 2059 3901 2116 ἐπικαλοῦ

2239 2140 2459 2208 Κύριον
2493 2141 2597 2194 τὸν
2634 2143 2784 2195 Θεόν
2807 2156 2942 2195 σου.
2975 2143 3157 2210 Ἔγνω
3187 2141 3372 2195 λοιπὸν
3400 2143 3508 2196 ἀπὸ
3543 2145 3644 2216 τῆς
3675 2147 3900 2216 πείρας,

2240 2225 2320 2277 ὅτι
2341 2225 2440 2278 οὐκ
2469 2222 2534 2298 ἦν
2555 2229 2789 2299 συνήθης
2811 2230 2838 2280 6
2857 2228 3089 2298 χειμὼν,
3113 2229 3248 2282 ἀλλὰ
3269 2229 3526 2301 θεήλατος
3549 2227 3620 2302 ἦν
3645 2234 3680 2302 ή
3705 2233 3900 2306 πληγή,

2241 2313 2335 2364 καὶ
2377 2315 2559 2382 μεῖζον
2591 2315 2689 2384 τῆς
2741 2314 3088 2386 ἀνθρωπίνης
3139 2316 3336 2386 τέχνης
3375 2317 3438 2369 τὸ
3467 2317 3782 2380 κλυδώνιον,
3817 2321 3906 2372 καὶ

2240 2397 2320 2450 ὅτι
2363 2397 2470 2450 τῶν
2521 2398 2616 2451 τοῦ
2671 2399 3009 2470 κυϐερνήτου
3041 2399 3240 2472 χειρῶν
3287 2401 3478 2469 ὄφελος
3501 2402 3690 2454 οὐδέν’
3719 2405 3906 2476 ἑτέρου

2241 2485 2348 2556 γάρ
2390 2485 2556 2538 ἐδεῖτο
2591 2485 2835 2550 μείζονος
2868 2487 3204 2558 κυϐερνήτου
3249 2487 3320 2541 τὰ
3362 2489 3648 2558 γινόμενα,
3679 2490 3775 2542 τοῦ
3819 2489 3908 2544 τὸν

2241 2571 2444 2643 κόσμον
2473 2573 2932 2645 δια-κυϐερνῶντος
2962 2575 3202 2640 ἅπαντα,
3227 2575 3322 2628 καὶ
3347 2575 3446 2646 τῆς
3489 2576 3696 2630 ἄνωθεν
3719 2580 3907 2648 χρείαν

2241 2655 2352 2728 εἶχε
2403 2661 2595 2730 ῥοπῆς.
2631 2662 2730 2715 Διὰ
2772 2661 2932 2714 τοῦτο
2982 2662 3225 2715 κάκεῖνοι
3269 2661 3456 2725 κώπας
3493 2664 3588 2716 καὶ
3633 2663 3782 2716 ἱστία
3815 2665 3906 2718 καὶ

2242 2748 2447 2816 σχοινία
2481 2750 2574 2801 καὶ
2603 2749 2778 2802 πάντα
2807 2749 3036 2817 ἀφέντες
3065 2749 3156 2802 καὶ
3181 2749 3280 2818 τῆς
3309 2749 3550 2820 εἰρεσίας
3583 2750 3682 2815 τὰς
3715 2755 3904 2823 χεῖρας

2239 2833 2646 2905 ἀποστήσαντες
2679 2835 2814 2906 πρὸς
2839 2835 2930 2888 τὸν
2961 2835 3186 2907 οὐρανὸν
3213 2836 3508 2902 ἀνέτειναν,
3541 2839 3639 2890 καὶ
3661 2839 3754 2890 τὸν
3779 2839 3906 2892 Θεδν

2241 2922 2599 2993 παρεκάλουν.
2637 2923 2724 2986 Ὠς
2761 2923 2818 2975 δὲ
2850 2923 2972 2976 οὐδὲ
3003 2923 3175 2986 οὑτως
3208 2924 3421 2992 ἐγένετό
3439 2941 3492 2976 τι
3523 2923 3706 2989 πλέον,
3737 2925 3910 2980 Ἐϐα-

2239 3009 2329 3063 λον
2367 3009 2622 3082 κλήρους,
2656 3009 2816 3081 φησί·
2863 3010 2959 3063 καὶ
2991 3009 3278 3080 παρέδωκε
3315 3010 3500 3064 λοιπὸν
3538 3013 3565 3063 6
3605 3011 3811 3082 κλῆρος
3841 3015 3904 3082 τῇ

2239 3097 2405 3170 ψήφῳ
2433 3098 2524 3150 τὸν
2565 3096 2884 3152 ὑπεύθυνον.
2919 3097 2984 3149 Οἱ
3017 3097 3074 3150 δὲ
3110 3097 3229 3151 οὐδὲ
3259 3096 3430 3160 οὑτως
3455 3098 3618 3150 αὑτὸν
3653 3098 3906 3164 λαϐόντες

2240 3189 2654 3252 κατεπόντισαν,
2690 3185 2825 3239 ἀλλά
2857 3185 3086 3256 θορύϐου
3109 3183 3364 3238 τοσούτου
3393 3186 3486 3238 καὶ
3508 3187 3755 3257 ταραχῆς
3785 3189 3904 3240 ἑπι-

2241 3275 2498 3345 κειμένης
2529 3273 2578 3338 ά,
2609 3273 2798 3344 ὥσπερ
2835 3272 3064 3342 ἡσυχίας
3095 3271 3296 3341 πολλῆς
3343 3271 3730 3334 ἀπολαύοντες,
3767 3274 3906 3328 οὕτω

2239 3361 2586 3432 δικαστήριον
2617 3363 2676 3412 ὲν
2711 3358 2787 3430 τῷ
2822 3359 2992 3428 πλοίῳ
3041 3357 3416 3423 καθιστάντες,
3457 3359 3553 3410 καὶ
3585 3357 3750 3426 λόγου
3781 3375 3908 3428 μετ-

2241 3447 2447 3502 έδωκαν
2484 3447 2651 3518 αὐτῷ,
2675 3451 2768 3502 καὶ
2817 3445 3106 3514 ἀπολογίας
3153 3445 3412 3514 ἠξίωσαν,
3441 3447 3534 3498 καὶ
3555 3445 3737 3498 πάντα
3771 3443 3908 3514 μετὰ

2240 3536 2522 3608 ἀκριϐείας
2573 3533 2870 3605 ἐξήταζον,
2903 3533 3093 3603 ὥσπερ
3141 3532 3424 3603 μέλλοντές
3479 3549 3584 3584 τινι
3647 3532 3910 3602 παρέχειν

2239 3623 2496 3688 εὐθύνας,
2547 3616 2622 3676 ὧν
2663 3621 2728 3675 ἂν
2779 3619 3142 3691 ψηφίσωνται.
3193 3621 3458 3672 Ἄκουσον
3503 3617 3636 3687 γοῦν
3685 3619 3910 3684 αὐτῶν,

2239 3711 2428 3783 ὥσπερ
2477 3713 2534 3765 ὲν
2561 3710 2897 3780 δικαστηρίῳ
2949 3709 3130 3762 πάντα
3175 3707 3554 3774 ὲξεταζόντων.
3601 3707 3698 3770 Τίς
3741 3725 3838 3760 σου
3873 3709 3910 3778 ἡ

2240 3799 2470 3870 ἐργασία
2497 3799 2650 3864 ὲστί;
2681 3799 2776 3850 καὶ
2813 3795 2977 3850 πόθεν
3015 3795 3184 3870 ἔρχῃς
3207 3797 3300 3849 καὶ
3325 3795 3428 3848 ποῦ
3461 3795 3666 3866 πορεύῃ
3687 3811 3704 3860 ;
3729 3797 3824 3848 καὶ
3847 3797 3912 3848 ἐκ

2239 3888 2400 3951 ποίας
2418 3887 2620 3958 χώρας,
2661 3887 2754 3938 καὶ
2792 3887 2856 3938 ὲκ
2885 3885 3038 3936 ποίου
3073 3883 3206 3937 λαοῦ
3233 3879 3283 3935 εἷ
3303 3882 3368 3935 σύ
3395 3899 3412 3948 ;
3451 3883 3647 3936 Καίτοι
3671 3883 3912 3952 κατηγό-

2241 3991 2374 4047 ρησε
2411 3975 2509 4045 μὲν
2553 3975 2587 4044 ή
2623 3971 2866 4026 θάλασσα
2917 3969 3261 4036 καταϐοιῖισα,
3293 3970 3488 4042 ἤλεγξε
3515 3969 3572 4022 δὲ
3614 3971 3643 4022 6
3679 3969 3910 4039 κλῆρος,

2239 4064 2334 4114 καὶ
2352 4059 2838 4130 κατεμαρτύρησεν
2857 4073 2870 4086 ·
2886 4056 3000 4110 ἀλλ’
3013 4057 3160 4126 ὅμως
3183 4055 3302 4108 οὐτε
3319 4057 3416 4126 τῆς
3431 4057 3710 4125 θαλάσσης
3739 4073 3913 4111 κατα-

2240 4147 2472 4218 ϐοώσης,
2489 4147 2613 4200 οὐτε
2639 4145 2734 4198 τοῦ
2767 4144 2969 4216 κλήρου
2997 4135 3590 4216 καταμαρτυρήσαντος
3611 4145 3712 4214 τήν
3733 4145 3914 4214 ψῆφον

2239 4238 2538 4305 ἐπάγουσιν
2566 4235 2797 4298 οὐδέπω,
2819 4231 2934 4286 ἀλλ’
2955 4231 3143 4304 ὥσπερ
3165 4235 3222 4284 έν
3261 4231 3618 4302 δικαστηρίῳ,
3649 4233 3750 4285 καὶ
3783 4249 3916 4286 κατ-

2239 4323 2452 4394 ηγόρων
2481 4321 2782 4394 παρόντων,
2803 4321 2898 4373 καὶ
2915 4319 3206 4391 μαρτύρων
3225 4321 3624 4390 ἐφεστηκότων,
3639 4321 3736 4372 καὶ
3761 4321 3916 4388 ἐλέγ-

2239 4429 2346 4482 χων
2375 4411 2704 4480 γινομένων,
2737 4409 2798 4462 οὑ
2835 4407 3098 4479 πρότερον
3143 4409 3191 4460 οἱ
3241 4407 3552 4471 δικάζοντες
3585 4407 3684 4478 τὴν
3731 4409 3914 4478 ψῆφον

2239 4498 2570 4564 ἐπάγουσιν,
2604 4497 2708 4558 ἓως
2752 4495 2818 4550 ἂν
2863 4494 3026 4558 αὐτὸς
3055 4496 3084 4548 ὁ
3127 4494 3414 4558 κατάδικος
3453 4495 3768 4567 κατήγορος
3815 4497 3916 4567 τῆς

2243 4587 2378 4648 ἰδίας
2405 4583 2676 4656 ἁμαρτίας
2711 4583 2969 4654 γένηται·
2987 4583 3131 4637 οὑτω
3153 4584 3218 4654 δὴ
3247 4584 3406 4638 καὶοί
3429 4582 3625 4637 ναῦται
3649 4585 3912 4650 ἐνταῦθα,

2239 4675 2516 4746 ἄνθρωποι
2555 4672 2817 4744 βάρϐαροι
2863 4673 2959 4725 καὶ
3003 4672 3238 4743 ἀνόητοι,
3269 4671 3368 4743 τήν
3409 4673 3470 4724 ἐν
3500 4675 3616 4736 τοῖς
3643 4673 3914 4746 δικαστη-

2241 4761 2375 4834 ρίοις
2399 4761 2649 4825 εὐταξίαν
2669 4759 2964 4830 ἐμιμοῦντο
2981 4776 2994 4790 '
3021 4761 3196 4813 καίτοι
3227 4759 3483 4813 τοσούτου
3515 4760 3706 4828 φόϐου,
3729 4763 3916 4814 τοσούο

2237 4865 2330 4900 του
2363 4846 2678 4910 κλυδωνίου,
2707 4847 2978 4916 τοσαύτης
3007 4847 3254 4918 ταραχῆς
3279 4847 3656 4918 περιεστώσης
3687 4849 3914 4916 αὐτ-οὒς,

2239 4937 2334 4990 καὶ
2371 4936 2469 5006 τῆς
2493 4935 2768 5006 θαλάσσης
2809 4935 2929 4988 οὐδὲ
2961 4937 3220 4988 ἀναπνεῖν
3257 4933 3666 5006 ἐπιτρεπούσης
3691 4953 3706 4966 ·
3739 4935 3914 4998 οὕτως

2237 5023 2508 5096 ἐθορύϐει,
2530 5025 2624 5076 καὶ
2659 5022 2992 5076 κατέσπευδε
3020 5023 3314 5092 μαινομένη
3337 5023 3430 5076 καὶ
3459 5021 3789 5076 καταϐοῶσα
3819 5021 3920 5077 καὶ

2241 5111 2439 5181 συνεχῆ
2470 5109 2540 5164 τὰ
2581 5111 2801 5180 κύματα
2855 5111 3235 5182 ἐπεγείρουσα.
3271 5110 3440 5162 Πόθεν
3467 5106 3560 5162 οῦν
3603 5112 3636 5182 ή
3669 5110 3918 5182 τοσαύτη

2239 5199 2466 5269 πρόνοια
2493 5199 2735 5267 γέγονεν,
2768 5199 3076 5267 ἀγαπητοὶ,
3111 5197 3240 5268 περὶ
3277 5197 3366 5250 τὸν
3413 5199 3738 5268 προφήτηνς
3777 5199 3922 5251 Ἀπὸ

2201 5293 2212 5296 “
2239 5287 2336 5357 τῆς
2367 5287 2462 5340 τοῦ
2503 5287 2640 5340 Θεοῦ
2687 5285 3019 5356 οἰκονομίας.
3057 5285 3114 5340 ’0
3139 5287 3246 5358 γὰρ
3281 5285 3414 5350 Θεδς
3439 5287 3706 5356 ᾠκονόμει
3735 5285 3926 5340 ταῦτα

2239 5375 2505 5444 γίνεσθαι,
2537 5377 2629 5429 τὸν
2655 5382 2940 5448 προφήτην
2963 5375 3052 5428 διὰ
3073 5375 3278 5428 τούτων
3311 5374 3581 5427 παιδεύων
3609 5374 3926 5444 φιλάνθρω-

2241 5481 2340 5517 πον
2369 5459 2506 5518 εἶναι
2527 5465 2619 5518 καὶ
2640 5465 2746 5534 ἦμε
2757 5480 2866 5535 ρον,
2887 5465 2978 5516 καὶ
2995 5463 3277 5534 μονονουχὶ
3307 5463 3444 5534 βοῶν
3469 5462 3606 5530 πρὸς
3635 5461 3807 5516 αὐτὸν
3823 5461 3920 5518 καὶ

2239 5554 2412 5622 λέγων
2439 5571 2453 5586 ·
2488 5555 2741 5624 Μίμησαι
2795 5553 2920 5616 τοὺς
2963 5553 3198 5616 ναύτας,
3233 5551 3554 5624 ἀνθρώπους
3607 5551 3912 5624 ἀνοήτους·

2305 5751 2326 5778 ε
2355 5750 2388 5796 Α
2401 5745 2450 5796 lii
2469 5747 2650 5801 ὀδύνας.

2303 5806 2332 5850 (Ι
2353 5809 2452 5862 Alii
2475 5817 2528 5860 ει
2544 5809 2692 5861 Savil.
2721 5807 3054 5872 ἐπιγινομένης.
