4036 6206
309 220 416 281 509

311 350 434 391 cum
460 350 582 406 erga
614 335 896 392 Dominum
931 336 1186 408 majorem
1216 352 1371 408 quam
1399 352 1586 395 omnes
1624 339 1896 410 apostolos

309 427 585 482 caritatem
625 427 894 484 habuisse.
941 429 1110 496 Petro,
1145 430 1314 501 inquit
1335 472 1348 494 ,
1376 431 1546 501 diligis
1576 447 1655 485 me
1680 429 1794 501 plus
1819 430 1897 484 his

314 517 494 588 (Joan.
521 517 610 571 21.
638 519 918 588 15)?lluie
943 528 1118 574 autem
1147 521 1211 574 ad
1242 522 1450 575 virtutis
1480 522 1739 576 rationem
1767 519 1895 574 nihil

311 625 442 666 sane
473 627 566 681 par
592 611 772 666 fuerit.
805 613 920 680 Quo
940 627 1067 666 vero
1095 613 1312 666 minime
1340 612 1485 668 dicas
1510 613 1700 668 merito
1733 612 1894 665 Deum

311 703 559 757 Ninivitis
590 703 873 772 ignovisse,
904 703 1143 758 barbaris
1171 704 1472 758 [nominibus
1515 713 1568 759 et
1607 703 1899 772 insipienti-

314 794 414 848 bus
445 811 458 846 :
490 793 678 849 Servus
702 795 855 855 enim,
885 795 1074 863 inquit,
1107 797 1330 848 nesciens
1354 795 1658 848 voluntatem
1685 793 1894 859 domini,

312 894 358 938 et
389 901 488 938 non
520 884 729 955 faciens,
759 885 1012 952 vapulabit
1041 886 1213 953 paucis
1235 883 1381 956 (Luc.
1415 884 1500 940 η.
1529 885 1656 952 48)τ
1686 892 1742 937 ut
1771 897 1898 952 ergo

313 973 418 1028 hoc
470 989 573 1029 non
627 974 793 1042 dicas,
839 975 1050 1030 Petrum
1099 977 1190 1030 tibi
1235 977 1288 1030 in
1332 976 1566 1030 medium
1616 984 1899 1044 propterea

313 1065 462 1119 duxit
483 1067 522 1128 ¹,
547 1081 758 1120 servum
785 1066 1109 1120 voluntatem
1137 1065 1344 1120 Domini
1367 1066 1594 1119 maxime
1616 1064 1894 1119 scientem.

312 1154 422 1212 Sed
456 1165 630 1210 tamen
661 1155 745 1208 hic
767 1155 906 1209 idem
931 1170 1154 1224 peccans
1176 1156 1407 1210 maximo
1431 1164 1671 1225 peccato,
1695 1153 1900 1224 respice

316 1259 573 1319 quantum
597 1247 664 1302 ad
688 1246 895 1302 ﬁducia:
928 1247 1139 1302 culmen
1169 1246 1344 1302 rediit.

393 1361 468 1416 οδ
491 1370 692 1432 peccata
713 1377 984 1432 numquam
1013 1360 1400 1431 desperandum.
1432 1358 1682 1431 —lgitur
1709 1367 1762 1414 et
1787 1358 1901 1428 ipse

316 1455 550 1526 peetzatis
570 1453 820 1508 admissis
854 1469 924 1508 ne
943 1453 1176 1507 animum
1199 1451 1549 1521 despondeas.
1583 1451 1736 1518 Quod
1758 1449 1898 1506 enim

318 1547 372 1601 in
399 1555 616 1616 peccato
641 1547 874 1617 gravius,
899 1555 979 1602 est
1005 1546 1058 1600 in
1091 1555 1308 1616 peccato
1336 1556 1477 1600 stare
1509 1562 1522 1598 :
1553 1553 1607 1599 et
1641 1543 1779 1613 quod
1810 1559 1900 1611 pe-

313 1638 404 1709 jus
429 1641 480 1692 in
507 1654 630 1694 casu
649 1681 664 1705 ,
693 1647 775 1693 est
797 1639 978 1708 jacere
997 1639 1048 1692 in
1077 1653 1162 1693 eo.
1203 1637 1314 1692 Hoc
1342 1645 1396 1692 et
1425 1637 1617 1692 Paulus
1653 1636 1812 1690 deﬂet
1847 1643 1902 1689 et

318 1731 655 1802 ingemiscit,
690 1729 792 1784 hoc
829 1729 959 1784 ﬂetu
1006 1729 1222 1799 dignum
1259 1743 1379 1783 esse
1425 1727 1554 1782 dicit
1583 1743 1596 1780 :
1627 1725 1711 1780 Ne
1730 1731 1859 1798 forte
1881 1765 1898 1791 ,

319 1824 509 1895 inquit,
538 1840 650 1876 cum
680 1838 855 1877 venero
881 1821 948 1874 ad
971 1837 1074 1884 vos,
1097 1819 1321 1874 humiliet
1350 1835 1429 1874 me
1455 1817 1610 1884 Deus,
1641 1827 1686 1871 et
1703 1818 1900 1887 lugeam

320 1920 507 1970 multos
533 1932 594 1970 ea:
633 1917 694 1968 iis
724 1915 808 1986 qui
847 1929 950 1968 non
999 1914 1171 1968 solum
1213 1923 1592 1982 peccaverunt,
1621 1908 1714 1963 sed
1743 1908 1901 1964 exiis

317 2008 410 2079 qui
456 2007 793 2078 paenitentiam
830 2023 929 2058 non
967 2013 1173 2076 egerunt
1206 2019 1356 2074 super
1394 2001 1708 2072 impudicitia
1735 2010 1780 2053 et
1805 1999 1902 2052 int-

317 2100 570 2154 munditia
595 2108 642 2152 et
664 2098 1015 2169 fornicatione,
1033 2112 1184 2166 quam
1211 2096 1434 2165 fecerunt
1460 2092 1515 2163 (2
1531 2091 1644 2146 Cor.
1667 2089 1750 2146 12.
1783 2089 1898 2159 21).

316 2191 401 2246 Ad
451 2190 814 2261 paenitentiam
869 2204 998 2243 vero
1063 2188 1219 2258 quale
1261 2184 1640 2256 congruentius
1693 2189 1901 2251 tempus

317 2291 500 2352 posset
519 2279 779 2346 accedere
799 2278 984 2349 jejunii
1016 2276 1302 2346 tempore?

390 2395 444 2449 5.
491 2392 595 2448 Sed
639 2392 704 2446 ad
751 2390 1028 2447 historiam
1077 2399 1422 2445 revertamur.
1472 2388 1695 2443 Audiens
1735 2395 1903 2441 autem

318 2485 564 2554 pmpheta
587 2483 733 2536 verba
763 2483 902 2550 lucc,
946 2482 1196 2537 descendit
1219 2483 1271 2534 in
1299 2479 1520 2552 Joppen,
1550 2489 1602 2533 ut
1633 2483 1826 2550 fugeret
1851 2481 1903 2533 in

317 2574 532 2630 Tharsis
573 2593 604 2628 a
631 2575 763 2646 facie
798 2573 1000 2627 Domini
1050 2571 1194 2645 (Jan.
1235 2573 1286 2626 1.
1329 2572 1408 2642 5).
1439 2570 1678 2638 Quonam
1729 2569 1898 2639 fugis,

321 2665 522 2720 homo?
549 2665 804 2736 numquid
831 2664 1077 2719 audivisti
1106 2663 1420 2733 prophetam
1446 2660 1715 2716 dicentem
1750 2677 1762 2714 :
1789 2659 1903 2735 Quo

319 2755 401 2810 ibo
417 2772 449 2808 α
464 2756 641 2824 spiritu
660 2766 766 2819 tuo,
781 2764 827 2808 et
851 2771 950 2824 quo
970 2771 1001 2806 a
1030 2754 1159 2824 facie
1179 2762 1263 2805 tua
1280 2754 1472 2823 fugiam
1490 2750 1652 2821 (Psal.
1676 2750 1797 2804 158.
1819 2749 1902 2819 7)?

321 2851 379 2904 ln
405 2851 626 2906 terram?
649 2850 752 2905 Sed
784 2849 988 2902 Domini
1013 2857 1086 2901 est
1109 2859 1241 2900 terra
1253 2857 1299 2900 et
1325 2845 1583 2916 plenitudo
1602 2845 1707 2916 ejus
1728 2842 1901 2914 (Psal.

317 2942 413 2998 23.
439 2944 512 3011 1).
538 2941 617 2996 Ad
645 2940 949 2995 internum?
981 2939 1040 2992 Si
1069 2939 1404 3004 descendere,
1432 2938 1622 3005 inquit,
1658 2937 1709 2988 in
1737 2935 1900 3005 infer-

321 3052 468 3101 num,
502 3034 642 3088 ades.
677 3034 729 3088 In
757 3030 1053 3087 cazlutnne?
1076 3029 1138 3085 Si
1160 3029 1430 3084 ascendere
1459 3029 1512 3080 in
1535 3026 1736 3092 caelum,
1767 3039 1819 3078 tu
1835 3024 1901 3078 il-

323 3126 784 3198 lices(Psal.158.
810 3126 984 3197 8).Αη
1011 3127 1061 3178 in
1093 3122 1278 3177 mare?
1309 3121 1376 3174 Et
1397 3120 1523 3186 illis,
1553 3119 1741 3190 inquit,
1770 3127 1905 3171 tene-

321 3219 392 3273 bit
423 3235 500 3273 me
527 3219 728 3272 dextera
771 3227 855 3269 tua
885 3214 989 3288 (Ib.
1038 3230 1084 3269 υ.
1112 3215 1221 3284 10).
1265 3212 1421 3280 Quod
1464 3223 1517 3265 et
1542 3210 1663 3264 huic
1704 3209 1898 3264 evenit.

323 3309 429 3364 Sed
457 3310 558 3364 tale
582 3319 664 3364 est
694 3315 986 3378 peccatum,
1012 3315 1067 3359 ut
1091 3304 1156 3358 ad
1179 3303 1530 3374 ignorantiam
1550 3299 1768 3354 multam
1790 3297 1908 3352 red-

321 3401 432 3470 igat
471 3400 725 3454 animam.
764 3399 895 3453 Nam
937 3398 1072 3452 sicut
1095 3399 1182 3466 qui
1211 3394 1470 3465 gravitate
1513 3393 1700 3460 capitis
1725 3391 1903 3446 ebrie-

324 3501 536 3563 tateque
565 3499 829 3556 tenentur,
859 3488 1020 3543 stulte
1047 3502 1110 3541 ac
1141 3497 1338 3541 temere
1380 3485 1641 3551 feruntur,
1664 3484 1906 3554 quamvis

325 3584 696 3655 prmcipitium,
726 3584 966 3654 quamvis
989 3580 1322 3646 barathrum,
1345 3587 1398 3632 et
1422 3577 1562 3632 aliud
1583 3578 1707 3649 quid
1733 3577 1906 3634 simile

323 3675 820 3740 subsit,concidunt
841 3674 1048 3727 incaute
1079 3689 1092 3725 :
1127 3673 1204 3726 sic
1233 3671 1318 3740 qui
1340 3682 1594 3724 corruunt
1634 3673 1688 3725 in
1719 3686 1906 3741 pecca-

326 3772 439 3819 tum
459 3805 475 3830 ,
496 3765 656 3819 veluti
687 3765 944 3819 ebrietate
977 3761 1204 3816 actionis
1246 3760 1510 3816 desiderio
1537 3760 1777 3827 detenti,
1809 3778 1908 3818 ne-

324 3855 500 3910 sciunt
525 3855 648 3925 quid
674 3856 893 3921 iaciunt,
925 3870 1032 3909 non
1052 3854 1354 3925 praesentia,
1383 3867 1488 3907 non
1515 3851 1689 3908 futura
1710 3854 1905 3924 przevi-

324 3946 530 4002 dentes.

421 4062 715 4116 Similitudo
755 4062 1114 4133 pulcherrima.
1155 4093 1227 4102 --
1252 4062 1572 4128 Dominum,
1609 4061 1697 4116 dic
1735 4061 1866 4116 mihi
1891 4103 1906 4126 ,

325 4153 500 4223 iugis?
527 4153 818 4222 Parumper
847 4155 1004 4223 igitur
1030 4169 1205 4220 mane,
1229 4164 1386 4224 atque
1408 4168 1502 4223 per
1527 4169 1704 4207 rerum
1733 4151 1909 4208 disces

325 4254 617 4309 eventum,
648 4257 697 4300 te
725 4262 897 4317 neque
930 4247 1093 4302 maris
1113 4287 1128 4313 ,
1161 4248 1299 4301 servi
1326 4246 1441 4317 ejus
1466 4289 1481 4314 ,
1519 4261 1673 4316 posse
1720 4261 1910 4300 manus

325 4339 578 4409 ell'ugere.
608 4339 701 4393 Vix
741 4341 880 4393 enim
913 4344 1087 4393 navim
1119 4340 1217 4393 iste
1238 4338 1622 4394 eonsccttderat
1642 4380 1656 4402 ,
1693 4353 1813 4392 cum
1847 4337 1909 4391 il-

326 4431 416 4488 luc
448 4431 639 4485 ﬂuctus
659 4431 865 4494 extulit,
898 4433 947 4485 in
975 4431 1243 4500 altumque
1265 4431 1475 4496 levavit,
1508 4439 1562 4484 ct
1590 4431 1748 4485 veluti
1775 4429 1903 4485 tide-

328 4521 397 4575 lis
445 4522 637 4576 ancilla
679 4536 999 4576 conservum
1046 4521 1322 4575 inveniens
1359 4520 1683 4590 fugientem,
1712 4520 1802 4590 qui
1843 4537 1908 4574 ex

327 4612 531 4666 domini
559 4612 712 4666 bonis
755 4611 1023 4682 quidpiam
1064 4612 1413 4680 surripuerit,
1443 4626 1700 4680 nusquam
1747 4610 1814 4664 ab
1845 4627 1910 4664 eo

330 4703 566 4769 recedit,
592 4702 844 4770 milleque
889 4703 1265 4771 impedimenta
1311 4703 1502 4771 ingerit
1530 4701 1910 4770 recipientibus

329 4797 476 4852 illum
497 4836 512 4862 ,
539 4796 712 4867 quoad
749 4797 918 4866 ipsum
958 4795 1230 4850 vindicans
1261 4796 1477 4849 reducat
1509 4795 1621 4848 :sic
1665 4803 1720 4848 et
1763 4809 1910 4848 mare

327 4904 646 4945 conservum
691 4890 967 4944 inveniens
1015 4899 1068 4944 et
1110 4903 1434 4959 agnoscens,
1485 4887 1632 4943 mille
1685 4887 1910 4957 impedi-

331 4991 510 5036 menta
540 4982 716 5036 nautis
742 4982 966 5045 excitat,
997 4980 1214 5034 turbans
1234 5021 1249 5046 ,
1275 4980 1538 5043 clamans,
1567 4994 1672 5032 non
1701 4979 1753 5032 in
1773 4977 1907 5046 judi-

330 5073 474 5127 cium
505 5072 750 5137 trahens,
779 5072 872 5126 sed
895 5073 1223 5126 comminans
1251 5087 1435 5126 navem
1463 5071 1772 5142 demergere
1789 5087 1908 5126 cunt

333 5168 542 5232 nautis,
572 5167 672 5220 nisi
708 5181 1026 5220 conservum
1065 5180 1218 5218 suum
1255 5165 1354 5218 sibi
1398 5164 1744 5219 reddiderint.
1777 5163 1914 5230 Quid

332 5273 462 5329 ergo
491 5268 684 5322 natiue,
715 5256 797 5310 his
813 5255 1263 5326 contingentibus?
1282 5256 1488 5308 Jactum
1511 5294 1524 5317 ,
1559 5254 1745 5323 inquit,
1766 5269 1912 5306 uaso.

334 5366 445 5402 rum
477 5352 730 5418 fecerunt,
757 5347 897 5400 navis
940 5362 1054 5399 vero
1083 5361 1395 5415 nequaquam
1418 5343 1743 5397 alleviabatur
1766 5341 1912 5415 (Jan.

335 5443 390 5498 1.
414 5442 469 5513 5)
501 5451 704 5496 :totum
750 5442 891 5496 enim
928 5439 1102 5495 adhuc
1141 5452 1278 5495 onus
1316 5437 1606 5505 manebat,
1636 5436 1912 5508 propheta:

399 5641 419 5674 ⁸
455 5638 606 5698 Duxi,
627 5637 766 5700 juxta
782 5637 903 5687 savii
919 5676 930 5687 .

1520 223 1611 280 DE
1647 221 2121 282 ΡίΕΝΙΤΕΝΤΙΑ.
2165 219 2396 279 1101111..
2442 221 2503 276 ν.

3480 218 3584 277 310

2010 352 2209 409 corpus
2237 337 2471 404 scilicet,
2491 350 2627 392 onus
2647 350 2838 408 grave,
2867 351 2974 394 non
3001 353 3066 393 ex
3093 345 3281 394 natura
3308 340 3577 410 corporis,

2004 429 2099 486 sed
2127 429 2196 485 ob
2236 428 2442 498 pondus
2468 429 2703 498 peccati;
2734 427 2866 482 nihil
2906 430 3047 484 enim
3071 440 3174 486 tam
3202 446 3487 487 onerosum
3533 441 3583 485 et

2003 537 2181 592 grave,
2214 537 2372 591 quam
2407 529 2681 589 peccatum
2713 531 2766 575 et
2797 521 3170 576 inobedientia.
3205 524 3486 593 Pmplerea
3537 535 3588 579 ct

2005 612 2289 666 Zacharias
2320 611 2369 665 id
2404 612 2600 680 plumbi
2645 611 2887 680 ﬁguravit
2931 613 3272 667 similitudine
3306 613 3498 684 (Zach.
3535 616 3588 670 5.

2006 705 2059 776 7)
2085 725 2098 759 :
2127 706 2291 760 David
2322 720 2448 759 vero
2479 704 2731 760 describit
2757 704 2871 772 ejus
2912 713 3187 770 naturam,
3213 704 3398 760 dicens
3431 725 3444 760 :
3474 705 3588 760 lni-

2003 798 2217 867 quitatcs
2261 813 2388 850 mea:
2433 811 2774 866 supergressa:
2809 804 2924 848 sunt
2953 805 3104 863 caput
3143 813 3340 860 meum,
3371 807 3418 849 et
3461 799 3588 851 sicut

2005 905 2131 942 onus
2152 904 2302 958 grave
2326 898 2548 960 gravata:
2573 896 2690 940 sunt
2713 904 2867 955 super
2894 903 2971 939 me
3007 885 3178 955 (Psal.
3213 886 3300 938 '57.
3332 886 3408 956 5).
3433 886 3587 941 Cltri-

2005 990 2119 1036 stus
2167 991 2341 1036 autem
2390 982 2453 1035 iis
2481 982 2569 1051 qui
2610 981 2662 1035 in
2697 981 2928 1049 peccatis
2964 980 3145 1033 multis
3171 981 3446 1046 vixerant,
3478 981 3588 1035 cla~

2005 1072 2182 1127 mabat
2215 1091 2226 1126 :
2260 1072 2432 1127 Venite
2479 1072 2547 1125 ad
2589 1089 2668 1126 me
2709 1089 2878 1127 omnes
2917 1072 3002 1142 qui
3046 1071 3285 1126 laboratis
3308 1082 3352 1127 et
3396 1073 3590 1127 onerati

2006 1168 2142 1232 estis,
2183 1176 2226 1221 et
2252 1183 2341 1238 ego
2370 1167 2596 1235 reﬁciam
2617 1164 2936 1236 vos(Mattlt.
2974 1165 3060 1219 11.
3088 1165 3204 1236 28).
3243 1165 3416 1233 Ipsum
3461 1181 3589 1234 ergo

2006 1266 2277 1327 peceatum
2298 1257 2545 1327 scapham
2566 1265 2689 1312 tunc
2704 1255 2975 1326 gravabat,
2994 1265 3048 1310 et
3063 1254 3430 1309 demersurum
3447 1264 3584 1310 erat:

2004 1347 2167 1403 Jonas
2211 1363 2338 1402 vero
2376 1347 2675 1402 dormiebat
2713 1356 2768 1401 et.
2796 1346 3070 1400 stertebat.
3122 1344 3310 1400 Gravis
3355 1345 3444 1398 ille
3481 1359 3588 1400 non

2004 1440 2288 1508 voluptatis
2314 1447 2428 1494 erat
2456 1453 2676 1493 somnus
2697 1479 2710 1501 ,
2740 1436 2834 1492 sed
2882 1435 3128 1490 mteroris
3147 1477 3162 1498 ,
3195 1451 3297 1489 non
3326 1434 3546 1504 pigritire
3567 1476 3583 1499 ,

2004 1531 2097 1586 sed
2119 1530 2441 1584 al‘llictionis.
2483 1528 2616 1583 Nam
2658 1527 2748 1598 qui
2789 1543 2856 1581 ex
2885 1526 3195 1581 domesticis
3240 1527 3378 1581 bene
3413 1525 3587 1579 πλῆθοιί

2005 1631 2148 1687 sunt,
2176 1623 2284 1676 cito
2311 1629 2525 1690 peccata
2563 1620 2796 1673 sentiunt
2822 1637 2834 1673 :
2861 1618 3001 1688 quod
3039 1627 3092 1673 et
3118 1618 3192 1670 illi
3222 1616 3429 1672 accidit.
3462 1615 3590 1670 Post

2003 1713 2347 1768 commissum
2388 1711 2529 1766 enim
2573 1709 2886 1779 peccatum,
2933 1708 3135 1778 peccati
3174 1708 3319 1761 novit
3359 1706 3591 1777 gravita-

2007 1813 2110 1860 tem
2139 1821 2163 1866 ε⁴
2187 1819 2307 1858 nam
2350 1801 2607 1871 ejusmodi
2638 1810 2741 1854 est.
2793 1800 2926 1853 Cum
2983 1799 3124 1853 enim
3163 1797 3361 1852 factum
3399 1796 3590 1862 fuerit,

2007 1905 2132 1950 tunc
2161 1895 2373 1950 dolores
2406 1892 2718 1961 parturienti
2760 1892 2953 1946 anima:
3001 1890 3197 1944 excitat
3237 1897 3420 1943 contra
3450 1887 3592 1955 leges

2006 1998 2201 2044 nostra:
2250 1987 2560 2042 nativitatis.
2592 1986 2701 2041 Nos
2745 1985 2887 2040 enim
2931 1998 3051 2038 cum
3094 1983 3321 2052 primum
3366 1981 3474 2034 nati
3505 1995 3594 2033 su-

2005 2097 2145 2147 mus,
2179 2080 2494 2150 parturienti
2545 2078 2760 2134 dolores
2803 2077 3060 2132 solvimus
3090 2094 3102 2129 :
3134 2075 3262 2129 illud
3293 2082 3472 2127 autem
3521 2072 3595 2128 si-

2006 2172 2114 2227 mul
2161 2171 2361 2226 editum
2405 2169 2655 2224 distrahit
2691 2169 2967 2224 doloribus
2994 2168 3262 2237 parientes
3293 2167 3463 2234 ipsum
3494 2180 3590 2220 co-

2005 2263 2310 2335 gitationes.
2372 2261 2510 2328 Quid
2578 2277 2740 2331 porro
2799 2257 3171 2328 gubernator?
3223 2256 3492 2321 Accessit,
3540 2262 3596 2309 et

2004 2355 2116 2410 ait:
2145 2354 2342 2425 Surge,
2367 2362 2412 2407 et
2450 2353 2623 2405 invoca
2667 2351 2940 2404 Dominum
2985 2348 3150 2401 Deum
3199 2357 3338 2400 tuum
3366 2344 3512 2416 (Jan.
3538 2346 3589 2399 1.

2007 2449 2086 2518 6).
2113 2446 2250 2502 Novi
2279 2445 2491 2500 demum
2521 2446 2630 2514 ipsa
2653 2442 2979 2511 experientia
3008 2441 3270 2495 insuetam
3303 2439 3448 2492 illam
3472 2452 3594 2492 esse

2008 2538 2296 2610 procellam
2323 2579 2338 2603 ,
2381 2547 2541 2605 atque
2569 2536 2704 2589 adeo
2739 2534 2938 2587 illatam
2967 2532 3172 2601 plagam
3222 2529 3451 2596 majores
3489 2526 3594 2580 bu-

2007 2647 2161 2687 mana
2206 2630 2465 2684 industria
2509 2627 2719 2690 ﬂuctus,
2754 2626 2844 2680 ubi
2869 2623 3243 2696 gubernatoris
3275 2634 3463 2675 manus
3488 2635 3593 2674 non

2009 2721 2366 2792 prodessent:
2396 2719 2616 2773 alterius
2652 2715 2796 2771 enim
2841 2713 3062 2783 majoris
3102 2709 3470 2781 gubernatoris
3516 2709 3595 2763 rel

2007 2813 2150 2867 illius
2193 2826 2381 2877 casus,
2435 2809 2578 2864 hunc
2633 2809 2939 2861 universum
2997 2803 3204 2858 scilicet
3248 2799 3594 2871 gubernantis

2007 2903 2262 2959 mundum
2288 2942 2303 2967 ,
2329 2916 2432 2971 0pc
2456 2909 2613 2968 atque
2638 2912 2871 2968 superno
2912 2894 3182 2965 indigebat
3206 2893 3422 2947 auxilio.
3466 2891 3596 2945 Pro-

2010 3005 2190 3066 pterea
2221 3003 2278 3048 et
2317 2993 2392 3048 illi
2421 3007 2595 3047 remos
2642 3001 2696 3046 et
2721 2989 2837 3044 vela
2864 2998 2914 3043 et
2946 2987 3100 3042 funes
3144 2995 3304 3056 atque
3345 2984 3592 3038 universa

2008 3086 2359 3150 dimittentes,
2388 3098 2576 3137 manus
2601 3097 2630 3135 a
2654 3080 3000 3150 remigatione
3025 3077 3291 3132 traductas
3324 3076 3375 3130 in
3405 3075 3593 3130 caelum

2009 3176 2336 3240 tendebant,
2368 3175 2640 3242 Deumque
2685 3172 2927 3226 orabant.
2981 3168 3082 3224 Ubi
3121 3183 3250 3222 vero
3301 3182 3472 3236 neque
3516 3164 3595 3219 sic

2009 3269 2386 3342 profecerunt,
2423 3267 2712 3332 Miserunt,
2757 3264 2954 3334 inquit,
2993 3271 3198 3323 sortes;
3233 3274 3350 3313 sors
3377 3258 3592 3311 domum

2011 3361 2242 3432 prodidit
2269 3358 2507 3414 noxium.
2549 3357 2612 3412 Hi
2633 3371 2761 3410 vero
2803 3368 2976 3424 neque
3000 3352 3078 3405 sic
3106 3349 3426 3418 arripientes
3469 3362 3593 3402 eum

2009 3453 2398 3510 demerserunt,
2426 3449 2520 3503 sed
2549 3455 2694 3501 tanto
2715 3445 2964 3506 tumultu,
2996 3450 3138 3496 tanta
3170 3445 3485 3508 tempestate
3513 3435 3596 3490 in-

2009 3545 2314 3607 cumbente,
2332 3540 2496 3594 veluti
2524 3538 2686 3591 multa
2710 3537 2761 3589 in
2789 3536 2988 3604 quiete.
3012 3533 3090 3586 sic
3109 3529 3366 3599 judicium
3395 3527 3446 3580 in
3473 3526 3594 3580 navi

2011 3643 2336 3698 statuentes,
2365 3638 2423 3684 ut
2468 3645 2562 3698 pro
2609 3642 2668 3682 se
2692 3627 3020 3694 loqueretur,
3045 3636 3209 3691 seque
3250 3619 3592 3684 defenderet,

2010 3727 2057 3783 ei
2078 3725 2450 3797 permiserunt,
2469 3730 2628 3790 atque
2651 3727 2841 3772 cuncta
2870 3713 3051 3770 subtili
3080 3727 3200 3767 eum
3233 3710 3478 3779 indagine
3501 3724 3596 3764 ex-

2011 3818 2310 3890 quirebant,
2340 3813 2502 3869 veluti
2549 3812 2783 3866 rationes
2827 3822 3012 3862 eorum
3033 3848 3048 3872 ,
3081 3821 3198 3874 qua:
3225 3801 3592 3868 decreverint,

2012 3911 2171 3966 alicui
2213 3907 2492 3964 reddituri.
2519 3904 2656 3958 Audi
2700 3903 2858 3972 igitur
2880 3914 2974 3956 eos
3006 3899 3144 3954 sicut
3165 3897 3219 3951 in
3245 3895 3446 3966 judicio
3474 3909 3596 3948 cun-

2012 4011 2095 4058 cta
2126 3999 2512 4070 perquirentes.
2555 3992 2706 4060 Quod
2733 4007 2868 4062 opus
2909 3999 2990 4045 est
3021 3987 3207 4043 tuum?
3243 3987 3382 4041 unde
3411 3985 3596 4040 venis?

2013 4109 2118 4165 quo
2159 4091 2344 4147 vadis?
2363 4105 2466 4159 qua
2497 4088 2564 4143 de
2590 4088 2809 4156 regione
2830 4085 2853 4123 ν
2880 4098 2986 4153 quo
3014 4083 3082 4138 de
3107 4081 3301 4152 populo
3325 4095 3382 4135 es
3406 4079 3502 4134 tu?
3529 4078 3596 4134 Et

2013 4184 2225 4255 quidem
2279 4181 2565 4236 accusabat
2614 4193 2800 4242 mare,
2856 4175 3158 4229 acclamans
3205 4182 3389 4226 contra
3435 4185 3596 4226 :sors

2014 4276 2299 4333 damnabat
2335 4283 2387 4328 et
2415 4270 2779 4328 testimonium
2810 4276 2994 4324 contra
3036 4265 3265 4329 ferebat;
3295 4263 3389 4319 sed
3417 4272 3594 4318 tamen

2015 4369 2188 4441 neque
2236 4368 2368 4423 mari
2397 4375 2582 4419 contra
2611 4363 2945 4418 exclamante
2966 4401 2980 4422 ,
3015 4373 3186 4428 neque
3229 4366 3372 4412 sorte
3409 4372 3474 4410 ex
3503 4354 3596 4410 ad-

2014 4479 2169 4520 verso
2198 4460 2554 4516 testimonium
2600 4456 2891 4518 reddente,
2927 4452 3247 4507 sententiam
3297 4449 3469 4504 adline
3503 4448 3598 4502 da-

2014 4560 2136 4612 bant
2162 4598 2176 4620 ,
2207 4553 2298 4608 sed
2331 4551 2490 4605 veluti
2525 4550 2578 4603 in
2601 4547 2803 4618 judicio
2843 4555 2896 4600 et
2935 4542 3336 4597 accusatoribus
3366 4555 3598 4609 [mesen-

2018 4650 2176 4709 tibus.
2210 4655 2263 4700 et
2287 4643 2512 4697 testibus
2539 4639 2881 4702 instantibus,
2907 4635 3115 4690 indiciis
3137 4643 3294 4702 atque
3315 4645 3597 4700 argumen-

2016 4739 2084 4792 tis
2107 4735 2393 4797 veridicis,
2423 4746 2528 4786 non
2577 4729 2721 4799 prius
2764 4727 2972 4796 judices
3014 4726 3330 4781 sententiam
3384 4720 3594 4785 ferunt,

2016 4843 2170 4900 quam
2194 4822 2524 4880 damnandus
2542 4822 2654 4892 ipse
2673 4817 2900 4888 propria:
2919 4817 2988 4872 sit
3003 4825 3277 4871 accusator
3297 4811 3464 4879 eulpae
3484 4825 3496 4862 :
3522 4809 3600 4864 sic

2018 4932 2071 4978 et
2095 4921 2143 4974 Ιιί
2168 4929 2362 4984 nautae,
2384 4915 2628 4970 homines
2649 4911 2859 4966 barbari
2882 4919 2933 4965 et
2963 4905 3242 4963 insensati.
3267 4919 3408 4966 eum,
3432 4901 3520 4971 qui
3545 4901 3597 4956 in

2013 5011 2229 5080 judiciis
2245 5017 2348 5071 est,
2364 5005 2603 5060 ordinem
2626 5003 2928 5056 imitantur:
2945 5008 2997 5052 et
3015 4996 3063 5050 id
3085 4994 3316 5065 quidem.
3337 5000 3484 5046 tanto
3498 5007 3604 5046 me-

2020 5111 2098 5167 tu,
2122 5109 2200 5154 tot
2215 5097 2492 5158 ﬂuctibus.
2516 5103 2656 5148 tanta
2680 5093 2826 5162 ipsos
2847 5090 3228 5143 circumstante
3256 5083 3486 5152 procella
3509 5123 3524 5145 ,
3549 5091 3602 5137 et

2021 5191 2152 5247 mari
2185 5204 2356 5259 neque
2381 5187 2463 5242 vel
2508 5185 2772 5254 respirare
2810 5179 3151 5251 permittente
3183 5194 3194 5229 :
3229 5184 3428 5228 tantum
3461 5172 3604 5229 fure-

2021 5285 2114 5340 bat
2157 5282 2484 5348 sonabatque
2513 5279 2900 5342 continuosque
2924 5270 3116 5324 ﬂuctus
3145 5266 3425 5321 excitabat.
3454 5264 3604 5320 Unde

2023 5375 2183 5446 igitur
2224 5382 2364 5426 tanta
2393 5370 2496 5424 fuit
2523 5365 2857 5440 providentia
2905 5377 3027 5431 erga
3061 5358 3413 5430 prapltetam?
3436 5359 3473 5411 A
3511 5357 3604 5411 Dei

2022 5463 2439 5536 dispensatione.
2492 5459 2700 5514 Etenim
2748 5456 2848 5509 hoc
2880 5453 2994 5509 ﬁeri
3046 5452 3186 5506 Deus
3230 5447 3600 5520 permittebat,

2026 5555 2337 5628 prophetam
2358 5550 2438 5605 vel
2466 5565 2531 5604 ex
2561 5548 2646 5602 his
2674 5545 2970 5600 admonens
2989 5582 3004 5606 ,
3037 5551 3094 5596 ut
3126 5547 3432 5594 mansuetus
3462 5543 3605 5591 esset
3669 5559 3680 5562 -

2029 5626 2092 5703 ac
2117 5646 2261 5704 mitis
2279 5685 2295 5716 ,
2324 5641 2473 5716 quasi
2495 5639 2560 5696 ad
2587 5654 2708 5698 eum
2748 5636 2988 5695 clamans
3011 5678 3027 5706 ,
3055 5639 3114 5689 et
3140 5631 3324 5688 dicens
3353 5645 3366 5683 :
3395 5626 3606 5682 Imitare
