4036 6206
0 243 99 302 5H

0 364 167 432 ειπερ
190 350 340 412 οὗτοι
396 352 496 427 μὲν
550 354 673 410 ούὸἐ
714 360 843 427 μιᾶς
883 352 1284 426 καταφρονοῦσι
1333 351 1535 423 ψυχῆς,
1563 346 1686 403 οὑδέ

0 448 122 511 ἐιὸς
158 445 440 515 ἀφειδοῦσι
475 443 729 515 σώματος
760 442 854 497 τοῦ
878 441 973 496 σοῦ
991 458 1007 475 ’
1037 440 1103 495 σὺ
1136 440 1193 495 δέ
1219 439 1510 511 ὁλόκληρον
1534 437 1688 490 πόλιν

0 537 281 599 ιοσαύτας
321 535 549 606 ἔχουσαν
578 533 847 604 μυριάδας
871 533 1142 599 ἐξέδωκας
1179 531 1240 585 τό
1275 548 1337 600 γε
1361 530 1452 583 σὸν
1484 528 1648 600 μέρος
1670 541 1685 559 ·

0 623 96 676 καὶ
120 623 283 676 αὐτοὶ
320 620 419 692 μὲν
452 620 546 674 τὸν
583 621 759 674 αῐτιον
790 621 899 675 τῶν
945 618 1329 691 γεγενημένων
1372 616 1558 677 αὐτοῖς
1585 631 1688 668 κα-

0 710 121 765 κῶν
169 710 442 782 εὑρόντες,
463 709 586 763 ούδέ
633 708 810 773 οὕτως
845 707 1090 781 ὁρμῶσιν
1125 707 1219 761 ἐπὶ
1248 705 1352 777 τὴν
1387 702 1688 758 καταδικά-

0 798 214 863 ζουσαν
239 798 419 870 ψῆφον
438 814 455 829 ο
474 800 539 854 σὺ
567 798 625 852 δέ
647 798 800 852 ούδέν
820 797 960 869 ἔχων
981 795 1232 865 ἐγκαλεῖν
1246 796 1361 859 τοῖς
1384 793 1691 854 Νινευῖταις

0 887 313 951 κατέδυσας
341 887 541 951 αὐτοὺς
578 888 671 941 καὶ
701 885 1011 949 ἀπώλεσας.
1042 884 1155 938 Καὶ
1179 885 1243 939 σὺ
1274 884 1394 955 μὲν,
1419 880 1553 952 ἐμοῦ
1598 896 1691 931 κε-

0 974 303 1037 λεύσαντος
342 976 589 1038 ἀπιέναι,
622 975 718 1029 καὶ
752 975 890 1046 πρὸς
935 972 1212 1045 σωτηρίαν
1256 971 1453 1034 αὐτοὺς
1484 971 1688 1023 ἀνακα-

0 1063 221 1116 λεῖσθαι
254 1064 344 1117 διὰ
374 1063 471 1118 τοῦ
501 1062 877 1135 κηρύγματος,
903 1063 1003 1133 οὐχ
1053 1062 1401 1133 ὑπήκουσας·
1435 1050 1582 1112 οὗτοι
1631 1055 1688 1109 δὲ

0 1151 227 1215 οὐδενὸς
259 1150 409 1223 [514]
433 1152 784 1217 ἀκούσαντες,
823 1151 1003 1205 πάντα
1039 1148 1271 1212 ποιοῦσι,
1294 1147 1393 1201 καὶ
1422 1162 1688 1217 πραγμαο

0 1240 286 1303 τεύονται,
320 1239 464 1295 ὥστε
499 1257 558 1294 σε
583 1240 675 1295 τὸν
701 1240 1004 1294 ὑπεύθυνον
1032 1239 1325 1310 γενόμενον
1361 1234 1632 1305 τιμωρίας
1662 1243 1687 1272 ⁸

0 1328 479 1384 ἀνακαλέσασθαι.
496 1332 605 1385 Καὶ
626 1328 735 1400 γὰρ
765 1329 859 1383 καὶ
884 1327 1023 1400 μετά
1041 1327 1141 1399 τὴν
1158 1326 1267 1381 ἀπὸ
1294 1325 1393 1395 τῆς
1422 1322 1689 1391 θαλάττης

2 1418 388 1489 κατηγορίαν,
422 1418 561 1488 μετὰ
589 1418 689 1489 τήν
726 1417 1000 1482 ἀπόδειξιν
1042 1417 1143 1487 τὴν
1185 1415 1272 1469 διὰ
1314 1411 1408 1467 τοῦ
1461 1411 1687 1483 κλήρου,

3 1505 97 1558 ὅτε
114 1506 281 1571 αὐτὸς
303 1506 502 1560 ἐαυτοῦ
518 1508 885 1579 κατηγόρησε,
902 1508 998 1562 καὶ
1016 1508 1115 1581 τὴν
1144 1507 1322 1579 φυγὴν
1349 1504 1687 1575 ὡμολόγησε,

4 1593 131 1647 οῦδὲ
168 1593 347 1657 οὕτως
377 1594 645 1668 ὥρμησαν
678 1597 770 1649 ἐπὶ
806 1597 907 1670 τὴν
940 1596 1218 1651 ἀπώλειαν
1259 1594 1353 1649 τοῦ
1386 1591 1689 1665 προφήτου,

8 1680 149 1735 ἀλλὰ
196 1683 413 1752 ὴνεῖχον
456 1684 549 1737 καὶ
583 1683 863 1749 ἐϐιάζοντο
906 1685 1001 1739 καὶ
1047 1685 1226 1740 πάντα
1263 1683 1499 1745 ἐποίουν,
1548 1679 1689 1733 ὥστε

11 1770 182 1824 αὐτὸν
219 1770 355 1840 μηδὲ
412 1770 552 1842 μετά
598 1773 870 1843 τοσαύτην
902 1771 1175 1837 ἀπόδειξιν
1212 1769 1460 1824 ἐκδοῦναι
1491 1771 1557 1839 τῇ
1590 1766 1689 1836 τῆς

12 1856 292 1928 θαλάττης
328 1860 494 1930 ὁρμῇ.
546 1860 686 1914 Ἀλλ’
716 1862 818 1915 οῦκ
850 1860 1150 1932 ἐπέτρεπεν
1178 1858 1300 1913 οῦδὲ
1328 1856 1501 1920 οὔτως
1525 1857 1559 1926 ἡ
1600 1853 1695 1908 θά-

18 1945 187 1999 λαττα
212 1964 227 1977 ·
270 1947 472 2018 μᾶλλον
521 1948 577 2003 δέ
612 1950 643 2003 ό
688 1948 821 2013 Θεὸς
856 1949 958 2003 οὐκ
1002 1947 1189 2018 ήφίει,
1226 1946 1416 2017 ὥσπερ
1464 1944 1553 1997 διὰ
1584 1942 1694 1997 τῶν

19 2034 253 2101 ναυτῶν,
280 2035 425 2089 οῦτω
451 2036 545 2091 καλ⁸
560 2036 649 2090 διὰ
668 2035 760 2090 τοῦ
789 2037 991 2104 κήτους
1017 2036 1179 2090 αὑτὸν
1208 2033 1542 2104 σωφρονίσαι
1573 2029 1696 2101 βου-

26 2122 265 2189 λόμενος.
309 2124 419 2177 Καὶ
442 2124 551 2196 7&9
587 2124 723 2194 μετὰ
751 2125 813 2180 τὸ
851 2125 1105 2188 ἀκοῦσαι,
1145 2120 1347 2191 Ἄρειτέ
1376 2138 1453 2191 με
1480 2119 1581 2174 καὶ
1604 2120 1697 2188 ἐμ-

31 2208 233 2264 ἔάιιετε
257 2213 349 2277 εις
372 2211 487 2280 τὴν
508 2212 829 2276 θάλατταν,
848 2213 946 2267 καί
968 2211 1226 2267 κοπάσει
1246 2212 1282 2279 ἡ
1308 2209 1573 2264 θάλαττα
1591 2208 1694 2275 ἀφ’

32 2295 209 2365 ὑμῶν,
258 2300 655 2370 παρεϐιάζοντο
700 2303 779 2366 εἰς
820 2299 920 2373 τήν
969 2300 1075 2372 γῆν
1113 2297 1370 2354 ἀπελθεῖν
1399 2337 1414 2361 ,
1442 2294 1580 2352 ἀλλά
1627 2295 1695 2347 τὰ

32 2385 247 2454 κύματα
286 2386 389 2440 οὐκ
417 2386 708 2459 ἐπέτρεπε.

91 2472 152 2525 δ’.
174 2474 252 2526 Σὺ
267 2474 346 2537 δὲ,
365 2474 551 2546 ῶσπερ
575 2471 712 2539 εἶδες
736 2475 827 2530 τὸν
848 2476 1132 2548 προφήτην
1155 2474 1444 2544 φεύγοντα,
1469 2471 1699 2526 ἄκουσον

33 2559 187 2612 αὑτοῦ
233 2561 328 2613 καὶ
375 2560 865 2633 ἐξομολογουμένου
911 2560 1155 2617 κάτωθεν
1199 2561 1307 2616 ἀπὸ
1334 2561 1431 2631 τῆς
1465 2557 1699 2629 γαστρὸς

34 2647 116 2700 ττὶῦ
148 2647 375 2718 θηρίον’
395 2649 573 2702 ἐκεῖνο
604 2650 702 2720 μὲν
732 2650 841 2721 γὰρ
874 2649 1077 2703 ἔπαθεν
1106 2648 1180 2713 ὡς
1216 2648 1522 2718 ἄνθρωπος,
1542 2644 1701 2698 τοῦτο

34 2734 82 2787 δέ
113 2734 190 2798 ὡς
245 2738 532 2806 προφήτης
573 2736 904 2803 ἐπεδείξατο.
956 2737 1208 2792 Δαϐοῦσα
1249 2737 1427 2790 τοίνυν
1474 2734 1638 2789 αὐτόν
1666 2735 1699 2801 ὴ

39 2820 290 2886 θάλαττα,
321 2823 572 2895 καθάπερ
621 2825 680 2876 ἐν
718 2823 1076 2895 δεσμωτηρίῳ
1118 2826 1223 2877 τινὶ
1272 2828 1336 2895 τῇ
1368 2823 1702 2896 γαστρὶ,τοῦ

40 2913 230 2979 κήτους
263 2911 588 2970 ἐναπέθετο,
620 2911 755 2965 σῶον
804 2912 883 2982 τῷ
930 2913 1176 2984 Δεσπότῃ
1223 2912 1566 2981 φυλάττουσα
1612 2912 1703 2964 τὸν

40 2999 276 3067 ςυγάδα·
312 3001 410 3053 καὶ
433 2999 556 3053 οῦτε
602 3001 823 3069 κύματα
867 3002 1033 3071 ἄγρια
1078 3002 1309 3053 λαϐόντα
1359 3001 1661 3067 ἀπέπνιξαν
1689 3041 1704 3064 ,

38 3086 148 3142 οὔτε
171 3090 347 3159 κῆτος
378 3091 635 3159 κυμάτων
666 3089 1004 3161 ἀγριώτερον
1033 3089 1430 3160 ὑποδεξάμενον
1464 3089 1626 3143 αὑτὸν
1649 3091 1706 3141 ἐν

40 3177 209 3248 κοιλία
258 3175 601 3249 διέφθειρεν,
646 3178 782 3231 ἀλλά
828 3177 1050 3231 διέσωσε
1094 3180 1188 3232 καὶ
1227 3178 1365 3249 πρὸς
1403 3179 1505 3247 τὴν
1555 3177 1709 3230 πόλιν

40 3263 356 3333 ἐπανήγαγε
372 3279 386 3291 ’
418 3266 511 3317 καὶ
536 3264 775 3318 θάλαττα
804 3265 897 3318 καὶ
923 3266 1084 3336 κῆτος
1110 3266 1260 3336 παρά
1285 3264 1444 3334 φύσιν
1470 3265 1712 3334 ὑπήκου-

42 3367 152 3415 σαν,
187 3353 282 3405 ῖνα
330 3350 425 3404 διὰ
474 3352 691 3407 πάντων
724 3355 753 3406 ὁ
792 3354 1077 3425 προφήτης
1126 3352 1469 3423 παιδεύηται.
1510 3351 1711 3405 Ἐλθὼν

38 3441 212 3493 τοίνυν
235 3443 321 3504 είς
342 3440 441 3511 τὴν
471 3441 623 3494 πόλιν
655 3442 866 3510 ἀνέγνω
888 3442 987 3514 τὴν
1012 3441 1567 3512 ἀπόφασιν,καθάπερ
1594 3442 1716 3494 ἐπι-

44 3528 229 3596 στολὴν
265 3527 555 3598 βασιλικὴν
613 3528 833 3583 κόλασιν
888 3529 1137 3600 ἔχουσαν,
1183 3529 1277 3583 καὶ
1326 3528 1456 3581 ἐϐόα
1488 3528 1663 3597 λέγων
1695 3544 1710 3560 θ

44 3615 165 3668 Ἔτι
191 3615 361 3684 τρεῖς
384 3614 615 3685 ἡμέραι.
648 3619 747 3670 καί
779 3619 985 3671 Νινευῖ
1024 3617 1606 3687 καταστραφήσεται.

105 3704 396 3755 Ἶικουσαν
427 3702 577 3755 ταῦτ’
606 3705 824 3767 ἐκεῖνοι,
852 3704 912 3757 οὐ
936 3704 1317 3777 διηπίστησαν,
1348 3707 1408 3759 ού
1443 3706 1715 3778 κατεφρό-

42 3804 227 3856 νησαν,
397 3789 596 3855 εύθέως
614 3791 814 3864 δρόμος
834 3794 1086 3848 ἁπάντων
1102 3789 1181 3859 εἷς
1201 3796 1293 3849 ἐπὶ
1316 3794 1414 3866 τὴν
1444 3796 1717 3865 νηστείαν,

43 3877 268 3946 ἀνδρῶν,
300 3878 597 3946 γυναικῶν.
615 3878 838 3945 δούλων,
855 3881 1151 3943 δεσποτῶν.
1172 3884 1468 3956 ἀρχόντων,
1483 3884 1722 3954 ἀρχομέ-

42 3979 166 4026 νων,
181 3964 442 4029 παιδίων,
457 3967 843 4041 πρεσϐυτέρων
858 3987 870 4000 ·
891 3969 998 4024 οὐδ’
1015 3971 1047 4041 ή
1065 3970 1172 4023 τῶν
1196 3970 1405 4038 ἀλόγων
1422 3971 1582 4039 φύσις
1593 3970 1722 4024 ταύ-

42 4067 137 4123 της
155 4053 366 4123 ἀτελὴς
382 4049 448 4126 ἦν
470 4055 567 4125 τῆς
591 4055 929 4125 λειτουργίας
948 4075 962 4087 ⁸
986 4059 1259 4129 πανταχοῦ
1280 4060 1501 4121 σάκκος,
1520 4076 1724 4112 παντα-

42 4140 133 4207 χοῦ
162 4140 392 4203 σποδὸς,
430 4142 700 4213 πανταχοῦ
721 4143 918 4214 θρῆνος
945 4146 1038 4199 καὶ
1062 4147 1277 4217 οἰμωγή
1304 4148 1349 4202 δ.
1373 4148 1481 4199 Καὶ
1508 4147 1614 4218 7&9
1633 4148 1726 4200 καὶ

43 4226 201 4291 αὐτὸς
221 4229 253 4281 ό
285 4229 355 4281 το
382 4228 613 4301 διάδημα
636 4232 1033 4304 περικείμενος,
1047 4234 1258 4288 ἀπὸτοῦ
1281 4235 1469 4306 θρόνου
1488 4234 1728 4299 καταϐὰς

48 4314 132 4368 τοῦ
164 4315 484 4386 βασιλικοῦ,
504 4320 708 4374 σάκκον
729 4321 1138 4393 ύπεστρώσατο,
1152 4324 1345 4378 σποδόν
1361 4324 1725 4389 κατεπάοατο,

48 4402 139 4454 καί
163 4403 318 4458 οὕτω
342 4402 441 4476 τὴν
470 4406 623 4459 πόλιν
645 4406 918 4480 ἐξήρπασε
940 4409 1045 4462 τῶν
1069 4410 1326 4465 κινδύνων
1345 4429 1361 4444 ν
1386 4413 1482 4466 καὶ
1509 4408 1576 4482 ἦν
1602 4412 1730 4466 ἰδεῖν

50 4493 289 4563 πρᾶγμα
320 4493 626 4562 παράδοξον
655 4495 760 4548 ὑπὸ
806 4496 1013 4551 σάκκου
1059 4498 1367 4570 πορφυρίδα
1411 4498 1732 4570 παρευδοκι-

54 4579 346 4649 μηθεῖσαν.
373 4581 547 4654 Ὅπερ
575 4585 682 4654 7&9
710 4585 809 4638 οῦκ
836 4585 1053 4657 ἴσχυσεν
1088 4585 1359 4658 ἁλουργὶς,
1398 4587 1557 4641 τοῦτο
1581 4586 1733 4658 ἰσχυ-

58 4682 138 4717 σεν
173 4669 204 4720 ό
236 4669 453 4732 σάκκος
476 4685 490 4698 ·
509 4672 646 4742 ὅπερ
672 4671 771 4726 οὐκ
793 4673 955 4745 ήνυσε
981 4674 1042 4727 τὸ
1060 4674 1314 4745 διάδημα,
1339 4675 1498 4728 τοῦτο
1519 4675 1733 4746 κατώρ-

58 4749 222 4806 θωσεν
239 4757 275 4825 ή
305 4756 520 4820 σποδός.
548 4758 708 4830 Ὁρᾷς
725 4760 801 4823 ὡς
823 4761 883 4813 οῦ
912 4762 1089 4832 μάτην
1112 4756 1263 4815 εἷπον
1278 4763 1436 4815 ὅτιού
1461 4764 1733 4832 νηστείαν,

58 4839 184 4895 diu
224 4842 418 4914 μέθην
470 4846 561 4898 καὶ
617 4847 926 4917 ἀδηφαγίαν
966 4849 1262 4904 δεδοικέναι
1312 4850 1448 4922 χρή;
1520 4850 1582 4903 Ἦ
1635 4850 1737 4921 μὲν

60 4929 157 5000 γὰρ
188 4931 343 5001 μέθη
383 4933 476 4984 καὶ
495 4933 773 5003 ἀδηφαγία
804 4936 902 5008 τὴν
934 4938 1087 4991 πόλιν
1111 4938 1354 4991 ἑστῶσαν
1374 4938 1737 5003 διέσεισε,καὶ

64 5018 397 5072 καταϐαλεῖν
425 5019 646 5091 ἔμελλεν
667 5040 679 5052 ·
723 5025 754 5095 η
787 5024 845 5079 δὲ
899 5025 1118 5095 νηστεία
1171 5027 1536 5097 σαλευομένην
1571 5026 1740 5098 αὐτὴν

36 5098 144 5193 ςκαὶ
174 5107 497 5176 μέλλουσαν
520 5111 884 5166 καταπίπτειν
914 5113 1128 5185 ἔστησε.
1162 5115 1316 5169 Μετὰ
1358 5114 1562 5186 ταύτης
1587 5115 1681 5169 καὶ
1709 5116 1741 5168 ὁ

36 5188 258 5274 ᾎΔανιὴλ
303 5195 393 5256 εἰς
433 5194 634 5252 λάκκον
666 5198 897 5255 λεόντων
931 5201 1218 5263 εἰσελθὼν,
1251 5201 1504 5274 καθάπερ
1541 5201 1743 5274 προϐά-

38 5266 169 5343 ¹τοις
205 5280 450 5352 ἡμέροις
482 5287 894 5357 συγγενόμενος,
933 5288 1105 5353 οὕτως
1156 5289 1324 5361 ἐξῄει.
1360 5266 1483 5344 Καὶ.
1509 5266 1618 5361 7&9
1651 5290 1744 5343 καὶ

40 5367 139 5440 τῷ
179 5369 355 5442 θυμῷ
387 5370 625 5439 ζέοντες,
655 5375 749 5429 καὶ
783 5376 964 5446 φόνιον
994 5377 1300 5450 βλέποντες,
1326 5378 1426 5450 τῆς
1465 5376 1746 5450 τραπέζης

119 5543 148 5572 ⁸
173 5541 368 5617 ξυνει·
393 5544 644 5617 τιμωρίας,
674 5546 812 5597 Unus
842 5562 936 5603 ms.
975 5550 1101 5617 Reg.
1124 5559 1177 5604 et
1199 5550 1328 5604 Savil
1349 5550 1400 5601 in
1428 5552 1566 5600 textu
1589 5563 1742 5612 τιμω-

44 5598 452 5673 ίνενςίίιψξπεῖ
473 5598 693 5673 «Mi?-

119 5670 148 5708 δ
171 5665 285 5720 Alii
321 5665 824 5734 θρῆνοικαὶοίμωγαί.

1249 233 1338 290 DE
1379 225 1846 313 ΡαίΝιΤΕΝΤΙᾼ.
1886 226 2120 286 ηοιπι.
2164 231 2234 288 v.

3348 226 3455 284 512

1789 347 2179 418 περικειμένης
2203 346 2299 418 οὐχ
2326 346 2581 418 ἥπτοντο,
2608 346 2746 404 ἀλλά
2776 348 2870 404 καὶ
2902 350 3003 423 τῆς
3043 350 3258 420 φύσεως
3288 348 3459 422 αὐτῆς

1787 432 2157 507 διεγειρούσης
2191 434 2364 507 (οὐδὲν
2407 437 2516 510 γὰρ
2561 437 2897 510 ἀγριώτερον
2930 440 3156 493 ἐκείνων
3204 438 3316 491 τῶν
3356 437 3458 510 θη-

1790 521 1944 594 ρίων)
1971 524 2065 579 καὶ
2093 523 2189 578 τοῦ
2218 524 2376 597 λιμοῦ
2401 526 2517 595 (καὶ⁸
2545 525 2654 598 7&9
2695 526 2835 579 ἐπτά
2868 526 3078 597 ἡμέρας
3104 526 3165 579 ού
3199 526 3463 596 μετέσχον

1786 613 2039 683 τροφῆς),
2063 613 2314 686 καθάπερ
2356 614 2550 685 δημίου
2582 616 2727 677 τινὸς
2751 614 2961 667 ἔνδοθεν
2990 614 3299 684 καθημένου
3318 657 3330 674 ,
3366 613 3463 670 καὶ

1785 698 1894 753 τῶν
1920 700 2161 768 λαγόνων
2197 700 2271 772 μὴ
2303 701 2574 756 ἅπτεσθαι
2599 713 2622 741 ε
2659 702 2891 771 βοῶντος
2935 701 3044 755 τῶν
3084 702 3462 772 προφητικῶν,

1788 786 2094 858 ᾐδέσθησαν
2138 788 2236 858 τὴν
2279 790 2505 860 τροφήν.
2539 790 2697 843 Μετὰ
2737 789 2940 857 ταύτης
2982 789 3077 841 καὶ
3111 790 3161 840 οί
3195 789 3384 852 παῖδες
3416 791 3465 843 οἱ

1787 877 1935 944 τρεῖς
1981 874 2130 947 [515]
2171 878 2250 941 είς
2286 876 2385 948 τὴν
2425 876 2771 930 Βαϐυλωνίαν
2821 877 3052 946 κάμινον
3110 875 3464 940 εἰσελθόντες,

1790 963 1884 1015 καὶ⁸
1909 964 2074 1016 πολὺν
2107 978 2297 1036 χρόνον
2341 964 2701 1036 ὁμιλήσαντες
2728 963 2806 1034 τῷ
2854 965 3007 1035 πυρὶ,
3040 963 3206 1017 αὑτοῦ
3237 962 3330 1016 τοῦ
3366 981 3470 1015 πυ-

1793 1049 1885 1121 ρὸς
1927 1050 2282 1124 λαμπρότερα
2325 1052 2541 1123 ἔχοντες
2585 1052 2654 1105 τά
2695 1050 2943 1121 σώματα,
2970 1052 3077 1104 ἀπὸ
3105 1052 3205 1120 τῆς
3234 1052 3467 1119 καμίνου

1791 1137 1912 1190 τότε
1947 1139 2174 1211 ἐξῄεσαν
2205 1156 2220 1171 °
2250 1139 2427 1194 καίτοι
2456 1157 2520 1209 γε
2546 1141 2594 1192 εί
2625 1138 2736 1210 πῦρ
2755 1134 2823 1210 ἦν
2852 1140 3027 1191 ἐκεῖνο
3052 1139 3223 1202 ὅντως
3246 1138 3308 1191 τὸ
3334 1138 3467 1207 πῦρ,

1793 1221 1911 1286 πῶς
1935 1224 2035 1277 οὐκ
2072 1222 2244 1277 ἐποίει
2271 1223 2342 1276 τά
2376 1223 2471 1277 τοῦ
2497 1224 2669 1294 πυρός
2696 1239 2710 1287 ;
2742 1224 2790 1276 εί
2832 1222 3060 1294 σώματα
3089 1220 3156 1294 ἦν
3188 1226 3369 1275 ἐκεῖνα
3399 1222 3470 1275 τά

1794 1308 2043 1382 σώματα,
2070 1311 2186 1375 πῶς
2214 1310 2283 1364 τά
2310 1309 2419 1365 τῶν
2454 1311 2723 1382 σωμάτων
2754 1311 2855 1363 οῦκ
2882 1310 3123 1380 ἔπασχε;
3150 1308 3306 1373 Πῶς;
3336 1308 3471 1378 €915)-

1788 1414 1955 1469 τησον
1986 1397 2085 1469 τὴν
2117 1399 2390 1468 νηστείαν,
2415 1399 2509 1453 καὶ
2550 1398 2927 1469 ἀποκρινεῖταί
2957 1416 3059 1462 σοι,
3080 1398 3175 1452 καὶ
3207 1396 3345 1467 αὑτὴ
3377 1396 3472 1449 λύ-

1793 1501 1875 1537 σει
1904 1502 1998 1539 σου
2037 1486 2099 1539 τὸ
2127 1486 2355 1557 αἴνιγμα
2379 1503 2392 1517 ⁸
2421 1489 2517 1541 κα)⁸
2544 1487 2654 1558 7&9
2680 1483 2748 1557 ἦν
2781 1487 2950 1550 ὅντως
2986 1487 3216 1557 αἴνιγμα
3236 1502 3248 1513 '
3282 1485 3473 1553 σωμά-

1790 1590 1900 1627 των
1928 1573 2038 1645 7&9
2080 1572 2242 1643 φύσις
2286 1574 2522 1645 ἐμάχετο
2563 1574 2726 1643 φύσει
2765 1575 2965 1645 πυρὸς,
2994 1576 3086 1628 καὶ
3133 1576 3167 1645 ἡ
3201 1574 3325 1644 νίκη
3363 1574 3470 1628 τῶν

1796 1661 2064 1732 σωμάτων
2102 1661 2329 1730 ἐγίνετο.
2366 1656 2517 1726 Εἶδες
2550 1662 2851 1732 παράδοξον
2894 1664 3103 1733 μάχην;
3134 1658 3275 1724 εἶδες
3304 1679 3476 1732 παρα-

1790 1749 2076 1820 δοξοτέραν
2133 1748 2231 1819 τὴν
2292 1750 2450 1819 νίκην
2485 1766 2499 1815 ;
2535 1748 2829 1820 Θαύμασον
2886 1749 2983 1819 τήν
3044 1749 3299 1819 νηστείαν
3326 1788 3339 1808 .
3379 1748 3476 1803 καὶ

1793 1841 2013 1904 ὑπτίαις
2033 1839 2285 1906 ὑπόδεξαι
2316 1839 2505 1911 χερσίν
2527 1857 2540 1871 ·
2563 1840 2691 1893 ὅταν
2710 1839 2818 1910 7&9
2839 1838 2933 1891 καὶ
2957 1840 3014 1890 ἐν
3036 1838 3252 1908 καμίνῳ
3282 1838 3474 1909 βοηθῇ,

1793 1928 1889 1982 καὶ⁸
1916 1929 1974 1981 ἐν
1998 1928 2189 1998 λάκκῳ
2220 1926 2449 1980 λεόντων
2476 1927 2743 1999 φυλάττῃ,
2775 1927 2868 1979 καὶ
2884 1925 3146 1995 δαίμονας
3170 1924 3476 1995 ἀπελαύνῃ,

1795 2015 1889 2069 καὶ
1926 2015 2202 2084 ἀπόφασιν
2249 2012 2455 2085 ἀναλύῃ
2500 2013 2656 2072 Θεοῦ.
2695 2014 2788 2066 κα“ι
2830 2012 3021 2065 παθῶν
3068 2011 3267 2084 μανίαν
3312 2028 3481 2066 κατα-

1804 2103 2025 2174 στέλλῃ,
2051 2103 2146 2156 καὶ
2180 2102 2317 2173 πρὸς
2345 2101 2657 2173 ἐλευθερίαν
2685 2102 2835 2171 ἡμᾶς
2860 2100 3128 2172 ἐπανάγῃ.
3155 2100 3248 2152 καὶ
3278 2099 3482 2170 πολλὴν

1797 2193 1855 2244 ἐν
1882 2192 1994 2254 τοῖς
2019 2190 2301 2260 λογισμοῖς
2328 2189 2488 2259 ήμῶν
2534 2189 2889 2260 ποιῆταιοτὴν
2928 2188 3195 2257 γαλήνην,
3231 2187 3348 2251 πῶς
3376 2187 3479 2241 ούκ

1797 2277 2034 2347 ἐσχάτης
2062 2277 2127 2330 ἂν
2148 2276 2236 2346 εἴη
2267 2275 2588 2347 παρανοίας,
2606 2275 2845 2329 τοσαῦτα
2874 2275 3102 2345 ἔχουσαν
3129 2276 3187 2327 ἐν
3215 2278 3335 2337 ταῖς
3359 2292 3481 2346 χερ-

1798 2365 1882 2418 σὶν
1902 2364 2081 2433 ἀγαθά
2104 2363 2325 2433 φεύγειν
2349 2364 2442 2416 καὶ¹
2455 2363 2778 2428 δεδοικέναι;
2817 2363 3117 2434 Ἐπιτρίϐει
3137 2363 3245 2434 7&9
3261 2366 3393 2434 ήμῑν
3416 2363 3480 2416 τὸ

1800 2452 1957 2521 σῶμα
1980 2451 2114 2523 πρὸς
2135 2451 2234 2521 τὴν
2269 2451 2573 2510 ἀσθένειαν,
2592 2450 2824 2521 φησίνά.
2851 2451 2992 2506 Ἀλλ’
3014 2453 3123 2524 ὅσῳ
3152 2454 3179 2505 ό
3199 2452 3301 2517 ἔξω
3320 2453 3352 2523 ή
3360 2452 3479 2522 μῶν

1801 2541 2088 2613 ἄνθρωπος
2125 2539 2423 2612 φθείρεται,
2456 2540 2694 2611 τοσούτῳ
2712 2543 2741 2594 ό
2767 2541 2875 2594 ἐσω
2891 2540 3277 2597 ἀνακαινοῦται
3299 2541 3483 2615 ἡμέρᾳ

1800 2629 1894 2681 καὶ
1923 2628 2105 2700 ἡμέρα
2130 2644 2143 2658 ⁸
2188 2628 2389 2697 μᾶλλον
2415 2628 2495 2693 δὲ,
2536 2630 2585 2681 εί
2631 2628 2951 2699 βουληθείης
3008 2629 3147 2699 μετά
3197 2631 3484 2699 ἀκριϐείας

1800 2716 2054 2782 ἐξετάσαι
2089 2714 2149 2769 τὸ
2172 2715 2536 2787 πρᾶγμα,κα’ί
2561 2715 2774 2782 εὐεξίας
2802 2716 2971 2787 αὐτὴν
2992 2717 3244 2787 εὑρήσεις
3274 2718 3485 2788 μητέρα

1802 2803 2193 2872 τυγχάνουσαν.
2229 2803 2339 2855 Καὶ
2368 2806 2416 2856 εί
2447 2806 2560 2867 τοῖς
2596 2805 2749 2871 ἐμοῖς
2775 2804 3023 2867 ἀπιστεῖς
3061 2805 3259 2872 λόγοις,
3289 2806 3485 2869 παῖδας

1809 2892 2008 2961 ἰατρῶν
2034 2892 2160 2962 περὶ
2191 2891 2396 2944 τούτων
2416 2890 2710 2962 ἐρώτησον,
2731 2891 2825 2944 καὶ
2842 2892 2995 2944 αὐτοὶ
3028 2891 3198 2944 ταῦτα
3217 2891 3484 2961 σαφέστε-

1810 2995 1900 3049 ρον
1935 2977 2175 3048 ἐροῦσιν,
2210 2978 2259 3031 οἳ
2287 2978 2387 3049 τὴν
2422 2978 2521 3049 μὲν
2551 2978 2760 3031 ἔνδειαν
2790 2979 3000 3049 μητέρα
3024 2979 3122 3049 τῆς
3151 2980 3361 3047 ὑγιείας
3388 2997 3487 3033 κα-

1807 3068 1979 3132 λοῦσι,
2002 3069 2102 3132 τὰς
2126 3068 2182 3121 δὲ
2203 3068 2498 3137 ποδαλγίας
2528 3069 2622 3123 καὶ
2644 3067 2991 3139 καρηϐαρίας
3023 3069 3116 3121 καὶ
3144 3068 3486 3140 ἀποπληξίας

1808 3155 1902 3208 καὶ
1937 3156 2106 3226 φθόην
2136 3156 2230 3209 καὶ
2257 3154 2444 3226 ὕδερον
2473 3156 2567 3208 καὶ
2611 3156 2923 3226 φλεγμονὰς
2948 3156 3043 3209 καὶ
3079 3156 3192 3226 οίδή
3203 3173 3366 3225 ματα,
3395 3157 3489 3210 καὶ

1815 3244 2023 3314 μυρίων
2053 3244 2257 3315 ἐτέρων
2288 3244 2612 3313 νοσημάτων
2637 3244 2991 3315 χειμάρρους,
3019 3243 3127 3296 ἀπὸ
3155 3244 3253 3315 τῆς
3278 3247 3491 3314 τρυφῆς

1814 3332 1906 3385 καὶ
1934 3331 2034 3401 τῆς
2065 3331 2371 3403 ἀδηφαγίας
2407 3331 2607 3397 ἐξιέναι
2647 3332 2835 3401 φασὶν,
2871 3331 3062 3403 ὥσπερ
3092 3332 3199 3384 ἀπό
3216 3349 3359 3395 τινος
3393 3350 3491 3385 πο-

1815 3420 2119 3491 νηροτάτης
2150 3420 2333 3491 πηγῆς
2372 3421 2645 3491 πονηροὺς
2681 3419 2913 3489 ῥύακας,
2956 3422 3049 3473 καὶ
3072 3423 3137 3491 τῇ
3172 3420 3264 3473 τοῦ
3307 3420 3495 3492 σώμα-

1815 3524 1907 3569 τος
1937 3504 2142 3577 εὐεξίᾳ,
2192 3508 2286 3563 καὶ
2326 3508 2392 3576 τῇ
2423 3507 2521 3576 τῆς
2564 3506 2743 3576 ψυχῆς
2794 3508 3120 3580 σωφροσύνῃ
3172 3508 3496 3579 λυμαινομέ-

1818 3612 1962 3658 νους.

1892 3759 1951 3804 ε’,
1980 3751 2070 3822 Μὴ
2107 3750 2283 3803 τοίνυν
2312 3749 2602 3819 φοϐώμεθα
2630 3749 2884 3820 νηστείαν
2910 3790 2925 3813 ,
2959 3751 3058 3823 τὴν
3089 3753 3196 3805 τῶν
3226 3752 3497 3810 τοσούτων

1821 3841 1852 3910 ή
1864 3839 1968 3909 μᾶς
1998 3838 2442 3891 ἀπαλλάττουσαν
2474 3838 2677 3892 κακῶν.
2713 3838 2786 3891 Ού
2825 3840 2933 3910 7&9
2970 3841 3153 3905 ἁπλῶς
3188 3844 3311 3912 ύμῖν
3338 3842 3497 3899 τοῦτο

1824 3924 2106 3997 παραινῶε
2166 3925 2279 3978 ἀλλ’
2334 3924 2521 3995 ἐπειδὴ
2580 3925 2805 3990 πολλοὺς
2855 3927 2966 3997 ὁρῶ
3014 3929 3122 3981 τῶν
3168 3929 3495 3997 ἀνθρώπων,

1825 4014 2076 4084 καθάπερ
2108 4013 2275 4083 ἀγρία
2328 4014 2431 4065 τιν)⁵
2482 4015 2701 4081 γυναικὶ
2752 4014 3139 4085 παραδίδοσθαι
3182 4017 3497 4085 μέλλοντας,

1825 4099 2000 4164 οῦτως
2035 4101 2329 4162 ὀκνοῦντας
2355 4101 2448 4154 καὶ
2475 4101 2891 4172 ἀναδυομένους,
2936 4104 3028 4156 καὶ
3059 4104 3198 4177 μέθῃ
3225 4105 3319 4157 καὶ
3370 4106 3500 4178 ἀδηο

1830 4189 2004 4258 φαγίᾳ
2032 4191 2271 4259 τήμερον
2315 4190 2540 4252 ἑαυτοὺς
2572 4189 3011 4261 διαφθείροντας·
3042 4191 3129 4244 διὰ
3165 4191 3322 4245 τοῦτο
3354 4210 3501 4266 παρ-

1828 4277 1962 4332 αινῶ
1994 4277 2133 4330 ὥστε
2181 4277 2254 4348 μὴ
2281 4280 2378 4346 τὴν
2417 4278 2479 4330 ἐκ
2510 4279 2609 4347 τῆς
2654 4278 2909 4348 νηστείας
2940 4279 3207 4351 ἐσομένην
3236 4280 3500 4348 ὠφέλειαν

1832 4365 2145 4434 προανελεῖν
2185 4364 2491 4436 λαιμαργία
2527 4366 2621 4418 καὶ
2656 4365 2815 4436 μέθη.
2847 4366 2956 4419 Καὶ
2995 4367 3103 4438 7&9
3132 4370 3181 4419 οἱ
3224 4369 3502 4423 κακόσιτοι

1832 4453 1941 4506 τῶν
1987 4451 2310 4523 ἀνθρώπων,
2351 4453 2475 4505 ὃταν
2523 4453 2694 4524 πικρά
2729 4453 2961 4520 μέλλωσι
3007 4454 3181 4507 πίνειν
3214 4456 3500 4527 φάρμακα,

1835 4540 1901 4593 ἂν
1947 4540 2148 4610 πολλῆς
2204 4540 2431 4603 ἑαυτοὺς
2481 4540 2799 4612 ὲμπλήσωσι
2850 4542 3084 4612 τροφῆς,
3126 4544 3220 4596 καὶ
3248 4544 3390 4598 οῦτω
3437 4546 3508 4599 τά

1836 4627 2105 4699 φάρμακα
2135 4626 2375 4689 λάϐωσι,
2407 4627 2505 4697 τὴν
2548 4629 2647 4698 μὲν
2691 4629 2914 4700 πικρίαν
2951 4630 3276 4701 ὑπέμειναν,
3309 4632 3410 4701 τῆς
3449 4631 3506 4685 δέ

1835 4714 2099 4784 ὠφελείας
2120 4714 2392 4780 ἐξέπεσον,
2415 4714 2818 4784 δυσκολωτέραν
2835 4716 2909 4787 τῷ
2932 4718 3208 4789 φαρμάκῳ
3229 4718 3509 4783 ποιοῦντες

1837 4805 1934 4876 τὴν
1962 4805 2139 4875 πάλην
2172 4803 2307 4876 πρὸς
2333 4805 2431 4875 τὴν
2472 4804 2580 4858 τῶν
2612 4803 2972 4879 διεφθορότων
2996 4808 3184 4878 χυμῶν
3219 4807 3505 4877 πονηρίαν.

1838 4894 1939 4947 Διά
1960 4891 2118 4946 τοῦτο
2143 4892 2341 4955 αὐτοὺς
2369 4893 2419 4945 οί
2445 4892 2552 4946 τῶν
2578 4893 2780 4964 ἰατρῶν
2805 4894 2990 4957 παῖδες
3015 4895 3091 4966 μὴ
3114 4894 3508 4964 δειπνήσαντας

1840 4982 2120 5038 κελεύουσι
2179 4980 2484 5044 καθεύδειν,
2539 4981 2625 5035 ἴνα
2674 4983 2855 5037 πᾶσαν
2907 4983 3014 5036 τῶν
3064 4983 3370 5053 φαρμάκων
3410 4980 3507 5054 τὴν

1840 5071 2069 5142 δύναμιν
2101 5072 2166 5123 ἐκ
2198 5068 2421 5141 πρώτης
2450 5069 2652 5134 εὐθέως
2697 5073 2810 5133 τοῖς
2854 5072 3148 5132 von-omet;
3175 5068 3284 5121 τῶν
3315 5084 3507 5140 περιτ-

1841 5166 2110 5236 τωμάτων
2142 5163 2468 5235 προσαγάγῃ
2499 5166 2713 5235 χυμοῖς.
2744 5162 2901 5217 Οὕτω
2923 5162 3016 5216 καὶ
3035 5159 3517 5233 ἐπίτῆςνηστείας⁶

1840 5254 1938 5307 ἐάν
1971 5252 2070 5324 μέν
2107 5252 2304 5322 πολλῆς
2340 5252 2529 5305 ἑαυτὸν
2554 5252 2834 5323 ἐμπλήσῃς
2870 5249 2968 5320 τῆς
3019 5248 3190 5320 μέθης
3234 5250 3470 5321 τήμερον
3493 5286 3511 5316 ,

1846 5343 1943 5397 καὶ
1984 5340 2171 5414 αὔριον
2201 5339 2435 5414 ὑποδέξῃ
2481 5341 2539 5395 τὺ
2573 5342 2702 5411 παρ’
2742 5339 2955 5410 ἐκείνης
2999 5338 3312 5407 φάρμακον,
3342 5339 3515 5412 ἀχρη-
3540 5397 3555 5411 ⁸

1909 5607 1935 5665 °_
1958 5603 2039 5653 Qic
2061 5605 2210 5655 Savil.
2240 5612 2290 5654 el
2312 5618 2437 5655 unus
2461 5605 2578 5665 Reg.
2606 5603 2772 5652 Μαι-οι.
2806 5616 2921 5650 vero
2945 5603 3154 5665 λαγύνων
3176 5602 3427 5653 ἅπτεσθαι.

1911 5663 1942 5708 ά
1963 5668 2114 5718 savii.
2137 5675 2190 5718 el
2211 5682 2335 5719 unus
2354 5668 2475 5732 Reg.
2490 5663 2601 5730 ἡμῖν
2622 5668 2708 5723 τήν
2730 5666 2973 5715 ἀσθένειαν
2994 5663 3078 5713 τοῦ
3105 5665 3345 5725 σώματος,
3374 5672 3514 5731 φησίν
