4036 6206
599 209 710 266 M5

597 343 725 383 στον
765 322 896 380 αὐτὸ
945 323 1040 379 καὶ
1088 323 1345 394 ἀνόνητον
1377 324 1660 396 ἐποίησας,
1690 327 1783 380 καὶ
1819 328 1911 382 τὸν
1966 327 2065 398 μὲν
2111 329 2272 383 πόνον

598 417 900 488 ὑπέμεινας
923 455 938 480 ,
972 415 1030 469 τὸ
1063 415 1120 469 δὲ
1159 414 1352 486 κέρδος
1396 415 1495 468 οὑκ
1529 415 1839 487 ἐκαρπώσω
1877 417 1971 470 τοῦ
2017 417 2272 490 πράγμα-

597 523 708 569 τος,
746 503 894 578 [516]
923 505 1002 567 είς
1019 505 1117 575 τὴν
1144 503 1452 574 πρόσφατον
1485 503 1549 556 ὲκ
1578 505 1674 574 τῆς
1709 504 1880 576 μέθης
1914 506 2271 578 ἐγγινομένην

596 595 795 651 κακίαν
843 593 1058 648 ἃπασαν
1101 589 1264 644 αὑτοῦ
1309 590 1796 656 καταδαπανῶντος
1836 592 1935 662 τὴν
1964 609 1984 630 ι
2011 592 2268 664 δύναμιν

597 683 694 736 ἐὰν
720 683 776 736 δὲ
803 681 1000 750 κοῦφον
1031 680 1167 750 αὐτῇ
1197 679 1257 731 τὸ
1285 677 1442 748 σῶμα
1470 680 1899 750 παρασκευάσῃς
1919 680 2015 735 καὶ
2044 681 2269 752 νήφοντι

595 769 839 838 λογισμῷ
861 770 921 822 τὸ
939 767 1227 837 φάρμακον
1246 766 1394 837 δέξῃ,
1413 765 1586 818 πολλά
1605 767 1711 820 τῶν
1740 767 1986 820 παλαιῶν
2015 769 2270 840 ἀμαρτη-

599 857 782 927 μάτων
806 853 1154 924 ἀποκαθάραι
1186 854 1411 923 δυνήσῃ.
1444 853 1536 924 Μὴ
1569 853 1747 906 τοίνυν
1779 854 1868 907 διά
1895 855 2064 926 μέθης
2098 855 2266 926 ίωμεν

595 945 676 1006 είς
725 942 823 1013 τὴν
851 941 1123 1011 νηστείαν,
1163 939 1298 1010 μηδὲ
1344 939 1453 992 ἀπὸ
1483 940 1736 1010 νηστείας
1765 942 1844 1004 είς
1886 941 2056 1012 μέθην
2091 959 2264 994 κατα-

594 1031 845 1101 λύσωμεν
909 1030 1089 1091 πάλιν,
1144 1029 1231 1083 ἵνα
1265 1027 1339 1099 μὴ
1386 1029 1582 1082 ταύτὸν
1621 1029 1874 1099 γένηται,
1928 1027 2048 1084 οἷον
2082 1032 2134 1084 εί
2181 1047 2266 1092 τις

592 1117 964 1190 ἀρρωστοῦντι
1019 1117 1230 1186 σώματι
1285 1117 1381 1170 κα)⁵
1438 1116 1814 1171 διανίστασθαι
1879 1118 2122 1188 μέλλοντι
2167 1119 2264 1185 λὰξ

593 1205 846 1277 ἐμϐαλὼν
882 1205 1234 1275 σφοδρότερον
1271 1203 1567 1258 καταϐάλοι
1615 1204 1799 1259 πάλιν.
1834 1207 1899 1258 Ὃ
1933 1207 2026 1259 καὶ
2055 1207 2147 1259 ἐπὶ
2167 1207 2265 1276 τῆς

592 1294 772 1364 ψυχῆς
798 1294 897 1364 τῆς
931 1293 1205 1364 ἡμετέρας
1230 1292 1457 1362 γίνεται,
1488 1295 1616 1347 ὅταν
1647 1294 1706 1360 ἐξ
1746 1293 2008 1365 ἑκατέρου
2043 1295 2263 1366 μέρους,

593 1381 690 1444 καὶ
716 1382 814 1447 τῆς
848 1381 1021 1452 ἀρχῆς
1053 1381 1146 1434 καὶ
1193 1381 1286 1434 τοῦ
1320 1381 1511 1445 τέλους
1533 1381 1634 1452 τῆς
1655 1381 1932 1452 νηστείας,
1963 1384 2029 1451 τῇ
2069 1365 2265 1453 νεφέλῃ

591 1468 692 1538 τῆς
719 1469 885 1538 μέθης
935 1467 1034 1539 τὴν
1082 1470 1146 1520 ἐκ
1177 1468 1277 1536 τῆς
1323 1469 1537 1532 ἀσιτίας
1585 1468 1887 1540 γενομένην
1928 1469 2061 1538 ἡμῖν
2105 1467 2266 1538 νῆψιν

595 1556 1000 1626 συσκιάσωμεν.
1042 1556 1310 1628 Καθάπερ
1355 1557 1465 1626 γάρ
1495 1556 1543 1608 οί
1574 1555 1783 1626 θηρίοις
1813 1555 2103 1608 πυκτεύειν
2140 1555 2264 1626 μέλ-

593 1641 796 1706 λοντες,
833 1643 1044 1705 πολλοῖς
1072 1642 1258 1706 ὅπλοις
1286 1645 1382 1696 καὶ
1420 1642 1793 1713 ἀσφαλίσμασι
1827 1643 1895 1697 τά
1929 1643 2119 1713 καίρια
2156 1642 2264 1695 τῶν

599 1730 776 1801 μελῶν
829 1733 1297 1802 περιφράξαντες,
1347 1730 1444 1800 τὴν
1482 1731 1620 1802 πρὸς
1671 1733 1854 1785 ἐκεῖνα
1912 1730 2262 1800 ἀναδέχονται

598 1819 806 1889 μάχην·
857 1819 998 1870 οὑτω
1046 1819 1140 1870 καὶ
1167 1817 1260 1871 νῦν
1289 1817 1474 1871 πολλοὶ
1523 1817 1630 1870 τῶν
1682 1817 1983 1888 ἀνθρώπων
2021 1821 2179 1882 εἰσὶν,
2213 1819 2264 1871 οἳ

596 1907 849 1977 καθάπερ
885 1906 1058 1976 θηρίῳ
1101 1909 1164 1977 τῇ
1197 1906 1421 1976 νηστείᾳ
1451 1903 1741 1958 πυκτεύειν
1778 1905 2094 1975 μέλλοντες,
2123 1905 2264 1958 οὑτω

594 1997 661 2065 τῇ
723 1995 1136 2064 γαστριμαργίᾳ
1191 1992 1642 2058 καθοπλίζονται,
1709 1994 1800 2046 καὶ
1871 1993 2262 2065 διαρρήξαντες

595 2082 822 2140 ἑαυτοὺς
871 2085 966 2134 καὶ
1018 2081 1390 2145 σκοτώσαντες
1424 2081 1558 2152 μετά
1603 2081 1803 2152 πολλῆς
1834 2083 1932 2149 τῆς
1973 2099 2263 2153 παραφρο-

596 2169 762 2240 σύνης
803 2171 1149 2240 ὑποδέχονται
1179 2169 1240 2222 τὸ
1260 2170 1508 2239 γαλὴνιον
1533 2171 1627 2222 καὶ
1655 2170 1860 2240 ’ήμερον
1886 2163 1987 2238 τῆς
2013 2171 2263 2240 νηστείας

592 2257 762 2328 ὄμμα.
792 2259 908 2310 Κᾶν
935 2259 1031 2328 μὲν
1071 2259 1330 2327 ἐρωτήσω
1361 2275 1441 2321 σε,
1471 2259 1625 2319 Τίνος
1653 2259 1837 2311 ἕνεκεν
1870 2261 1949 2322 είς
1984 2259 2262 2328 βαλανεῖον

590 2337 806 2417 τρέχεις
832 2347 1104 2416 σήμερον;
1146 2348 1262 2399 Ἵνα
1281 2344 1505 2415 καθαρῷ
1533 2344 1609 2414 τῷ
1641 2344 1852 2414 σώματι
1879 2345 1976 2416 τὴν
2007 2346 2262 2416 νηστείαν

659 2451 685 2478 ⁸
713 2448 828 2497 Ilmc
853 2455 928 2498 est
955 2449 1123 2498 Savilii
1148 2450 1314 2505 lectio.
1341 2464 1434 2509 qua
1466 2449 1688 2505 admissa,
1716 2451 2054 2510 gravissimum
2079 2451 2260 2501 edilio-

590 2511 669 2558 nis
693 2511 1028 2574 Begedicpinm
1053 2512 1280 2574 mendum
1309 2510 1448 2574 nubis
1467 2510 1740 2574 correxisse
1766 2510 2007 2574 yidemur.
2034 2511 2259 2574 Legeba-

593 2578 674 2619 ων
692 2572 882 2618 enim...
906 2573 1095 2618 ἅπασαν
1115 2573 1284 2626 αὐτοὺς
1304 2573 1721 2629 καταδαπανήσας,
1749 2572 2014 2621 deficiente
2034 2572 2258 2623 aul'sane

595 2633 760 2682 Graec
785 2633 978 2680 doctum
1005 2633 1225 2694 fugiente
1249 2646 1417 2681 sensu.
1445 2633 1579 2682 Εωτ.

1380 208 1438 265 3.
1479 207 1764 267 JOANNIS
1799 208 2290 268 CHRYSOSTOMI
2327 207 2648 266 ARCHIEP.
2683 207 3247 268 CONSTANTINOP.

3919 179 4036 273 ιη’

2375 324 2722 395 ὑποδέξωμαι
2740 367 2754 390 ,
2797 327 2988 397 φήσεις
3007 343 3020 357 ·
3056 326 3124 380 ἀν
3153 325 3212 379 δὲ
3241 325 3523 399 ἐρωτήσω,
3560 327 3722 393 Τίνος
3739 327 3906 384 ἕνεκεν
3927 350 4014 398 μιν

2376 414 2556 480 θύεις;
2603 414 2821 484 Ἐπειδὴ
2846 416 2922 476 εἰς
2947 414 3202 485 νηστείαν
3230 413 3411 483 μέλλω
3433 415 3677 477 εἰσιέναι,
3697 416 3855 472 πάλιν
3875 420 4016 490 ίρεις.

2373 503 2483 554 Καὶ
2509 501 2626 564 πῶς
2661 502 2760 554 οὑκ
2793 500 2991 554 ἄτοπόν
3019 503 3172 567 ἐστι,
3209 500 3423 570 σώματι
3463 503 3561 572 μὲν
3606 505 3849 574 καθαρῷ,
3890 507 4018 580 ψυχῇ

2371 587 2428 640 δὲ
2455 587 2751 658 ἀκαθάρτῳ
2780 589 2871 640 καὶ
2901 587 3174 661 μεθυούσῃ
3199 629 3212 652 ,
3255 587 3353 658 τὴν
3380 589 3673 660 καλλίστην
3697 594 3887 664 ταύτην
3911 599 3956 649 te
4001 628 4020 637 -

2370 676 2470 748 τὴν
2500 677 2527 715 ι)
2562 675 2959 746 ὑποδέχεσθαι;
3007 677 3164 746 Ἐνῆν
3212 676 3311 746 μὲν
3344 672 3437 730 οὖν
3471 680 3566 732 καὶ
3595 680 3821 734 πλείονα
3847 685 4020 739 τούτων

2371 765 2565 828 εἰπεῖν,
2610 763 2749 817 ἀλλά
2789 765 2903 827 τοῖς
2951 764 3291 834 σωφρονοῦσι
3335 766 3632 820 καὶταῦτα
3699 770 3858 839 ἀρκεῖ
3898 773 4018 845 πρὸς

2369 851 2678 923 διόρθωσιν.
2722 852 2923 922 Διόπερ
2953 853 3168 924 ἀνάγκη
3204 853 3560 909 καταπαῦσαι
3588 857 3684 911 τὸν
3737 857 3904 926 λόγον’
3931 864 4008 916 καὶ

2370 938 2480 1008 γὰρ
2513 937 2613 1008 τῆς
2658 938 2754 990 τοῦ
2795 938 3002 1009 πατρὸς
3039 939 3223 1010 φωνῆς
3271 940 3526 1012 ἐπιθυμῶ
3568 942 3824 1000 ἀκοῦσαι.
3860 948 4001 1016 Ἡμεῖς

2371 1025 2468 1094 μὲν
2499 1025 2608 1096 γάρ
2631 1065 2646 1089 ,
2678 1025 2820 1078 κατά
2864 1026 2935 1078 τά
2963 1027 3153 1090 παιδία
3181 1026 3250 1080 τά
3282 1029 3574 1097 ποιμενικά
3594 1070 3610 1094 ,
3643 1031 3830 1102 λεπτῷ
3851 1034 3992 1103 τῷτε-

2367 1111 2525 1182 λάμῳ
2561 1112 2878 1183 συρίζομεν,
2927 1115 3117 1185 ὥσπερ
3160 1115 3264 1168 ὑπό
3309 1132 3432 1168 τινα
3464 1116 3595 1188 δρῦν
3627 1118 3664 1188 ἢ
3705 1119 3921 1190 λεύκην,
3949 1128 3990 1194 τῇ

2369 1205 2499 1274 σκιᾷ
2527 1203 2635 1257 τῶν
2684 1203 2847 1276 ἱερῶν
2894 1215 2916 1243 ο
2961 1204 3168 1258 τούτων
3213 1206 3543 1278 καθήμενοι·
3591 1205 3762 1274 οὗτος
3809 1211 3862 1265 δὲ
3903 1217 3998 1267 uﬁ‘:

2371 1292 2632 1362 μουσικός
2667 1308 2750 1354 τις
2778 1291 2998 1362 ἀριστος
3034 1293 3241 1363 χρυσῆν
3272 1294 3658 1366 ἁρμοσάμενος
3694 1298 3998 1370 κιθάραν,τῇ

2369 1379 2659 1449 συμφωνίᾳ
2679 1379 2786 1433 τῶν
2809 1380 3170 1452 κρουσμάτων
3187 1382 3478 1456 ὁλόκληρον
3501 1386 3770 1456 ἀνίστησι
3791 1388 3999 1459 θέατρα·

2365 1465 2510 1519 οὑτω
2557 1465 2621 1537 δὴ
2666 1467 2762 1520 καὶ⁵
2810 1463 2986 1532 οὗτος,
3016 1468 3076 1520 οὐ
3126 1471 3412 1541 συμφωνίᾳ
3461 1464 3862 1543 κρουσμάτων,

2370 1555 2660 1626 συμφωνίᾳ
2713 1555 2886 1624 λόγων
2930 1556 3026 1609 καὶ
3061 1556 3324 1628 ,πράξεων
3380 1559 3584 1630 πολλὴν
3630 1564 3780 1632 ἡμῖν
3820 1566 4004 1634 ἐντίθηςι

2367 1639 2465 1711 τὴν
2495 1640 2787 1709 ὠφέλειαν.
2819 1643 3107 1706 Τοιούτους
3139 1645 3230 1698 καὶ
3264 1647 3292 1698 6
3331 1646 3568 1716 Χριστὸς
3594 1648 3766 1719 ζητεῖ
3809 1650 4005 1704 διδασκά-

2365 1727 2522 1792 λους·
2592 1729 2653 1782 Ὀ
2711 1729 2819 1800 γὰρ
2867 1730 3146 1797 ποιήσας,
3186 1733 3339 1803 φησὶ,
3377 1734 3475 1786 καί
3533 1735 3820 1802 διδάξας,
3873 1735 4003 1804 (ὦτος

2360 1815 2549 1884 μέγας
2602 1816 2972 1885 κληθήσεται
3025 1819 3094 1872 ἐν
3131 1819 3203 1886 τῇ
3247 1819 3536 1888 βασιλείᾳ
3589 1822 3720 1875 τῶν
3764 1826 4002 1892 οἰφιινιῖι.

2367 1900 2618 1966 Τοιοῦτος
2653 1896 2812 1967 οὗτός
2843 1905 2986 1957 ἐστι·
3019 1903 3100 1958 διὸ
3123 1906 3216 1958 καὶ
3248 1906 3418 1975 μέγας
3449 1909 3507 1960 ἐν
3541 1913 3607 1979 τῇ
3653 1910 3901 1982 βασιλείᾳ
3932 1913 4010 1964 :é-a

2365 1989 2608 2060 οὐρανῶν
2634 1993 2770 2047 ἐστι.
2813 1992 3028 2046 Γένοιτο
3071 1992 3127 2046 δὲ
3167 1995 3314 2064 ἡμᾶς
3367 1997 3554 2066 εὐχαῖς
3601 2000 3782 2053 αὑτοῦ
3817 2002 3898 2053 καὶ
3931 2002 4010 2054 τὶςν

2368 2077 2691 2149 συνέδρωνά
2727 2079 3001 2145 ἁπάντων,
3026 2079 3317 2150 δυνηθῆναι
3359 2083 3780 2155 καταξιωθῆναι
3822 2087 3909 2156 τῆς
3945 2088 4018 2156 βε·

2367 2163 2572 2226 σιλείας
2603 2165 2710 2219 τῶν
2740 2164 2986 2238 οὐρανῶν
3005 2207 3019 2232 ,
3048 2167 3229 2236 χάριτι
3265 2169 3356 2221 καὶ
3393 2169 3794 2245 φιλανθρωπίᾳ
3819 2175 3899 2228 τοῦ
3926 2176 4019 2227 Κυ-

2368 2251 2482 2321 ρίου
2513 2254 2543 2322 ἡ
2556 2252 2670 2320 μῶν
2723 2253 2896 2323 Ἰησοῦ
2942 2252 3179 2324 Χριστοῦ
3204 2293 3218 2318 ,
3251 2256 3366 2324 μεθ’
3401 2250 3462 2310 οὐ
3502 2259 3581 2329 τῷ
3611 2261 3800 2330 Πατρὶ
3832 2260 4021 2331 ήδόξα,

2367 2336 2482 2405 ἆμα
2504 2338 2580 2407 τῷ
2604 2339 2741 2409 ἁγίῳ
2766 2339 3061 2409 ΙΙνεύματι,
3089 2339 3183 2393 νῦν
3208 2342 3300 2394 καὶ
3319 2343 3428 2409 ἀεὶ,
3455 2347 3552 2399 καὶ
3582 2349 3666 2411 εἰς
3693 2352 3822 2412 τοὺς
3848 2349 4036 2411 αἰῶνας,

2365 2421 2473 2474 τῶν
2503 2424 2735 2479 αἰώνων.
2783 2428 2839 2478 Ἀ
2849 2428 2978 2496 μήν.

2426 2509 2455 2584 ξ
2485 2511 2667 2584 ἒιοιςςξι.
2693 2513 2880 2584 ἀρετήν,
2903 2516 3060 2584 _Sa\‘i|._
3091 2523 3142 2584 cit
3168 2531 3292 2584 upus
3311 2518 3437 2580 Reg.
3466 2523 3657 2584 ἑορτήν.

2431 2575 2453 2641 ξ
2474 2574 2694 2641 ξενιιιυε
2720 2574 2812 2641 inqu
2840 2577 3096 2625 Ιιαιιοιτῶν
3119 2581 3276 2641 ἱερῶν.

2424 2632 2448 2670 ἀ
2472 2634 2620 2683 SaVil.
2647 2637 2902 2699 προέδρων.

709 2741 2889 2770 .___————_——————__———____

1673 2830 1913 2882 OMIMA
1949 2831 2287 2886 ΛΕΧΘΕΙΣΑ
2320 2835 2478 2887 ΠΕΡΙ
2511 2837 2852 2890 ΝΠΣΤΕΙΑΣ

1537 2917 1609 2987 τῇ
1635 2919 1778 2988 ἕκτῃ
1810 2921 2086 2992 ἐϐδομὰδι
2116 2923 2224 2991 τῆς
2245 2926 2418 2994 ἁγίας
2463 2929 2958 2998 τεσσαρακοστῆς
2973 2939 3014 2984 ⁸.

1253 3081 1489 3150 Ὀμιλιά
1524 3088 1597 3146 ς’.

661 3181 732 3230 α’.
779 3173 868 3238 Ὠς
881 3170 1089 3244 τερπνά
1108 3171 1207 3242 τῆς
1227 3171 1602 3239 πνευματικῆς
1621 3170 1824 3242 ταύτης
1838 3171 1971 3242 ἡμῖν
1989 3171 2261 3243 θαλάσσης

589 3261 658 3316 τὰ
681 3261 930 3332 κύματα,
967 3259 1062 3313 καὶ
1100 3257 1280 3312 αὐτῶν
1303 3257 1412 3311 τῶν
1441 3259 1496 3310 έν
1525 3258 1602 3328 τῷ
1636 3258 1864 3326 πελάγει
1898 3259 2256 3332 τερπνότερα.

601 3350 816 3404 Ἐκεῖνα
847 3349 943 3420 μὲν
979 3347 1086 3419 γάρ
1114 3347 1334 3417 ἀνέμων
1375 3345 1603 3412 ἀταξία,
1631 3346 1803 3400 ταῦτα
1838 3347 1896 3399 δὲ
1941 3348 2259 3418 ἀκροάσεως

589 3438 852 3507 ἐπιθυμία
894 3435 1224 3505 διανίστησιν
1273 3434 1500 3486 κάκεῖνα
1553 3434 1650 3503 μὲν
1683 3431 1834 3506 [517]
1869 3435 2259 3506 κορυφούμενα

587 3526 789 3597 πολλὴν
834 3523 913 3594 τῷ
959 3523 1268 3593 κυϐερνήτῃ
1291 3523 1392 3592 τὴν
1429 3521 1665 3590 ἀγωνίαν
1697 3522 1960 3594 παρέχει,
1991 3522 2164 3575 ταῦτα
2201 3523 2259 3576 δὲ

587 3613 890 3686 φαινόμενα
923 3610 1122 3681 πολλὴν
1154 3608 1232 3680 τῷ
1263 3609 1476 3678 λέγοντι
1506 3610 1604 3680 τὴν
1636 3611 1952 3681 παρρησίαν
1993 3610 2254 3681 ἐντίθησι.

587 3701 671 3756 Τά
714 3701 812 3771 μὲν
863 3699 972 3770 γάρ
1020 3700 1136 3752 ἐστι
1183 3697 1588 3769 χειμαζομένης
1633 3696 1909 3768 θαλάσσης
1943 3701 2256 3770 τεκμήρια,

587 3789 759 3844 ταῦτα
801 3787 856 3840 δὲ
891 3786 1072 3857 ψυχῆς
1120 3785 1556 3856 εὐφραινομένης
1605 3789 1842 3856 σημεῖα·
1895 3787 2122 3840 κάκεῖνα
2161 3789 2258 3856 μὲν

585 3879 708 3939 ταῖς
737 3875 962 3945 πέτραις
988 3874 1476 3944 προσαραττόμενα
1511 3873 1722 3943 ἄσημον
1751 3874 1841 3927 τὸν
1871 3869 2004 3944 ἦχον
2039 3875 2252 3944 ἀφίησι,

587 3963 760 4017 ταῦτα
821 3961 878 4014 δὲ
923 3960 1000 4030 τῷ
1047 3959 1188 4029 λόγῳ
1234 3960 1334 4028 τῆς
1391 3958 1740 4023 διδασκαλίας
1794 3962 2256 4032 προσρηγνύμενα

587 4049 835 4122 προσηνῆ
865 4049 963 4119 τὴν
996 4047 1178 4118 φωνὴν
1213 4047 1455 4116 ἀφίησιν.
1495 4046 1653 4099 Οὑτω
1683 4049 1778 4101 καὶ⁵
1813 4046 2050 4120 ζεφύρου
2096 4052 2255 4103 πνοαὶ

585 4139 714 4195 ὅταν
749 4135 1062 4207 ἐμπέσωσιν
1108 4135 1187 4196 είς
1218 4131 1376 4202 λήῖα,
1414 4132 1507 4183 καὶ
1545 4132 1646 4196 τὰς
1675 4135 1916 4202 κεφαλὰς
1950 4135 2057 4188 τῶν
2089 4137 2254 4188 ἀστα-

587 4226 731 4297 χύων
762 4223 1077 4278 ἐπικλίνωσι
1111 4223 1206 4273 καὶ
1233 4220 1617 4286 διανιστῶσιι),
1662 4222 1732 4274 τὰ
1774 4223 1993 4292 κύματα
2027 4226 2123 4295 τῆς
2156 4224 2254 4277 θα..

586 4315 792 4384 λάσσης
818 4312 910 4364 ἐπὶ
927 4310 1025 4381 τῆς
1041 4309 1237 4379 Χέρσου
1258 4306 1569 4377 μιμοῦνται.
1608 4308 1767 4361 Ἀλλά
1789 4311 1882 4363 καὶ
1907 4311 2129 4364 ἐκείνων
2147 4311 2252 4364 τῶν

589 4403 756 4472 ληῖων
786 4399 957 4453 ταῦτα
995 4397 1333 4466 τερπνότερα
1353 4413 1366 4426 ·
1395 4395 1455 4447 οὐ
1497 4396 1603 4466 γὰρ
1641 4395 1877 4467 ζεφύρου
1908 4400 2088 4462 πνοαὶ,
2121 4399 2255 4451 ἀλλά

590 4489 904 4560 Ῑινεύματος
947 4486 1104 4556 χάρις
1134 4484 1231 4546 τάς
1271 4483 1542 4554 ὑμετέρας
1587 4483 1909 4555 διανέστησε
1946 4486 2125 4557 ψυχάς
2161 4491 2254 4542 καὶ

587 4578 876 4650 ἐθέρμανε,
907 4575 1002 4628 καὶ
1029 4574 1089 4626 τὸ
1119 4573 1230 4645 πῦρ
1262 4575 1456 4638 ἐκεῖνο,
1489 4572 1518 4624 ὃ
1550 4572 1714 4625 πάλαι
1740 4575 1768 4626 6
1789 4575 2022 4644 Χριστὸς
2048 4575 2254 4644 ἔλεγεν,

586 4668 668 4721 ὅτι
699 4667 822 4734 Πῦρ
855 4665 1049 4733 ἦλθον
1071 4661 1292 4727 ,ϐαλεῖν
1319 4663 1406 4726 είς
1432 4660 1547 4729 τὴν
1585 4659 1719 4730 γῆν,
1761 4661 1859 4715 καὶ
1889 4663 1946 4715 τί
1975 4662 2128 4717 θέλω
2147 4705 2162 4728 ,
2203 4667 2256 4717 εὶ

586 4754 706 4825 ἤδη
733 4753 971 4821 ἀνήφθη
992 4768 1009 4815 ;
1030 4751 1187 4803 τοῦτο
1211 4749 1322 4820 ὁρῶ
1345 4748 1824 4818 καταϐεϐλημένον
1853 4750 1947 4802 καὶ
1966 4750 2253 4820 καιόμενον

587 4846 647 4897 ἐν
679 4845 798 4904 ταῖς
849 4841 1144 4910 ὑμετέραις
1193 4838 1419 4908 ψυχαῖς.
1472 4837 1626 4890 Ἐπεὶ
1670 4832 1762 4892 οὗν
1807 4837 2073 4902 τοσαύτας
2121 4841 2254 4908 ἡμῖν

587 4927 874 4998 λαμπάδας
912 4927 941 4977 6
984 4923 1078 4976 τοῦ
1121 4925 1358 4993 Χριστοῦ
1399 4924 1562 4992 φόϐος
1603 4923 1808 4996 ἀνῆψε,
1843 4925 1977 4995 φέρε
2005 4925 2254 4981 ἐντεῦθεν

589 5013 651 5067 τδ
687 5013 786 5082 τῆς
831 5011 1176 5074 διδασκαλίας
1206 5010 1380 5063 ἔλαιον
1409 5010 1793 5082 ἐπιστάξωμεν
1815 5051 1830 5076 ,
1859 5011 1999 5066 ὥστε
2032 5013 2253 5084 διαρκέ-

589 5111 820 5172 στερονο
855 5101 986 5172 ἡμῖν
1015 5098 1268 5167 γενέσθαι
1300 5098 1361 5152 τὸ
1401 5098 1536 5166 φῶς.

667 5189 725 5244 '0
762 5189 871 5261 γὰρ
914 5190 1105 5260 καιρὸς
1149 5188 1244 5257 τῆς
1301 5187 1553 5256 νηστείας
1589 5187 1720 5256 ἡμῖν
1773 5188 1959 5241 λοιπὸν
1994 5190 2132 5260 πρὸς
2193 5189 2255 5244 τὸ

585 5277 739 5342 τέλος
786 5279 1094 5347 ἐπείγεταιο
1141 5277 1222 5338 είς
1261 5275 1368 5344 γὰρ
1402 5273 1471 5325 τά
1521 5273 1661 5344 μέσα
1697 5275 1804 5328 τῶν
1845 5275 2072 5329 σταδίων
2120 5277 2255 5346 φθά-

513 5399 516 5404 -
585 5381 780 5428 σαντες
808 5366 944 5439 πρὸς
973 5365 1033 5418 τὸ
1061 5364 1211 5427 τέλος
1237 5363 1424 5416 λοιπὸν
1451 5363 1871 5434 ἀπηντήκαμεν.
1904 5365 2114 5438 ’Ὠσπερ
2142 5367 2252 5439 γάρ

584 5453 614 5506 6
646 5452 944 5523 ἀρχόμενος
974 5452 1276 5524 ἐμέσασεν,
1301 5449 1475 5513 οὕτως
1509 5452 1538 5504 6
1577 5451 1714 5522 πρὸς
1761 5451 1925 5522 μέσον
1955 5451 2125 5507 ἐλθὼν
2157 5455 2252 5508 τοῦ

583 5541 773 5604 τέλους
804 5540 1149 5611 ἐπείληπται.
1209 5539 1266 5593 '0
1313 5539 1410 5610 μὲν
1453 5534 1547 5591 οὖν
1594 5538 1787 5610 καιρὸς
1829 5537 1964 5610 πρὸς
2007 5539 2069 5593 τὸ
2098 5541 2254 5607 τέλος

645 5658 678 5688 ⁸
709 5657 792 5707 Sic
811 5655 986 5720 titulus
1016 5662 1080 5720 710A
1113 5669 1205 5720 mg.
1231 5653 1480 5704 Ottoboni.
1503 5653 1632 5720 Edit.
1657 5673 1678 5720 :_
1705 5653 1857 5715 Λόγος
1869 5656 1978 5720 περὶ
2012 5658 2242 5717 νηστείας.

580 5716 781 5771 Farocc.
809 5721 872 5775 εἰς
903 5719 988 5774 τὴν
1005 5718 1140 5778 ἁγίαν
1161 5717 1563 5778 Τεσσαρακοστήν
1581 5717 1686 5780 περὶ
1717 5716 1951 5774 νηστείαςζ

645 5782 673 5822 ι’
693 5781 859 5830 Ollob.
883 5780 1255 5835 διαναστήσωσι.

649 5846 672 5874 ε
693 5843 772 5891 εἰν
800 5840 1029 5892 Ottobon.
1053 5847 1104 5889 el
1124 5839 1320 5888 Barocc.
1338 5840 1490 5886 recte.
1517 5836 1689 5889 Morel.
1721 5851 1838 5892 vero
1861 5842 2043 5908 διαρκδς
2063 5843 2239 5914 ἕτερον.

1222 6065 1252 6087 ι

2284 3026 2347 3046 P

2366 3090 2674 3158 ἐπείγεται,
2725 3095 2821 3147 καὶ
2868 3095 3004 3166 πρὸς
3059 3096 3148 3149 τὸν
3217 3096 3410 3168 λιμένα
3469 3100 3666 3169 βλέπει
3728 3105 3789 3158 τὸ
3841 3107 4033 3175 σκάφος

2363 3176 2578 3241 λοιπὸν,
2613 3180 2748 3234 άλλά
2775 3182 2834 3234 τὸ
2865 3182 3197 3253 ζητούμενον
3224 3187 3285 3238 οὑ
3318 3189 3456 3258 πρὸς
3487 3190 3582 3242 τὸν
3612 3191 3820 3263 λιμένα
3845 3195 4026 3258 ἐλθεῖν,

2363 3265 2497 3318 ἀλλά
2522 3267 2595 3336 μὴ
2619 3269 2775 3322 κενὸν
2799 3270 2899 3338 τῆς
2921 3271 3192 3341 ἐμπορίας
3211 3273 3435 3328 ἑλκύσαι
3453 3276 3514 3329 τὸ
3541 3280 3763 3348 σκάφος
3777 3281 3824 3334 ἀ.
3843 3284 4028 3352 Δέομαι

2364 3355 2581 3408 πάντων
2604 3357 2758 3425 ὑμῶν
2780 3359 2872 3410 καὶ
2908 3359 3201 3423 ἀντιϐολῶ,
3227 3363 3306 3424 εἰς
3330 3363 3390 3415 τὸ
3419 3366 3664 3432 συνειδὸς
3691 3369 3912 3433 ἕκαστος
3933 3372 4025 3423 αύ-

2361 3440 2455 3494 τοῦ
2488 3443 2892 3511 ἀναλογιζέσθω
2938 3447 3037 3516 τὴν
3069 3449 3176 3501 ἀπὸ
3207 3449 3304 3521 τῆς
3347 3453 3601 3521 νηστείας
3635 3460 4025 3529 πραγματείαν,

2363 3529 2465 3582 κᾶν
2504 3531 2602 3600 μὲν
2631 3532 2765 3604 εὕρῃ
2791 3534 2982 3606 κέρδος
3002 3535 3134 3588 πολὺ
3176 3539 3567 3610 γεγενημένον,
3593 3547 3936 3614 προστιθέτω
3963 3549 4016 3616 τί

2361 3623 2735 3693 πραγματείᾳ·
2789 3623 2855 3677 ἂν
2902 3623 2956 3676 δὲ
2993 3625 3159 3696 μηδὲν
3254 3629 3674 3700 συνειλεγμένον
3695 3675 3713 3698 ,
3755 3636 3834 3705 τῷ
3864 3637 4018 3690 λειπο-

2365 3707 2507 3793 μένῳ
2553 3707 2646 3762 τοῦ
2683 3710 2876 3780 χρόνου
2923 3713 3213 3783 κεχρήσθω
3258 3715 3392 3785 πρὸς
3423 3717 3522 3788 τὴν
3558 3720 3866 3793 ἐμπορίαν.
3902 3725 4022 3786 Ἕως

2359 3792 2589 3881 ἕστηκεν
2625 3797 2657 3866 η
2703 3798 3044 3870 πανήγυρις,
3074 3799 3216 3869 μέγα
3255 3792 3823 3877 πραγματευσάμενοι
3860 3811 4022 3881 κέρδος

2359 3880 2832 3969 ἀναχωρήσωμεν,
2865 3886 2953 3938 ἵνα
2983 3886 3058 3957 μὴ
3088 3891 3273 3952 κεναῖς
3301 3890 3810 3964 ἀναχωρήσωμενε
3838 3880 4022 3969 χερσὶν,

2359 3967 2445 4020 ἵνα
2477 3969 2550 4038 μὴ
2597 3971 2756 4023 πόνον
2793 3972 3189 4042 ὑπομείναντες
3227 3978 3501 4044 νηστείας,
3557 3983 3762 4050 μισθὸν
3798 3967 4022 4053 νηστείας

2358 4055 2730 4128 ἀπολέσωμεν.
2767 4060 2925 4112 Ἐστι
2969 4060 3078 4132 γὰρ
3109 4063 3204 4115 καὶ
3235 4065 3395 4118 πόνον
3427 4066 3732 4137 ὑπομεῖναι
3769 4074 4020 4142 νηστείας,

2357 4144 2450 4196 καὶ
2481 4146 2672 4214 μισθὸν
2696 4147 2949 4217 νηστείας
2981 4149 3054 4219 μὴ
3083 4149 3267 4203 λαϐεῖν
3293 4168 3306 4182 ·
3341 4150 3490 4217 πῶς;
3523 4155 3704 4209 Ὅταν
3736 4159 4020 4229 βρωμάτων

2361 4230 2458 4300 μὲν
2508 4231 2882 4303 ἀπεχώμεθα,
2943 4237 3360 4308 ἁμαρτημάτων
3411 4241 3469 4294 δὲ
3522 4244 3597 4314 μὴ
3661 4246 4020 4317 ἀπεχώμεθα·

2357 4319 2485 4370 ὅταν
2539 4321 2679 4389 κρέα
2722 4321 2822 4390 μὲν
2866 4323 3273 4395 μὴ’ἐσθίωμεν,
3303 4328 3689 4400 κατεσθίωμεν
3724 4333 3786 4385 δὲ
3814 4336 3911 4396 τὰς
3933 4333 4018 4386 τὰ

2358 4408 2603 4478 πενήτων
2626 4407 2805 4471 οίκίας
2822 4424 2838 4440 ·
2869 4409 2998 4463 ὅταν
3023 4409 3152 4482 οῐνῳ
3177 4413 3276 4482 μὲν
3302 4414 3376 4485 μὴ
3397 4415 3720 4485 μεθύωμεν,
3755 4421 4018 4490 μεθύωμε

2354 4493 2412 4546 δὲ
2463 4493 2729 4566 ἐπιθυμίᾳ
2783 4498 3032 4567 πονηρᾷο
3078 4498 3207 4553 ὅταν
3255 4503 3436 4555 πᾶσαν
3464 4503 3565 4573 τὴν
3597 4507 3832 4576 ἡμέραν
3871 4511 4016 4562 ἀει-ιτα

2354 4581 2707 4650 διατελῶμεν,
2739 4584 2922 4637 πᾶσαν
2953 4583 3010 4637 δὲ
3033 4583 3451 4660 διημερεύωμεν
3475 4591 3533 4643 ἐν
3559 4593 3895 4658 ἀκολάστοις
3916 4592 4016 4647 θεῶν

2359 4686 2544 4740 μασιν.
2591 4670 2722 4724 ’1δού
2760 4671 2857 4724 καὶ
2899 4672 3061 4736 πόνος
3093 4677 3379 4745 νηστείας,
3427 4678 3524 4732 καὶ
3559 4681 3763 4748 μισθὸς
3791 4683 4016 4751 νηστεία

2355 4757 2590 4829 οὐδαμοῦ
2611 4757 2656 4824 ί,
2684 4760 2812 4814 ὃταν
2841 4760 2922 4824 είς
2953 4761 3022 4814 τά
3052 4761 3257 4833 θέατρα
3280 4764 3380 4834 τῆς
3416 4771 3778 4838 παρανομίας
3812 4767 4014 4824 ἀναϐαίη

2355 4864 2554 4916 νωμεν.
2597 4847 2670 4900 Οὑ
2707 4847 2844 4918 πρὸς
2885 4847 3030 4918 ὑμᾶς
3059 4851 3088 4902 6
3135 4849 3326 4917 λόγος’
3373 4846 3492 4906 οἶδα
3536 4857 3644 4924 γάρ
3677 4857 3766 4910 ὃτι
3813 4857 4014 4926 καθα.ρό

2353 4933 2452 5004 τῆς
2479 4934 2817 5004 κατηγορίας
2843 4935 2996 5001 ἐστὲ,
3028 4935 3143 4988 ἀλλ’
3185 4935 3310 4999 ἔθος
3338 4941 3455 5004 τοῖς
3487 4940 3878 5012 ὀδυνωμένοις.
3914 4945 4012 5000 ὅτε

2354 5025 2481 5086 τοὺς
2503 5024 2710 5086 αἰτίους
2742 5022 2816 5096 μὴ
2845 5023 3102 5089 λάϐωσιν,
3130 5027 3212 5085 είς
3235 5029 3363 5092 τοὺς
3387 5031 3664 5101 παρόντας
3689 5035 3924 5101 ἀφιέναι
3950 5033 4012 5108 τῇ

2353 5109 2542 5182 ὀργήν.
2579 5112 2738 5164 Ποῖον
2769 5111 2960 5182 κέρδος
2993 5114 3354 5182 νηστεύοντας
3386 5119 3468 5180 είς
3493 5119 3576 5186 ⁸τά
3615 5119 3835 5192 θέατρα
3862 5125 4011 5192 παρή

2355 5199 2550 5268 νομίας
2593 5199 2939 5266 ἀναϐαίνειν,
2971 5203 3052 5264 είς
3097 5203 3159 5256 τὸ
3197 5205 3375 5258 κοινὸν
3425 5207 3525 5276 τῆς
3563 5209 3872 5277 ἀσελγείας
3908 5212 4010 5268 διδα

2357 5287 2604 5341 σκαλεῖον
2639 5288 2898 5353 εἰσιέναι,
2931 5291 3010 5354 είς
3039 5290 3100 5343 τὸ
3163 5290 3420 5361 δημόσιον
3449 5293 3550 5364 τῆς
3593 5295 3916 5363 ἀκολασίας
3951 5317 3968 5364 τ

2359 5375 2605 5443 μνάσιον.
2625 5374 2718 5430 ἐπὶ
2741 5377 2840 5446 τὴν
2865 5377 3137 5449 καθέδραν
3160 5378 3486 5444 καθέζεσθαι
3518 5381 3625 5435 τῶν
3647 5383 3732 5436 λοι
3742 5385 3913 5454 μῶνς
3942 5388 3980 5439 li

2354 5460 2463 5532 γὰρ
2485 5461 2580 5514 καὶ
2607 5461 2875 5534 καθέδραν
2901 5462 3110 5532 λοιμοῦ,
3133 5464 3230 5519 καὶ
3250 5465 3548 5530 ἀκολασίας
3579 5471 3927 5540 γυμνάσιον,

2353 5547 2723 5603 διδασκαλεῖον
2772 5549 3094 5618 ἀσελγείας,
3156 5553 3254 5606 καὶ
3288 5555 3471 5608 πάντα
3519 5555 3590 5610 τὰ
3621 5557 3904 5628 αἴσχιστα

2360 5634 2668 5708 ὀρχήστραν
2697 5654 2780 5702 τις
2809 5637 3122 5710 προσειπὼν
3148 5641 3248 5694 οὑκ
3282 5641 3350 5696 ἀν
3380 5642 3652 5715 ἁμάρτοι,
3697 5645 3771 5698 τὸ
3818 5663 3967 5713 mm;

2412 5720 2441 5762 ά
2463 5723 2620 5775 Ambo
2652 5739 2770 5775 mss.
2791 5725 2847 5775 τὸ
2864 5726 3050 5778 πλοῖον.

2418 5786 2442 5856 ξ
2467 5784 2550 5856 ξῇο
2574 5786 2716 5856 am_bo
2741 5784 3026 5856 mss.;E_di_ti
3053 5800 3170 5856 vero
3190 5790 3568 5856 ἀπελευσόμεθα.

2417 5841 2440 5886 ι
2467 5846 2549 5898 Sic
2569 5849 2708 5904 ambo
2729 5863 2841 5903 mss.
2867 5849 3002 5917 Edjti
3025 5841 3447 5917 ιαιεωούδαμῶςζ
3473 5856 3639 5917 minus
3657 5858 3934 5912 commode
