4036 6206
124 317 242 370 513

122 432 483 503 inutilemque
508 431 770 497 effeceris,
801 442 854 486 et
883 432 1129 489 laborem
1156 434 1368 504 quidem
1397 438 1716 506 pertuleris,

123 521 341 576 lucrum
370 522 493 577 inde
517 521 757 577 futurum
787 538 890 577 non
933 526 1263 594 assequeris,
1296 526 1420 580 dum
1451 527 1568 597 ejus
1612 530 1719 584 vim

123 622 302 668 totam
330 612 382 668 in
411 613 611 667 malum
649 613 854 668 recenti
885 613 1143 670 ebrietate
1173 626 1380 685 partum
1411 619 1672 688 impendis
1700 637 1715 675 :

117 704 170 758 si
226 721 354 760 vero
392 705 508 760 leve
539 707 921 776 prmparaveris
958 722 1186 776 corpus,
1218 709 1500 779 sobriaque
1541 723 1720 768 mente

118 799 432 868 susceperis
483 799 838 864 medicinam,
882 815 947 854 ex
995 801 1206 855 delictis
1244 802 1512 858 veteribus
1553 805 1717 860 multa

123 887 336 958 poteris
358 903 673 958 expurgare.
725 888 800 943 Ne
830 889 990 959 igitur
1021 905 1116 959 per
1135 892 1447 948 ebrietatem
1477 893 1542 947 ad
1577 893 1717 964 jeju-

121 981 280 1035 nium
325 995 606 1052 pergamus
627 1021 643 1046 ,
693 996 864 1050 neque
893 997 922 1034 a
945 979 1149 1051 jejunio
1180 983 1231 1036 in
1271 983 1586 1039 ebrietatem
1616 985 1711 1040 de-

120 1075 394 1130 clinemus
419 1114 434 1139 ,
461 1089 528 1130 ne
558 1074 696 1129 forte
719 1073 941 1144 perinde
965 1075 1172 1129 accidat
1195 1089 1258 1130 ac
1292 1075 1337 1130 si
1366 1077 1486 1145 quis
1516 1093 1716 1147 agrum

121 1179 327 1235 corpus
351 1175 510 1234 atque
557 1179 842 1235 resurgens
869 1181 900 1218 a
929 1166 1234 1222 valetudine
1271 1167 1507 1223 calcibus
1549 1170 1719 1240 impe-

127 1265 254 1309 tens
307 1255 544 1310 velocius
573 1254 808 1325 dejiciat.
841 1255 994 1323 Quod
1020 1256 1153 1310 etin
1183 1267 1364 1312 nostra
1407 1257 1466 1312 ﬁt
1499 1259 1710 1328 anima,

120 1361 253 1403 eum
282 1356 504 1417 utraque
523 1347 712 1417 jejunii
751 1361 818 1404 ex
859 1358 1011 1418 parte
1031 1389 1046 1415 ,
1077 1350 1337 1419 principio
1364 1350 1614 1408 videlicet
1653 1367 1716 1409 ac

122 1439 236 1494 ﬁne
253 1482 269 1504 ,
299 1441 572 1496 ebrietatis
594 1441 735 1496 nube
755 1440 1152 1496 mundationem
1196 1442 1248 1496 in
1270 1444 1426 1500 nobis
1453 1445 1521 1500 ab
1546 1445 1715 1500 absti-

121 1532 308 1586 nentia
337 1530 528 1586 factam
555 1531 898 1586 oﬁ‘uscamus.
927 1531 1104 1586 Veluti
1134 1534 1275 1588 enim
1303 1536 1392 1605 qui
1418 1551 1540 1592 cum
1589 1537 1715 1592 feris

121 1621 463 1686 dimicaturi,
489 1621 654 1676 armis
677 1622 855 1676 multis
874 1662 890 1687 ,
929 1623 1376 1695 munimentisque
1404 1626 1714 1695 principalia

118 1727 351 1783 qumque
379 1711 617 1767 membra
642 1712 1006 1778 circumdant,
1037 1722 1198 1784 atque
1227 1714 1296 1769 ita
1323 1730 1444 1770 cum
1478 1716 1581 1771 illis
1602 1717 1716 1772 bel-

123 1805 238 1858 lum
263 1805 558 1874 suscipiunt
587 1822 600 1857 :
629 1805 706 1859 sic
733 1813 787 1859 et
814 1820 953 1859 nunc
977 1804 1220 1860 homines
1247 1806 1401 1861 multi
1429 1822 1549 1862 cum
1571 1807 1710 1878 jeju-

121 1898 216 1951 nio
271 1898 420 1966 quasi
463 1913 584 1952 cum
628 1897 736 1952 fera
771 1897 998 1968 quadam
1040 1899 1354 1969 pugnaturi,
1398 1900 1600 1954 ventris
1650 1914 1710 1955 se

117 1991 344 2058 crapula
372 1990 646 2058 mtmiunt,
700 1990 1198 2068 disrumpentesque
1246 2006 1366 2046 sese
1409 2001 1464 2046 et
1481 1991 1715 2048 obtene-

120 2079 342 2132 brantes
363 2119 379 2145 ,
409 2081 571 2134 multa
600 2096 721 2135 cum
755 2081 1112 2150 imprudentia
1144 2083 1324 2136 mitem
1371 2097 1435 2137 ac
1473 2084 1708 2153 quietum

117 2171 304 2242 jejunii
336 2183 608 2243 aspectum
657 2175 972 2244 suscipiunt.
1001 2176 1173 2245 Atque
1204 2176 1248 2229 si
1277 2175 1583 2246 quempiam
1630 2178 1709 2230 in-

121 2273 462 2334 terrogavcro
484 2307 498 2329 ,
521 2264 686 2334 Cujus
713 2267 790 2320 rei
837 2267 1006 2336 gratia
1032 2267 1098 2320 ad
1129 2267 1363 2321 thermas
1390 2268 1547 2322 hodie
1586 2283 1708 2338 pro-

120 2370 275 2424 peras
305 2372 319 2410 :
349 2355 420 2412 Ut
445 2357 624 2413 ahluto
652 2373 876 2428 corpore
901 2400 915 2423 ,
966 2359 1196 2429 inquies,
1223 2359 1486 2430 jejunium
1537 2361 1706 2416 susci-

119 2448 278 2516 piam.
332 2449 389 2503 Si
417 2465 545 2504 vero
595 2459 645 2504 te
690 2451 1133 2520 interrogavere,
1168 2450 1344 2518 Quare
1384 2451 1697 2519 inebriaris,

1287 323 1382 380 DE
1418 325 1889 383 NENITENTM.
1923 327 2150 385 llOMIL.
2195 329 2283 386 Vl.

3313 343 3417 400 δη

1829 438 2020 496 iterum
2075 440 2242 508 dices,
2292 441 2553 509 Quoniam
2590 442 2852 516 jejunium
2893 461 3009 503 sum
3053 447 3414 520 ingressurus.

1826 531 2104 596 Quomodo
2135 533 2291 602 igitur
2313 549 2418 588 non
2443 550 2749 604 erroneum,
2781 553 3008 607 corpore
3024 543 3236 611 quidem
3254 561 3409 614 puro,

1827 621 2031 692 impura
2054 639 2180 678 vero
2191 624 2442 695 ebriaque
2459 627 2654 694 anima,
2671 628 3084 697 pulcherrimum
3101 633 3198 688 hoc
3215 633 3409 692 festum

1824 713 2069 782 excipere
2089 714 2318 769 ‘?Plura
2345 715 2569 772 dicenda
2595 729 2932 787 supererant,
2962 721 3057 776 sed
3087 722 3200 778 haec
3224 725 3418 782 sobriis

1825 802 1893 856 ad
1917 806 2306 860 correctionem
2336 808 2624 863 sufﬁciunt.
2649 811 2825 878 Quare
2851 828 3070 869 necesse
3093 825 3176 870 est
3204 817 3416 873 dicendi

1820 895 1982 950 ﬁnem
2012 895 2222 952 facere:
2253 915 2376 952 nam
2399 901 2556 969 cupio
2589 903 2756 971 patris
2794 904 2981 960 audire
3019 922 3202 962 vocem
3235 927 3248 961 :
3280 925 3413 979 quo-

1825 988 1966 1041 niam
1991 989 2087 1058 ipsi
2105 990 2317 1060 quidem
2342 993 2494 1061 quasi
2520 994 2812 1062 pastorales
2833 997 2984 1065 pueri
3006 997 3184 1052 subtili
3205 1001 3414 1056 calamo

1822 1077 2098 1133 sibilamus
2120 1120 2136 1145 ,
2171 1082 2333 1136 veluti
2357 1083 2457 1137 sub
2477 1100 2677 1154 quercu
2703 1097 2794 1140 aut
2815 1085 2938 1158 fago
2965 1090 3191 1159 quadam
3212 1092 3278 1146 ad
3301 1109 3413 1147 um-

1823 1169 1973 1224 bram
1990 1185 2265 1228 sacrorum
2281 1173 2475 1228 horum
2499 1176 2778 1244 sedentes;
2811 1177 2898 1234 hic
2913 1190 3092 1234 autem
3115 1182 3279 1238 veluti
3297 1200 3414 1238 mu-

1823 1262 1968 1318 sicus
1993 1265 2229 1332 optimus
2254 1281 2469 1322 auream
2497 1268 2756 1323 citharam
2786 1272 3114 1341 modulatus,
3155 1291 3407 1333 sonorum

1820 1367 2083 1411 concentu
2124 1358 2435 1416 universum
2464 1363 2657 1416 excitat
2689 1362 2955 1418 theatrum
2983 1382 2998 1419 :
3040 1366 3119 1420 sic
3144 1375 3200 1422 et
3252 1367 3411 1437 hujus

1822 1453 1928 1493 non
1951 1441 2304 1508 pulsationum
2321 1486 2334 1510 ,
2360 1443 2455 1498 sed
2481 1445 2764 1501 verborum
2793 1455 2849 1502 et
2877 1463 3097 1517 operum
3113 1458 3406 1506 concentus

1819 1529 2104 1600 plurimam
2143 1533 2297 1588 nobis
2331 1533 2485 1590 aﬁ‘ert
2512 1537 2815 1592 utilitatem.
2853 1538 3130 1608 Ejusmodi
3155 1550 3209 1595 et
3249 1541 3409 1596 Chri-

1819 1630 1931 1676 stus
1957 1622 2206 1678 doctores
2231 1626 2457 1693 qumrit:
2487 1626 2585 1692 Qui
2609 1628 2741 1680 enim
2763 1630 2934 1698 fecerit
2963 1639 3009 1682 et
3034 1631 3278 1695 docuerit,
3323 1632 3410 1686 in-

1817 1713 1952 1780 quit,
1973 1714 2054 1766 hic
2080 1731 2292 1784 magnus
2313 1715 2568 1769 vocabitur
2592 1719 2645 1770 in
2668 1735 2824 1787 regno
2846 1719 3084 1772 caelorum
3113 1719 3326 1789 (Matth.
3348 1721 3404 1778 5.

1821 1802 1932 1873 19).
1964 1805 2240 1874 Ejusmodi
2265 1815 2349 1861 est
2393 1807 2493 1861 iste
2524 1825 2536 1860 :
2564 1817 2890 1877 quapropter
2918 1819 2973 1862 et
3002 1825 3224 1879 magnus
3243 1819 3327 1864 est
3353 1810 3408 1865 in

1816 1912 1981 1968 regno
2008 1898 2289 1952 catlorum.
2321 1899 2607 1968 Contingat
2654 1909 2833 1953 autem
2873 1909 2931 1956 et
2957 1915 3055 1954 nos
3098 1902 3246 1970 ejus,
3293 1915 3411 1954 om-

1815 1990 2068 2059 niumque
2107 1990 2393 2059 prtesulum
2415 1991 2746 2044 orationibus
2768 2005 2934 2061 regno
2954 1991 3204 2045 caelorum
3221 1991 3409 2060 dignos

1814 2077 1954 2146 ﬁeri,
1978 2080 2145 2150 gratia
2175 2089 2229 2135 et
2249 2080 2574 2149 benignitate
2602 2082 2810 2135 Domini
2833 2083 2999 2136 nostri
3030 2082 3158 2137 Jesu
3177 2082 3401 2148 Christi,

1812 2187 1933 2227 Cum
1963 2189 2068 2243 quo
2096 2174 2237 2227 Patri
2269 2173 2432 2242 gloria
2456 2215 2471 2239 ,
2502 2189 2623 2227 cum
2653 2183 2838 2228 sancto
2884 2175 3106 2244 Spiritu,
3157 2190 3300 2229 nunc
3344 2183 3401 2230 et

1809 2281 2042 2338 semper,
2073 2278 2127 2323 et
2151 2270 2201 2324 in
2223 2271 2418 2323 saecula
2443 2269 2785 2324 saeculorum.
2815 2271 3007 2324 Amen.

1874 2400 1889 2430 ί
1926 2400 1998 2470 sic
2019 2406 2122 2447 Sav.
2139 2406 2202 2470 et
2233 2413 2357 2470 unus
2394 2407 2510 2470 Reg.
2551 2405 2604 2448 In
2624 2405 2673 2447 Β.
2698 2405 2751 2449 et
2771 2399 2896 2462 apud
2921 2398 3105 2460 ωσι-ειη
3130 2396 3400 2463 pulcherri-

1805 2473 1936 2510 mum
1957 2462 2080 2509 hunc
2104 2462 2324 2510 virtutem
2346 2462 2608 2524 suscipere.

1327 2674 1468 2744 DE
1532 2672 2238 2761 PCENITENTIA,

991 2842 1240 2896 QUARTA
1278 2846 1671 2891 HEBDOMADA
1713 2846 1927 2890 SACRE
1965 2845 2506 2898 ρυΑυιιΑαΕεωιε.

691 3111 903 3151 ιιουιιιις
945 3111 997 3149 γι
1045 3093 1142 3166 (α).

182 3189 235 3243 1.
276 3187 448 3254 Quam
468 3186 687 3257 jucundi
717 3183 1013 3258 Spiritualis'
1029 3186 1187 3254 hujus
1207 3183 1362 3240 nobis
1385 3183 1546 3239 maris
1569 3190 1694 3235 sunt

108 3279 325 3345 ﬂuctus,
350 3289 404 3334 et
433 3279 582 3348 ipsis,
610 3279 698 3349 qui
722 3279 773 3332 in
796 3280 984 3348 pelago
1010 3286 1154 3342 sunt,
1173 3275 1539 3347 jucundiores.
1568 3273 1699 3328 Nam

109 3369 181 3424 illi
211 3369 431 3440 quidem
461 3381 739 3424 ventorum
771 3370 1078 3431 insolentia,
1113 3369 1164 3421 hi
1195 3370 1406 3422 auditus
1437 3367 1701 3420 desiderio

109 3465 412 3517 excitantur
453 3472 554 3517 :et
604 3463 686 3516 illi
729 3461 946 3532 quidem
999 3460 1280 3516 sublimius
1333 3459 1697 3529 agglomerati,

109 3553 524 3623 trepidationem
551 3553 894 3624 gubernatori
918 3552 1198 3622 plurimam
1232 3549 1465 3604 inferunt
1489 3567 1503 3601 :
1538 3551 1589 3603 hi
1611 3549 1700 3602 ubi

106 3657 490 3718 apparuerunt,
512 3647 776 3702 dicentem
798 3645 986 3700 ﬁducia
1010 3646 1174 3700 multa
1198 3643 1424 3714 replent.
1453 3642 1528 3696 Illi
1561 3644 1700 3696 enim

109 3737 381 3792 furibundi
412 3739 573 3792 maris
587 3747 921 3808 argumenta.
947 3736 999 3790 bi
1027 3737 1218 3790 animae
1249 3734 1561 3790 lastabundaa
1579 3742 1703 3787 sunt

109 3828 308 3883 indicia
342 3846 354 3881 :
391 3828 464 3882 illi
495 3829 658 3898 petris
708 3828 828 3883 illisi
859 3827 1142 3898 ignobilem
1171 3829 1402 3880 sonitum
1451 3823 1696 3888 reddunt,

106 3920 161 3974 hi
188 3936 322 3975 vero
351 3921 606 3976 doctrinae
639 3921 803 3975 verbo
830 3920 1043 3975 contriti
1065 3919 1310 3974 blandam
1333 3933 1516 3971 vocem
1543 3917 1700 3970 emit-

106 4021 250 4066 tunt.
281 4012 370 4066 Sic
389 4022 444 4066 et
469 4012 688 4085 zephyri
715 4013 872 4066 ﬂatus
898 4012 949 4065 in
971 4019 1084 4064 sata
1105 4010 1376 4071 cadentes,
1406 4017 1565 4078 atque
1587 4007 1700 4075 ipsa

104 4091 384 4172 spicarum
422 4104 595 4172 capita
637 4104 956 4158 inclinantes
993 4117 1056 4157 ac
1091 4104 1428 4164 relevantes,
1464 4101 1514 4154 in
1561 4108 1700 4154 terra

105 4195 277 4250 maris
307 4196 499 4249 ﬂuctus
547 4196 839 4249 imitantur.
870 4194 975 4250 Sed
1013 4205 1067 4248 et
1105 4194 1208 4249 illis
1235 4194 1365 4248 satis
1385 4192 1700 4263 jucundiora

103 4293 238 4339 sunt
263 4285 377 4340 haec
402 4303 415 4338 :
446 4300 548 4339 non
570 4287 710 4341 enim
733 4285 949 4356 zephyri
974 4285 1149 4350 ﬁatus,
1174 4285 1266 4339 sed
1287 4284 1515 4354 Spiritus
1528 4285 1697 4353 gratia

107 4385 322 4432 vestras
353 4379 558 4432 animas
593 4383 792 4433 excitat
819 4387 873 4432 et
903 4376 1216 4443 inﬂammat,
1245 4386 1300 4431 et
1329 4378 1500 4446 ignem
1531 4377 1698 4439 illum,

102 4471 173 4526 de
199 4485 314 4540 quo
350 4471 477 4525 olim
506 4470 747 4526 Christus
782 4489 794 4523 :
830 4468 1011 4538 Ignem
1051 4469 1160 4523 veni
1189 4470 1380 4522 mittere
1408 4471 1460 4521 in
1491 4479 1696 4532 terram,

100 4573 148 4616 et
179 4561 309 4633 quid
334 4563 466 4627 colo,
497 4562 595 4615 nisi
627 4571 679 4614 ut
707 4560 1014 4614 accendatur
1041 4561 1057 4629 (
1081 4557 1211 4613 Luc.
1247 4559 1330 4613 12.
1364 4560 1432 4614 49
1454 4562 1471 4627 )
1496 4559 1520 4611 ?
1551 4559 1701 4612 lluuc

100 4655 271 4708 video
322 4653 617 4707 immissum
647 4654 1034 4722 incensumque
1077 4652 1129 4706 in
1177 4652 1457 4705 animabus
1487 4652 1696 4712 vestris.

97 4747 378 4814 Quoniam
424 4747 582 4818 igitur
628 4754 705 4800 tot
732 4746 1003 4816 lampades
1033 4744 1186 4799 nobis
1206 4741 1404 4799 Christi
1427 4746 1586 4798 timor
1613 4759 1702 4798 ac—

96 4839 312 4906 cendit,
351 4839 488 4910 agite
528 4839 651 4895 hinc
700 4838 958 4894 doctrina:
999 4836 1176 4893 oleum
1212 4835 1551 4904 instillemus,
1593 4850 1701 4906 quo

100 4933 268 4988 nobis
291 4931 597 4987 diuturnior
664 4932 756 4986 lux
785 4933 894 4985 ﬁat.

169 5025 380 5093 Jejunii
400 5031 593 5096 [ructus
617 5025 916 5095 querenda:
937 5042 957 5092 ,°
978 5025 1032 5079 in
1057 5023 1282 5078 studium
1301 5022 1701 5094 spectaculorum

101 5120 392 5174 invehitur.
423 5148 494 5159 —
525 5118 733 5174 Etenim
754 5117 907 5174 nobis
933 5117 1002 5173 de
1044 5127 1238 5173 exntero
1263 5116 1448 5187 jejunii
1492 5127 1699 5187 tempus

96 5214 164 5266 ad
185 5213 354 5266 ﬁnem
373 5220 527 5282 urget
549 5229 562 5266 :
587 5227 707 5266 nam
725 5212 790 5265 ad
814 5211 968 5266 stadii
991 5210 1221 5265 medium
1243 5209 1698 5280 progressi,dein-

94 5320 234 5374 ct-ps
261 5303 331 5358 ad
357 5303 529 5375 ipsum
555 5303 714 5358 ﬁnem
742 5302 1104 5360 concedimus.
1145 5301 1292 5358 Sicut
1319 5302 1459 5357 enim
1485 5303 1573 5372 qui
1615 5300 1692 5354 in-

166 5642 248 5703 (α)
282 5641 460 5710 collata
483 5655 593 5692 cum
616 5640 788 5710 Codice
812 5638 1072 5710 καὶποδιιάΔ
1082 5639 1471 5710 gtoboui_cujtts
1488 5645 1601 5710 uota
1622 5644 1699 5710 est

90 5711 145 5814 ἓ
178 5714 199 5749 \
214 5701 261 5776 ι’..
284 5703 360 5765 t6,
385 5711 437 5754 et
467 5717 577 5755 cum
607 5704 716 5754 md.
743 5703 1023 5754 Barocciano
1043 5701 1138 5752 212
1159 5713 1188 5752 a
1210 5707 1263 5750 ο.
1281 5701 1550 5757 WetStenio
1571 5701 1700 5750 Basi-

147 5779 282 5814 ensi.

1807 3092 1968 3161 cepit,
1998 3091 2050 3145 in
2080 3090 2254 3146 medio
2277 3098 2390 3145 est:
2426 3093 2495 3145 ita
2513 3089 2603 3160 qui
2635 3089 2699 3146 ad
2727 3091 2958 3147 medium
2977 3092 3208 3160 devenit,
3234 3094 3394 3152 ﬁnem

1806 3181 2176 3251 apprehendit.
2209 3180 2371 3250 Igitur
2401 3191 2611 3250 tempus
2636 3181 2702 3235 ad
2728 3182 2886 3236 ﬁnem
2917 3185 3106 3253 vergit,
3143 3195 3303 3254 atque
3330 3185 3398 3240 de

1805 3284 2003 3329 ctetero
2042 3282 2252 3344 portum
2289 3273 2476 3343 cymba
2508 3273 2792 3342 prospicit;
2816 3272 2908 3327 sed
2955 3273 3095 3343 quod
3119 3274 3396 3343 quteritur,

1807 3377 1912 3417 non
1947 3363 2056 3432 jam
2087 3373 2169 3418 est
2196 3362 2264 3417 ad
2300 3373 2511 3432 portum
2541 3363 2842 3432 pervenire,
2873 3363 2967 3418 sed
3015 3379 3206 3419 navem
3255 3364 3397 3420 haud

1807 3454 1938 3509 lucri
1961 3470 2176 3510 vacuam
2204 3454 2434 3510 trahere.
2458 3456 2566 3510 Oro
2592 3471 2687 3510 vos
2702 3471 2889 3510 omnes
2907 3469 2962 3510 et
2982 3458 3226 3520 obsecro,
3244 3471 3396 3511 suam

1806 3546 2027 3615 quisque
2044 3548 2109 3598 ad
2123 3547 2500 3599 conscientiam
2519 3546 2706 3614 jejunii
2735 3547 3144 3616 negotiationem
3163 3560 3391 3617 reputet,

1806 3657 1868 3698 ac
1894 3643 1938 3697 si
1964 3643 2177 3713 quidem
2207 3643 2417 3697 lucrum
2444 3641 2669 3696 multum
2690 3642 3076 3696 aceumulatum
3105 3641 3392 3708 invenerit,

1808 3735 2152 3804 negetiationi
2191 3734 2392 3789 addat:
2425 3734 2470 3788 si
2503 3735 2632 3788 nihil
2673 3743 3076 3804 congregatum,
3121 3735 3387 3803 reliquum

1806 3829 2060 3897 temporis
2117 3828 2462 3898 negotiationi
2519 3826 2809 3898 impendat.
2843 3826 3198 3896 Quoadusque
3248 3834 3395 3880 stant

1807 3920 2079 3983 nundinm,
2125 3920 2456 3989 negotiantes
2485 3918 2553 3974 de
2589 3933 2782 3988 magno
2810 3919 2961 3972 lucro
2989 3918 3390 3985 contendamus,

1806 4029 1872 4066 ne
1903 4013 2081 4066 vacuis
2108 4011 2418 4066 recedamus
2449 4011 2712 4073 manibus,
2745 4028 2812 4065 ne
2827 4011 3012 4081 jejunii
3041 4011 3276 4066 laborem
3306 4019 3390 4064 to-

1806 4102 2056 4167 lerantes,
2083 4101 2270 4171 jejunii
2311 4101 2618 4155 amittamus
2650 4103 2946 4172 praemium.
2976 4101 3124 4155 Licet
3169 4102 3310 4156 enim
3337 4111 3392 4156 et

1799 4193 1987 4263 jejunii
2016 4193 2252 4248 laborem
2281 4193 2525 4257 suﬁ'erre,
2558 4203 2613 4248 et
2630 4193 2815 4263 jejunii
2842 4192 3070 4248 fructum
3105 4209 3211 4248 non
3255 4209 3389 4248 con-

1803 4285 1952 4354 sequi
1982 4302 1996 4339 :
2022 4283 2289 4354 quomodo
2309 4285 2332 4336 ?
2355 4282 2489 4338 Cum
2513 4284 2717 4338 scilicet
2740 4297 2862 4338 esca
2889 4284 3237 4348 abstinemus,
3263 4300 3389 4354 pec-

1804 4386 1924 4430 cato
1947 4391 2050 4429 non
2079 4376 2411 4431 abstinemus
2435 4393 2448 4430 :
2480 4389 2600 4429 cum
2618 4375 2867 4430 carnibus
2892 4375 3106 4444 quidem
3135 4392 3240 4430 non
3295 4392 3388 4430 ve-

1803 4466 2019 4532 scimur,
2041 4465 2361 4521 devoramus
2382 4475 2558 4520 tamen
2582 4480 2870 4536 pauperum
2892 4465 3105 4522 domos:
3121 4481 3242 4521 cum
3266 4465 3390 4522 vino

1803 4557 2016 4626 quidem
2044 4556 2188 4611 haud
2215 4556 2563 4622 iuebriamur,
2593 4556 2922 4611 inebriamur
2950 4571 3078 4610 vero
3106 4556 3391 4612 desideriis

1803 4647 1984 4716 pravis
2009 4663 2022 4700 :
2053 4662 2173 4702 cum
2203 4647 2416 4718 quidem
2445 4647 2619 4703 inedia
2661 4655 2825 4702 totam
2857 4648 3196 4718 transigimus
3223 4649 3386 4713 diem,

1801 4746 1961 4808 atque
1979 4739 2221 4793 eamdem
2253 4737 2533 4808 impudicis
2564 4739 2620 4793 in
2646 4737 2965 4806 Spectaculis
2998 4739 3384 4804 consumimus,

1803 4829 1941 4885 Ecce
1980 4831 2165 4902 jejunii
2207 4831 2379 4899 labor,
2408 4839 2464 4886 et
2506 4830 2698 4902 jejunii
2743 4831 2944 4886 fructus
2980 4845 3237 4900 nusquam
3279 4840 3383 4896 est,

1799 4937 1921 4979 cum
1961 4923 2250 4994 iniquitatis
2297 4926 2505 4978 theatra
2543 4923 2972 4979 conscendimus.
3020 4921 3136 4976 Non
3177 4920 3242 4976 ad
3288 4936 3387 4976 vos

1802 5014 1933 5070 mihi
1960 5024 2040 5070 est
2078 5031 2278 5081 sermo,
2310 5015 2433 5070 novi
2454 5015 2598 5070 enim
2627 5014 2695 5069 ab
2714 5029 2777 5069 ea
2807 5012 3146 5068 accusatione
3171 5027 3266 5066 vos
3289 5026 3384 5064 va-

1799 5121 1928 5161 cuos
1956 5121 2114 5173 esse;
2145 5106 2239 5162 sed
2280 5121 2398 5162 mos
2442 5105 2628 5161 dolore
2653 5105 2856 5175 pressis
2879 5112 2981 5169 est,
3013 5117 3132 5157 cum
3159 5103 3237 5157 eis
3277 5117 3381 5156 non

1798 5197 2009 5264 adsunt,
2037 5198 2126 5267 qui
2155 5197 2358 5253 doloris
2402 5197 2529 5253 dant
2554 5212 2790 5261 causam,
2825 5197 2875 5249 in
2908 5205 3198 5264 praesentes
3250 5195 3378 5250 iram

1800 5303 2070 5344 evomere.
2116 5289 2269 5357 Quod
2309 5289 2452 5344 enim
2479 5290 2680 5344 lucrum
2707 5289 3008 5358 jejunantes
3039 5285 3244 5341 theatra
3277 5286 3383 5340 ini-

1798 5380 2012 5450 quitatis
2043 5380 2355 5449 ascendere,
2401 5381 2469 5436 ad
2504 5394 2844 5436 communem
2871 5378 3096 5438 luxuria:
3139 5377 3374 5434 scholam

1800 5471 2040 5539 introire,
2060 5473 2126 5530 ad
2145 5475 2411 5545 publicum
2430 5472 2827 5528 incontinentiae
2842 5471 3194 5543 gymnasium,
3218 5483 3382 5539 super

1796 5564 2107 5620 cathedram
2155 5565 2340 5620 sedere
2369 5563 2830 5636 pestilentiarum?
2858 5562 3072 5618 Etenim
3105 5570 3160 5618 et
3191 5559 3379 5616 cathe-

1797 5657 1946 5712 dram
1969 5657 2303 5728 pestilentiae,
2332 5665 2388 5714 et
2413 5653 2812 5712 incontinentiae
2837 5652 3195 5728 gymnasium,
3216 5650 3378 5707 scho-

1798 5752 2009 5822 lamque
2056 5750 2297 5820 luxnria‘,
2329 5759 2380 5808 et
2410 5748 2587 5806 omnia
2620 5746 2924 5820 turpissima
2965 5743 3292 5803 orchestram
3331 5742 3378 5798 si
