4036 6206
811 345 872 397 :5
1438 341 1493 397 S.
1535 339 1811 398 JOANNIS
1850 339 2314 396 CllllYSOSTOMI
2352 339 2664 396 AliCllllil'.
2705 341 3225 402 CONSTANTINUP.
3803 367 3858 418 ili

769 471 889 522 quis
913 453 1126 520 dixerit,
1155 453 1292 508 haud
1321 452 1636 524 peccaverit,
1667 454 1953 523 pessimum
1981 453 2122 505 illum
2145 452 2340 516 locum,

769 547 1222 619 plurimorun‘tquc
1245 547 1551 601 morborum
1581 547 1815 616 plenum,
1839 545 2214 617 Babylonicum
2243 544 2350 598 for-

767 653 976 692 nacem.
1003 637 1135 692 Nam
1167 639 1306 692 velut
1331 639 1381 692 in
1415 640 1679 692 fornacem
1711 637 1992 706 quamdam
2015 637 2344 705 compellens

771 729 824 781 in
857 728 1118 782 theatrum
1161 727 1404 782 diabolus
1433 729 1640 792 urbem,
1691 728 1768 782 sic
1795 727 1862 780 ab
1893 727 2000 780 imo
2045 727 2345 792 succendit,

773 837 876 872 non
913 823 1022 888 jam
1053 821 1326 874 malleolos
1353 821 1669 876 submittens
1691 862 1703 885 ,
1731 821 1894 874 veluti
1931 830 2054 874 tunc
2097 820 2353 876 barbarus

775 911 886 976 ille,
919 927 1090 980 neque
1119 911 1432 980 naplnbam,
1465 927 1638 980 neque
1681 923 1912 981 stupam,
1945 927 2118 980 neque
2140 913 2348 980 picem;

770 1003 864 1054 Sed
887 1001 970 1054 his
995 1003 1160 1056 multo
1185 1002 1410 1072 pejora‘,
1447 1003 1758 1058 fornicarios
1783 1005 1950 1066 visus,
1975 1004 2145 1072 turpia
2167 1005 2348 1070 verba,

771 1094 1006 1148 membra
1039 1095 1270 1148 molliter
1303 1093 1440 1148 ﬂexa
1465 1137 1480 1160 ,
1528 1104 1688 1164 atque
1725 1097 1901 1149 omnis
1925 1095 2108 1163 plenos
2137 1095 2352 1148 malitize

769 1193 976 1238 cantus.
1009 1185 1153 1240 Illam
1211 1187 1368 1256 igitur
1409 1185 1675 1240 fornacem
1717 1186 2007 1240 barbarica:
2047 1203 2234 1240 manus
2265 1201 2352 1240 ac-

769 1275 1085 1342 cenderunt,
1103 1279 1234 1330 hanc
1255 1289 1429 1331 autem
1449 1277 1718 1331 fornacem
1748 1279 2097 1346 cogitationes
2115 1277 2352 1330 barbaris

771 1369 1166 1438 insipientiores
1195 1370 1492 1425 accendunt
1523 1387 1536 1423 :
1571 1371 1684 1424 hrec
1713 1371 1800 1424 illa
1832 1371 2002 1439 pejor,
2031 1371 2353 1439 quandoqui-

767 1461 889 1514 dem
939 1461 1072 1530 ignis
1099 1461 1350 1527 deterior,
1403 1477 1506 1514 non
1537 1465 1624 1530 qui
1657 1463 1899 1530 corporis
1945 1471 2206 1522 naturam.
2257 1463 2350 1516 scd

771 1553 860 1621 qui
883 1553 1076 1606 bonam
1103 1554 1294 1606 animm
1315 1553 1668 1624 depopulatur
1691 1553 2052 1608 habitudinem
2085 1573 2098 1607 :
2123 1563 2176 1608 et
2211 1554 2350 1620 quod

769 1643 1050 1698 nocentius
1094 1655 1193 1707 est,
1233 1661 1404 1714 neque
1435 1645 1533 1712 ipsi
1561 1646 1650 1714 qui
1686 1646 2090 1710 c0mburunlur,
2123 1645 2350 1714 idipsum

771 1735 1042 1798 sentiunt;
1071 1735 1112 1788 si
1143 1736 1284 1788 enim
1307 1736 1585 1796 sentirent,
1615 1750 1718 1788 non
1737 1735 1845 1804 jam
1877 1735 2101 1788 effu~um
2123 1736 2268 1788 illum
2299 1735 2350 1789 in

773 1823 856 1877 his
877 1825 1040 1878 risum
1083 1827 1406 1880 emitterent.
1441 1827 1602 1894 Igitur
1632 1827 1682 1879 id
1712 1827 1791 1881 vel
1819 1829 2104 1896 pessimum
2133 1839 2210 1884 est
2241 1843 2352 1882 ma-

769 1915 900 1982 lum,
932 1933 1052 1970 cum
1078 1917 1197 1986 quis
1219 1917 1534 1984 infirmatur,
1563 1933 1734 1986 neque
1763 1917 1986 1987 idipsum
2015 1919 2152 1988 quod
2201 1921 2350 1972 infir-

771 2017 946 2060 matur
988 2007 1174 2061 novit:
1217 2015 1270 2060 et
1307 2009 1504 2062 misere
1549 2007 1742 2061 ardens
1775 2017 1831 2062 et
1869 2025 2202 2072 atrumnnse,
2245 2025 2350 2063 non

770 2101 932 2153 sentit
963 2099 1286 2153 incendium.
1331 2099 1583 2166 Quantam
1609 2099 1792 2168 jejunii
1833 2101 2049 2162 utilitas,
2084 2101 2168 2156 die
2197 2102 2346 2168 mibi,

769 2205 890 2242 cum
921 2189 1138 2258 quidem
1165 2205 1356 2258 corpus
1377 2205 1528 2244 arces
1553 2189 1786 2260 legitimo
1811 2205 1840 2244 a
1869 2191 2214 2257 nutrimento,
2249 2192 2352 2246 ini-

769 2299 928 2350 quum
959 2300 1084 2336 vero
1115 2285 1501 2338 nutrimentum
1543 2285 1735 2338 animat
1767 2283 2018 2337 inducis?
2045 2300 2164 2338 cum
2209 2286 2350 2341 diem

769 2373 878 2427 illic
905 2376 1069 2428 trabis
1110 2377 1322 2438 sedens.
1365 2391 1701 2430 communem
1743 2387 1986 2430 naturam
2019 2378 2349 2446 deturpatam

771 2471 983 2524 intuens
1031 2487 1095 2526 ac
1125 2472 1442 2538 traductam,
1475 2471 1831 2540 mulieresque
1853 2471 2185 2535 fornicarias,
2213 2470 2354 2524 adul-

771 2561 902 2614 teria
955 2573 1397 2626 repriesentantes
1449 2563 1554 2617 illic
1583 2577 1698 2628 eos,
1729 2563 1816 2630 qui
1866 2561 2124 2632 cujusque
2161 2562 2350 2616 domus

769 2651 904 2703 mala
935 2651 1188 2720 colligunt
1215 2653 1238 2704 2’
1268 2652 1398 2705 Nam
1431 2663 1483 2706 et
1533 2653 1912 2706 fornicationes
1943 2653 2126 2706 videre
2172 2652 2348 2719 datur,

769 2749 824 2793 et
845 2739 1032 2794 amlire
1061 2741 1436 2810 blasphemias,
1467 2757 1572 2812 quo
1601 2751 1654 2796 et
1685 2759 1777 2812 per
1802 2743 2006 2808 oculos,
2035 2755 2086 2797 et
2127 2759 2224 2813 per
2251 2759 2348 2796 au-

767 2832 936 2886 ditum
967 2835 1062 2902 ipsi
1092 2837 1282 2890 anima:
1309 2837 1524 2890 morbus
1547 2837 1825 2905 procedat:
1851 2838 2052 2892 alienas
2079 2838 2354 2892 imitantur

767 2925 1114 2992 calamitates,
1167 2928 1306 2982 unde
1332 2939 1385 2982 et
1415 2929 1543 2998 ipsis
1571 2929 1910 2998 turpitudinis
1949 2945 2141 2985 nomen
2182 2931 2354 3000 impo-

767 3016 927 3068 situm
981 3027 1084 3070 est.
1112 3019 1260 3084 Quod
1307 3019 1466 3090 igitur
1503 3021 1691 3090 jejunii
1747 3021 1948 3076 lucrum
1995 3024 2168 3078 anima
2219 3024 2351 3078 cibis

768 3105 1026 3175 ejusmodi
1055 3111 1250 3162 nutrita
1275 3109 1298 3161 ?
1322 3111 1512 3176 quibus
1541 3111 1712 3166 oculis
1749 3127 1970 3166 uxorem
2001 3113 2101 3166 illis
2146 3129 2175 3168 a
2223 3131 2349 3184 spe-

769 3197 990 3249 ctaculis
1019 3197 1221 3252 videbis
1245 3199 1269 3249 ?
1297 3201 1486 3268 quibus
1513 3203 1680 3256 oculis
1709 3203 1912 3256 videbis
1943 3202 2350 3274 filium?qnibus

771 3287 1164 3343 domesticum?
1195 3291 1386 3360 quibus
1415 3293 1642 3346 amicum
1670 3293 1692 3346 ?
1717 3292 1945 3348 Necesse
1966 3307 2140 3350 autem
2169 3297 2352 3350 dicen-

771 3385 876 3428 tem
911 3377 1016 3430 illic
1043 3389 1187 3447 gesta
1216 3381 1555 3448 turpitmline,
1589 3393 1678 3436 aut
1706 3391 1964 3437 tacentem
1999 3385 2190 3440 robore
2220 3405 2348 3441 con-

769 3465 931 3518 fundi.
967 3467 1071 3522 Sed
1104 3467 1227 3522 hinc
1257 3487 1360 3524 non
1389 3472 1466 3525 sic
1486 3471 1601 3526 abis
1627 3490 1640 3525 :
1665 3472 1843 3526 licebit
1863 3489 1990 3528 vero
2015 3475 2158 3528 domi
2185 3477 2348 3530 multa

766 3570 887 3610 cmn
939 3557 1131 3612 fiducia
1190 3561 1430 3614 universa
1483 3579 1720 3626 narrare,
1781 3563 2118 3633 protheticas
2171 3583 2344 3632 voces,

765 3651 1054 3718 apostolica
1083 3652 1347 3722 dogmata.
1385 3654 1525 3722 leges
1549 3654 1869 3720 Dominicas,
1897 3671 2110 3718 omnem
2137 3657 2348 3714 virtutis

765 3755 1002 3794 mensam
1021 3757 1307 3810 apponi-re,
1327 3759 1652 3814 uxoremth
1676 3745 2065 3798 narrationibus
2085 3747 2346 3813 ejusmodi

767 3833 1094 3899 pudiciorem
1145 3835 1388 3901 reddere,
1447 3837 1846 3904 prudentiorem
1897 3835 2346 3902 filium,bcuevo-

767 3921 1045 3976 lentiorem
1103 3925 1476 3990 domesticum,
1532 3929 1838 3980 amiciorem
1896 3930 2147 3992 amicum,
2189 3938 2346 4000 atque

769 4013 939 4082 ipsum
987 4015 1256 4068 inimicum
1291 4017 1634 4083 persuadebis
1661 4018 1840 4071 odium
1877 4018 2166 4086 deponere.

835 4105 890 4157 2.
941 4104 1068 4158 Vera
1095 4107 1272 4174 icjnnii
1313 4109 1444 4160 ratio
1471 4123 1604 4176 quat.
1653 4137 1724 4146 —-
1755 4107 1912 4162 Vides
1943 4109 2208 4177 quomodo
2235 4109 2348 4166 hmc

765 4197 976 4267 quidem
1029 4199 1228 4268 ubique
1279 4200 1530 4253 salutaria
1579 4199 1850 4269 dogmata,
1885 4201 1971 4253 illa
2003 4217 2130 4254 vero
2157 4217 2347 4256 acroa—

767 4299 906 4342 mata
955 4291 1144 4358 nbique
1197 4290 1448 4343 inutilia?
1491 4291 1620 4356 Quae
1670 4292 1826 4360 igitur
1869 4292 2054 4359 jejunii
2109 4294 2344 4358 utilitas,

765 4394 964 4448 quam),
1019 4397 1137 4432 cum
1189 4395 1414 4448 corpore
1465 4380 1676 4449 quidem
1718 4381 1947 4448 jejunas,
2003 4383 2171 4436 oculis
2221 4399 2348 4438 vero

769 4469 1096 4524 tumeliaris?
1123 4471 1454 4524 Adulterium
1484 4473 1623 4526 enim
1647 4479 1728 4524 est
1755 4487 1859 4524 non
1894 4473 2002 4540 ipsa
2035 4474 2192 4528 modo
2213 4489 2347 4528 con-

766 4562 1044 4632 glotinatio
1088 4573 1175 4616 ant
1223 4563 1410 4631 copula
1460 4562 1704 4632 corporis
1734 4604 1748 4624 ,
1804 4563 1898 4616 sed
1945 4573 1998 4616 et
2055 4565 2350 4634 impudicus

764 4655 928 4707 visus.
960 4655 1087 4719 Qua:
1113 4657 1308 4709 utilitas
1330 4671 1448 4708 cum
1479 4655 1601 4708 illuc
1629 4653 1751 4708 hinc
1777 4655 1891 4708 abis
1971 4655 2082 4722 Ego
2117 4659 2344 4724 corrigo,

765 4747 852 4800 ille
896 4747 1188 4814 corrumpit
1221 4765 1232 4798 :
1262 4761 1360 4816 ego
1410 4746 1702 4802 medicinas
1751 4747 1940 4800 morbo
1981 4747 2230 4813 adltibeo,
2263 4748 2348 4802 ille

763 4853 979 4890 causam
1026 4837 1192 4890 morbi
1245 4839 1548 4890 ministrat':
1581 4851 1679 4906 ego
1709 4849 1914 4892 natura:
1941 4837 2208 4900 flammam
2252 4855 2346 4892 ex-

765 4933 1010 4999 stinguo,
1067 4931 1154 4984 ille
1203 4929 1432 4982 libidinis
1463 4927 1726 4984 ﬂammam
1775 4931 2037 4984 accendit.
2091 4929 2349 4992 Qtneuti-

765 5023 884 5075 litas
913 5063 927 5088 ,
979 5021 1064 5075 dic
1111 5021 1240 5075 mihi
1267 5021 1290 5072 ’ἒ
1335 5019 1475 5074 Unus
1501 5022 1760 5086 cediﬁcans
1813 5031 1858 5073 et
1885 5037 2012 5074 unus
2035 5021 2292 5074 destruent
2331 5035 2348 5073 .'

763 5115 884 5183 quid
936 5115 1122 5167 [διεναιὶ
1172 5123 1288 5168 sum
1348 5115 1461 5182 plus
1524 5128 1675 5180 quam
1746 5111 1938 5166 labores
1987 5111 2196 5182 (Eccli.
2255 5113 2341 5168 54.

763 5205 898 5274 23).
956 5205 1068 5259 Non
1113 5223 1237 5275 ergo
1269 5205 1352 5260 hic
1405 5213 1458 5258 et
1487 5204 1634 5267 illic,
1709 5203 1802 5257 sed
1857 5203 1942 5257 hic
1996 5205 2164 5257 solum
2217 5219 2346 5257 eon-

767 5309 1058 5362 versemnr,
1081 5313 1184 5366 quo
1217 5296 1504 5358 fructuose,
1533 5311 1638 5365 quo
1665 5309 1770 5348 non
1803 5295 1853 5348 in
1882 5311 2070 5348 vanum
2104 5295 2208 5358 hic,
2241 5310 2347 5364 quo

767 5399 870 5435 non
901 5385 1172 5450 inutiliter,
1194 5405 1364 5458 neque
1388 5389 1452 5442 ad
1470 5387 1866 5442 damnationem
1889 5405 1902 5441 :
1926 5386 2066 5440 Unus
2087 5387 2346 5455 (ediﬁce-us

766 5485 812 5526 et
841 5491 968 5528 unus
984 5479 1243 5534 destructis
1267 5499 1284 5535 :
1312 5481 1432 5550 quid
1463 5480 1644 5534 lurratt'
1663 5489 1780 5534 sunt
1808 5479 1920 5548 plus
1939 5495 2088 5549 quant
2112 5479 2348 5533 labores?

773 5567 838 5620 Et
865 5571 1104 5636 quamvis
1131 5574 1280 5626 multi
1311 5575 1632 5628 aedificantes
1659 5571 1856 5638 forent,
1881 5585 2016 5626 unus
2063 5585 2194 5627 vero
2244 5571 2342 5627 de-

833 5725 850 5756 ⁸
887 5723 1040 5790 verba
1061 5735 1218 5790 usque
1241 5723 1318 5783 ad,
1339 5725 1440 5775 haec
1469 5725 1554 5776 illa
1577 5727 1731 5790 pejor,
1749 5727 2148 5780 desiderabantur
2167 5741 2217 5778 tu
2239 5723 2348 5778 Edi-

767 5787 854 5846 ως
879 5787 968 5834 sed
988 5799 1050 5832 ex
1075 5789 1232 5833 Ottob.
1257 5793 1310 5832 et
1333 5793 1516 5835 naroce.
1541 5787 1764 5839 restituta
1788 5797 1918 5840 sunt.

2455 463 2688 518 struens,
2714 454 2962 512 facilitate
2982 459 3331 518 subversionis
3353 465 3666 524 azditicantintn
3677 474 3860 531 nidtitulo

2453 545 2704 600 vincitur.
2739 547 2937 618 Magnze
2979 553 3214 620 profecto
3245 558 3548 626 turpitudinis
3584 572 3628 616 et
3655 565 3810 630 juvenes
3829 579 3861 622 et

2457 650 2614 692 senes
2645 638 2712 692 ad
2756 641 2860 693 tale
2913 641 3150 696 studium
3195 643 3449 702 fesunare.
3477 650 3566 704 Sed
3591 653 3738 708 utinam
3758 671 3858 724 usque

2459 725 2526 780 ad
2559 730 2936 798 turpitudinem
2963 743 3106 787 esset
3135 736 3322 790 malum
3349 757 3362 792 :
3388 743 3570 795 tametsi
3604 743 3644 796 id
3668 745 3806 798 homini
3823 751 3857 800 li-

2457 819 2588 872 bero
2615 821 2944 876 intolerabile
2971 825 3190 880 fortasse
3215 828 3426 894 videtur,
3443 842 3490 884 et
3513 831 3860 890 damnumcordnto

2457 911 2768 975 maximum,
2791 914 2834 966 si
2861 915 3182 984 turpitudine
3201 929 3252 971 et
3267 919 3527 988 ignominia
3545 935 3736 985 notetur;
3751 943 3860 980 rerum

2459 1015 2560 1054 non
2587 1000 2652 1054 ad
2679 1001 3018 1070 ignominiam
3039 1021 3204 1074 usque
3232 1016 3418 1064 tatuuni
3443 1027 3575 1079 pinna
3597 1015 3786 1082 procedit,
3811 1022 3863 1068 sol

2459 1090 2587 1144 ultio
2615 1093 2798 1161 ingens
2825 1107 2886 1146 ac
2913 1097 3225 1164 supplicium
3251 1098 3472 1154 imminet
3495 1109 3865 1158 :nccesseesteuim

2457 1183 2564 1236 illic
2581 1183 2828 1238 sedentes
2847 1197 3060 1252 peccato
3073 1187 3312 1244 adulterii
3327 1207 3496 1246 omnes
3513 1195 3666 1258 teneri,
3684 1209 3758 1248 non
3775 1197 3864 1264 quod

2457 1273 2526 1325 ibi
2579 1273 2890 1328 mulieribus
2935 1277 3268 1342 cOpulentur.
3307 1281 3395 1334 sed
3421 1281 3545 1350 quod
3581 1283 3784 1351 impudicis
3813 1299 3870 1338 eas

2457 1363 2759 1417 intueantur
2799 1365 2986 1418 oculis.
3031 1367 3238 1422 Etenim
3285 1369 3378 1423 hos
3397 1386 3582 1440 quoque
3612 1387 3771 1426 necesse
3795 1387 3869 1426 esse

2455 1457 2718 1510 adulterio
2741 1459 2904 1511 teneri
2931 1469 2988 1512 ut
3011 1459 3328 1530 intelligatis.
3349 1478 3444 1516 non
3463 1479 3614 1518 meum
3632 1465 3743 1518 Vobis
3759 1463 3869 1518 dicam

2457 1563 2778 1616 sermonem,
2817 1567 2884 1606 ne
2929 1551 3062 1606 forte
3089 1553 3406 1624 despiciatis,
3443 1557 3526 1610 sed
3562 1556 3738 1610 divinam
3763 1555 3868 1622 legem

2455 1639 2752 1708 explicabo,
2773 1641 2858 1696 ubi
2887 1642 3158 1710 despectui
3187 1659 3493 1714 nequaquam
3521 1645 3661 1700 locus.
3681 1643 3778 1712 Quid
3791 1657 3869 1711 ergo

2455 1729 2631 1784 divina
2651 1732 2734 1784 lex
2755 1733 2952 1801 inquit?
2973 1735 3196 1788 Audistis
3209 1736 3322 1806 quia
3345 1736 3510 1788 dictum
3525 1745 3584 1790 est
3598 1733 3869 1804 antiquunm

2455 1823 2775 1876 Μαι-Ιιυὸεήδ
2799 1823 2988 1892 (Exod.
3010 1824 3098 1879 20.
3129 1826 3222 1895 Η)
3246 1843 3259 1890 ;
3287 1841 3374 1897 ego
3395 1837 3542 1880 autem
3563 1828 3652 1880 dico
3667 1827 3776 1890 vobis,
3791 1824 3870 1892 quod

2454 1913 2753 1982 quicumque
2801 1915 2976 1968 viderit
3015 1917 3270 1970 mulierem
3311 1919 3374 1970 ad
3411 1919 3869 1986 concupiscendumcam,

2445 2005 2560 2074 jam
2589 2007 2862 2062 moechatus
2887 2019 2958 2062 est
2981 2025 3092 2062 eam
3117 2011 3170 2062 in
3199 2012 3344 2065 corde
3365 2028 3450 2065 suo
3485 2012 3658 2080 (Matth.
3679 2007 3868 2076 5.9.7.28}.

2457 2096 2646 2150 Vidisti
2667 2097 2986 2153 adulterium
3001 2111 3418 2154 consummatum
3445 2103 3466 2155 ?
3493 2103 3634 2155 vidisti
3658 2101 3869 2166 COlllllit‘llllll

2455 2199 2726 2258 peceatum
2747 2195 2769 2242 ?
2791 2199 2843 2246 et
2857 2192 2994 2260 quod
3015 2191 3272 2258 deterius,
3296 2195 3345 2248 in
3366 2195 3594 2248 adulterio
3609 2193 3870 2262 deprehensum

2453 2283 2773 2350 adulterum,
2803 2299 2906 2338 non
2939 2287 3296 2366 humano,scd
3327 2289 3492 2341 divino
3515 2289 3596 2340 sub
3617 2285 3762 2354 judicio
3776 2283 3872 2334 aulul-

2453 2375 2572 2429 terii
2595 2391 2742 2430 reum
2771 2391 2908 2440 esse,
2939 2377 3026 2431 ubi
3067 2378 3388 2432 immortales
3411 2389 3520 2432 sunt
3545 2393 3692 2446 ptrue.
3717 2375 3872 2438 Quarta:-

2453 2481 2547 2533 que
2576 2467 2706 2520 enim
2735 2469 2910 2521 viderit
2935 2469 3194 2522 mulierem
3215 2472 3279 2522 ad
3295 2469 3682 2538 concupiscendum
3701 2481 3788 2522 eam.
3803 2467 3875 2530 ,ἔσιθι

2453 2559 2728 2612 marclmtus
2769 2569 2838 2612 est
2871 2576 2982 2612 eam
3021 2561 3070 2613 in
3100 2563 3252 2614 corde
3273 2579 3386 2614 suo.
3413 2561 3511 2614 Non
3547 2559 3671 2611 modo
3699 2555 3870 2610 nimbum,

2455 2649 2546 2702 sed
2587 2659 2641 2702 et
2681 2651 2848 2704 morbi
2901 2652 3134 2707 radicem
3175 2653 3385 2718 evellit;
3413 2651 3546 2706 radix
3573 2649 3682 2704 enim
3715 2640 3874 2698 adulterii

2455 2741 2875 2810 concupiscentia
2919 2743 3182 2810 impudica
3231 2761 3244 2795 :
3293 2758 3448 2814 quare
3485 2755 3573 2795 non
3607 2737 3725 2792 modo
3759 2730 3872 2802 plu-tit

2453 2831 2788 2896 adulterium,
2805 2834 2896 2890 sed
2918 2843 2970 2889 et
2987 2837 3456 2906 concupiwentiam
3469 2875 3484 2900 ,
3508 2829 3700 2886 adulterii
3716 2836 3871 2880 litatum.

2453 2926 2540 2980 Sic
2561 2935 2612 2981 et
2637 2927 2826 2982 medici
2875 2927 3092 2992 faciunt,
3125 2945 3232 2981 non
3259 2928 3321 2981 ad
3353 2925 3546 2980 morbos
3574 2923 3722 2976 instant
3749 2917 3870 2976 solum.

2453 3019 2546 3072 sed
2587 3019 2651 3072 ad
2680 3035 2865 3073 causas
2893 3021 3049 3073 etiam
3093 3021 3354 3074 tollendas
3379 3037 3390 3070 :
3421 3016 3543 3088 quod
3568 3016 3604 3068 si
3643 3017 3868 3079 epulantem

2453 3109 2663 3163 oculum
2689 3110 2934 3175 viderint,
2963 3125 3184 3178 pravum
3217 3112 3475 3164 humorem
3500 3107 3724 3174 desuper:
3743 3107 3870 3162 tempo-

2451 3199 2598 3254 ribus
2619 3209 2962 3268 Compescunt
2987 3217 3000 3252 :
3031 3201 3106 3254 sic
3131 3211 3190 3254 et
3211 3199 3446 3254 Christus
3465 3197 3586 3252 facit.
3611 3191 3770 3248 (lucius
3785 3182 3868 3238 uult

2453 3299 2532 3343 est
2571 3291 2918 3355 adulterium;
2962 3291 3242 3344 oculorum
3267 3301 3350 3344 est
3377 3289 3586 3344 morbus.
3609 3298 3692 3338 non
3719 3271 3868 3342 ωτῑεοιίέ

2453 3382 2644 3443 solum,
2694 3381 2786 3436 scd
2825 3381 3014 3434 aninue
3043 3381 3224 3450 prius:
3257 3381 3444 3435 idcirco
3467 3377 3574 3432 inde
3591 3363 3868 3440 compescitur-

2451 3485 2656 3526 morem
2687 3471 3032 3540 impudicitia:
3075 3487 3170 3542 per
3218 3472 3453 3525 timorem
3489 3469 3629 3537 legis;
3663 3472 3776 3530 quare
3807 3465 3870 3504 non

2452 3563 2611 3618 modo
2638 3564 2954 3617 adulterium
2975 3563 3151 3632 punit,
3195 3563 3290 3616 sed
3316 3555 3726 3630 concupiscentiam
3739 3554 3871 3614 φιοίίυε

2453 3657 2739 3710 ulciscitur.
2773 3655 2896 3708 Jam
2919 3655 3196 3710 moechatus
3237 3667 3308 3710 est
3333 3672 3438 3708 eam
3461 3655 3504 3706 in
3527 3651 3648 3704 corde
3665 3659 3742 3698 suo.
3763 3635 3872 3692 Corde

2451 3757 2626 3802 autem
2653 3755 2922 3816 corrupto,
2949 3763 3068 3817 qua:
3097 3747 3352 3818 deinceps
3375 3747 3554 3800 utilitas
3577 3743 3620 3795 ia
3640 3737 3783 3804 reliquo
3799 3741 3871 3822 cor:

2453 3853 2578 3906 pare
2601 3838 2624 3890 ?
2647 3837 3101 3904 Quemadmodum
3157 3840 3300 3894 etaim
3347 3840 3396 3892 in
3422 3835 3594 3906 plantis
3621 3839 3664 3884 et
3697 3823 3814 3892 lignis.
3845 3831 3870 3866 SI

2449 3929 2664 3999 quando
2694 3944 2787 3984 cor
2811 3944 3025 3983 exesum
3053 3929 3317 3992 videmus,
3345 3929 3576 3996 reliquam
3591 3921 3644 3976 de
3667 3925 3802 4005 cetera

2453 4021 2735 4091 pudiamus
2767 4029 2971 4089 partem
2999 4039 3010 4074 :
3035 4021 3114 4076 sic
3139 4031 3196 4076 et
3223 4024 3274 4075 in
3305 4023 3502 4074 homine
3526 4029 3624 4070 cum
3659 4009 3696 4063 id
3723 4004 3870 4096 perierit.

2451 4113 2716 4166 incassum
2729 4124 2810 4166 est
2827 4111 2948 4166 inde
2961 4112 3160 4181 reliqua
3177 4109 3610 4180 corporissanitas.
3625 4099 3764 4166 Auriga
3777 4095 3870 4160 peril»

2451 4203 2668 4268 fractus,
2685 4206 2920 4274 dejeetus
2935 4215 3036 4270 est,
3053 4204 3248 4259 frustra
3277 4207 3326 4258 in
3345 4213 3588 4274 posterum
3605 4193 3696 4262 equi
3711 4189 3870 4242 currum:

2453 4297 2716 4350 laboriosa
2761 4297 2846 4351 lex
2881 4307 2934 4350 et
2981 4297 3205 4350 multum
3231 4297 3408 4350 oneris
3446 4293 3584 4346 habet
3608 4306 3618 4340 :
3640 4285 3698 4338 sic
3725 4279 3825 4346 igitur
3841 4277 3872 4320 et

2453 4403 2696 4458 magni'm
2733 4389 2892 4443 habet
2915 4405 3188 4444 coronam.
3229 4386 3494 4460 Ejusmodi
3517 4389 3620 4438 sunt
3637 4376 3740 4430 enim
3761 4381 3816 4421 res
3833 4361 3874 4413 la-

2453 4480 2680 4533 boriosae
2704 4497 2718 4545 ;
2745 4495 2962 4549 magnas
3010 4481 3208 4534 habent
3253 4477 3616 4534 retributiones.
3640 4465 3700 4520 'l‘u
3719 4465 3873 4556 veroali-

2451 4589 2712 4643 qnaquam
2729 4573 2960 4628 laborem
2977 4573 3189 4627 attende
3207 4614 3221 4636 ,
3257 4573 3348 4627 sed
3367 4565 3706 4625 retributionem
3717 4543 3872 4606 «inside-

2452 4684 2510 4722 ra
2537 4685 2552 4724 :
2585 4668 2661 4722 sic
2685 4675 2736 4722 et
2763 4668 2814 4721 in
2839 4668 2959 4721 vita:
2981 4667 3138 4720 rebus
3159 4665 3238 4720 fit.
3267 4665 3320 4719 Si
3345 4663 3480 4717 cuitu
3505 4657 3693 4712 laborem
3711 4645 3872 4744 imi-'0’"?

2451 4779 2673 4832 operum
2708 4764 3062 4832 prospexeris,
3093 4777 3254 4831 grave
3279 4769 3436 4828 atque
3459 4761 3693 4808 onerosum
3747 4737 3872 4837 Si"?

2453 4856 2856 4909 retributionem
2887 4855 3220 4923 cogitaveris,
3247 4852 3364 4905 leve
3387 4859 3438 4903 et
3473 4843 3602 4900 facile
3625 4829 3726 4906 fil“)d
3745 4823 3871 4923 sl'bef‘i:

2452 4947 2539 5002 Sic
2571 4957 2622 5002 cl
2646 4917 2987 5016 gubernator:
3011 4945 3054 4997 si
3079 4917 3272 4998 fluctus
3303 4939 3488 4995 viderit
3509 4933 3669 4990 solum,
3688 4917 3876 5018 numqua-1‘“

2453 5056 2484 5093 e
2514 5013 2670 5106 portu
2705 5039 2900 5108 scapha
2949 5037 3298 5108 digredietur,
3339 5033 3428 5087 sed
3471 5029 3511 5082 si
3545 5027 3740 5093 llum-5""n

2453 5147 2608 5200 quam
2629 5130 2816 5184 ﬂuctus
2839 5131 3146 5198 reSpexerit.
3167 5137 3294 5182 tunc
3312 5129 3598 5179 immensum
3613 5109 3722 5202 adire

2453 5225 2632 5278 audet.
2661 5225 2748 5278 Sic
2785 5233 2839 5278 et
2865 5225 3014 5277 miles
3040 5223 3082 5278 si
3111 5221 3325 5274 vulnera
3359 5215 3610 5278 aedesque

2453 5333 2610 5388 quam
2629 5317 2812 5371 induet
2828 5316 3096 5370 thoracem
3118 5331 3132 5378 ;
3155 5314 3198 5366 si
3214 5327 3342 5366 vero
3363 5304 3623 5372 triumphos
3637 5281 3876 5411 victoqﬁl:

2903 5410 2912 5411 ,
3465 5399 3476 5411 .
3701 5392 3746 5411 ...ι

2455 5412 2621 5479 priuis,
2649 5425 2802 5478 quam
2835 5410 3068 5468 vulnera.
3103 5417 3370 5473 tamquam
3417 5399 3478 5452 ad
3515 5398 3680 5502 prattl:ll
3700 5377 3862 5502 6.11721;

2453 5501 2717 5570 praelium.
2749 5501 2878 5567 Qum
2917 5501 3056 5553 enim
3099 5507 3284 5550 natura
3321 5491 3510 5564 gravia,
3639 5462 3872 5592 magis

2452 5607 2572 5646 cum
2591 5592 2700 5661 jam
2733 5607 2836 5644 non
2868 5590 3076 5644 labores
3119 5587 3428 5655 cogitamus,
3479 5573 3560 5632 sed
3587 5555 3873 5680 ipsos'iam:

2453 5647 2652 5739 fructus
2678 5681 3096 5738 consideramus.
3123 5679 3400 5731 Discerene
3427 5669 3503 5724 vis
3523 5647 3872 5766 (ιυοηιοίιοιξῗίιιῇ

2454 5775 2654 5848 gravia,
2687 5773 2821 5830 levia
2855 5771 3022 5826 fiunt?
3051 5767 3268 5827 Paulum
3299 5763 3416 5820 audi
3457 5759 3708 5814 dicentem:
3732 5737 3855 5792 δτιιικι
