4036 6206
165 330 267 387 615

170 463 328 505 ι-ατον
377 448 559 502 ἐκεῖνο
608 446 808 519 χωρίον
855 446 948 501 καὶ
990 449 1312 522 νοσημάτων
1358 450 1528 520 γέμον
1571 448 1838 505 παντοδα-

166 534 318 601 πῶν,
353 533 507 607 [518]
539 534 639 606 τὴν
672 534 1065 590 Βαϐυλωνίανει
1122 536 1372 607 κάμινον.
1425 535 1692 608 Καθάπερ
1730 536 1840 607 γὰρ

164 625 250 688 είς
282 623 516 695 κάμινόν
558 640 684 679 τινα
726 626 807 689 είς
842 624 904 679 τὸ
933 624 1162 698 θέατρον
1189 627 1288 698 τὴν
1325 627 1480 681 πόλιν
1524 625 1779 698 ἐμϐαλὼν
1814 628 1843 681 ὁ

162 711 440 778 διάϐολος,
475 711 620 765 οῦτω
656 712 903 766 κάτωθεν
934 713 1207 778 ὑποκαίει,
1243 715 1305 768 ού
1333 714 1669 787 κληματίδας
1710 715 1843 768 ὑπο-

164 798 359 865 τιθεὶς,
393 799 646 873 καθάπερ
674 801 704 854 ό
735 800 1011 874 βάρϐαρος
1042 801 1162 856 τότε
1190 803 1430 870 ἐκεῖνος,
1459 803 1580 858 οὐδὲ
1609 802 1837 872 νάφθαν,

164 888 289 943 ούδέ
322 890 649 953 στυππεῖον,
691 888 815 941 οὐδὲ
858 889 1093 959 πίσσαν,
1128 890 1264 944 ἀλλά
1305 892 1374 945 τά
1420 891 1600 963 πολλῷ
1635 891 1841 945 τούτων

166 975 529 1049 χαλεπώτερα
555 976 607 1041 δ,
641 977 907 1046 ωρνικάς
935 976 1089 1048 ὄψεις
1107 1020 1123 1046 ,
1152 979 1354 1051 αἰσχρά
1380 981 1630 1052 ῥήματα,
1653 980 1840 1034 ’διακε-

167 1063 455 1135 κλασμένα
513 1064 650 1135 μέλη
674 1104 691 1129 ,
746 1064 932 1135 πάσης
988 1064 1229 1137 γέμοντα
1275 1068 1541 1139 πονηρίας
1600 1068 1837 1141 ᾄσματα.

179 1150 430 1222 Ἐκείνην
469 1153 568 1223 μὲν
612 1149 707 1205 οὖν
738 1151 1073 1226 βαρϐαρικαὶ
1112 1154 1213 1227 τὴν
1260 1156 1495 1227 κάμινον
1529 1159 1709 1228 χεῖρες
1747 1158 1843 1212 ἀν-

163 1239 339 1312 ῆψαν,
355 1239 563 1310 ταύτην
579 1239 638 1294 δέ
663 1241 763 1311 τὴν
792 1241 1025 1313 κάμινον
1054 1242 1398 1315 ἀνοητότεροι
1422 1244 1532 1299 τῶν
1552 1244 1842 1316 βαρϐάρων

165 1326 401 1382 ἅπτουσι
425 1326 705 1399 λογισμοί·
735 1328 1094 1400 χαλεπωτέρα
1112 1329 1251 1402 αὕτη
1269 1331 1503 1403 ἐκείνης,
1534 1331 1720 1404 ἐπειδὴ
1746 1332 1842 1386 καὶ

164 1413 232 1467 τὺ
267 1414 380 1485 πῦρ
422 1414 831 1488 χαλεπώτεροψ
882 1418 944 1471 ού
983 1418 1094 1490 γάρ
1149 1419 1418 1490 σωμάτων
1468 1419 1612 1473 καίει
1657 1420 1838 1487 φύσιν,

164 1501 306 1555 ἀλλά
347 1501 530 1573 ψυχῆς
572 1503 787 1569 εὐεξίαν
820 1504 1175 1576 λυμαίνεται⁸
1200 1507 1295 1561 καὶ
1333 1506 1395 1560 τὸ
1436 1505 1839 1578 χαλεπώτερον,

166 1590 255 1644 ὅτι
300 1591 424 1645 οὐδὲ
462 1590 807 1646 αἰσθάνονται
849 1594 900 1646 οί
937 1593 1249 1665 καιόμενον
1285 1596 1334 1648 εί
1369 1596 1479 1667 γάρ
1522 1594 1837 1666 ᾐσθάνοντο,

165 1680 272 1733 οὐκ
321 1680 388 1734 ἀν
424 1679 632 1735 πλατὺν
667 1681 885 1751 γέλωτα
932 1682 1025 1735 ἐπὶ
1074 1686 1189 1746 τοῖς
1228 1684 1541 1752 γενομένοις
1582 1684 1839 1754 ἠφίεσαν·

168 1769 310 1839 ὅπερ
341 1763 434 1821 οῦν
457 1769 574 1821 ἐστι
605 1769 1022 1840 χαλεπώτατον,
1055 1770 1183 1825 ὅταν
1228 1789 1313 1835 τις
1349 1772 1519 1826 νοσῶν
1549 1773 1680 1843 μηδὲ
1714 1774 1846 1827 αὐτὸ

167 1854 333 1909 τοῦτο
355 1850 498 1910 οἶδεν
531 1857 615 1909 ὃτι
643 1859 820 1921 νοσεῖ,
848 1859 944 1911 καὶ
977 1859 1266 1929 καιόμενος
1294 1858 1493 1923 ἀθλίως
1527 1858 1621 1913 καὶ
1651 1860 1845 1914 ταλαι-

168 1941 409 2015 πώρως,
440 1944 542 1998 οὐκ
571 1943 885 2001 αἰσθάνεται
917 1945 1027 1998 τῶν
1065 1946 1432 2017 ἐμπρησμῶν.
1470 1947 1534 1999 Τί
1566 1946 1627 2000 τὸ
1655 1945 1845 2017 ὄφελος

164 2033 272 2101 τῆς
301 2033 558 2104 νηστείας
578 2073 593 2097 ,
626 2034 755 2087 ὅταν
803 2033 867 2087 τὸ
898 2033 998 2104 μὲν
1032 2034 1191 2104 σῶμα
1217 2035 1467 2108 κωλύσῃς
1496 2035 1596 2104 τῆς
1634 2053 1847 2107 νενομι-

169 2121 382 2193 σμένης
422 2121 647 2192 τροφῆς,
687 2123 753 2192 τῇ
802 2120 860 2174 δὲ
912 2120 1056 2193 ψυχῇ
1099 2123 1381 2197 προσάγῃς
1400 2124 1497 2195 τὴν
1530 2124 1848 2197 παράνομον

165 2212 415 2281 τροφήνς
446 2212 574 2264 ὅταν
604 2210 974 2284 διημερεύσῃς
1004 2214 1121 2267 ἐκεῖ
1149 2212 1481 2282 καθήμενος,
1514 2212 1723 2283 βλέπων
1749 2211 1847 2284 τὴν

168 2298 362 2370 κοινὴν
398 2296 561 2367 φύσιν
590 2297 1012 2370 ἀσχημονοῦσαν
1043 2299 1139 2352 καὶ
1178 2298 1842 2371 παραδειγματιζομένην,

168 2388 444 2453 γυναῖκας
474 2387 915 2461 πορνευομένας,
955 2388 1199 2465 μοιχείας
1239 2386 1699 2459 ὑποκρινομένους
1733 2390 1849 2442 ἐκεῖ

165 2473 297 2534 τοὺς
320 2483 343 2510 ε
374 2471 441 2525 τά
476 2472 714 2543 ἑκάστης
755 2474 933 2538 οἰκίας
975 2476 1121 2529 κακά
1157 2473 1549 2543 συλλέγοντας;
1599 2476 1711 2529 Καὶ
1738 2476 1847 2548 γάρ

169 2561 267 2614 καὶ
308 2560 565 2631 πορνείας
603 2561 698 2614 καὶ
739 2561 986 2632 μοιχείας
1020 2566 1167 2624 ἔστιν
1200 2565 1358 2629 ἰδεῖν,
1383 2561 1477 2618 καὶ
1503 2559 1849 2632 βλασφημίας

168 2645 406 2700 ἀκοῦσαι
426 2688 440 2711 ,
487 2646 576 2701 ἵνα
606 2648 700 2701 καὶ
737 2648 803 2703 δι’
847 2648 1143 2720 ὀφθαλμῶν
1175 2651 1272 2703 καὶ
1304 2652 1370 2704 δι’
1405 2650 1578 2720 ἀκοῆς
1627 2650 1660 2722 ἠ
1693 2651 1849 2715 νόσος

169 2735 393 2804 ἐπεισίῃ
439 2737 507 2808 τῇ
534 2734 708 2805 ψυχῇ·
743 2735 1039 2806 μιμοῦνται
1072 2737 1169 2800 τὰς
1199 2736 1486 2807 ἀλλοτρίας
1527 2735 1847 2807 συμφοράς,

167 2818 294 2873 ὅθεν
325 2823 510 2884 αὐτοῖς
559 2823 655 2876 καὶ
687 2822 747 2875 τὸ
790 2823 962 2893 ὄνομα
1011 2823 1107 2895 τῆς
1139 2823 1401 2894 αίσχύνης
1448 2823 1739 2878 ἐπίκειται.
1783 2825 1849 2878 Τί

164 2904 266 2961 οὖν
294 2907 359 2961 τδ
398 2908 587 2980 κέρδος
615 2909 715 2979 τῆς
760 2910 1045 2981 νηστείας,
1079 2910 1305 2964 τοιαῦτα
1332 2911 1431 2980 τῆς
1461 2911 1638 2981 ψυχῆς
1670 2929 1849 2964 σιτου-

170 2994 381 3067 μένης;
440 2997 617 3060 ποίοις
658 2997 958 3067 ὀφθαλμοῖς
1005 2998 1127 3068 ὄψει
1177 2999 1276 3070 τὴν
1322 3002 1556 3067 γυναῖκα
1597 2999 1704 3052 ἀπὸ
1740 2998 1851 3051 τῶν

169 3084 469 3155 θεαμάτων
529 3086 787 3151 ἐκείνων;
836 3085 1006 3150 ποίοις
1060 3086 1344 3159 ὄμμασινά
1375 3088 1496 3158 ὄφει
1551 3088 1644 3141 τὸν
1703 3087 1846 3151 υἱὸν,

168 3171 357 3235 ποίοις
384 3171 476 3224 τὸν
500 3172 747 3244 οἰκέτην,
798 3173 967 3238 ποίοις
991 3173 1082 3227 τὸν
1116 3175 1298 3244 φίλον;
1354 3177 1589 3248 Ἀνάγκη
1624 3179 1732 3248 γὰρ
1757 3177 1849 3231 λέ-

168 3273 346 3327 γοντα
377 3258 444 3312 τά
469 3261 587 3313 ἐκεῖ
624 3262 884 3331 γινόμενα
913 3262 1273 3333 ἀσχημονεῖν,
1307 3262 1339 3335 ἢ
1369 3264 1526 3336 σιγᾷν
1565 3266 1659 3318 καὶ
1682 3283 1850 3320 κατα-

169 3344 401 3399 δύεσθαι
434 3346 792 3418 ἐρυθριῶντα.
842 3347 980 3402 Ἀλλ’
1018 3351 1117 3403 ούκ
1149 3351 1396 3404 ἐντεῦθεν
1424 3352 1595 3417 οὕτως
1640 3355 1852 3423 ἀναχω-

172 3433 328 3503 ρεῖς,
360 3433 476 3487 ἀλλ’
507 3434 650 3501 ἐξεις
696 3436 753 3488 ἐν
787 3437 853 3506 τῇ
897 3436 1045 3508 οίκίᾳ
1087 3438 1226 3507 μετά
1263 3438 1463 3508 πολλῆς
1505 3440 1604 3510 τῆς
1636 3443 1851 3512 παρρη-

174 3520 298 3584 σίας
331 3521 510 3575 πάντα
533 3523 599 3576 τά
621 3524 888 3593 λεγόμενα
910 3522 1237 3595 διηγεῖσθαι,
1270 3527 1615 3597 προφητικᾶμῖ
1642 3529 1852 3596 φωνάς,

171 3609 517 3663 ἀποστολικά
548 3611 820 3682 δόγματα.
855 3612 1055 3682 νόμους
1089 3612 1464 3678 δεσποτικοὺς,
1495 3614 1711 3669 ἃπασαν
1752 3617 1851 3686 τῆς

172 3697 386 3766 ἀρετῆς
410 3697 768 3769 παρατιθέναι
793 3697 891 3769 τὴν
918 3698 1225 3770 τράπεζαν,
1257 3701 1350 3753 καὶ
1383 3704 1612 3770 γυναῖκα
1641 3719 1852 3774 σωφρο⁴

173 3786 441 3855 νεστέραν
465 3789 637 3849 ποιεῖς
661 3789 773 3850 τοῖς
804 3786 1053 3841 ἐντεῦθεν
1074 3788 1428 3859 διηγήμασιν,
1457 3791 1549 3843 καὶ
1581 3789 1693 3842 υἱὸν
1725 3808 1850 3844 συν-

170 3872 449 3943 ετώτερον
489 3873 726 3948 ἐργάζῃ,
758 3876 852 3928 καὶ
896 3876 1113 3947 οἰκέτην
1155 3877 1534 3949 εὐνούστερον.
1582 3880 1673 3932 καὶ
1701 3879 1851 3948 φίλον

172 3957 567 4032 φιλικώτερον,
598 3963 693 4016 καὶ⁵
722 3962 815 4016 τὸν
847 3962 1039 4035 ἐχθρὸν
1057 3964 1114 4017 δέ
1139 3964 1305 4018 αὐτὸν
1328 3965 1533 4030 πείθεις
1554 3965 1853 4021 καταλῦσαι

171 4050 278 4118 τὴν
306 4047 533 4119 ἔχθραν.

249 4134 319 4204 β’.
352 4134 513 4207 Ὁρᾷς
530 4137 605 4201 ὼς
621 4137 794 4192 ταῦτα
824 4138 926 4209 μὲν
943 4138 1218 4210 πανταχοῦ
1248 4142 1389 4212 σωτή
1400 4159 1488 4212 ρια
1502 4142 1570 4196 τὰ
1584 4142 1851 4214 δόγματα,

172 4224 370 4276 ἐκεῖνα
415 4224 472 4276 δὲ
513 4224 764 4298 ἀχρηστα
795 4226 1073 4298 πανταχοῦ
1105 4228 1173 4282 τά
1201 4228 1557 4299 ἀκούσματα;
1586 4230 1650 4283 Τί
1677 4232 1854 4284 τοίνυν

170 4309 377 4379 δφελος
426 4311 714 4381 νηστείας,
764 4310 885 4365 είπέ
930 4330 1054 4383 μοι,
1107 4314 1234 4366 ὅταν
1262 4313 1340 4385 τῷ
1370 4313 1581 4386 σώματι
1621 4316 1720 4386 μὲν
1760 4334 1857 4389 νη-

177 4397 419 4469 στεύῃς,
462 4398 551 4452 διά
592 4399 650 4453 δὲ
690 4399 799 4453 τῶν
841 4399 1138 4471 ὀφθαλμῶν
1184 4400 1474 4473 μοιχεύῃς;
1506 4404 1718 4474 μοιχεία
1748 4405 1856 4477 γάρ

174 4487 334 4539 ἐστιν
378 4486 439 4540 οὐ
472 4486 759 4560 συμπλοκὴ
806 4488 965 4559 μόνον
984 4530 1000 4554 ,
1033 4489 1153 4543 οὐδὲ
1195 4490 1381 4561 ὁμιλία
1412 4490 1691 4561 σώματος,
1720 4494 1855 4546 ἀλλά

175 4575 280 4627 καὶ
312 4573 436 4642 διξάς
466 4574 790 4639 ἀκόλαστος·
840 4576 894 4629 τί
922 4576 983 4629 τὸ
1029 4576 1219 4646 δφελος
1249 4577 1378 4630 ὅταν
1407 4588 1431 4615 θ
1465 4578 1699 4632 ἐνταῦθα
1747 4597 1856 4632 πα-

177 4662 391 4734 ραγίνη
429 4664 625 4728 κάκεῖ;
670 4663 813 4737 Ἐγὼ
847 4664 1109 4727 παιδεύω,
1142 4665 1347 4726 ἐκεῖνος
1375 4664 1711 4738 διαφθείρει’
1746 4668 1859 4737 ἐγὼ

177 4752 460 4823 φάρμακα
495 4754 685 4824 ἐπάγω
718 4757 783 4826 τῇ
819 4755 993 4827 νόσῳ,
1028 4756 1232 4819 ἐκεῖνος
1265 4755 1621 4827 προστίθησιν
1660 4757 1857 4812 ὑπόθε-

178 4858 274 4895 σιν
317 4843 388 4912 τῇ
448 4842 621 4912 νόσῳι
674 4841 785 4911 ἐγὼ
836 4842 1077 4898 σϐεννύω
1120 4844 1220 4914 τὴν
1249 4843 1424 4914 φλόγα
1463 4844 1562 4915 τῆς
1604 4846 1857 4915 φύσεως,

177 4929 399 4991 ἐκεῖνος
426 4927 653 4983 ἀνάπτει
683 4928 781 5000 τὴν
810 4930 983 4999 φλόγα
1009 4931 1108 5001 τῆς
1135 4930 1450 5003 ἐπιθυμίας.
1479 4932 1619 4987 Τίτδ
1645 4933 1859 5002 ὄφελος,

176 5014 313 5070 εἰπέ
362 5032 487 5086 μοις
523 5010 625 5082 Εἷς
646 5016 981 5086 οἰκοδομῶν
1010 5018 1108 5071 καί
1147 5018 1227 5085 εἷς
1272 5018 1598 5087 καθαιρῶν
1632 5020 1690 5074 τί
1715 5021 1861 5091 ὠφέ-

176 5106 403 5173 λησαν
459 5103 649 5158 πλέον
693 5104 733 5173 ἢ
784 5105 1050 5170 κόπους;
1111 5106 1202 5178 Μὴ
1254 5106 1430 5160 τοίνυν
1482 5107 1714 5163 ἐνταῦθα
1770 5109 1864 5163 καὶ

179 5192 345 5258 ἐκεῖ,
380 5191 493 5245 ἀλλ’
525 5192 764 5246 ἐνταῦθα
797 5193 957 5264 μόνον
1004 5192 1399 5265 διατρίϐωμεν,
1447 5195 1532 5249 ἵνα
1578 5195 1864 5268 χρησίμως

183 5279 459 5347 ἐνταῦθα,
485 5281 572 5335 ἵνα
593 5281 665 5352 μὴ
701 5283 877 5353 μάτην
915 5280 1167 5344 ἐνταῦθα,
1198 5281 1287 5335 ἴνα
1313 5284 1387 5355 μὴ
1423 5283 1562 5354 είκῆ,
1606 5285 1740 5355 μηδὲ
1769 5285 1861 5338 ἐπὶ

184 5368 523 5438 κατακρίσει
546 5386 559 5397 ⁸
589 5364 692 5434 Εἷς
720 5368 1049 5439 οἰκοδομῶν
1069 5370 1168 5426 καί
1190 5364 1277 5437 εἷς
1294 5368 1620 5440 καθαιρῶν·
1647 5373 1705 5425 τί
1718 5372 1865 5441 ὠφέ-

180 5461 402 5527 λησαν
424 5457 615 5513 πλέον
637 5458 673 5527 ἢ
700 5458 850 5533 [5ι9]
876 5460 1138 5529 κόπους;
1171 5460 1362 5516 Καίτοι
1391 5478 1453 5529 γε
1484 5463 1531 5514 εί
1558 5462 1652 5515 καὶ⁵
1679 5461 1865 5517 πολλοὶ

255 5576 275 5639 _'
300 5574 462 5639 .1th
485 5575 868 5639 Βαϐυλωνιακήν.
887 5574 1104 5639 Utraque
1128 5575 1278 5626 lectio
1302 5578 1525 5639 quadrat.

252 5637 287 5679 ιι
309 5637 427 5700 Haec
450 5649 607 5700 usque
629 5637 688 5700 gd
708 5638 1017 5700 χαλεπωτέρα
1027 5637 1673 5700 εεαιιοηε,όέεὶόεηδσηιυιι
1692 5641 1741 5689 ιη
1766 5640 1868 5690 edi-

182 5700 263 5813 ἶίε
276 5699 493 5810 5739::
514 5697 684 5748 Ottob.
708 5697 767 5747 ει
788 5697 987 5748 Barocé.
1017 5697 1246 5785 resinata
1268 5707 1402 5763 sunt,
1427 5708 1479 5751 et
1498 5700 1570 5764 ab
1589 5703 1867 5765 interprete

211 5775 274 5811 ec
499 5794 511 5807 .

258 5826 284 5885 ξ
320 5822 375 5885 In
399 5820 595 5885 Bprqccr.
621 5819 849 5885 {uitat};
865 5820 1030 5871 deest.
1054 5819 1223 5874 οιιοι».
1247 5825 1413 5876 autem
1451 5821 1602 5875 habet
1643 5821 1861 5885 ἐκείνους.

255 5882 287 5925 «ι
310 5881 483 5931 ()llob.
504 5882 776 5945 ρφθαλμοῖς.

262 5900 892 6008 Ῐξωὲοφέυδτιάῗῦεοει
916 5941 970 5994 in
994 5942 1159 5999 editis.

1403 331 1494 388 DE
1534 329 1999 402 NIEMTENTIA.
2031 327 2262 385 HOMIL.
2305 329 2392 384 Vl.

3508 331 3612 388 διο

1949 448 1995 500 οί
2021 443 2432 516 οίκοδομοῦντες
2452 437 2562 496 εἷεν
2578 482 2594 507 ,
2619 438 2697 504 εἷς
2721 441 2777 494 δὲ
2796 443 2824 495 ό
2848 440 3147 515 καθαιρῶν,
3178 447 3303 518 νικᾷ
3328 446 3427 518 τὴν
3448 448 3618 503 πολύ-

1948 531 2159 604 χειρίαν
2184 530 2294 584 τῶν
2315 527 2744 601 οἱκοδομούντων
2770 530 2805 601 ἡ
2840 529 3059 584 εὐκολία
3084 531 3183 602 τῆς
3206 535 3611 605 καταστροφῆς.

1948 618 2172 691 Μεγάλη
2206 619 2377 681 ὅντως
2410 616 2640 689 αίσχύνη
2670 616 2766 672 καὶ⁹
2793 616 3085 682 νεάζοντας
3109 620 3206 673 καὶ
3233 622 3613 693 γεγηρακότας

1950 707 2045 760 ἐπὶ
2070 705 2168 777 τὴν
2216 703 2474 775 τοιαύτην
2521 704 2740 776 τρέχειν
2786 704 3040 775 σπουδήν.
3088 705 3225 758 Ἀλλ’
3259 706 3369 761 εἴθε
3421 708 3615 780 μέχρις

1948 792 2211 864 αἰσχύνης
2251 788 2321 864 ἦν
2361 793 2423 846 τὸ
2473 790 2678 845 κακόν·
2715 791 2893 846 καίτοι
2936 808 3001 862 γε
3045 791 3166 845 οὐδὲ
3191 793 3349 847 τοῦτο
3379 795 3615 866 φορητὸν

1948 879 2102 951 ἀνδρὶ
2128 878 2402 951 ἐλευθέρῳ
2423 917 2438 942 ,
2482 877 2598 932 ἀλλ’
2625 878 2827 949 ἐσχάτη
2863 877 3038 950 ζημία
3061 879 3140 951 τῷ
3166 878 3291 933 νοῦν
3319 880 3496 951 ἔχοντι
3519 891 3616 936 καὶ

1949 966 2294 1035 κατάγνωσις
2326 966 2421 1019 καὶ
2469 965 2700 1037 αἰσχύνη
2724 981 2739 997 ’
2774 965 2890 1019 ἀλλ’
2927 968 2988 1020 ού
3026 965 3187 1038 μέχρι
3227 968 3327 1038 τῆς
3356 967 3616 1041 αἰσχύνης

1945 1053 2008 1108 τὸ
2048 1054 2356 1124 ἐπιτίμιον,
2398 1051 2535 1106 ἀλλά
2579 1053 2673 1106 καὶ
2712 1053 2932 1116 κόλασις
2969 1053 3243 1108 ἐπίκειται
3277 1054 3617 1126 μεγάληκαί

1945 1142 2207 1213 τιμωρία.
2257 1143 2493 1212 Ἀνάγκη
2544 1142 2654 1211 γάρ
2699 1142 2825 1206 τοὺς
2850 1143 2968 1194 ἐκεῖ
3001 1141 3345 1212 καθημένους
3372 1142 3619 1213 μοιχείας

1949 1228 2194 1300 ἁμαρτίᾳ
2241 1228 2450 1292 πάντας
2487 1228 2837 1294 ἁλίσκεσθαι,
2864 1228 2965 1282 οὐκ
3001 1228 3187 1299 ἐπειδὴ
3214 1230 3614 1300 συμπλέκονται

1948 1328 2069 1390 ταῖς
2100 1327 2217 1379 ἐκεῖ
2254 1325 2531 1394 γυναιξὶν,
2573 1325 2687 1379 ἀλλ’
2733 1325 2920 1398 ἐπειδὴ
2953 1324 3273 1388 ἀκολάστοις
3329 1325 3618 1397 βλέπουσιν
3686 1318 3690 1322 ’

1948 1422 2118 1486 αύτάς
2162 1422 2481 1493 ὀφθαλμοῖς.
2529 1424 2651 1476 ’Ὀτι
2684 1422 2794 1493 γὰρ
2842 1421 2939 1475 καί¹
2979 1421 3200 1486 τούτους
3246 1422 3458 1493 ἀνάγκη
3500 1441 3617 1494 μοι·

1950 1519 2072 1591 χείᾳ
2105 1518 2455 1580 ἁλίσκεσθαι,
2496 1519 2595 1570 οὐκ
2624 1518 2755 1587 ἐμὸν
2787 1519 2917 1588 ὑμῖν
2950 1516 3058 1589 ἐρῶ
3085 1517 3260 1587 λόγον,
3297 1518 3381 1571 ἵνα
3410 1518 3485 1590 μὴ
3515 1536 3618 1572 κα-

1948 1608 2367 1678 ταφρονήσητε,
2409 1604 2546 1659 ἀλλά
2598 1605 2743 1657 θεῖον
2805 1606 2934 1675 ὑμῖν
2986 1603 3371 1676 ἀναγνώσομαι
3420 1608 3615 1678 νόμον·

1952 1693 2186 1747 ἐνταῦθα
2236 1694 2345 1764 γάρ
2402 1692 2583 1745 οὐκέτι
2635 1692 2997 1760 καταφρονεῖν
3045 1690 3289 1746 δυνατόν.
3337 1693 3403 1746 Τί
3451 1690 3543 1747 οῦν
3589 1697 3620 1748 ό

1952 1770 2093 1844 θεῖοξ
2137 1780 2301 1851 νόμος
2345 1779 2543 1850 φησίν;
2597 1779 2918 1833 Ἠκούσατε
2967 1778 3057 1831 ὅτι
3109 1777 3312 1847 ἑῤῥέθη
3367 1781 3491 1848 τοῖς
3517 1781 3621 1850 dp-

1951 1868 2166 1939 καίοις,
2201 1870 2283 1921 Οὐ
2302 1868 2650 1937 μοιχεύσεις
2672 1882 2686 1897 ’
2719 1866 2833 1935 ἐγὼ
2853 1865 2921 1919 δὲ
2941 1865 3096 1935 λέγω
3132 1867 3296 1936 ὑμῖν,
3332 1867 3419 1921 ὅτι
3448 1868 3565 1934 πᾶς
3588 1872 3620 1923 ὁ

1951 1955 2257 2024 ἐμϐλέψας
2286 1954 2542 2026 γυναῖκα
2579 1954 2729 2023 πρὸς
2758 1954 2823 2008 τὸ
2853 1954 3220 2024 ἐπιθυμῆσαι
3245 1952 3466 2022 αὐτῆς,
3503 1954 3620 2023 ἤδη

1952 2044 2313 2113 ἐμοίχευσεν
2342 2044 2537 2109 αὐτὴν
2570 2042 2640 2096 ἐν
2677 2041 2752 2111 τῇ
2789 2042 3001 2111 καρδίᾳ
3031 2043 3237 2097 αὐτοῦ.
3267 2040 3417 2107 Εἶδες
3443 2045 3623 2114 άπηρ⁴

1952 2130 2205 2201 τισμὲνον
2239 2128 2328 2182 τὸν
2360 2128 2587 2200 μοιχόν;
2636 2124 2774 2192 εἶδες
2809 2127 3248 2199 πεπληρωμένην
3296 2129 3394 2199 τὴν
3445 2129 3624 2199 ἁμαρ-

1950 2216 2108 2284 τίαν;
2157 2215 2251 2270 καὶ
2277 2215 2335 2269 τὸ
2357 2213 2737 2287 χαλεπώτερον
2755 2254 2769 2279 ,
2799 2214 2891 2267 τὸν
2926 2214 3113 2285 μοιχὸν
3149 2214 3394 2285 μοιχείας
3426 2214 3623 2270 ἁλόντα

1953 2304 2053 2357 οὐκ
2076 2305 2134 2358 ἐν
2164 2302 2521 2374 ἀνθρωπίνῳ,
2569 2301 2685 2355 ἀλλ’
2724 2303 2780 2356 ἐν
2830 2301 2961 2372 θείῳ
2993 2302 3330 2372 δικαστηρίῳ
3361 2301 3465 2373 τῆς
3501 2319 3623 2373 μοιο

1953 2389 2107 2462 χείας
2136 2391 2422 2461 γινόμενον
2454 2388 2775 2454 ὑπεύθυνον,
2806 2390 2935 2443 ἔνθα
2957 2388 3202 2444 ἀθάνατα
3227 2389 3293 2442 τά
3316 2388 3423 2443 τῶν
3453 2407 3624 2460 τιμω⁴

1957 2477 2108 2550 ριῶν.
2141 2476 2268 2544 Πᾶς
2299 2480 2332 2532 ὀ
2358 2476 2669 2547 ἐμϐλέψας
2699 2476 2955 2547 γυναῖκα
2982 2475 3132 2545 πρὸς
3163 2476 3231 2529 τὸ
3258 2474 3624 2546 ἐπιθυμῆσαι

1954 2563 2165 2634 αὐτῆς,
2195 2562 2315 2633 ἤδη
2358 2564 2719 2634 ἐμοίχευσεν
2749 2562 2945 2632 αὐτὴν
2971 2564 3042 2617 ἐν
3068 2563 3143 2632 τῇ
3175 2563 3385 2634 καρδίᾳ
3414 2565 3620 2625 αὐτοῦ.

1956 2650 2031 2705 Ub
2062 2652 2123 2705 τὸ
2162 2653 2407 2722 νόσημα,
2438 2652 2573 2705 ἀλλά
2621 2652 2716 2704 καὶ
2761 2651 2859 2724 τὴν
2904 2650 3059 2722 ῥίζαν
3092 2652 3306 2722 ἀναιρεῖ
3347 2651 3440 2704 τοῦ
3469 2653 3625 2722 νοσή-

1958 2755 2161 2809 ματος·
2196 2739 2322 2811 ρίζα
2363 2738 2474 2811 γάρ
2506 2738 2753 2810 μοιχείας
2789 2738 3054 2809 ἐπιθυμία
3085 2738 3409 2801 ἀκόλαστος·
3455 2737 3535 2792 διὸ
3562 2738 3623 2791 οὐ

1960 2827 2204 2897 μοιχείαν
2233 2826 2453 2889 κολάζει
2504 2825 2666 2896 μόνον
2687 2866 2701 2892 ,
2730 2823 2866 2878 άλλά
2905 2825 3001 2877 καὶ
3040 2823 3333 2895 ἐπιθυμίαν
3353 2864 3367 2889 ,
3398 2822 3497 2894 τὴν
3527 2824 3627 2893 τῆς

1960 2916 2206 2985 μοιχείας
2230 2915 2463 2985 μητέρα.
2494 2912 2652 2967 Οὕτω
2676 2912 2774 2966 καὶ
2797 2913 2844 2965 οί
2876 2912 3050 2983 ίατρο)⁸
3080 2912 3326 2981 ποιοῦσιν
3345 2928 3359 2943 ο
3389 2912 3450 2964 ού
3489 2910 3627 2981 πρὸς

1956 3002 2022 3056 τά
2047 3003 2330 3073 νοσήματα
2369 3002 2616 3054 ἵστανται
2651 3000 2841 3071 μόνον,
2874 2998 3012 3052 ἀλλά
3039 2998 3135 3052 καὶ
3158 2999 3296 3071 πρὸς
3325 2998 3425 3062 τὰς
3452 2998 3627 3062 αἰτίας

1956 3090 2125 3153 αὑτάς
2148 3107 2162 3123 ·
2203 3090 2307 3143 κάν
2339 3089 2520 3142 ῖδωσιν
2564 3086 2875 3158 ὀφθαλμοὺς
2924 3086 3215 3150 νοσοῦντας
3238 3126 3252 3149 ,
3283 3086 3345 3139 τὸ
3393 3087 3629 3159 πονηρὸν

1959 3178 2136 3251 ῥεῦμα
2183 3176 2389 3232 ἀνωθεν
2439 3177 2547 3229 ἀπὸ
2596 3175 2705 3229 τῶν
2759 3172 3052 3246 κροτάφων
3114 3173 3527 3228 ἀναστέλλουσιν
3561 3174 3580 3213 ί
3610 3191 3626 3208 ·

1957 3266 2098 3319 οῦτω
2129 3266 2223 3319 καὶ
2249 3266 2278 3319 ὁ
2304 3263 2540 3336 Χριστὸς
2581 3265 2742 3318 ποιεῖ.
2785 3260 3093 3332 Ὀφθαλμία
3128 3261 3340 3333 χαλεπὴ
3378 3262 3625 3333 μοιχείαν

1956 3350 2067 3405 τῶν
2116 3352 2410 3422 ὀφθαλμῶν
2452 3354 2570 3405 ἐστι
2616 3350 2678 3404 τὺ
2723 3350 2959 3422 νόσημα,
2986 3349 3047 3402 οὐ
3078 3348 3187 3401 τῶν
3211 3348 3303 3401 τοῦ
3333 3349 3627 3420 σώματος,

1957 3439 2093 3494 ἀλλά
2133 3441 2397 3510 πρότερον
2434 3439 2542 3491 τῶν
2576 3439 2672 3504 τῆς
2708 3437 2921 3507 ψυχῆς
2960 3435 3047 3488 διὰ
3081 3434 3238 3488 τοῦτο
3294 3436 3501 3488 ἐκεῖθεν
3535 3436 3632 3490 ἀν-

1959 3526 2164 3579 έστειλε
2206 3526 2269 3579 τὸ
2302 3524 2481 3597 ῥεῦμα
2516 3524 2616 3594 τῆς
2647 3523 2944 3586 ἀκολασίας
2964 3562 2977 3584 ,
3000 3522 3079 3591 τῷ
3112 3521 3261 3592 φόϐῳ
3301 3521 3395 3576 τοῦ
3423 3522 3590 3594 νόμου
3612 3537 3629 3553 '

1958 3614 2045 3667 διά
2072 3613 2229 3666 τοῦτο
2260 3612 2382 3683 οὐχὶ
2424 3612 2670 3683 μοιχείαν
2709 3611 2869 3680 μόνον
2898 3609 3178 3671 ἐκόλασεν,
3212 3608 3351 3663 ἀλλά
3383 3611 3477 3665 καὶ
3509 3611 3633 3663 ἐπι-

1961 3701 2161 3773 θυμίαν
2214 3700 2617 3771 ἐτιμωρήσατο.
2654 3698 2797 3763 Ἤδη
2824 3696 3181 3766 ἐμοίχευσεν
3217 3695 3411 3765 αὐτὴν
3455 3699 3526 3751 ἐν
3555 3697 3634 3768 τῇ

1959 3788 2173 3858 καρδίᾳ
2200 3787 2385 3842 αὑτοῦ
2406 3802 2422 3817 '
2471 3787 2570 3856 τῆς
2601 3786 2659 3838 δὲ
2699 3784 2926 3855 καρδίας
2968 3783 3372 3857 διεφθαρμένης
3392 3825 3408 3850 ,
3439 3785 3495 3839 τί
3523 3783 3634 3839 λοι-

1962 3875 2062 3929 πδν
2095 3875 2284 3942 ὄφελος
2315 3872 2409 3927 τοῦ
2433 3871 2623 3925 λοιποῦ
2655 3871 2907 3942 σώματος
2928 3888 2942 3937 ;
2966 3871 3178 3943 Ὠσπερ
3200 3872 3308 3944 γὰρ
3329 3874 3423 3926 ἐπὶ
3448 3873 3631 3941 φυτῶν

1963 3964 2057 4017 καὶ
2092 3961 2294 4027 ξύλων,
2323 3962 2454 4015 ὅταν
2486 3961 2686 4031 ἴδωμεν
2729 3959 2828 4031 τὴν
2856 3960 3086 4033 καρδίαν
3119 3959 3537 4033 διαϐρωθεῖσαν,
3571 3961 3633 4015 τὸ

1962 4050 2146 4104 λοιπὸν
2169 4047 2648 4119 ἀποδοκιμάζομεν
2674 4048 2842 4119 μέρος
2860 4063 2874 4079 ·
2894 4046 3036 4101 οὕτω
3055 4048 3151 4101 καὶ
3181 4049 3274 4101 ἐπὶ
3302 4047 3396 4102 τοῦ
3423 4048 3633 4121 ἀνθρώ-

1964 4156 2066 4194 που
2102 4139 2230 4191 ὃταν
2272 4138 2457 4208 ἐκείνη
2492 4135 2761 4204 ἀπόληται
2781 4173 2796 4199 ,
2826 4136 2949 4207 είκῆ
2978 4135 3164 4191 λοιπὸν
3195 4137 3228 4208 ἠ
3264 4135 3357 4190 τοῦ
3381 4134 3634 4207 σώματος

1965 4226 2162 4297 ὑγίεια.
2207 4226 2265 4280 '0
2289 4226 2497 4297 ἡνίοχος
2521 4223 2788 4289 ἀπόλωλε,
2819 4223 3139 4295 διέφθαρται
3171 4225 3266 4278 καὶ
3293 4224 3634 4297 καταϐέϐλη-

1962 4330 2081 4379 ται,
2117 4313 2292 4384 μάτην
2329 4312 2613 4385 τρέχουσιν
2638 4313 2686 4364 οί
2719 4310 2873 4365 ἵπποι
2900 4311 3083 4365 λοιπόν
3103 4329 3117 4343 ·
3144 4312 3399 4376 ἐπίπονος
3422 4313 3450 4365 ὁ
3473 4313 3637 4384 νόμος

1965 4405 2059 4457 καὶ
2080 4401 2213 4457 πολὺ
2253 4402 2316 4455 τὸ
2331 4401 2586 4473 φορτικὸν
2616 4400 2750 4472 ἔχει,
2774 4400 2963 4473 ῶσπερ
2985 4394 3078 4454 οὗν
3100 4400 3194 4453 καὶ¹
3221 4401 3393 4471 μέγαν
3414 4400 3638 4473 ἔχειτὸν

1970 4490 2255 4560 στέφανον.
2288 4487 2526 4543 Τοιαῦτα
2554 4488 2663 4559 γάρ
2709 4486 2779 4541 τά
2806 4488 3036 4541 ἐπίπονα
3056 4526 3071 4551 ,
3123 4486 3365 4558 μεγάλας
3398 4488 3511 4558 ἔχει
3538 4489 3640 4553 τὰς

1969 4578 2222 4648 ἀμοιϐάς.
2250 4578 2321 4630 Σὺ
2342 4576 2398 4629 δέ
2425 4575 2497 4647 μὴ
2526 4574 2602 4645 τῷ
2633 4575 2780 4645 πόνῳ
2807 4574 3043 4646 πρόσεχε
3061 4614 3075 4637 ,
3112 4573 3251 4629 ἀλλά
3279 4574 3375 4647 τὴν
3405 4574 3638 4647 ἀμοιϐὴν

1970 4665 2140 4718 ἐννόει
2160 4682 2172 4695 ·
2200 4662 2342 4717 οῦτω
2366 4663 2476 4734 γάρ
2498 4664 2592 4716 καὶ
2610 4662 2704 4714 ἐπὶ
2723 4661 2831 4715 τῶν
2856 4662 3124 4733 βιωτικῶν
3147 4662 3357 4731 γίνεται
3379 4661 3640 4734 πραγμά-

1967 4768 2097 4807 των.
2136 4751 2234 4805 “Av
2269 4750 2367 4822 μὲν
2406 4750 2515 4820 γάρ
2547 4749 2638 4802 τὸν
2665 4749 2826 4802 πόνον
2867 4749 2983 4822 ἴδῃς
3024 4749 3132 4804 τῶν
3164 4748 3636 4821 κατορθωμάτων,

1972 4840 2111 4913 βαρὺ
2136 4839 2229 4893 καὶ
2261 4837 2518 4911 φορτικόν
2537 4854 2551 4869 ⁸
2578 4836 2647 4892 ἂν
2674 4836 2729 4891 δὲ
2752 4837 2854 4910 τὴν
2875 4837 3109 4911 ἀμοιϐὴν
3145 4837 3283 4910 ίδῃς,
3312 4834 3512 4907 κοῦφον
3541 4836 3640 4892 καὶ

1972 4931 2168 5001 ῥᾷστον
2204 4926 2266 4981 τὸ
2312 4924 2692 4999 προκείμενον.
2748 4924 2905 4980 Οὕτω
2949 4926 3045 4980 καὶ
3087 4923 3427 4995 κυϐερνήτης
3457 4923 3524 4978 ἂν
3567 4925 3638 4979 τά

1970 5017 2192 5089 κύματα
2229 5015 2403 5087 βλέπῃ
2444 5016 2636 5086 μόνον,
2664 5013 2919 5068 οὐδέποτε
2962 5010 3169 5080 ἐξέλκει
3206 5010 3299 5064 τοῦ
3332 5009 3553 5082 λιμένος
3577 5012 3642 5066 τὸ

1973 5104 2213 5174 σκάφος,
2263 5101 2398 5157 ἀλλά
2440 5102 2546 5174 πρὸ
2578 5102 2689 5156 τῶν
2744 5101 3002 5171 κυμάτων
3050 5099 3150 5169 τὴν
3183 5096 3330 5169 [320]
3366 5097 3641 5169 ἐμπορίαν

1970 5194 2136 5266 ὁρῶν,
2168 5190 2310 5246 οὕτω
2352 5191 2447 5244 καὶ
2493 5189 2728 5246 ἀπλέτου
2778 5186 3095 5258 κατατολμᾷ
3139 5185 3430 5255 πελάγους.
3481 5185 3641 5241 Οῦτω

1972 5283 2066 5336 καὶ
2092 5278 2434 5352 στρατιώτης
2462 5278 2528 5333 ἂν
2546 5279 2616 5332 τά
2634 5276 2924 5350 τραύματα
2940 5273 3133 5346 βλέπῃ,
3161 5272 3378 5338 καὶτὰς
3401 5274 3638 5343 σφαγάς,

1973 5369 2228 5423 οὐδέποτε
2264 5366 2544 5421 ἐνδύσεται
2572 5364 2798 5438 θώρακα
2819 5379 2832 5393 ·
2862 5360 2930 5416 ἀν
2956 5361 3014 5416 δὲ
3043 5361 3151 5432 πρὸ
3178 5361 3289 5415 τῶν
3306 5364 3643 5433 τραυμάτων

1970 5456 2039 5511 τά
2071 5455 2307 5527 τρόπαια
2357 5453 2532 5525 σκοπῇ
2578 5451 2673 5506 καὶ⁵
2716 5451 2815 5516 τὰς
2846 5449 3031 5514 νίκας,
3071 5449 3262 5522 ὥσπερ
3288 5451 3370 5514 είς
3397 5448 3643 5521 λειμῶνα

1970 5545 2261 5618 δραμεῖται
2295 5541 2393 5614 τὴν
2441 5539 2767 5613 παράταξιν.
2821 5538 2903 5593 Τά
2924 5537 3035 5611 γάρ
3066 5536 3227 5608 φύσει
3262 5536 3459 5610 βαρέα,
3497 5535 3643 5591 οῦτω

1973 5631 2154 5703 κοῦφα
2182 5632 2414 5701 γίνεται,
2445 5629 2574 5683 ὅταν
2607 5627 2683 5700 μὴ
2715 5626 2841 5691 τοὺς
2879 5626 3076 5692 πόνους
3106 5624 3474 5699 λογιζώμεθα,
3505 5621 3645 5679 ἀλλά

1973 5720 2069 5775 καὶ
2095 5719 2193 5784 τάς
2232 5717 2469 5790 ἀμοιϐὰς
2504 5716 2683 5770 αὐτῶν
2716 5714 3028 5786 σκοπιῖδμεν.
3068 5713 3259 5768 Βούλει
3299 5714 3491 5785 μαθεῖν
3519 5709 3642 5773 πῶς

1975 5807 2046 5864 τά
2084 5804 2244 5878 φύσει
2292 5804 2465 5877 βαρέα
2492 5803 2675 5875 κοῦφα
2711 5803 2961 5873 γίνεται;
3013 5801 3246 5857 ἄκουσον
3292 5800 3384 5855 τοῦ
3426 5795 3643 5851 Παύλοῦ

2034 5943 2058 5987 ί
2083 5944 2241 5998 Ambo
2271 5957 2387 5997 mu.
2415 5944 2701 5999 ἄνᾶστιιλιν.
