4036 6206
359 297 462 351 317

357 430 524 481 quam
553 419 952 464 momentanenm
981 416 1028 461 et
1053 408 1158 462 leve
1183 406 1516 461 tribulationis
1546 418 1732 463 nostra:
1778 425 1934 479 supra

358 507 562 560 modum
587 507 638 558 in
665 502 988 565 sublimitate,
1013 510 1251 555 a'ternum
1281 501 1458 570 gloriw
1485 502 1681 566 pondus
1701 512 1938 570 operatur

354 606 408 655 in
429 601 567 654 nobis
592 595 668 668 (2.
695 597 816 654 Cor.
843 598 895 650 4.
930 599 1035 665 17).
1070 594 1314 664 Eltigma
1343 595 1592 663 est-quod
1619 593 1812 648 dicitur
1846 614 1858 646 :
1890 610 1934 649 SI

356 691 728 754 tribulationis,
760 689 1024 758 quomodo
1057 688 1171 742 leve
1197 688 1284 741 ‘tsi
1316 686 1448 750 leve,
1480 685 1746 756 quomodo
1763 685 1923 739 tribu-

356 783 612 838 latinnis?
652 783 765 836 lucc
804 780 946 834 cnim
971 787 1286 848 repugnant.
1348 777 1452 831 Sed
1484 776 1641 830 solvit
1681 777 1929 847 aenigma,

349 892 472 931 cum
512 892 604 944 per
639 872 960 926 additionem
1001 870 1233 924 ostendit
1263 869 1547 922 levitatem.
1573 867 1850 933 Quomodo
1874 868 1932 920 ⁸7

353 967 476 1022 Non
501 971 606 1020 lucc
635 982 746 1035 qua:
778 966 1007 1020 videntur
1028 964 1168 1018 nobis
1194 963 1455 1018 dumtaxat
1475 963 1926 1016 considerantibus.

349 1062 613 1115 Coronam
666 1058 977 1126 proposuit.
1029 1071 1092 1111 ac
1150 1066 1418 1110 certamen
1476 1054 1592 1109 leve
1634 1047 1865 1108 reddidit
1911 1071 1924 1106 :

347 1151 583 1207 ostendit
605 1150 866 1212 bravium,
884 1157 937 1202 et
959 1147 1304 1202 desudantem
1331 1147 1531 1200 solatus
1551 1154 1650 1199 est.
1669 1144 1748 1197 Tu
1775 1158 1921 1213 ergo,

344 1260 469 1298 cum
497 1243 770 1296 mulierem
802 1239 997 1295 videris
1023 1237 1330 1302 formosam,
1365 1235 1511 1290 vultu
1533 1235 1920 1305 splendentem,

344 1345 590 1388 ornatam
637 1331 795 1395 stola,
827 1345 947 1384 cum
982 1329 1178 1382 videris
1206 1327 1474 1382 libidinem
1522 1326 1838 1390 titillantem,
1870 1334 1922 1380 et

341 1433 562 1494 aspectu
605 1422 1070 1490 concupiscentem
1123 1419 1353 1474 animum
1401 1434 1414 1470 :
1457 1415 1662 1486 respice
1691 1416 1923 1486 desuper

339 1525 569 1569 stantem
606 1528 880 1577 coronam,
914 1525 1019 1581 quo
1047 1512 1148 1564 tale
1201 1508 1558 1579 Spectaculutn
1608 1516 1918 1577 praetereas.

348 1608 530 1662 Vidisti
555 1605 890 1661 conservam?
911 1605 1188 1658 Dominum
1201 1603 1500 1667 considera,
1520 1609 1676 1670 atque
1700 1598 1920 1654 omnino

348 1701 594 1753 morbum
625 1696 858 1752 curaliis.
901 1695 957 1749 Si
1006 1694 1146 1748 enim
1178 1693 1266 1762 qui
1308 1691 1552 1761 discipuli
1579 1691 1916 1761 paedagogum

335 1799 651 1859 sequuntur,
677 1802 784 1842 non
809 1795 1084 1855 vagantur,
1099 1799 1204 1838 non
1229 1785 1338 1837 otio
1359 1791 1588 1851 torpent,
1617 1799 1723 1836 non
1739 1781 1916 1836 studio

335 1882 636 1934 desistunt:
669 1878 835 1934 multo
888 1877 1056 1947 magis
1087 1884 1160 1940 tu,
1202 1875 1248 1928 si
1278 1872 1552 1930 Christum
1597 1873 1744 1942 quasi
1773 1887 1914 1943 prte-

339 1982 548 2028 senteni
571 1970 982 2040 cogitationibus
1008 1967 1280 2032 intuearis,
1306 1965 1436 2020 nihil
1461 1965 1651 2021 borum
1677 1965 1911 2034 patieris.

346 2065 448 2128 Qui
464 2064 718 2116 mulierem
742 2062 918 2115 viderit
941 2060 1010 2114 ad
1029 2057 1477 2129 concupiscendum
1503 2073 1634 2121 eam,
1655 2057 1769 2127 jam
1793 2072 1915 2110 mm-

330 2157 513 2211 chatus
541 2167 611 2211 est
641 2172 749 2208 eam
772 2155 824 2207 in
848 2153 998 2207 corde
1021 2169 1112 2206 suo
1133 2152 1342 2224 (Matth.
1361 2153 1417 2206 5.
1440 2149 1556 2220 28).
1581 2149 1822 2206 Jucunde
1848 2164 1914 2207 ac

337 2249 535 2318 saepius
562 2247 693 2316 legis
725 2247 920 2315 scripta
959 2245 1116 2314 lego:
1149 2243 1347 2298 utinam
1378 2253 1432 2299 et
1461 2258 1556 2313 per
1581 2253 1746 2297 totum
1766 2243 1910 2299 diem

329 2341 401 2394 ad
426 2355 520 2394 vos
549 2338 737 2394 eadem
778 2337 935 2391 verba
967 2335 1143 2390 facere
1165 2349 1410 2405 possem:
1440 2335 1548 2388 imo
1574 2349 1679 2389 non
1705 2334 1772 2388 ad
1791 2348 1907 2398 vos,

328 2433 428 2487 sed
479 2430 548 2485 ad
575 2444 669 2485 eos
693 2429 784 2500 qui
832 2429 1063 2498 peccatis
1111 2434 1238 2482 sunt
1267 2425 1483 2481 obnoxii
1512 2444 1532 2491 ;
1559 2427 1667 2480 imo
1717 2427 1786 2480 ad
1813 2441 1910 2482 vos

328 2536 578 2592 quoque:
605 2535 726 2574 nam
749 2535 844 2574 vos
869 2519 1129 2573 lirmiores
1157 2518 1366 2583 essetis,
1400 2526 1455 2572 et
1482 2517 1569 2587 qui
1599 2517 1790 2572 morbo
1831 2517 1911 2571 la-

329 2615 544 2680 borant,
574 2611 642 2668 ad
670 2617 952 2666 sanitatem
981 2610 1139 2665 citius
1177 2610 1433 2665 redirent.
1467 2610 1567 2677 Qui
1590 2609 1768 2662 uiderit
1792 2624 1908 2661 nia-

328 2707 504 2760 lierem
529 2705 596 2758 ad
613 2704 1062 2773 concupiscendum
1082 2718 1213 2768 eam,
1249 2702 1366 2772 jam
1405 2702 1678 2756 moliatur
1700 2709 1772 2754 est
1798 2716 1908 2754 eam

328 2800 384 2853 in
402 2799 553 2852 corde
577 2813 689 2851 suo.

404 2891 460 2945 5.
499 2889 782 2958 Sufﬁciunt
813 2887 879 2946 ad
914 2903 1126 2942 omnem
1157 2886 1356 2957 peccati
1385 2886 1629 2942 morbum
1673 2902 1905 2958 purgan-

327 2983 458 3038 dum
489 2982 627 3036 nuda
651 2957 767 3034 inec
785 2981 943 3035 verba
973 2980 1213 3035 recitata.
1239 2978 1344 3033 Sed
1370 2978 1626 3048 ignoscite
1651 2957 1906 3034 :vulnera

331 3091 640 3146 purgamus,
671 3074 889 3128 vulnera
920 3085 1042 3128 vero
1070 3080 1376 3142 purgantem
1408 3085 1627 3126 necesse
1654 3080 1737 3126 est
1759 3086 1907 3126 ama.

328 3183 422 3225 ras
458 3168 746 3224 medicinas
789 3168 1084 3236 imponere.
1129 3167 1335 3233 Quanto
1362 3178 1488 3218 vero
1515 3165 1683 3234 magis
1726 3173 1905 3233 porta-

327 3261 456 3316 bilis
481 3259 642 3314 verba
666 3299 682 3325 ,
715 3266 862 3313 tanto
905 3256 1071 3327 magis
1097 3255 1404 3326 purgabitur
1432 3255 1595 3310 virus.
1639 3255 1905 3322 Quemad-

328 3350 548 3405 modum
575 3352 716 3404 enim
747 3349 884 3419 ignis
911 3359 1097 3402 natura
1126 3356 1322 3417 quanto
1362 3347 1528 3416 magis
1554 3347 1667 3401 auri
1704 3357 1907 3400 natura:

325 3439 641 3502 cohaerebit,
691 3447 838 3494 tanto
871 3439 1038 3510 magis
1083 3439 1378 3508 rubiginem
1415 3441 1678 3494 consumit
1708 3457 1722 3492 :
1750 3440 1826 3494 sic
1852 3449 1908 3498 et

329 3531 586 3584 horumce
613 3529 893 3584 verborum
925 3530 1084 3583 timor
1111 3538 1308 3599 quanto
1336 3530 1502 3599 magis
1526 3540 1716 3584 vestra:
1740 3529 1904 3586 menti

327 3622 683 3690 imprimetur,
719 3629 864 3675 tanto
902 3621 1070 3690 magis
1110 3629 1380 3691 peccatum
1415 3620 1758 3690 impudicitize
1781 3637 1907 3691 pur-

326 3711 492 3780 gabit.
526 3712 622 3766 Hic
650 3713 770 3782 igne
796 3715 1180 3776 examinemus,
1211 3713 1374 3767 verbo
1398 3713 1601 3768 scilicet
1623 3713 1902 3782 doctrinae,

327 3817 439 3872 quo
465 3803 638 3856 minus
678 3803 847 3872 ipsum
873 3818 1124 3874 cogamur
1149 3803 1453 3857 examinare
1477 3805 1734 3874 gebenme
1763 3807 1900 3875 igne.

327 3896 462 3950 Nam
490 3908 760 3966 purgatam
784 3898 1012 3951 animam
1040 3896 1161 3951 hinc
1187 3898 1468 3952 abeuntem
1500 3899 1587 3952 ille
1613 3914 1717 3953 non
1749 3900 1904 3956 laedet

328 3988 468 4058 ignis
491 4005 506 4054 ;
533 4005 649 4042 eam
679 4000 853 4042 autem
881 4005 999 4059 qua:
1023 4005 1142 4044 cum
1172 3991 1403 4058 peccatis
1428 3990 1551 4046 hinc
1577 3993 1784 4056 abierit,
1817 3992 1904 4050 ille

329 4079 468 4149 ignis
496 4082 745 4150 excipiet.
781 4080 1183 4150 Uniuscujusque
1208 4082 1338 4134 enim
1363 4099 1490 4151 opus
1517 4085 1684 4152 quale,
1713 4085 1899 4154 inquit,

327 4171 393 4223 sit
414 4211 430 4234 ,
461 4171 592 4240 ignis
621 4171 845 4239 probabit
873 4172 890 4243 ζ
898 4171 948 4224 1.
973 4171 1090 4224 Cor.
1114 4171 1167 4224 '5.
1195 4172 1320 4240 15).
1353 4171 1643 4228 Probemus
1669 4184 1904 4229 nosmet-

327 4264 476 4334 ipsos
518 4277 656 4317 nunc
700 4263 814 4317 sine
857 4262 1074 4327 dolore,
1104 4277 1207 4332 quo
1255 4279 1352 4318 nec
1394 4279 1514 4318 cum
1551 4265 1734 4320 dolore
1778 4275 1902 4322 tunc

331 4353 634 4421 probemur.
660 4351 920 4421 Quidquid
941 4351 1162 4416 dixeris,
1187 4353 1370 4422 inquit,
1395 4354 1657 4410 laboriosa
1682 4365 1764 4410 est
1788 4357 1900 4412 lex.

324 4443 463 4511 Quid
505 4445 703 4513 igitur?
749 4444 1090 4512 impossibilia
1133 4447 1342 4500 mandat
1380 4449 1532 4502 nobis
1561 4449 1900 4518 DeusiNon,

324 4538 540 4606 inquam
565 4535 903 4600 ;obmutesce
927 4538 969 4599 ³,
1002 4551 1172 4604 neque
1200 4537 1474 4591 Dominum
1503 4553 1718 4594 accuses
1747 4557 1760 4592 :
1794 4557 1898 4596 non

322 4627 470 4682 enim
497 4626 582 4680 hic
606 4627 962 4682 excusationis
989 4626 1196 4693 modus,
1221 4626 1313 4680 sed
1345 4629 1544 4696 peccati
1570 4629 1900 4684 additamen-

327 4727 441 4771 tum
485 4717 646 4786 priori
694 4716 860 4786 pejus.
905 4716 1058 4782 Quod
1103 4724 1278 4769 autem
1310 4729 1644 4786 peccatorum
1689 4720 1900 4790 plurimi

322 4808 704 4861 consueverint
747 4807 797 4860 in
830 4807 1107 4862 Dominum
1154 4821 1277 4862 suas
1322 4810 1688 4867 accusationes
1725 4822 1897 4868 retor-

319 4913 508 4967 quere,
539 4899 683 4953 audi.
728 4899 966 4952 Accessit
992 4898 1082 4952 ille
1121 4899 1204 4953 cui
1233 4898 1427 4953 talenta
1455 4904 1683 4972 quinque
1710 4904 1896 4958 tradita

323 4990 565 5056 Inerant,
592 4999 647 5045 et
669 4990 771 5044 alia
809 4991 1040 5060 quinque
1064 4991 1240 5044 attulit
1267 5009 1281 5045 :
1308 4993 1533 5047 accessit
1557 4995 1639 5048 cui
1677 4995 1814 5060 duo,
1844 5005 1899 5052 et

323 5081 428 5134 alia
452 5079 559 5135 duo
581 5081 757 5136 attulit
787 5099 800 5135 :
832 5083 1056 5136 accessit
1079 5082 1164 5136 cui
1195 5097 1355 5136 uotum
1384 5082 1481 5138 fuit
1506 5085 1767 5141 creditum
1787 5127 1802 5152 ,
1842 5096 1898 5143 ct

321 5170 576 5237 quoniam
608 5185 716 5226 non
745 5170 928 5226 habuit
954 5171 1210 5226 talentum
1232 5172 1374 5228 aliud
1397 5175 1536 5244 quod
1564 5176 1756 5243 ferret,
1799 5193 1897 5247 pro

323 5260 526 5314 talento
548 5262 936 5317 accusationem
958 5261 1153 5316 attulit.
1181 5261 1495 5329 Quomodo?
1519 5263 1676 5332 Novi,
1704 5267 1893 5338 inquit,

315 5349 456 5418 quod
479 5360 708 5404 austeras
733 5353 802 5406 sis
824 5350 1032 5416 (Matth.
1053 5351 1143 5407 25.
1163 5352 1279 5424 26).
1307 5353 1352 5409 0
1374 5355 1516 5410 servi
1540 5358 1890 5425 proterviam!

385 5523 402 5552 ί
439 5527 540 5571 mo
557 5525 749 5586 tussit;
767 5521 938 5586 legunt
960 5523 1088 5586 hunc
1107 5523 1262 5586 locum
1287 5526 1530 5576 :ostendit
1552 5525 1799 5584 levitatem.
1824 5531 1893 5582 le-

319 5581 863 5676 tum
881 5585 1117 5645 qumodo
1131 5583 1276 5646 igitur
1294 5593 1361 5636 est
1378 5586 1690 5640 tribulationis
1711 5581 1890 5654 levitas,

317 5645 554 5703 «mdo
571 5645 596 5693 .7
1150 5645 1156 5646 “

382 5707 405 5736 ⁸
436 5707 616 5763 ottob.,
637 5702 779 5754 obedi
795 5711 841 5753 et
860 5704 1151 5766 abntutcscc;
1167 5719 1264 5757 non
1285 5708 1428 5760 male.

649 5786 912 5850 l’rrnot.
962 5794 1078 5853 Gn.
1127 5797 1340 5857 XLIX.

1494 293 1580 347 DE
1617 292 2080 354 PCENITENTIA.
2123 299 2347 358 HOMIL.
2398 305 2483 359 Vi.

3513 321 3614 376 318

2046 426 2152 468 non
2177 424 2458 472 contentus
2487 428 2704 488 peccato
2727 421 2883 480 etiam
2912 434 3095 480 contra
3124 427 3396 486 dominum
3435 437 3617 488 statuit

2044 511 2432 565 accusationem
2464 531 2476 566 :
2507 512 2704 568 Metens
2743 517 2829 568 ubi
2872 534 2970 571 non
3016 522 3305 590 seminasti,
3345 535 3391 578 et
3436 525 3614 580 tollens

2041 600 2298 666 quodnon
2327 602 2603 669 dispersisti
2626 603 2776 675 (Luc.
2801 607 2888 662 19.
2908 606 3022 679 21).
3065 609 3151 664 Sic
3188 621 3243 666 et
3284 613 3336 666 in
3367 616 3614 682 praisenti

2041 689 2145 743 vita
2193 702 2449 762 quotquot
2495 695 2624 749 nihil
2671 708 2959 766 operantur
3001 700 3146 763 boni,
3197 702 3610 760 additamentum

2039 781 2295 835 malorum
2347 798 2564 838 suorum
2620 784 2819 842 faciunt
2848 830 2862 854 ,
2913 791 3304 846 accusationem
3355 794 3612 851 adversus

2037 870 2339 929 Dominum.

2105 962 2246 1018 Deus
2274 967 2472 1020 nonnisi
2508 969 2764 1039 possibilia
2790 971 3015 1024 mandat.
3039 1002 3109 1012 -—
3134 972 3478 1044 Nequaquam
3514 976 3612 1047 igi-

2034 1060 2119 1107 tur
2159 1053 2442 1110 Dominum
2493 1058 2701 1114 incuses
2738 1077 2751 1114 :
2790 1060 2927 1116 haud
2977 1062 3192 1117 mandat
3243 1065 3607 1133 impossibilia.

2036 1143 2124 1197 Vis
2159 1144 2367 1202 discere
2397 1148 2568 1218 ipsum
2607 1166 2711 1204 non
2742 1152 2995 1208 man'dare
3035 1153 3424 1224 impossibilia?
3461 1158 3610 1212 Multi

2029 1243 2081 1289 et
2108 1236 2218 1306 ipsa
2245 1249 2497 1308 superant
2521 1243 2801 1310 mandata;
2833 1254 2889 1299 at
2912 1246 2956 1300 si
2983 1245 3328 1316 impossibilia
3357 1250 3603 1312 fuissent,

2027 1344 2132 1383 non
2176 1346 2272 1386 sua
2313 1341 2508 1402 sponte
2542 1345 2900 1404 superassent.
2931 1337 3299 1407 Virginitatem
3343 1355 3604 1411 nusquam

2026 1421 2262 1490 mandat,
2296 1433 2351 1478 et
2375 1425 2517 1479 illam
2546 1427 2694 1481 multi
2724 1439 2937 1484 servant
2970 1449 2983 1485 :
3018 1431 3069 1484 in
3100 1430 3255 1486 bonis
3279 1432 3406 1486 nihil
3434 1435 3604 1502 possi-

2023 1510 2150 1566 dere
2177 1528 2439 1583 nusquam
2465 1517 2712 1585 mandat,
2743 1528 2798 1573 et
2819 1534 2847 1572 a
2877 1534 2936 1574 se
2960 1523 3225 1591 propriam
3254 1523 3600 1578 substantiam

2024 1602 2174 1656 multi
2199 1603 2472 1673 objiciunt,
2502 1607 2632 1676 ipsis
2656 1609 2906 1678 operibus
2928 1610 3210 1666 reddentes
3239 1613 3598 1669 testimonium

2019 1691 2222 1762 legibus
2242 1696 2610 1752 mandatorum
2634 1699 2809 1755 inesse
2830 1701 3049 1756 multum
3072 1702 3336 1758 facilitatis
3359 1721 3373 1758 :
3398 1721 3599 1777 nequa-

2018 1797 2174 1852 quam
2203 1785 2343 1838 enim
2373 1799 2712 1855 superassent
2741 1805 2825 1856 ea,
2855 1792 2953 1846 nisi
2979 1791 3170 1858 facilia,
3198 1810 3317 1864 quae
3346 1797 3595 1851 mandata

2018 1883 2163 1941 sunt,
2190 1886 2390 1931 essent.
2421 1877 2538 1932 Non
2565 1880 2833 1935 mandavit
2855 1882 3210 1952 virginitatem
3243 1903 3258 1938 :
3287 1899 3408 1939 nam
3438 1886 3597 1956 virgi-

2016 1965 2239 2020 nitatem
2283 1968 2371 2037 qui
2414 1970 2650 2038 mandat,
2683 1973 2984 2028 necessitati
3026 1975 3158 2045 legis
3197 1975 3408 2045 subjicit
3430 1978 3592 2035 etiam

2016 2070 2121 2110 non
2152 2056 2456 2125 volentem;
2497 2061 2586 2130 qui
2617 2075 2743 2117 vero
2783 2061 3068 2130 admonet,
3097 2064 3391 2120 auditorem
3427 2067 3591 2122 relin-

2016 2148 2130 2218 quit
2165 2149 2438 2205 dominum
2475 2153 2703 2222 propria:
2729 2154 3031 2210 voluntatis.
3073 2156 3360 2226 Propterea
3396 2158 3592 2213 Paulus

2013 2239 2182 2309 inquit
2214 2258 2228 2294 :
2260 2241 2341 2296 De
2381 2243 2655 2314 uirginibus
2697 2255 2864 2299 autem
2901 2257 3204 2318 praereptum
3245 2247 3455 2303 Domini
3489 2266 3590 2304 non

2011 2331 2206 2397 habeo;
2230 2334 2497 2388 consilium
2524 2343 2690 2389 autem
2714 2337 2779 2390 do
2806 2337 2881 2408 (1.
2907 2336 3025 2394 Cor.
3047 2340 3100 2393 7.
3122 2338 3238 2410 25).
3267 2341 3457 2395 Cernis
3481 2355 3588 2397 non

2012 2421 2339 2488 mandatum,
2384 2424 2479 2480 sed
2521 2427 2845 2483 consilium?
2894 2430 3069 2485 cernis
3105 2446 3213 2486 non
3240 2443 3582 2503 prmeoptum.

2011 2511 2108 2566 sed
2137 2512 2590 2572 admonitionem?
2626 2518 2844 2574 Multum
2886 2530 2968 2577 est
3009 2521 3383 2579 intermedium
3414 2541 3428 2577 :
3456 2525 3587 2580 alte-

2010 2618 2126 2657 rum
2153 2606 2487 2662 necessitatis
2510 2619 2624 2675 est,
2663 2612 2888 2668 alterum
2920 2617 3227 2675 voluntatis.
3255 2622 3374 2679 Non
3402 2633 3586 2697 princi-

2010 2692 2123 2763 pio,
2153 2695 2354 2765 inquit,
2388 2707 2445 2752 ut
2473 2713 2580 2756 non
2603 2715 2818 2757 onerem
2849 2721 2864 2757 :
2893 2720 3086 2763 moneo
3112 2719 3166 2766 et
3189 2692 3469 2772 consilium
3493 2719 3584 2789 do,

2009 2793 2070 2840 ut
2104 2786 2354 2843 alliciam.
2395 2789 2484 2845 Sic
2510 2798 2565 2845 et
2590 2791 2832 2849 Christus
2864 2813 2880 2850 :
2909 2811 3015 2852 non
3043 2799 3176 2856 dixit
3205 2820 3220 2857 :
3253 2804 3450 2864 Omnes
3475 2786 3585 2865 vir;

2009 2875 2279 2945 ginitatem
2306 2889 2541 2936 servate.
2568 2881 2703 2937 Nam
2729 2884 2776 2939 si
2815 2887 3122 2947 mandasset
3147 2907 3337 2951 omnes
3366 2897 3584 2970 virgini-

2012 2977 2171 3024 tatem
2222 2980 2423 3038 tenere,
2469 2981 2526 3029 et
2567 2974 2738 3045 legem
2781 2979 3035 3036 voluisset
3079 2998 3200 3040 esse
3242 3001 3583 3062 prmceptum,

2009 3061 2094 3117 his
2130 3063 2388 3120 ubediens
2425 3065 2533 3136 jam
2581 3083 2686 3123 non
2726 3069 2931 3129 honore
2972 3083 3118 3130 tanto
3146 3061 3488 3152 dignaretur,
3534 3099 3585 3140 ct

2011 3154 2324 3211 inobediens
2353 3173 2535 3226 pinnas
2563 3161 2798 3218 dedisset
2822 3164 3079 3236 ingentes.
3112 3170 3299 3228 Vidisti
3327 3178 3584 3246 quemad-

2009 3246 2224 3300 modum
2251 3248 2401 3303 nobis
2427 3252 2595 3320 parcit
2622 3253 2934 3324 legislatur?
2963 3263 3227 3330 quomodo
3267 3278 3443 3323 nostra
3475 3272 3585 3326 sol-

2008 3338 2183 3395 licitus
2205 3353 2286 3396 est
2311 3358 2408 3412 pro
2435 3345 2646 3400 salute?
2683 3347 2948 3420 Numquid
2979 3369 3084 3406 non
3118 3368 3324 3423 pofcrat
3350 3369 3405 3414 et
3445 3377 3583 3432 pra:-

2009 3440 2218 3499 ceptum
2264 3436 2365 3488 hoc
2417 3452 2650 3505 ponere,
2697 3454 2761 3494 ac
2806 3443 2986 3498 dicere
3027 3462 3040 3498 :
3086 3445 3185 3513 Qui
3228 3450 3582 3520 virginitatem

2009 3531 2330 3589 sequentur,
2381 3522 2710 3581 bonorentur
2737 3546 2750 3581 :
2779 3531 2867 3599 qui
2900 3547 3025 3587 vero
3068 3550 3210 3604 non,
3255 3542 3580 3610 puniantur!

2008 3609 2111 3666 Sed
2137 3624 2413 3668 onerasset
2458 3625 2699 3670 naturam
2729 3637 2742 3672 :
2771 3621 2940 3688 parcit
2980 3638 3109 3694 ergo
3135 3609 3340 3686 natura:
3363 3645 3581 3692 nostrae.

2009 3700 2218 3758 Dimisit
2254 3714 2399 3758 extra
2424 3707 2672 3774 stadium,
2701 3709 2899 3765 dimisit
2924 3715 3254 3783 superiorem
3279 3725 3582 3781 certamini-

2005 3794 2106 3849 bus
2151 3795 2544 3865 virginitatem,
2589 3815 2696 3870 quo
2742 3811 2797 3857 et
2841 3818 2958 3860 eam
3009 3810 3261 3876 pramlare
3308 3826 3581 3874 servantes

2005 3902 2156 3942 suam
2183 3891 2668 3957 magnanimitatem
2696 3895 2979 3951 ostendant
3007 3915 3021 3952 :
3048 3915 3155 3956 non
3182 3915 3459 3963 servantes
3491 3925 3579 3967 νε-

2005 3995 2100 4046 ro,
2134 3981 2343 4036 Domini
2388 3981 2711 4053 indulgentia
2737 3986 2878 4057 digni
2909 3987 3220 4047 habeantur.
3257 3995 3348 4052 Sic
3371 4008 3424 4053 et
3448 4014 3582 4070 pau-

2005 4081 2266 4142 pertatem
2295 4089 2401 4128 non
2447 4077 2623 4143 posuit
2653 4077 2704 4130 in
2735 4090 3034 4150 prmeepto,
3063 4099 3236 4155 neque
3274 4088 3582 4156 simpliciter

2004 4163 2139 4218 dixit
2167 4183 2180 4218 :
2211 4165 2394 4222 Vende
2429 4184 2548 4238 quas
2573 4169 2738 4226 babes
2770 4189 2782 4224 :
2811 4173 2905 4228 sed
2927 4213 2942 4236 ,
2975 4175 3036 4229 Si
3065 4176 3138 4230 uis
3174 4182 3422 4250 perfectus
3453 4199 3578 4248 esse,

2004 4255 2213 4318 vade,et
2256 4258 2414 4312 vende
2447 4276 2558 4329 quia
2593 4261 2744 4317 habes
2781 4263 3005 4332 (Matth.
3033 4267 3118 4321 19.
3143 4269 3264 4339 21).
3308 4272 3363 4326 ln
3395 4281 3483 4328 tua
3512 4276 3579 4330 sit

2005 4346 2277 4402 voluntate
2301 4349 2482 4415 situm,
2507 4350 2754 4407 dominus
2777 4363 2892 4409 esto
2915 4358 3122 4413 consilii
3151 4361 3224 4415 tui
3251 4378 3264 4414 :
3293 4378 3397 4418 non
3424 4379 3579 4437 cogo,

2003 4451 2114 4490 non
2153 4453 2316 4506 gravo
2337 4481 2352 4506 ,
2399 4440 2492 4495 sed
2535 4444 2920 4500 custodientem
2960 4448 3171 4516 quidem
3202 4466 3402 4508 corono
3423 4494 3438 4521 ,
3472 4472 3580 4512 non

2002 4529 2385 4584 custodientem
2407 4541 2583 4586 autem
2607 4549 2710 4588 non
2737 4536 2918 4603 punio.
2950 4537 3082 4593 Nam
3107 4555 3168 4596 ea
3195 4559 3314 4613 qua:
3337 4561 3402 4600 ex
3430 4563 3578 4602 man-

2003 4617 2159 4684 dato,
2188 4635 2372 4689 quieve
2395 4638 2460 4676 ex
2498 4623 2676 4679 debito
2709 4626 2838 4681 fiunt
2859 4669 2873 4692 ,
2908 4635 3180 4698 prtemium
3206 4637 3312 4706 jam
3343 4652 3448 4694 non
3474 4640 3578 4694 tale

2001 4720 2398 4778 consequuntur
2428 4731 2443 4768 :
2469 4731 2587 4784 qua:
2614 4731 2678 4771 ex
2702 4719 2974 4776 voluntate
3004 4734 3058 4779 et
3084 4729 3372 4797 proposito,
3400 4731 3578 4800 Splen-

2001 4798 2153 4854 didas
2179 4815 2405 4858 coronas
2451 4807 2764 4877 suscipiunt.
2813 4812 2984 4882 Atque
3014 4814 3200 4872 horum
3242 4798 3460 4874 Paulum
3491 4823 3576 4876 in.

2000 4889 2194 4945 ducam
2221 4901 2410 4948 testem
2445 4912 2458 4948 :
2487 4895 2549 4951 Si
2571 4902 2992 4972 mugelizavero,
3023 4906 3208 4975 inquit,
3231 4924 3330 4961 non
3355 4918 3430 4964 est
3454 4913 3577 4968 mihi

1999 4982 2254 5051 gloriatio.
2298 4984 2518 5053 Quare?
2553 4987 2842 5046 Necessitas
2869 4994 3000 5046 enim
3040 4995 3162 5047 mihi
3204 4996 3440 5066 imposita
3481 5012 3574 5056 est.

2011 5069 2099 5162 για
2121 5082 2286 5128 autem
2312 5077 2437 5130 mihi
2461 5087 2531 5132 est
2546 5122 2560 5144 ,
2589 5080 2688 5135 nisi
2713 5083 3111 5152 coangelisavero
3134 5085 3210 5154 (l.
3233 5087 3351 5142 Cor.
3377 5089 3434 5144 9.
3461 5091 3572 5162 16).

1998 5161 2187 5218 Cernis
2210 5165 2260 5220 in
2290 5166 2493 5236 legibus
2518 5168 2660 5225 hunc
2678 5172 2890 5240 quidem
2919 5173 3288 5232 observantem
3314 5193 3419 5234 non
3440 5182 3574 5236 mul-

1999 5260 2110 5308 tum
2131 5253 2332 5311 habere
2355 5259 2558 5327 praemii
2583 5277 2596 5312 :
2621 5262 2910 5316 necessitas
2931 5265 3075 5320 enim
3100 5275 3182 5321 est
3201 5283 3217 5332 ;
3249 5283 3374 5324 eum
3396 5282 3571 5328 autem

1998 5346 2088 5415 qui
2120 5363 2226 5403 non
2269 5349 2552 5417 observat,
2583 5367 2730 5407 reum
2768 5369 2888 5408 esse
2932 5357 3194 5426 supplicio
3218 5370 3273 5416 et
3296 5362 3526 5419 vindicta
3555 5382 3571 5420 :

2007 5433 2096 5490 Var
2119 5438 2250 5490 enim
2275 5449 2348 5492 est
2377 5441 2500 5493 mihi
2525 5443 2622 5495 nisi
2650 5445 3068 5513 ruangelizavero.
3106 5448 3160 5501 In
3189 5453 3396 5506 caeteris
3421 5468 3568 5521 vero,

1997 5542 2116 5595 qua:
2141 5543 2205 5582 ex
2233 5532 2502 5598 pronosito
2522 5573 2536 5596 ,
2580 5548 2684 5586 non
2713 5535 2789 5588 sic
2808 5573 2824 5599 ,
2863 5536 2957 5591 sed
2997 5537 3120 5607 quid
3141 5539 3167 5593 i
3205 5540 3332 5606 Qua:
3358 5555 3429 5597 est
3453 5562 3571 5615 ergo

1996 5633 2182 5673 merces
2220 5635 2330 5673 mea
2350 5620 2378 5674 .’
2423 5621 2491 5676 Ut
2531 5625 2838 5694 erangelium
2868 5629 3150 5696 pradicans
3172 5673 3188 5698 ,
3229 5634 3336 5688 sine
3370 5647 3568 5704 saturni

2001 5724 2184 5776 ponam
2215 5713 2521 5782 euangelium
2553 5712 2648 5767 Dei
2669 5756 2685 5782 ,
2729 5726 2781 5768 ut
2811 5732 2910 5772 non
2957 5719 3136 5774 abutar
3181 5733 3420 5788 potestate
3460 5742 3569 5780 mea

3126 5818 3207 5881 20
