4036 6206
440 317 544 372 319

439 435 515 504 (1.
541 429 658 484 Cor.
680 427 736 484 9.
761 425 830 482 l8
849 427 888 493 ).
907 425 983 480 lbi
1013 423 1098 478 lex
1120 431 1258 488 erat,
1283 430 1562 492 propterea
1587 417 1848 475 mercedis
1877 412 2015 469 tnui-

441 533 552 578 tum
601 536 707 576 non
757 519 941 573 habuit
978 534 992 571 :
1034 516 1120 570 hic
1151 514 1511 585 ~pr0positum,
1539 525 1720 582 quare
1761 506 2022 563 mercedis

441 616 667 671 multum
705 612 906 666 habuit.

513 706 569 760 4.
603 703 709 758 Lex
734 702 830 756 Dei
861 710 1022 771 potest
1061 699 1268 754 servari.
1295 727 1368 737 ——
1395 696 1518 749 lltec
1545 710 1575 749 a
1604 709 1689 748 me
1715 692 1888 747 omnia
1919 705 2023 744 non

444 799 497 853 in
539 812 760 852 vacuum
806 795 945 848 dicta
993 801 1138 854 sunt,
1187 789 1280 844 sed
1326 788 1518 843 divina:
1567 787 1698 854 legis
1740 785 1927 854 gratia,
1971 792 2028 836 ut

446 887 723 943 ostendam
753 900 965 956 gravem
995 900 1096 936 non
1125 897 1264 946 esse,
1292 895 1400 934 non
1440 893 1560 932 esse
1586 892 1888 941 onerosam,
1922 890 2027 929 non

447 981 804 1043 laboriosam,
849 990 1019 1045 neque
1057 971 1457 1042 impossibilem.
1491 970 1603 1039 Age
1631 984 1755 1022 vero
1799 983 1863 1022 ex
1902 965 2030 1034 ipsis

447 1073 645 1128 Christi
671 1070 849 1125 verbis
894 1067 996 1120 hoc
1039 1067 1208 1134 ipsum
1235 1062 1681 1117 demonstremus.
1731 1058 1830 1125 Qui
1857 1057 2032 1110 viderit

451 1161 712 1216 mulierem
749 1159 817 1211 ad
855 1154 1309 1224 concupiscendum
1337 1167 1479 1215 eam,
1511 1151 1624 1220 jam
1660 1150 1933 1202 moechatus
1961 1155 2032 1199 est

452 1271 562 1309 eam
604 1253 658 1306 in
697 1251 846 1305 corde
887 1266 978 1302 suo
1025 1247 1242 1316 (Matth.
1267 1247 1321 1300 5.
1342 1245 1475 1316 28).
1519 1243 1659 1298 Vidit
1700 1241 1854 1297 simul
1899 1251 1952 1296 et
1981 1240 2033 1294 id

454 1347 626 1413 ipsum
655 1341 899 1396 Christus
921 1381 936 1404 ,
969 1340 1166 1393 multos
1209 1337 1338 1406 legis
1365 1334 1730 1391 difficultatem
1759 1341 2036 1386 accusatu-

455 1452 544 1491 ros
569 1454 582 1489 :
615 1443 935 1505 quapropter
960 1447 1077 1486 eam
1106 1429 1243 1484 haud
1272 1428 1466 1483 nudam
1485 1469 1499 1490 ,
1544 1441 1718 1496 neque
1741 1425 2034 1494 simplicem

456 1525 692 1588 induxit,
725 1538 898 1592 neque
935 1523 1102 1575 solam
1135 1539 1148 1575 :
1188 1519 1281 1574 sed
1313 1519 1542 1588 antiqua:
1569 1517 1699 1587 legis
1727 1515 2036 1570 memoriam

458 1615 692 1679 reduxit,
713 1630 742 1668 a
765 1612 1160 1682 comparatione
1181 1610 1486 1665 facilitatem
1514 1608 1656 1664 illius
1678 1617 1837 1677 atque
1863 1608 2042 1660 huma.

457 1706 679 1761 nitatem
705 1720 855 1759 suam
902 1703 1152 1757 ostendit.
1201 1701 1478 1769 Quomodo
1506 1709 1720 1767 autem,
1761 1699 2038 1754 attendite.

459 1796 575 1850 Non
605 1797 746 1850 enim
786 1794 1098 1864 simpliciter
1137 1793 1300 1855 dixit,
1333 1792 1434 1859 Qui
1472 1792 1650 1846 viderit
1690 1791 1947 1844 mulierem
1973 1789 2042 1842 ad

461 1886 915 1955 concupiscendum
946 1900 1055 1937 eam
1074 1925 1088 1948 ,
1121 1884 1239 1954 jam
1266 1883 1538 1936 mwchatus
1565 1891 1639 1936 est
1675 1898 1785 1935 eam
1812 1882 1865 1934 in
1891 1885 2042 1934 corde

459 1995 552 2034 suo
580 1978 690 2052 (hic
713 1978 997 2048 diligenter
1022 1974 1299 2048 attendite)
1326 1993 1340 2041 ;
1367 1975 1462 2029 sed
1489 1974 1634 2044 prius
1657 1974 1888 2043 antiquae
1913 1972 2044 2040 legis

462 2070 839 2132 reminiscitur,
866 2070 1048 2122 dicens
1073 2084 1086 2118 :
1110 2068 1335 2120 Audistis
1359 2069 1476 2135 quia
1493 2066 1689 2118 dictum
1709 2075 1780 2118 est
1803 2063 2041 2133 antiquis,

465 2159 587 2215 Non
613 2160 936 2214 mchaberis
965 2157 1157 2228 (Exod.
1175 2159 1264 2212 20.
1291 2159 1414 2228 lt);
1441 2173 1530 2228 ego
1555 2168 1721 2209 autem
1741 2156 1853 2208 dico
1879 2155 2042 2207 vobis:

466 2252 643 2308 Omnis
683 2253 769 2322 qui
819 2253 992 2306 viderit
1024 2251 1283 2304 mulierem
1323 2251 1390 2302 ad
1433 2247 1885 2318 concupiscendum
1903 2262 2042 2312 eam,

459 2345 569 2413 iam
593 2343 866 2398 nites/tatus
895 2353 967 2396 est
994 2358 1106 2396 eam
1148 2342 1203 2396 in
1245 2342 1394 2395 corde
1439 2339 1780 2410 suo(Mattlt.
1821 2338 1875 2392 5.
1916 2335 2044 2406 28).

465 2435 656 2492 Vidisti
683 2438 924 2507 geminas
951 2434 1116 2505 leges,
1150 2443 1382 2489 veterem
1413 2443 1476 2489 et
1501 2448 1712 2498 novam,
1750 2446 1908 2501 quam
1947 2446 2046 2500 po-

462 2529 572 2583 suit
609 2527 818 2594 Moses,
858 2538 914 2583 et
957 2542 1117 2596 quam
1163 2530 1274 2596 ipse
1317 2524 1654 2580 introduxit?
1697 2526 1806 2579 imo
1828 2523 1958 2576 'vero
1990 2529 2051 2575 et

463 2620 607 2674 illam
637 2621 850 2690 posuit;
893 2621 1093 2674 etenim
1134 2634 1229 2688 per
1256 2618 1458 2673 Mosen:
1502 2619 1615 2686 ipse
1660 2618 1906 2685 loquutus
1945 2623 2046 2669 est.

472 2713 621 2767 Unde
647 2728 775 2767 vero
801 2712 1140 2781 perspicuum
1163 2721 1246 2764 est
1274 2726 1392 2764 eam
1430 2711 1498 2763 ab
1542 2711 1654 2778 ipso
1703 2709 1864 2762 fuisse
1909 2707 2052 2776 posi-

465 2803 627 2857 tam?
675 2803 790 2858 Non
833 2819 900 2858 ex
942 2801 1186 2864 Joanne,
1232 2810 1328 2854 aut
1378 2799 1743 2868 apostolorum
1784 2812 2049 2867 quoquam

469 2895 832 2949 testimonium
863 2893 1135 2962 usurpabo
1163 2910 1176 2947 :
1209 2907 1331 2946 nam
1361 2906 1484 2945 cum
1507 2890 1706 2945 Judaeis
1745 2889 1875 2943 mihi
1911 2903 2052 2943 nunc

467 2987 796 3042 concertatio
816 2994 901 3039 cst
925 3001 940 3050 ;
972 2983 1066 3038 sed
1095 2998 1126 3038 a
1157 2983 1427 3053 prophetis
1451 2981 1642 3052 quibus
1670 2980 1914 3035 videntur
1931 2993 2051 3034 cre-

467 3079 595 3134 dere
626 3097 638 3132 :
667 3077 736 3133 ab
774 3077 903 3147 ipsis
927 3075 1206 3131 ostendam
1231 3083 1288 3130 et
1311 3074 1556 3130 Veterem
1583 3083 1636 3130 et
1658 3072 1859 3128 Novam
1889 3086 2049 3126 unum

469 3171 666 3226 habere
706 3169 1085 3240 lcgislatorem.
1129 3167 1266 3235 Quid
1314 3167 1474 3237 igitur
1527 3165 1784 3222 Jeremias
1841 3165 2052 3236 inquit?

469 3263 752 3333 Disponam
796 3261 932 3316 vobis
975 3269 1318 3315 testamentum
1364 3276 1545 3313 novum
1595 3258 1749 3329 (Jer.
1789 3259 1878 3313 51.
1916 3259 1976 3313 51
2001 3258 2047 3324 -).

476 3354 635 3410 Vides
661 3362 714 3409 et
740 3353 860 3407 novi
890 3366 1084 3407 nomen
1113 3352 1166 3405 in
1189 3350 1349 3406 veteri
1374 3350 1396 3403 ?
1428 3349 1573 3404 vides
1597 3360 1650 3403 et
1685 3350 1849 3419 ipsam
1872 3347 2051 3417 appel-

470 3445 722 3500 lationem
767 3452 844 3498 tot
888 3454 1012 3497 ante
1059 3443 1212 3495 annis
1253 3439 1554 3494 effulsisse?
1599 3438 1875 3507 Disponam
1915 3439 2052 3492 vobis

472 3544 820 3590 testamentum
847 3551 1050 3587 norum.
1081 3533 1185 3588 Sed
1212 3531 1354 3586 unde
1375 3531 1617 3586 videmus
1641 3529 1782 3600 quod
1821 3539 1875 3585 et
1900 3537 2052 3584 vetus

471 3629 587 3697 ipse
611 3627 860 3683 dederit?
888 3625 1018 3680 Cum
1046 3625 1285 3688 dixisset,
1320 3623 1600 3693 Disponum
1629 3621 1763 3675 vobis
1787 3630 2051 3676 testamen-

473 3737 578 3775 tum
623 3737 844 3784 novum,
894 3720 1124 3790 adjecit,
1176 3717 1296 3772 Non
1332 3720 1485 3788 juxta
1532 3726 1878 3771 testamentum
1917 3717 2050 3784 quod

471 3811 697 3882 disposui
725 3810 950 3880 patribus
994 3811 1168 3864 vestris
1208 3806 1368 3878 (Ibid.
1395 3808 1578 3877 v.52).
1624 3807 1734 3871 Ita;
1784 3805 1877 3860 sed
1918 3821 2051 3859 non-

473 3905 596 3957 dum
639 3918 749 3956 rem
791 3901 1123 3956 ostendimus
1151 3918 1164 3953 :
1194 3909 1404 3970 oportet
1444 3900 1584 3954 enim
1627 3900 1871 3973 universa
1909 3897 2052 3967 ejus-

476 3991 613 4046 modi
647 3990 963 4061 refragantia
989 3990 1255 4045 adducere
1283 3991 1334 4044 in
1360 3990 1592 4044 medium
1613 4031 1627 4054 ,
1669 3988 2050 4058 manifestaque

473 4085 648 4139 facere
667 4125 682 4150 ,
713 4100 819 4154 quo
855 4098 1034 4138 sermo
1060 4083 1288 4153 undique
1328 4098 1490 4152 purus
1529 4082 1683 4136 nobis
1707 4083 1794 4143 sit.
1824 4081 2050 4136 nullam-

471 4189 574 4243 que
632 4173 1026 4244 impudentibus
1085 4173 1443 4242 relinquamus
1505 4187 1706 4226 ansam.
1766 4170 2050 4240 Hispanam

473 4264 606 4320 vobis
625 4275 980 4320 testamentum
1008 4279 1186 4319 novum
1206 4305 1220 4328 ,
1231 4266 1382 4333 juxta
1412 4271 1753 4318 testamentum
1781 4261 1914 4332 quod
1940 4261 2049 4315 dis-

474 4359 616 4428 posui
675 4359 898 4426 patribus
942 4357 1134 4411 orstris.
1193 4355 1463 4426 Disposuit
1503 4362 1875 4409 testamentum
1916 4352 2047 4418 Noe,

473 4465 596 4503 cum
627 4449 880 4503 diluvium
912 4447 1039 4512 fuit,
1071 4448 1254 4503 volens
1283 4463 1381 4501 uos
1407 4462 1436 4498 a
1466 4445 1654 4499 timore
1695 4444 1950 4508 liberare,
1983 4459 2052 4499 ne

475 4541 730 4597 diluvium
778 4541 1110 4610 cogitantes,
1160 4550 1213 4595 et
1251 4539 1483 4593 imbrem
1533 4537 1743 4592 assidue
1788 4537 2047 4600 videntes,

473 4647 760 4689 commune
799 4631 932 4686 illud
976 4632 1197 4685 exitium
1245 4632 1552 4684 timeremus
1595 4645 1608 4680 :
1656 4635 1932 4697 propterea
1975 4627 2055 4681 in-

473 4726 629 4796 quit:
664 4724 939 4793 !)isponam
969 4731 1316 4774 testamentum
1361 4729 1553 4782 tecum,
1598 4729 1787 4773 etcum
1823 4719 2054 4772 universa

473 4831 627 4869 carne
655 4813 818 4887 (Gen.
843 4813 897 4868 9.
922 4813 1016 4882 9).
1046 4812 1240 4865 lterum
1279 4810 1346 4866 ad
1373 4809 1640 4865 Abraham
1680 4817 2054 4864 testamentum

472 4904 894 4961 circumcisionis
938 4903 1201 4974 disposuit
1232 4919 1246 4956 :
1273 4901 1536 4971 disposuit
1579 4911 1633 4954 et
1679 4908 2053 4956 testamentum

476 5013 571 5067 per
598 4997 823 5062 ldosem,
850 4996 1097 5050 omnibus
1125 5003 1332 5050 notum.
1376 4994 1516 5048 Dixit
1540 4993 1798 5048 Jeremias
1825 5010 1838 5046 :
1867 4991 2056 5062 Dispo-

477 5107 594 5144 nam
621 5088 758 5145 vobis
804 5097 1150 5142 testamentum
1190 5101 1409 5150 novum,
1449 5101 1555 5138 non
1599 5084 2054 5138 secundant-testa-

476 5191 699 5241 mentum
748 5180 882 5252 quod
926 5180 1154 5248 disposui
1201 5178 1427 5248 patribus
1474 5177 1668 5231 vestris.
1712 5176 1824 5242 Dic,
1865 5175 2055 5246 quibus

479 5274 759 5342 patribus?
803 5288 923 5328 nam
953 5282 1008 5328 et
1035 5272 1148 5327 Noe
1175 5280 1324 5342 pater
1350 5269 1478 5335 fuit,
1521 5279 1575 5322 et
1601 5268 1868 5322 Abraham
1909 5277 2058 5336 pater

479 5364 581 5418 luit
608 5381 624 5420 :
654 5363 968 5434 quibusnam
1000 5364 1156 5434 igitur
1183 5361 1461 5433 patribus?
1489 5360 1682 5417 etenim
1709 5374 2056 5430 personarum

481 5453 912 5510 indetcrminatio
957 5455 1319 5509 confusionem
1384 5452 1538 5522 parit.
1601 5450 1696 5505 llic
1756 5450 2055 5505 advertite:

484 5545 605 5601 Non
623 5549 778 5618 juxta
804 5554 1147 5599 testamentum
1179 5544 1316 5614 quod
1344 5544 1568 5614 disposui
1599 5543 1823 5613 patribus
1863 5543 2057 5597 vestris.

484 5641 561 5697 Ne
588 5641 746 5711 igitur
769 5638 978 5695 diceres
1005 5637 1131 5692 illud
1175 5637 1286 5691 Noe
1327 5637 1654 5704 temporibus
1682 5637 1885 5701 datum,
1928 5649 2060 5688 neve

486 5731 811 5804 temporibus
837 5727 1100 5785 Abraham
1135 5727 1316 5782 datum
1343 5727 1699 5798 intelligeres,
1735 5725 1900 5796 ipsius
1929 5735 2060 5781 tem-

1157 310 1216 365 S.
1257 305 1535 364 JOANNIS
1572 297 2049 361 CllRYSOSTOMl
2089 296 2404 354 ARCIIIEP.
2445 297 2973 356 CONSTANTl-NOP.

3591 305 3700 360 320

2131 412 2276 481 peris
2322 421 2757 468 testamentorum
2801 414 3084 469 meminit:
3115 429 3235 470 cum
3276 416 3418 469 enim
3462 416 3696 484 dixisset,

2130 501 2412 572 Disponam
2436 503 2570 558 vobis
2599 513 2944 558 testamentum
2971 522 3151 559 novum
3171 547 3185 569 ,
3231 523 3331 560 non
3364 508 3516 577 juxta
3555 519 3701 562 testa-

2133 605 2352 648 mentum
2395 597 2530 663 quod
2569 597 2796 662 disposui
2840 597 3063 666 patribus
3100 599 3272 652 vestris
3297 640 3312 663 ,
3357 599 3626 669 subiunxit
3649 611 3704 656 et

2134 691 2342 753 tempus
2361 726 2376 748 ,
2408 683 2473 738 In
2501 687 2583 739 die
2604 703 2704 754 qua
2727 687 2863 740 tenui
2904 705 3108 741 manum
3132 706 3303 742 eorum
3325 731 3338 752 ,
3369 701 3423 744 ut
3451 691 3706 745 educerem

2133 793 2218 830 eos
2256 777 2318 830 de
2363 787 2494 830 terra
2520 777 2758 849 ngypli.
2810 779 2965 834 Vides
3007 790 3254 850 quantum
3284 785 3706 852 perspicuitatem

2134 867 2370 921 attulerit
2416 870 2672 937 temporis
2710 869 3126 924 determinatio?
3169 871 3286 926 iam
3333 888 3436 927 non
3484 873 3710 942 amplius

2136 974 2205 1012 ne
2227 959 2444 1014 Judzeus
2482 960 2692 1028 quidem
2722 964 3039 1018 contradicit
3067 981 3080 1018 :
3113 965 3392 1020 recordare
3430 967 3707 1035 tempOris,

2137 1059 2191 1104 et
2223 1051 2616 1120 legislationem
2641 1055 2820 1122 accipe
2849 1071 2863 1106 :
2895 1053 2966 1108 In
2993 1056 3072 1109 die
3100 1072 3200 1124 qua
3235 1058 3368 1109 tenui
3397 1073 3601 1110 manum
3622 1074 3711 1110 eo-

2138 1159 2266 1196 rum.
2320 1143 2426 1196 Cur
2463 1153 2639 1197 autem
2692 1146 2850 1198 etiam
2899 1146 3112 1200 modum
3163 1147 3291 1202 dicit
3330 1149 3540 1203 exitus?
3587 1147 3716 1204 Cum

2139 1236 2404 1288 tenuissem
2431 1252 2637 1290 manum
2661 1255 2832 1291 eorum
2851 1280 2867 1304 ,
2899 1249 2955 1292 ut
2991 1241 3248 1294 educerem
3269 1257 3354 1294 eos
3377 1258 3439 1296 ex
3460 1241 3710 1313 Aigypto.

2143 1322 2256 1392 Quo
2287 1337 2562 1395 paternum
2590 1329 2894 1384 ostenderet
2919 1346 3180 1398 amorem,
3220 1348 3325 1386 non
3350 1334 3501 1403 quasi
3530 1349 3715 1388 servos

2145 1420 2342 1485 eduxit,
2390 1421 2483 1475 sed
2512 1421 2671 1476 voluti
2717 1424 2994 1492 parvulum
3039 1423 3204 1478 ﬁlium
3247 1441 3403 1480 tnanu
3449 1426 3716 1495 accipiens

2144 1522 2313 1580 pater,
2346 1511 2424 1567 sic
2451 1512 2693 1568 liberavit
2721 1532 2733 1568 :
2763 1531 2868 1568 non
2898 1525 3015 1585 post
3043 1524 3245 1586 tergum
3267 1517 3422 1587 sequi
3449 1518 3717 1573 mandavit

2144 1602 2293 1670 quasi
2337 1616 2570 1668 servum,
2614 1604 2709 1659 sed
2735 1605 2894 1660 veluti
2926 1606 3092 1660 filium
3131 1607 3358 1662 nobilem
3398 1618 3452 1662 et
3493 1609 3715 1662 liberum

2146 1715 2305 1753 manu
2334 1708 2539 1761 tenens,
2571 1699 2649 1753 sic
2672 1698 2874 1752 eduxit.
2905 1697 3092 1754 Vidisti
3122 1709 3555 1755 testamentorum
3585 1701 3719 1756 duo.

2145 1810 2264 1849 rum
2291 1794 2642 1864 legislatorem
2672 1793 2928 1847 unicum?
2955 1793 3214 1859 Quoniam
3252 1794 3409 1862 igitur
3429 1796 3720 1850 certamine

2149 1885 2358 1939 liberati
2385 1899 2590 1951 sumus,
2613 1893 2668 1940 et
2691 1900 2756 1938 ex
2784 1899 2922 1938 novo
2949 1884 2999 1938 id
3031 1885 3120 1938 tibi
3149 1885 3446 1949 ostendam,
3476 1894 3532 1940 ut
3561 1896 3721 1942 testa-

2151 1989 2449 2034 mentorum
2480 1978 2881 2032 consonantiam
2916 1991 3126 2030 noscas.
3160 1977 3345 2031 Vidisti
3389 1979 3720 2048 prophetiam

2148 2087 2266 2140 quae
2290 2086 2357 2124 ex
2383 2069 2560 2125 verbis
2585 2070 2703 2123 est?
2728 2069 2874 2122 disce
2900 2069 2982 2122 vel
3008 2084 3124 2122 eam
3149 2083 3266 2137 qua:
3290 2070 3468 2138 figuris
3491 2081 3717 2134 constat,

2149 2165 2392 2236 quamvis
2421 2165 2471 2219 id
2502 2165 2670 2234 ipsum
2699 2163 2820 2218 ideo
2853 2164 3186 2232 perspicuum
3214 2179 3316 2216 non
3343 2164 3441 2224 sit.
3473 2163 3722 2234 quidnam

2152 2260 2218 2314 sit
2246 2257 2521 2329 prolihetia
2558 2272 2658 2326 per
2683 2257 2926 2325 figuram,
2950 2255 3147 2324 quidve
3178 2255 3446 2322 prophetia
3487 2269 3581 2322 per
3614 2269 3725 2308 ser-

2152 2361 2364 2403 monem
2393 2365 2407 2401 :
2440 2348 2620 2416 paucis
2648 2360 2776 2415 ergo
2809 2345 3038 2413 idipsum
3073 2345 3408 2398 manifestum
3450 2344 3722 2398 faciemus.

2154 2441 2433 2507 Prolihetia
2457 2455 2559 2508 per
2588 2438 2805 2507 figuram
2833 2447 2916 2490 est
2940 2453 3002 2490 ea
3027 2451 3143 2506 qua:
3170 2451 3268 2506 per
3295 2452 3388 2489 res
3417 2436 3526 2489 fieri
3554 2436 3720 2500 solet;

2151 2534 2316 2588 altera
2339 2547 2466 2584 vero
2491 2539 2604 2594 est,
2633 2544 2752 2599 qum
2773 2545 2874 2598 per
2899 2527 3058 2581 verba
3089 2528 3148 2580 fit
3178 2545 3191 2581 :
3225 2543 3345 2580 nam
3373 2527 3724 2594 prudentiori—

2153 2623 2255 2676 bus
2293 2622 2596 2693 quibusque
2637 2621 2815 2674 verbis
2858 2620 3140 2688 persuasit,
3187 2619 3428 2673 rudtores
3468 2633 3594 2672 vero
3635 2634 3728 2686 per

2153 2729 2332 2768 rerum
2360 2714 2617 2769 visionem
2645 2713 2953 2767 cohortatus
2979 2720 3078 2764 est.
3121 2710 3380 2778 Quoniam
3418 2711 3556 2765 enim
3591 2709 3726 2764 futu-

2153 2822 2272 2862 rum
2313 2817 2425 2860 erat
2464 2822 2574 2860 rem
2619 2820 2862 2874 magnam
2910 2806 2961 2857 in
3007 2804 3176 2857 lucem
3216 2804 3462 2872 prodire.
3501 2813 3556 2858 et
3588 2803 3731 2858 Dens

2153 2913 2370 2952 carnem
2411 2906 2754 2966 suscepturus
2791 2903 2946 2950 erat:
2981 2895 3404 2965 quandoquidem
3444 2904 3581 2949 terra
3626 2910 3732 2949 cm-

2155 2989 2263 3043 lum
2292 2989 2309 3020 ¹
2340 2989 2453 3042 fieri
2477 2987 2728 3051 debebat,
2772 2995 3056 3053 nostraque
3083 2994 3268 3038 natura
3313 2985 3378 3039 ad
3417 2988 3730 3055 angelorum

2155 3081 2483 3137 nobilitatem
2523 3079 2814 3133 ascendere
2845 3093 2858 3136 :
2887 3077 3006 3146 quia
3055 3091 3202 3146 spem
3246 3077 3413 3147 ipsam
3462 3077 3734 3146 Superavit

2154 3182 2209 3228 et
2254 3171 2702 3241 exspectationem
2752 3183 2929 3223 sermo
2978 3168 3270 3222 futurormn
3317 3168 3580 3222 boaorum
3607 3209 3623 3230 ,
3663 3184 3733 3222 ne

2155 3279 2347 3318 novum
2373 3273 2428 3318 et
2451 3261 2740 3316 inauditum
2763 3260 2910 3324 illud,
2931 3272 3146 3328 repente
3165 3275 3502 3329 comparens,
3517 3260 3732 3313 audien-

2155 3363 2235 3408 tes
2264 3353 2608 3421 videntesque
2626 3351 2894 3414 turbaret,
2925 3350 3168 3417 figuravit
3195 3349 3320 3401 olim
3350 3365 3441 3417 per
3467 3365 3578 3412 res,
3608 3364 3730 3417 per-

2153 3460 2254 3515 que
2275 3445 2433 3498 verba
2459 3453 2706 3497 nostrum
2742 3440 3102 3496 assuefaciens
3126 3451 3178 3494 et
3199 3442 3435 3494 auditum
3457 3450 3512 3494 et
3533 3442 3729 3505 visum,

2152 3535 2398 3606 quodque
2439 3535 2490 3588 in
2527 3533 2697 3588 lucem
2741 3532 3072 3602 proditurum
3112 3539 3229 3585 erat
3265 3547 3588 3600 praaparans.
3618 3530 3733 3584 Hoc

2152 3638 2329 3684 autem
2360 3637 2474 3682 erat
2501 3625 2642 3696 quod
2669 3626 2919 3688 diximus,
2964 3622 3090 3692 quid
3127 3624 3197 3677 sit
3234 3639 3328 3692 per
3355 3623 3576 3693 ﬁguram
3604 3639 3730 3692 pro-

2155 3719 2361 3789 phetia,
2389 3726 2444 3773 et
2487 3718 2611 3786 quid
2639 3718 2708 3772 sit
2738 3733 2832 3784 per
2868 3731 3167 3771 sermonem
3212 3714 3484 3783 praphetia
3517 3733 3531 3766 :
3563 3715 3730 3768 altera

2151 3809 2363 3879 quidem
2408 3824 2610 3872 rerum,
2652 3809 2816 3860 altera
2857 3821 3182 3860 sermonum.
3217 3807 3394 3859 Dicam
3427 3807 3518 3859 tibi
3550 3821 3730 3859 rerum

2153 3899 2485 3970 prophetiam
2525 3909 2579 3952 et
2607 3898 2890 3952 verborum
2929 3899 3068 3951 circa
3113 3912 3223 3952 rem
3266 3897 3732 3951 eamdem?Sicut

2151 3992 2256 4044 ovis
2284 3990 2351 4042 ad
2395 3989 2688 4043 occisionem
2733 3989 2910 4040 ductus
2954 3999 3061 4054 est,
3106 4001 3151 4041 et
3199 3991 3327 4042 sicut
3371 4005 3530 4058 agnus
3558 4005 3733 4041 coram

2152 4083 2384 4134 tondente
2422 4096 2474 4134 se
2504 4078 2652 4150 (lsai.
2681 4079 2770 4134 55.
2802 4079 2876 4148 7).
2929 4079 3053 4132 Haec
3091 4088 3169 4133 est
3215 4095 3310 4148 per
3353 4079 3573 4133 verbum
3610 4096 3735 4147 pro-

2152 4177 2351 4248 phetia.
2383 4175 2514 4231 Cum
2541 4174 2682 4229 enim
2708 4174 2974 4228 Abraham
3007 4174 3123 4228 tulit
3150 4172 3311 4235 Isaac,
3356 4183 3481 4228 tunc
3504 4176 3731 4229 arietem

2152 4269 2339 4324 videns
2401 4267 2694 4321 haerentem
2756 4264 3048 4326 cornibus.
3099 4263 3164 4318 ad
3213 4264 3527 4317 sacrificium
3580 4265 3734 4319 duxit

2153 4377 2350 4433 opere,
2384 4359 2547 4415 veluti
2589 4373 2683 4427 per
2709 4356 2926 4427 figuram
2956 4357 3288 4426 proclamans
3327 4356 3480 4410 nobis
3523 4357 3732 4410 saluta-

2153 4469 2269 4509 rem
2309 4451 2630 4522 passionem.

2225 4545 2279 4600 5.
2298 4543 2443 4598 Unus
2465 4543 2720 4613 legislator
2741 4539 2998 4604 utriusque
3019 4540 3388 4593 testamenti.—
3407 4539 3556 4604 Quod
3572 4539 3734 4608 igitur

2157 4637 2287 4702 dixi,
2315 4638 2396 4689 vis
2424 4635 2514 4689 tibi
2534 4633 2640 4688 duo
2662 4632 2772 4686 hare
2783 4639 3097 4685 testamenta
3122 4645 3216 4698 per
3235 4645 3394 4699 opera
3413 4630 3736 4682 ostendam?

2157 4725 2612 4792 Quemadmodum
2642 4723 2813 4777 vidisti
2841 4737 2993 4775 ovem
3022 4721 3073 4773 in
3106 4721 3286 4784 verbo,
3315 4721 3460 4775 disce
3489 4729 3542 4774 et
3569 4721 3624 4773 in
3654 4737 3730 4774 re.

2158 4819 2320 4872 Dicite
2343 4817 2494 4880 milii,
2527 4815 2610 4885 qui
2639 4814 2730 4868 sub
2753 4815 2860 4883 lege
2884 4813 3033 4866 vultis
3057 4829 3162 4866 esse
3189 4811 3329 4882 (Gal.
3353 4811 3406 4865 4.
3440 4811 3503 4863 21
3520 4812 3558 4878 ).
3593 4811 3739 4864 Bene

2157 4910 2511 4976 dixit,rvultis,
2543 4923 2645 4961 non
2671 4905 2812 4960 enim
2857 4914 3010 4958 erant
3055 4904 3153 4956 sub
3181 4902 3297 4971 lege
3326 4920 3338 4954 :
3369 4902 3413 4954 si
3439 4904 3582 4954 enim
3612 4902 3738 4954 fuis-

2159 5013 2278 5058 sent
2302 5002 2401 5056 sub
2423 5001 2560 5069 lege,
2584 5014 2688 5053 non
2719 4997 2942 5053 fuissent
2964 4995 3063 5050 sub
3079 4996 3210 5064 lege.
3234 4993 3482 5048 Fortasse
3507 4995 3735 5062 aenigma

2159 5106 2242 5152 est
2267 5095 2407 5166 quod
2434 5093 2625 5148 dicitur
2649 5108 2664 5146 :
2695 5106 2817 5145 nam
2839 5090 2928 5145 lex
2955 5088 3223 5142 auditores
3251 5085 3464 5141 Christo
3487 5095 3738 5140 transmi-

2161 5190 2230 5242 sit
2259 5204 2272 5239 :
2305 5187 2394 5256 qui
2433 5185 2742 5254 [imagistrum
2773 5191 3102 5250 aspernatur,
3155 5178 3363 5247 ignorat
3398 5186 3451 5232 et
3491 5177 3738 5246 paedago-

2161 5295 2304 5350 gum.
2333 5278 2529 5344 Quare,
2557 5275 2755 5344 inquit,
2787 5271 2947 5325 Dicite
2991 5270 3115 5323 mihi
3133 5311 3150 5336 ,
3179 5270 3266 5338 qui
3303 5269 3396 5322 sub
3435 5268 3546 5339 lege
3587 5267 3739 5322 vultis

2161 5387 2286 5437 esse,
2315 5371 2472 5441 legem
2495 5384 2596 5422 non
2621 5366 2837 5419 audistis
2861 5365 2886 5418 .9
2911 5362 3146 5434 quoniam
3172 5361 3429 5414 Abraham
3453 5361 3582 5412 duos
3606 5359 3741 5426 ﬁlios

2164 5463 2366 5529 habuit,
2395 5477 2550 5515 unum
2575 5459 2640 5512 de
2681 5457 2886 5519 ancilla,
2914 5454 3128 5507 alterum
3156 5451 3220 5504 de
3256 5449 3410 5504 libera
3438 5466 3456 5514 ;
3482 5463 3598 5518 qua
3624 5456 3742 5500 sunt

2164 5571 2253 5626 per
2275 5551 2567 5623 allegoriam
2595 5549 2728 5602 dicta
2758 5544 2917 5618 (Ibid.
2943 5561 2991 5598 υ.
3022 5543 3112 5597 22.
3143 5542 3251 5611 23).
3283 5540 3471 5595 Vidisti
3502 5553 3599 5610 per
3625 5553 3738 5592 rent

2231 5671 2246 5700 ⁸
2282 5667 2354 5715 sic
2377 5662 2596 5726 plerique
2620 5659 2738 5726 editi
2762 5666 2813 5726 et
2851 5660 2956 5720 ipse
2977 5653 3381 5726 Montefalponius.
3408 5661 3454 5726 In
3477 5650 3737 5704 recentiori

2170 5717 2388 5780 editione
2403 5717 2654 5778 misiensi
2676 5717 2883 5786 legitur;
2896 5726 3028 5771 terra
3046 5725 3093 5769 et
3113 5717 3286 5768 uelum
3312 5731 3330 5766 :
3354 5718 3497 5767 male.
