4036 6206
204 303 310 360 519

1442 301 1527 356 DE
1569 296 2036 355 POENITENTM.
2084 297 2315 356 nomn
2359 301 2442 355 VL

3530 300 3631 352 5ἐο

205 417 700 488 καταχρήσασθαι
738 416 809 484 τῆ
831 417 1082 484 ἐξουσία
1102 435 1241 487 μου·
1285 417 1434 470 Ἐκεῖ
1474 417 1634 488 νόμος
1664 411 1752 486 ἦν,
1782 413 1870 466 διὰ
1974 413 2187 482 θήκην,
2219 420 2291 470 οὐ
2330 416 2480 472 κατὰ
2507 417 2620 485 τὴν
2640 417 2930 484 διαθήκην
2959 415 3036 484 ῆν
3066 417 3340 486 διεθέμην
3376 414 3494 480 τοῖς
3521 431 3630 466 πα-

205 508 361 560 τοῦτο
391 507 580 577 μισθὸν
611 507 711 558 οὑκ
736 503 846 576 εἶχε
883 506 1073 560 πολύν·
1103 506 1262 560 τοῦτο
1288 507 1342 559 δὲ
1368 507 1737 577 προαιρέσεως
1777 499 1865 573 ἦν,

203 592 284 648 διδ
303 593 473 646 πολὺν
503 593 627 664 ἔσχε
656 593 746 645 τὸν
775 591 982 662 μισθόν.

277 733 345 787 δ’.
379 732 567 786 Ταῦτά
591 750 679 803 μοι
702 732 877 786 πάντα
900 733 1000 804 οὐχ
1026 733 1210 797 ἁπλῶς
1239 735 1472 806 είρηται,
1498 730 1632 786 ἁλλά
1665 730 1751 784 διὰ
1777 730 1867 782 τὸν

207 814 367 887 νόμον
396 815 488 869 τὸν
529 815 692 880 θεῖον,
745 816 832 870 ἵνα
859 818 1018 882 δείξω
1059 819 1159 871 οὐκ
1205 817 1332 870 ὄντα
1367 817 1558 887 βαρὺν,
1597 817 1697 868 οῦκ
1737 815 1866 868 ὄντα

200 904 495 974 φορτικὸν,
539 904 640 957 οὐκ
683 903 814 956 ὄντα
843 904 1097 958 ἐπίπονον
1139 905 1258 957 οῦδὲ
1301 905 1583 957 ἀδύνατον.
1618 903 1753 972 Φέρε
1801 902 1862 971 δὴ

202 991 296 1042 καὶ
324 991 422 1043 ἀπ’
459 990 638 1044 αὐτῶν
670 991 776 1043 τῶν
821 991 914 1044 τοῦ
949 992 1185 1062 Χριστοῦ
1232 991 1491 1062 ῥημάτων
1530 990 1660 1042 αὐτὸ
1705 988 1864 1042 τοῦτο

197 1076 436 1145 φανερὸν
474 1078 820 1148 ποιήσωμενο
873 1077 926 1128 '0
960 1079 1265 1147 ἐμϐλέψας
1318 1078 1572 1148 γυναῖκα
1609 1077 1758 1145 πρὸς
1797 1078 1862 1130 τὸ

193 1164 567 1232 ἐπιθυμῆσαι
616 1165 833 1232 αὐτῆς,
879 1165 994 1232 ἤδη
1038 1167 1395 1235 ἐμοίχευσεν
1438 1165 1633 1233 αὐτὴν
1675 1168 1744 1220 έν
1786 1165 1862 1233 τῇ

192 1251 415 1318 καρδίᾳ
441 1251 646 1305 αὑτοῦ.
687 1251 899 1304 Συνεῖδε
929 1253 1020 1305 καὶ
1057 1254 1085 1305 ό
1129 1253 1361 1322 Χριστὸς
1389 1253 1520 1306 αὐτὸ
1569 1255 1746 1317 τοῦτο,
1780 1255 1860 1306 ὅτι

194 1337 456 1407 μέλλουσι
491 1338 678 1390 πολλοὶ
704 1337 796 1392 τοῦ
835 1339 1002 1409 νόμου
1044 1343 1369 1409 κατηγορεῖν
1398 1341 1496 1408 τὴν
1536 1339 1819 1394 δυσκολίαν
1841 1355 1854 1370 ⁸

187 1425 280 1478 διὰ
302 1425 464 1479 τοῦτο
492 1427 653 1480 αὑτὸν
683 1428 742 1478 οὐ
771 1426 975 1496 γυμνὸν
1001 1428 1339 1497 εἰσήνεγκεν,
1375 1428 1497 1480 οὐδὲ
1526 1427 1701 1496 ψιλὸν,
1738 1428 1859 1480 οὐδὲ

186 1513 318 1566 καθ’
346 1514 560 1575 ἑαυτὸν,
593 1513 729 1566 ἀλλά
746 1513 949 1567 καὶτοῦ
975 1514 1204 1568 παλαιοῦ
1235 1517 1640 1586 ἀναμιμνήσκει
1665 1516 1854 1585 νόμου,

185 1601 300 1654 ἀπὸ
326 1602 424 1670 τῆς
453 1603 793 1672 συγκρίσεως
843 1603 937 1655 καὶ¹
981 1603 1078 1673 τὴν
1125 1604 1375 1657 εὐκολίαν
1413 1605 1506 1657 καὶ
1547 1604 1644 1674 τὴν
1685 1604 1852 1657 αὑτοῦ

184 1689 601 1759 φιλανθρωπίαν
628 1689 1055 1760 ἐνδεικνύμενος.
1099 1692 1219 1754 Πῶς
1247 1691 1323 1753 δὲ,
1378 1691 1694 1761 προσέχετε.
1741 1694 1856 1746 Οὐκ

181 1774 308 1831 εἷπε
341 1778 450 1848 γὰρ
481 1778 691 1842 ἁπλῶς,
739 1779 802 1831 ’0
824 1779 1131 1848 ἐμϐλέψας
1163 1781 1417 1848 γυναῖκα
1449 1781 1599 1847 πρὸς
1629 1780 1694 1834 τὸ
1729 1782 1856 1834 ἐπι-

180 1865 452 1932 θυμῆσαι
484 1865 693 1932 αὐτῆς,
722 1865 838 1934 ἤδη
861 1867 1218 1935 ἐμοίχευσεν
1239 1867 1435 1934 αὐτὴν
1451 1869 1522 1920 ἐν
1544 1867 1620 1937 τῇ
1643 1868 1855 1936 καρδίᾳ

180 1951 372 2004 αὐτοῦ
423 1951 701 2019 (ἐνταῦθα
758 1954 1054 2024 προσέχετε
1105 1955 1242 2024 μετά
1281 1955 1564 2026 ἀκριϐείας
1600 1957 1660 2024 )·
1716 1955 1853 2009 ἀλλὰ

179 2040 451 2110 πρότερον
489 2040 761 2111 ἀνέμνησε
811 2041 904 2094 τοῦ
945 2042 1177 2096 παλαιοῦ
1231 2043 1396 2112 νόμου
1443 2043 1586 2098 οὕτω
1639 2043 1847 2113 λέγων·

192 2129 520 2182 Ἠκούσατε
549 2130 638 2182 ὅτι
668 2131 878 2198 ἐρρέθη
903 2131 1028 2195 τοῖς
1049 2132 1338 2199 ἀρχαίοις,
1371 2135 1452 2186 Οὐ
1479 2135 1846 2202 μοιχεύσεις·

178 2215 296 2285 ἐγὼ
317 2215 386 2269 δέ
406 2217 562 2285 λέγω
585 2217 744 2285 ὑμῖν,
773 2216 894 2282 πᾶς
923 2221 954 2271 ὁ
977 2219 1284 2287 ἐμϐλέψας
1310 2220 1561 2288 γυναῖκα
1598 2223 1746 2288 πρὸς
1783 2222 1848 2276 τὸ

178 2302 547 2371 ἐπιθυμῆσαι
595 2303 806 2371 αὐτῆς,
861 2305 978 2374 ἤδη
1018 2307 1375 2375 ἐμοίχευσεν
1421 2308 1615 2375 αὐτὴν
1663 2311 1732 2362 ἐν
1775 2311 1851 2379 τῇ

180 2390 398 2458 καρδίᾳ
445 2391 654 2445 αὐτοῦ.
703 2390 855 2456 Εἶδες
898 2394 1025 2456 τοὺς
1069 2394 1162 2446 δύο
1200 2395 1425 2465 νόμους,
1478 2397 1568 2450 τὸν
1622 2398 1848 2454 παλαιὸν

180 2477 396 2529 καὶτὸν
429 2479 636 2536 καινὸν.
673 2479 730 2532 ὃν
778 2479 941 2548 ἔθηκε
982 2481 1242 2550 Μωῦσῆς,
1286 2483 1378 2535 καὶ
1411 2483 1469 2536 ὃν
1509 2485 1718 2553 εἰσάγει
1753 2488 1850 2540 αύ-

178 2563 306 2624 τὸς;
348 2563 552 2632 μᾶλλον
587 2564 645 2618 δὲ
693 2565 785 2617 καὶ
828 2566 1016 2618 τοῦτον
1051 2568 1214 2630 αὐτὸς
1248 2567 1446 2640 ἔθηκεο
1482 2571 1576 2623 καὶ
1623 2572 1728 2642 γὰρ
1761 2573 1848 2627 διὰ

177 2650 462 2710 Μωῦσέως
487 2651 649 2712 αὐτὸς
680 2650 928 2722 ἐλάλησε.
973 2655 1078 2706 Καὶ
1111 2653 1273 2707 πόθεν
1297 2655 1455 2727 δῆλον
1481 2659 1558 2711 ὅτι
1597 2659 1848 2712 κάκεῖνον

179 2737 345 2800 αὐτὸς
392 2736 619 2806 έθηκεν;
666 2739 779 2791 Οὐκ
807 2739 916 2793 ἀπὸ
949 2741 1219 2806 Ἰωάννου,
1252 2744 1372 2798 οὐδὲ
1413 2746 1520 2798 ἀπὸ
1563 2747 1670 2799 τῶν
1713 2740 1849 2800 ἀπο-

178 2824 384 2877 στὸλων
415 2825 514 2894 τὴν
551 2827 856 2898 μαρτυρίαν
881 2829 1218 2900 παρέξομαι·
1256 2833 1390 2902 πρὸς
1412 2834 1521 2904 γὰρ
1559 2835 1848 2899 Ἰουδαίους

181 2928 273 2981 μοι
325 2911 426 2964 νῦν
461 2915 490 2965 ὁ
525 2913 708 2979 ἀγών·
754 2913 870 2966 ἀλλ’
904 2915 1013 2967 ἀπὸ
1037 2917 1146 2969 τῶν
1177 2920 1474 2988 προφητῶν
1501 2915 1582 2983 οἷς
1630 2922 1846 2976 δοκοῦσι

177 2999 485 3063 πιστεύειν,
535 3001 628 3052 ἀπ’
661 3001 838 3054 αὐτῶν
873 3001 1160 3070 ἀποδείξω,
1213 3006 1295 3057 ὅτι
1351 3008 1444 3059 καὶ
1495 3009 1707 3061 Παλαιὰ
1754 3013 1848 3064 καὶ

177 3087 360 3156 Καινὴ
405 3088 703 3157 νομοθέτην
744 3089 839 3142 ἐνα
873 3090 1007 3160 ἔχει.
1053 3092 1118 3143 Τί
1153 3088 1246 3146 οὖν
1278 3096 1306 3146 ὁ
1353 3095 1622 3166 Ἱερεμίας
1670 3098 1843 3168 φησίς

176 3174 546 3242 ,διαθήσομαι
600 3177 741 3244 ὑμῖν
785 3177 1082 3247 διαθήκην
1127 3180 1363 3247 καινήν.
1417 3179 1572 3246 Εἶδες
1625 3186 1846 3256 καὶτῆς

179 3261 394 3330 Καινῆς
434 3263 493 3314 τὸ
519 3263 689 3332 ὄνομα
717 3265 776 3316 ἐν
800 3267 865 3335 τῇ
901 3265 1142 3336 Παλαιᾷς
1171 3263 1310 3331 εἶδες
1346 3271 1439 3322 καὶ
1459 3270 1556 3340 τὴν
1575 3288 1847 3342 προσηγο-

182 3349 306 3416 ρίαν
338 3348 447 3418 πρὸ
478 3350 752 3403 τοσούτων
768 3351 1180 3421 διαλάμπουσαν
1215 3356 1456 3427 χρόνων;
1486 3359 1847 3428 Διαθήσομαι

176 3435 324 3504 ὑμῖν
348 3435 642 3504 διαθήκην
667 3438 906 3506 καινήν.
951 3440 1110 3493 Ἀλλά
1147 3443 1310 3495 πόθεν
1338 3445 1497 3514 δῆλον
1525 3447 1605 3499 ὅτι
1636 3449 1729 3500 καὶ
1749 3450 1849 3518 τὴν

178 3524 428 3576 Παλαιὰν
474 3526 636 3588 αὐτὸς
681 3525 918 3591 ἐδωκενς
967 3529 1172 3594 Εἰπὼν,
1207 3532 1289 3584 ὅτι
1319 3533 1678 3602 Διαθήσομαι
1707 3536 1849 3604 ὑμῖν

175 3609 480 3679 διαθήκην
517 3612 755 3681 καινὴν,
780 3616 1082 3684 ἐπήγαγεν,
1110 3620 1192 3670 Οὐ
1214 3620 1363 3672 κατὰ
1407 3619 1520 3688 τὴν
1550 3621 1848 3691 διαθήκην

177 3697 261 3765 ἢν
288 3698 570 3768 διεθέμην
601 3701 723 3767 τοῖς
747 3703 1047 3770 πατράσιν
1073 3705 1256 3774 ὑμῶν.
1298 3707 1437 3760 Ναί·
1472 3708 1586 3761 ἀλλ’
1614 3708 1768 3763 οῦπω
1787 3711 1848 3764 τὸ

176 3788 417 3856 πρᾶγμα
451 3789 812 3859 ἀπεδείξαμεν
837 3807 850 3821 ⁸
881 3791 962 3844 δεῖ
985 3791 1093 3863 γὰρ
1123 3793 1338 3847 ἅπαντα
1366 3797 1434 3848 τὰ
1461 3797 1847 3868 ἀντικρούοντα

175 3878 526 3943 παραγαγεῖν
557 3877 636 3938 είς
684 3877 848 3944 μέσον
881 3879 976 3931 καὶ
1021 3879 1157 3949 δῆλα
1187 3883 1382 3945 ποιεῖν,
1419 3884 1504 3936 ἵνα
1532 3885 1794 3939 πάντοθεν
1818 3889 1847 3939 ό

174 3962 338 4030 λόγος
375 3965 510 4034 ήμϊν
541 3965 960 4039 ἐκκαθαίρηται,
991 3970 1086 4023 καὶ
1115 3972 1248 4044 μηδὲ
1275 3975 1387 4037 τοῖς
1429 3975 1846 4046 ἀναισχυντοῦσι

176 4051 579 4122 καταλείπηται
630 4055 922 4126 πρόφασις.
987 4059 1351 4126 Διαθήσομαι
1374 4061 1515 4129 ὑμῖν
1551 4062 1848 4133 διαθήκην

175 4139 432 4206 καινήν,
482 4143 556 4194 οὐ
602 4141 750 4195 κατὰ
784 4141 899 4210 τὴν
940 4143 1234 4214 διαθήκην
1279 4147 1358 4216 ἢν
1405 4149 1684 4220 διεθέμην
1721 4154 1847 4220 τοῖς

173 4226 482 4294 πατράσιν
500 4225 685 4294 ὑμῶν.
717 4229 932 4282 Διέθετο
960 4231 1224 4305 διαθήκην
1247 4235 1398 4309 [325]
1424 4238 1560 4308 πρὸς
1579 4238 1669 4292 τὸν
1696 4240 1843 4304 Νῶε,

171 4315 340 4370 ἡνίκα
363 4315 394 4365 ὁ
433 4313 815 4385 κατακλυσμὸς
846 4317 1080 4385 ἐγένετο.
1141 4321 1461 4394 βουλόμενος
1495 4328 1642 4397 ἡμᾶς
1670 4327 1845 4382 ἀπαλ-

171 4399 339 4465 λάξαι
390 4401 500 4454 τῶν
526 4403 728 4469 φόϐων,
769 4407 854 4458 ῖνα
900 4407 973 4477 μή
1014 4408 1076 4478 δὴ
1117 4411 1501 4483 κατακλυσμὸν
1530 4413 1841 4483 βλέποντες,

171 4490 269 4541 καὶ
305 4490 510 4562 δμϐρον
539 4495 772 4566 ὁρῶντες
805 4498 922 4562 ἀεὶ,
958 4499 1051 4551 καὶ
1091 4497 1190 4570 τὴν
1229 4499 1606 4571 πανωλεθρίαν
1630 4503 1845 4572 ἐκείνην

169 4577 569 4650 προσδοκῶμεν
626 4582 881 4637 ἔσεσθαι·
933 4585 1022 4639 διὰ
1061 4585 1240 4649 τοῦτο,
1293 4587 1844 4656 φησὶ,Διαθήσομιιι

169 4664 475 4734 διαθήκην
498 4671 650 4738 μετὰ
675 4673 812 4733 σοῦ,
835 4672 934 4725 καὶ
960 4675 1108 4742 μετὰ
1135 4674 1337 4741 πάσης
1359 4678 1606 4742 σαρκός.
1626 4678 1844 4731 Διέθετο

169 4755 342 4807 πάλιν
381 4756 517 4826 πρὸς
545 4757 638 4810 τὸν
682 4759 931 4831 Ἀϐραὰμ
951 4761 1219 4833 διαθήκην
1251 4763 1350 4834 τήν
1375 4763 1473 4834 τῆς
1502 4767 1806 4836 περιτομῆς
1825 4783 1838 4796 ·

170 4841 383 4894 διέθετο
403 4842 668 4915 διαθήκην
700 4846 787 4900 διὰ
810 4849 1086 4912 Μωῦσέιυς
1118 4850 1217 4920 τὴν
1239 4850 1334 4902 καὶ
1370 4853 1503 4904 πᾶσι
1543 4852 1839 4923 γνώριμον.

169 4927 348 4981 Εἶπεν
372 4932 400 4983 ὁ
430 4932 694 5002 Ἱερεμίας
709 4952 720 4964 ·
742 4935 1102 5005 Διαθήσομαι
1130 4938 1273 5006 ὑμῖν
1289 4937 1583 5005 διαθήκην
1602 4940 1839 5008 καινὴν,

169 5021 246 5074 οὐ
295 5023 448 5074 κατὰ
488 5024 604 5089 τὴν
643 5023 938 5091 διαθήκην
967 5024 1048 5092 ἣν
1074 5025 1353 5095 διεθέμην
1384 5027 1504 5093 τοῖς
1546 5029 1844 5097 πατράσιν

167 5105 365 5176 ὑμῶν.
398 5109 556 5172 Είπέ,
591 5114 763 5173 ποίοις
789 5113 1026 5182 πατράσι
1059 5131 1073 5178 ;
1118 5115 1211 5166 καὶ
1245 5114 1353 5184 γὰρ
1412 5118 1441 5168 ὁ
1503 5117 1622 5170 Νῶε
1664 5119 1843 5187 πατὴρ

169 5190 264 5267 ἦν,
296 5193 392 5245 καὶ
414 5195 443 5245 ὁ
469 5194 718 5266 ’Δϐραάμ
746 5197 928 5268 πατὴρ
951 5194 1018 5269 ἧν
1035 5216 1048 5230 ·
1076 5201 1248 5264 ποίοις
1267 5197 1363 5254 οῦν
1392 5202 1540 5270 λέγει
1564 5205 1838 5274 πατράσις

168 5282 236 5332 τὸ
269 5280 384 5350 γὰρ
411 5281 713 5352 ἀδιόριστον
759 5285 854 5338 τοῦ
888 5285 1180 5358 προσώπου
1213 5288 1475 5358 σύγχυσιν
1519 5294 1682 5344 ποιεῖ.
1721 5292 1841 5345 Ἐν-

169 5366 354 5421 ταῦθα
385 5371 677 5440 προσέχετε
701 5389 717 5403 ·
741 5375 824 5426 Οὐ
844 5359 994 5428 κατά
1013 5373 1128 5442 τὴν
1151 5375 1449 5444 διαθήκην
1463 5376 1544 5444 ἣν
1566 5378 1843 5448 διεθέμην

168 5455 305 5522 τοῖς
332 5457 634 5524 πατράσιν
663 5458 844 5527 ὑμῶν.
892 5461 1010 5515 Ἵνα
1031 5461 1140 5534 γὰρ
1189 5463 1262 5535 μὴ
1315 5464 1479 5539 λέγῃς
1505 5467 1586 5519 δτι
1613 5467 1713 5538 τὴν
1750 5471 1842 5524 ἐπὶ

171 5543 306 5596 Νῶε
345 5544 514 5612 λέγει,
563 5547 650 5599 ἴνα
702 5547 775 5618 μὴ
814 5548 979 5623 λέγῃς
1033 5551 1114 5604 ὅτι
1160 5553 1261 5622 τὴν
1308 5553 1399 5605 ἐπὶ
1437 5553 1532 5606 τοῦ
1591 5556 1842 5627 Ἀϐραὰμ

174 5629 357 5698 λέγει,
392 5633 552 5686 αὐτοῦ
580 5633 674 5687 τοῦ
707 5636 903 5704 χρόνον
936 5637 1122 5692 λοιπὸν
1146 5639 1254 5692 τῶν
1291 5639 1566 5710 διαθηκῶν
1599 5643 1842 5716 ἐμνημό-

168 5736 370 5776 νευσεν
406 5722 578 5788 οὕτως
598 5741 612 5756 ·
653 5724 822 5779 εἰπὼν
847 5725 973 5799 γὰρ,
1005 5728 1086 5781 δτι
1131 5727 1496 5799 Διιιθήσομαι
1528 5729 1669 5799 ὑμῖν
1711 5731 1838 5786 δια-

1972 503 2184 570 τριίσιν
2213 504 2396 573 ὑμῶν,
2431 507 2680 575 ἐπήγαγε
2729 505 2821 557 καὶ
2870 506 2959 557 τὸν
3010 506 3233 575 χρόνον·
3283 506 3384 556 Ἐν
3438 503 3627 572 ἡμέρα

1971 589 2405 658 ἐ.τι..ιαϐομένου
2433 609 2552 661 μου
2580 590 2690 659 τῆς
2731 591 2929 660 χειρὸς
2966 591 3162 645 αὐτῶν
3185 590 3496 660 ἐξαγαγεῖν
3521 591 3626 643 air-

1968 675 2110 740 τοὺς
2134 678 2202 730 ἐκ
2231 677 2347 746 γῆς
2372 680 2691 747 Αἰγύπτου.
2724 677 2874 742 Εἶδες
2924 680 2954 731 ὁ
3003 677 3096 730 τοῦ
3130 677 3320 748 καιροῦ
3349 677 3625 747 διορισμὸς

1969 764 2142 834 πόσην
2161 765 2383 836 ἐποίησε
2416 768 2514 838 τὴν
2547 769 2871 838 σαφήνειαν;
2904 765 3099 819 Οὐκέτι
3119 765 3301 818 λοιπὸν
3329 765 3448 818 οὑδέ
3487 765 3622 816 Ἰου-

1968 849 2113 913 δαῖος
2142 853 2410 921 ἀντιλέγει
2428 870 2440 883 ο
2473 855 2848 926 ἀναμνήσθητι
2875 853 2970 907 τοῦ
3001 854 3219 924 χρόνον,
3255 854 3348 906 καί
3367 851 3500 905 λάϐε
3522 851 3621 922 τὴν

1967 939 2287 1006 νομοθεσίαν
2305 958 2319 971 ο
2367 943 2468 995 Ἐν
2499 943 2686 1011 ήμέρςι
2715 941 3146 1010 ἐπιλαϐομένου
3157 959 3276 1010 μου
3300 939 3405 1007 τῆς
3427 939 3622 1006 χειρὸς

1963 1025 2182 1080 αὐτῶν.
2230 1029 2328 1082 Διά
2371 1030 2422 1082 τί
2467 1030 2523 1084 δέ
2576 1033 2668 1084 καὶ
2716 1031 2806 1082 τὸν
2840 1030 3040 1100 τρόπον
3075 1029 3224 1096 λέγει
3254 1028 3355 1097 τῆς
3394 1024 3616 1090 ἐξόδους

1974 1115 2439 1178 Ἐπιλαϐοιιένου
2455 1136 2574 1186 μου
2597 1118 2707 1186 τῆς
2742 1118 2938 1186 χειρὸς
2961 1116 3157 1171 αὐτῶν
3178 1116 3490 1186 ἐξαγαγεῖν
3514 1116 3621 1169 αὑ-

1959 1203 2098 1269 τοὺς
2121 1206 2188 1257 ἐκ
2223 1206 2338 1274 γῆς
2366 1209 2688 1276 Αἰγύπτου.
2721 1209 2838 1260 Ἵνα
2868 1208 3138 1277 πατρικὴν
3159 1205 3307 1276 δείξῃ
3338 1205 3620 1274 φιλοστορ-

1959 1293 2106 1360 γίαν,
2138 1295 2235 1364 οὐχ
2267 1295 2340 1358 ὡς
2373 1296 2591 1358 δούλους
2631 1297 2917 1368 ἐξήγαγεν,
2951 1297 3064 1350 ἁλλ’
3093 1297 3168 1360 ὡς
3198 1296 3406 1348 παιδίον
3438 1293 3618 1348 λαϐὼν

1958 1381 2159 1453 πατὴρ,
2183 1382 2355 1447 οὕτως
2383 1386 2711 1455 ἀπήλλαξεν,
2738 1387 2836 1440 οὐκ
2863 1385 3086 1438 ὄπισθεν
3117 1385 3354 1455 βαδίζειν
3381 1383 3617 1436 κελεύων

1957 1467 2146 1540 ὥσπερ
2165 1470 2404 1542 οἰκέτην,
2444 1473 2559 1526 ἀλλ’
2581 1474 2656 1536 ὡς
2689 1474 2802 1526 υἱὸν
2834 1474 3025 1544 εὐγενῆ
3053 1475 3148 1526 καὶ
3185 1472 3489 1542 ἐλεύθερον,
3517 1473 3614 1542 τῆς

1956 1556 2134 1620 δεξιᾶς
2158 1559 2474 1630 λαϐόμενος,
2515 1561 2690 1625 οὕτως
2718 1563 3007 1632 ἐξήγαγεν.
3046 1558 3198 1627 Εῐδες
3223 1562 3316 1616 δύο
3339 1561 3614 1626 διαθηκῶν

1955 1643 2050 1696 ἕνα
2100 1646 2424 1717 νομοθέτην;
2475 1648 2687 1702 Οὐκοῦν
2743 1649 2927 1703 λοιπὸν
2978 1651 3164 1721 ἐπειδὴ
3219 1650 3324 1703 τῶν
3387 1648 3614 1717 ἀγώνων

1955 1731 2376 1802 ἀπηλλάγημεν.
2401 1736 2494 1787 καὶ
2528 1736 2636 1787 ἀπὸ
2654 1737 2752 1806 τῆς
2777 1737 2987 1807 Καινῆς
3014 1738 3170 1801 δείξω
3195 1755 3276 1790 σοι
3313 1737 3488 1800 τοῦτο,
3525 1737 3613 1789 ἵνα

1954 1819 2102 1889 εἰδῇς
2149 1821 2246 1890 τὴν
2283 1823 2604 1890 συμφωνίαν
2631 1823 2739 1876 τῶν
2775 1823 3070 1893 διαθηκῶν.
3099 1821 3251 1888 Εἶδες
3274 1825 3373 1893 τὴν
3398 1841 3612 1894 προφη-

1952 1909 2102 1961 τείαν
2125 1907 2213 1961 διὰ
2237 1908 2346 1961 τῶν
2377 1911 2666 1981 ῥημάτων;
2699 1911 2837 1980 μάθε
2880 1911 2976 1982 τὴν
3010 1911 3345 1982 προφητείαν
3387 1913 3481 1964 καὶ
3525 1909 3615 1964 διὰ

1952 1991 2060 2044 τῶν
2099 1993 2302 2056 τύπων,
2352 1997 2398 2046 εἰ
2431 1996 2522 2047 καὶ
2566 1996 2652 2049 διά
2683 2009 2706 2036 α
2733 1996 2891 2049 τοῦτο
2931 1997 3093 2050 πάλιν
3121 1998 3331 2065 ἀσαφές
3357 1999 3524 2059 ἐστιν,
3560 1996 3612 2048 τί

1952 2080 2081 2132 ποτέ
2110 2082 2223 2133 ἐστι
2259 2081 2349 2134 διὰ
2389 2081 2560 2134 τύπου
2595 2084 2922 2153 προφητεία,
2956 2084 3050 2136 καὶ
3103 2085 3156 2137 τί
3209 2085 3338 2136 ποτέ
3367 2086 3484 2136 ἐστι
3525 2084 3612 2137 διὰ

1950 2165 2106 2234 λόγου
2143 2169 2478 2238 προφητεία·
2529 2170 2724 2223 οὐκοῦν
2750 2172 2805 2222 ἐν
2840 2170 3030 2241 βραχεῖ
3059 2172 3153 2224 καὶ
3199 2171 3356 2224 τοῦτο
3405 2172 3612 2241 ποιήσω

1953 2255 2140 2322 σαφές.
2190 2256 2255 2307 Ἡ
2279 2257 2584 2325 προφητεία
2606 2259 2636 2326 ή
2657 2257 2746 2311 διὰ
2767 2257 2861 2310 τοῦ
2892 2257 3064 2311 τύπου
3099 2260 3132 2328 ή
3155 2258 3243 2311 διὰ
3269 2260 3610 2329 πραγμάτων

1950 2340 2066 2392 ἐστὶ
2095 2340 2418 2411 προφητεία,
2445 2343 2476 2410 ἡ
2511 2342 2567 2393 δὲ
2598 2342 2731 2411 άλλη
2762 2343 3072 2414 προφητεία
3095 2347 3127 2413 ή
3174 2344 3264 2397 διὰ
3290 2345 3398 2397 τῶν
3431 2345 3610 2415 ῥημά-

1947 2444 2056 2479 των
2084 2427 2199 2479 ὲστὶ
2234 2427 2570 2497 προφητεία*
2621 2430 2749 2492 τοὺς
2799 2430 2895 2499 μὲν
2937 2430 3044 2500 γὰρ
3079 2431 3480 2500 συνετωτέρους
3517 2431 3604 2483 διὰ

1947 2513 2055 2566 τῶν
2078 2514 2250 2582 λόγων
2281 2515 2484 2578 ἔπειθε,
2510 2516 2636 2578 τοὺς
2663 2515 2718 2568 δὲ
2747 2517 3232 2588 ἀναισθητοτέρους
3269 2518 3364 2572 καὶ
3388 2517 3475 2572 διὰ
3509 2520 3608 2589 τῆς

1947 2600 2055 2653 τῶν
2117 2603 2457 2673 πραγμάτων
2511 2603 2685 2672 ὅψεως
2756 2605 3141 2676 ἐπληροφόρει.
3220 2605 3438 2676 Ἐπειδὴ
3499 2606 3608 2676 γὰρ

1951 2691 2180 2759 πρᾶγμα
2212 2691 2434 2761 ἔμελλεν
2464 2691 2795 2761 ἐκϐήσεσθαι
2838 2692 3002 2762 μέγα,
3043 2692 3138 2746 καὶ
3189 2695 3217 2746 ό
3251 2693 3382 2756 Θεὸς
3430 2694 3610 2764 σάρκα

1948 2776 2170 2846 ἔμελλεν
2214 2778 2652 2849 ἀναλαμϐάνεινο
2691 2779 2876 2851 ἐπειδὴ
2916 2783 2948 2849 ή
3003 2781 3073 2850 γῆ
3117 2781 3346 2851 οὐρανὸς
3386 2781 3611 2852 ἔμελλεν

1949 2865 2189 2928 ἔσεσθαι,
2240 2867 2333 2920 καὶ
2366 2867 2398 2935 ἡ
2427 2867 2672 2938 ἡμετέρα
2725 2866 2885 2936 φύσις
2920 2868 3055 2939 πρὸς
3092 2867 3189 2938 τὴν
3219 2868 3326 2923 τῶν
3366 2869 3611 2938 ἀγγέλων

1948 2953 2224 3021 εὐγένειαν
2256 2955 2587 3023 ἀνάγεσθαι·
2640 2956 2826 3026 ἐπειδὴ
2884 2956 3241 3026 ὑπερέϐαινεν
3292 2956 3483 3010 ἐλπίδα
3517 2959 3615 3012 καὶ

1949 3041 2271 3112 προσδοκίαν
2297 3045 2324 3095 ὁ
2348 3043 2504 3111 λόγος
2543 3043 2648 3096 τῶν
2673 3043 2970 3114 μελλόντων
3010 3044 3339 3115 ἐκϐήσεσθαι
3369 3047 3609 3114 ἀγαθῶν,

1951 3131 2038 3183 ἵνα
2067 3131 2141 3201 μὴ
2170 3132 2231 3184 τὸ
2258 3131 2441 3183 καινὸν
2471 3131 2566 3183 καὶ
2587 3129 2885 3202 παράδοξον
2914 3129 3124 3201 ἀθρόως
3144 3133 3308 3201 φανὲν
3339 3132 3610 3204 θορυϐήσῃ

1949 3219 2076 3282 τοὺς
2105 3219 2223 3272 τότε
2255 3218 2517 3290 δρῶντας,
2547 3221 2640 3272 καὶ
2667 3217 2983 3281 ἀκούοντας,
3015 3217 3222 3272 ἄνωθεν
3260 3220 3612 3289 προετύπωσε

1952 3305 1979 3343 1)
2017 3306 2104 3359 διὰ
2135 3307 2473 3378 πραγμάτων
2511 3309 2606 3360 καὶ
2649 3307 2736 3360 διά
2774 3309 3034 3379 ῥημάτων
3085 3307 3280 3371 ἐθίζων
3321 3308 3482 3377 ἡμῶν
3514 3307 3612 3378 τὴν

1949 3393 2116 3465 ἀκοὴν
2152 3397 2246 3449 καὶ
2283 3397 2380 3465 τὴν
2413 3395 2558 3465 ὄψιν,
2588 3397 2682 3448 καὶ
2711 3396 2772 3448 τὺ
2823 3396 3013 3466 μέλλον
3057 3393 3384 3467 ἐκϐήσεσθαι
3435 3413 3615 3464 παρα-

1951 3483 2249 3546 σκευάζων.
2289 3483 2460 3535 Τοῦτο
2491 3483 2547 3534 δὲ
2578 3479 2646 3553 ἦν
2696 3484 2832 3553 ὅπερ
2861 3483 3156 3553 ἐλέγομεν,
3192 3483 3245 3536 τί
3279 3486 3427 3536 ἐστιν
3459 3485 3491 3554 ή
3525 3483 3613 3536 διὰ

1947 3569 2118 3621 τύπου
2150 3571 2476 3641 προφητεία,
2511 3570 2604 3623 καὶ
2638 3572 2690 3623 τί
2721 3573 2866 3624 ἐστιν
2899 3573 2930 3641 ή
2959 3571 3047 3624 διὰ
3075 3572 3234 3639 λόγου
3271 3573 3609 3641 προφητεία’

1948 3657 1980 3726 ἡ
2021 3658 2118 3726 μὲν
2149 3658 2236 3711 διὰ
2271 3659 2632 3729 πραγμάτων,
2661 3661 2694 3729 ή
2722 3659 2779 3711 δὲ
2801 3659 2890 3711 διά
2921 3659 3201 3729 ῥημάτων.
3232 3659 3385 3711 Εἴπω
3420 3675 3500 3712 σοι
3525 3659 3613 3712 διὰ.

1950 3745 2275 3814 πράγματος
2306 3746 2644 3816 προφητείαν
2661 3746 2752 3798 καὶ
2781 3745 2870 3799 διὰ
2896 3746 3139 3816 ῥήματος
3169 3747 3248 3806 εἰς
3278 3745 3472 3814 αὐτόνς
3514 3746 3613 3810 Ὠς

1948 3834 2244 3902 πρόϐατον
2273 3834 2370 3886 ἐπὶ
2405 3834 2653 3902 σφαγὴν
2686 3833 2864 3902 ἢχθη,
2900 3833 2996 3886 καὶ
3031 3834 3112 3896 ὡς
3129 3832 3317 3901 ἀμνὸς
3335 3833 3614 3887 ἐναντίον

1948 3922 2054 3976 τοῦ
2094 3921 2245 3993 [5241
2280 3923 2587 3992 κείροντος
2620 3925 2824 3979 αὐτόν.
2857 3921 3028 3976 Τοῦτο
3055 3922 3144 3975 διά
3181 3923 3423 3993 ῥήματος
3475 3940 3611 3994 προ-

1950 4010 2168 4078 φητεία.
2211 4009 2338 4062 Ὅτε
2383 4009 2492 4079 γὰρ
2527 4009 2620 4063 τὸν
2675 4009 2862 4063 Ἰσαὰκ
2905 4011 3204 4080 ἀνήνεγκεν
3249 4013 3278 4062 ό
3325 4009 3606 4080 Ἀϐρααμ,

1947 4096 2068 4148 τότε
2107 4095 2382 4166 πρόϐατον
2421 4095 2544 4149 ἰδὼν
2578 4099 2998 4169 ἐκκρεμάμενον
3051 4098 3116 4149 ἐκ
3169 4097 3278 4150 τῶν
3340 4098 3608 4166 κεράτων,

1948 4182 2086 4251 πρὸς
2140 4182 2239 4253 τὴν
2295 4174 2487 4236 θυσίᾶν
2541 4185 2746 4253 ἤγαγεν
2804 4184 2980 4256 ἔργῳ,
3042 4184 3288 4254 καθάπερ
3345 4184 3404 4234 ἐν
3454 4183 3610 4254 τύπῳ

1951 4270 2361 4342 προαναφωνῶν
2390 4271 2521 4341 ἡμῖν
2554 4272 2615 4324 τὸ
2640 4272 2911 4343 σωτήριον
2942 4271 3132 4336 πάθος.

2017 4365 2078 4411 ε’.
2100 4359 2279 4429 Ὅπερ
2305 4354 2398 4412 οῦν
2417 4359 2616 4426 ἔλεγον,
2642 4359 2818 4428 βούλει
2843 4376 2925 4411 σοι
2945 4360 3102 4424 δείξω
3119 4360 3214 4422 τὰς
3230 4357 3322 4410 δύο
3343 4359 3606 4429 διαθήκας

1946 4448 2149 4512 ταύτας
2176 4448 2264 4502 διὰ
2283 4448 2392 4502 τῶν
2415 4448 2590 4518 ἔργων
2613 4467 2626 4515 ;
2655 4450 2866 4522 Ὥσπερ
2893 4445 3032 4510 εῐδες
3055 4449 3116 4500 τὸ
3142 4447 3410 4519 πρόϐατον
3445 4449 3502 4502 ἐν
3532 4449 3608 4517 τῷ

1946 4539 2172 4608 ῥήματι,
2205 4537 2443 4606 μάνθανε
2477 4538 2570 4590 καὶ⁸
2597 4541 2657 4592 ἐν
2695 4539 2772 4607 τῷ
2803 4539 3109 4609 πράγματι.
3141 4536 3356 4605 Λέγετέ
3395 4553 3497 4605 μοι
3553 4541 3606 4589 οι

1948 4623 2060 4676 ὑπὸ
2123 4625 2311 4692 νόμον
2348 4623 2626 4689 θέλοντες
2673 4621 2845 4679 εἶναι.
2898 4624 3093 4687 Καλῶς
3130 4621 3272 4687 εἷπε,
3319 4623 3608 4688 Θέλοντες

1943 4707 2126 4764 εἷναν
2179 4712 2238 4763 οὐ
2277 4711 2387 4780 γὰρ
2426 4707 2594 4781 ἦσαν·
2645 4713 2693 4764 εί
2735 4712 2844 4782 γὰρ
2873 4708 3012 4782 ἦσαν
3043 4713 3148 4766 ὑπὸ
3175 4713 3360 4782 νόμον,
3400 4711 3504 4764 οῦκ
3539 4711 3606 4762 ἂν

1943 4795 2081 4869 ἦσαν
2131 4799 2235 4853 ὑπὸ
2259 4800 2444 4868 νόμον.
2495 4801 2650 4870 Τάχα
2682 4801 2911 4870 αἴνιγμά
2952 4803 3065 4854 ἐστι
3098 4802 3158 4854 τὸ
3189 4800 3499 4868 λεγόμενον.
3549 4800 3605 4850 '0

1944 4887 2052 4959 γὰρ
2075 4888 2238 4957 νόμος
2265 4888 2344 4958 τῷ
2377 4888 2598 4958 Χριστῷ
2636 4889 2965 4958 παρέπεμπε
2997 4890 3122 4951 τοὺς
3145 4887 3509 4957 προσέχοντας
3528 4903 3543 4916 ·
3577 4889 3606 4938 ὁ

1943 4975 2031 5028 τὸν
2063 4976 2380 5029 διδάσκαλον
2419 4977 2724 5046 ἀτιμάζων,
2767 4978 2956 5044 ἀγνοεῖ
2979 4976 3072 5028 καὶ
3110 4974 3200 5027 τὸν
3231 4974 3600 5043 παιδαγωγόν.

1943 5064 2054 5120 Διὸ.
2082 5065 2234 5136 φησὶ,
2269 5064 2482 5132 Λέγετέ
2517 5082 2617 5132 μοι
2651 5067 2704 5117 οἱ
2736 5063 2855 5118 ὑπὸ
2884 5063 3072 5130 νόμον
3105 5061 3382 5126 θέλοντες
3425 5057 3600 5125 εἶναι,

1942 5155 2046 5207 τὸν
2099 5153 2285 5221 νόμον
2319 5155 2428 5206 οὐκ
2462 5153 2709 5207 ἀκούετε
2729 5191 2744 5212 ,
2799 5150 2888 5203 ὅτι
2931 5153 2964 5204 ὀ
3007 5149 3258 5218 Ἀϐραὰμ
3291 5149 3400 5203 δύο
3433 5150 3602 5216 υἱοὺς

1942 5242 2146 5309 ἔσχεν,
2173 5241 2281 5293 ἕνα
2316 5241 2386 5292 ἐκ
2416 5239 2524 5307 τῆς
2559 5239 2902 5305 παιδίσκης,
2935 5237 3029 5291 καὶ
3055 5237 3161 5290 ἕνα
3183 5237 3251 5292 ἐκ
3284 5236 3392 5306 τῆς
3434 5239 3603 5292 ἐλευ-

1942 5327 2135 5396 θέρας,
2191 5327 2363 5382 ἅτινά
2408 5328 2578 5382 ἐστιν
2609 5325 3125 5396 ἀλληγορούμενα.
3175 5321 3328 5389 Εἶδες
3369 5325 3456 5380 διὰ
3505 5329 3600 5380 τοῦ

2003 5559 2026 5586 ⁸
2057 5556 2363 5620 [ρειιηιιιιπι
2387 5557 2544 5620 forsan
2590 5557 2746 5620 εἰίκαὶ
2789 5559 2862 5615 δή·
2899 5558 3120 5619 quamvis
3153 5558 3192 5605 si
3241 5556 3316 5620 cui
3360 5555 3599 5620 plac-Heri:

1940 5615 2332 5688 prgappsﬂjonem
2351 5619 2428 5666 διά
2452 5615 3079 5688 ειιηριὶείιεξ-ειρριὶεει-ιι,
3089 5632 3183 5688 ρει·
3202 5615 3435 5688 ιηεηιίιίςι.
3458 5615 3594 5688 μυξῖ-

2003 5675 2216 5744 δῸιῐοὶξ.
2253 5675 2659 5744 προανετύπωσεν.
2710 5675 3014 5732 Μοιᾞοῖρι.
3062 5675 3238 5744 ἐθίζων,
3279 5675 3597 5732 ςακ·ἱ1.ἐρεθίο

1943 5748 2049 5801 ζων.
2073 5741 2237 5792 Ottob.
2263 5741 2487 5798 ἐνεθίζων.
