4036 6206
325 275 421 332 391

325 385 657 459 prophetiam
685 383 710 438 τ
746 379 802 437 ln
840 394 905 436 eo
933 377 1074 435 enim
1103 373 1245 448 quod
1272 375 1522 432 mulieres
1566 374 1726 430 habet
1743 416 1760 440 ,
1788 388 1895 429 non

324 480 579 546 verbum,
620 474 715 532 sed
763 487 850 528 res
873 480 956 527 est
985 489 1000 526 :
1027 477 1082 526 et
1118 483 1325 524 servam
1349 474 1404 522 et
1439 466 1660 521 liberam
1691 465 1899 520 ostendi

328 573 421 627 tibi
451 585 546 639 per
573 566 758 632 verba,
781 563 1029 634 quoniam
1060 560 1284 615 duorum
1311 566 1746 614 testamentorum
1767 570 1902 610 unus

323 669 408 716 est
441 656 746 727 legislator,
775 654 922 708 disce
950 660 1005 707 et
1048 650 1219 719 ipsum
1261 663 1355 718 per
1385 649 1600 717 ﬁguras.
1630 645 1900 700 Abraham

321 752 455 805 dnas
481 763 674 805 uxores
702 745 916 808 habuit;
948 743 1029 795 lue
1055 749 1230 794 autem
1261 746 1384 792 sunt
1411 737 1520 792 duo
1544 744 1855 790 testamenta
1882 776 1898 801 ,

320 853 376 897 et
408 857 544 896 unus
573 838 843 908 legislator
871 853 883 888 :
911 830 1356 903 quemadmodum
1381 829 1488 883 illic
1511 828 1626 881 ovis
1659 838 1713 882 et
1751 825 1864 878 ovis
1883 865 1899 890 ,

325 936 491 990 altera
515 930 727 1002 quidem
755 929 808 982 in
855 926 1052 990 verbo,
1082 923 1247 978 altera
1291 931 1468 975 autem
1510 920 1566 974 in
1612 934 1670 974 re
1696 960 1710 983 ,
1738 919 1901 973 multa

323 1041 452 1080 vero
475 1032 530 1077 et
548 1035 767 1091 operum
787 1025 841 1072 et
861 1016 1142 1072 verborum
1165 1010 1538 1067 concordantia
1561 1010 1696 1064 inest
1721 1028 1734 1064 :
1754 1012 1831 1064 sic
1850 1016 1904 1063 et

323 1117 410 1171 hic
435 1119 746 1170 testamenta
770 1109 902 1163 duo:
923 1117 976 1162 et
999 1107 1112 1161 time
1133 1103 1394 1159 Jeremias
1416 1101 1628 1172 quidem
1658 1114 1752 1169 per
1779 1113 1903 1154 ver-

322 1212 388 1266 ba
408 1206 674 1278 prmdixit,
693 1201 958 1257 Abraham
979 1207 1154 1252 autem
1180 1197 1311 1250 duas
1338 1193 1539 1248 habens
1560 1204 1906 1258 uxores,ope-

323 1302 472 1356 ribus
490 1295 750 1367 figuravit.
763 1287 1218 1358 Quemadmodum
1235 1286 1376 1341 enim
1396 1300 1530 1338 unus
1542 1283 1622 1336 vir
1639 1294 1689 1337 et
1711 1295 1906 1335 uxores

321 1391 466 1455 duae,
481 1389 557 1442 sie
574 1394 776 1440 etunus
794 1381 1080 1452 legislator,
1096 1386 1150 1432 et
1168 1383 1480 1432 testamenta
1499 1373 1625 1428 duo.
1643 1371 1745 1427 Sed
1763 1369 1904 1440 quod

321 1479 458 1541 dixi,
484 1487 538 1532 et
562 1476 714 1544 cujus
741 1487 899 1528 causa
929 1469 1170 1524 universa
1202 1467 1316 1521 haec
1338 1464 1605 1535 preposita
1630 1471 1904 1516 suntznon

324 1570 468 1627 enim
508 1584 538 1622 a
568 1566 838 1636 pr0posito
857 1560 1234 1616 discedendum
1260 1566 1384 1613 est:
1425 1555 1526 1624 Qui
1568 1555 1745 1609 viderit
1786 1570 1902 1606 mu-

323 1661 494 1714 lierem
517 1658 584 1710 ad
609 1652 1060 1725 concupiscendum
1101 1665 1210 1704 eam
1229 1690 1243 1714 ,
1264 1650 1378 1719 jam
1402 1647 1675 1699 moechatus
1700 1654 1771 1698 est
1792 1659 1904 1696 eam

323 1753 379 1807 ἐκ
399 1751 550 1805 corde
568 1764 658 1803 suo
692 1745 902 1818 (Matth.
933 1743 986 1798 5.
1015 1741 1126 1812 ‘28).
1159 1740 1234 1795 Ita
1261 1747 1373 1804 est;
1413 1735 1506 1792 sed
1534 1735 1674 1806 quod
1698 1735 1748 1788 in
1775 1749 1902 1804 pro-

324 1841 502 1912 posito
527 1837 678 1892 nobis
706 1846 820 1890 erat
847 1849 968 1888 cum
991 1832 1108 1886 lucc
1126 1830 1301 1884 omnia
1322 1829 1672 1898 agitaremus,
1694 1839 1789 1878 cur
1814 1837 1906 1878 ve—

326 1941 494 1986 terem
523 1927 652 1997 ipsis
679 1927 846 1996 legem
877 1923 1064 1978 recitat
1089 1920 1113 1974 ?
1134 1917 1262 1974 dicit
1304 1918 1445 1972 enim
1478 1915 1606 1984 ipsis
1633 1933 1647 1968 :
1679 1913 1906 1967 Audistis

323 2021 560 2092 quoniam
584 2019 771 2072 dictant
797 2026 868 2070 est
893 2012 1132 2080 antiquis,
1167 2009 1290 2063 Non
1318 2005 1661 2061 machaberis.
1690 2005 1903 2074 Cogno-

325 2091 402 2168 vit
442 2110 658 2167 difficile
685 2123 806 2163 esse
835 2103 1139 2160 mandatum
1165 2141 1184 2166 ,
1210 2115 1316 2153 non
1347 2105 1532 2166 suapte
1559 2104 1777 2157 natura,
1809 2091 1903 2147 sed

323 2202 650 2259 audientium
701 2197 928 2253 desidia.
976 2194 1135 2248 Multa
1179 2191 1321 2246 enim
1352 2204 1470 2259 qua:
1499 2195 1686 2240 natura
1735 2184 1902 2238 facilia

325 2306 488 2361 sunt,
514 2290 747 2348 difficilia
774 2288 908 2343 fiunt
948 2300 1070 2340 cum
1121 2282 1446 2354 pigritamur,
1495 2278 1632 2332 sicut
1670 2273 1902 2331 difficilia

323 2403 446 2456 qua:
470 2395 592 2440 sunt
610 2424 625 2447 ,
655 2382 790 2438 levia
813 2389 867 2436 et
895 2378 1063 2434 facilia
1093 2376 1224 2430 fiunt
1250 2373 1403 2428 nobis
1423 2379 1667 2425 accurate
1695 2368 1902 2439 prospi-

323 2480 608 2536 cientibus.
639 2475 757 2530 Non
782 2473 924 2528 enim
967 2470 1250 2526 difficultas
1289 2481 1465 2521 rerum
1492 2472 1695 2518 natura“:
1731 2463 1903 2526 inest,

325 2571 422 2624 sed
463 2567 824 2624 exercentium
872 2563 1145 2634 pr0posito
1177 2576 1191 2612 :
1219 2557 1360 2628 quod
1409 2554 1743 2610 verissimum
1785 2565 1904 2606 esse

327 2661 412 2716 vel
451 2677 515 2715 ex
561 2660 661 2714 hoc
687 2665 925 2727 apparet.
957 2653 1059 2709 Mel
1103 2659 1290 2707 natura
1331 2647 1665 2704 dulcedinem
1708 2643 1900 2710 habet,

323 2744 486 2822 atque
512 2749 754 2807 eamdem
788 2743 1259 2818 jucundissimam,
1305 2739 1396 2795 sed
1427 2738 1640 2808 a-grotis
1664 2743 1902 2789 amarum

325 2843 454 2914 quid
497 2852 658 2911 atque
705 2841 966 2909 ingratum
991 2843 1106 2899 est,
1160 2848 1266 2888 non
1305 2829 1540 2901 propria,
1571 2826 1663 2882 sed
1694 2826 1902 2881 illorum

324 2933 654 3006 aegritudinis
682 2939 864 2984 natura
898 2944 911 2980 :
937 2927 1013 2981 sic
1040 2925 1130 2979 lex
1156 2922 1364 2977 tametsi
1390 2919 1630 2973 videatur
1653 2928 1901 2982 onerosa,

326 3042 438 3082 non
462 3040 555 3080 sna
578 3034 783 3083 natura,
804 3020 896 3075 sed
921 3028 1099 3072 nostra
1120 3016 1177 3070 fit
1194 3014 1422 3086 pigritia.
1448 3010 1596 3066 llaud
1614 3009 1743 3065 mihi
1769 3007 1904 3063 mul-

324 3128 442 3174 tum
468 3116 681 3180 laboris,
706 3111 986 3168 ostendere
1017 3108 1157 3163 factu
1187 3106 1390 3161 facilem
1420 3118 1540 3158 esse
1569 3120 1583 3157 :
1614 3115 1734 3155 nam
1761 3098 1903 3170 quod

326 3208 598 3264 difficilem
625 3205 772 3258 illam
799 3201 924 3255 facit
952 3198 1093 3254 aliud
1119 3195 1400 3251 dicendum
1421 3202 1554 3248 erat.
1586 3191 1736 3246 Nunc
1760 3189 1902 3244 enim

325 3301 480 3366 dicit,
506 3299 652 3368 Fuge
683 3295 924 3350 mulieris
964 3292 1166 3355 visum,
1195 3303 1225 3342 a
1256 3285 1460 3342 luxuria
1505 3283 1734 3338 recede:
1762 3279 1902 3350 quod

326 3403 507 3449 autem
539 3390 771 3454 difficile,
816 3384 1116 3456 oppositum
1162 3381 1338 3436 dicere
1381 3386 1621 3447 poterat,
1676 3374 1904 3442 Exquire

327 3487 583 3543 mulieres
607 3527 620 3547 ,
649 3491 887 3538 scrutare
913 3479 1114 3532 alienas
1145 3474 1361 3536 formas,
1394 3479 1550 3540 atque
1597 3468 1675 3521 sic
1725 3464 1902 3520 libidi-

325 3593 453 3634 nem
481 3576 653 3630 vince.
672 3572 729 3628 ld
753 3585 882 3640 ergo
907 3565 1122 3623 difficile
1143 3563 1314 3618 fuerat
1347 3577 1360 3613 :
1389 3575 1509 3613 nam
1539 3556 1746 3621 dicere,
1769 3554 1904 3609 For-

328 3685 518 3726 naccm
548 3667 692 3738 fuge,
724 3662 914 3720 recede
938 3658 1144 3728 longius
1164 3657 1229 3709 ab
1254 3655 1404 3724 igne,
1433 3651 1661 3706 flamma:
1688 3647 1904 3718 propius

327 3778 435 3816 non
462 3737 752 3814 accesseris
771 3795 786 3819 ,
824 3766 931 3822 quo
967 3752 1038 3803 sis
1069 3749 1358 3810 innocuus,
1389 3743 1612 3796 multum
1639 3737 1904 3792 facilitatis

327 3853 488 3910 habet
512 3869 530 3906 :
556 3849 750 3904 etenim
778 3845 925 3915 juxta
954 3850 1196 3896 naturam
1224 3835 1530 3892 mandatum
1553 3843 1663 3919 est;
1681 3831 1905 3885 Audistis

325 3945 449 4018 quia
491 3943 681 3996 dictant
723 3949 796 3993 est
843 3935 1096 4003 antiquis,
1138 3929 1257 3984 Non
1298 3927 1614 3981 maechaberis
1655 3925 1675 3992 (
1698 3921 1900 3994 lbid.).

328 4013 494 4104 Cujus
523 4032 682 4102 igitur
710 4029 786 4082 rei
813 4027 979 4098 gratia
1009 4023 1275 4090 antiquam
1318 4019 1486 4087 legem
1515 4017 1668 4069 nobis
1695 4013 1760 4067 ad
1789 4028 1903 4066 tne-

329 4103 557 4180 moriam
600 4119 826 4189 redegit,
857 4115 1078 4170 alteram
1105 4106 1540 4165 introducturus?
1567 4106 1682 4172 Quo
1706 4103 1905 4157 scilicet

327 4231 396 4271 ex
419 4212 816 4283 comparatione
836 4206 1014 4262 discas
1031 4220 1133 4259 non
1152 4218 1270 4258 esse
1290 4200 1447 4269 hujus
1471 4209 1626 4267 atque
1648 4194 1786 4249 illius
1809 4208 1908 4263 pu-

327 4321 486 4378 gnam
520 4321 533 4357 :
565 4318 685 4358 cum
709 4301 849 4356 enim
876 4299 1088 4369 ponitur
1114 4293 1439 4364 comparatio
1460 4333 1477 4359 ,
1501 4300 1624 4344 tunc
1651 4288 1708 4342 fit
1735 4286 1906 4340 mani-

329 4377 518 4454 festius
557 4394 834 4466 judicium.
889 4389 1151 4459 Quoniam
1203 4384 1460 4455 objecturi
1489 4390 1643 4437 erant
1692 4377 1904 4448 quidam

331 4490 477 4562 quod
506 4497 565 4544 ut
584 4486 903 4542 contrariam
925 4484 1094 4552 legem
1125 4479 1308 4543 ferret,
1333 4477 1447 4532 luce
1473 4475 1712 4528 diceret:
1747 4471 1904 4531 Ecce,

330 4561 532 4652 inquit,
558 4587 809 4646 utrasque
835 4572 1136 4629 alternatim
1167 4570 1310 4638 leges
1336 4580 1496 4636 pono,
1527 4571 1668 4617 tenta
1686 4569 1740 4615 et
1757 4561 1904 4613 disce

328 4670 734 4728 consonantiam
759 4682 773 4721 :
802 4681 907 4719 non
947 4664 1015 4717 ob
1049 4661 1100 4716 id
1128 4660 1322 4722 solum,
1344 4655 1440 4712 sed
1461 4654 1618 4709 etiam
1641 4661 1697 4704 ut
1725 4659 1907 4704 osten-

328 4763 420 4817 dat
447 4761 652 4816 facilem
684 4763 1086 4827 opportuneque
1105 4749 1460 4806 introductam
1484 4763 1496 4795 :
1522 4751 1801 4813 propterea
1825 4740 1908 4793 in-

329 4855 446 4923 quit
471 4869 484 4904 :
514 4849 740 4904 Audistis
763 4846 880 4917 quia
900 4845 1087 4896 dictum
1115 4851 1186 4894 est
1216 4838 1450 4909 antiquis,
1481 4833 1601 4888 Non
1627 4829 1909 4885 mtecltabe-

331 4943 664 4999 ris:lamdiu
709 4942 761 4996 in
797 4940 1010 5008 antiqua
1061 4938 1176 5005 lege
1225 4947 1320 4985 vos
1365 4925 1696 4984 exercuistis.
1748 4920 1908 4988 Quasi

329 5036 521 5090 doctor
545 5032 812 5103 pigritanti
854 5029 1074 5099 parvulo
1100 5021 1380 5096 prmteritis
1405 5018 1582 5072 adhuc
1616 5012 1910 5082 disciplinis

332 5127 488 5181 inniti
530 5125 760 5188 volenti,
807 5131 965 5192 atque
1005 5119 1073 5173 ad
1122 5115 1308 5170 altiora
1335 5128 1455 5169 eum
1483 5110 1666 5164 tollere
1691 5105 1910 5173 cupiens

333 5217 512 5270 dicit:
553 5215 738 5284 Cogita
782 5221 1038 5281 quantum
1092 5205 1344 5276 temporis
1391 5203 1490 5257 hac
1536 5201 1590 5254 in
1637 5195 1910 5266 disciplina

331 5307 674 5363 contrivisti:
715 5307 793 5360 sic
838 5315 893 5358 et
939 5301 1180 5357 Christus
1222 5309 1476 5352 revocans
1513 5294 1566 5347 in
1600 5287 1910 5344 memoriam

313 5415 429 5456 ‘eos
451 5399 721 5470 prolixiori
745 5407 984 5466 tempore
1008 5392 1244 5449 tenuisse
1262 5390 1431 5459 legem
1457 5385 1721 5454 antiquam
1740 5423 1756 5448 ,
1779 5390 1832 5436 et
1859 5379 1912 5433 in

335 5507 396 5546 ea
419 5506 480 5547 se
499 5490 821 5555 exercuisse,
846 5501 1069 5555 esseque
1096 5491 1307 5552 tempus
1330 5478 1396 5534 de
1421 5486 1615 5531 cretero
1655 5471 1722 5526 ad
1759 5469 1913 5524 altio-

335 5607 451 5649 rem
489 5585 850 5646 conscendere
871 5625 886 5650 ,
914 5582 979 5636 ad
1008 5581 1175 5651 ipsam
1202 5589 1320 5646 qua:
1364 5577 1572 5641 patrum
1597 5561 1914 5638 quandoque

1349 263 1441 318 DE
1478 261 1944 319 HENITENTIA.
1984 260 2216 318 HOMIL.
2261 264 2349 318 Vl.

3480 271 3587 327 32‘]

2009 379 2202 444 fuerat,
2245 376 2628 446 legislationem
2673 379 2899 435 traducit
2943 380 3128 437 dicens
3160 400 3174 437 :
3209 381 3430 437 Audistis
3468 387 3586 454 quia

2004 468 2196 521 dictum
2225 477 2296 522 est
2319 469 2570 539 antiquis,
2613 467 2734 523 Non
2759 471 3097 525 mmclzaberis.
3128 471 3184 527 ld
3221 474 3451 544 antiquis
3499 473 3586 529 tli-

2007 568 2152 612 ctnm
2178 566 2294 622 est,
2337 558 2448 628 Ego
2493 570 2656 612 autent
2703 559 2816 613 dico
2857 561 3010 613 vobis.
3053 561 3108 615 Si
3160 563 3302 616 enim
3350 565 3584 632 antiquis

2008 649 2248 715 dixisset,
2281 652 2472 704 merito
2502 651 2834 720 querereris,
2868 665 2988 704 cum
3026 651 3384 718 imperfectior
3407 655 3584 710 adhuc

2009 753 2150 798 esset
2173 753 2352 797 nostra
2384 753 2592 797 natura.
2637 742 2713 796 Ea
2740 757 2864 796 vero
2889 757 3008 796 cum
3039 753 3213 809 aucta,
3252 760 3373 798 cum
3414 746 3586 814 perfe-

2009 834 2144 887 etior
2165 835 2298 888 facta
2327 844 2409 888 est
2428 876 2442 900 ,
2472 834 2749 903 disciplina
2774 835 2933 888 etiam
2965 835 3262 904 perfectiori
3289 837 3355 890 de
3387 848 3584 892 caztero

2009 940 2143 994 opus
2162 935 2295 980 erat.
2327 926 2609 994 Pr0ptcrea
2633 926 2889 994 incipiens
2918 942 2948 979 a
2976 927 3305 996 legislatione
3325 970 3339 994 ,
3372 944 3438 984 ne
3467 931 3586 998 quis

2009 1017 2221 1070 intuens
2250 1017 2596 1087 pliilOSOpliia:
2616 1017 2991 1071 sublimitatem
3010 1017 3306 1088 pigritetur,
3325 1027 3418 1073 aut
3437 1036 3590 1074 mora

2013 1115 2274 1170 teneatur,
2308 1108 2473 1177 inquit
2507 1125 2520 1161 :
2555 1107 2674 1160 Nisi
2700 1107 3025 1161 abundaverit
3044 1110 3246 1180 justitia
3280 1119 3443 1164 vestra
3471 1128 3586 1180 pius

2009 1215 2162 1268 quant
2188 1198 2466 1252 scribarum
2491 1208 2538 1252 et
2558 1197 2959 1264 Pliaristeorum,
2989 1215 3088 1252 non
3125 1199 3375 1254 intrabitis
3411 1201 3464 1254 in
3501 1217 3586 1254 re-

2008 1307 2161 1360 gnum
2203 1292 2438 1345 cwlorum
2479 1291 2686 1360 (Matth.
2719 1293 2772 1348 5.
2799 1290 2916 1364 9.0).
2959 1291 3084 1346 Plus
3103 1308 3132 1345 a
3159 1308 3244 1348 me
3269 1293 3464 1348 laboris
3487 1310 3584 1349 cx-

2011 1381 2334 1450 igis'fquarc
2365 1382 2390 1434 Ῥ
2422 1399 2546 1436 num
2585 1398 2690 1437 una
2737 1399 2858 1438 eum
2899 1383 3006 1437 illis
3034 1399 3142 1438 non
3189 1400 3306 1439 sum
3354 1388 3586 1442 natura?

2011 1474 2263 1543 nmnquid
2293 1490 2398 1528 non
2441 1475 2599 1529 homo
2638 1476 2828 1531 similis
2869 1476 2974 1531 illis
3009 1476 3033 1530 τ
3071 1477 3140 1533 Ut
3166 1493 3270 1532 non
3300 1479 3414 1533 lucc
3440 1478 3585 1533 dice-

2011 1573 2131 1618 rent
2157 1566 2256 1634 (a),
2293 1565 2469 1631 Quare
2498 1567 2651 1622 nobis
2681 1567 2890 1621 labores
2917 1568 3118 1623 addidit
3143 1569 3168 1622 ?
3190 1585 3353 1640 quare
3382 1570 3582 1640 majora

2009 1658 2297 1712 certamina
2331 1659 2538 1726 posuit?
2553 1660 2783 1713 occurrit
2798 1660 3079 1730 objectioni
3097 1677 3316 1731 regnum
3333 1662 3582 1716 caelorum

2009 1746 2287 1815 proferens
2305 1764 2318 1799 :
2335 1747 2550 1816 Majora,
2571 1749 2758 1816 inquit,
2777 1749 2989 1818 prasmia
3007 1749 3189 1804 defero
3208 1769 3220 1803 :
3241 1750 3584 1806 dicenslabo-

2009 1835 2313 1903 res,dicens
2324 1848 2630 1904 certamina,
2648 1836 2830 1892 dicens
2845 1838 3204 1894 extensioneni
3221 1839 3370 1909 legis,
3387 1849 3436 1894 et
3452 1856 3587 1910 pra:-

2009 1926 2236 1980 miormn
2267 1926 2529 1981 meminit.
2554 1925 2892 1998 Nequaquam
2919 1929 3058 1984 enim
3077 1971 3090 1992 ,
3123 1930 3323 2000 inquit,
3353 1931 3587 1986 Palaesti-

2009 2034 2130 2072 nam
2155 2019 2258 2084 do,
2293 2035 2464 2089 neque
2495 2028 2690 2074 terram
2727 2019 2977 2075 fluentem
3023 2021 3158 2076 lacte
3191 2031 3246 2078 et
3279 2023 3463 2090 melle,
3491 2023 3586 2078 sed

2009 2109 2181 2178 ipsum
2207 2112 2357 2166 vobis
2377 2111 2564 2166 ca'lum
2602 2112 2806 2167 defero.
2833 2111 3017 2182 Neque
3041 2113 3092 2167 in
3124 2113 3416 2169 ofliciorum
3447 2131 3588 2170 mero

2009 2203 2192 2258 cedem
2222 2203 2368 2274 plura
2398 2204 2568 2258 Solum
2601 2204 2908 2274 recipimus,
2934 2204 3029 2259 sed
3056 2206 3214 2260 etiam
3241 2208 3294 2261 in
3326 2207 3434 2277 ipsa
3459 2225 3586 2278 pec-

2008 2305 2247 2350 calorum
2293 2296 2714 2367 transgressione
2760 2297 3074 2366 supplicium
3106 2297 3276 2368 majus
3305 2300 3582 2357 trahimus.

2008 2386 2464 2454 Quemadmodum
2491 2387 2631 2441 enim
2656 2387 2746 2456 qui
2772 2386 2941 2457 legem
2966 2397 3372 2456 praecesserunt,
3412 2390 3586 2445 mitio-

2012 2493 2126 2532 rem
2158 2492 2366 2546 ptenam
2415 2477 2480 2532 iis
2513 2476 2804 2542 dederunt,
2845 2477 2934 2546 qui
2981 2488 3325 2547 peccaverunt
3358 2479 3407 2534 in
3441 2480 3584 2550 lege,

2013 2565 2324 2634 Quicumque
2357 2568 2490 2620 enim
2528 2568 2635 2620 sine
2673 2567 2781 2637 lege
2814 2576 3154 2636 peccaverunt,
3185 2569 3293 2622 sine
3323 2567 3429 2637 lege
3467 2587 3586 2638 per-

2007 2656 2147 2710 ibunt
2177 2655 2354 2723 (liam.
2375 2657 2429 2722 2,
2463 2656 2579 2728 12),
2613 2657 2662 2711 id
2692 2666 2776 2712 est
2797 2659 2968 2727 legem
2995 2668 3358 2712 accusatorem
3390 2677 3588 2730 nequa-

2008 2765 2166 2820 quam
2196 2748 2502 2814 habebunt;
2542 2746 2635 2803 sed
2665 2758 2850 2804 contra
2878 2748 2993 2802 illos
3019 2749 3084 2803 ab
3112 2748 3222 2818 ipsa
3253 2759 3438 2804 natura
3465 2766 3590 2806 δεη-

2011 2840 2230 2895 tentiam
2247 2881 2262 2906 ,
2292 2840 2495 2909 inquit,
2517 2837 2680 2893 feram
2713 2837 2852 2893 inter
2871 2837 3218 2908 cogitationes
3243 2850 3551 2896 accusantes
3570 2883 3585 2905 ,

2009 2931 2093 2986 vel
2121 2929 2463 2986 defendentes
2513 2929 2669 3002 (Ibid.
2707 2944 2755 2983 υ.
2784 2927 2889 3000 f5)
2921 2947 2932 2983 :
2966 2931 3042 2983 sic
3071 2940 3124 2984 et
3152 2930 3234 2992 iis,
3262 2932 3350 3001 qni
3384 2933 3434 2986 in
3476 2934 3590 3002 lege

2011 3030 2382 3094 peccaverunt,
2400 3021 2767 3091 delinquentes
2792 3020 2892 3075 sub
2913 3019 3075 3090 gratia
3098 3021 3429 3090 gravioribus
3457 3024 3588 3078 sub-

2010 3125 2164 3170 erunt
2195 3115 2492 3169 tormentis.
2542 3114 2610 3168 Et
2636 3115 2859 3168 istorum
2891 3113 3243 3169 differentiam
3273 3116 3384 3185 ipse
3410 3126 3589 3172 osten-

2009 3205 2088 3260 dit
2113 3205 2324 3268 Paulus,
2350 3204 2534 3258 dicens
2563 3222 2577 3260 :
2609 3202 2818 3257 lrritam
2843 3205 2954 3275 quis
2979 3205 3170 3274 faciens
3194 3205 3350 3274 legem
3383 3205 3550 3276 Moysi
3571 3249 3587 3272 ,

2009 3299 2117 3352 sine
2141 3298 2246 3351 ulla
2270 3297 2586 3351 miseratione
2609 3297 2804 3351 duobus
2827 3298 2904 3351 vel
2927 3297 3082 3351 tribus
3111 3299 3311 3352 testibus
3333 3301 3546 3353 moritur
3568 3317 3588 3355 :

2008 3398 2196 3460 quanto
2218 3389 2376 3460 magis
2403 3389 2590 3458 putatis
2618 3387 2867 3442 deteriora
2892 3387 3068 3442 mereri
3088 3388 3355 3457 supplicia,
3378 3389 3464 3458 qui
3491 3388 3588 3443 Fi-

2009 3482 2135 3537 lium
2164 3479 2261 3534 Dei
2283 3479 2676 3544 conculcaverit,
2700 3490 2745 3532 et
2770 3479 3064 3548 sanguinem
3102 3481 3379 3532 testamenti
3420 3479 3590 3550 pollu-

2011 3581 2117 3626 tum
2143 3572 2372 3636 duxerit,
2399 3572 2452 3624 in
2487 3586 2584 3639 quo
2610 3571 2950 3637 sanctiﬁcatus
2981 3579 3070 3634 est,
3099 3581 3146 3624 et
3171 3572 3390 3640 Spiritui
3412 3575 3590 3643 gratiae

2009 3662 2362 3717 contumeliam
2405 3661 2574 3730 fecerit
2628 3659 2808 3729 (Hebr.
2859 3660 2943 3714 10.
2973 3660 3062 3714 18.
3093 3659 3210 3729 ‘29).
3256 3661 3442 3716 Cernis
3489 3667 3589 3717 sub

2011 3754 2179 3824 gratia
2211 3753 2467 3820 majorem
2501 3766 2708 3822 poenam
2731 3792 2746 3815 ,
2772 3750 2934 3804 veluti
2981 3760 3033 3806 et
3079 3752 3294 3820 prtemia
3338 3752 3534 3821 majora
3565 3756 3590 3807 ἲ

2010 3845 2114 3900 Sed
2136 3844 2386 3915 quoniam
2413 3852 2594 3897 sancta
2623 3841 2873 3913 mysteria
2903 3839 2968 3894 ad
2995 3840 3306 3895 memoriam
3336 3842 3487 3896 vobis
3510 3859 3589 3896 rc-

2013 3937 2106 3991 tuli
2129 3944 2403 3990 tremenda
2425 3949 2488 3988 ac
2524 3932 2838 4002 spiritualia,
2871 3947 3028 4000 rogo,
3051 3931 3296 3996 obsecro,
3329 3931 3588 4002 deprecor

2011 4035 2171 4095 atque
2210 4025 2351 4078 omni
2385 4038 2504 4077 cum
2547 4021 2795 4077 instantia
2838 4030 3050 4090 expeto,
3076 4034 3234 4075 omne
3260 4019 3588 4089 deponentcs

2013 4125 2288 4188 peccatum
2308 4158 2323 4182 ,
2350 4117 2427 4170 sic
2455 4114 2520 4169 ad
2544 4112 2871 4168 tremendam
2895 4115 3028 4166 lianc
3049 4125 3286 4165 mensam
3308 4111 3584 4165 accedere.

2015 4208 2228 4270 Pacem,
2259 4207 2464 4276 inquit,
2494 4204 2753 4275 sequimini
2774 4220 2887 4256 cum
2909 4203 3136 4256 cornibus
3156 4211 3202 4255 et
3229 4201 3589 4268 sanctificatio-

2013 4317 2126 4355 nem
2147 4341 2164 4367 ,
2188 4301 2295 4354 sine
2323 4315 2421 4369 qua
2447 4314 2591 4351 nemo
2615 4296 2792 4349 videbit
2825 4294 2984 4348 Deum
3015 4293 3195 4366 (Hebr.
3229 4295 3314 4349 f2.
3343 4295 3454 4366 id).
3487 4294 3587 4363 Qui

2013 4403 2188 4449 autem
2229 4392 2510 4447 Dominum
2540 4389 2721 4444 videre
2746 4389 2935 4458 dignus
2963 4402 3072 4441 non
3101 4396 3212 4452 est,
3247 4401 3418 4456 neque
3443 4402 3590 4442 como

2015 4486 2264 4540 munione
2301 4483 2493 4551 dignus
2539 4490 2623 4537 est
2672 4479 2930 4534 Dominici
2987 4479 3244 4546 corporis.
3303 4477 3590 4546 [’r0pterea

2016 4577 2208 4633 Paulus
2228 4577 2396 4644 inquit
2417 4593 2429 4627 :
2451 4573 2656 4627 f’robet‘
2674 4583 2842 4625 autem
2862 4587 2914 4624 se
2934 4571 3102 4635 homo,
3120 4581 3168 4624 et
3188 4571 3258 4624 sic
3275 4571 3336 4623 de
3350 4588 3481 4641 pane
3498 4571 3588 4624 illo

2015 4667 2261 4731 comedat,
2289 4676 2335 4720 et
2358 4667 2419 4718 de
2445 4666 2598 4718 calice
2628 4663 2759 4718 bibat
2787 4663 2863 4732 (1.
2895 4663 3012 4715 Cor.
3044 4662 3129 4715 ll.
3152 4661 3268 4731 28).
3292 4661 3406 4715 Non
3432 4675 3588 4714 reve-

2017 4760 2143 4814 lavit
2171 4759 2337 4822 ulcus,
2371 4774 2474 4810 non
2505 4757 2555 4810 in
2586 4769 2870 4811 commune
2897 4753 3164 4808 theatrum
3195 4752 3584 4806 accusationem

2018 4852 2284 4922 produxit,
2315 4866 2418 4902 non
2445 4847 2758 4902 delictorum
2786 4855 2951 4900 testes
2978 4843 3159 4897 statuit
3183 4860 3197 4897 :
3226 4842 3365 4895 intus
3390 4841 3441 4895 in
3468 4856 3592 4896 con-

2017 4945 2236 4999 sriettlia
2254 4942 2502 4996 adstante
2525 4939 2756 5004 nemine,
2779 4947 2972 5007 printer
2991 4950 3110 4989 eum
3129 4933 3214 5002 qui
3237 4941 3424 4987 cuncta
3447 4932 3592 4987 videt

2017 5036 2216 5099 Deum,
2258 5033 2511 5102 judicium
2561 5040 2614 5086 et
2658 5044 2881 5085 examen
2923 5035 3259 5096 peccatorum
3295 5032 3502 5088 statue,
3537 5034 3592 5076 et

2015 5129 2177 5181 vitam
2207 5139 2419 5179 omnem
2461 5121 2758 5191 recogitans
2787 5118 2838 5172 in
2869 5113 3332 5186 mentisjudicium
3374 5125 3590 5184 peccata

2019 5219 2284 5282 deducito,
2333 5215 2561 5271 reforma
2606 5211 2747 5283 quod
2794 5207 3083 5277 deliquisti,
3135 5216 3293 5277 atque
3343 5206 3422 5261 sic
3461 5221 3590 5277 pura

2018 5310 2343 5368 conscientia
2389 5321 2594 5362 sacram
2651 5303 2852 5374 attinge
2904 5315 3180 5366 mensam,
3234 5307 3290 5355 et
3329 5299 3592 5370 particeps

2082 5448 2101 5506 ι
2135 5451 2347 5506 Uterque
2369 5440 2527 5506 codex
2548 5451 2566 5506 _:
2600 5434 2856 5498 Dijudicet,
2877 5447 2982 5499 pro,
3005 5433 3189 5506 probet.

2020 5505 2158 5622 tu{(a)
2189 5495 2508 5568 ttic'qntmlam
2530 5495 2755 5560 deerant,
2780 5495 2894 5563 quae
2926 5509 2989 5547 ex
3006 5495 3224 5559 utroque
3253 5501 3336 5546 Ms.
3363 5495 3598 5558 supplen-
