4036 6206
459 259 568 313 ’595

1195 249 1253 304 S.
1293 245 1571 304 JOANNIS
1609 237 2076 300 CHRYSOSTOSII
2117 235 2432 294 ARCHIEP.
2473 235 3012 294 CONSTANTINOP.

3621 241 3726 298 32!

459 373 628 428 sane“
645 369 888 425 sacriﬁcii
919 371 1032 423 tias.
1055 367 1178 422 llaec
1195 376 1370 421 mente
1397 365 1708 426 retinentes,
1731 369 1784 413 et
1801 357 2037 410 ninnium
2069 407 2072 410 ,
2145 351 2244 414 sed
2271 352 2324 405 in
2347 351 2595 418 salutem,
2619 363 2672 406 et
2689 354 2878 406 anima:
2899 355 3198 418 sanitatem,
3225 353 3578 427 ﬁduciamque
3600 373 3722 414 cott-

459 481 577 534 qua:
621 463 690 519 de
739 463 942 517 luxuria
988 461 1216 514 diximus
1261 455 1556 520 recordati,
1606 459 1908 523 quantaque
1959 447 2042 501 his

459 571 616 626 pmna
665 556 832 624 posita
867 555 933 607 sit
961 595 974 616 ,
1017 553 1104 622 qui
1138 551 1530 605 incontinenter
1557 555 1612 600 et
1653 545 1826 598 minus
1855 542 2042 611 pudice

461 647 751 715 I'CSlliCllllll
791 646 845 699 in
878 645 1115 698 inulieris
1143 641 1325 696 faciem
1346 681 1359 704 ,
1387 649 1441 693 et
1470 655 1574 706 pra:
1605 637 1844 706 gebenna
1867 634 1956 688 Dei
1981 635 2042 687 ti-

461 753 668 792 morem
695 747 746 792 et
767 736 1042 789 caritatem
1088 733 1345 788 habentes
1396 737 1518 782 ante
1547 727 1755 789 oculos,
1803 732 2039 779 nosmet.-

461 830 606 898 ipsos
637 829 869 897 uudique
899 836 1205 896 purgantes,
1235 825 1312 879 sic
1343 823 1510 877 sacris
1533 820 1799 890 mysteriis
1827 817 2042 888 propin-

462 937 702 990 quemus,
725 935 792 976 ne
819 921 868 972 in
897 919 1150 988 judicium
1179 915 1682 981 damnationemque
1711 912 1863 964 nobis
1890 910 2037 971 ﬁant,

2149 441 2346 494 tinuam
2391 443 2574 496 salutis
2627 443 2784 512 hujus
2823 445 3182 514 suscipiamus

2149 534 2376 588 Domino
2402 544 2585 590 nostro
2613 577 2628 599 ,
2659 537 2742 590 cui
2800 536 2970 607 gloria
3017 546 3074 592 et
3125 539 3405 609 imperium
3435 540 3487 594 iu
3533 543 3719 598 sreculz

2147 626 2484 679 swculorum.
2513 627 2683 680 Amen
2713 628 2752 681 ⁸.

3225 462 3240 499 :
3281 447 3332 499 in
3361 447 3574 502 Chrism
3599 449 3722 505 Iesu

2215 861 2232 892 ³
2258 863 2444 934 intotis;
2458 862 2546 912 Cui
2558 861 2714 934 gloria
2731 869 2776 914 et
2793 863 3066 934 intpertum,
3083 867 3360 934 magnitudo
3373 875 3416 934 et
3433 869 3736 934 magni/itm-

2150 927 2218 971 ua
2243 933 2350 970 cum
2360 923 2502 973 Putre
2523 923 2754 975 etsoucto
2772 923 2952 989 διώ-τευ
2976 928 3025 976 in
3047 923 3226 978 Saecula
3247 923 3550 980 swculoruu't'.
3571 923 3734 982 .inu-u.

3515 1058 3728 1068 ’⁸-

1478 1155 1840 1228 SEBMO
1883 1155 2024 1224 DE
2088 1156 2760 1236 P€ENITENTIA

469 1339 547 1380 ET
593 1333 1104 1390 COMPUNCTIONE,
1151 1333 1231 1376 ΕΤ
1275 1331 1443 1384 QUOD
1472 1327 1633 1370 DEUS
1676 1326 1772 1368 SIT
1815 1323 2148 1368 PROMPTUS
2179 1329 2262 1368 AD
2305 1331 2620 1388 SALUTEH,
2667 1340 2746 1382 ET
2789 1341 3036 1385 TARDUS
3081 1346 3164 1386 AD
3193 1345 3436 1390 ΡΟΕΝΔΜ
3469 1351 3482 1388 2
3517 1348 3581 1389 IN
3615 1347 3748 1400 QUO

1501 1427 1582 1469 ΕΤ
1625 1423 1948 1469 MIBABILIS
1990 1423 2072 1464 DE
2117 1425 2330 1470 BAHAR
2373 1433 2694 1480 HISTORIA.

1776 1569 2074 1581 *ἡ-

999 1685 1217 1725 ιιυιιιιιιι
1258 1683 1330 1722 vn
1348 1666 1446 1740 (ll).

559 1791 605 1840 l.
659 1786 882 1853 Semper
906 1783 1116 1852 quidem
1144 1781 1352 1834 divinus
1377 1778 1648 1848 apostolus
1673 1777 1847 1832 divina
1889 1775 2051 1828 caale-

481 1879 654 1946 stiqne
683 1875 845 1928 utitur
883 1873 1056 1938 lingua
1082 1913 1097 1936 ,
1144 1887 1206 1926 ac
1244 1871 1458 1925 scientia
1489 1869 1654 1922 multa
1696 1867 2056 1936 evangelicum

481 1970 610 2024 texit
637 1967 856 2022 verbum
891 1983 904 2018 :
939 1981 1044 2019 non
1075 1980 1141 2018 ex
1171 1979 1264 2018 sua
1292 1963 1553 2018 sententia
1587 1971 1787 2016 temere
1815 1962 2056 2029 loquens,

480 2059 574 2114 sed
603 2058 772 2128 regali
803 2057 1118 2109 auctoritate
1147 2055 1394 2124 dogmata
1427 2053 1720 2123 proferens.
1781 2051 1891 2106 [lac
1937 2065 2059 2104 vero

480 2149 810 2219 potissimum
837 2147 998 2200 utitur
1024 2147 1270 2206 scientia,
1293 2144 1503 2213 quando
1533 2142 1869 2212 peccantibus
1895 2139 2062 2208 pumi-

481 2245 656 2298 n-atiae
686 2241 902 2296 verbum
935 2240 1126 2309 ingerit
1153 2256 1166 2292 :
1197 2255 1298 2308 qua
1327 2237 1394 2292 de
1427 2254 1483 2290 re
1510 2251 1601 2290 vos
1626 2235 1732 2305 jam
1756 2234 2062 2288 admonitu-

481 2350 572 2388 rus
597 2348 733 2386 sum.
767 2332 1003 2385 Audistis
1035 2330 1244 2398 itaque,
1278 2338 1333 2382 ut
1371 2328 1634 2396 sigillatim
1681 2341 1741 2380 ea
1780 2341 1899 2395 quae
1924 2325 2061 2378 dicta

483 2433 605 2477 sunt
635 2435 842 2492 tangam
869 2463 884 2486 ,
921 2419 1186 2490 quomodo
1215 2417 1520 2473 Corinthios
1555 2417 1829 2488 alloquens
1859 2416 2066 2470 dicebat

483 2527 730 2569 strenuus
762 2513 851 2566 ille
877 2512 956 2564 vir
977 2521 1136 2579 atque
1161 2509 1506 2564 admirandus
1530 2525 1543 2560 :
1579 2507 1660 2562 Ne
1689 2517 1822 2578 forte
1845 2509 2062 2574 venient,

483 2604 667 2656 multos
701 2601 916 2672 deﬂeant
946 2617 1114 2653 eorum
1140 2601 1224 2668 qui
1254 2601 1396 2670 prius
1424 2609 1771 2668 peccaverunt,
1813 2610 1860 2652 et
1904 2600 2065 2669 pomi-

481 2693 686 2748 teutiant
711 2708 810 2744 non
838 2700 1042 2760 egerunt
1067 2689 1141 2760 (ἓ.
1161 2687 1280 2743 Cor.
1303 2689 1388 2743 12.
1406 2687 1519 2760 21).
1544 2687 1716 2744 Homo
1733 2687 1943 2758 quidem
1969 2703 2065 2742 na-

483 2793 598 2836 tura
641 2795 862 2848 magtms
905 2779 990 2833 hic
1014 2779 1202 2833 doctor
1231 2788 1346 2834 erat
1368 2819 1384 2844 ,
1413 2779 1506 2832 sed
1535 2781 1805 2849 proposito
1845 2780 1934 2833 Dei
1963 2779 2066 2834 mi-

486 2871 650 2924 nister
679 2887 694 2925 :
724 2869 842 2924 ideo
871 2869 1016 2922 velut
1061 2869 1259 2923 Caelesti
1290 2869 1515 2938 quadam
1565 2870 1730 2922 utitur
1775 2869 1948 2939 lingua
1973 2908 1990 2934 ,
2014 2877 2069 2924 et

482 2963 635 3032 quasi
660 2977 724 3016 ex
751 2961 876 3031 ipsis
903 2961 1047 3014 cadis
1076 2961 1400 3029 loqueretur,
1434 2961 1510 3014 sic
1538 2961 1908 3014 interminatur
1937 2975 2065 3032 peeo

487 3054 779 3120 catoribus,
825 3063 876 3108 ct
909 3053 1289 3122 patuitentibus
1330 3052 1756 3122 pr0pitiatiouem
1784 3052 2064 3121 promittit.

485 3145 616 3198 (lum
659 3153 835 3198 autem
879 3143 996 3198 lnuc
1023 3143 1142 3196 dico
1162 3185 1182 3209 ,
1217 3159 1549 3213 nequaquam
1581 3143 1725 3197 Pauli
1755 3144 1945 3214 lingua:
1974 3158 2068 3199 au-

485 3236 786 3290 ctoritatem
809 3235 1182 3300 adscribo,sed
1213 3235 1280 3290 ad
1299 3235 1390 3288 Dei
1419 3236 1639 3302 gratiam
1662 3244 1825 3288 totum
1854 3235 2026 3288 refero
2052 3251 2066 3288 :

493 3330 558 3384 de
583 3343 690 3398 quo
721 3329 832 3397 ipse
862 3327 1073 3380 dicebat
1103 3345 1115 3379 :
1157 3327 1236 3379 An
1265 3325 1658 3394 experimentum
1689 3327 1793 3394 ejus
1822 3327 2065 3394 (pueritia,

487 3421 574 3492 qui
610 3421 664 3474 in
715 3435 794 3472 me
832 3419 1052 3488 loquitur
1075 3458 1092 3484 ,
1124 3416 1312 3472 Clariin
1340 3417 1358 3486 (
1392 3417 1446 3470 2.
1475 3417 1594 3471 Cor.
1639 3417 1721 3471 15.
1756 3419 1788 3472 3
1817 3417 1880 3486 Π
1909 3417 2071 3486 Igitur

489 3511 828 3582 peccantibus
844 3509 1087 3565 beneﬁcii
1115 3509 1430 3564 medicinam
1454 3509 1787 3580 supponit,ct
1809 3511 2071 3578 poeniten-

487 3615 615 3657 tiam
665 3601 733 3656 ad
773 3601 1020 3656 salutem.
1051 3599 1336 3656 Concurrit
1365 3609 1542 3655 autem
1594 3601 1749 3656 bodie
1783 3617 1903 3656 cum
1941 3617 2072 3671 apo.

489 3695 674 3748 stulica
695 3691 922 3746 lectione
941 3692 1242 3760 evangeliea
1261 3691 1420 3746 etiam
1441 3691 1732 3746 Salvaturis
1761 3694 2066 3759 auctoritas,

487 3800 604 3852 qua:
631 3792 966 3852 peccatorum
1005 3783 1371 3837 remissionem
1402 3784 1618 3854 copiose
1655 3783 1891 3853 largitur.
1941 3783 2070 3838 Nam

489 3891 608 3929 eum
639 3875 984 3946 paralyticum
1015 3884 1252 3940 sanaret,
1280 3873 1493 3930 dicebat
1530 3875 1794 3941 Salvator,
1825 3885 1884 3930 ut
1913 3877 2074 3932 modo

491 3965 738 4022 audistis:
765 3965 896 4028 Fili,
925 3965 1246 4020 remittuntur
1273 3966 1362 4020 tibi
1383 3977 1586 4036 peccata
1605 3976 1690 4020 tua
1712 3965 2072 4036 multa(Marc.

487 4057 545 4111 9..
569 4057 663 4126 5);
693 4055 936 4111 remissio
983 4067 1160 4110 autem
1195 4067 1530 4126 peccatorum
1569 4066 1652 4112 est
1693 4059 1808 4111 lous
1846 4058 2031 4112 salutis
2055 4098 2074 4127 ,

491 4157 545 4201 et
574 4147 848 4214 prmmium
899 4147 1246 4214 pceuitentizc.
1279 4147 1593 4202 Remedium
1624 4148 1817 4217 quippe
1855 4158 1936 4204 est
1959 4163 2075 4218 pte-

495 4239 739 4303 nttentia,
769 4237 908 4307 quod
944 4247 1218 4306 peceatum
1263 4237 1400 4292 tollit
1429 4257 1442 4292 :
1479 4239 1675 4292 donum
1719 4241 1950 4302 caeleste.
1975 4241 2078 4294 vir-

493 4343 578 4380 ltlS
597 4327 942 4392 admirabilis,
965 4329 1130 4395 gratia
1158 4329 1329 4399 legum
1357 4345 1568 4384 cursum
1591 4331 2076 4400 superansQuam-

493 4420 679 4474 obrem
715 4435 819 4473 non
843 4417 1218 4475 foruicatorem
1253 4423 1572 4488 renuit,non
1595 4424 1859 4479 moechum
1888 4424 2074 4494 abigit,

495 4529 601 4567 non
631 4506 898 4568 ebriosum
942 4523 1218 4567 aversatur
1238 4555 1252 4580 ,
1279 4530 1382 4568 non
1405 4514 1733 4570 idololalram
1762 4517 2075 4586 detestatur,
2109 4499 2120 4506 ’

493 4625 601 4664 non
623 4607 935 4662 maledicum
955 4608 1181 4677 repellit,
1203 4623 1309 4662 non
1331 4608 1699 4679 blasphemum
1725 4611 2076 4681 persequitur,

495 4715 601 4753 non
632 4708 969 4768 arrogantem
995 4713 1010 4762 ;
1042 4697 1134 4752 sed
1173 4713 1361 4754 omnes
1405 4700 1672 4767 inunntat,
1705 4702 1904 4770 peccati
1935 4701 2078 4756 enim

493 4789 862 4846 conﬁatorium
887 4799 971 4846 est
993 4791 1304 4860 poenitentia
1331 4793 1371 4845 ¹.
1417 4793 1606 4862 Opera:
1644 4793 1874 4863 pretium
1900 4804 2076 4848 autem

492 4892 575 4936 est
604 4883 832 4954 primum
866 4881 958 4936 Dei
986 4897 1204 4951 scopum
1227 4897 1582 4952 cognoscere,
1617 4900 1722 4939 non
1773 4900 1840 4940 ex
1880 4885 2079 4955 cogita-

494 4973 727 5029 tionibus
755 4974 952 5028 nostris
975 4974 1132 5028 talem
1151 4974 1566 5044 speculationem
1588 4975 1868 5040 adeuntes,
1891 4975 1986 5031 sed
2013 4992 2079 5031 ex

497 5065 626 5130 ipsis
649 5063 844 5119 divinis
867 5064 1160 5133 Scripturis
1189 5075 1498 5121 atteStatam
1531 5070 1810 5123 veritatem
1851 5069 2079 5124 demon-

495 5164 748 5211 stratttes.

581 5245 750 5300 Virtus
773 5258 1038 5314 parentum
1077 5249 1290 5319 posteris
1329 5248 1548 5320 prodest.
1576 5282 1648 5292 —
1695 5252 1896 5321 Scopas
1937 5253 2075 5312 beo,

497 5335 624 5390 dum
677 5338 1048 5408 longanimiter
1080 5341 1223 5412 agit,
1255 5341 1454 5412 duplex
1499 5354 1603 5410 est,
1632 5345 1695 5397 ad
1751 5347 2081 5415 salutemque

523 5569 534 5580 ο
565 5511 748 5586 [unus
757 5511 1001 5586 pugnaci!
1019 5525 1179 5586 omnes
1201 5513 1374 5586 recipit
1384 5529 1640 5586 omnesque
1664 5517 1880 5568 immutat
1899 5530 1916 5578 ,°
1934 5517 2058 5568 virtu

496 5577 559 5622 tis
577 5583 703 5618 Mttm
722 5577 1048 5636 gortﬂatorium
1073 5583 1140 5624 est
1165 5577 1458 5636 pmnitentm.

563 5638 636 5693 tu)
658 5629 836 5682 Collata
859 5647 967 5682 cum
989 5643 1090 5683 Mss.
1114 5629 1272 5699 tte'giis
1307 5639 1445 5698 1828,
1463 5639 1604 5701 «ει-διε),
1623 5639 1760 5694 ξιξι.
1782 5641 1925 5690 ἳθιιιι.

2139 1578 2182 1595 ψ

2163 1667 2420 1733 pr0pitins
2454 1687 2466 1722 :
2507 1669 2636 1740 ipsis
2666 1673 2916 1728 nimirum
2951 1677 3326 1744 paenitentibus
3359 1681 3581 1736 salutem
3623 1699 3752 1753 pre-

2163 1766 2333 1822 curat,
2365 1775 2654 1830 eorumque
2686 1767 2910 1832 posteris
2936 1808 2952 1831 ,
2983 1768 3070 1834 qui
3123 1769 3172 1822 in
3211 1771 3402 1825 virtute
3433 1790 3754 1842 progressus

2165 1843 2348 1902 facturi
2377 1865 2518 1913 sunt,
2554 1853 2864 1908 beneﬁcium
2893 1869 3148 1911 reservat.
3178 1859 3244 1914 Et
3291 1873 3347 1914 ut
3404 1863 3593 1918 iterum
3635 1881 3758 1920 ser-

2164 1953 2374 1992 monem
2406 1952 2662 2010 repetam,
2695 1945 2832 1998 Deus
2862 1947 3230 2016 longanimiter
3263 1955 3370 2020 agit
3390 1997 3404 2016 ,
3429 1965 3484 2008 ut
3521 1968 3575 2010 et
3615 1973 3754 2026 pec-

2164 2044 2313 2084 cator
2339 2035 2637 2102 resipiscat,
2669 2045 2722 2090 et
2752 2047 2807 2090 ut
2841 2041 3064 2107 posteris
3113 2043 3220 2097 Suis
3255 2047 3436 2101 salutis
3461 2050 3600 2104 viam
3643 2067 3756 2106 non

2165 2121 2396 2176 claudat.
2425 2123 2571 2178 Licet
2603 2127 2741 2179 enim
2765 2139 3012 2196 peccator
3045 2133 3095 2185 in
3140 2133 3373 2202 lapsibus
3399 2151 3718 2206 perseveret
3737 2183 3756 2205 ,

2167 2213 2334 2280 parcit
2365 2229 2507 2282 saepe
2529 2217 2713 2278 radici,
2735 2228 2791 2272 ut
2811 2219 3012 2276 fructus
3039 2225 3302 2278 custodiat
3327 2243 3342 2290 ;
3377 2244 3760 2296 sarpenumero

2169 2306 2325 2358 etiam
2360 2305 2524 2375 ipsam
2551 2308 2783 2364 radicem
2807 2311 3068 2378 immutat,
3109 2325 3166 2368 ut
3191 2326 3316 2371 ante
3359 2317 3488 2372 dixi.
3531 2321 3640 2374 Sed
3669 2323 3760 2377 ubi

2170 2395 2256 2450 illa
2297 2397 2347 2449 in
2371 2398 2730 2454 omnimodam
2761 2403 3048 2472 nequitiam
3079 2404 3292 2473 delapsa
3322 2419 3402 2460 est
3423 2450 3436 2471 ,
3471 2409 3611 2463 Deus
3639 2413 3752 2466 uti-

2171 2485 2293 2539 liter
2339 2485 2515 2540 dill‘ert
2541 2490 2884 2558 supplicium,
2919 2494 3286 2561 ptenitentium
3316 2498 3538 2552 salutem
3565 2517 3760 2569 exspe-

2169 2585 2321 2632 ctans
2356 2596 2368 2630 :
2401 2581 2668 2648 quomodo
2696 2593 2872 2636 autem
2899 2625 2914 2648 ,
2948 2585 3090 2638 audi.
3119 2585 3318 2641 Tharra
3349 2599 3494 2657 pater
3525 2593 3762 2647 Abrahae

2173 2669 2432 2726 idolorum
2461 2674 2632 2728 cultor
2669 2683 2818 2739 erat;
2863 2675 2958 2729 sed
2990 2691 3094 2730 non
3145 2677 3232 2732 hic
3273 2680 3417 2734 dedit
3466 2683 3762 2752 impietatis

2171 2778 2379 2835 poenas,
2408 2773 2462 2820 et
2489 2765 2702 2834 quidem
2723 2765 2863 2834 jure.
2895 2767 3026 2821 Nam
3059 2770 3102 2822 si
3130 2770 3268 2826 Deus
3297 2773 3528 2828 radicem
3561 2778 3759 2843 praeci-

2171 2855 2361 2920 disset,
2391 2855 2652 2910 undenam
2677 2867 2855 2913 tantus
2877 2860 2996 2914 ﬁdei
3025 2859 3224 2916 fructus
3255 2864 3594 2932 pullulasset?
3619 2868 3762 2933 Quid

2171 2945 2313 3001 ESai't
2347 2948 2610 3016 nequius?
2631 2949 2762 3004 Vide
2789 2952 2914 3005 mibi
2939 2961 2992 3006 et
3032 2954 3172 3007 aliud
3213 2955 3554 3024 benignitatis
3597 2976 3762 3030 argu-

2173 3047 2430 3092 mentum.
2457 3037 2590 3105 Quid
2619 3040 2704 3094 illa
2733 3042 2929 3096 malitia
2961 3045 3359 3113 impudentius?
3383 3064 3560 3104 nonne
3587 3051 3760 3106 furni-

2173 3136 2321 3180 cator
2348 3136 2403 3181 et
2446 3127 2696 3196 profanus
2737 3130 2894 3198 (Πρὸ.
2931 3133 3016 3187 12.
3055 3136 3120 3189 16
3147 3133 3167 3204 )
3194 3176 3208 3196 .
3243 3148 3298 3190 ιιι
3333 3139 3407 3192 ait
3442 3143 3762 3209 apostolus?

2173 3231 2350 3270 nonne
2399 3219 2657 3286 parricida
2683 3229 2736 3272 et
2776 3223 3270 3282 matricida?nonne
3292 3228 3752 3302 fratricidaqnan-

2177 3315 2284 3360 ttun
2310 3310 2374 3362 ad
2405 3312 2777 3378 propositum?
2809 3331 2985 3370 notme
3025 3317 3134 3372 Deo
3163 3335 3412 3387 perosus,
3435 3332 3490 3376 ut
3517 3327 3762 3380 testiﬁca-

2175 3406 2261 3452 tur
2301 3399 2568 3467 Scriptura
2599 3402 2803 3468 dicens,
2863 3405 3023 3460 λιιι·οὸ
3053 3409 3205 3462 ὀξΙεεα
3235 3450 3248 3472 ,
3277 3409 3417 3466 Esau
3447 3425 3616 3466 autem
3643 3417 3766 3469 odia

2179 3488 2530 3562 habui(Rout.
2572 3493 2625 3548 9.
2659 3496 2722 3550 l5
2746 3497 2811 3561 )?
2864 3497 2919 3552 Si
2969 3513 3096 3568 ergo
3127 3500 3414 3555 fornicator
3439 3503 3762 3572 ,l‘ratricida,

2185 3583 2440 3653 profanus
2469 3597 2523 3641 et
2548 3589 2672 3642 odio
2705 3589 2914 3644 habitus
2938 3631 2953 3656 ,
2985 3607 3081 3646 cur
3105 3608 3210 3646 non
3240 3609 3270 3648 e
3299 3594 3475 3648 medio
3509 3598 3716 3652 tollitur
3741 3601 3766 3654 ‘.'

2183 3691 2280 3730 cur
2311 3694 2414 3732 non
2435 3679 2784 3734 exscinditur?
2797 3696 2892 3736 cur
2919 3698 3020 3736 non
3048 3685 3224 3738 statim
3251 3689 3540 3754 promerito
3563 3693 3774 3760 suppli-

2185 3767 2268 3822 cio
2284 3768 2549 3823 afﬁcitur?
2576 3771 2790 3838 Quare?
2819 3773 3096 3841 pulchrum
3132 3789 3265 3830 sane
3288 3787 3368 3832 est
3397 3793 3616 3834 causam
3641 3799 3770 3850 pru-

2177 3861 2342 3916 l'erre.
2385 3862 2452 3926 Si,
2487 3865 2699 3919 excisus
2731 3865 2946 3930 fuisset,
2977 3883 3224 3938 magnum
3271 3871 3501 3926 mundus
3541 3873 3770 3943 justitiaa

2177 3952 2403 4008 fructum
2431 3956 2696 4010 amisisset
2723 3973 2736 4020 ;
2774 3967 2828 4012 et
2855 3959 3066 4027 qualem
3096 3961 3239 4016 audi.
3271 3959 3410 4016 Esau
3437 3967 3610 4034 genuit
3655 3965 3772 4018 Ila-

2177 4045 2374 4113 guelem
2397 4085 2414 4112 ,
2455 4047 2654 4118 Raguel
2699 4047 2920 4114 Zaram,
2949 4048 3087 4103 Zara
3114 4047 3212 4105 Job
3235 4051 3397 4122 (Gen.
3435 4053 3548 4127 56).
3587 4055 3776 4132 Viden‘

2178 4147 2407 4205 quantus
2444 4137 2710 4206 patientiae
2757 4139 2855 4193 llos
2892 4139 3099 4196 deletus
3148 4150 3326 4210 esset,
3356 4143 3402 4198 si
3433 4148 3774 4214 prtevenietts

2181 4227 2323 4282 Deus
2347 4243 2530 4297 pinnas
2549 4243 2577 4282 a
2601 4229 2778 4285 radice
2805 4232 3114 4300 exegisset?

2249 4321 2304 4374 2.
2340 4321 2596 4377 Omnibus
2627 4323 2786 4394 igitur
2822 4325 2873 4378 in
2913 4327 3074 4380 rebus
3109 4325 3248 4381 banc
3279 4327 3773 4384 considerationem

2180 4411 2420 4468 admitte.
2452 4413 2577 4468 ldeo
2600 4413 2976 4484 longanimiter
3001 4417 3109 4488 agit
3133 4433 3254 4472 cum
3284 4417 3549 4490 Egyptiis
3577 4421 3776 4476 intole-

2181 4503 2374 4559 rabiles
2417 4504 2777 4574 blasphemias
2807 4505 3198 4576 proferentibus
3214 4551 3229 4570 .
3253 4511 3322 4563 ob
3341 4511 3598 4565 ecclesias
3619 4528 3778 4566 uetu-

2181 4611 2269 4664 pe,
2300 4611 2417 4666 qua:
2445 4611 2586 4650 nunc
2619 4594 2813 4651 ﬂorent
2839 4597 2890 4650 in
2913 4597 3166 4669 Egypto,
3199 4599 3269 4652 ob
3331 4602 3658 4656 monasteria
3717 4613 3775 4656 et

2179 4699 2273 4739 eos
2301 4685 2390 4756 qui
2431 4687 2750 4757 angelicam‘
2791 4687 2950 4742 vitam
2985 4699 3108 4743 sunt
3135 4690 3381 4760 amplexi.
3429 4690 3684 4758 Etenim,
3717 4704 3780 4746 ut

2181 4777 2332 4832 aiunt
2367 4779 2504 4847 juris
2533 4780 2725 4849 publici
2755 4781 2949 4850 periti,
2979 4791 3034 4836 et
3063 4791 3123 4836 ut
3166 4783 3478 4853 praecipiunt
3509 4783 3776 4838 Romana:

2182 4869 2346 4939 leges,
2377 4886 2658 4941 praegnans
2686 4873 2731 4926 si
2771 4875 2822 4926 in
2853 4873 3053 4928 crimen
3086 4874 3284 4929 incidat
3311 4887 3482 4930 morte
3509 4876 3774 4946 dignum,

2183 4977 2288 5017 nou
2305 4963 2455 5034 prius
2481 4963 2706 5019 interﬁci
2719 4965 2955 5035 jubetur,
2970 4983 3127 5035 quam
3157 4968 3450 5036 pepererit:
3467 4967 3628 5036 idque
3649 4970 3778 5035 jure

2185 5057 2376 5112 merito
2408 5074 2422 5110 :
2455 5072 2558 5110 non
2591 5058 2732 5112 enim
2758 5057 2960 5127 justum
2992 5070 3318 5114 censuerunt
3343 5061 3516 5130 legum
3547 5061 3770 5124 latores,

2185 5148 2458 5202 innoxium
2497 5163 2618 5202 cum
2651 5151 2807 5202 noxia
2843 5150 2910 5204 de
2955 5150 3132 5204 medio
3156 5151 3292 5204 tolli.
3315 5150 3466 5218 Quod
3499 5151 3541 5204 si
3571 5151 3774 5206 huma-

2185 5255 2268 5292 nm
2295 5239 2438 5308 leges
2469 5239 2598 5292 nihil
2619 5239 2962 5308 peccantibus
2987 5249 3228 5309 parcunt,
3251 5255 3426 5294 antion
3459 5241 3628 5294 multo
3647 5257 3764 5294 tn:-

2185 5330 2265 5398 gis
2295 5329 2431 5384 Deus
2458 5329 2689 5384 radicem
2729 5330 3016 5398 custodiet,
3039 5329 3302 5386 fructibus
3324 5333 3646 5401 pmnitentize
3675 5332 3780 5388 bu-

2187 5420 2432 5475 nelicium
2485 5421 2807 5475 reservans?
2863 5421 3058 5489 Accipe
3100 5421 3168 5476 de
3209 5432 3404 5476 caetero
3447 5437 3608 5492 super
3635 5422 3782 5488 ipsis

2189 5511 2530 5579 peccantibus
2573 5512 2899 5580 ptenitentia:
2945 5511 3260 5567 beneﬁcium
3287 5529 3300 5568 :
3329 5527 3450 5567 nam
3475 5521 3528 5567 et
3555 5512 3605 5567 iu
3633 5513 3782 5582 ipsis

2251 5646 2266 5673 ¹
2306 5651 2431 5693 Unus
2455 5651 2588 5705 808.,
2621 5641 2967 5707 Evangeticum.
