4036 6206
202 258 314 315 59.5

1436 261 1529 318 DE
1563 260 2036 320 ΡωΝιΤΕΝΤΙΔ.
2076 257 2309 316 IIOMIL.
2351 258 2463 313 VII.

3531 261 3636 319 226

206 376 421 447 ἔχοντες
443 372 501 424 ὲν
528 370 628 442 νῷ,
658 372 753 425 καὶ
790 371 900 425 τῶν
928 374 1051 445 περὶ
1086 374 1382 441 ἀκολασίας
1410 377 1542 447 ἡμῖν
1572 377 1875 449 εἰρημένων
1972 374 2065 428 καὶ
2097 373 2438 445 κατάκριμα,
2470 371 2583 425 ἀλλ’
2619 372 2698 436 εἰς
2745 372 3019 444 σωτηρίαν
3063 374 3157 428 καὶ
3199 374 3409 443 ὑγίειαν
3437 374 3634 447 ψυχῆς,

209 457 570 531 μεμνημένοι,
604 460 698 513 καὶ
734 460 833 532 ὅση
876 463 1054 516 κεῖται
1102 464 1346 536 τιμωρία
1393 466 1505 528 τοῖς
1553 465 1737 530 ἁπλῶς
1784 467 1876 520 καὶ
1970 462 2051 523 εἰς
2097 462 2410 533 παρρησίαν
2447 458 2678 531 διηνεκῆ
2725 460 2821 530 τῆς
2872 462 3146 533 σωτηρίας
3175 462 3377 533 ταύτης
3427 464 3636 518 ἀπολά-

206 546 527 609 ἀκολάστως
552 546 719 618 ὁρῶσι
754 547 854 611 τὰς
876 548 985 600 τῶν
1005 551 1283 617 γυναικῶν
1314 550 1487 621 ὄψεις,
1518 553 1611 605 καλ⁸
1647 554 1750 624 πρὸ
1778 555 1875 625 τῆς
1972 549 2177 619 ϐωμεν,
2200 550 2257 602 ὲν
2284 546 2505 619 Χριστῴ
2540 547 2714 617 Ἰησοῦ
2746 546 2822 618 τῷ
2854 548 3044 619 Κυρίῳ
3065 550 3238 620 ἡμῶν,
3260 544 3355 622 ᾧή
3384 550 3638 617 δόξα,καὶ

204 634 431 704 γεέννης
452 631 548 687 τοῦ
570 632 706 687 Θεοῦ
732 633 821 687 τὸν
853 634 1016 706 φόϐον
1044 637 1138 689 καὶ
1174 637 1272 710 τὴν
1300 638 1522 711 ἀγάπην
1549 639 1653 711 πρὸ
1680 640 1875 709 ὀφθαλ-

207 734 326 805 μῶν
356 733 588 804 ἔχοντες,
641 735 980 806 πανταχόθεν
1036 739 1265 804 ἑαυτοὺς
1308 740 1683 813 καθαίροντες,
1735 741 1875 794 οἱτω

733 782 976 848 ὲζῖῒῖζῖζ
1004 782 1280 848 -.ῗῖζῖῖῖ
1300 782 1567 848 ."TZ'VI
1584 782 1683 848 ’ΪῘΪ
1707 782 1874 848 ff.”
1979 782 2050 839 ’ᾧ
2073 782 2324 848 ¹¹ειτρὶ,κ9ιὶ
2351 783 2422 844 τῷ
2438 782 2658 848 ,παλιειγίφ
2690 782 2771 832 ⁵ιαῖ
2794 785 3014 848 ζωοποιῷ

205 822 301 875 καὶ
331 822 647 893 προσίωμεν
671 826 783 887 τοῖς
810 825 976 896 ἱεροῖς
1002 826 1341 898 μυστηρίοις,
1368 827 1457 882 ἵνα
1496 826 1573 900 μὴ
1600 830 1679 893 εἰς
1705 836 1899 902 κρῖμα.
1982 822 2420 898 Q'ééWEJ

1969 633 2031 686 τὸ
2061 636 2284 707 κράτος,
2318 637 2397 699 εἰς
2426 636 2552 697 τοὺς
2578 635 2779 698 αἰῶνας
2799 634 2907 687 τῶν
2942 635 3172 689 αἰώνων.
3238 639 3409 709 Ἀμήν
3439 651 3490 692 ι.

2038 718 2260 788 ἒ-Θιιοί).
2299 721 2379 788 καὶ
2389 721 2456 788 ἐπὸ
2475 721 2663 788 κράτος,
2692 722 3004 788 μεγαλωσύνη
3019 724 3103 788 καὶ
3132 726 3520 788 μεγαλοπρέπεια,
3537 728 3640 788 ἅμα

3040 787 3284 847 Πνεύματι
3313 787 3375 840 εἰς
3390 788 3497 842 τοὺς
3520 790 3611 835 αἰῶ

1523 1190 1749 1252 ΛΟΓΟΣ.
1780 1193 1939 1247 HE!!!
1975 1193 2378 1251 ΜΕΤΑΝΟῙΔΣ

253 1363 357 1416 καὶ
386 1363 784 1434 κατανύξεως,
816 1366 913 1421 καί
944 1365 1034 1421 ὅτι
1062 1369 1253 1438 ταχὺς
1281 1371 1315 1424 ὁ
1341 1368 1485 1437 Θεὸς
1508 1371 1597 1437 εἰς
1634 1373 1937 1439 σωτηρίαν
1965 1374 2065 1440 καί
2089 1376 2323 1444 ,βραδὺς
2347 1379 2435 1445 εἰς
2457 1380 2764 1449 τιμωρίαν-,θ
2793 1376 2925 1454 ἐιεῷ
2986 1382 3080 1436 καί
3110 1382 3241 1451 περί
3267 1375 3380 1447 τῆς
3419 1382 3616 1441 Ῥαὰϐ*

1618 1461 1955 1531 ,παράδοξος
1983 1468 2251 1533 ἱστορία..

878 1800 1111 1869 ὈμιλΙα
1148 1799 1207 1861 ζ’.

278 1895 350 1941 α’.
390 1886 627 1941 Πάντοτε
662 1888 763 1959 μὲν
785 1889 815 1941 6
838 1887 980 1949 θεῖος
1016 1889 1333 1953 Ἀπόστολος
1364 1890 1484 1963 θείᾳ
1520 1890 1614 1944 καὶ
1645 1888 1879 1962 οὐρανίῳ

203 1977 477 2047 κέχρηται
501 1973 736 2046 γλώττῃ,
762 1976 857 2028 καὶ
882 1975 1022 2045 μετά
1046 1976 1245 2048 πολλῆς
1270 1979 1577 2049 ἐπιστήμης
1606 1977 1697 2031 τὸν
1722 1978 1882 2046 εὐαγ-

202 2063 425 2131 γελικὸν
473 2062 689 2131 ὑφαίνει
732 2062 926 2131 λόγον’
969 2064 1069 2117 οὐκ
1111 2063 1171 2129 ἐξ
1207 2064 1414 2128 οἰκείας
1441 2063 1663 2137 γνώμης
1691 2064 1881 2129 ἀπλῶς

205 2148 603 2219 φθεγγόμενος,
641 2148 754 2201 ἀλλ’
786 2150 850 2202 ὲκ
902 2149 1001 2221 τῆς
1051 2149 1336 2222 βασιλικῆς
1380 2149 1546 2204 αὑτοῦ
1594 2150 1881 2214 αὐθεντίας

204 2235 501 2307 προφέρων
531 2237 599 2289 τά
626 2234 872 2305 δόγματα
891 2252 905 2266 ⁶
937 2235 1231 2308 ἐξαιρέτως
1252 2237 1308 2290 δὲ
1333 2237 1502 2309 ταύτῃ
1526 2238 1792 2310 κέχρηται
1810 2239 1877 2309 τῇ

203 2323 672 2395 ἀπιστήμῃ,.ὅταν
721 2325 815 2377 τὸν
868 2324 971 2396 τῆς
1019 2326 1304 2396 μετανοίας
1347 2326 1549 2397 εἰσάγῃ
1576 2326 1734 2394 λόγον
1768 2328 1882 2390 τοῖς

202 2412 585 2483 ἁμαρτάνουσι
609 2426 622 2442 ·
651 2412 788 2483 περὶ
803 2412 861 2466 δὲ
882 2412 1047 2466 αὐτοῦ
1072 2414 1166 2466 τοῦ
1188 2413 1483 2481 κεφαλαίου
1505 2414 1713 2477 πάντας
1736 2413 1881 2485 ὑμᾶς

206 2498 534 2568 ὑπομνήσω.
576 2497 876 2552 Ἠκούσατε
927 2500 1131 2563 τοίνυν,
1168 2500 1255 2553 ἴνα
1300 2500 1365 2553 ὲκ
1416 2500 1615 2572 μέρους
1653 2499 1882 2571 ἅψωμαι

205 2585 319 2638 τῶν
345 2585 672 2655 εἰρημένων,
699 2585 775 2646 ώς
804 2585 1004 2656 ἀρτίως
1028 2586 1407 2658 διαλεγόμενος
1434 2590 1547 2651 τοῖς
1574 2587 1881 2659 Κορινθίοις

205 2673 401 2742 ελεγεν
429 2675 458 2726 6
482 2676 730 2742 γενναῖος
752 2675 959 2738 ἐκεῖνος
986 2676 1081 2728 καὶ
1110 2674 1407 2746 θαυμάσιος
1431 2675 1602 2745 ἀνήρ’
1655 2674 1882 2743 Μήπως

202 2761 409 2815 ἐλθὼν
438 2761 713 2828 πολλοὺς
743 2762 1025 2828 πενθήσω
1053 2762 1171 2817 τῶν
1198 2764 1755 2831 προημαρτηκότων,
1781 2762 1881 2817 καί

198 2848 291 2920 μή
320 2848 1179 2920 μετανοησάντων.⁹Λνθρωπος
1220 2849 1317 2920 μὲν
1346 2845 1414 2921 ἦν
1442 2852 1508 2920 τῇ
1544 2849 1703 2919 φύσει
1730 2851 1758 2902 6
1783 2848 1881 2920 μέ-

202 2954 316 3005 γας
345 2929 502 2999 οὗτος
530 2935 869 3001 διδάσκαλος,
902 2934 1043 2989 Θεοῦ
1070 2937 1113 2989 δ’
1140 2936 1419 3006 ὑπηρέτης
1449 2936 1546 3007 τὴν
1582 2936 1839 3007 πρόθεσιν
1864 2953 1877 2966 ·

201 3022 299 3077 διά
328 3023 488 3076 τοῦτο
519 3022 709 3095 ὥσπερ
745 3022 981 3095 οὐρανίῳ
1022 3022 1285 3094 κέχρηται
1319 3022 1554 3096 γλώττῃ,
1584 3024 1680 3076 καὶ
1715 3022 1790 3086 ώς
1824 3021 1887 3089 ἐξ

202 3109 393 3164 αὐτῶν
424 3109 533 3163 τῶν
559 3110 809 3181 οὐρανῶν
838 3109 1229 3180 φθεγγόμενος,
1262 3109 1405 3164 οὕτω
1442 3111 1535 3163 καὶ
1563 3112 1677 3173 τοῖς
1710 3110 1884 3182 ἀμαρ-

203 3197 467 3250 τάνουσιν
513 3196 761 3260 ἀπειλεῖ,
792 3198 887 3249 καὶ
921 3200 1031 3261 τοῖς
1072 3196 1422 3267 μετανοοῦσιν
1458 3196 1682 3268 ἱλασμὸν
1715 3198 1889 3265 ὲπαγ-

202 3284 485 3353 τέλλεται.
530 3282 681 3356 [52⁸1]
723 3285 892 3338 Ὅταν
940 3283 997 3337 δὲ
1046 3282 1218 3336 ταῦτα
1271 3283 1430 3349 είπω,
1460 3284 1522 3338 ού
1563 3286 1630 3355 τῇ
1671 3283 1886 3338 Παύλου

204 3369 552 3442 γλώττῃ,τὴν
587 3371 875 3425 αύθεντίαν
901 3370 1211 3441 ἐπιγράφω,
1244 3370 1357 3424 ἀλλ’
1388 3371 1484 3425 ἐπὶ
1514 3370 1613 3441 τὴν
1628 3370 1733 3425 τοῦ
1750 3370 1886 3425 Θεοῦ

204 3458 376 3528 χάριν
408 3458 469 3510 τὸ
498 3460 605 3511 πᾶν
641 3458 925 3537 ἀναφέρω,
961 3460 1090 3531 περὶ
1132 3450 1194 3511 οὗ
1226 3458 1331 3513 νῦν.
1364 3458 1525 3521 αὐτὸς
1561 3457 1745 3526 ἔλεγεν
1767 3473 1781 3487 ·
1815 3460 1889 3513 Εἰ

204 3546 476 3615 δοκιμὴν
518 3543 739 3613 ζητεῖτε
775 3545 883 3599 τοῦ
923 3547 994 3599 ἐν
1038 3545 1167 3616 ἐμοὶ
1213 3545 1554 3610 λαλοῦντος
1586 3544 1845 3613 Χριστοῦ
1867 3560 1888 3608 ;

214 3632 575 3687 ’Υποτίθεται
607 3632 787 3686 τοίνυν
810 3635 926 3695 τοῖς
962 3632 1330 3704 ἁμαρτάνουσι
1359 3633 1648 3702 φάρμακον
1666 3633 1890 3703 εὐεργε-

209 3724 363 3786 σίας.
398 3723 495 3775 καῖ
528 3722 817 3791 μετάνοιαν
854 3722 935 3784 είς
968 3720 1262 3793 σωτηρίαν.
1298 3720 1609 3792 Συνέδραμε
1634 3720 1692 3776 δὲ
1717 3721 1890 3791 σήμε-

210 3829 308 3881 ρον
349 3813 417 3881 τῇ
457 3808 788 3881 ἀποστολικῇ
832 3796 1136 3878 ἀναγνώσει
1186 3809 1282 3862 καί¹
1332 3812 1364 3879 ή
1411 3809 1743 3880 εύαγγελική
1790 3808 1886 3863 τοῦ

207 3896 472 3968 θυτῆρος
509 3893 784 3958 αύθεντία,
814 3888 1100 3966 ἀμαρτίῶν
1144 3895 1338 3963 ἀφεσιν
1387 3894 1634 3964 ἀφθόνως
1677 3893 1893 3966 χαριζο-

209 3985 377 4056 μένη.
405 3984 511 4036 Τὸν
535 3982 645 4053 γάρ
675 3982 1043 4055 παραλυτικὸν
1067 3986 1095 4037 6
1118 3983 1307 4055 Σωτὴρ
1332 3983 1559 4054 ίώμενος
1590 3982 1794 4052 ἔλεγεν,
1813 3983 1890 4047 ώς

206 4070 421 4142 ἀρτίως
453 4069 735 4137 ἀκηκόατε
757 4088 769 4098 ·
808 4068 1049 4133 Τέκνον,
1078 4069 1375 4138 ἀφέωνταί
1399 4084 1499 4124 σοι
1530 4072 1589 4124 αἰ
1616 4069 1890 4139 ἁμαρτίαι

206 4174 333 4212 σου
378 4160 442 4211 αἱ
483 4157 735 4210 πολλαίο
784 4156 981 4225 ἄφεσις
1021 4157 1079 4210 δὲ
1123 4155 1408 4227 ἀμαρτιῶν
1434 4157 1583 4229 πηγὴ
1616 4157 1891 4229 σωτηρίας

207 4246 308 4299 καὶ
335 4244 570 4298 ἔπαθλον
611 4243 925 4314 μετανοίας·
964 4244 1197 4315 ἰατρεῖον
1230 4244 1338 4315 γάρ
1367 4246 1514 4297 ἐστιν
1550 4244 1890 4315 ἀναιρετικὸν

203 4335 314 4403 τῆς
347 4331 629 4403 ἁμαρτίας
668 4333 702 4403 ή
747 4330 1007 4401 μετάνοια
1024 4346 1038 4360 ⁸
1066 4330 1237 4403 δῶρόν
1261 4332 1409 4384 ἔστιν
1434 4330 1704 4402 οὐράνιον,
1727 4330 1889 4386 δύνα-

210 4436 311 4489 μις
354 4419 668 4491 θαυμαστὴ,
699 4420 882 4489 χάριτι
929 4417 1136 4471 νικῶσα
1179 4418 1277 4488 τὴν
1310 4418 1419 4471 τῶν
1447 4417 1627 4489 νόμων
1669 4416 1890 4472 ἀκολου-

208 4505 359 4558 θίαν.
402 4505 503 4558 Διά
534 4504 693 4558 τοῦτο
723 4505 784 4558 οὐ
820 4504 1017 4577 πόρνον
1056 4503 1392 4566 ἀποσείεται,
1431 4504 1490 4557 οὐ
1543 4503 1729 4574 μοιχὸν
1762 4505 1894 4557 ἀπο-

207 4589 386 4652 σοϐεῖ,
414 4589 476 4643 ού
510 4590 739 4661 μέθυσον
768 4591 1195 4662 ἀποστρέφεται,
1226 4590 1326 4643 ούκ
1352 4589 1742 4659 εἰδωλολάτρην
1765 4588 1888 4659 βδε-

206 4675 501 4739 λύσσεται,
523 4678 583 4730 οὐ
615 4676 854 4749 λοίδορον
880 4676 1197 4741 ἀπελαύνει,
1227 4676 1286 4729 οὐ
1315 4675 1631 4746 βλάσφημον
1657 4673 1890 4728 ἀποδιώ-

207 4782 320 4829 κει,
342 4766 449 4820 οὐκ
482 4764 736 4831 ἀλαζόνα,
766 4766 902 4820 ἀλλά
929 4767 1138 4830 πάντας
1172 4767 1493 4838 μεταποιεῖ·
1526 4766 1890 4837 χωνευτήριον

206 4853 325 4925 γάρ
357 4855 475 4906 ἐστι
501 4853 603 4924 τῆς
631 4854 958 4924 άμαρτίαςή
984 4854 1240 4923 μετάνοια
1259 4866 1308 4909 ι.
1327 4854 1644 4921 ’Δναγκαῖον
1664 4853 1722 4907 δὲ
1740 4853 1889 4925 πρῶ-

203 4956 306 4995 τον
339 4941 605 5012 γνωρίσαι
637 4941 732 4995 τοῦ
760 4941 899 4995 Θεοῦ
923 4941 1015 4995 τὸν
1048 4942 1270 5005 σκοπὸν,
1297 4943 1398 4995 ούκ
1423 4941 1482 5007 ἐξ
1502 4942 1784 5013 ἡμετέρων
1804 4943 1890 4994 ὲν-

204 5026 373 5080 νοιῶν
401 5027 792 5092 ἐπιϐάλλοντας
815 5028 997 5102 ταύτῃ
1013 5031 1077 5099 τῇ
1115 5028 1337 5100 θεωρίᾳ,
1360 5027 1473 5081 ἀλλ’
1497 5027 1557 5093 ἐξ
1582 5029 1761 5082 αὐτῶν
1780 5028 1890 5083 τῶν

207 5114 380 5167 θείων
409 5114 643 5185 Γραφῶν
674 5116 1179 5188 μεμαρτυρημένην
1200 5115 1619 5179 ἀποδεικνύντας
1646 5115 1744 5188 τὴν
1766 5116 1892 5189 ἀλή-

207 5201 391 5255 θειαν.
426 5202 635 5268 Σκοπὸς
660 5203 740 5276 τῷ
779 5204 899 5275 Θεῷ
947 5203 1318 5275 μακροθυμεῖν
1360 5206 1474 5267 τοῖς
1515 5204 1889 5274 ἁμαρτάνουσι

204 5287 439 5351 διπλοῦς
467 5292 617 5344 ἐστιν
638 5290 715 5355 εἰς
740 5291 1015 5362 σωτηρίαν
1036 5290 1192 5355 ἵλεως
1209 5304 1225 5320 ’
1258 5290 1688 5361 μνηστευόμενος
1707 5292 1889 5358 αὐτοῖς

205 5376 316 5444 τὴν
343 5376 410 5428 bc
434 5378 722 5447 μετανοίας
745 5379 1040 5451 σωτηρίαν,
1070 5379 1164 5433 καὶ
1186 5380 1298 5441 τοῖς
1326 5376 1384 5444 ἐξ
1406 5377 1584 5432 αὐτῶν
1603 5378 1889 5448 ἀπογόνοις

206 5463 330 5525 τοῖς
378 5464 461 5527 εἰς
507 5464 708 5538 ἀρετήν
750 5466 1044 5521 ἐπιδιδόναι
1076 5464 1326 5538 μέλλουσι
1357 5464 1747 5536 ταμιευόμενος
1789 5466 1888 5538 τὴν

277 5574 306 5604 ο
339 5567 473 5635 ['9ng
495 5567 621 5635 Reg2
643 5572 826 5628 πάντας
849 5571 1035 5635 δέχεται
1058 5571 1140 5620 καί
1162 5569 1340 5626 πάντας
1361 5568 1621 5633 μεταποιεῖ-
1647 5572 1885 5633 χωνεντήο

208 5648 322 5695 νων
343 5629 434 5694 γάρ
453 5629 768 5692 ἆστιὶἀρετῆς
784 5635 819 5691 ἡ
842 5629 1062 5695 μετάνοια

1988 1800 2330 1871 εὐεργεσίαν.
2364 1802 2473 1855 Καὶ
2513 1802 2599 1855 ῖνα
2640 1803 2805 1857 πάλιν
2850 1806 3106 1861 ἀναλάϐω
3130 1807 3228 1862 τὸν
3253 1807 3433 1881 λόγον,
3464 1814 3493 1866 6
3519 1811 3657 1877 Θεὸς

1989 1886 2350 1958 μακροθυμεῖ,
2386 1887 2473 1941 ῖνα
2513 1889 2607 1942 καὶ
2642 1889 2671 1942 6
2704 1890 3032 1960 ἁμαρτάνων
3061 1899 3386 1969 μετανοήσῃ,
3414 1899 3508 1952 καὶ
3540 1901 3654 1962 τοῖς

1985 1971 2046 2036 ἐξ
2069 1972 2233 2025 αὑτοῦ
2266 1974 2604 2044 τικτομένοις
2640 1976 2715 2048 μὴ
2750 1976 3051 2052 ἀποκλείσῃ
3076 1980 3176 2053 τὴν
3212 1985 3507 2055 σωτηρίαν.
3534 1984 3654 2041 Κάν

1984 2059 2094 2131 γάρ
2138 2059 2301 2123 αὐτὸς
2342 2062 2370 2113 6
2408 2061 2739 2133 ἁμαρτάνων
2788 2064 3132 2137 ἀμετανόητα
3179 2070 3367 2141 πταίῃ,
3416 2072 3654 2141 φείδεται

1985 2144 2245 2208 πολλάκις
2284 2145 2384 2215 τῆς
2409 2145 2585 2217 ῥίζης,
2619 2148 2715 2201 ἵνα
2736 2149 2947 2224 φυλάξῃ
2979 2154 3104 2217 τοὺς
3137 2155 3417 2224 καρπούς·
3451 2156 3653 2210 πολλά-

1985 2249 2074 2296 κις
2114 2232 2213 2303 μὲν
2239 2228 2331 2287 οὖν
2363 2234 2458 2287 καὶ
2488 2234 2659 2306 αὐτὴν
2689 2236 3013 2306 μεταϐάλλει
3040 2240 3139 2312 τὴν
3172 2241 3350 2313 ῥίζαν,
3378 2243 3455 2307 ὡς
3482 2243 3653 2315 ιφθην

1985 2318 2190 2405 εἰπών⁹
2224 2318 2343 2372 ἀλλ’
2369 2322 2588 2376 ὲπειδάν
2619 2324 2700 2386 είς
2732 2327 2968 2399 παντελῆ
3002 2329 3201 2384 κακίαν
3231 2332 3411 2403 ἐκείνη
3441 2333 3603 2405 πέσῃ,
3624 2334 3656 2386 6

1986 2404 2120 2470 Θεὸς
2141 2407 2796 2482 ύπερτίθεται.χρησίμως
2815 2413 2919 2486 τὴν
2935 2416 3230 2487 τιμωρίαν,
3244 2418 3527 2490 ἀναμένων
3536 2404 3659 2473 τῶν

1990 2496 2391 2565 μετανοούντων
2414 2496 2514 2569 τὴν
2547 2502 2824 2573 σωτηρίαν
2844 2518 2859 2533 ·
2888 2503 2983 2557 καὶ⁵
3016 2505 3185 2569 ὅπως,
3212 2507 3396 2562 ἄκουε.
3419 2509 3607 2579 Θάρῤα
3625 2510 3667 2562 6‘

1989 2584 2173 2657 πατὴρ
2205 2585 2458 2658 Ἀϐραὰμ
2484 2587 2719 2643 εἰδώλων
2744 2585 2813 2661 ἦν
2828 2594 3236 2665 προσκυνητὴς,
3266 2595 3380 2648 ἀλλ’
3405 2596 3468 2649 οὐ
3495 2596 3659 2650 δέδωο

1987 2688 2082 2725 κεν
2113 2672 2345 2727 ἐνταῦθα
2376 2677 2476 2746 τῆς
2510 2676 2766 2741 ἀσεϐείας
2808 2679 2909 2749 τήν
2953 2679 3146 2749 δίκην·
3193 2682 3287 2735 καὶ
3320 2684 3563 2747 εἰκότως.
3593 2685 3658 2737 Et

1987 2758 2097 2832 γάρ
2118 2759 2403 2831 προλαϐὼν
2432 2763 2460 2815 6
2489 2763 2622 2827 Θεὸς
2649 2763 2894 2836 ἀπέτεμε
2919 2765 3018 2837 τὴν
3042 2766 3221 2838 ῥίζαν,
3249 2768 3412 2822 πόθεν
3430 2772 3459 2823 6
3478 2769 3660 2825 τοσοῦ·

1987 2863 2077 2910 τος
2110 2848 2320 2919 καρπὸς
2347 2849 2447 2919 τῆς
2472 2850 2706 2915 πίστεως
2727 2852 3025 2917 ἀνεδίδοτο;
3050 2854 3115 2907 Τί
3142 2855 3234 2907 τοῦ
3263 2855 3431 2910 Ἡσαῦ
3458 2857 3660 2931 μοχθη-

1991 2933 2239 3004 ρότερον;
2269 2934 2467 2990 Σκόπει
2491 2954 2580 3006 μοι
2601 2938 2694 2991 καὶ
2713 2937 2906 3009 ἐτέρας
2935 2939 3348 3011 φιλανθρωπίας
3380 2942 3657 2999 ὑπόθεσιν.

1990 3018 2056 3071 Τί
2083 3019 2183 3086 τῆς
2212 3020 2409 3085 κακίας
2438 3023 2654 3093 ἐκείνης
2680 3023 3090 3095 ἀναιδέστερονς
3117 3028 3177 3080 ού
3211 3029 3408 3099 πόρνος
3435 3029 3531 3083 καὶ
3567 3029 3661 3099 βέ-

1988 3104 2172 3176 ϐηλος,
2211 3105 2286 3171 ὥς
2311 3124 2472 3177 φησιν
2493 3108 2909 3177 ὁοἋπόστολοςς
2943 3113 3005 3166 οὐ
3042 3114 3366 3186 μητρολοίας
3411 3117 3506 3170 καὶ
3550 3134 3659 3171 πα-

1985 3193 2275 3264 τρολοίας;
2311 3196 2411 3248 οὐκ
2457 3195 2688 3263 ἀδελφοῦ
2740 3200 2934 3267 φονεὺς
2960 3200 3082 3254 ὅσον
3108 3204 3188 3265 εἰς
3221 3201 3514 3273 πρόθεσινς
3561 3203 3659 3271 οὐχ

1988 3279 2095 3332 ὑπὸ
2122 3279 2218 3334 τοῦ
2244 3281 2380 3345 Θεοῦ
2414 3282 2775 3354 μισούμενος
2808 3287 2842 3356 ή
2874 3286 3063 3359 Γραφὴ
3095 3291 3361 3359 μαρτυρεῖ
3386 3289 3620 3357 λέγουσα
3642 3307 3658 3322 ·

1990 3365 2109 3420 Τὸν
2141 3368 2343 3423 Ἰακὼὸ
2368 3368 2677 3438 ἠγάπησα,
2704 3370 2815 3424 τὸν
2832 3370 2901 3425 δὲ
2934 3370 3124 3428 Ἡσαῦ
3153 3373 3442 3443 ἐμίσησα.
3469 3377 3533 3430 Εἰ
3553 3376 3661 3432 τοί-

1986 3471 2081 3509 νυν
2114 3455 2310 3526 πόρνος
2352 3456 2446 3511 καὶ
2475 3456 2859 3527 ἀδελφοκτόνος
2896 3461 2991 3512 καὶ
3037 3459 3263 3530 βέϐηλος
3294 3462 3389 3515 καὶ
3419 3480 3659 3534 μεμιση-

1991 3542 2170 3612 μένος,
2202 3542 2291 3597 διὰ
2318 3543 2370 3596 τί
2400 3543 2473 3615 μή
2498 3543 2855 3613 ἀφανίζεταις
2885 3544 2974 3599 διὰ
3001 3545 3056 3599 τί
3084 3546 3160 3617 μή
3188 3547 3547 3616 ὲκκόπτεταις
3570 3550 3661 3605 διά

1985 3629 2038 3681 τί
2077 3630 2414 3701 παραχρῆμα
2442 3629 2540 3702 τὴν
2573 3631 2955 3702 προσήκουσαν
2986 3634 3257 3704 τιμωρίαν
3299 3636 3360 3689 οὐ
3407 3635 3658 3707 δέχεταις

1988 3715 2088 3770 Διά
2120 3716 2206 3783 τί;
2238 3715 2403 3770 καλὸν
2431 3716 2506 3781 ὡς
2541 3715 2760 3788 ἀληθῶς
2800 3718 2895 3771 καὶ
2921 3718 3022 3789 τὴν
3046 3719 3227 3774 αἰτίαν
3258 3722 3448 3777 εἰπεῖν.
3480 3723 3545 3776 ΕΞ
3575 3722 3661 3788 ἐξ·

1988 3804 2185 3875 εκόπη,
2210 3803 2466 3873 μέγιστον
2494 3804 2704 3876 καρπὸν
2723 3803 3069 3875 δικαιοσύνης
3094 3808 3123 3860 ό
3144 3806 3347 3878 κόσμος
3379 3807 3677 3863 ἀπώλεσεν.

1989 3890 2055 3943 ἀν
2074 3905 2089 3919 ’
2119 3890 2211 3943 καὶ
2242 3892 2444 3955 ὁποῖον,
2465 3890 2651 3944 ἄκουε.
2669 3890 2858 3946 Ἠσαῦ
2882 3890 3173 3961 ἐγέννησε
3200 3893 3311 3949 τὸν
3338 3895 3659 3965 Ῥατουὴλ,

2001 3975 2292 4047 Ῥαγουὴλ
2335 3976 2445 4030 τὸν
2488 3976 2670 4045 Ζαρὰ,
2715 3978 2875 4047 Ζαρὰ
2906 3976 3015 4031 τὸν
3048 3978 3192 4034 Ἰὼϐ.
3224 3978 3389 4053 Ὁρᾷς
3432 3981 3662 4053 πηλίκον

1990 4061 2270 4132 ὑπομονῆς
2306 4061 2465 4125 ἀνθος
2504 4059 2817 4133 ἠφανίζετο,
2849 4063 2913 4116 εἰ
2946 4063 3235 4136 προλαϐὼν
3274 4066 3305 4119 6
3342 4066 3475 4131 Θεὸς
3506 4067 3663 4138 δίκην

1991 4146 2243 4218 ἀπῄτησε
2269 4147 2367 4219 τὴν
2401 4147 2557 4220 ῥίζαν
2577 4164 2594 4214 ;

2064 4233 2128 4305 β’.
2164 4234 2301 4289 Καθ’
2324 4235 2461 4289 ὅλων
2493 4231 2591 4289 οὖν.
2605 4234 2714 4289 τῶν
2742 4237 3083 4309 πραγμάτων
3112 4238 3317 4311 ταύτην
3349 4239 3662 4313 ὲκλάμϐανε

1994 4321 2092 4390 τὴν
2117 4321 2369 4393 θεωρίαν.
2386 4321 2485 4376 Διά
2502 4322 2662 4376 τοῦτο
2687 4324 3031 4397 μακροθυμεῖ
3046 4328 3159 4390 τοῖς
3180 4326 3493 4395 Αἰγυπτίοις
3509 4325 3659 4401 [328]

1992 4408 2293 4463 ἀνύποιστα
2324 4409 2725 4482 βλασφημοῦσι,
2755 4411 2841 4466 διά
2870 4414 2971 4477 τάς
2994 4412 3089 4467 νῦν
3121 4414 3390 4481 ἀνθούσας
3434 4417 3666 4489 Ἐκκλη-

1992 4493 2112 4558 σίας
2143 4496 2201 4548 ὲν
2233 4496 2513 4567 Αἰγύπτῳ,
2544 4496 2633 4550 διὰ
2661 4498 2728 4551 τά
2760 4500 3096 4571 μοναστήρια
3141 4501 3237 4555 καὶ⁵
3287 4502 3415 4566 τοὺς
3443 4504 3665 4572 ἀγγελι-

1990 4580 2086 4634 κὸν
2117 4581 2614 4654 ι’ἐπανῃρημένους
2664 4583 2797 4654 βίον.
2849 4586 2961 4639 Καὶ
3011 4587 3142 4659 γάρ,
3176 4588 3253 4652 ῶς
3287 4606 3450 4660 φασιν
3474 4592 3525 4644 οἰ
3552 4590 3661 4645 τῶν

1989 4668 2168 4739 νόμων
2198 4668 2308 4721 τῶν
2321 4669 2533 4723 κκοινῶν
2566 4670 2838 4743 ἓμπειροι,
2865 4674 2957 4726 καὶ
2988 4673 3063 4739 ώς
3088 4676 3150 4728 οι
3165 4675 3450 4747 Ῥωμαίων
3483 4693 3661 4748 παρα-

1990 4754 2303 4808 κελεύονται
2347 4757 2523 4828 νόμοι,
2550 4757 2649 4828 τήν
2677 4757 3074 4829 κυοφοροῦσαν,
3107 4760 3162 4813 εί
3187 4778 3319 4814 ποτε
3369 4763 3659 4833 περιπέσοι

1988 4843 2290 4915 πταίσματι
2326 4842 2552 4899 θανάτου
2582 4845 2739 4916 δίκην
2771 4846 3049 4915 ἐπάγοντι,
3082 4847 3156 4919 μὴ
3206 4848 3466 4920 πρότερον
3510 4851 3661 4905 ἀναι-

1990 4931 2225 5003 ρεῖσθαι,
2263 4932 2395 5002 πρὶν
2424 4930 2490 4985 ἀν
2520 4932 2656 5004 τέκῃ
2693 4933 2752 4986 τὸ
2780 4934 3216 5005 κυοφορούμενον
3235 4952 3249 4966 σ
3280 4936 3374 4989 καλ⁵
3405 4936 3550 5006 μάλα
3581 4941 3660 4992 εί-

1989 5018 2162 5082 κότως
2180 5034 2194 5047 ο
2227 5018 2288 5070 οὐ
2315 5019 2422 5090 γὰρ
2456 5018 2775 5075 ἐδικαίωσαν
2803 5020 2852 5073 οἰ
2880 5019 3058 5083 καλῶς
3082 5019 3384 5085 τεθεικότες
3415 5023 3542 5087 τοὺς
3572 5026 3660 5079 νό-

1993 5122 2125 5173 μους
2173 5105 2637 5177 συναφανισθῆναι
2663 5106 2723 5159 τὸ
2752 5107 3136 5179 ἀναμάρτητον
3169 5110 3234 5180 τῇ
3265 5109 3655 5185 ἀμαρτησάσῃ.

1990 5191 2053 5244 Εἰ
2082 5190 2139 5244 δὲ
2166 5192 2216 5244 οἰ
2242 5192 2572 5266 ἀνθρώπινοι
2599 5194 2751 5265 νόμοι
2782 5193 3051 5262 φείδονται
3073 5194 3184 5248 τῶν
3214 5195 3380 5269 μηδὲν
3400 5199 3658 5272 ἡμαρτη-

1989 5279 2184 5343 κότων,
2214 5282 2243 5334 6
2265 5280 2396 5346 Θεὸς
2420 5283 2482 5335 οὐ
2519 5281 2696 5354 πολλῷ
2723 5280 2920 5353 μᾶλλον
2942 5282 3167 5348 εἰκότως
3191 5282 3414 5354 φυλάξει
3445 5286 3543 5359 τήν
3572 5288 3655 5359 ρί-

1988 5365 2109 5432 ζαν,
2143 5371 2257 5432 τοῖς
2301 5372 2533 5440 καρποῖς
2564 5368 2954 5440 ταμιευόμενος
2984 5368 3084 5441 τὴν
3126 5371 3192 5424 ὲκ
3234 5373 3333 5444 τῆς
3373 5361 3660 5445 μετανοίας

1987 5456 2338 5527 εὐεργεσίαν;
2371 5455 2517 5511 Λάϐε
2552 5473 2641 5527 μοι
2679 5455 2864 5509 λοιπὸν
2890 5457 2986 5511 καὶ
3014 5456 3101 5512 ἐπ’
3128 5458 3317 5513 αὐτῶν.
3336 5459 3444 5515 τῶν
3473 5460 3653 5531 ἀμαρ-

1986 5543 2256 5597 ἀνόντων
2283 5542 2378 5615 τὴν
2411 5544 2475 5596 ὲκ
2506 5542 2793 5614 μετανοίας
2817 5543 3136 5616 εὐεργεσίαν
3155 5562 3169 5578 ·
3193 5547 3289 5602 καὶ
3317 5548 3426 5619 γὰρ
3449 5547 3539 5601 καὶ
3559 5544 3653 5601 ἐπὶ

2051 5633 2078 5674 b
2106 5632 2241 5684 Unus
2259 5633 2383 5698 Reg.
2417 5630 2733 5696 εὐαγγελικόν.
