4036 6206
333 263 440 321 sas

332 382 537 438 τούτων
578 386 606 438 6
639 385 800 448 αὐτὸς
833 386 933 455 τῆς
965 385 1370 458 φιλανθρωπίας
1394 386 1703 441 ἀποδίδοται
1725 387 1901 458 λόγος.
1931 387 1997 440 Et

336 470 747 543 προελάμϐανεν
772 474 806 544 ή
829 475 948 545 δίκη
976 473 1075 546 τὴν
1100 473 1402 546 διόρθωσιν,
1434 474 1462 527 6
1483 474 1685 545 κόσμος
1721 473 1998 538 παντελῶς

335 557 618 612 ἀπώλλυτο
646 561 741 613 καὶ
767 561 1097 632 διεφθείρετο
1115 577 1128 591 ·
1167 564 1216 614 εί
1247 561 1370 626 όξῦς
1397 559 1466 633 ἦν
1509 561 1645 633 πρὸς
1668 563 1936 634 τιμωρίαν
1968 561 1998 615 6

335 645 486 713 Θεὸς,
517 649 616 703 οὐκ
637 649 703 702 ἂν
723 651 992 720 ἐκτήσατο
1020 649 1228 702 Παῦλον
1256 651 1289 720 ἡ
1324 650 1638 721 Ἐκκλησία,
1661 651 1761 704 οὐκ
1787 650 1998 720 ἐδέχετο

335 733 429 788 τὸν
462 735 700 789 τοιοῦτον
729 736 820 790 καὶ
852 735 1183 807 τηλικοῦτον.
1214 736 1312 789 Διὰ
1356 737 1515 790 τοῦτο
1563 733 1655 791 οῦν
1702 736 1996 808 ὑπερέθετο

341 821 781 893 βλασφημοῦντα,
811 824 896 877 ἵνα
940 824 1088 896 δείξῃ
1122 824 1581 894 μετανοοῦντα.Ἥ
1608 824 1700 877 τοῦ
1729 825 1862 878 Θεοῦ
1896 841 1999 895 μα-

339 910 606 980 κροθυμία
646 910 736 962 τὸν
762 909 994 982 διώκτην
1019 912 1240 981 ἐποίησε
1273 914 1487 982 κήρυκα
1509 929 1523 940 ο
1551 914 1585 980 ἡ
1609 912 1702 965 τοῦ
1728 911 1862 964 Θεοῦ
1897 928 1998 982 μα-

338 995 610 1066 κροθυμία
637 997 726 1050 τὸν
765 996 928 1051 λύκον
965 999 1255 1069 μετέϐαλεν
1285 1001 1364 1060 εἰς
1391 999 1648 1068 ποιμένα·
1678 1003 1711 1069 ἠ
1743 998 1835 1052 τοῦ
1863 998 1996 1051 Θεοῦ

341 1084 689 1154 μακροθυμία
714 1085 805 1138 τὸν
837 1085 1074 1155 τελώνην
1106 1087 1358 1156 ἐποίησεν
1387 1087 1775 1158 εὐαγγελιστήν
1793 1105 1809 1121 ·
1846 1089 1879 1158 ἡ
1903 1087 1997 1140 τοῦ

337 1171 472 1224 Θεοῦ
522 1175 870 1244 μακροθυμία
917 1177 1120 1239 πάντας
1171 1179 1316 1246 ἡμᾶς
1357 1177 1570 1247 ἠλέησε,
1615 1178 1823 1242 πάντας
1873 1195 1998 1247 μετ-

338 1259 516 1320 έϐαλε,
536 1261 738 1324 πάντας
769 1262 1150 1333 μετέστρεψεν.
1169 1264 1292 1316 Ἐάν
1325 1263 1438 1338 ἴδῃς
1471 1265 1558 1318 τόν
1586 1282 1712 1318 ποτε
1745 1264 1996 1335 μέθυσον,

337 1350 653 1419 νηστευτὴν,
679 1351 777 1402 ἐὰν
809 1351 923 1422 ἴδῃς
947 1352 1035 1405 τόν
1067 1370 1193 1405 ποτε
1229 1354 1566 1425 βλάσφημον,
1610 1354 1876 1424 θεολόγον,
1905 1356 1999 1407 ἐὰν

339 1435 456 1506 ίδῃς
502 1437 594 1489 τόν
636 1455 763 1491 ποτε
793 1441 1045 1511 αἰσχραῖς
1068 1441 1228 1512 ᾠδαῖς
1253 1443 1312 1495 τὸ
1341 1444 1513 1512 στόμα
1544 1443 1866 1514 μολύναντα,
1905 1443 1999 1496 νῦν

338 1525 449 1584 τοῖς
478 1523 641 1587 θείοις
687 1525 874 1596 ὕμνοις
915 1528 1012 1597 τὴν
1040 1529 1214 1598 ψυχὴν
1247 1530 1596 1600 καθαίροντα,
1629 1530 1872 1601 θαύμαζε
1902 1530 2000 1601 τὴν

342 1610 722 1681 μακροθυμίαν
751 1613 842 1666 τοῦ
866 1614 1022 1680 Θεοῦ,
1060 1617 1154 1668 καὶ
1179 1617 1389 1670 ἐπαίνει
1425 1619 1521 1689 τὴν
1563 1619 1870 1688 μετάνοιαν,
1903 1619 1996 1671 καὶ

339 1697 403 1748 ὲκ
433 1697 533 1766 τῆς
558 1699 892 1763 ἀλλοιώσεως
929 1702 1051 1770 λέγε
1081 1703 1388 1757 ἀναλαϐών·
1422 1705 1582 1772 Αὕτη
1609 1707 1646 1773 ἡ
1676 1706 2000 1772 ἀλλοίωσις

337 1779 446 1849 τῆς
489 1783 692 1852 δεξιᾶς
727 1787 834 1841 τοῦ
867 1790 1423 1858 ’Υψι’στου.Ἂγαθὸς
1475 1793 1572 1863 μὲν
1616 1795 1645 1846 6
1685 1793 1818 1855 Θεὸς
1863 1791 1999 1863 πρὸς

327 1870 567 1936 πάντας,
589 1873 882 1944 ἐξαιρέτως
907 1877 964 1928 δὲ
986 1877 1084 1948 τὴν
1111 1873 1305 1931 ἑαυτοῦ
1336 1880 1713 1950 μακροθυμίαν
1735 1881 2001 1933 ἐνδείκνυ-

342 1973 429 2011 ται
475 1961 610 2029 πρὸς
652 1964 776 2026 τοὺς
805 1965 1234 2034 ἁμαρτάνοντας.
1272 1969 1380 2020 Καὶ
1422 1969 1470 2020 εἰ
1505 1968 1681 2039 βούλει
1724 1968 1870 2036 ξένον
1905 1970 2000 2021 ἐπ-

340 2045 568 2100 ακοῦσαι
614 2048 788 2118 λόγον,
821 2051 968 2116 ξένον
1012 2055 1107 2123 μὲν
1153 2057 1275 2108 ὅσον
1308 2057 1386 2119 είς
1421 2057 1724 2127 συνήθειαν,
1752 2055 1999 2127 ἀληθινὸν

340 2130 396 2183 δὲ
427 2133 548 2186 ὅσον
581 2138 661 2199 είς
686 2137 987 2204 εὐσέϐειαν,
1020 2141 1274 2198 ἁκουσον.

410 2222 591 2294 Βαρῦς
635 2230 664 2280 6
695 2228 828 2294 Θεὸς
865 2234 1140 2304 πανταχοῦ
1171 2235 1418 2304 φαίνεται
1446 2238 1557 2299 τοῖς
1588 2235 1834 2298 δικαίοις,
1866 2252 2001 2306 χρη-

344 2311 465 2374 στδς
502 2313 559 2366 δὲ
587 2317 697 2378 τοῖς
739 2318 1100 2389 ἁμαρτωλοῖς,
1133 2323 1224 2376 καὶ
1249 2323 1415 2392 ταχὺς
1443 2325 1524 2385 είς
1558 2321 1964 2391 φιλανθρωπίαν
1983 2339 1998 2353 ·

341 2397 434 2452 τὸν
459 2400 840 2472 ἁμαρτάνοντα
864 2407 957 2460 καὶ
990 2410 1222 2463 πεσόντα
1240 2409 1560 2481 διανίστησι,
1591 2409 1682 2463 καί
1713 2425 1845 2479 φησι
1867 2409 2002 2480 πρὸς

345 2487 531 2542 αὐτόν·
567 2490 664 2557 Μὴ
699 2495 732 2546 ό
765 2495 1000 2549 πίπτων
1039 2499 1147 2550 οὐκ
1177 2498 1528 2561 ἀνίσταται;
1571 2497 1609 2566 ἢ
1646 2499 1677 2551 ό
1709 2497 2000 2564 ἀποστρέ-

345 2592 474 2644 φων
517 2582 628 2634 οὐκ
667 2581 1042 2652 ἐπιστρέφεις
1088 2588 1204 2639 καῖ’
1226 2588 1408 2640 ’[νατί
1451 2586 1831 2655 ἀπέστρεψεν
1859 2588 2002 2640 ἀπο-

345 2666 618 2735 στροφὴν
666 2668 879 2735 ἀναιδῆ
927 2670 966 2736 ἡ
1014 2671 1307 2738 ἀσύνετος
1339 2674 1600 2742 θυγάτηρ
1639 2673 1868 2737 Ἰούδα;
1911 2674 2004 2726 καὶ

346 2755 544 2809 πάλιν
591 2755 1020 2824 Ἐπιστράφητε
1050 2767 1198 2827 πρός
1231 2776 1328 2828 με,
1364 2761 1463 2813 καί
1487 2760 2005 2830 ἐπιστραφήσομαι

346 2842 495 2910 πρὸς
518 2842 694 2912 ὑμᾶς.
723 2844 834 2896 Καὶ
863 2845 1088 2917 ἑτέρωθι
1117 2845 1174 2898 δὲ
1203 2847 1351 2919 ὅρκῳ
1385 2847 1589 2918 βεϐαιοῖ
1613 2849 1711 2920 τὴν
1743 2851 1806 2902 ἐκ
1843 2866 2005 2920 μετα-

346 2929 493 2994 νοίας
519 2933 790 3002 σωτηρίαν
814 2933 902 2986 διὰ
931 2933 1126 3004 πολλὴν
1155 2935 1582 3008 φιλανθρωπίαν.
1618 2925 1709 2991 Ζῶ
1736 2938 1844 3008 γὰρ
1870 2937 2004 3007 ἐγὼ,

344 3019 506 3087 ,λέγει
544 3019 784 3085 Κύριος·
819 3019 890 3072 οὐ
921 3021 1221 3091 ,βούλομαι
1255 3025 1362 3077 τὸν
1393 3022 1648 3078 θάνατον
1679 3024 1784 3080 τοῦ
1821 3025 2006 3094 ἁμαρο

348 3103 562 3168 τωιιοῦ,
592 3105 673 3170 ὠς
695 3103 760 3158 τὸ
790 3101 1147 3177 ἐπιστρέψαι
1173 3110 1270 3164 καὶ
1304 3109 1411 3179 ζῇν
1437 3114 1638 3166 αὐτόν.
1669 3113 1809 3185 Πρὸς
1837 3114 1892 3167 δὲ
1918 3113 2007 3166 τὸν

349 3190 553 3246 δίκαιον
581 3191 728 3262 λέγει
746 3210 759 3223 ·
809 3193 951 3248 Ἐὰν
975 3196 1200 3265 ποιήσῃ
1227 3197 1536 3263 ἄνθρωπος
1563 3196 1769 3253 πᾶσαν
1792 3198 2010 3252 δικαιο-

350 3279 550 3346 σύνην
590 3278 688 3334 καί
732 3278 938 3335 πᾶσαν
978 3280 1283 3348 ἀλήθειαν,
1312 3282 1408 3337 καί
1438 3286 1721 3354 στραφεὶς
1756 3287 2006 3355 ἁμάρτῃ,

350 3365 422 3419 οὺ
448 3363 535 3434 μή
567 3364 819 3435 μνησθῶ
861 3365 972 3435 τῆς
1005 3368 1395 3438 δικαιοσύνης
1437 3371 1642 3437 αὑτοῦ,
1681 3372 1908 3426 ἁλλ’ὲν
1935 3371 2008 3441 τῇ

350 3451 600 3520 ἁμαρτίᾳ
629 3453 815 3508 αὐτοῦ
852 3455 1323 3511 ἀποθανεῖται.“ο
1350 3456 1550 3527 πολλῆς
1592 3458 1870 3530 ἀκριϐείας
1910 3461 2010 3530 τῆς

352 3541 487 3613 πρὸς
503 3542 592 3596 τὸν
616 3537 849 3598 δίκαιονί
872 3543 917 3597 ὣ
941 3545 1136 3616 πολλῆς
1156 3545 1431 3617 δαψιλείας
1451 3545 1548 3616 τῆς
1571 3547 1706 3618 πρὸς
1726 3547 1814 3601 τὸν
1834 3549 2012 3621 ἀμαρ-

350 3627 596 3682 τάνονται
639 3626 794 3683 Οὕτω
835 3630 893 3684 δὲ
937 3631 1196 3698 ποικίλως
1237 3633 1330 3686 καὶ
1356 3634 1626 3707 διαφόρως
1683 3638 2008 3708 μηχανᾶται,

351 3715 451 3769 οὐκ
476 3716 641 3780 αὐτὸς
668 3717 1152 3790 μεταϐαλλόμενος,
1185 3719 1319 3774 ἀλλὰ
1347 3721 1630 3793 χρησίμως
1658 3723 1892 3794 μερίζων
1916 3725 2012 3796 τῆς

351 3800 679 3874 ἀγαθότητος
700 3799 867 3858 αὐτοῦ
888 3803 988 3869 τὰς
1010 3806 1317 3878 οἰκονομίας
1337 3822 1351 3836 ⁶
1383 3809 1476 3862 καὶ
1505 3808 1672 3874 ὅπως,
1703 3811 1884 3864 ἄκουε.
1911 3811 2014 3866 Τὸν

353 3889 675 3959 ἁμαρτωλὸν
704 3891 800 3944 καὶ
828 3893 1135 3962 ἐμμένοντα
1169 3895 1287 3958 ταῖς
1308 3895 1623 3966 ἁμαρτίαις,
1657 3897 1750 3951 ἐάν
1781 3899 2009 3970 φοϐἡσῃ,

354 3977 435 4038 είς
459 3976 768 4044 ἀπόγνωσιν
810 3979 972 4032 αὑτὸν
1005 3981 1096 4033 καὶ
1129 3981 1498 4052 ἀπαγόρευσιν
1536 3985 1636 4055 τῆς
1665 3985 1876 4049 ἐλπίδος
1924 3987 2016 4055 φέ-

359 4079 441 4134 ρει
460 4080 474 4095 ·
497 4064 589 4118 τὸν
615 4065 672 4119 δὲ
692 4065 898 4120 δίκαιον
921 4068 1014 4122 ἐὰν
1043 4070 1342 4141 μακαρίσῃ,
1373 4075 1561 4140 χαυνοῖ
1583 4070 1734 4144 [329]
1761 4076 1858 4144 τῆς
1888 4076 2017 4144 ἁρε-

355 4151 454 4222 τῆς
483 4154 646 4206 αὑτοῦ
691 4155 782 4207 τὸν
816 4157 985 4221 τόνον,
1016 4159 1108 4210 καὶ
1153 4159 1228 4222 ὼς
1273 4159 1373 4230 ἤδη
1420 4160 1844 4232 μακαρισθέντα,
1876 4163 2015 4232 ἁμε-

355 4241 466 4294 λεῖν
502 4245 661 4297 αὑτὸν
707 4246 805 4316 τῆς
849 4247 1082 4318 σπουδῆς
1124 4249 1548 4318 παρασκευάζει.
1581 4249 1678 4302 Δια
1721 4249 1877 4304 τοῦτο
1926 4251 2016 4304 τὸν

361 4329 460 4398 μὲν
513 4332 834 4410 ἁμαρτωλὸν
878 4335 1035 4400 ἐλεεῖ,
1067 4334 1158 4388 τὸν
1198 4336 1254 4389 δὲ
1298 4336 1502 4389 δίκαιον
1544 4337 1728 4407 φοϐεῖ·
1764 4340 2016 4407 Φοϐερὸς

358 4416 466 4488 γὰρ
509 4418 606 4473 ἐπὶ
656 4419 885 4485 πάντας
921 4422 1062 4487 τοὺς
1093 4425 1428 4490 περικύκλῳ
1445 4425 1663 4479 αὐτοῦ’
1717 4427 1830 4490 καὶ,
1870 4430 2018 4495 Χρη-

359 4505 504 4571 στός
555 4508 763 4574 Κύριος
810 4507 933 4576 τοῖς
964 4511 1259 4577 σύμπασι.
1305 4513 1576 4580 Φοϐερὸς,
1619 4513 1803 4584 φησὶν,
1849 4515 2018 4568 ἐστὶν

359 4591 456 4645 ἐπὶ
481 4592 710 4659 πάντας
737 4594 878 4662 τοὺς
905 4597 1244 4664 περικύκλῳ
1265 4600 1450 4654 αὐτοῦ
1469 4617 1482 4629 ”
1510 4601 1602 4654 καὶ
1625 4602 1768 4664 τίνες
1792 4601 1857 4655 ἂν
1888 4598 2014 4667 εἷεν,

361 4680 473 4733 ἀλλ’
505 4681 538 4752 ἢ
581 4683 630 4735 of
665 4683 843 4749 ἁγιοι;
884 4683 945 4736 '0
975 4684 1118 4750 Θεὸς
1151 4685 1277 4758 γὰρ,
1316 4687 1478 4757 φησὶν
1516 4689 1544 4740 6
1575 4688 1755 4752 Δαυῖδ,
1789 4692 1821 4742 ό
1853 4690 2018 4743 ἐνδο-

360 4767 676 4839 ξαζϋμενος
699 4770 770 4823 ἐν
788 4769 992 4840 βουλῇ
1017 4772 1217 4842 ἁγίων,
1237 4774 1423 4843 μέγας
1453 4776 1549 4828 καί
1581 4778 1826 4844 φοϐερός
1851 4777 2019 4830 ἐστιν

361 4856 456 4909 ἐπὶ
489 4857 720 4925 πάντας
745 4856 886 4926 τοὺς
916 4861 1254 4928 περικύκλῳ
1275 4862 1478 4916 αὐτοῦ.
1499 4863 1621 4916 Ἐάν
1653 4864 1734 4937 ἴδῃ
1763 4865 2015 4928 πεσόντα,

363 4946 590 4999 ἐκτείνει
633 4949 788 5018 χεῖρα
819 4947 1223 5019 φιλανθρωπίας
1244 4963 1259 4978 ⁶
1293 4949 1386 5002 ἐὰν
1433 4949 1518 5022 ἴδῃ
1565 4951 1790 5006 ἑστῶτα.
1823 4953 2018 5019 ἐπάγει

363 5030 556 5098 φόϐον·
601 5034 695 5088 καὶ
739 5029 894 5088 τοῦτο
927 5034 1270 5106 δικαιοσύνης
1325 5037 1417 5089 καὶ
1470 5037 1880 5107 δικαιοκρισίας.
1916 5039 2018 5091 Τὸν

366 5118 465 5188 μὲν
497 5118 603 5192 γάρ
650 5120 854 5175 δίκαιον
884 5119 960 5193 τῷ
999 5123 1147 5193 φόϐῳ
1175 5122 1435 5194 στηρίξει,
1465 5123 1555 5176 τὸν
1598 5123 1653 5176 δὲ
1702 5123 2022 5194 ἁμαρτωλὸν

363 5207 428 5275 τῇ
475 5207 850 5281 φιλανθρωπίᾳ
897 5210 1216 5281 διεγείρειιι.
1257 5211 1366 5262 Καὶ
1399 5209 1570 5273 θέλεις
1609 5211 1774 5264 αὐτοῦ
1820 5213 2020 5279 γνῶναι

367 5293 462 5362 τὴν
499 5293 751 5365 εὔκαιρον
784 5293 1093 5368 ἁγαθότητα
1121 5297 1214 5352 καὶ
1263 5296 1359 5367 τὴν
1405 5296 1702 5367 εὔχρηστον
1733 5300 1824 5351 καὶ
1855 5301 1997 5369 ἁρμό

366 5376 563 5440 ζουσαν
588 5382 720 5451 ἡμῖν
747 5383 1081 5455 ἀποτομίαν;
1124 5385 1362 5456 Πρόσεχε
1393 5384 1655 5456 ἀκριϐῶς.
1701 5386 1774 5457 μή
1819 5404 1877 5439 σε
1911 5387 2022 5440 δια-

367 5465 512 5539 φύγῃ
539 5467 638 5538 τῆς
661 5467 890 5540 θεωρίας
926 5471 987 5551 τὸ
1018 5472 1244 5543 μέγεθος
1264 5489 1278 5504 ⁶
1305 5476 1337 5545 ἡ
1372 5472 1686 5545 ἁμαρτωλὸς
1725 5473 1905 5543 ἐκείνη
1927 5490 2024 5542 γυο

425 5629 456 5700 ξ
482 5628 614 5700 Unus:
631 5628 754 5700 Rgg.
781 5631 1441 5700 inéyegpéwvﬁugmocﬁm;
1459 5635 1539 5700 καί
1565 5632 1920 5700 δικαιοκρισίας·
1944 5635 2023 5684 καὶ

366 5693 535 5742 τοῦτον
559 5694 624 5758 τῷ
648 5694 778 5756 φόϐῳ
803 5693 1049 5756 στηρίζων,
1073 5693 1288 5743 κάκεῖνον
1310 5702 1366 5759 τῇ
1383 5695 1695 5760 φιλανθρωπία
1724 5693 1926 5757 ἐγείρων.

1110 269 1166 325 S.
1207 267 1488 325 JUANNIS
1520 265 2015 326 CIIRYSOSTOMI
2049 265 2370 324 ABCHIEP.
2410 267 2954 326 οοκδτΑατιΝοΡ.

3651 278 3757 333 526

2098 380 2166 454 νὴ
2217 385 2250 453 ἡ
2284 385 2749 458 μεμαρτυρημένη
2778 387 2871 440 ἐπὶ
2904 386 3051 458 πάσῃ
3082 387 3326 459 ἁμαρτία
3353 390 3447 443 καὶ
3474 391 3693 463 ἀνομίᾳ,
3719 396 3756 464 ﬁ

2095 476 2329 531 τοσαῦτα
2368 480 2765 550 ⁹ἁμαρτήσασα,
2799 477 2894 531 καὶ
2940 478 3212 543 τοσούτοις
3245 480 3528 551 ἁμαρτιῶν
3573 481 3756 552 ἔργοις

2095 564 2408 634 ὲνεχομένη,
2441 564 2710 634 διψήσασα
2736 566 2833 635 τὴν
2863 568 2928 619 ὲκ
2963 567 3248 636 μετανοίας
3271 568 3543 637 σωτηρίαν
3568 569 3756 623 ὑπεισ-

2094 652 2223 722 ⁴ἦλθε
2241 651 2317 722 τῷ
2339 653 2622 723 συμποσίῳ
2637 652 2746 706 τῶν
2767 654 2936 722 ἁγίων
2955 672 2971 685 ο
2999 654 3148 708 καλῶ
3167 654 3223 708 δὲ
3245 656 3544 726 συμπόσιον
3563 659 3752 726 ἁγίων,

2095 739 2281 811 ἐπειδὴ
2315 741 2496 811 παρῆν
2513 743 2543 794 6
2567 741 2752 809 ’Ἄγιος
2775 741 2884 795 τῶν
2906 741 3094 811 ἁγίων.
3127 741 3232 796 Τοῦ
3266 744 3373 813 γὰρ
3396 745 3647 814 Σωτῆρος
3667 761 3756 797 και-

2093 827 2315 880 τακεκλι
2325 827 2481 897 μένου
2510 829 2566 880 ὲν
2587 828 2664 893 τῷ
2695 828 2829 898 οἴκῳ
2855 827 3094 899 Σίμωνος
3114 829 3208 882 τοῦ
3235 830 3549 900 Φαρισαίου,
3567 830 3757 883 ὑπεισ-

2095 914 2254 983 ῆλθεν
2277 916 2308 984 ἡ
2333 915 2467 986 γυνὴ
2492 917 2523 986 ἡ
2545 917 2865 986 ἁμαρτωλὸς
2886 917 3087 987 ἐκείνη,
3112 918 3206 970 καὶ
3230 917 3341 970 τῶν
3359 918 3536 970 ποδῶν
3554 919 3759 988 ἥπτετο

2094 1001 2188 1055 τοῦ
2228 1003 2498 1073 Σωτῆρος,
2527 1004 2620 1056 καὶ
2661 1005 2772 1067 τοῖς
2808 1004 3067 1075 δάκρυσιν
3100 1004 3405 1058 ἁπέπλυνεν
3431 1006 3599 1060 αὐτοῦ
3631 1010 3760 1069 τοὺς

2099 1091 2282 1154 πόδας,
2314 1091 2406 1143 καὶ
2444 1094 2563 1154 ταῖς
2592 1091 2764 1162 θριξὶν
2794 1093 3087 1162 ὲξέματτε·
3118 1093 3212 1146 καὶ
3235 1095 3333 1164 τὴν
3355 1095 3627 1156 τοσούτοις
3664 1110 3758 1145 κε-

2096 1179 2384 1249 χωσμένην
2416 1179 2774 1250 ἁμαρτήμασι
2807 1180 3140 1250 διανίστησιν
3167 1183 3196 1233 6
3238 1180 3635 1250 φιλάνθρωπος,
3672 1180 3761 1232 λέ-

2096 1282 2206 1332 γων
2224 1282 2237 1296 ⁸
2285 1267 2590 1334 Ἀφέωνται
2617 1266 2806 1334 αὐτῆς
2827 1272 2885 1322 al
2909 1268 3204 1336 ἁμαρτίαι.
3234 1268 3306 1321 Οὐ
3338 1269 3445 1339 γὰρ
3472 1268 3761 1338 πρόκειταί

2101 1370 2189 1423 μοι
2218 1353 2312 1407 νῦν
2340 1355 2586 1418 ἐξετάσαι
2615 1357 2792 1407 πᾶσαν
2820 1355 2917 1425 τὴν
2944 1355 3203 1424 ἱστορίαν,
3232 1354 3365 1408 ἀλλὰ
3413 1355 3578 1424 μόνην
3616 1372 3762 1423 παρ·-

2099 1445 2321 1510 αγαγεῖν
2339 1441 2366 1480 δ
2388 1444 2486 1512 τὴν
2512 1443 2984 1514 μαρτυρίαν.”ορα
3009 1441 3184 1495 τοίνυν
3205 1441 3301 1512 τὴν
3329 1442 3606 1510 δαψίλειαν
3625 1459 3640 1472 ·
3675 1437 3758 1496 Οὗ

2099 1527 2274 1596 χάριν
2319 1528 2473 1597 λέγω
2521 1545 2640 1590 σοι,
2699 1528 2990 1597 ἀφέωνται
3035 1527 3226 1596 αὐτῆς
3270 1532 3328 1582 al
3369 1529 3645 1596 ἁμαρτίαι
3699 1531 3759 1581 ιιι

2098 1618 2339 1682 πολλαὶ,
2368 1617 2456 1670 ὅτι
2490 1618 2646 1671 πολὺ
2680 1617 2974 1686 ἠγάπησε.
3003 1616 3281 1670 Τοσούτων
3312 1613 3404 1670 οὖν
3425 1616 3758 1686 ἁμαρτημάο

2097 1722 2206 1758 των
2235 1705 2534 1775 ἀμνηστίαν
2568 1706 2861 1772 ἐκομίσατο
2897 1706 2931 1775 ή
2964 1703 3288 1776 ἁμαρτωλὸς
3313 1705 3470 1773 γυνή.
3503 1705 3612 1756 Καὶ
3643 1705 3762 1756 Μα-

2103 1791 2188 1862 ρία
2216 1791 2292 1857 δὲ,
2331 1795 2363 1863 ἡ
2400 1791 2600 1862 ἀδελφὴ
2635 1793 2929 1855 Μωῦσέως,
2973 1790 3062 1844 διά
3097 1782 3288 1862 μικρὸν
3319 1791 3633 1860 γογγυσμὸν
3673 1790 3762 1842 λέο

2100 1895 2213 1949 πρᾳ
2233 1878 2671 1942 καταδικάζεται.
2691 1879 2814 1941 Τοῖς
2834 1878 3202 1948 ἁμαρτάνουσι
3228 1878 3407 1944 λέγει’
3442 1876 3585 1932 Ἐὰν
3607 1873 3764 1931 ὦσιν

2097 1968 2157 2019 σί
2189 1965 2462 2035 ἁμαρτίαι
2494 1966 2660 2036 ὑμῶν
2682 1966 2762 2032 ὡς
2790 1967 3090 2029 κόκκινον,
3111 1967 3191 2031 ὡς
3219 1966 3391 2032 χιόνα
3410 1975 3433 2004 ο
3461 1963 3756 2018 λευκανῶο

2099 2055 2193 2108 καὶ
2221 2053 2541 2126 μεταϐάλλει
2590 2054 2652 2108 τὸ
2697 2055 2885 2117 σκότος
2931 2055 3010 2117 είς
3059 2054 3195 2124 φῶς,
3222 2051 3288 2124 τῇ
3341 2051 3612 2124 μεταϐολῇ
3663 2053 3761 2120 τῆς
3819 2069 3825 2074 ·

2101 2143 2403 2213 μετανοίας,
2441 2143 2534 2196 καὶ
2580 2143 2846 2214 τοσαύτην
2891 2143 3076 2196 κακῶν
3122 2141 3380 2210 ἀφθονίαν
3434 2138 3640 2192 διαλύει
3692 2142 3757 2209 τῇ

2100 2233 2248 2301 φωνῇ
2288 2230 2389 2300 τῆς
2422 2230 2754 2302 ἀγαθότητος
2776 2248 2790 2261 ο
2824 2231 2958 2301 πρὸς
2985 2230 3040 2283 δὲ
3064 2229 3153 2282 τὸν
3183 2231 3240 2281 ὲν
3269 2227 3582 2300 δικαιοσύνῃ
3611 2226 3760 2296 βαδί-

2100 2317 2262 2380 ζοντά
2291 2333 2484 2387 φησιν’
2521 2319 2617 2382 Ὃς
2651 2315 2728 2370 ἂν
2751 2316 2892 2384 εἴπῃ
2935 2315 3014 2381 τῷ
3054 2314 3293 2384 ἀδελφῷ
3325 2315 3532 2378 αὐτοῦ,
3572 2314 3758 2380 Μωρέ,

2100 2404 2312 2473 ἔνοχός
2338 2407 2466 2458 ἐστι
2487 2405 2560 2473 τῇ
2587 2407 2800 2474 γεέννῃ
2833 2404 2939 2458 τοῦ
2962 2407 3171 2471 πιεοός.
3189 2404 3301 2456 Ἑνὶ
3334 2404 3536 2474 ῥήματι
3570 2402 3764 2454 τοσαύ-

2099 2510 2199 2562 την
2225 2493 2489 2564 ὲπέθηκεν
2511 2494 2810 2564 ἀκρίϐειαν,
2838 2493 2929 2545 καὶ
2957 2491 3227 2555 τοσούτοις
3258 2492 3618 2562 ἁμαρτήμασι
3637 2505 3761 2542 τοσ-

2103 2576 2270 2650 αύτην
2301 2584 2489 2651 μετρεῖ
2511 2579 2606 2651 τὴν
2631 2581 2910 2648 ἀφθονίαν.

2172 2667 2275 2721 Καὶ
2304 2667 2489 2740 ’ἐτερόν
2515 2686 2602 2739 μοι
2622 2667 2892 2740 σκόπησον
2915 2667 3240 2739 θαυμαστόν,
3261 2666 3476 2737 Ἐπειδὴ
3495 2666 3564 2719 τὰ
3585 2667 3765 2736 ἁμαρο

2102 2755 2322 2824 τήματα
2341 2755 2416 2818 ώς
2440 2754 2728 2826 ὀφλήματα
2755 2756 3145 2827 άναγράφεται,
3168 2756 3279 2817 τοῖς
3301 2753 3400 2823 μὲν
3422 2753 3766 2824 ἁμαρτωλοῖς

2104 2843 2197 2895 καὶ
2223 2842 2284 2894 τὸ
2315 2842 2603 2911 κεφάλαιον
2649 2845 2919 2912 συγχωρεῖ
2957 2841 3303 2912 μετανοοῦσι·
3357 2841 3502 2912 παρὰ
3549 2840 3607 2892 δὲ
3661 2841 3768 2893 τῶν

2103 2929 2324 2984 δικαίων
2353 2931 2447 2984 καὶ
2472 2931 2658 2994 τόκους
2685 2931 2922 2984 ἀπαιτεῖ.
2959 2930 3268 3000 Προσῆλθεν
3313 2929 3458 2998 αῦτῷ
3500 2946 3768 3000 χρεωφει-

2105 3016 2264 3086 λέτης
2309 3016 2516 3070 πολλῶν
2565 3017 2862 3078 ταλάντων,
2903 3019 2993 3071 καὶ
3047 3018 3121 3081 ὡς
3170 3020 3234 3088 τῇ
3293 3017 3551 3088 μετανοίᾳ
3575 3017 3674 3070 καὶ
3703 3019 3766 3087 τῇ

2106 3101 2273 3175 πολλῇ
2313 3099 2489 3176 ἱκεσίᾳ
2528 3104 2844 3176 ὲδυσώπησε
2887 3107 2987 3176 τὴν
3029 3105 3203 3177 δίκην,
3241 3105 3334 3159 καὶ
3363 3102 3483 3158 εἷπε
3507 3119 3521 3132 ·
3568 3107 3769 3172 Κύριε.

2101 3193 2568 3262 μακροθύμησον
2611 3193 2703 3245 ἐπ’
2729 3193 2878 3260 ἐμοὶ,
2921 3193 3021 3247 καὶ
3073 3192 3269 3246 πάντα
3312 3190 3622 3246 ἀποδώσω.
3657 3193 3772 3245 Οὐκ

2107 3279 2358 3349 ἀνέμεινε
2405 3284 2502 3350 τὴν
2546 3280 2796 3334 ἀπόδοσιν
2827 3282 2855 3333 6
2885 3280 3277 3350 φιλάνθρωπος,
3311 3279 3446 3332 ἀλλὰ.
3468 3280 3570 3348 τὴν
3593 3279 3773 3348 ἐξομο-

2108 3363 2328 3436 λόγησιν
2355 3365 2504 3418 λύσιν
2537 3367 2756 3435 ἐποίησε
2785 3366 2877 3420 τοῦ
2908 3367 3216 3437 ὀφλήματος
3236 3383 3250 3397 ·
3283 3365 3358 3436 τῷ
3385 3365 3640 3436 όφειλέτῃ
3665 3366 3773 3418 τῶν

2114 3454 2319 3525 μυρίων
2349 3453 2622 3507 ταλάντων
2648 3455 2823 3508 πάντα
2853 3454 3193 3524 συνεχώρησε
3223 3453 3315 3506 καλ⁵
3341 3452 3472 3506 αὐτὸ
3493 3452 3556 3505 τὸ
3601 3454 3772 3521 κεφά-

2109 3540 2276 3595 λαιον.
2315 3541 2472 3612 Παρὰ
2510 3542 2567 3595 δὲ
2610 3541 2718 3594 τῶν
2764 3541 2988 3595 δικαίων
3016 3540 3408 3610 ἐπαγγέλλεται
3453 3541 3548 3594 καὶ
3584 3541 3774 3604 τόκους

2111 3629 2392 3683 ἀπαιτεῖνο
2422 3629 2524 3683 Διὰ
2562 3629 2620 3682 τί
2664 3628 2772 3698 γὰρ
2810 3631 2918 3682 οὐκ
2955 3629 3210 3682 ἐδώκατε
3251 3630 3318 3683 τὸ
3347 3630 3635 3699 ἀργύριόν
3656 3648 3775 3697 μου

2111 3715 2236 3782 τοῖς
2263 3715 2626 3783 τραπεζῖταις
2643 3715 2668 3756 ά
2698 3732 2712 3746 ο
2759 3716 2918 3784 κάγὼ
2943 3715 3135 3770 ἐλθὼν
3174 3715 3295 3768 σὺν
3319 3717 3518 3782 τόκοις
3549 3717 3776 3783 ἀπῄτη-

2113 3820 2229 3866 σα;
2263 3802 2446 3856 Ταῦτα
2489 3803 2653 3871 λέγω,
2685 3803 2782 3873 οὐχ
2809 3803 2882 3865 ὠς
2909 3802 3001 3856 τοῦ
3033 3800 3166 3854 Θεοῦ
3210 3802 3346 3872 πρὸς
3381 3803 3508 3864 τοὺς
3534 3803 3776 3864 δικαίους

2117 3888 2263 3960 [550]
2298 3889 2545 3959 ἀπεχθῶς
2573 3889 2942 3958 διακειμένων
2971 3888 3123 3942 οὐδὲν
3151 3887 3262 3957 γὰρ
3307 3887 3384 3957 τῷ
3417 3887 3536 3957 Θεῷ
3582 3888 3676 3940 τοῦ
3702 3890 3778 3940 δι-

2115 3977 2267 4030 καίου
2299 3975 2666 4047 ποθεινότερον
2690 3991 2707 4007 ·
2746 3976 2881 4037 ἀλλ’,
2908 3975 2978 4038 ὡς
3010 3974 3178 4045 ἔφθην
3211 3973 3398 4034 εἰπὼν,
3437 3975 3777 4044 παραμυθεῖ-

2113 4080 2202 4116 ται
2226 4064 2316 4117 τὸν
2349 4063 2688 4134 ἁμαρτωλὸν,
2725 4063 2809 4115 ἵνα
2835 4062 3074 4134 διεγεὶρῃ
3095 4079 3107 4091 ο
3145 4061 3299 4129 φοϐεῖ
3325 4062 3414 4114 καί⁸
3435 4062 3525 4114 τὸν
3547 4063 3777 4127 δίκαιον,

2116 4150 2201 4203 ἵνα
2237 4150 2461 4222 στηρίξῃ
2481 4164 2494 4179 ⁶
2525 4149 2618 4203 καὶ
2647 4151 2760 4209 τοῖς
2797 4150 2894 4218 μὲν
2919 4149 2987 4201 τὰ
3022 4148 3189 4202 πολλὰ
3224 4153 3493 4219 συγχωρεῖ
3521 4150 3780 4220 πλημμε-

2115 4236 2329 4307 λήματα
2359 4237 2432 4300 ὼς
2458 4235 2669 4308 ἐχθροῖς
2694 4237 2786 4288 καὶ
2816 4236 3267 4306 πεφυσιωμένοις,
3297 4238 3409 4298 τοῖς
3434 4236 3492 4288 δὲ
3522 4237 3618 4288 καὶ
3652 4241 3781 4307 περὶ

2116 4323 2221 4377 τῶν
2245 4323 2512 4393 τυχόντων
2543 4323 2993 4394 ἀκριϐολογεῖται,
3039 4323 3204 4393 μηδὲν
3248 4324 3425 4386 αὐτοῖς
3464 4323 3682 4387 ἐλλιπὲς
3708 4319 3778 4376 εἷ’

2117 4428 2203 4465 ναι
2232 4410 2545 4481 βουλόμενος
2578 4411 2656 4473 εἰς
2681 4409 3051 4480 ἁκρότητα.Ὃ
3077 4411 3183 4482 γάρ
3220 4411 3364 4462 ἐστιν
3403 4413 3460 4462 ὲν
3490 4409 3568 4480 τῷ
3591 4412 3783 4482 κόσμῳ

2116 4495 2289 4567 τόύτῳ
2329 4495 2599 4560 πλούσιος,
2631 4496 2788 4549 τοῦτο
2815 4496 2891 4563 τῷ
2924 4496 3041 4566 Θεῷ
3066 4497 3300 4560 δίκαιος·
3332 4497 3424 4549 καὶ
3471 4497 3499 4549 ὅ
3540 4499 3692 4550 ἐστιν
3725 4499 3781 4549 ἐν

2116 4583 2193 4655 τῷ
2224 4584 2411 4655 κόσμῳ
2436 4582 2623 4653 πένης,
2648 4582 2803 4635 τοῦτο
2831 4584 2907 4653 τῷ
2935 4583 3052 4653 Θεῷ
3077 4583 3393 4654 ἁμαρτωλός
3453 4584 3606 4636 οὐδὲν
3638 4601 3782 4635 πτω-

2117 4675 2335 4743 χότερον
2359 4670 2450 4725 τοῦ
2488 4673 2907 4743 ἁμαρτάνοντος,
2943 4673 3034 4724 καὶ
3064 4671 3214 4725 οὐδὲν
3256 4671 3656 4741 πλουσιώτερον
3687 4671 3778 4724 τοῦ

2117 4760 2648 4831 δικαιοπραγοῦντος.
2681 4761 2777 4813 Διὰ
2806 4761 2963 4813 τοῦτο
2994 4761 3123 4831 περὶ
3164 4760 3259 4830 μὲν
3292 4759 3397 4812 τῶν
3442 4761 3502 4812 ἐν
3529 4759 3780 4828 εὐσεϐείᾳ

2119 4849 2213 4902 καὶ
2263 4848 2484 4919 εὐθηνίᾳ
2527 4848 2819 4916 διαγόντων
2871 4849 3033 4917 φησὶν
3070 4851 3098 4901 6
3130 4847 3371 4909 Παῦλοςο
3425 4845 3780 4915 Εἰιχίιριστῶ

2119 4937 2199 5001 τῷ
2248 4937 2388 4999 Θεῷ,
2421 4936 2508 4990 ὅτι
2556 4937 2624 4990 ἐν
2671 4935 2848 4988 παντί
2891 4937 3325 4997 ἐπλουτίσθητε
3374 4936 3442 4988 ἐν
3485 4934 3670 5000 αὐτῷ,
3714 4935 3780 4987 ἐν

2120 5023 2295 5076 παντὶ
2329 5025 2487 5091 λόγῳ
2519 5024 2613 5076 καὶ
2659 5023 2826 5090 πάσῃ
2855 5023 3089 5091 γνώσει.
3121 5024 3254 5093 Περὶ
3295 5024 3349 5076 δὲ
3381 5024 3489 5076 τῶν
3521 5023 3774 5076 ἀσεϐούν-

2120 5129 2226 5164 των
2267 5114 2293 5164 6
2329 5112 2593 5182 μακάριος
2638 5112 2904 5182 Ἱερεμίας
2949 5111 3126 5179 λέγει·
3161 5113 3336 5177 Ἴσως
3374 5113 3603 5181 πτωχοί
3638 5114 3771 5173 εἰσι,

2122 5199 2218 5254 διὰ
2277 5199 2444 5253 τοῦτο
2493 5203 2602 5254 οὐκ
2649 5201 2947 5267 ἠδύναντο
2999 5199 3241 5253 ἀκούειν
3303 5201 3491 5268 λόγον
3538 5200 3772 5266 Κυρίου.

2135 5287 2293 5361 Ὁρᾷς
2324 5290 2468 5352 ὅπως
2502 5290 2745 5358 πτωχοὺς
2775 5289 2930 5342 καλεῖ
2975 5289 3096 5352 τοὺς
3143 5287 3655 5360 ἁπεσχοινισμὲνους
3679 5284 3774 5355 τῆς

2188 5509 2214 5548 b
2238 5508 2330 5570 Alli
2369 5507 2686 5570 παρεισάγειν.

2190 5572 2212 5600 °
2245 5569 2379 5617 [fnus
2406 5563 2522 5629 μελε.
2552 5563 2613 5622 ὥς
2639 5565 2891 5627 φοινικοῦν,
2931 5568 2993 5622 ὡς
3014 5566 3166 5629 χιόνα.
3196 5563 3321 5629 Ιηίτε
3353 5563 3484 5614 idem
3512 5565 3773 5629 βαδίζοντα,

2124 5632 2167 5680 τί
2192 5647 2330 5690 φησιν
2354 5632 2380 5678 6
2400 5631 2459 5677 τὰ
2480 5626 2629 5676 πολλά
2651 5626 2920 5690 χαρίσματα
2945 5626 3114 5687 διδοὺς,
3136 5627 3185 5682 ὃς
3216 5626 3289 5673 ἀν.

2242 5693 2362 5753 Ιὶιιε.
2391 5705 2512 5739 unus
2535 5693 2595 5746 εἰς
2612 5692 2854 5752 τράπεζαν.
