4036 6206
498 273 599 330 527

495 396 600 442 tate
625 384 830 440 dissiti?
855 383 1166 439 Peccatorcs
1195 382 1352 453 igitur
1379 382 1529 452 quasi
1559 395 1818 451 pauperes
1844 380 2068 434 misera-

494 489 596 542 tur,
628 487 682 533 et
709 493 738 531 a
770 476 928 545 justis
949 476 1092 544 quasi
1114 491 1141 528 a
1168 474 1417 528 divitibus
1440 473 1697 528 rationem
1720 471 1916 541 exigit;
1945 469 2071 540 ipsis

490 570 702 640 quidem
720 569 787 622 ob
803 575 1166 637 paupertatem
1184 565 1463 634 elargieus,
1477 565 1543 618 ab
1561 565 1662 618 illis
1683 579 1808 618 vero
1824 564 1891 616 ob
1909 563 2072 630 pieta-

491 662 557 715 lis
586 661 794 715 divitias
815 675 934 713 cum
963 659 1123 712 multa
1146 659 1480 712 accuratione
1503 658 1733 710 rationes
1754 669 2066 723 exposcens.

488 752 638 820 Quod
665 762 838 806 autem
874 749 998 804 facit
1041 750 1180 804 circa
1215 749 1387 818 justos
1412 756 1466 802 et
1495 757 1818 817 peccatores,
1842 745 2067 816 idipsum

489 845 613 899 facit
655 846 794 898 circa
839 843 1026 896 divites
1072 849 1124 894 et
1172 854 1430 908 pauperes
1471 855 1484 891 :
1522 854 1585 891 ac
1623 835 2068 907 quemadmodum

489 949 816 1007 peccatorem
840 950 932 1005 per
949 934 1282 988 clementiam
1305 930 1783 999 excitat,etjustum
1801 945 1892 998 per
1918 943 2071 980 seve-

485 1030 694 1084 ritatem
729 1039 910 1091 terret,
942 1028 1020 1081 sic
1047 1037 1100 1080 et
1131 1027 1180 1079 in
1210 1026 1390 1079 mundi
1429 1025 1652 1093 negotiis
1677 1039 1824 1076 suam
1850 1023 2069 1090 dispen-

484 1121 741 1174 sationem
777 1120 1100 1172 moderatur.
1123 1117 1178 1171 Si
1200 1117 1389 1170 viderit
1415 1115 1755 1185 dignitatibus
1785 1113 2065 1184 fulgentes,

485 1229 658 1284 reges,
679 1213 964 1281 principes,
989 1217 1246 1280 quotquot
1281 1208 1476 1262 divitiis
1503 1207 1746 1271 afﬂuunt,
1775 1207 1871 1259 hos
1902 1214 2068 1260 terro-

485 1323 595 1360 rem
627 1307 888 1359 incutiens
916 1303 1398 1373 allequitur,atque
1422 1301 1618 1354 utiliter
1646 1299 1887 1367 potestati
1912 1299 2067 1352 timo-

486 1415 597 1454 rem
627 1398 863 1452 immittit
890 1415 904 1452 :
939 1396 1005 1449 Et
1033 1411 1162 1450 nunc
1185 1413 1323 1465 reges
1342 1395 1618 1463 intelligite,
1649 1393 1916 1445 erudimiui
1953 1407 2066 1444 om-

485 1507 570 1543 urs
595 1491 682 1560 qui
711 1490 960 1560 'judit'atis
1003 1499 1205 1542 terram.
1241 1487 1432 1539 Servite
1477 1485 1694 1537 Domino
1719 1485 1772 1536 in
1801 1484 1994 1546 timore,
2022 1491 2069 1535 et

484 1584 729 1637 eisultute
767 1583 813 1636 ei
851 1598 963 1635 cum
992 1579 1388 1649 tremore(Psal.
1419 1579 1472 1632 9..
1509 1578 1624 1648 10);
1658 1578 1905 1645 quoniam
1957 1574 2069 1629 Rex

483 1685 554 1727 est
599 1691 794 1743 regum,
827 1683 872 1726 et
920 1673 1164 1725 Dominus
1209 1671 1575 1723 dominantium
1603 1671 1676 1737 (ί.
1709 1667 1843 1722 Tim.
1867 1670 1918 1723 6.
1950 1665 2061 1738 15).

482 1762 581 1819 Ubi
629 1763 906 1832 imperium
951 1772 1031 1814 est
1076 1760 1370 1830 potestatis,
1404 1760 1471 1813 ibi
1521 1759 1668 1828 regni
1697 1759 1776 1811 sui
1806 1767 2062 1811 terrorem

483 1854 703 1920 imponit
731 1869 746 1907 :
777 1853 862 1904 tibi
897 1867 1023 1903 vero
1053 1850 1322 1903 humilitas
1371 1850 1604 1913 vilitatis,
1656 1848 1725 1901 ibi
1768 1846 2061 1902 remedium

484 1942 681 2011 profert
709 1958 819 1996 suae
851 1940 1209 2008 benignitatis.
1240 1941 1377 1994 Deus
1412 1940 1552 1993 enim
1592 1950 1674 1993 est
1715 1939 1799 1992 hic
1841 1952 2062 2006 magnus

480 2037 592 2089 llex
620 2050 801 2104 regum
829 2075 843 2101 ,
878 2047 930 2087 et
963 2034 1215 2086 Dominus
1244 2033 1647 2086 dominantium.
1695 2032 1789 2085 llic
1813 2032 1924 2099 ipse
1945 2047 2064 2082 rur-

477 2143 594 2180 sum
618 2125 683 2180 de
710 2141 802 2178 sua
833 2125 1085 2193 dignitate
1113 2124 1460 2185 descendens,
1481 2122 1746 2176 invenitur
1771 2121 2060 2175 secundum

476 2229 710 2270 sanctam
737 2216 1058 2283 Scriptorum
1091 2214 1246 2267 Pater
1287 2214 1666 2282 orphanorum.
1701 2221 1753 2267 et
1781 2211 1950 2267 Judex
1979 2212 2059 2264 vi-

477 2309 696 2362 duarum
731 2307 900 2380 (Psal.
930 2309 1017 2361 67.
1050 2308 1128 2377 6),
1161 2306 1274 2360 Rex
1321 2322 1527 2376 regum.
1569 2306 1822 2374 Princeps
1864 2304 2062 2374 princi-

476 2418 620 2470 pum,
653 2402 986 2454 dominorum
1021 2399 1292 2452 Dominus.
1328 2397 1490 2452 Vides
1517 2396 1734 2450 multam
1763 2397 2060 2450 clementia:

475 2493 810 2547 ubertatem?
838 2492 984 2545 vides
1015 2491 1194 2544 utilem
1224 2499 1420 2543 metum
1453 2489 1660 2558 pietatis
1688 2497 1741 2540 et
1772 2486 2059 2555 potentitn‘l

480 2581 577 2638 Ubi
601 2598 826 2652 namque
857 2583 985 2636 vidit
1017 2581 1303 2650 potentiam
1332 2578 1396 2634 ad
1426 2581 1661 2634 solamen
1685 2579 1952 2642 suflicere,
1987 2577 2055 2632 ibi

472 2687 670 2730 metum
699 2675 763 2728 ad
789 2675 1063 2728 utilitatem
1087 2674 1336 2741 imposuit
1358 2692 1372 2726 :
1393 2673 1476 2726 ubi
1496 2689 1623 2726 vero
1645 2671 1776 2726 vidit
1801 2671 2055 2740 orphani-

472 2775 634 2820 tatem
679 2767 898 2828 vilitate,
930 2775 983 2818 et
1008 2773 1372 2832 paupertatem
1421 2763 1786 2818 imbecillitate
1833 2763 2058 2816 viduita-

473 2860 568 2914 tis‘
596 2858 948 2923 debilitatam,
977 2858 1310 2912 clementiam
1343 2857 1407 2910 ad
1436 2859 1850 2914 consolationem
1899 2858 2054 2912 adhi-

472 2953 602 3007 huit.
647 2952 756 3023 Ego
805 2951 960 3006 Pater
998 2953 1360 3021 orphanorum.
1410 2951 1526 3005 Duo
1567 2950 1708 3018 facit,
1737 2961 1789 3006 et
1816 2951 2056 3021 benigni-

471 3054 631 3098 tatem
678 3044 931 3109 ostendit,
975 3052 1030 3098 et
1078 3044 1363 3112 potentiam
1408 3044 1578 3113 punit.
1625 3043 1787 3097 Vocat
1819 3044 2052 3112 seipsum

470 3136 680 3189 Patrem
725 3134 1122 3204 orphanorum,
1171 3143 1228 3189 ut.
1272 3142 1327 3188 et
1371 3149 1498 3200 eos,
1541 3135 1626 3202 qui
1663 3134 1714 3187 in
1754 3133 2053 3188 calamitate

469 3227 738 3280 censtituti
796 3236 956 3290 sunt,
1005 3225 1330 3288 consoletur,
1376 3235 1428 3280 et
1475 3234 1718 3295 potentes
1759 3224 2048 3291 deterreat,

469 3333 537 3373 ne
581 3316 833 3386 orphauis
872 3316 1148 3385 viduiSque
1190 3317 1398 3371 molesti
1440 3318 1578 3382 sint;
1625 3316 2050 3386 quandoquidem

469 3426 613 3463 tuors
639 3409 778 3464 hunc
805 3418 973 3478 patre,
999 3409 1139 3463 illam
1171 3410 1285 3462 viro
1315 3410 1544 3473 orbavit,
1577 3419 1630 3462 et
1653 3424 1788 3478 quos
1813 3411 2051 3478 corrupit

466 3516 610 3555 mors
645 3501 933 3564 naturalis,
985 3501 1324 3569 benignitatis
1359 3501 1633 3554 decretum
1671 3503 1920 3555 restituit.
1956 3505 2052 3556 At-

465 3607 568 3662 que
606 3592 791 3646 eadem
826 3593 935 3661 ipsa
966 3593 1130 3660 gratia
1179 3591 1300 3646 huic
1339 3592 1555 3661 quidem
1600 3591 1746 3646 dedit
1792 3593 2046 3660 judicem,

466 3683 706 3752 orphano
732 3694 908 3737 autem
950 3690 1150 3751 patrem
1180 3682 1382 3752 Regem
1427 3693 1750 3737 sanctorum.
1782 3683 1985 3753 Itaque,
2014 3701 2047 3739 0

464 3776 658 3845 inique,
689 3779 782 3841 ait,
811 3775 854 3827 si
885 3774 1096 3827 viduam
1130 3774 1312 3840 lmdas,
1342 3773 1618 3828 viduarum
1649 3783 2042 3842 procuratorem

463 3882 753 3936 provocas;
785 3867 826 3919 si
859 3867 1126 3931 orphanos
1173 3880 1354 3926 vexes,
1403 3880 1564 3919 vexas
1606 3865 1745 3919 ﬁlios
1789 3865 1902 3919 Dei.
1935 3864 2046 3932 Ego

463 3977 578 4013 sum
603 3960 758 4013 Pater
787 3939 1166 4027 orphanorum,
1196 3967 1248 4010 et
1273 3956 1445 4011 Judex
1471 3958 1767 4011 viduarum.
1795 3959 1924 4024 Quis
1953 3974 2048 4012 au-

465 4063 568 4106 tem
617 4053 695 4106 sic
731 4050 902 4105 audax
945 4050 1010 4102 ad
1041 4050 1385 4118 impietatem,
1415 4059 1468 4102 ut
1496 4049 1632 4103 ﬁlios
1665 4051 1752 4102 Dei
1787 4049 1960 4111 lardat,
1992 4058 2048 4103 et

464 4145 634 4198 viduis
657 4143 755 4197 sub
790 4142 882 4196 Dei
910 4142 1070 4195 tutela
1101 4141 1284 4210 positis
1315 4139 1606 4193 molestiam
1641 4141 1846 4208 pariat?
1879 4140 2042 4194 Vides

463 4251 619 4304 quam
653 4233 853 4288 utiliter
882 4234 1091 4302 pietatis
1119 4232 1354 4287 remedia
1403 4241 1682 4300 praeparet,
1716 4241 1768 4286 et
1801 4233 1896 4285 hos
1923 4233 2044 4302 qui-

463 4327 583 4379 tlem
617 4333 833 4390 terreat,
864 4327 984 4378 illos
1025 4341 1156 4378 vero
1201 4324 1501 4385 miseretur,
1532 4339 1637 4375 non
1666 4323 1778 4391 ipse
1821 4322 2040 4390 divisus,

461 4417 556 4472 sed
584 4416 650 4470 ad
695 4416 966 4470 hominum
1013 4415 1327 4470 sententiam
1375 4413 1840 4468 accommodatus?
1883 4413 2042 4468 Nobis

463 4510 638 4577 itaque
668 4508 718 4562 in
750 4507 1040 4561 remedium
1067 4507 1131 4560 ad
1156 4507 1379 4560 salutem
1413 4506 1757 4560 adhibeamus
1791 4507 2043 4576 paeniten-

463 4602 588 4654 tiam
612 4617 627 4665 ;
658 4600 765 4654 imo
791 4601 965 4669 potius
985 4614 1014 4652 a
1035 4599 1142 4652 Deo
1159 4598 1480 4667 accipiamus
1508 4599 1866 4665 ptenitentiam
1889 4597 2042 4652 nobis

461 4691 785 4746 medentem.
817 4689 928 4744 Non
952 4691 1094 4744 enim
1125 4705 1222 4743 nos
1251 4689 1385 4745 hanc
1412 4690 1484 4743 illi
1510 4690 1801 4755 oderimus,
1833 4691 1925 4745 sed
1957 4691 2042 4744 ille

461 4783 614 4837 nobis
633 4798 747 4837 eam
775 4779 1208 4836 subministravit.
1233 4780 1390 4834 Vides
1417 4781 1532 4849 ejus
1562 4782 1613 4836 in
1644 4783 1759 4850 lege
1787 4783 2042 4838 severita-

461 4885 566 4931 tem
587 4875 612 4928 ἲ
637 4875 786 4929 vides
823 4873 938 4944 ejus
973 4890 1023 4928 Ill
1051 4875 1216 4942 gratia
1246 4873 1665 4944 benignitatem?
1702 4875 1834 4928 Cum
1861 4885 2039 4930 autem

459 4969 577 5023 dico
619 4968 954 5024 severitatem
1001 4969 1051 5021 in
1093 4969 1206 5037 lege
1232 5009 1245 5030 ,
1289 4983 1391 5021 non
1421 4968 1644 5023 detraho
1675 4968 1913 5038 judicio,
1945 4969 2040 5024 sed

456 5062 773 5130 evangelicae
803 5060 984 5130 gratia:
1012 5058 1347 5113 clementiam
1377 5059 1608 5126 pratdico
1637 5076 1650 5113 :
1681 5060 1928 5129 quoniam
1959 5062 2040 5116 lex

456 5152 570 5206 sine
591 5153 903 5207 remissione
925 5161 1234 5222 peccatores
1257 5150 1525 5219 puniebat,
1545 5152 1710 5220 gratia
1729 5167 1854 5206 vero
1877 5152 2039 5208 multa

456 5259 574 5296 cum
606 5245 999 5314 longanimitate
1028 5244 1203 5299 dilfert
1229 5243 1584 5313 supplicium,
1625 5253 1678 5297 ut
1711 5245 2039 5301 emendatio-

458 5350 577 5388 nem
601 5336 832 5390 inducat.
854 5337 1225 5390 Pmniteutiam
1245 5335 1420 5405 itaque
1440 5333 1808 5404 suscipiamus,
1830 5336 2036 5406 fratres,

458 5427 715 5482 medelam
741 5427 809 5482 ad
838 5429 1081 5494 salutem,
1105 5428 1456 5498 suscipiamus
1482 5426 1795 5482 medicinam
1825 5438 2038 5498 peccata

457 5529 638 5574 nostra
657 5517 944 5573 delentem.
964 5519 1201 5575 Poeniten
1211 5520 1279 5575 tia
1299 5531 1474 5575 autem
1495 5527 1597 5587 est,
1618 5535 1722 5576 non
1737 5534 1859 5592 qua:
1875 5518 2041 5576 verbo

525 5717 543 5749 ⁸
581 5716 744 5769 uorel.
771 5725 822 5768 ct
839 5717 998 5777 sani"
1023 5717 1230 5768 amentia
1253 5718 1509 5771 viduitatis.

1222 269 1278 325 S.
1317 269 1594 324 JO.\NNIS
1629 263 2053 324 CHRYSOSTO)

2162 263 2460 324 lliClHEP.
2502 267 3042 329 CQNSTANTINOP.

3662 282 3768 337 528

2183 379 2538 449 praedicatur,
2577 385 2672 438 sed
2709 401 2829 456 qua:
2856 390 3107 455 operibus
3143 390 3422 459 ﬁrmatur;
3458 397 3767 465 paenitentia

2181 479 2284 536 est,
2303 486 2421 542 qua:
2440 489 2503 527 ex
2530 475 2644 542 ipso
2664 477 2824 532 corde
2845 478 2988 533 delet
3016 482 3276 536 maculam
3306 484 3611 555 impietatis.
3634 490 3764 546 Nam

2179 559 2462 625 Lavamini.
2486 565 2676 636 inquit,
2699 571 2874 624 mundi
2893 582 3067 640 estote,
3096 579 3290 644 auferte
3312 579 3558 646 nequitias
3573 598 3762 636 excor-

2178 653 2323 708 dibus
2353 657 2525 710 vestris
2545 675 2577 711 a
2593 671 2861 728 conspectu
2885 666 3142 717 oculorum
3166 683 3388 720 meorum
3412 668 3460 740 (1
3467 673 3559 724 sai.
3579 674 3628 727 1.
3652 677 3761 742 16).

2178 743 2312 811 Quid
2343 747 2442 800 sibi
2472 748 2583 802 vult
2614 765 2674 804 ea
2711 752 2958 806 dictionis
2999 756 3391 813 redundantia?
3431 777 3551 814 nam
3591 763 3762 831 illudi,

2178 836 2388 907 Auferte
2427 842 2671 908 nequitias
2705 859 2766 896 ex
2793 845 3024 899 cordibus
3051 849 3221 901 vestris
3245 891 3258 913 ,
3289 866 3467 907 nonne
3494 857 3623 908 satis
3653 869 3768 912 erat

2175 928 2241 981 ad
2273 937 2436 983 totum
2469 932 2806 988 iudicandum
2829 937 2852 989 ?
2878 936 2982 991 Cur
3008 939 3248 1007 addidit,
3275 943 3316 995 Λ
3347 961 3613 1016 conspectu
3642 967 3770 1002 ocu-

2177 1019 2343 1072 lorum
2382 1038 2604 1076 meorum
2629 1026 2655 1077 ?
2682 1025 2943 1092 Quoniam
2972 1031 3078 1084 alio
3107 1033 3265 1087 modo
3290 1035 3468 1090 vident
3497 1040 3638 1093 oculi
3672 1041 3770 1095 ho-

2177 1110 2399 1175 minum,
2432 1113 2537 1167 alio
2565 1116 2752 1170 oculos
2784 1118 2875 1172 Dei
2907 1136 2919 1172 :
2955 1119 3122 1175 Homo
3146 1125 3287 1178 enim
3315 1128 3366 1180 in
3390 1131 3596 1198 faciem,
3626 1131 3768 1188 Deus

2175 1201 2225 1254 in
2246 1201 2368 1276 cor(
2386 1205 2436 1259 1.
2457 1204 2582 1277 Reg.
2611 1209 2696 1263 16.
2726 1208 2798 1279 7).
2824 1212 2901 1265 Ne
2928 1215 3102 1282 specie
3124 1257 3140 1282 ,
3173 1218 3360 1288 inquit,
3394 1227 3768 1291 paenitentiam

2173 1297 2516 1364 adultcrctis,
2552 1300 2646 1355 sed
2679 1309 2736 1355 'm
2779 1317 3065 1374 conspectu
3094 1311 3367 1366 oculorum
3399 1330 3644 1372 meorum
3673 1334 3768 1373 oc-

2173 1388 2314 1441 culta
2341 1393 2688 1447 scrutantium
2719 1396 2982 1451 ostendite
3009 1398 3205 1455 fructus
3235 1407 3582 1472 poenitentiae.

2255 1481 2310 1534 4.
2351 1481 2573 1552 Oportet
2595 1493 2773 1539 autem
2822 1503 2919 1542 nos
2965 1505 2994 1542 a
3051 1495 3285 1560 peccatis
3342 1509 3598 1567 purgatos
3647 1501 3768 1572 ipsa

2174 1585 2390 1639 peccata
2421 1585 2543 1629 ante
2572 1579 2755 1632 oculos
2784 1581 2999 1636 habere.
3027 1583 3440 1651 Quamviscnim
3473 1592 3612 1646 Deus
3647 1595 3766 1650 cle-

2171 1665 2366 1717 mentia
2409 1682 2500 1720 sua
2546 1681 2820 1738 peccatum
2860 1676 3160 1742 COIldOllt‘l,
3211 1690 3263 1733 tu
3308 1682 3386 1736 ad.
3415 1689 3768 1744 securitatem

2170 1756 2360 1809 anima:
2399 1765 2500 1812 tua:
2547 1776 2824 1830 peccatum
2869 1777 2991 1821 ante
3021 1771 3203 1826 oculos
3233 1772 3370 1827 habe
3401 1793 3416 1829 :
3444 1780 3766 1845 pra-ceden-

2172 1845 2298 1896 tium
2324 1849 2465 1902 enim
2492 1855 2751 1907 memoria
2779 1853 3071 1912 futurorum
3097 1861 3529 1930 impedimentum
3559 1880 3682 1924 est:
3710 1881 3768 1926 et

2168 1939 2257 2004 qui
2288 1939 2354 1992 de
2397 1943 2664 2008 prioribus
2708 1945 2996 2012 mordetur,
3025 1950 3089 2003 ad
3135 1957 3410 2021 sequentia
3458 1961 3766 2018 cautiorem

2167 2030 2380 2084 exhibet
2407 2046 2658 2088 mentem.
2691 2034 2919 2106 Ideoque
2946 2040 3135 2106 David,
3163 2041 3230 2094 Et
3253 2058 3509 2112 peccatum
3547 2067 3719 2105 nteant
3743 2091 3764 2118 ,

2167 2118 2366 2189 inquit,
2400 2134 2575 2177 contra
2603 2143 2679 2180 me
2703 2138 2772 2180 est
2810 2147 3004 2199 semper
3025 2131 3193 2200 (Psal.
3213 2135 3301 2190 50.
3333 2136 3410 2204 5),
3448 2151 3506 2192 ut
3545 2157 3764 2210 praece-

2165 2211 2340 2267 dentia
2363 2229 2486 2270 ante
2513 2220 2694 2273 oculos
2724 2222 2944 2289 habens,
2975 2240 3042 2278 ne
3069 2225 3264 2282 incidat
3290 2231 3340 2282 in
3371 2234 3567 2287 lntura.
3599 2236 3761 2303 Quod

2165 2312 2340 2359 autem
2387 2306 2524 2362 hunc
2567 2327 2596 2363 a
2642 2313 2793 2367 nobis
2846 2314 2980 2368 Deus
3027 2326 3221 2373 statmn
3273 2335 3545 2392 expetat,
3579 2329 3759 2398 ipsum

2165 2401 2285 2449 audi
2318 2399 2580 2455 dicentem
2615 2421 2626 2455 :
2663 2403 2772 2475 ligo
2799 2423 2916 2460 sum
2928 2410 3012 2480 qui
3040 2411 3182 2465 deleo
3209 2426 3414 2482 peccata
3439 2427 3546 2481 tua,
3576 2432 3622 2472 et
3651 2439 3761 2477 non

2164 2493 2465 2546 recordabar
2485 2510 2504 2548 :
2549 2505 2602 2547 tu
2646 2507 2814 2550 autem
2861 2503 3126 2557 recordare
3146 2545 3159 2567 ,
3210 2516 3256 2558 et
3286 2508 3598 2576 judicemur,
3631 2515 3761 2567 dicit

2162 2583 2410 2639 Dominus
2433 2602 2452 2638 .·
2472 2588 2553 2640 dic
2580 2599 2634 2640 tu
2658 2591 2798 2656 prius
2823 2604 3029 2660 peccata
3069 2605 3172 2660 tua,
3203 2608 3257 2650 ut
3273 2601 3572 2669 justi/iceris
3592 2604 3761 2674 (Isaia

2161 2675 2249 2731 45.
2270 2677 2488 2743 25.96).
2517 2679 2630 2733 Non
2653 2695 2925 2749 exspectat
2952 2685 3090 2740 Deus
3121 2697 3327 2758 tempus
3355 2707 3384 2744 a
3410 2697 3760 2762 pinnitentir

2163 2767 2347 2822 Dixisti
2376 2781 2650 2838 peccatum
2682 2783 2860 2841 tuum,
2887 2775 3208 2846 justificatus
3241 2797 3301 2836 es
3331 2801 3345 2837 :
3382 2787 3755 2852 pmnitentiam

2160 2860 2354 2928 egisti,
2399 2862 2816 2919 misericordiam
2865 2881 2924 2921 es
2959 2879 3341 2938 consequutus.
3375 2875 3488 2930 Non
3537 2887 3757 2948 tempus

2159 2964 2396 3018 excusat,
2423 2957 2517 3011 sed
2544 2960 2849 3028 paenitentis
2875 2978 3052 3019 mores
3077 2979 3349 3035 peccatum
3376 2974 3762 3043 exstinguunt.

2159 3044 2298 3098 Fieri
2349 3056 2557 3114 potest,
2621 3061 2676 3104 ut
2734 3055 2821 3121 qui
2877 3054 3042 3109 multo
3087 3067 3326 3126 tempore
3373 3065 3749 3130 excubaverit,

2157 3138 2382 3192 salutem
2415 3155 2518 3195 non
2545 3155 2921 3212 consequatur,
2945 3156 2999 3202 et
3027 3150 3234 3204 modico
3260 3161 3498 3221 tempore
3533 3160 3759 3216 sincere-

2158 3232 2467 3296 confessus,
2523 3244 2793 3302 peccatum
2850 3248 3029 3292 exuat.
3089 3239 3305 3296 Multum
3353 3251 3611 3315 temporis
3669 3253 3752 3305 in-

2156 3324 2381 3390 sumpsit
2438 3323 2652 3380 Samuel
2701 3343 2796 3396 pro
2850 3329 3008 3384 Same
3054 3333 3385 3403 deprecans,
3441 3340 3748 3413 multasque

2155 3425 2340 3469 noctes
2369 3417 2636 3472 insomnes
2669 3423 2922 3490 transegit
2955 3439 3048 3492 pro
3077 3429 3344 3493 peccantis
3370 3431 3575 3496 salute;
3605 3434 3761 3491 Deus-

2155 3517 2330 3560 autem
2356 3510 2575 3576 tempori
2609 3527 2710 3562 non
2739 3513 3052 3579 attendens,
3078 3518 3200 3583 quia
3229 3519 3503 3588 prophetze
3537 3527 3746 3592 suppli-

2153 3599 2293 3652 eatio
2331 3614 2437 3653 non
2480 3603 2829 3655 concurrebat
2883 3619 3002 3658 cum
3054 3611 3348 3674 peccatoris
3404 3615 3742 3681 pmoitcntia,

2154 3691 2426 3758 propheta:
2456 3707 2554 3746 suo
2582 3693 2748 3748 dixit:
2785 3693 3053 3768 Usquequo
3092 3708 3145 3750 tu
3191 3702 3330 3771 luges
3394 3703 3546 3769 Sail,
3576 3717 3623 3760 et
3650 3725 3763 3780 ego

2153 3780 2303 3851 rejeci
2325 3797 2435 3833 eum
2461 3783 2537 3852 (1.
2575 3782 2697 3854 Reg.
2751 3786 2837 3840 16.
2867 3788 2967 3856 1)?
2996 3788 3125 3842 Illud
3145 3831 3159 3856 ,
3189 3807 3440 3861 usquequo
3460 3837 3475 3859 ,
3530 3806 3747 3868 tempus

2153 3873 2420 3942 declarat,
2448 3886 2501 3930 et
2548 3878 2892 3946 supplicantis
2937 3887 3382 3950 perseverantiam
3412 3904 3428 3940 :
3455 3897 3509 3942 et
3545 3893 3751 3959 repulit

2154 3966 2292 4020 Deus
2324 3978 2528 4037 tempus
2554 3969 2940 4039 deprecationis
2971 3975 3276 4044 prophetae:
3310 3993 3414 4032 non
3442 3983 3588 4034 enim
3613 3998 3754 4039 cum

2145 4057 2272 4127 justi
2324 4060 2621 4115 interventu
2681 4065 2819 4132 regis
2864 4067 3174 4134 penitentia
3229 4077 3516 4125 concurrit.
3571 4074 3745 4130 Beato

2150 4161 2326 4206 autem
2361 4154 2567 4220 Davidi,
2598 4156 2687 4225 qui
2717 4160 3107 4226 correptionem
3132 4167 3296 4216 sancti
3317 4162 3575 4220 Nathauis
3606 4183 3746 4237 pro~

2150 4245 2325 4314 pheta:
2371 4260 2714 4317 susceperat,
2753 4259 2810 4304 et
2856 4254 3033 4306 statim
3090 4264 3206 4322 post
3261 4257 3739 4316 comminationem

2149 4353 2329 4392 veram
2355 4340 2761 4395 conversionem
2788 4345 3112 4411 ostenderat,
3144 4346 3481 4418 dixeratque,
3513 4349 3753 4407 Pacem

2148 4428 2369 4484 Domino
2399 4430 2473 4502 (2.
2499 4430 2626 4503 Reg.
2656 4433 2743 4486 12.
2779 4435 2900 4502 15);
2945 4438 3123 4490 statim
3171 4455 3278 4492 uno
3314 4443 3573 4509 temporis
3617 4459 3741 4498 mo—

2151 4528 2329 4575 mento
2350 4522 2572 4577 verbum
2601 4525 2808 4580 sincere
2845 4528 3108 4596 prolatum
3155 4530 3408 4601 integram
3449 4536 3748 4602 poenitenti-

2148 4613 2321 4667 attnht
2343 4615 2569 4670 salutem
2595 4633 2609 4670 :
2633 4619 2909 4672 confestim
2947 4635 3172 4692 namque
3199 4627 3514 4678 sententiam
3548 4644 3740 4683 emen-

2147 4702 2292 4757 datio
2317 4715 2541 4774 sequuta
2581 4718 2681 4762 est.
2712 4710 2798 4763 Ait
2827 4710 2982 4779 igitur
3007 4711 3079 4766 illi
3109 4713 3314 4770 Nathan
3347 4735 3360 4770 :
3389 4717 3454 4770 Et
3480 4717 3743 4776 Dominus

2149 4795 2338 4850 dimisit
2369 4799 2385 4829 ¹
2419 4810 2679 4868 peccatum
2708 4811 2848 4855 tuum
2879 4802 3086 4877 (Ibid).

2218 4889 2356 4944 Deus
2409 4891 2582 4946 tardus
2618 4893 2686 4946 ad
2715 4911 2946 4963 poenam,
2976 4899 3121 4951 velox
3141 4899 3211 4952 ad
3235 4900 3467 4956 salutem.
3494 4935 3569 4945 —
3604 4905 3735 4962 Vide

2147 4981 2276 5036 mihi
2309 4983 2470 5037 Deum
2495 4985 2701 5038 tardum
2720 4987 2796 5040 ad
2821 5001 3030 5055 poenam
3061 4999 3115 5045 et
3137 4992 3370 5048 velocem
3395 4995 3461 5049 ad
3478 4999 3729 5054 salutem.

2150 5074 2214 5128 Et
2236 5075 2362 5130 mihi
2395 5079 2622 5146 primum
2651 5081 2822 5150 cogita
2852 5083 3119 5151 quomodo
3149 5087 3316 5141 multo
3347 5097 3466 5156 post
3487 5101 3740 5163 tempore

2147 5171 2527 5226 correctionem
2559 5173 2795 5228 clemens
2825 5176 3018 5230 intulit.
3043 5178 3282 5234 Peccavit
3307 5181 3488 5246 David,
3516 5195 3730 5239 uterum

2147 5263 2370 5331 gestavit
2397 5265 2607 5331 mulier,
2639 5265 2887 5336 nullaque
2911 5270 3173 5324 correctio
3201 5284 3476 5340 peccatum
3502 5285 3729 5344 sequuta

2148 5365 2263 5422 est;
2297 5356 2390 5412 sed
2421 5367 2536 5426 post
2570 5357 2789 5412 infantis
2814 5360 2881 5414 de
2909 5372 3125 5430 peccato
3152 5367 3260 5418 nati
3291 5372 3533 5434 partum,
3566 5367 3736 5421 mitti-

2150 5455 2233 5500 tur
2258 5449 2454 5518 peccati
2484 5449 2737 5505 medieus.
2765 5451 2875 5506 Cur
2909 5462 3085 5508 autem
3131 5467 3437 5524 peccantem
3483 5461 3735 5526 protinus

2144 5553 2251 5594 non
2306 5542 2582 5596 correxit?
2631 5541 2889 5608 Quoniam
2933 5542 3062 5599 vidit
3106 5545 3158 5600 in
3212 5545 3338 5618 ipsis
3384 5556 3743 5618 peccatorum

2212 5721 2226 5750 ί
2265 5725 2380 5780 urg.
2409 5732 2548 5778 unus,
2574 5719 2800 5770 Dominus
2822 5720 3025 5772 sustulit.
