4036 6206
280 267 388 321 817

282 381 593 448 εὐσεϐείας,
631 383 718 448 '0';
745 386 991 454 πτωχοὺς
1010 384 1188 437 τοίνυν
1207 385 1332 446 τοὺς
1361 382 1770 452 ἁμαρτάνοντας
1790 380 1949 446 ὲλεεῖ,

284 471 377 524 καὶ
401 470 477 533 Lb;
510 470 795 534 πλουσίους
829 473 956 534 τοὺς
998 469 1521 542 δικαιοπραγοῦντας
1570 469 1809 529 ἀπαιτεῖ,
1840 469 1952 529 τοῖς

286 556 388 625 μιν
423 556 511 609 διὰ
535 557 631 626 τὴν
664 557 850 610 πενίαν
884 556 1256 627 χαριζόμενος,
1285 559 1398 618 τοῖς
1425 555 1479 608 δὲ
1508 554 1597 607 διά
1622 553 1713 606 τὸν
1738 553 1836 623 τῆς
1861 553 1950 604 εὐ·-

284 643 499 706 σεϐείας
550 643 776 697 πλοῦτον
829 645 965 713 μετά
1016 643 1215 713 πολλῆς
1263 641 1547 714 ἀκριϐείας
1587 643 1714 704 τοὺς
1761 640 1950 707 λόγους

281 729 840 801 εἰσπραττόμενος.“0
870 731 927 783 δὲ
961 732 1102 785 ποιεῖ
1136 732 1228 783 ἐπὶ
1272 731 1493 783 δικαίων
1545 729 1639 782 καὶ
1687 729 1948 797 ἁμαρτω.-

280 815 412 879 λῶν,
438 817 595 869 τοῦτο
629 820 772 871 ποιεῖ
808 819 905 871 καὶ
948 818 1039 871 ἐπὶ
1085 818 1353 871 πλουσίων
1405 817 1501 870 καὶ
1543 815 1820 884 πενήτων·
1857 810 1951 863 καὶ

278 901 471 973 ὥσπερ
498 904 588 956 τὸν
624 905 1001 975 ἁμαρτάνοντα
1039 904 1238 976 ἐγείρει
1278 904 1365 957 διὰ
1396 900 1822 972 φιλανθρωπίαν,
1859 896 1951 950 τὸν

278 987 338 1040 δὲ
378 988 584 1042 δίκαιον
625 991 781 1058 φοϐεῖ
819 990 908 1044 διὰ
949 991 1049 1061 τῆς
1092 990 1391 1061 ἀποτομίας
1414 1003 1429 1018 ·
1462 987 1602 1041 οὕτω
1631 986 1723 1039 καὶ
1755 985 1811 1038 ὲν
1839 986 1948 1047 τοῖς

279 1078 566 1145 κοσμικαῖς
606 1079 925 1148 πράγμασιν
968 1079 1233 1149 διατίθησι
1266 1080 1362 1148 τὴν
1391 1074 1585 1130 ἑαυτοῦ
1618 1070 1944 1142 οἰκονομίαν.

292 1161 419 1214 Ἐἀν
447 1162 529 1232 ἴδῃ
560 1163 826 1228 δυναστάς
862 1165 1162 1237 ἀξιώμασιν
1184 1165 1658 1235 ὑπερλάμποντας,
1691 1160 1944 1230 βασιλεῖς.

274 1247 567 1316 ἄρχοντας,
601 1249 808 1313 πάντας
849 1252 975 1315 τοὺς
1021 1252 1080 1305 ἐν
1128 1251 1342 1320 πλούτῳ
1385 1249 1810 1318 διαπρέποντας·
1834 1242 1949 1296 τού-

272 1348 392 1396 τοις
418 1333 720 1403 διαλέγεται
753 1336 892 1407 μετὰ
927 1337 1116 1407 φόϐου,
1145 1339 1239 1392 καὶ
1272 1336 1544 1406 ἐπιτίθησι
1572 1333 1854 1404 χρησίμως
1876 1332 1943 1400 τῇ

272 1419 568 1493 δυναστείᾳ
612 1424 705 1478 τὸν
750 1425 945 1495 φόϐον·
994 1427 1106 1482 Καὶ
1156 1426 1295 1490 νῦν,
1338 1422 1654 1489 βασιλεῖς,
1706 1420 1943 1483 σύνετε,

271 1508 633 1578 παιδεύθητε
656 1514 879 1579 πάντες
915 1516 969 1568 οἱ
1012 1515 1319 1583 κρίνοντες
1358 1511 1473 1579 τὴν
1515 1508 1631 1580 γῆν
1652 1523 1665 1537 ·
1698 1506 1946 1561 δουλεύ-

272 1609 427 1648 σατε
469 1595 547 1661 τῷ
587 1599 782 1666 Κυρίῳ
826 1599 898 1653 ἐν
935 1600 1115 1669 φόϐῳ,
1156 1601 1253 1652 καὶ
1282 1593 1650 1667 ἀγαλλιᾶσθε
1689 1590 1847 1655 αὐτῷ
1875 1591 1945 1643 ἐν

273 1682 506 1750 τριίμφ·
550 1684 634 1737 ὃτι
660 1687 959 1752 Βασιλεύς
995 1686 1126 1740 ἐστι
1172 1683 1291 1738 τῶν
1322 1682 1796 1748 βασιλευόντων,
1842 1675 1941 1729 καὶ

270 1770 490 1835 Κύριος
520 1770 639 1823 τῶν
660 1773 1256 1840 κυριευόντων-,Ὅπου
1295 1771 1437 1842 ἀρχὴ
1464 1767 1801 1827 δυναστείας,
1832 1766 1947 1816 ὲπι-

270 1852 456 1922 τίθησι
488 1856 577 1908 τὸν
601 1856 763 1924 φόϐον
787 1859 887 1928 τῆς
915 1857 1078 1913 αὐτοῦ
1106 1857 1376 1928 βασιλείας
1401 1872 1414 1889 ·
1456 1856 1587 1908 ὅπου
1619 1850 1942 1912 ταπείνωσις

271 1940 567 2005 εὐτελείας,
600 1944 941 2016 προσφέρειι
979 1946 1041 1999 τὸ
1074 1947 1360 2016 φάρμακον
1387 1946 1484 2014 τῆς
1519 1939 1712 1995 ἑαυτοῦ
1750 1938 1940 2007 φιλανα-

270 2027 616 2097 θρωπίας.⁹0
648 2033 755 2105 γὰρ
780 2034 911 2098 Θεὸς
940 2030 1092 2099 οὗτος
1138 2036 1309 2106 μέγας
1342 2034 1587 2105 βασιλεὺς
1634 2031 1742 2084 τῶν
1784 2030 1939 2099 βασι-

267 2113 555 2180 λευόντων,
580 2121 674 2172 καὶ
720 2121 923 2191 Κύριος
971 2123 1078 2175 τῶν
1127 2123 1514 2193 κυριευόντων·
1558 2113 1709 2183 οὗτος
1756 2119 1936 2183 αὐτὸς,

269 2201 437 2254 πάλιν
463 2204 766 2261 ὐποϐαίνων
790 2210 889 2279 τῆς
916 2210 1108 2263 ἑαυτοῦ
1134 2210 1308 2274 ἀξίας,
1338 2208 1648 2278 εὑρίσκεται
1677 2205 1816 2259 κατά
1840 2205 1937 2276 τὴν

266 2288 435 2357 ἁγίαν
471 2291 686 2363 Γραφήν
737 2297 918 2367 πατὴρ
944 2298 1193 2367 ὀρφανῶν
1222 2297 1315 2350 καὶ
1347 2295 1537 2366 κριτὴς
1578 2294 1685 2366 τῶν
1731 2293 1935 2364 χηρῶν.

269 2375 540 2441 βασιλέων
580 2377 853 2448 βασιλεὺς,
896 2383 1172 2453 ἀρχόντων
1199 2383 1402 2453 ἄρχων,
1442 2383 1800 2453 κυριευόντων
1834 2382 1939 2434 K6-

271 2478 407 2531 ριος.
428 2463 586 2536 Ὁρᾷς
632 2468 833 2539 πολλὴν
877 2470 1133 2538 ἀφθονίαν
1167 2469 1611 2540 φιλανθρωπίας;
1647 2470 1776 2539 ὁρᾷς
1808 2469 1935 2538 χρή·

269 2563 435 2618 σιμον
457 2552 549 2604 τὸν
578 2552 739 2620 φόϐον
761 2555 862 2624 τῆς
889 2555 1174 2621 εὐσεϐείας
1207 2557 1300 2609 καὶ
1331 2556 1427 2625 τῆς
1450 2555 1697 2620 ἐξουσίας
1719 2571 1734 2615 ς
1762 2554 1934 2608 Ὅπου

267 2634 375 2705 μὲν
410 2639 518 2708 γάρ
556 2634 694 2693 εἶδεν
725 2641 999 2713 ἀρκοῦσαν
1022 2643 1121 2714 τὴν
1157 2642 1401 2707 ἐξουσίαν
1435 2645 1514 2705 εἰς
1560 2641 1932 2712 παραμυθίαν,

267 2722 508 2794 ἐπέθηκε
536 2725 625 2779 τὸν
654 2727 817 2796 φόϐον
857 2730 936 2791 είς
967 2728 1233 2799 ὠφέλειαν
1254 2745 1266 2759 ·
1312 2731 1445 2783 ὅπου
1474 2728 1531 2783 δὲ
1564 2724 1670 2781 εἷδε
1701 2728 1936 2799 παραλε-

266 2808 510 2882 λυμένην
536 2816 603 2885 τῇ
627 2813 870 2887 εὐτελείᾳ
896 2816 994 2887 τὴν
1017 2817 1300 2888 ὀρφανίαν,
1323 2816 1418 2870 καὶ
1442 2816 1540 2887 τὴν
1568 2815 1838 2886 πτωχείαν
1865 2818 1931 2885 τῇ

266 2898 506 2971 ἀτονίαδ
529 2902 641 2973 ’τῆς
674 2902 917 2973 χηρείας,
953 2906 1267 2974 προσήγαγε
1294 2904 1394 2975 τήν
1423 2903 1824 2975 φιλανθρωπίαν
1852 2904 1931 2967 είς

265 2985 644 3055 παραμυθίαν.
662 2989 809 3058 Ἐγὼ
837 2991 1032 3059 πατὴρ
1052 2989 1171 3044 τῶν
1196 2990 1489 3059 ὀρφανῶν.
1525 2990 1628 3042 Δύο
1652 2992 1811 3052 ποιεῖ,
1840 2990 1933 3042 καὶ

265 3069 369 3141 τὴν
397 3071 803 3144 φιλανθρωπίαν
826 3076 1081 3140 δείκνυσι,
1109 3078 1203 3131 καὶ
1229 3079 1327 3146 τὴν
1352 3076 1664 3130 δυναστείαν
1693 3075 1928 3138 κολάζει.

266 3156 446 3210 Καλεῖ
472 3158 661 3215 ἑαυτὸν
692 3162 906 3232 πατέρα
923 3163 1030 3217 τῶν
1052 3164 1320 3235 ὀρφανῶν,
1347 3166 1433 3218 ῖνα
1461 3164 1699 3227 καὶτοὺς
1725 3166 1781 3216 ὲν
1805 3181 1933 3234 συμ-

268 3247 417 3315 φορᾷ
435 3247 919 3321 παραμυθήσηται,
938 3251 1031 3304 καὶ
1053 3253 1177 3316 τοὺς
1204 3254 1260 3304 ὲν
1283 3252 1569 3323 δυναστείᾳ
1590 3251 1930 3326 καταπλήξῃ,

266 3331 411 3385 ὥστε
466 3336 540 3403 μὴ
586 3337 909 3408 ἐπηρεάζειν
938 3340 1191 3411 ὀρφανοῖς
1227 3332 1409 3392 τεκαὶ
1435 3341 1657 3409 χήραις·
1690 3339 1931 3411 ἐπειδὴό

265 3419 497 3485 θάνατος
525 3423 808 3494 ἐγύμνωσε
832 3426 922 3478 τὸν
952 3427 1049 3496 μὲν
1081 3427 1173 3480 τοῦ
1209 3428 1429 3498 πατρὸς,
1463 3428 1559 3498 τὴν
1584 3428 1640 3479 δὲ.
1673 3428 1929 3498 ἐστέρησε

265 3506 364 3559 τοῦ
412 3508 622 3580 ἀνδρὸς,
650 3510 745 3564 καὶ
789 3511 883 3575 οὒς
925 3511 1226 3584 διέφθειρεν
1274 3516 1303 3567 6
1352 3515 1452 3584 τῆς
1507 3514 1719 3582 φύσεως
1747 3513 1925 3583 νόμος,

264 3594 609 3650 ἀνεκαίνισεν
636 3600 665 3651 ὀ
688 3599 787 3670 τῆς
817 3600 1224 3671 φιλανθρωπίας
1246 3602 1368 3670 ὄρος
1389 3617 1403 3632 ·
1428 3603 1521 3655 καὶ
1551 3604 1583 3673 ἡ
1608 3602 1743 3672 αὐτὴ
1770 3602 1927 3671 χάρις

263 3688 334 3756 τῇ
373 3687 474 3756 μὲν
522 3689 688 3743 ἔδωκε
732 3690 823 3743 τὸν
869 3690 1079 3763 κριτήν,
1110 3693 1187 3761 τῷ
1227 3692 1282 3744 δὲ
1321 3692 1538 3762 ὀρφανῷ
1574 3692 1804 3760 πατέρα,
1840 3691 1928 3743 τὸν

267 3773 495 3843 βασιλέα
515 3775 623 3829 τῶν
649 3776 798 3849 [551]
826 3780 1205 3847 ἀγίων.”Ωστε,
1232 3782 1413 3850 φησὶν,
1444 3775 1488 3833 ὦ
1517 3780 1686 3843 άδικε,
1713 3780 1806 3832 ὲάν
1832 3779 1929 3849 χή-

268 3876 390 3930 ραις
423 3862 752 3937 ὲπηρεάζῃς,
776 3865 867 3918 τὸν
889 3866 995 3919 τῶν
1028 3868 1209 3938 χηρῶν
1236 3868 1537 3937 προνοητὴν
1571 3865 1887 3937 παροξύνεις
1908 3882 1922 3896 ·

262 3948 361 4001 ἐὰν
406 3950 671 4019 ὀρφανοὺς
700 3952 911 4024 ἀδικῇς,
953 3955 1099 4017 υἱοὺς
1147 3955 1352 4018 ἀδικεῖς
1400 3953 1713 4022 Θεοῦ.Ἑγώ
1760 3955 1873 4022 εἰμι
1900 3954 1927 4006 6

264 4039 450 4108 πατὴρ
478 4039 583 4091 τῶν
608 4040 877 4109 ὀρφανῶν,
896 4044 989 4095 καὶ
1014 4042 1205 4113 κριτής
1228 4042 1337 4095 τῶν
1362 4044 1546 4113 χηρῶν
1567 4060 1580 4073 ·
1612 4045 1693 4105 τίς
1708 4042 1762 4095 δὲ
1786 4041 1927 4094 οὓτω

259 4125 536 4195 τολμηρὸς
576 4128 712 4197 πρὸς
751 4128 1028 4195 ἀσέϐειαν,
1058 4128 1198 4181 ὥστε
1233 4130 1379 4191 υἱοὺς
1407 4128 1609 4182 ἀδικεῖν
1640 4130 1794 4193 Θεοῦ,
1833 4132 1926 4184 καὶ¹

257 4214 383 4274 ταῖς
432 4211 535 4266 ὐπὸ
576 4214 670 4267 τοῦ
702 4214 836 4293 Θεοῦ
878 4216 1295 4286 προνοουμέναις
1329 4219 1523 4287 χήραις
1564 4217 1921 4288 ἐπηρεάζειν;

266 4299 437 4369 Ὁρᾷς
488 4299 605 4363 πῶς
654 4302 937 4373 χρησίμως
985 4303 1381 4367 κατασκευάζει
1413 4303 1481 4355 τὰ
1512 4304 1779 4374 φάρμακα
1826 4306 1925 4375 τῆς

254 4387 563 4451 εὐσεϐείας,
590 4390 684 4443 καὶ
709 4391 835 4453 τοὺς
868 4391 966 4460 μὲν
995 4390 1167 4459 φοϐεῖ,
1200 4394 1325 4454 τους
1356 4392 1411 4444 δὲ
1442 4393 1599 4455 ἐλεεῖ,
1634 4393 1733 4445 οὐκ
1765 4393 1925 4456 αὐτὸς

258 4472 643 4545 μεριζόμενος,
671 4476 806 4547 πρὸς
830 4476 885 4530 δὲ
914 4477 1012 4539 τάς
1040 4476 1266 4547 γνώμας
1295 4477 1403 4530 τῶν
1430 4477 1729 4548 ἀνθρώπων
1754 4478 1925 4548 ἁρμο-

255 4560 521 4631 ζόμενοςς
556 4562 925 4632 Προσάγωμεν
967 4563 1144 4616 τοίνυν
1186 4565 1415 4626 ἑαυτοῖς,
1445 4563 1678 4631 ἀδελφοὶ,
1708 4565 1925 4634 φάρμα-

255 4663 358 4701 κον
389 4649 468 4711 είς
499 4651 771 4720 σωτηρίαν
799 4650 896 4721 τὴν
942 4650 1260 4720 μετάνοιαν·
1317 4651 1511 4721 μᾶλλον
1552 4651 1607 4704 δὲ
1647 4651 1922 4721 δεξώμεθα

253 4733 415 4804 παρά
444 4734 537 4788 τοῦ
558 4735 692 4789 Θεοῦ
717 4736 814 4808 τὴν
848 4739 1134 4807 μετάνοιαν
1164 4737 1512 4809 ίατρεύουσαν
1535 4739 1702 4808 ἡμᾶς.
1722 4739 1793 4791 Οὐ
1814 4740 1923 4811 γάρ

253 4823 424 4892 ἡμεῖς
453 4822 601 4893 αὐτῷ
621 4823 825 4894 ταύτην
851 4826 1214 4895 προσάγομεν,
1246 4825 1357 4878 ἀλλ’
1382 4826 1541 4887 αὐτὸς
1571 4827 1699 4896 ἡμῖν
1720 4826 1922 4895 ταύτην

255 4911 798 4984 ἔχορήγησεν.”ορᾷς
845 4912 1009 4966 αὐτοῦ
1049 4915 1149 4984 τὴν
1197 4914 1478 4985 ἀκρίϐειαν
1506 4914 1606 4981 τήν
1650 4915 1708 4965 ὲν
1740 4914 1817 4984 τῷ
1846 4915 1925 4967 νό-

258 5015 387 5068 μῳς
419 5001 551 5070 ὁρᾷς
589 4999 688 5071 τήν
720 4999 1124 5069 φιλανθρωπίαν
1160 5001 1324 5055 αὐτοῦ
1368 5002 1465 5072 τήν
1499 5002 1556 5053 ὲν
1595 5005 1662 5072 τῇ
1706 5004 1920 5072 χάριτις

259 5086 435 5138 Ὅταν
473 5086 530 5139 δὲ
560 5088 696 5140 εῖπω
721 5088 821 5158 τὴν
851 5088 1135 5159 ἀκρίϐειαν
1163 5090 1261 5159 τὴν
1294 5091 1352 5143 ὲν
1393 5090 1471 5160 τῷ
1510 5091 1681 5161 νόμῳ,
1707 5093 1767 5145 οὐ
1814 5093 1924 5147 δια-

255 5175 443 5230 ϐάλλω
475 5177 678 5247 κρίσιν,
705 5177 842 5230 ἀλλά
882 5178 982 5248 τῆς
1013 5179 1368 5250 εὐαγγελικῆς
1419 5180 1637 5251 χάριτος
1673 5181 1925 5251 κηρύττω

253 5265 359 5334 τήν
392 5262 828 5337 φιλανθρωπίαν·
875 5266 955 5318 ὅτι
1000 5267 1030 5318 6
1073 5265 1171 5336 μὲν
1203 5267 1364 5333 νόμος
1396 5268 1783 5339 ἀπαραιτήτως
1805 5270 1899 5320 ὲκό

254 5350 391 5412 λαζε
423 5351 547 5415 τοὺς
580 5354 1010 5423 ἀμαρτάνοντας,
1043 5354 1077 5422 ή
1116 5352 1175 5405 δὲ
1217 5354 1375 5424 χάρις
1411 5354 1548 5422 μετά
1590 5352 1787 5422 πολλῆς
1820 5371 1924 5423 μα-

258 5439 567 5509 κροθυμίας
596 5441 945 5512 ὑπερτίθεται
969 5442 1067 5513 τήν
1095 5441 1382 5513 τιμωρίαν,
1416 5441 1500 5494 ἵνα
1542 5443 1796 5513 ἐπαγάγῃ
1827 5443 1924 5513 τὴν

257 5527 567 5598 διόρθωσιν.
593 5528 886 5600 Δεξώμεθα
905 5528 1083 5583 τοίνυν
1117 5529 1424 5600 μετάνοιαν,
1442 5527 1676 5596 ἀδελφοὶ,
1704 5529 1924 5600 φάρμα-

260 5629 358 5665 κον
386 5616 466 5676 είς
496 5615 789 5687 σωτηρίαν,
820 5614 1097 5687 δεξώμεθα
1138 5615 1425 5686 φάρμακον
1457 5614 1734 5682 ὲξαλεῖφον
1765 5618 1797 5686 ή
1808 5616 1923 5685 μῶν

260 5701 651 5825 ᾳίςιξῗνιιη
671 5705 828 5768 magis
849 5706 1043 5767 proprie
1061 5717 1206 5765 quam
1230 5702 1787 5767 Montf..quiscripscrat
1803 5722 1919 5769 προ-

328 5800 355 5865 ἷο
381 5825 534 5876 Μυτει
560 5831 613 5876 ct
634 5826 763 5878 Savu
810 5832 866 5884 τῆ
888 5825 1103 5891 ἀπονοίᾳ.
1130 5826 1265 5877 L’nus
1286 5826 1409 5891 Reg.
1432 5832 1487 5891 τῇ
1512 5826 1690 5895 ἀτονία,
1718 5826 1921 5880 melius..

1518 266 1605 327 DE
1643 262 2110 322 ΡαΞΝιΤΕΝΤΙΔ.
2142 260 2375 319 HOMJL.
2414 261 2525 319 VII.

3600 260 3705 315 528

2053 378 2123 432 τά
2175 380 2510 449 πταίσματα.
2538 375 2805 430 Μετάνοια
2853 374 2911 428 δέ
2946 375 3111 435 ἐστιν,
3140 373 3236 442 οὐχ
3265 373 3298 443 ἡ
3325 372 3466 443 λόγῳ
3502 392 3703 445 κηρυτ-

2047 466 2269 536 τομένη,
2307 464 2420 518 ἀλλ’
2455 466 2487 535 ή
2529 462 2815 533 πράγμασι
2849 460 3236 531 βεϐαιουμένη·
3276 461 3528 530 μετάνοια
3568 463 3601 531 ή
3642 464 3702 528 ἐξ

2047 553 2217 621 αὐτῆς
2242 553 2340 622 τῆς
2374 550 2599 621 καρδίας
2634 547 2986 615 ὲξαλείφουσα
3006 546 3095 599 τὸν
3118 546 3282 617 ῥύπον
3304 548 3399 617 τῆς
3425 548 3698 612 ἀσεϐείας.

2045 646 2363 699 Λούσασθε
2390 645 2521 712 γὰρ,
2550 640 2704 711 φησὶ,
2743 638 2984 705 καθαροὶ
3011 638 3275 705 γίνεσθε·
3309 639 3559 706 ἀφέλετε
3594 641 3700 705 τὰς

2045 732 2341 799 πονηρίας
2391 729 2509 784 ἀπὸ
2557 728 2674 781 τῶν
2718 724 2971 794 καρδιῶν
3018 724 3202 793 ὑμῶν,
3258 726 3541 779 ἀπέναντι
3583 725 3701 779 τῶν

2043 817 2365 887 ὀφθαλμῶν
2385 834 2524 885 μου.
2560 815 2625 867 Τί
2651 814 2897 884 βούλεται
2919 812 2979 863 τὸ
3003 811 3250 882 περιττὸν
3279 811 3374 879 τῆς
3395 811 3618 875 λέξεως;
3638 812 3699 865 τὸ

2044 905 2153 975 γάρ
2190 902 2455 972 Ἀφέλετε
2487 901 2590 966 τὰς
2617 900 2905 967 πονηρίας
2927 899 3041 951 ἀπὸ
3080 897 3198 950 τῶν
3228 896 3479 965 καρδιῶν
3510 897 3696 966 ὑμῶν,

2045 993 2143 1062 οὐχ
2179 992 2363 1044 ἱκανὸν
2397 989 2633 1061 μηνῦσαι
2665 988 2725 1041 τὸ
2750 990 2890 1053 xiv;
2919 986 3016 1040 Διά
3050 985 3100 1038 τί
3132 982 3224 1039 οὖν
3262 984 3559 1038 Ἀπέναντι
3583 985 3700 1039 τῶν

2044 1079 2368 1149 ὀφθαλμῶν
2406 1094 2557 1147 μους
2601 1077 2814 1147 Ἐπειδὴ
2859 1075 3033 1137 ἄλλως
3077 1074 3274 1144 ὁρῶσιν
3310 1072 3574 1142 ὀφθαλμοὶ
3607 1075 3700 1126 ἁν-

2043 1166 2294 1238 θρώπων,
2325 1166 2418 1217 καὶ
2452 1164 2622 1226 ἄλλως
2661 1164 2762 1234 ὁρᾷ
2801 1162 3076 1231 ὀφθαλμὸς
3115 1159 3209 1212 τοῦ
3246 1159 3377 1212 Θεοῦ
3399 1176 3411 1186 ·
3450 1161 3698 1228 Ἀνθρω-

2042 1268 2155 1320 πος
2200 1254 2308 1323 γὰρ
2352 1254 2438 1317 εἰς
2481 1252 2825 1320 πρόσωπον,
2866 1248 3007 1313 Θεὸς
3055 1246 3123 1299 δὲ
3166 1249 3251 1311 είς
3299 1246 3566 1313 καρδίαν.
3609 1246 3697 1318 Μὴ

2043 1344 2304 1413 σχήμασι,
2336 1343 2490 1411 φησί,
2504 1340 2788 1407 νοθεύσητε
2810 1348 2831 1375 ο
2850 1336 2946 1403 τήν
2976 1335 3281 1405 μετάνοιαν,
3305 1334 3418 1387 ἀλλ’
3436 1334 3696 1387 ἀπέναντι

2039 1430 2148 1482 τῶν
2179 1429 2468 1499 ὀφθαλμῶν
2494 1444 2611 1498 μου,
2636 1425 2742 1478 τῶν
2771 1424 2840 1476 τά
2866 1420 3082 1493 κρυπτὰ
3107 1419 3466 1491 ἐρευνώντων,
3489 1420 3696 1485 δείξατε

2038 1516 2163 1578 τοὺς
2198 1516 2443 1585 καρποὺς
2465 1514 2564 1583 τῆς
2599 1510 2902 1582 μετανοίας.

2109 1604 2172 1656 δ’.
2194 1605 2282 1655 Δεῖ
2308 1603 2363 1655 δὲ
2389 1604 2537 1672 ήμᾶς
2558 1599 2981 1671 καθαιρομένους
3010 1592 3132 1647 ’ἀπὸ
3152 1590 3259 1645 τῶν
3285 1589 3564 1663 ἁμαρτιῶν
3590 1591 3691 1662 πρὸ

2039 1689 2332 1759 ὀφθαλμῶν
2361 1689 2505 1757 ἔχειν
2540 1688 2681 1740 αὐτά
2708 1687 2776 1739 τά
2821 1683 3187 1755 ἁμαρτήματα
3209 1696 3223 1710 ·
3262 1680 3365 1732 κᾶν
3391 1681 3419 1731 6
3449 1677 3578 1739 Θεὸς
3605 1678 3693 1731 διά

2038 1776 2448 1847 φιλανθρωπίαν
2496 1774 2822 1843 συγχωρήσῃ
2867 1787 2947 1823 σοι
2979 1769 3076 1840 τὴν
3119 1767 3408 1838 ἁμαρτίαν,
3458 1765 3594 1819 ἀλλά
3627 1767 3692 1819 σὺ

2040 1864 2176 1936 πρὸς
2209 1864 2308 1934 τὴν
2351 1862 2648 1931 ἀσφάλειαν
2690 1860 2788 1929 τῆς
2839 1856 3031 1910 ἑαυτοῦ
3060 1855 3234 1925 ψυχῆς
3269 1853 3373 1924 πρὸ
3401 1852 3692 1922 ὀφθαλμῶν

2036 1951 2127 2021 ἔχε
2178 1950 2275 2021 τήν
2328 1949 2621 2020 ἁμαρτίαν.
2673 1948 2735 2000 Ἡ
2782 1945 2888 2015 γὰρ
2942 1944 3129 2014 μνήμη
3170 1941 3277 1993 τῶν
3319 1938 3692 2010 προλαϐόντων

2034 2036 2206 2107 ἐποχή
2240 2037 2447 2105 γίνεται
2473 2035 2582 2087 τῶν
2615 2032 2912 2104 μελλόντων
2931 2046 2945 2060 ·
2977 2030 3070 2082 καὶ
3095 2030 3123 2081 ὀ
3152 2028 3244 2079 ἐπὶ
3273 2028 3382 2087 τοῖς
3410 2024 3691 2096 προτέροις

2033 2123 2379 2193 δακνόμενος.
2407 2122 2536 2190 περὶ
2567 2120 2635 2173 τὰ
2664 2119 2889 2187 δεύτερα
2913 2113 3316 2184 ἀσφαλεστέραν
3346 2112 3444 2183 τὴν
3469 2113 3692 2183 γνώμην
3760 2174 3763 2177 _

2033 2210 2290 2264 δείκνυσι.
2336 2208 2436 2262 Διὰ
2461 2208 2619 2260 τοῦτο
2648 2206 2742 2259 καὶ
2779 2206 2806 2256 6
2840 2202 3028 2256 Δαυῖδ·
3060 2202 3167 2254 Καὶ
3196 2202 3233 2267 ἡ
3268 2201 3519 2269 ἁμαρτία
3547 2218 3688 2268 μου,

2034 2300 2214 2368 φησὶν,
2250 2297 2506 2350 ἐνώπιόν
2530 2295 2647 2363 μού
2673 2293 2803 2345 ἐστι
2828 2290 2924 2343 διὰ
2952 2289 3177 2353 παντός
3197 2310 3209 2321 ·
3240 2289 3325 2340 ἵνα
3355 2288 3458 2359 πρὸ
3488 2287 3689 2354 ὀφθαλ-

2037 2387 2151 2456 μῶν
2185 2384 2322 2455 ἔχων
2348 2382 2415 2436 τά
2444 2380 2798 2452 προλαϐόντα,
2828 2376 2903 2448 μὴ
2940 2375 3212 2447 περιπέσῃ
3240 2378 3351 2436 τοῖς
3386 2373 3686 2444 μέλλουσιν.

2033 2474 2155 2526 ὀτι
2182 2473 2239 2524 δὲ
2287 2470 2488 2540 ταύτην
2521 2468 2648 2537 παρ’
2683 2464 2837 2536 ἡμῶν
2872 2467 2901 2517 6
2944 2462 3075 2525 Θεὸς
3118 2462 3340 2514 ἀπαιτεῖ
3384 2460 3482 2530 τὴν
3520 2461 3690 2513 κατά-

2032 2576 2238 2622 στασιν,
2257 2560 2485 2612 ἄκουσον
2505 2553 2667 2607 αὐτοῦ
2687 2552 2933 2620 λέγοντος
2955 2567 2968 2580 ·
3001 2547 3146 2618 Ἐγώ
3170 2551 3284 2615 εἰμι
3304 2550 3336 2601 ό
3356 2546 3690 2616 ἐξαλείφων

2028 2644 2136 2711 τὰς
2176 2644 2462 2713 ἁμαρτίας
2488 2656 2627 2699 σου,
2667 2638 2765 2691 καί
2803 2639 2872 2690 οὐ
2903 2634 2989 2706 μὴ
3016 2632 3476 2704 μνησθήσομαι·
3509 2632 3590 2685 σὺ
3619 2631 3688 2685 δὲ

2025 2731 2362 2801 μνήσθητι,
2408 2727 2509 2780 καί
2561 2723 2882 2793 κριθῶμεν,
2930 2720 3091 2791 λέγει
3143 2721 3389 2786 Κύριος·
3432 2719 3572 2790 λέγε
3603 2719 3686 2773 σὺ

2030 2817 2267 2886 πρῶτον
2297 2816 2402 2880 τὰς
2437 2814 2726 2882 ἁμαρτίας
2756 2822 2895 2872 σου,
2918 2810 3019 2863 ἵνα
3048 2806 3385 2873 δικαιωθῇς.
3414 2807 3526 2860 Οὐκ
3556 2809 3689 2860 ἀνα·

2032 2908 2181 2977 μένει
2209 2907 2236 2958 ὀ
2264 2903 2397 2966 Θεὸς
2434 2902 2623 2973 χρόνον
2654 2899 2745 2952 τὸν
2774 2896 2881 2951 ἀπὸ
2912 2897 3009 2966 τῆς
3044 2895 3327 2966 μετανοίας
3350 2912 3365 2925 ·
3403 2892 3552 2958 εἶπες
3586 2896 3686 2966 τὴν

2027 2990 2300 3063 ἁμαρτίαν
2350 3007 2464 3052 σου,
2509 2985 2862 3055 ὲδικαιώθης·
2912 2982 3260 3054 μετενόησας,
3301 2981 3555 3051 ήλεήθης.
3610 2982 3682 3034 Οὐ

2027 3084 2216 3154 χρόνος
2242 3079 2606 3146 ἀπολογεῖται,
2631 3074 2744 3128 ἀλλ’
2775 3076 2803 3127 ὀ
2830 3073 3026 3143 τρόπος
3051 3070 3141 3124 τοῦ
3174 3069 3556 3140 μετανοοῦντος
3585 3070 3686 3140 τὴν

2028 3169 2300 3241 ἁμαρτίαν
2329 3167 2639 3219 σϐέννυσιν·
2672 3162 2786 3214 ἔστι
2819 3160 2915 3213 καὶ
2956 3157 3130 3229 χρόνῳ
3173 3157 3350 3227 πολλῴ
3383 3156 3684 3228 παρεδρεύ-

2029 3273 2197 3310 σαντα
2230 3256 2302 3327 μή
2352 3254 2533 3323 τυχεῖν
2571 3249 2841 3320 σωτηρίας
2863 3286 2877 3309 ,
2911 3247 3003 3299 καὶ
3041 3248 3098 3299 ὲν
3134 3244 3297 3314 ὀλίγῳ
3330 3245 3505 3315 χρόνῳ
3548 3261 3683 3315 γνη-

2029 3345 2156 3407 σίως
2188 3341 2215 3382 ἀ
2252 3339 2788 3411 ὲξομολογησάμενον
2832 3331 3202 3386 ἀποδύσασθαι
3239 3329 3335 3399 τὴν
3385 3329 3680 3399 ἁμαρτίαν.

2026 3432 2197 3486 Πολὺν
2222 3428 2463 3482 ἀνάλωσε
2506 3425 2695 3495 χρόνον
2720 3425 2749 3474 6
2782 3422 3048 3492 μακάριος
3074 3416 3321 3488 Σαμουὴλ
3349 3415 3513 3481 ἀξιῶν
3554 3417 3683 3486 περὶ

2026 3517 2119 3569 τοῦ
2148 3514 2341 3576 Σαοὺλ,
2366 3514 2459 3565 καὶ
2487 3510 2684 3573 πολλὰς
2709 3506 2862 3580 [552]
2892 3506 3089 3568 νύκτας
3112 3505 3358 3575 διήνυσεν
3390 3502 3682 3573 ἀγρυπνῶν

2025 3609 2152 3674 περὶ
2199 3601 2299 3670 τῆς
2349 3598 2444 3652 τοῦ
2485 3598 2899 3667 ἁμαρτήσαντος
2940 3590 3245 3662 σωτηρίας·
3273 3591 3301 3641 6
3342 3589 3399 3641 δὲ
3428 3587 3559 3651 Θεὸς
3590 3588 3682 3640 τὸν

2023 3689 2213 3760 χρόνον
2263 3685 2759 3755 παραπεμπόμενος
2785 3681 2879 3749 (οὐ
2925 3679 3028 3748 γὰρ
3062 3676 3359 3745 συνέδραμε
3406 3677 3469 3743 τῇ
3505 3675 3682 3745 ἱκεσίᾳ

2024 3759 2116 3829 τοῦ
2140 3773 2417 3844 προφήτου
2441 3773 2473 3841 ή
2503 3769 2759 3842 μετάνοια
2782 3765 2877 3819 τοῦ
2900 3764 3354 3836 ἁμαρτήσαντος),
3372 3759 3517 3827 λέγει
3547 3759 3681 3829 πρὸς

2023 3865 2112 3916 τὸν
2150 3860 2340 3914 ἑαυτοῦ
2380 3860 2696 3929 προφήτην·
2754 3854 2902 3919 Ἕως
2948 3853 3092 3905 πότε
3144 3848 3224 3903 σὺ
3274 3847 3513 3910 πενθεῖς
3549 3846 3679 3913 περὶ

2023 3950 2245 4010 Σαοὺλ,
2292 3945 2453 4014 κάγὼ
2497 3943 2776 4012 ἀπῶσμαι
2816 3941 3041 4004 ατὺτόν;
3085 3938 3158 3990 Τὸ
3186 3938 3338 4001 "Em;
3394 3936 3557 3996 πότε,
3589 3934 3681 3987 τὸν

2024 4036 2213 4107 χρόνον
2245 4034 2517 4095 δείκνυσι,
2549 4032 2643 4083 καὶ
2673 4031 2769 4098 τὴν
2820 4025 3139 4098 παραμονὴν
3171 4023 3261 4076 τοῦ
3310 4021 3664 4083 ἱκετεύοντος·

2021 4104 2117 4176 καὶ
2168 4119 2531 4190 ἀπεπέμψατο
2582 4119 2611 4169 6
2668 4115 2799 4178 Θεὸς
2840 4115 2929 4166 τὸν
2975 4113 3162 4183 χρόνον
3194 4110 3293 4177 τῆς
3336 4108 3541 4169 ἱκεσίας
3582 4104 3677 4159 τοῦ

2022 4211 2335 4282 προφήτου·
2374 4208 2435 4259 οὐ
2475 4206 2582 4276 γὰρ
2619 4202 2917 4273 συνέδραμε
2944 4202 3011 4269 τῇ
3045 4196 3306 4269 πρεσϐεία
3338 4194 3430 4247 τοῦ
3469 4193 3677 4247 δικαίου

2023 4280 2080 4368 ἡ⁷
2095 4296 2350 4367 μετάνοια
2391 4292 2483 4345 τοῦ
2533 4289 2812 4361 βασιλέως.
2858 4286 2947 4356 Τῷ
2979 4285 3034 4338 δέ
3077 4300 3140 4353 γε
3189 4282 3442 4353 μακαρίῳ
3482 4280 3676 4342 Δαυῖδ,

2027 4386 2307 4456 δεξαμένῳ
2331 4383 2421 4436 τὸν
2448 4381 2665 4450 ἔλεγχον
2697 4377 2794 4448 τῆς
2832 4374 3103 4445 ἁμαρτίας
3142 4371 3231 4425 διὰ
3261 4370 3354 4423 τοῦ
3379 4370 3532 4437 ἁγίου
3563 4369 3677 4421 Να-

2026 4474 2125 4528 θᾶν
2155 4472 2250 4526 τοῦ
2288 4471 2589 4542 προφήτου,
2615 4466 2709 4521 καί¹
2749 4463 2949 4526 εὐθέως
2980 4460 3114 4532 πρὸς
3142 4460 3240 4530 τὴν
3289 4456 3515 4526 ἀπειλήν
3558 4457 3678 4508 ὲπι-

2023 4559 2325 4629 δειξαμένῳ
2349 4558 2446 4629 τὴν
2475 4554 2702 4624 γνησίαν
2724 4548 3075 4621 ἐπιστροφήν,
3097 4547 3191 4601 καλ⁵
3212 4546 3436 4607 εἰπόντι,
3464 4544 3676 4611 "Epap-

2024 4666 2128 4702 τον
2151 4646 2229 4712 τῷ
2252 4646 2465 4712 Κυρίῳ,
2496 4642 2694 4703 εὐθέως
2724 4641 2872 4710 ῥῆμα
2894 4638 2950 4690 ἒν
2972 4639 3030 4689 ὲν
3065 4637 3163 4705 μιᾷ
3193 4636 3330 4704 ῥοπῇ
3362 4630 3676 4701 προενεχθὲν

2021 4736 2258 4807 γνησίως
2297 4731 2591 4800 ὀλόκληρον
2616 4731 2809 4798 ήνεγκε
2839 4725 2914 4793 τῷ
2959 4724 3345 4795 μετανοήσαντι
3376 4718 3471 4787 τήν
3501 4732 3677 4785 σωτη-

2026 4805 2146 4896 ρίαν
2167 4839 2180 4853 ·
2220 4820 2382 4883 εὐθὺς
2423 4820 2532 4888 γάρ
2570 4819 2602 4886 ή
2632 4814 2913 4886 διόρθωσις
2963 4810 3227 4864 κατέλαϐε
3257 4807 3355 4877 τὴν
3385 4805 3671 4871 ἀπόφασιν.

2019 4889 2159 4980 «imor
2195 4908 2325 4976 γοῦν
2372 4906 2504 4976 πρὸς
2536 4904 2694 4956 αὐτὸν
2719 4904 2747 4954 6
2779 4901 2997 4954 Ναθᾶν·
3030 4898 3138 4952 Καὶ
3175 4896 3388 4960 Κύριος
3421 4889 3615 4959 ἀφῆκε
3648 4899 3673 4929 ο

2020 4998 2134 5065 τὴν
2164 4994 2457 5064 ἁμαρτίαν
2480 5007 2617 5044 σου.

2095 5098 2237 5166 Ὅρα
2262 5094 2317 5147 δέ
2352 5110 2440 5162 μοι
2468 5092 2555 5144 τὸν
2586 5088 2715 5142 Θεὸν
2746 5086 2939 5157 βραδὺν
2971 5085 3047 5147 είς
3074 5080 3361 5152 τιμωρίαν,
3389 5079 3480 5131 καὶ
3506 5077 3674 5148 ταχὺν

2020 5187 2099 5246 είς
2159 5182 2462 5252 σωτηρίαν·
2528 5179 2620 5231 καί
2672 5193 2759 5247 μοι
2808 5175 3020 5245 πρῶτον
3058 5171 3343 5240 ἐννόησον,
3392 5169 3538 5230 ὃπως
3586 5164 3676 5220 τὸν

2020 5272 2236 5340 ἔλεγχον
2266 5271 2293 5322 ὀ
2328 5266 2703 5337 φιλάνθρωπος
2739 5261 2878 5333 μετά
2929 5260 3153 5320 πολλοὺς
3203 5261 3517 5327 προσήγαγε
3551 5253 3678 5325 χρό-

2020 5376 2162 5420 νους.
2179 5358 2465 5425 ’Ἤμαρτεν
2489 5356 2517 5406 ὀ
2549 5351 2711 5405 Δαυῖδ
2731 5364 2743 5376 ·
2771 5348 3132 5418 ὲκυοφόρησεν
3162 5346 3196 5414 ή
3213 5344 3368 5412 γυνὴ,
3392 5343 3486 5395 καὶ⁸
3503 5341 3678 5405 οὐδεὶς

2021 5447 2239 5514 ἔλεγχος
2297 5446 2363 5512 τῇ
2416 5440 2658 5510 ἁμαρτίᾳ
2704 5433 3180 5507 παρηκολούθησεν
3204 5473 3219 5494 ,
3260 5431 3393 5484 ἀλλὰ
3446 5428 3580 5499 μετά
3617 5427 3679 5514 τὸ

2028 5512 2381 5602 ἀποτεχθῆναι
2413 5528 2473 5582 τὸ
2517 5526 2713 5597 βρέφος
2744 5524 2805 5577 τὸ
2845 5526 2910 5576 ἐκ
2939 5521 3038 5590 τῆς
3083 5518 3386 5590 ἁμαρτίας,
3421 5512 3679 5570 ἀποστέλ-

2023 5620 2175 5673 λεται
2205 5620 2233 5673 ὀ
2285 5615 2464 5687 ἰατρὸς
2508 5613 2607 5682 τῆς
2638 5610 2932 5682 ἁμαρτίας.
2959 5607 3056 5662 Διά
3099 5607 3152 5659 τί
3189 5606 3246 5659 δὲ
3294 5603 3677 5676 ἁμαρτήσαντα

2094 5710 2115 5738 ι’
2144 5706 2291 5755 Savil.
2316 5710 2367 5753 el
2390 5715 2514 5751 unus
2534 5701 2657 5761 Reg.
2683 5696 2923 5759 νοθεύσῃς.

2090 5769 2114 5807 τι
2144 5768 2279 5817 linus
2300 5766 2419 5825 Reg.
2446 5765 2526 5811 καὶ
2560 5756 2911 5825 ἐν’ἀθρόα-ῥοπῇ
2932 5756 3135 5819 γνησίως

2094 5834 2117 5862 ⁸
2141 5807 2278 5892 Reg.”
2294 5807 2420 5877 umfs
2438 5807 2605 5888 Κύριος
2626 5807 2931 5886 παρεϐίίιασξ.
