4036 6206
358 305 460 360 σεξ)

1163 301 1221 356 S.
1266 297 1556 358 JOANNIS
1593 292 2080 353 CﬂﬂYSOSTOSﬂ
2109 291 2430 348 ARCIII’EP.
2467 285 3010 346 CONSTANTINOP.

3678 289 3788 344 550

357 417 558 482 εὐθέως
589 419 649 472 οὐ
691 417 1066 489 διωρθώσατο;
1119 391 1339 486 Ἐπειδὴ
1373 409 1512 468 οἶδεν
1559 414 1618 466 ἐν
1650 413 1770 473 ταῖς
1818 409 2022 478 ἀκμαῖς
2049 435 2062 446 ~
2126 406 2377 460 ταϐαλὼν
2401 406 2461 458 τὸ
2495 404 2647 476 ῥῆμα
2675 403 2762 456 διὰ
2785 399 3218 471 φιλανθρωπίαν,
3241 399 3342 470 βοᾷ
3371 399 3462 489 8ιά
3485 399 3578 452 τοῦ
3615 418 3784 470 μακα.

359 503 466 556 τῶν
493 505 906 576 ἁμαρτημάτων
930 501 1347 572 τυφλώττουσαν
1374 501 1473 572 τὴν
1507 499 1684 570 ψυχὴν
1713 497 1820 550 τῶν
1846 498 2024 566 ἁμαρ-

359 593 648 654 τεινόντων,
680 593 812 645 διότι
845 592 1238 660 ἐκκεκώφωται
1267 590 1333 643 τά
1359 583 1476 642 ὦτα
1510 588 1620 642 τῶν
1661 583 2028 656 βεϐαπτισμέ-

360 697 468 732 νων
487 681 542 731 ἐν
581 679 656 750 τῷ
689 680 842 750 βάθει
880 681 978 750 τῆς
1021 678 1315 751 ἁμαρτίας.
1359 675 1739 749 ’Υπερτίθεται
1768 669 1858 726 οῦν
1899 671 2028 741 φλε-

363 767 647 836 γμαίνοντι
678 768 756 838 τῷ
793 767 956 822 πάθει
1003 767 1304 836 προσάγειν
1335 766 1433 836 τὴν
1473 763 1741 834 βοήθειαν,
1771 763 1864 814 καὶ
1893 759 2029 831 μετά

363 855 614 908 τοσοῦτον
677 857 866 926 χρόνον
909 857 936 908 6
983 854 1204 924 ἔλεγχος
1249 853 1646 922 προσέρχεται·
1699 849 1792 902 καὶ
1835 849 1892 900 ἐν
1933 847 2032 917 μιᾷ

367 941 558 1011 καιροῦ
599 943 738 1014 ῥοπῇ
794 945 826 1013 ἡ
885 941 1143 1012 μετάνοια
1193 941 1286 994 καὶ
1335 942 1368 1008 ἡ
1421 941 1632 1006 ἄφεσις.
1666 935 1776 990 Καὶ
1819 936 2032 1001 Κύριος

365 1024 563 1092 ἀφῆκε
595 1025 707 1092 τὴν
736 1025 1029 1092 ἁμαρτίαν
1057 1041 1190 1078 σου.
1212 1025 1276 1075 Ὢ
1300 1023 1399 1092 τῆς
1427 1019 1738 1084 οἰκονομίας
1762 1017 1854 1070 τοῦ
1885 1019 2036 1070 ἀπειο

365 1111 650 1180 λήσαντος.
691 1111 852 1182 Ὁρᾷς
883 1113 964 1164 ὄτι
1001 1113 1126 1176 ὀξὺς
1165 1113 1242 1174 είς
1277 1109 1585 1179 σωτηρίαν;
1615 1107 1783 1162 Τοῦτο
1814 1104 1908 1158 καὶ
1941 1104 2034 1156 ἐπὶ

365 1199 475 1252 τῶν
502 1200 676 1253 ἄλλων
711 1203 871 1265 ποιεῖ,
905 1199 1183 1270 βραδύνων
1217 1197 1315 1268 μὲν
1346 1197 1480 1268 πρὸς
1506 1194 1841 1265 καθαίρεσιν,
1871 1192 2033 1262 ταχύ-

367 1303 474 1338 νων
520 1287 576 1339 δὲ
625 1287 761 1358 πρὸς
795 1286 1098 1357 ἀντίληψιν.
1137 1282 1259 1338 Οἴόν
1299 1303 1350 1337 τι
1385 1284 1554 1352 λέγω·
1597 1284 1679 1350 ἐφ’
1725 1281 1880 1352 ἡμῶν
1926 1279 2034 1332 τῶν

367 1374 668 1444 ἀνθρώπων
698 1374 782 1427 διά
819 1373 1028 1426 πολλῶν
1067 1373 1274 1444 χρόνων
1297 1371 1365 1424 τά
1396 1387 1668 1440 κτισματα
1693 1367 2036 1422 κατασκευά-

370 1459 540 1524 ζεται,
565 1463 658 1514 καὶ
691 1463 748 1514 ἐν
781 1461 960 1532 πολλῴ
997 1461 1171 1532 χρόνῳ
1197 1460 1449 1528 κτίςομεν
1474 1453 1619 1510 οἷκον
1639 1473 1653 1488 ·
1681 1457 1773 1509 καὶ
1806 1457 1904 1524 τῆς
1939 1453 2040 1524 μὲν

369 1545 657 1616 οἰκοδομῆς
684 1547 848 1608 πολὺς
877 1549 906 1600 6
945 1547 1154 1618 χρόνος,
1183 1547 1282 1615 τῆς
1314 1544 1370 1597 δὲ
1421 1542 1793 1613 καθαιρέσεως
1838 1540 2038 1608 ὀλίγος.

387 1632 508 1684 Ἐπὶ
551 1632 606 1683 δὲ
653 1631 746 1684 τοῦ
793 1633 928 1684 Θεοῦ
973 1631 1033 1684 τὸ
1079 1631 1346 1684 ἀνάπαλιν
1371 1645 1384 1659 ³
1423 1630 1552 1682 ὅταν
1591 1627 1788 1698 κτίζῃ,
1831 1625 2041 1696 ταχέως

374 1716 578 1781 κτίζει·
617 1719 744 1771 ὃταν
783 1719 1156 1788 καταστρέφη,
1185 1718 1426 1788 βραδέως
1448 1715 1834 1784 καταστρέφει.
1861 1711 2042 1781 Ταχὺς

374 1808 401 1858 6
431 1805 564 1868 Θεὸς
603 1803 834 1867 κτίζων,
863 1805 1059 1874 βραδὺς
1112 1805 1534 1874 καταστρέφων·
1571 1802 1758 1873 ἐπειδὴ
1809 1799 1928 1870 Θεῷ
1975 1801 2042 1854 τά

373 1891 465 1942 δύο
509 1891 822 1960 πρέποντα·
867 1890 958 1942 καὶ
1006 1889 1114 1960 γάρ
1163 1891 1360 1952 ἐκεῖνο,
1386 1889 1686 1959 δυνάμεως,
1721 1888 1816 1940 καὶ
1859 1885 2039 1950 τοῦτο,

375 1977 736 2046 ἁγαθότητος·
766 1975 832 2028 δι’
866 1975 1168 2048 ὑπερϐολὴν
1200 1975 1482 2046 δυνάμεως
1510 1976 1697 2046 ταχὺς,
1729 1973 1817 2027 διὰ
1843 1973 2043 2043 πολλὴν

377 2063 688 2132 ἀγαθότητα
731 2063 956 2134 βραδύς·
1001 2063 1221 2132 ἐλεγχος
1250 2063 1308 2115 δὲ
1352 2063 1461 2116 τῶν
1501 2064 1783 2134 ῥημάτων,
1819 2064 1851 2133 ἡ
1883 2063 2045 2131 πεῖρα

375 2147 484 2198 τῶν
519 2148 878 2218 πραγμάτων.
929 2148 1018 2199 Ἐν
1058 2146 1118 2211 ἓξ
1149 2147 1383 2216 ἡμέραις
1435 2146 1687 2216 ἐποίησεν
1725 2149 1754 2200 6
1781 2145 1914 2208 Θεὸς
1952 2145 2046 2197 τὸν

377 2236 604 2304 οὐρανὸν
645 2237 740 2288 καὶ
774 2237 874 2307 τὴν
907 2236 1030 2306 γῆν,
1073 2235 1143 2288 τά
1188 2236 1394 2306 μεγέθη
1429 2235 1534 2288 τῶν
1569 2235 1761 2305 ὀρέων,
1804 2233 1907 2296 τὰς
1950 2250 2048 2286 πε-

377 2323 579 2386 διάδας,
619 2325 716 2386 τὰς
763 2324 1087 2394 φάραγγας,
1120 2323 1218 2387 τὰς
1254 2323 1457 2386 νάπας,
1509 2323 1607 2386 τὰς
1635 2321 1785 2385 ὕλας,
1813 2321 1882 2374 τά
1920 2320 2047 2390 βλα-

380 2411 662 2483 στήματα,
705 2412 921 2482 πηγὰς,
967 2412 1278 2482 ποταμοὺς,
1320 2411 1642 2482 παράδεισον
1666 2451 1681 2476 ,
1717 2411 1896 2464 πᾶσαν
1949 2411 2049 2480 τὴν

377 2498 662 2570 ὁρωμένην
688 2498 982 2560 ποικιλίαν,
1009 2499 1108 2569 τὴν
1143 2498 1412 2552 θάλατταν
1441 2498 1642 2568 ταύτην
1673 2497 1772 2570 τὴν
1809 2496 2050 2568 μεγάλην

379 2586 472 2640 καὶ
497 2585 828 2656 εὐρύχωρον,
861 2585 957 2648 τάς
985 2586 1200 2656 νήσους,
1230 2586 1324 2648 τὰς
1367 2585 1667 2655 παραλίους
1696 2583 1876 2655 χώρας
1898 2623 1912 2646 ,
1955 2583 2052 2638 καί

378 2673 478 2736 τάς
505 2671 852 2744 μεσογείους·
909 2671 1086 2724 πάντα
1129 2672 1221 2723 τὸν
1271 2672 1547 2743 ὁρώμενον
1595 2671 1781 2724 τοῦτον
1824 2671 2046 2742 κόσμον,

378 2761 475 2813 καὶ
499 2759 562 2812 τὸ
587 2761 644 2811 ὲν
675 2758 820 2828 αὐτῷ
842 2758 1060 2820 κάλλος,
1101 2759 1158 2810 ἐν
1186 2758 1244 2824 ἒξ
1283 2759 1518 2828 ἡμέραις
1547 2759 1800 2828 ἐποίησεν
1825 2761 1854 2812 6
1880 2759 2013 2823 Θεός
2031 2775 2046 2790 ·

380 2845 447 2898 τά
481 2847 538 2898 ἐν
577 2845 727 2915 αὐτῷ
760 2843 876 2908 ζῶα
907 2843 976 2897 τά
1023 2843 1234 2912 λογικὰ,
1265 2845 1360 2896 καὶ
1401 2843 1470 2896 τὰ
1515 2843 1702 2914 ἄλογα,
1737 2845 1832 2899 καὶ
1871 2847 2050 2900 πᾶσαν

381 2933 479 3004 τὴν
506 2933 790 3003 ὁρωμένην
827 2933 1187 3002 διακόσμησιν
1222 2933 1278 2984 ἐν
1309 2931 1368 2996 ἓξ
1409 2933 1642 3003 ἡμέραις
1677 2935 1840 2990 ποιεῖ.
1881 2926 2051 2998 Οὗτος

381 3017 473 3074 οῦν
505 3021 532 3074 6
559 3020 728 3091 ταχὺς
759 3022 838 3084 είς
866 3019 925 3072 τὸ
958 3019 1183 3083 κτίζειν,
1218 3020 1305 3072 ὅτε
1349 3019 1702 3074 ἐϐουλεύσατο
1731 3021 1859 3092 μίαν
1896 3022 2052 3076 πόλιν

379 3107 652 3173 καθελεῖν,
704 3107 900 3178 εὑρέθη
947 3107 1147 3177 βραδὺς
1197 3107 1347 3179 [555]
1391 3108 1458 3160 δι’
1509 3109 1844 3180 άγαθότητα.
1895 3109 2051 3163 Θέλει

383 3195 630 3262 καθελεῖν
659 3193 758 3266 τὴν
800 3193 1028 3265 Ἰεριχὼ,
1061 3194 1152 3246 καί
1188 3211 1321 3263 φησι
1353 3194 1491 3264 πρὸς
1518 3195 1609 3248 τὸν
1641 3197 1856 3268 Ἰσραήλ
1879 3213 1892 3228 ·
1934 3200 2050 3251 Κυ-

385 3282 656 3336 κλώσιιτε
690 3281 884 3348 αὐτὴν
927 3281 1026 3334 ἐπὶ
1073 3281 1224 3335 ἑπτὰ
1271 3281 1524 3350 ἡμέρας·
1571 3285 1672 3338 καὶ
1713 3283 1788 3352 τῇ
1833 3285 2050 3354 ἐϐδόμῃ

384 3371 576 3442 ἡμέρᾳ
621 3373 892 3426 πεσεῖται
931 3371 999 3424 τὸ
1045 3372 1259 3440 τεῖχος.
1317 3373 1420 3425 Τὸν
1472 3374 1675 3444 κόσμον
1719 3375 1837 3427 ὅλον
1885 3377 1944 3430 ἐν
1993 3377 2054 3442 ἒξ

385 3461 622 3532 ἡμέραις
651 3459 1102 3523 κατασκευάζεις,
1123 3459 1217 3512 καὶ
1245 3459 1372 3528 μίαν
1396 3459 1550 3513 πόλιν
1573 3462 1630 3514 ἐν
1654 3461 1794 3514 ἐπτά
1821 3462 2052 3535 ἡμέραις

384 3549 565 3612 λύεις;
595 3547 649 3601 τί
686 3547 795 3616 γὰρ
838 3546 1115 3617 ἐμποδίζει
1153 3563 1246 3599 σου
1293 3550 1358 3618 τῇ
1391 3547 1710 3620 δυναστεία;
1740 3549 1827 3602 διὰ
1863 3550 1915 3602 τί
1944 3552 2053 3624 γὰρ

389 3637 464 3706 μὴ
499 3635 694 3706 ἀθρόον
743 3633 1060 3705 καθαιρεῖς;
1117 3633 1177 3686 οὐ
1223 3635 1352 3704 περὶ
1396 3634 1488 3688 σοῦ
1543 3637 1571 3688 6
1625 3638 1911 3708 προφήτης
1956 3637 2054 3710 βοᾷ

385 3723 558 3790 λέγων
581 3737 595 3751 ·
640 3719 775 3773 Ἐὰν
799 3719 1054 3787 ἀνοίξῃς
1088 3719 1196 3772 τὸν
1230 3720 1511 3787 οὐρανὸν,
1552 3722 1766 3790 τρόμος
1794 3721 2054 3791 λήψεται

384 3811 502 3864 ἀπὸ
534 3807 650 3864 σοῦ
683 3808 812 3876 ὄρη,
847 3809 943 3860 καὶ
986 3807 1353 3873 τακήσονται
1387 3809 1467 3873 ὡς
1509 3810 1690 3876 κηρὸς
1726 3810 1842 3864 ἀπὸ
1871 3827 2055 3878 προσ.

383 3897 549 3950 ώπου
565 3897 754 3962 πυρός
773 3910 790 3958 ;
815 3895 876 3946 οὐ
899 3893 965 3946 τά
992 3893 1128 3965 ἔργα
1149 3894 1245 3964 τῆς
1268 3893 1546 3964 δυνάμεώς
1569 3913 1660 3950 σου
1677 3896 2051 3967 διηγούμενος,

387 3983 551 4052 φησὶν
583 3983 611 4034 6
633 3979 816 4044 Δαυῖδ,
850 3983 932 4034 υὺ
961 3982 1416 4050 φοϐηθησόμεθα
1440 3981 1512 4034 ἐν
1537 3980 1617 4046 τῷ
1645 3983 2054 4050 ταράσσεσθαι

385 4071 502 4136 τὴν
535 4069 672 4138 γῆν,
709 4069 808 4122 καὶ
834 4069 1251 4137 μετατίθεσθαι
1286 4069 1392 4138 ὄρη
1426 4070 1497 4122 ἐν
1524 4069 1794 4138 καρδίαις
1825 4073 2050 4125 θαλασ-

385 4156 546 4222 σῶν;
571 4159 710 4228 Ὄρη
739 4155 870 4230 δύνῃ
898 4156 1177 4227 μεθιστᾷν,
1201 4156 1294 4210 καὶ
1326 4158 1406 4218 είς
1435 4157 1708 4212 θάλασσαν
1741 4159 2050 4229 ἐμϐάλλειν,

388 4245 483 4296 καὶ
526 4245 654 4314 μίαν
700 4244 854 4297 πόλιν
884 4243 944 4295 οὐ
985 4242 1158 4306 θέλεις
1185 4243 1433 4296 καθελεῖν
1466 4244 1886 4313 άντιλέγουσαν,
1938 4245 2053 4298 ἀλλ’

389 4331 530 4384 ἐπτὰ
562 4330 774 4401 ἡμέρας
813 4331 970 4393 δίδως
997 4332 1064 4400 τῇ
1095 4329 1439 4399 καθαιρέσει;
1460 4330 1546 4384 διὰ
1579 4331 1662 4396 τί;
1697 4331 1806 4401 Οὐχ
1835 4333 1867 4402 ἡ
1897 4331 2056 4386 δύνα-

391 4433 504 4488 μις,
553 4417 738 4486 φησὶν,
784 4419 992 4479 ἀτονεῖ,
1029 4417 1141 4468 ἀλλ’
1190 4419 1223 4486 ἡ
1269 4417 1646 4488 φιλανθρωπία
1690 4418 2050 4488 μακροθυμεῖ.

387 4505 590 4574 Δίὸωμι
620 4503 758 4554 ἑπτά
780 4502 1014 4574 ἡμέρας,
1052 4501 1128 4565 ὼς
1159 4505 1223 4573 τῇ
1247 4503 1431 4557 Νινευῒ
1465 4507 1612 4574 τρεῖς
1641 4503 1852 4576 ἡμέρας
1875 4519 1890 4534 ⁸
1928 4505 2056 4570 ἴσως

387 4591 596 4656 δέξεται
626 4592 886 4660 κήρυγμα
927 4591 1232 4659 μετανοίας,
1271 4593 1364 4644 καὶ
1405 4591 1726 4663 σωθήσεται.
1751 4593 1860 4646 Καὶ
1909 4594 1991 4657 τίς
2027 4597 2056 4648 6

389 4679 672 4750 κηρύττων
695 4678 874 4739 αὐτοῖς
896 4676 994 4747 τὴν
1028 4677 1342 4746 μετάνοιαν;
1381 4679 1635 4748 Πολέμιοι
1662 4679 1760 4750 τὴν
1781 4679 1933 4732 πόλιν
1963 4699 2060 4733 πε-

392 4765 854 4836 ριετειχίσαντοιι·
896 4767 924 4816 6
960 4765 1263 4834 στρατηγὸς
1302 4766 1528 4818 ἐκύκλου
1559 4767 1626 4819 τά
1671 4767 1820 4836 τείχη
1843 4785 1856 4797 ·
1893 4769 2056 4830 πολὺς

389 4857 416 4908 6
446 4853 628 4924 φόϐος,
669 4852 836 4916 πολὺς
875 4853 902 4905 6
939 4851 1198 4922 θόρυϐος·
1248 4852 1406 4906 ποίαν
1443 4849 1535 4907 οῦν
1566 4856 1750 4916 αὐτοῖς
1793 4855 1910 4908 ὁδὸν
1957 4856 2058 4925 τῆς

393 4941 678 5008 μετανοίας
703 4937 980 5010 ἀνέῳξας;
1016 4937 1090 5008 μὴ
1123 4937 1231 5008 γὰρ
1267 4940 1550 5009 προφήτην
1585 4941 1946 5006 ἀπέστειλας;
1981 4941 2056 5013 μὴ

393 5025 501 5098 γὰρ
543 5026 934 5096 εὐαγγελιπὴν
990 5026 1302 5095 διεπέμψω,
1351 5027 1424 5097 μὴ
1467 5027 1576 5098 γὰρ
1635 5025 1704 5098 ἦν
1751 5045 1835 5092 τις
1875 5031 2057 5095 αὐτοῖς

393 5113 775 5184 ὑποτιθέμενος
808 5115 869 5167 τὸ
901 5114 1210 5184 συμφέρονς
1243 5115 1370 5176 Ναὶ,
1406 5115 1588 5184 φησὶν,
1623 5112 1766 5186 εἶχον
1803 5117 1949 5170 ἔνδον
1976 5118 2056 5171 δι-

392 5201 656 5254 δάσκαλον
696 5203 793 5271 τῆς
828 5201 1115 5270 μετανοίας
1141 5201 1239 5272 τὴν
1267 5201 1583 5273 θαυμαστὴν
1613 5203 1827 5275 ἐκείνην
1863 5205 2055 5272 Ῥαὰϐ,

395 5287 462 5356 ἡν
495 5287 673 5340 ἔσωσα
697 5288 784 5340 διὰ
807 5290 1116 5358 μετανοίας.
1142 5289 1247 5342 Τοῦ
1279 5289 1442 5343 αὐτοῦ
1466 5285 1532 5360 ἦν
1564 5291 1912 5362 φυράματος·
1945 5293 2057 5346 ἀλλ’

395 5369 580 5440 ἐπειδὴ
607 5369 664 5432 ἐξ
692 5370 854 5422 αὐτοῦ
881 5373 979 5425 οὐκ
1006 5367 1072 5442 ἦν
1100 5371 1192 5426 τοῦ
1215 5373 1580 5442 φρονήματος,
1612 5375 1710 5426 οὐκ
1734 5374 2058 5445 ἐκοινώνησε

395 5459 460 5528 τῇ
487 5457 734 5528 ἁμαρτίᾳ
759 5459 792 5527 ἡ
829 5459 903 5528 μὴ
941 5461 1318 5531 κοινωνήσασα
1348 5463 1412 5532 τῇ
1450 5461 1697 5532 ἀπιστία.

470 5549 529 5596 ε’.
553 5543 658 5596 Καὶ
683 5544 786 5613 ὅρα
810 5561 900 5612 μοι
919 5545 980 5596 τὸ
1007 5545 1157 5612 ξένον
1183 5549 1280 5616 τῆς
1310 5547 1720 5619 φιλανθρωπίας
1736 5547 2012 5619 κήρυγμα·
2033 5552 2061 5604 6

399 5629 573 5702 λέγων
601 5632 659 5684 ἐν
687 5629 765 5702 τῷ
793 5629 942 5700 νόμῳ
963 5647 974 5660 ·
1003 5633 1086 5685 Οὐ
1115 5635 1482 5700 μοιχεύσεις,
1509 5635 1571 5688 οὐ
1605 5635 1939 5707 πορνεύσειςν
1975 5655 2060 5708 με·

458 5740 482 5775 ⁸
507 5739 632 5802 Reg.
649 5751 784 5787 .unus
810 5743 864 5786 el
883 5735 1032 5787 Savil.
1054 5737 1500 5800 περιεστοιχίσαντο.

2133 497 2246 566 ρίου
2297 493 2505 565 Ἰησοῦ·
2547 493 2732 546 Ῥαὰϐ
2769 492 2810 559 ἡ
2853 491 3045 558 πόρνη
3073 489 3238 554 ζήτω.
3277 488 3484 558 Ἰησοῦς
3527 489 3726 554 ἐκεῖνος
3751 491 3784 544 6

2127 583 2287 656 Ναυῆ
2321 583 2435 648 υίὸς
2461 582 2490 633 6
2520 581 2714 650 λέγων,
2751 581 2814 635 Ἠ
2833 581 3024 648 πόρνη
3060 577 3224 644 ζήτω.
3261 577 3421 631 είκὼν
3449 573 3518 648 ἦν
3544 577 3636 631 τοῦ
3671 581 3780 632 Κυ-

2133 671 2248 742 ρίου
2284 669 2457 742 Ἰησοῦ
2522 668 2616 722 τοῦ
2663 667 2932 736 λέγοντος·
2969 667 3187 734 Πόρναι
3229 667 3324 718 καί
3367 663 3616 718 τελῶναι
3647 679 3787 734 προ-

2131 757 2390 822 ἀξουσιν
2415 755 2569 826 ὑμᾶς
2597 757 2685 821 είς
2718 754 2834 822 τὴν
2861 753 3190 818 ,Βασιλείαν
3227 750 3347 806 τῶν
3385 751 3674 818 οῠρωκῦν.
3724 753 3784 806 El

2133 847 2236 918 ζῇν
2265 846 2490 914 ὀφείλει,
2511 845 2598 898 διά
2621 844 2672 897 τί
2694 843 2863 914 πόρνη
2887 857 2902 906 ;
2929 843 2977 894 εί
3007 841 3202 914 πόρνη,
3223 840 3312 894 διὰ
3335 840 3386 892 τί
3411 839 3585 911 ζὴτως
3611 837 3788 908 Λέγω,

2133 935 2286 1000 φησὶ,
2319 932 2416 1003 τὴν
2453 932 2722 1002 προτέραν
2745 929 3099 988 κατάστασιν,
3123 928 3209 980 ἵνα
3229 927 3514 998 θαυμάσῃς
3543 927 3642 998 τὴν
3671 926 3792 979 δευο

2131 1021 2296 1090 τέραν
2344 1020 2690 1090 μετάστασιν.
2719 1019 2828 1070 Καὶ
2861 1015 2916 1068 τί
2947 1016 3192 1086 ἐποίησε,
3217 1015 3400 1084 φησὶν,
3427 1016 3460 1084 ἡ
3495 1015 3666 1068 Ῥαάϐ
3693 1032 3794 1068 σω·

2133 1107 2329 1176 τηρίας
2382 1105 2675 1175 πρόξενον;
2708 1105 2791 1157 ὅτι
2831 1101 3047 1166 ἐδέξατο
3088 1103 3214 1163 τούς
3249 1101 3625 1164 κατασκόπους
3659 1100 3800 1170 μετά

2135 1197 2387 1266 εἰρήνης;
2421 1192 2594 1246 Τοῦτο
2635 1190 2727 1246 καὶ
2764 1189 3157 1260 πανδοχεύτρια
3189 1191 3349 1242 ποιεῖ.
3387 1189 3523 1241 Ἀλλ’
3559 1189 3662 1241 οὐκ
3695 1188 3800 1242 ἀπὸ

2135 1281 2234 1350 τῆς
2266 1280 2462 1345 λέξεως
2509 1279 2679 1351 μόνης
2712 1276 3018 1349 καρποῦται
3063 1275 3159 1348 τὴν
3191 1274 3630 1346 σωτηρίαν,ἀλλά
3659 1293 3796 1346 προ-

2135 1369 2458 1440 ηγουμένως
2483 1367 2591 1420 ἀπὸ
2627 1366 2725 1436 τῆς
2753 1365 3009 1428 πίστεως,
3043 1365 3138 1417 καὶ
3169 1363 3268 1432 τῆς
3299 1361 3432 1434 πρὸς
3455 1361 3586 1414 Θεὸν
3617 1361 3803 1415 διαθέ-

2142 1473 2297 1520 σεως.
2329 1456 2437 1508 Καὶ
2473 1456 2561 1508 ἵνα
2605 1453 2784 1525 μάθῃς
2825 1453 2923 1524 τὴν
2964 1449 3267 1522 ὑπερϐολὴν
3307 1449 3408 1518 τῆς
3443 1451 3498 1501 ἐν
3539 1449 3680 1520 αὐτῇ
3715 1449 3802 1501 πί-

2143 1560 2331 1606 στεως,
2363 1543 2526 1596 ἄκουε
2557 1542 2724 1611 αὐτῆς
2749 1541 2849 1609 τῆς
2874 1538 3098 1610 Γραφῆς
3129 1537 3486 1607 διηγουμένης
3505 1535 3576 1588 τά
3597 1553 3666 1606 με
3675 1553 3806 1606 μαρ-

2141 1629 2424 1702 τυρημένα
2463 1629 2600 1699 αὐτῇ
2631 1627 3048 1698 κατορθώματα.
3095 1622 3202 1678 Ἦν
3231 1627 3288 1678 ἐν
3327 1624 3580 1696 πορνείῳ,
3617 1623 3808 1693 ὥσπερ

2149 1717 2494 1789 μαργαρίτης
2554 1719 2611 1770 ἐν
2663 1715 2907 1787 βορϐόρῳ
2960 1712 3456 1784 συμπεφυρμένος,
3495 1711 3703 1780 χρυσὸς
3755 1713 3810 1763 ἐν

2146 1803 2302 1876 πηλῷ
2353 1804 2770 1875 διερριμμένος,
2816 1801 2977 1865 ἀνθος
3006 1799 3286 1862 εὐσεϐείας
3323 1797 3588 1862 ἀκάνθαις
3635 1816 3811 1869 κεχω-

2148 1891 2362 1962 σμένον,
2385 1891 2612 1961 εὐσεϐὴς
2643 1890 2786 1960 ψυχὴ
2811 1892 2867 1942 ἐν
2889 1887 3144 1949 ἀσεϐείας
3173 1885 3334 1957 χώρῳ
3365 1885 3812 1939 κατεκέκλειστο.

2147 1979 2250 2033 Καί
2281 1997 2368 2050 μοι
2393 1979 2627 2049 πρόσεχε
2649 1978 2740 2031 τὸν
2763 1977 2885 2030 νοῦν
2917 1975 3180 2046 ἀκριϐῶς.
3221 1973 3466 2040 Ἐδέξατο
3488 1974 3614 2036 τοὺς
3639 1990 3812 2025 κατα-

2149 2067 2402 2130 σκόπους,
2445 2067 2537 2120 καὶ
2573 2065 2633 2118 δν
2663 2065 2972 2136 προέδωκεν
3005 2061 3218 2133 Ἰσραὴλ
3247 2061 3303 2114 ἐν
3337 2063 3402 2132 τῇ
3438 2061 3654 2130 ἐρήμῳ,
3689 2059 3814 2112 τοῦ·

2145 2171 2238 2208 τον
2266 2153 2533 2225 ἐκήρυξεν
2571 2155 2604 2223 ἡ
2649 2151 2818 2205 Ῥαὰϐ
2849 2153 2907 2204 ἐν
2943 2149 3020 2221 τῷ
3055 2149 3306 2219 πορνείῳ.
3335 2142 3457 2200 Οἷον
3497 2147 3552 2200 τί
3583 2147 3758 2214 λέγω,
3789 2149 3817 2198 ὁ

2161 2241 2376 2312 Ἰσραὴλ
2403 2242 2462 2294 ἐν
2489 2243 2555 2310 τῇ
2587 2240 2810 2310 ἐρήμῳ;
2843 2239 2968 2291 Ὅτε
3003 2235 3063 2289 τὸ
3106 2235 3230 2305 ὅρος
3263 2234 3618 2305 ἐπεπλήρωτο
3659 2235 3816 2302 νεφέο

2147 2329 2267 2400 λης,
2303 2329 2397 2382 καὶ
2436 2329 2658 2397 γνόφου,
2713 2327 2807 2380 καὶ
2855 2325 3190 2392 σαλπίγγων,
3229 2324 3323 2376 καὶ
3355 2321 3678 2392 ἀστραπῶν,
3725 2323 3816 2375 καὶ

2147 2416 2258 2470 τῶν
2283 2415 2457 2470 ἄλλων
2487 2414 2792 2485 φοϐήτρων,
2837 2413 3035 2483 ἢκουσε
3065 2411 3216 2483 παρά
3247 2409 3342 2462 τοῦ
3371 2409 3504 2461 Θεοῦ
3545 2411 3608 2462 ἐκ
3647 2409 3815 2476 μέσου

2147 2503 2241 2556 τοῦ
2272 2503 2443 2574 πυρός
2462 2519 2476 2532 ·
2506 2503 2712 2556 Ἄκουε
2743 2497 3019 2568 Ἰσραήλ·
3049 2500 3261 2568 Κύριος
3287 2501 3319 2551 ό
3346 2499 3489 2563 Θεός
3518 2511 3664 2558 σου,
3703 2497 3816 2550 Κύ-

2141 2609 2274 2659 ριος
2301 2585 2389 2656 εἷς
2415 2590 2588 2643 ἐστιν
2606 2606 2622 2620 ·
2652 2590 2763 2642 οὐκ
2787 2587 3031 2641 ἔσονταί
3061 2601 3162 2639 σοι
3191 2585 3311 2640 θεοὶ
3341 2585 3557 2652 ἕτεροι·
3601 2584 3726 2653 ἐγὼ
3751 2584 3818 2638 ἐν

2149 2677 2229 2744 τῷ
2255 2676 2487 2746 οὐρανῷ
2528 2677 2672 2740 ἀνω,
2703 2676 2800 2729 καὶ
2827 2676 2898 2728 ὲν
2925 2673 3001 2744 τῇ
3039 2673 3116 2744 γῇ
3144 2673 3322 2736 κάτω,
3349 2673 3450 2726 καὶ
3471 2669 3642 2740 πλὴν
3671 2671 3818 2741 ἐμοῦ

2153 2765 2295 2831 Θεὸς
2319 2767 2430 2818 οὐκ
2466 2763 2622 2836 [554]
2643 2763 2774 2817 ἐστι
2793 2779 2807 2794 ·
2835 2761 3008 2815 ταῦτα
3031 2759 3243 2814 ἀκούων
3271 2761 3300 2813 6
3341 2759 3574 2830 Ἰσραὴλ,
3615 2761 3818 2829 μόσχον

2151 2853 2439 2924 ἐχώνευσε,
2469 2853 2563 2906 καὶ
2603 2852 2736 2905 Θεὸν
2781 2851 3076 2922 ὴθέτησεν·
3105 2849 3338 2920 ἠγνόησε
3375 2850 3465 2902 τὸν
3513 2851 3814 2920 Δεσπότην,

2151 2941 2371 3008 ἀπέγνω
2394 2941 2484 2993 τὸν
2505 2939 2821 3010 εὐεργέτην,
2856 2937 2948 2991 καὶ
2979 2937 3128 3006 λέγει
3155 2937 3234 3006 τῷ
3268 2936 3479 3008 Ἀαρών
3497 2953 3511 2965 ⁸
3547 2937 3820 3004 Ποίησον

2151 3029 2295 3098 ἡμῖν
2330 3029 2522 3094 θεούς.
2573 3028 2636 3080 Et
2683 3026 2866 3089 θεοὺς,
2907 3025 2996 3078 διὰ
3023 3025 3076 3077 τί
3105 3025 3398 3091 ποίησον;
3433 3021 3550 3086 πῶς
3603 3023 3724 3076 θεοὶ
3757 3023 3820 3075 τὰ

2152 3115 2441 3185 γινόμενα;
2496 3112 2680 3175 Οὕτως
2730 3115 2762 3182 ἡ
2803 3112 2970 3166 κακία
3017 3109 3429 3180 τυφλώττουσα,
3477 3109 3612 3180 αὐτὴ
3653 3111 3817 3180 ἑαυτῇ

2157 3200 2406 3270 μάχεται,
2438 3199 2532 3251 καὶ
2573 3197 2774 3266 ἑαυτὴν
2807 3195 3074 3266 ἀφανίζει.
3101 3191 3194 3259 Εἷς
3227 3195 3442 3263 ἐγένετο
3471 3195 3700 3265 μόσχος,
3731 3195 3820 3247 καὶ

2155 3287 2254 3359 βοᾷ
2277 3290 2305 3340 6
2330 3287 2620 3358 ἀχάριστος
2655 3285 2870 3356 Ἰσραήλ
2888 3301 2902 3316 ·
2929 3281 3106 3340 Οὗτοι
3134 3285 3188 3337 οι
3217 3284 3341 3337 θεοί
3367 3297 3504 3346 σου,
3547 3283 3818 3352 Ἰσραὴλ,

2153 3379 2206 3428 οι
2241 3373 2634 3444 ἐξαγαγόντες
2671 3387 2745 3425 σε
2779 3371 2846 3424 ἐκ
2875 3371 2988 3441 γῆς
3019 3372 3341 3440 Αἰγύπτου.
3385 3365 3542 3424 Οὗτοι
3583 3373 3629 3422 οἱ
3677 3370 3820 3423 θεοί⁴

2153 3463 2250 3514 ἕνα
2277 3461 2462 3532 βλέπει
2491 3462 2709 3531 μόσχον,
2741 3459 2798 3512 ἓν
2833 3461 2895 3512 τὸ
2923 3459 3205 3529 γινόμενον
3231 3459 3468 3519 εἴδωλον,
3497 3459 3590 3510 διά
3620 3459 3678 3510 τί
3711 3455 3820 3522 οῦν,

2158 3543 2332 3602 οὗτοι
2363 3549 2418 3600 οἱ
2448 3547 2572 3599 θεοί
2593 3562 2612 3609 ;
2635 3547 2748 3598 Ἵνα
2779 3543 2944 3616 δείξῃ,
2971 3545 3050 3598 ὅτι
3073 3545 3171 3614 οὐχ
3191 3545 3219 3597 ὃ
3245 3545 3430 3614 βλέπει
3458 3545 3618 3614 μόνον
3655 3563 3823 3616 προσ·

2155 3633 2324 3695 κυνεῖ,
2356 3631 2490 3684 ἀλλά
2517 3630 2808 3684 πολυθεϊαν
2849 3628 3177 3698 φαντάζεται
3197 3645 3210 3658 ·
3243 3629 3343 3700 τὴν
3379 3629 3608 3699 γνώμην
3650 3631 3826 3700 ἑρμη-

2155 3717 2318 3780 νεύει,
2353 3719 2414 3771 οὐ
2453 3717 2515 3771 τὸ
2553 3717 2874 3788 φαινόμενον
2914 3716 3108 3788 κρίνει.
3137 3716 3254 3769 Ἵνα
3286 3717 3342 3769 δὲ
3371 3718 3450 3780 είς
3493 3717 3557 3768 τὸ
3603 3717 3826 3790 προκεί-

2157 3823 2315 3874 μενον
2347 3805 2727 3874 ἐπανέλθωμεν
2757 3805 2939 3870 πάλιν,
2982 3804 3018 3858 ἀ
3045 3804 3274 3874 ἤκουσεν
3305 3803 3540 3875 Ἰσραὴλ,
3579 3807 3608 3858 6
3635 3803 3830 3858 τοσοῦ·

2152 3909 2264 3955 τοις
2291 3891 2820 3963 περιστοιχιζόμενος
2853 3891 3110 3962 θαύμασι,
3137 3891 3232 3944 καὶ
3253 3891 3490 3960 τοσούτῳ
3517 3891 3676 3962 νόμῳ
3703 3909 3830 3945 παι-

2153 3979 2588 4050 δαγωγούμενος,
2637 3980 2732 4033 καὶ
2777 3981 3074 4051 ἠρνήσατο,
3111 3979 3284 4033 ταῦτα
3323 3983 3356 4049 ἡ
3409 3979 3580 4032 Ῥαὰϐ
3615 3983 3827 4034 ἀποκε-

2155 4067 2446 4138 κλεισμένη
2490 4069 2547 4120 ἐν
2605 4065 2680 4138 τῷ
2733 4067 2970 4137 πορνείῳ
3017 4067 3310 4136 κηρύττει·
3363 4067 3506 4134 λέγει
3555 4069 3672 4138 γάρ
3715 4071 3828 4132 τοῖς

2155 4155 2554 4217 κατασκόποις·
2591 4155 2888 4222 Ἕτνωμεν
2911 4153 3029 4207 ὅσα
3070 4154 3360 4222 ἐποίησεν
3401 4157 3434 4207 ό
3463 4157 3610 4220 Θεέ-ς
3657 4155 3828 4224 ὑμῶν

2155 4241 2280 4306 τοῖς
2307 4244 2664 4310 Αἰγυπτίοις.
2701 4241 2759 4294 '0
2785 4241 3032 4304 Ἰουδαῖος
3058 4241 3235 4311 λέγει·
3270 4238 3442 4297 Οὗτοι
3465 4245 3520 4294 οί
3551 4245 3684 4296 θεοί
3711 4260 3829 4297 σου

2157 4332 2210 4382 οί
2239 4329 2632 4397 ἐξαγαγόντες
2661 4343 2735 4382 σε
2763 4329 2832 4382 ἐκ
2863 4327 2974 4398 τῆς
3001 4329 3322 4398 Αἰγύπτου,
3348 4331 3441 4382 καὶ
3471 4331 3502 4398 ἡ
3535 4330 3738 4400 πόρνη,
3765 4331 3828 4383 οὐ

2157 4415 2319 4480 θεοῖς,
2356 4415 2489 4468 ἀλλά
2521 4415 2640 4485 Θεῷ
2683 4417 2976 4486 ἐπιγράφει
3027 4417 3128 4487 τὴν
3169 4417 3460 4488 σωτηρίαν.
3513 4417 3832 4486 Ἔγνωμεν

2157 4504 2272 4557 ὅσα
2299 4507 2332 4557 ό
2353 4503 2496 4568 Θεὸς
2523 4502 2687 4571 ὑμῶν
2714 4504 2966 4570 ἐποίησε
2999 4503 3474 4572 τοῖςΑιγι,ιπτιόις
3491 4503 3562 4556 ἐν
3591 4504 3669 4574 τῇ
3691 4505 3830 4573 ἐρή-

2151 4609 2264 4662 μῳ,
2295 4591 2392 4644 καὶ
2429 4591 2802 4660 ἠκούσαμεν,
2835 4591 2930 4644 καὶ
2956 4589 3136 4658 ἐτάκη
3175 4589 3342 4658 ἡμῶν
3379 4593 3416 4659 ἡ
3453 4591 3692 4658 καρδία,
3727 4595 3828 4645 καὶ

2157 4677 2335 4748 ἰσχὺς
2367 4679 2436 4731 ἐν
2457 4678 2601 4747 ἡμῖν
2621 4681 2730 4732 οὐκ
2763 4680 2951 4731 ἐστιν.
2975 4679 3278 4746 Ἕγνωμεν
3303 4677 3418 4730 ὅσα
3435 4681 3467 4730 ό
3485 4678 3630 4744 Θεὸς
3661 4679 3830 4744 ὑμῶν

2154 4767 2426 4834 ἐποίησε.
2468 4766 2692 4828 Βλέπεις
2734 4765 2850 4826 πῶς
2880 4764 3250 4835 ἀναλαμϐάνει
3291 4765 3385 4817 τοῦ
3435 4767 3734 4835 νομοθέτου
3769 4767 3830 4819 τὸ

2159 4854 2310 4924 ῥῆμα
2334 4853 2421 4907 διὰ
2449 4852 2718 4916 πίστεως;
2749 4852 2859 4906 Καὶ
2891 4849 3043 4913 οἶδα,
3076 4852 3165 4905 ὅτι
3205 4855 3236 4905 ὁ
3265 4852 3408 4918 Θεὸς
3443 4851 3614 4920 ὑμῶν
3643 4855 3718 4906 ἐν
3751 4853 3829 4918 τῷ

2157 4939 2388 5008 οὐρανῷ
2437 4939 2578 5002 ἅνω,
2629 4939 2727 4994 καὶ
2769 4939 2839 4992 ἐν
2871 4938 2944 5007 τῇ
2981 4937 3057 5008 γῆ
3091 4939 3265 5004 κάτω,
3304 4941 3400 4994 καὶ
3433 4939 3607 5010 πλὴν
3635 4942 3826 4996 αὑτοῦ

2160 5029 2304 5094 Θεὸς
2329 5029 2440 5082 οὐκ
2471 5027 2662 5081 ἐστιν.

2229 5114 2406 5168 Είκὼν
2430 5115 2530 5184 τῆς
2564 5113 2945 5184 Ἐκκλησίαςὴ
2979 5113 3146 5166 Ῥαὰϐ
3179 5115 3277 5182 τῆς
3303 5133 3432 5168 ποτε
3469 5115 3830 5186 πεφυρμένης

2157 5205 2222 5274 τῇ
2255 5201 2477 5272 πορνείᾳ
2523 5201 2630 5252 τῶν
2682 5201 2972 5269 δαιμόνων,
3022 5201 3313 5271 δεχομένης
3335 5201 3390 5254 δὲ
3421 5201 3515 5255 νῦν
3561 5205 3688 5265 τοὺς
3727 5205 3830 5257 τοῦ

2159 5287 2399 5361 Χριστοῦ
2433 5287 2830 5352 κατασκόπους,
2866 5289 2927 5340 οὐ
2953 5290 3078 5352 τοὺς
3113 5291 3263 5358 παρὰ
3315 5289 3489 5358 Ἰησοῦ
3519 5291 3614 5343 τοῦ
3637 5292 3828 5360 Ναυῆ,

2159 5377 2292 5432 ἀλλὰ
2321 5377 2448 5438 τούς
2502 5375 2831 5438 ἀποστόλους
2870 5377 2994 5440 τούς
3041 5377 3192 5449 παρά
3226 5377 3400 5448 Ἰησοῦ
3441 5377 3532 5430 τοῦ
3565 5379 3834 5448 ἀληθινοῦ

2162 5467 2412 5536 Σωτῆρος
2447 5463 2914 5534 ἀπεσταλμένους.
2948 5467 3199 5534 Ἐγνων,
3241 5466 3435 5536 φησὶν,
3477 5465 3564 5518 ὄτι
3602 5469 3633 5519 ό
3675 5467 3836 5533 Θεὸς

2161 5551 2328 5623 ὑμῶν
2359 5551 2430 5606 ἐν
2465 5550 2545 5617 τῷ
2585 5551 2817 5620 οὐρανῷ
2847 5552 2988 5616 ἄνω,
3039 5551 3137 5605 καὶ
3182 5553 3249 5606 ὲν
3281 5551 3354 5620 τῇ
3387 5551 3463 5621 τῇ
3502 5551 3676 5616 κάτω,
3729 5557 3839 5608 καί

2165 5638 2333 5708 πλὴν
2363 5638 2550 5692 αὑτοῦ
2573 5640 2712 5704 Θεὸς
2741 5641 2854 5693 οὐκ
2884 5639 3034 5693 ἔστι.
3059 5638 3244 5692 Ταῦτα
3273 5639 3578 5708 παρέλαϐον
3601 5641 3646 5692 οἱ
3699 5641 3842 5695 Ἰου-

2166 5727 2322 5796 δαῖοι,
2359 5726 2454 5779 καὶ
2493 5726 2592 5778 οὐκ
2623 5725 2920 5795 ἐφύλαξαν·
2955 5725 3124 5781 ταῦτα
3161 5726 3386 5796 ἦκουσεν
3431 5727 3464 5796 ἡ
3507 5725 3840 5796 Ἐκκλησία,
