4036 6206
378 301 487 358 ’529

379 404 681 476 primordiis
731 412 1049 461 excmcatam
1112 397 1443 471 peccantium
1512 394 1779 456 animam,
1831 390 1954 460 quia

373 502 636 556 obturatas
661 507 813 553 erant
832 496 987 550 aures
1020 507 1228 556 eorum,
1256 505 1375 544 cum
1417 487 1469 542 in
1489 484 1805 555 profundum
1829 495 1956 551 pec-

369 593 476 648 cati
542 590 773 647 demersi
825 595 1024 642 essent.
1085 583 1269 638 Ilill'ert
1332 595 1458 649 ergo
1513 575 1735 632 tumenti
1797 572 1958 646 animi

376 684 565 744 atorbo
589 681 841 736 auxilium
871 679 1179 742 admovere,
1207 681 1432 744 postque
1462 677 1672 724 tantum
1699 663 1959 734 temporis

368 777 553 849 prodit
595 773 895 837 correctio;
924 779 1080 839 atque
1127 768 1179 821 in
1238 781 1344 818 uno
1389 760 1645 832 temporis
1687 765 1959 812 memet-to

365 848 685 939 panitentia
733 871 788 916 et
835 858 1097 915 remissio.
1133 856 1196 910 Et
1247 855 1493 908 Dominus
1551 848 1739 903 dimisit
1786 861 1961 915 pecta-

373 932 480 1011 lum
527 965 688 1008 tuum.
727 951 771 1008 Ο
810 948 1260 1020 dispensationem
1303 937 1714 999 comminantis!
1769 932 1960 991 Viden’

372 1047 514 1117 quod
570 1045 732 1100 velox
784 1043 852 1096 sit
897 1039 963 1095 ad
1025 1036 1290 1093 salutem?
1349 1033 1407 1088 ld
1461 1043 1512 1086 et
1563 1032 1614 1084 in
1669 1027 1787 1084 aliis
1835 1024 1961 1080 facit

365 1138 592 1193 'tardans
619 1134 832 1205 quidem
880 1131 947 1186 ad
989 1123 1524 1189 destruetioncm,ad
1574 1117 1960 1191 protectionem

371 1246 506 1286 vero
547 1241 856 1298 properans.
886 1221 1127 1292 Exempli
1167 1234 1361 1285 causa,
1393 1214 1532 1286 apud
1578 1227 1675 1268 nos
1716 1210 1961 1266 homines

365 1320 544 1375 multo
565 1327 805 1387 tempore
830 1315 1053 1370 aedilicia
1097 1318 1498 1375 construuntur,
1522 1305 1793 1374 multoque
1820 1312 1961 1357 tem—

377 1428 513 1484 pore
531 1411 748 1466 domum
776 1409 1103 1463 aedificamus
1129 1422 1144 1459 :
1166 1412 1324 1474 atque
1343 1403 1506 1471 ipsius
1526 1405 1803 1453 structurze
1821 1393 1960 1448 mul-

367 1514 487 1558 tum
507 1510 590 1557 est
607 1499 885 1570 temporis,
907 1513 1096 1569 parum
1119 1510 1246 1549 vero
1256 1489 1649 1549 destructionis.
1673 1489 1726 1542 In
1746 1487 1852 1541 Deo
1870 1501 1963 1538 au-

377 1603 485 1649 tem
506 1592 838 1647 contrarium
863 1587 1053 1644 accidit
1087 1603 1102 1640 :
1127 1599 1248 1640 cum
1265 1581 1510 1643 aedificat,
1527 1579 1782 1633 velociter
1804 1574 1964 1630 mdili‘

374 1697 500 1743 cat:
531 1702 649 1742 cum
675 1682 920 1746 destruit,
943 1679 1090 1733 tarde
1117 1675 1362 1730 destruit.
1379 1671 1549 1727 Velox
1573 1671 1710 1724 Deus
1729 1679 1957 1731 struens,

375 1780 565 1836 tardus
579 1778 803 1834 diruens
820 1792 834 1826 :
853 1773 976 1845 quia
1005 1771 1116 1825 Deo
1137 1768 1252 1822 haec
1267 1764 1425 1819 ambo
1440 1761 1762 1818 conveniunt
1791 1777 1803 1812 :
1836 1756 1962 1812 illud

374 1874 522 1929 enim
557 1871 805 1942 potentiae
839 1877 941 1933 est,
965 1865 1067 1920 hoc
1096 1860 1385 1918 bonitatis:
1421 1855 1673 1928 potentiae
1691 1852 1964 1908 excellen-

379 1965 453 2020 tia
477 1963 653 2026 velox,
678 1957 1042 2030 magnitudine
1064 1952 1314 2009 bonitatis
1349 1948 1549 2004 tardus.
1578 1947 1962 2016 Argumentum

375 2055 665 2110 verborum
691 2059 774 2106 est
794 2046 1120 2118 experientia
1137 2057 1336 2098 rerum.
1357 2040 1463 2094 Sex
1480 2037 1666 2092 diebus
1683 2035 1808 2089 fecit
1825 2033 1963 2086 Deus

379 2145 570 2200 caelum
599 2150 654 2198 et
685 2151 908 2202 terram,
940 2133 1331 2208 magnitudines
1355 2130 1646 2190 montium,
1676 2124 1922 2196 planities
1944 2164 1960 2189 ,

377 2237 566 2302 valles,
594 2234 778 2295 saltus,
807 2232 1004 2303 sylvas,
1039 2229 1266 2299 plantas.
1299 2223 1490 2287 fontes,
1520 2220 1769 2283 liurnina,
1801 2229 1960 2286 para—

377 2328 578 2395 disum,
610 2325 872 2380 visibilem
903 2335 1118 2376 omnem
1141 2318 1453 2372 varietatem
1474 2355 1491 2380 ,
1522 2312 1624 2368 hoc
1668 2325 1818 2367 mare
1845 2324 1963 2364 ma-

376 2436 541 2489 gnum
585 2427 657 2473 et‘
684 2416 1000 2487 spatiosum,
1030 2411 1250 2475 insulas,
1275 2407 1569 2462 maritimas
1604 2405 1850 2474 regiones
1870 2443 1886 2468 ,
1908 2408 1965 2457 et

382 2510 847 2572 mediterraneas;
898 2519 1115 2561 omnem
1177 2501 1320 2556 hunc
1382 2498 1642 2553 visibilem
1708 2495 1964 2551 mundum

379 2605 605 2675 ejusque
631 2597 1078 2672 pulchritudinem
1099 2609 1192 2649 sex
1213 2591 1401 2646 diebus
1428 2590 1550 2645 fecit
1568 2591 1705 2644 Deus
1725 2606 1740 2644 :
1762 2588 1966 2642 anima-

379 2696 448 2752 lia
470 2696 522 2750 in
542 2709 609 2749 eo
637 2690 936 2757 rationalia,
957 2698 1012 2742 et
1038 2682 1381 2746 irrationalia,
1398 2694 1736 2748 omnemque,
1759 2677 1968 2747 quisub

381 2797 654 2858 aspectum
681 2784 842 2850 cadit,
873 2789 1120 2837 ornatum
1161 2793 1255 2834 sex
1284 2776 1472 2832 diebus
1500 2772 1724 2844 perlicit.
1755 2771 1850 2825 llic
1872 2769 1968 2840 igi-

384 2889 473 2934 tur
506 2888 612 2933 tam
639 2875 792 2931 velox
841 2875 897 2930 in
944 2869 1324 2933 construendo,
1368 2882 1487 2923 cum
1537 2864 1858 2920 deliberaret
1896 2862 1966 2917 de

384 2988 491 3026 una
532 2966 856 3025 destruenda
891 2965 1042 3030 urbe,
1087 2962 1270 3018 tardus
1306 2960 1378 3030 ob
1405 2959 1693 3015 bonitatem
1721 2965 1965 3024 repertus

382 3073 490 3118 est.
523 3061 648 3115 Vult
691 3057 1058 3115 Jerichuntem
1105 3053 1336 3117 diruere,
1367 3063 1420 3105 et
1457 3050 1532 3104 ait
1570 3047 1638 3102 ad
1676 3047 1966 3102 lsraelem:

383 3155 607 3210 Circuite
633 3168 743 3206 eam
767 3159 954 3220 septem
983 3148 1177 3210 diebus,
1204 3156 1251 3200 et
1290 3145 1501 3214 septima
1526 3142 1608 3194 die
1627 3142 1772 3195 cadet
1795 3155 1969 3193 murus

385 3245 522 3318 (Jos.
555 3245 608 3299 ϐ.
632 3246 684 3300 5.
705 3242 784 3314 5).
819 3239 1072 3296 Mundum
1100 3238 1406 3292 universum
1429 3250 1521 3289 sex
1549 3231 1733 3288 condis
1756 3231 1966 3296 diebus,

385 3348 445 3392 et
478 3351 639 3390 unam
680 3333 867 3388 urbem
926 3340 1130 3400 septem
1175 3328 1364 3382 diebus
1411 3325 1615 3380 solvis?
1646 3322 1773 3394 quid
1823 3331 1966 3375 tuam

385 3426 612 3496 impedit
639 3422 972 3494 potentiam?
998 3435 1094 3477 cur
1122 3435 1240 3474 eam
1281 3424 1501 3486 repente
1547 3430 1652 3470 non
1697 3412 1969 3469 destruis?

385 3533 565 3572 annon
593 3516 662 3570 de
702 3524 754 3570 te
799 3514 996 3569 clamat
1039 3509 1328 3580 propheta,
1364 3508 1568 3572 dicens,
1599 3506 1659 3560 Si
1711 3503 1970 3574 aperueris

385 3607 590 3672 ctelum,
619 3616 805 3660 tremor
829 3622 861 3658 a
885 3613 934 3658 te
959 3611 1150 3657 montes
1168 3599 1450 3670 occupabit,
1479 3609 1525 3650 et
1546 3597 1814 3667 liquescent
1839 3594 1969 3647 sicut

384 3715 504 3753 cera
544 3714 578 3750 a
614 3698 746 3766 facie
784 3696 917 3767 ignis
943 3693 1092 3764 (Isai.
1117 3693 1205 3748 (ib.
1240 3693 1292 3746 I.
1323 3689 1424 3760 2)?
1452 3703 1628 3742 annon
1674 3684 1838 3739 David
1874 3700 1971 3753 po-

388 3792 571 3847 tentia;
622 3799 724 3844 tua:
771 3803 932 3858 opera
983 3799 1206 3839 narrans
1254 3783 1348 3847 ait,
1377 3779 1500 3834 Non
1528 3777 1808 3832 timebimus
1849 3777 1969 3829 dum

389 3882 673 3936 turbabitur
698 3891 852 3944 terra,
885 3887 932 3931 et
974 3879 1339 3947 transferentur
1376 3881 1568 3926 montes
1594 3871 1646 3923 in
1690 3885 1777 3922 cor
1815 3868 1970 3921 maris

388 3974 561 4046 (Psal.
589 3975 677 4030 45.
701 3975 735 4027 5
761 3973 812 4042 )?
839 3971 1046 4026 Montes
1074 3967 1367 4023 transferre
1387 3975 1440 4021 et
1483 3965 1536 4018 in
1575 3977 1724 4018 mare
1752 3962 1970 4032 injicere

387 4078 564 4138 potes,
596 4075 756 4134 atque
792 4063 979 4117 urbem
1015 4075 1175 4115 unam
1216 4065 1596 4127 repugnantem
1633 4071 1738 4108 non
1766 4053 1846 4108 vis
1871 4053 1968 4107 de-

388 4167 631 4222 struere,
663 4155 758 4212 sed
815 4164 1020 4224 septem
1065 4152 1182 4206 dies
1228 4149 1436 4206 excidio
1483 4146 1709 4201 tribuis?
1759 4143 1970 4214 quaret

390 4249 506 4306 Non
538 4247 794 4319 potentia,
821 4245 1020 4314 inquit,
1065 4241 1264 4307 delicit,
1311 4239 1405 4294 sed
1453 4236 1732 4292 clementia
1772 4234 1972 4290 diutius

391 4340 588 4396 tolerat
614 4357 627 4393 :
657 4339 727 4393 do
755 4346 959 4408 septem
987 4335 1103 4390 dies
1125 4374 1140 4399 ,
1172 4341 1231 4387 ut
1280 4331 1510 4386 triduum
1554 4330 1756 4383 Ninivae
1788 4344 1804 4383 :
1834 4328 1972 4383 forte

388 4431 612 4500 recipiet
639 4428 965 4501 paenitentiae
990 4424 1444 4496 praedicationem,
1477 4430 1530 4476 et
1567 4423 1788 4475 salutem
1843 4435 1973 4474 con-

389 4531 665 4592 sequetur.
696 4519 764 4574 Et
791 4519 910 4590 quis
936 4517 1014 4573 eis
1042 4515 1368 4586 pmnitentia:
1398 4512 1753 4583 prmdicator?
1780 4511 1972 4565 llostes

391 4616 579 4670 urbem
634 4613 1140 4680 circumsepserant,
1169 4607 1278 4662 dux
1326 4603 1692 4661 circumdabat
1742 4617 1966 4658 muros:

392 4720 617 4776 magnus
670 4715 863 4769 terror,
893 4705 1081 4772 ingens
1123 4699 1379 4754 tumultus
1411 4711 1606 4766 :quam
1664 4709 1792 4764 ergo
1843 4693 1972 4762 ipsis

390 4798 721 4870 pmnitentia:
748 4797 889 4849 viam
919 4791 1219 4864 aperuisti?
1243 4805 1366 4844 num
1396 4786 1709 4858 prophetam
1732 4785 1962 4839 misisti?

387 4904 519 4946 num
543 4884 965 4956 evangelistam?
991 4899 1116 4937 num
1147 4881 1266 4952 quis
1290 4886 1407 4934 erat
1435 4879 1571 4932 inter
1598 4892 1690 4931 eos
1710 4917 1724 4940 ,
1753 4877 1842 4945 qui
1867 4890 1927 4928 ea
1953 4916 1969 4940 ,

388 4994 511 5049 qua:
561 4979 739 5035 facere
793 4975 1123 5037 conveniret,
1169 4970 1513 5042 suggereret?
1555 4968 1749 5032 Etiam,
1780 4967 1969 5035 inquit,

389 5071 658 5126 habebant
685 5071 828 5125 intus
873 5066 1198 5138 poenitentia
1240 5063 1531 5126 doctorem,
1563 5059 1859 5113 mirabilem
1905 5057 1971 5111 il-

388 5165 495 5220 lam
522 5162 732 5228 Rahah,
755 5175 913 5231 quam
934 5174 1031 5230 per
1050 5155 1414 5226 paenitentiam
1438 5153 1640 5208 salvam
1669 5150 1787 5205 feci.
1817 5148 1972 5218 Ejus-

387 5261 514 5314 dem
537 5265 660 5316 erat
683 5272 898 5322 massae,
928 5254 1023 5311 sed
1051 5253 1174 5324 quia
1194 5249 1434 5322 ejusdem
1462 5263 1567 5303 non
1599 5255 1714 5303 erat
1751 5253 1969 5300 senten-

394 5353 503 5419 tias,
531 5369 638 5409 non
673 5347 1089 5407 communicavit
1117 5353 1355 5418 peccato,
1385 5357 1504 5414 qua:
1536 5355 1644 5398 non
1674 5337 1972 5394 communi-

393 5448 540 5503 cavit
567 5442 947 5501 incredulitati.

460 5540 518 5595 5.
558 5537 628 5592 Et
654 5535 774 5591 vide
797 5533 930 5590 mihi
958 5545 1152 5588 novam
1173 5527 1473 5586 clementis:
1502 5524 1968 5596 praedicationem:

387 5630 479 5693 qui
531 5629 585 5683 in
634 5628 753 5699 lege
803 5626 962 5691 dicit,
997 5623 1118 5679 Non
1143 5620 1468 5677 moliebaris
1493 5616 1686 5690 (Exod.
1714 5617 1806 5672 20.
1839 5615 1968 5688 14),

386 5736 498 5778 non
553 5719 926 5788 fornicaberis,
957 5717 1059 5776 hoc
1095 5713 1318 5775 verbum
1368 5719 1584 5786 propter
1630 5708 1966 5768 clementiam

1504 275 1596 331 DE
1635 269 2098 330 ΡΟΕΝΠΕΝΤῙΑ.
2138 269 2368 325 IIOMIL.
2413 269 2521 324 VII.

3536 272 3640 327 550

2063 395 2276 443 mutans
2302 386 2497 442 clamat
2541 399 2635 455 per
2674 383 2886 438 beatum
2932 384 3112 440 Jesnm
3141 403 3154 440 :
3188 385 3368 440 Rahab
3406 389 3641 440 meretrix

2063 485 2192 535 vivat
2225 481 2358 552 (Jos.
2392 481 2444 536 6.
2484 480 2605 551 I7)!
2633 480 2790 535 Jesus
2839 479 2931 534 ille
2989 480 3124 533 filius
3163 481 3326 548 Nave,
3351 482 3437 551 qui
3489 481 3640 548 dicit,

2065 572 2309 628 Meretrix
2347 573 2498 638 vivat,
2531 572 2702 641 imago
2751 580 2864 625 erat
2913 571 3118 624 Domini
3157 572 3300 636 Jesu,
3334 575 3421 642 qui
3468 574 3638 629 dicit:

2066 661 2353 716 Meretrices
2374 671 2419 715 et
2447 662 2700 731 publicani
2728 660 3007 731 prazcedent
3034 677 3118 714 vos
3144 664 3196 717 in
3225 679 3379 734 regno
3400 666 3640 718 cwlorum

2063 752 2277 822 (Matth.
2300 753 2390 806 21.
2426 751 2538 820 51).
2571 751 2626 807 Si
2653 752 2832 806 vivere
2849 751 3027 817 debet,
3051 768 3214 821 quare
3239 756 3493 809 meretrix
3523 757 3642 809 est?

2065 847 2109 901 si
2137 848 2411 908 meretrix,
2441 862 2604 916 quare
2651 847 2830 900 vivat?
2861 847 3006 912 Dico,
3037 846 3227 916 inquit,
3258 848 3485 916 priorem
3530 859 3638 901 sta-

2065 946 2328 1006 tnm,quo
2374 948 2683 1006 sequentem
2737 937 2946 990 mireris
2997 938 3363 991 mutationem.
3407 939 3472 993 Et
3517 940 3638 1010 quid

2063 1027 2214 1092 fecit,
2248 1030 2471 1099 inquies,
2501 1029 2690 1084 Rallah
2720 1030 2856 1100 quod
2903 1029 2969 1083 ad
3018 1031 3239 1084 salutem
3281 1031 3636 1086 conduceret?

2059 1123 2202 1193 quod
2229 1125 2596 1192 exploratores
2621 1138 2741 1176 cum
2782 1137 2909 1191 pace
2933 1123 3268 1191 susceperit?
3297 1123 3408 1177 Hoc
3445 1132 3497 1176 et
3540 1122 3640 1177 ho-

2063 1219 2198 1282 Spita
2228 1215 2370 1268 facit.
2403 1216 2470 1268 At
2499 1229 2603 1267 non
2643 1229 2708 1268 ex
2746 1214 2864 1268 solo
2912 1229 3158 1269 sermone
3189 1215 3409 1269 salutem
3457 1229 3645 1268 conse-

2064 1310 2277 1378 quitur;
2306 1307 2397 1362 sed
2429 1307 2694 1377 prmcipue
2732 1322 2797 1360 ex
2837 1306 2941 1361 fide
2977 1317 3031 1360 et
3059 1307 3250 1361 affectu
3293 1323 3416 1376 erga
3455 1307 3643 1361 Deum.

2066 1405 2238 1470 Atque
2268 1411 2326 1454 ut
2351 1401 2525 1454 discas
2561 1401 2680 1455 fidei
2709 1401 2852 1455 illius
2877 1400 3317 1472 magnitudinem,
3349 1401 3469 1454 audi
3492 1417 3642 1455 earn-

2064 1493 2184 1548 dent
2213 1495 2379 1562 ipsam
2407 1491 2757 1561 Seriptnram,
2785 1493 2899 1561 ejus
2940 1493 3192 1562 prmclara
3236 1503 3382 1561 gesta
3425 1508 3644 1546 narran-

2064 1593 2174 1638 tem
2203 1593 2361 1654 atque
2392 1593 2696 1638 testantem.
2731 1584 2860 1636 Erat
2887 1583 2938 1637 in
2965 1582 3170 1638 fornice
3191 1624 3204 1646 ,
3237 1598 3334 1637 ceu
3363 1584 3644 1654 margarita

2067 1675 2119 1727 in
2140 1689 2293 1728 emno
2317 1675 2549 1728 volutata
2570 1714 2586 1739 ,
2615 1691 2800 1728 aurum
2847 1674 3142 1744 projectum
3193 1675 3246 1729 in
3293 1675 3401 1729 luto
3427 1676 3633 1744 jaccns,

2066 1765 2164 1820 flos
2193 1765 2404 1834 pietatis
2433 1766 2600 1835 spinis
2627 1767 2848 1819 obrutus
2870 1806 2885 1829 ,
2921 1765 3004 1833 pia
3044 1766 3222 1818 anima
3261 1765 3316 1819 in
3360 1767 3646 1835 impietatis

2066 1856 2186 1910 loco
2235 1856 2672 1911 concludebatur.
2702 1856 2932 1911 Mentem
2969 1856 3098 1910 mihi
3127 1856 3413 1926 diligenter
3435 1857 3644 1912 adhibe.

2066 1945 2291 2016 Excepit
2341 1947 2728 2016 exploratores,
2781 1956 2835 2002 et
2885 1943 3056 2016 quem
3093 1947 3324 2018 prodidit
3377 1947 3537 2003 Israel
3596 1949 3648 2002 in

2067 2037 2319 2104 deserto,
2345 2038 2487 2093 hunc
2537 2038 2844 2108 praedicavit
2895 2038 3079 2094 Ilahab
3121 2039 3177 2093 in
3219 2039 3478 2110 lupanari.
3506 2040 3642 2107 Quid

2066 2144 2306 2184 memoro
2358 2129 2521 2184 Israel
2568 2131 2620 2184 in
2673 2130 3087 2186 desertolCum
3135 2147 3289 2186 mons
3347 2133 3652 2203 replebatur

2065 2222 2209 2276 nube
2249 2227 2306 2276 et
2353 2221 2598 2292 caligine,
2624 2222 2782 2286 tubis,
2809 2222 3098 2294 fulguribus
3125 2265 3141 2288 ,
3170 2224 3394 2295 aliisque
3441 2226 3650 2280 terribi-

2065 2311 2227 2380 libus,
2257 2311 2459 2367 audivit
2486 2327 2514 2365 a
2555 2313 2664 2367 Deo
2707 2311 2776 2366 de
2820 2312 2998 2367 medio
3048 2313 3230 2383 ignis:
3272 2316 3406 2368 Audi
3436 2315 3650 2370 Israel:

2067 2401 2317 2457 Dominus
2366 2403 2500 2459 Deus
2555 2414 2690 2470 tuus,
2719 2403 2967 2459 Dominus
3013 2422 3143 2460 unus
3190 2416 3260 2460 est
3286 2406 3463 2479 (Deut.
3493 2408 3545 2464 6.
3569 2407 3650 2478 4).

2069 2495 2190 2549 Νοη
2217 2505 2362 2550 erunt
2389 2495 2476 2549 tibi
2510 2495 2583 2548 dii
2606 2496 2696 2549 alii
2724 2496 2915 2568 (Exod.
2933 2496 3022 2552 20.
3049 2498 3129 2567 Δ).
3161 2496 3270 2568 Ego
3298 2500 3350 2553 in
3375 2499 3498 2554 cazlo
3534 2517 3649 2554 sur-

2067 2603 2178 2641 sum
2203 2596 2249 2640 et
2274 2588 2327 2640 in
2358 2595 2493 2639 terra
2518 2586 2772 2650 deorsum,
2794 2597 2842 2642 et
2886 2597 3068 2656 praeter
3120 2605 3199 2642 me
3244 2605 3344 2645 non
3394 2601 3464 2644 est
3514 2589 3655 2645 Deus

2074 2676 2249 2750 (Deut.
2286 2678 2340 2732 4.
2370 2678 2482 2749 59).
2514 2679 2639 2733 llmc
2672 2679 2895 2733 audiens
2922 2678 3084 2733 Israel
3113 2679 3333 2733 vitulum
3375 2679 3651 2744 conflavit,

2072 2770 2343 2838 Deumque
2369 2771 2674 2840 reprobavit
2705 2788 2717 2824 :
2743 2771 3005 2840 ignoravit
3025 2770 3326 2834 Dominum,
3353 2773 3654 2841 repudiavit

2073 2860 2486 2926 benefactorem,
2515 2871 2568 2917 et
2588 2861 2716 2918 dicit
2745 2863 2940 2917 Aaroni
2963 2880 2977 2919 :
3001 2861 3112 2915 Fac
3132 2862 3273 2916 nobis
3302 2862 3436 2917 Deos
3459 2863 3652 2936 (Exod.

2069 2951 2256 3022 52.1).
2275 2953 2332 3008 Si
2352 2952 2444 3017 dii,
2469 2969 2632 3024 quare
2655 2953 2808 3018 dicis,
2839 2954 2961 3027 fac?
2987 2955 3258 3025 quomodo
3283 2955 3376 3024 dii,
3408 2957 3455 3011 si
3487 2957 3655 3012 ﬁant?

2070 3043 2159 3100 Sic
2179 3045 2374 3100 malitia
2404 3054 2692 3112 excaecata,
2722 3060 2903 3101 secum
2932 3047 3046 3116 ipsa
3071 3056 3290 3118 pugnat,
3314 3049 3654 3119 semetipsam

2071 3138 2318 3193 destruit.
2342 3137 2493 3194 Unus
2526 3137 2698 3194 factus
2723 3146 2807 3193 est
2843 3140 3062 3206 vitulus,
3089 3151 3145 3196 et
3186 3141 3381 3196 clamat
3419 3142 3656 3213 ingratus

2073 3227 2234 3284 Israel
2265 3245 2281 3283 :
2318 3227 2388 3282 Ili
2426 3229 2499 3282 dii
2543 3231 2637 3292 tui,
2664 3227 2862 3296 Israel,
2885 3230 2970 3300 qui
3016 3231 3294 3284 eduxerunt
3336 3242 3384 3286 te
3420 3233 3481 3286 de
3524 3243 3656 3287 terra

2072 3319 2507 3392 zEgypti(Exod.
2555 3321 2644 3376 52.
2667 3322 2742 3392 4).
2776 3321 2846 3375 Ili
2883 3323 3001 3376 dii:
3028 3339 3188 3377 unum
3228 3322 3371 3378 videt
3410 3324 3654 3388 vitulum,

2074 3428 2237 3467 unum
2260 3413 2453 3467 factum
2482 3413 2722 3478 idolum;
2753 3429 2848 3468 cur
2867 3428 2994 3484 ergo
3021 3415 3074 3468 Ιιὶ
3105 3415 3221 3468 dii?
3259 3414 3325 3470 Ut
3351 3415 3658 3471 ostenderet

2072 3516 2131 3557 se
2161 3519 2264 3556 non
2295 3503 2456 3558 modo
2484 3503 2534 3556 id
2565 3502 2707 3572 quod
2732 3501 3209 3569 videbatadorare,
3236 3504 3330 3562 sed
3353 3516 3406 3560 et
3431 3505 3655 3560 deorum

2074 3593 2431 3662 pluralitatem
2464 3593 2773 3665 confingere
2799 3613 2814 3650 :
2841 3596 3162 3649 sententiam
3193 3610 3344 3649 suam
3387 3597 3654 3665 interpre-

2076 3693 2235 3750 tatur,
2267 3701 2374 3740 non
2411 3695 2588 3740 autem
2639 3685 2692 3740 id
2722 3685 2860 3756 quod
2891 3686 3100 3741 videtur
3118 3685 3339 3755 judicat.
3373 3685 3443 3742 Ut
3477 3697 3654 3741 autem

2073 3777 2140 3830 ad
2171 3775 2501 3847 pr0positum
2548 3783 2902 3842 revertamur,
2939 3792 3060 3846 quae
3108 3775 3307 3831 audivit
3349 3776 3546 3843 Israel,
3578 3787 3657 3831 tot

2072 3871 2458 3938 circumseptus
2511 3871 2805 3938 portentis,
2833 3878 2888 3925 et
2940 3877 3083 3924 tanta
3127 3869 3361 3924 imbutus
3410 3868 3560 3939 lege,
3604 3878 3658 3924 et

2077 3971 2254 4015 tamen
2281 3959 2508 4030 negavit,
2544 3960 2658 4014 haec
2679 3960 2864 4015 Rahab
2892 3961 2944 4015 in
2971 3960 3212 4032 lupanari
3243 3959 3442 4015 inclusa
3469 3959 3657 4030 prmdi-

2075 4061 2160 4104 cat
2193 4069 2206 4105 :
2237 4050 2368 4105 dicit
2396 4051 2538 4105 enim
2559 4051 2988 4119 exploratoribus
3011 4092 3025 4115 ,
3051 4049 3300 4105 Novimus
3326 4062 3512 4120 quanta
3535 4050 3653 4120 fecit

2076 4141 2212 4194 Deus
2258 4151 2416 4195 vester
2466 4140 2730 4212 Αἳῃῃριὶἱε
2760 4140 2894 4211 (Jos.
2925 4142 2979 4196 2.
3007 4141 3084 4212 9).
3113 4141 3328 4196 ,Ιιιίιίιιιιε
3369 4142 3534 4208 dicit,
3586 4140 3658 4194 lli

2074 4241 2190 4285 sunt
2227 4231 2299 4283 dii
2341 4231 2433 4298 tui,
2462 4233 2546 4298 qui
2588 4233 2868 4284 eduxerunt
2909 4242 2954 4284 te
2981 4230 3042 4284 de
3069 4241 3201 4284 terra
3225 4229 3440 4302 AEgyp'ti
3461 4229 3658 4298 (Exod.

2076 4325 2165 4378 52.
2189 4326 2244 4395 4)
2268 4341 2284 4390 ;
2313 4333 2368 4380 et
2393 4327 2648 4379 meretrix
2676 4340 2782 4378 non
2805 4323 2928 4388 diis,
2954 4322 3044 4378 sed
3069 4323 3180 4377 Deo
3206 4323 3432 4378 salutem
3460 4323 3660 4377 adscri-

2079 4417 2152 4472 bit
2178 4435 2191 4469 :
2223 4417 2470 4470 Novimus
2490 4427 2676 4486 quanta
2705 4415 2846 4469 Deus
2871 4425 3027 4468 vester
3049 4415 3163 4483 fecit
3192 4414 3456 4486 zEgyptiis
3484 4416 3536 4468 in
3565 4415 3655 4468 de-

2077 4518 2208 4563 serto
2235 4550 2250 4574 ,
2282 4519 2326 4562 et
2358 4511 2640 4561 audivimus
2660 4548 2675 4574 ,
2709 4518 2755 4561 et
2800 4509 3124 4578 liquefactum
3171 4517 3243 4561 est
3275 4525 3364 4561 cor
3407 4518 3653 4572 nostrum,

2078 4609 2123 4653 et
2168 4599 2407 4669 fortitudo
2455 4616 2555 4652 non
2601 4609 2672 4652 est
2724 4601 2776 4650 in
2806 4598 2968 4651 nobis.
3011 4597 3259 4650 Novimus
3307 4606 3494 4667 quanta
3544 4597 3660 4666 fecit

2080 4691 2215 4745 Deus
2237 4701 2411 4744 vester.
2444 4689 2605 4744 Vides
2647 4690 2914 4759 quomodo
2963 4689 3149 4759 recipit
3189 4689 3507 4757 legislatoris
3539 4703 3660 4741 ver-

2080 4780 2204 4834 bum
2259 4796 2353 4850 per
2393 4779 2591 4834 fidem?
2622 4778 2688 4832 Et
2731 4780 2844 4832 novi
2881 4780 3016 4850 quod
3062 4779 3197 4832 Deus
3229 4787 3385 4832 vester
3431 4779 3484 4832 in
3536 4779 3659 4831 cazlo

2080 4890 2317 4939 sursum,
2345 4873 2467 4926 etin
2507 4881 2640 4925 terra
2677 4871 2913 4927 deorsum
2945 4880 3033 4925 :el
3061 4880 3242 4940 pra'ter
3292 4886 3404 4924 eum
3449 4886 3551 4924 non
3588 4879 3659 4923 est

2083 4965 2240 5021 Deus.

2154 5057 2334 5114 Βαήαὸ
2365 5056 2606 5112 Ecclesia:
2646 5057 2833 5129 ﬁgura.
2855 5086 2927 5099 —
2950 5055 3133 5110 Ilahab
3153 5063 3235 5110 est
3270 5057 3435 5126 figura
3471 5053 3662 5109 Eccle-

2082 5149 2176 5204 sia:
2205 5149 2256 5204 in
2305 5148 2656 5204 fornicatione
2699 5149 2997 5203 daemonum
3038 5145 3164 5199 olim
3202 5145 3489 5212 volutatm,
3522 5159 3663 5199 nunc

2081 5256 2213 5296 vero
2263 5240 2459 5295 Christi
2511 5239 2873 5310 exploratores
2919 5236 3283 5306 suscipientis,
3307 5251 3416 5290 non
3456 5252 3485 5288 a
3535 5234 3661 5291 Jesu

2077 5334 2221 5390 Nave
2245 5333 2377 5401 filio,
2404 5332 2497 5389 sed
2524 5347 2555 5386 a
2584 5333 2709 5388 Jesu
2737 5346 2866 5386 vero
2894 5331 3185 5385 Servatore
3215 5329 3409 5383 missos
3435 5338 3655 5396 aposto-

2077 5427 2180 5482 los.
2204 5425 2357 5492 Novi,
2388 5426 2594 5495 inquit,
2623 5424 2758 5495 quod
2790 5422 2922 5476 Deus
2943 5431 3101 5476 vester
3124 5421 3178 5474 in
3207 5421 3331 5476 caelo
3359 5437 3592 5485 sursum,
3613 5436 3656 5474 et

2077 5519 2132 5573 in
2179 5529 2312 5573 terra
2337 5517 2570 5572 deorsum
2604 5531 2624 5569 :
2649 5525 2696 5569 et
2725 5523 2907 5586 praeter
2934 5529 3046 5568 eum
3089 5529 3192 5567 non
3240 5521 3314 5567 est
3355 5510 3495 5566 Deus
3525 5510 3662 5580 (los.

2077 5610 2134 5666 2.
2168 5610 2280 5685 ll).
2315 5610 2438 5664 llaec
2461 5615 2786 5677 acceperunt
2814 5604 3005 5664 Judzei.
3036 5613 3093 5661 et
3131 5619 3237 5660 non
3260 5604 3658 5660 custodierunt:

2084 5704 2199 5760 haec
2253 5700 2456 5758 audivit
2491 5697 2730 5756 Ecclesia
2756 5739 2772 5767 ,
2825 5707 2880 5755 et
2926 5698 3244 5754 observavit.
3295 5697 3455 5770 Digna
3507 5691 3656 5761 igitur
