4062 6206
405 313 501 366 331

401 424 544 479 omni
576 415 730 475 laude
758 418 960 478 Bahal).
990 417 1240 473 Ecclesia!
1266 419 1457 486 imago.
1491 417 1664 482 Quare
1691 429 1983 485 generosus

405 517 598 571 Paulus
637 529 757 569 cuiu
790 513 906 580 ejus
963 511 1082 565 lidci
1135 509 1444 580 dignitatem
1492 507 1829 569 edidicisset,
1881 523 1986 561 non

403 623 522 664 eam
553 605 833 676 reproliam
865 613 1056 675 putans
1095 602 1164 656 ob
1201 602 1428 671 priorem
1458 609 1651 653 statum
1672 641 1686 664 ,
1715 599 1806 652 sed
1837 613 1988 652 acce-

399 699 648 769 ptabilcm
669 697 737 751 ob
757 695 989 751 divinam
1010 694 1378 757 mutationem,
1395 707 1510 746 eam
1531 694 1728 744 sanctis
1745 690 1989 743 omnibus

399 798 754 846 connumerat
778 808 790 842 :
817 799 870 843 et
902 799 1180 858 postquam
1210 786 1435 850 dixerat,
1465 783 1598 838 Fide
1633 783 1756 836 Abel
1791 783 1990 851 sacriﬁ-

400 884 535 935 cium
577 881 772 944 obtulit,
801 881 903 946 ﬁde
923 880 1179 932 Abraham
1225 879 1325 931 hoc
1371 885 1425 930 et
1476 875 1603 929 illud
1656 874 1985 945 fecit(llebr.

401 974 495 1026 11.
517 970 606 1042 4),
649 971 752 1025 [ide
777 970 890 1025 Noe
930 985 1106 1024 arcam
1140 967 1284 1033 fecit,
1317 967 1420 1021 ﬁde
1441 966 1652 1038 Moyses
1680 967 1793 1020 haec
1821 975 1875 1020 et
1901 965 1987 1019 illa

400 1063 657 1134 praiclare
708 1072 853 1132 gesta
911 1061 1116 1123 edidit;
1171 1075 1234 1114 ac
1289 1059 1485 1113 multos
1536 1058 1731 1113 deinde
1775 1067 1988 1112 sanctos

397 1167 788 1212 memoraverat
851 1153 1062 1209 tandem
1093 1153 1319 1222 adjecit,
1351 1152 1484 1205 Fide
1531 1153 1706 1206 Raliab
1756 1153 1990 1205 meretrix

397 1265 498 1301 non
526 1248 672 1318 periit
699 1263 812 1299 cum
839 1244 1130 1310 incredulis,
1155 1247 1496 1313 exploratores
1523 1245 1795 1309 excipiens,
1820 1252 1866 1296 et
1886 1243 1988 1296 alia

396 1343 476 1394 via
506 1341 758 1394 remittens
789 1338 970 1408 (Ilebr.
1005 1338 1091 1390 11.
1121 1337 1233 1408 51).
1269 1335 1338 1390 Ει
1374 1336 1494 1390 vide
1522 1335 1789 1406 quomodo
1825 1335 1986 1389 multa

397 1448 519 1486 eum
571 1432 830 1501 sapientia
882 1429 1266 1482 humanitatem
1319 1437 1462 1482 tuam
1529 1427 1984 1495 atteinpcraverit.

396 1522 529 1579 Nam
557 1538 677 1577 cum
706 1539 733 1575 a
761 1537 886 1592 rege
917 1522 1062 1576 missi
1101 1529 1224 1575 sunt
1257 1521 1344 1589 qui
1373 1519 1746 1588 exploratores
1775 1519 1989 1587 perqui-

398 1624 580 1670 rerent
599 1657 614 1682 ,
646 1615 829 1668 dicunt
850 1615 920 1681 ei,
948 1614 1008 1668 Si
1034 1614 1249 1684 ingressi
1273 1622 1389 1666 sunt
1418 1613 1485 1665 ad
1511 1622 1556 1666 te
1581 1613 1674 1666 viri
1693 1611 1825 1681 (Jos.
1854 1612 1907 1664 2.
1930 1613 1983 1665 5.

397 1705 453 1775 4)
474 1707 498 1754 ?
519 1704 794 1773 respondit
820 1707 898 1760 eis
922 1746 937 1770 ,
967 1705 1136 1758 Etiam
1168 1704 1390 1772 ingressi
1413 1713 1555 1756 sunt.
1586 1702 1766 1756 Primo
1791 1703 1987 1758 verita-

386 1804 506 1862 tem
533 1795 781 1860 :edilicat,
801 1802 958 1862 atque
986 1795 1056 1848 ita
1083 1793 1420 1848 mendacium
1448 1794 1664 1848 inducit.
1688 1794 1984 1864 Numquam

396 1883 538 1937 enim
569 1884 900 1938 mendacium
935 1899 1027 1953 per
1043 1899 1101 1938 se
1119 1885 1371 1947 creditur,
1403 1885 1503 1938 nisi
1529 1886 1805 1939 veritatem
1839 1886 1986 1954 prius

396 1975 684 2030 ostendere
710 1976 1070 2044 occupaverit.
1106 1974 1229 2029 ldeo
1257 1977 1343 2046 qui
1364 1975 1525 2029 modo
1555 1975 1621 2029 ad
1664 1974 1985 2044 persuaden-

395 2065 522 2119 dum
556 2075 680 2135 apto
713 2065 1059 2133 mentiuntur,
1104 2068 1277 2136 primo
1323 2082 1446 2120 vera
1486 2066 1673 2120 dicunt
1711 2075 1868 2136 atque
1896 2083 1980 2137 ea,

394 2175 515 2228 qua:
544 2157 684 2228 apud
709 2174 897 2212 oumes
938 2159 988 2212 in
1020 2159 1269 2214 confesso
1313 2166 1471 2223 sunt;
1504 2174 1567 2213 ac
1591 2159 1785 2214 deinde
1829 2176 1983 2215 men-

394 2250 543 2305 dacia
574 2260 628 2305 et
654 2250 812 2305 dubia
846 2251 1118 2306 inducunt.
1153 2251 1380 2322 lngressi
1412 2260 1536 2306 sunt
1561 2252 1626 2306 ad
1657 2262 1708 2306 te
1736 2254 1984 2322 explora-

395 2352 542 2396 tores
569 2342 925 2412 ?rcspondet,
963 2345 1151 2397 Etiam.
1185 2343 1242 2398 Si
1273 2345 1415 2398 enim
1454 2360 1482 2396 a
1509 2345 1772 2413 principio
1817 2344 1982 2398 dixis.

395 2443 497 2498 set,
521 2433 658 2500 Non,
688 2435 751 2488 ad
781 2435 1094 2489 scrutinium
1125 2445 1470 2506 provocasset
1499 2451 1613 2499 eos,
1637 2437 1724 2505 qui
1755 2436 1982 2490 advene-

395 2533 533 2581 rant.
552 2524 678 2590 Sed,
706 2526 770 2579 Et
790 2526 1014 2596 ingressi
1038 2533 1182 2590 sunt,
1205 2527 1395 2594 inquit,
1424 2536 1478 2580 et
1507 2528 1708 2596 egressi
1739 2537 1861 2579 sunt
1885 2525 1983 2581 hac

393 2619 508 2672 via:
529 2618 930 2688 persequimiui,
950 2628 1003 2672 et
1019 2617 1488 2686 comprehendetis
1506 2633 1618 2672 eos.
1639 2618 1683 2672 0
1701 2620 1978 2687 pulchrum

395 2709 730 2763 mendacium
759 2708 773 2761 l
804 2724 837 2760 ο
867 2709 1146 2778 pulchrum
1166 2708 1370 2775 dolum,
1399 2709 1575 2763 divina
1617 2725 1724 2762 non
1755 2711 1983 2780 proden-

394 2809 524 2862 tem,
565 2799 660 2854 sed
713 2799 966 2869 pietatem
1011 2799 1400 2855 custodientem
1429 2801 1442 2855 ι
1476 2800 1532 2856 Si
1589 2802 1747 2871 igitur
1797 2802 1982 2858 Rahab

392 2876 536 2948 illam
569 2893 876 2962 pmniteutia
927 2893 1097 2948 salute
1133 2893 1346 2964 dignam
1392 2893 1597 2962 elt‘ecit,
1627 2903 1682 2950 et
1731 2896 1844 2966 ipsa
1887 2911 1983 2965 per

393 2996 698 3040 Sanctorum
729 3000 823 3039 ora
852 2985 1206 3054 praedicatur,
1232 2985 1358 3041 Jesu
1390 2987 1532 3042 Nave
1555 2988 1605 3042 in
1636 2987 1852 3043 deserto
1871 2988 1982 3042 cla-

392 3085 592 3142 mante,
636 3076 777 3129 Vivat
815 3075 993 3130 Rahab
1042 3079 1311 3141 meretrix,
1345 3078 1508 3133 Paulo
1533 3089 1709 3134 autem
1745 3080 1975 3145 dicente,

397 3171 526 3224 Fide
556 3167 734 3222 llaliab
765 3171 1002 3223 meretrix
1028 3187 1128 3223 non
1162 3171 1306 3238 periit
1348 3188 1462 3224 cum
1489 3189 1589 3226 non
1621 3174 1936 3227 credentibus
1959 3189 1978 3227 :

392 3271 591 3331 quanto
620 3263 791 3331 magis
820 3277 917 3316 nos
946 3263 988 3315 si
1027 3263 1395 3329 pmnitentiam
1429 3263 1799 3332 exliibeamus,
1831 3267 1978 3321 salu-

393 3362 500 3406 tem
552 3353 986 3423 consequemur?
1020 3353 1354 3408 Paenitentiaa
1405 3363 1614 3424 tempus
1658 3371 1799 3410 nunc
1847 3365 1974 3411 est:

391 3445 580 3513 ingens
605 3447 748 3500 enim
772 3446 930 3501 timor
961 3446 1121 3500 instat
1158 3447 1548 3501 imminentium
1597 3458 1931 3516 peccatorum
1961 3492 1975 3516 ,

392 3536 492 3590 nisi
521 3536 834 3605 supplicium
856 3545 1137 3605 prmvertat
1179 3539 1508 3606 pmnitentia.
1559 3538 1979 3610 Prwoccupemus

391 3628 571 3697 [aciem
598 3629 706 3698 ejus
733 3628 786 3680 in
807 3629 1122 3699 confessione
1147 3627 1315 3700 (Psal.
1339 3631 1426 3684 94.
1455 3629 1511 3699 2)
1537 3648 1550 3683 :
1581 3632 1979 3700 exstinguaan

392 3728 735 3789 peccatorum
781 3735 1003 3790 rogum,
1051 3736 1161 3774 non
1213 3723 1394 3775 multis
1448 3723 1621 3792 aquis,
1649 3725 1742 3778 sed
1797 3727 1978 3795 parvis

391 3812 660 3883 lacrymis.
683 3811 877 3866 Multus
902 3822 985 3866 est
1015 3813 1150 3881 ignis
1178 3814 1401 3881 peccati,
1445 3825 1499 3868 et
1526 3824 1702 3870 tamen
1755 3817 1977 3870 modicis

388 3903 639 3973 lacrymis
661 3903 1012 3972 exstinguitur
1042 3921 1055 3957 :
1084 3920 1207 3958 nam
1240 3906 1488 3976 lacryma:
1514 3910 1858 3979 exstinguunt
1885 3927 1975 3965 ro-

389 4007 514 4062 gum
571 4002 932 4062 peccatorum,
961 4003 1017 4048 et
1078 3996 1277 4063 peccati
1327 3996 1570 4052 fmtorem
1617 4000 1864 4055 abluunt.
1919 4003 1972 4056 ld

389 4083 705 4140 testificatur
760 4085 947 4141 beatus
1004 4086 1165 4140 David
1213 4087 1398 4143 dicens
1423 4128 1439 4154 ,
1467 4097 1521 4144 et
1548 4102 1744 4160 quanta
1780 4095 1848 4147 sit
1895 4094 1976 4148 vis

388 4178 743 4248 lacrymarum
772 4181 1060 4234 ostendens
1086 4197 1098 4233 :
1131 4179 1330 4234 Lavabo
1354 4223 1368 4248 ,
1413 4183 1612 4251 inquit,
1639 4201 1728 4252 per
1747 4187 1974 4255 singulas

387 4280 559 4323 noctes
581 4271 762 4323 lectum
789 4287 973 4337 meum,
1007 4283 1053 4324 et
1101 4272 1340 4342 lucryniis
1383 4275 1504 4328 meis
1550 4285 1762 4329 stratum
1809 4295 1972 4331 meum

387 4362 562 4433 rigabo
591 4362 760 4431 (I’sal.
789 4362 842 4416 6.
870 4363 945 4432 7).
979 4364 1139 4429 Atqui
1187 4366 1229 4417 si
1279 4365 1632 4437 lacrymarum
1677 4370 1970 4425 ubertatem

387 4454 646 4509 voluisset
672 4455 976 4522 ostendere,
1007 4459 1137 4512 satis
1162 4468 1275 4512 erat
1297 4459 1524 4525 dixisse,
1559 4461 1824 4535 Lacrymis
1852 4467 1973 4520 meis

387 4555 599 4600 stratum
627 4563 790 4599 meum
828 4547 1001 4618 rigabo
1030 4564 1049 4601 :
1076 4563 1170 4603 cur
1198 4566 1326 4620 ergo
1369 4555 1626 4621 praemisit
1669 4556 1796 4610 illud
1816 4599 1832 4623 ,
1865 4556 1972 4611 La-

386 4640 509 4694 vabo
527 4640 552 4692 ?
581 4639 647 4695 Ut
672 4641 919 4694 ostendat
942 4641 1212 4697 lavacrum
1239 4653 1293 4698 et
1323 4647 1588 4716 piaculum
1628 4661 1966 4720 peccatorum

384 4745 504 4786 esse
529 4733 814 4802 lacrymas.

453 4821 510 4880 6.
559 4821 776 4876 Peccata
824 4825 1047 4878 omnium
1087 4843 1241 4880 causa
1294 4830 1562 4887 malorum.
1607 4865 1679 4875 -—
1724 4833 1970 4892 Omnium

381 4929 540 4970 causa
563 4916 820 4970 malorum
840 4927 963 4972 sunt
993 4931 1202 4988 peccata
1225 4939 1237 4974 :
1260 4932 1472 4992 propter
1493 4938 1707 4995 peccata
1732 4929 1965 4998 dolores,

381 5014 602 5076 propter
651 5017 867 5078 peccata
914 5011 1208 5077 tumultus,
1265 5023 1482 5084 propter
1532 5029 1747 5087 peccata
1794 5021 1966 5086 bella,

383 5099 594 5164 morbi,
621 5110 674 5154 et
717 5109 973 5172 quotquot
1018 5102 1170 5156 nobis
1219 5105 1468 5159 accidunt
1509 5119 1694 5164 sanatu
1725 5109 1969 5167 difﬁciles

382 5189 739 5257 argritudincs.
769 5193 1226 5259 Quemadmodum
1254 5196 1413 5265 igitur
1437 5201 1621 5268 optimi
1645 5204 1832 5258 medici
1863 5222 1967 5261 non

385 5279 545 5336 modo
572 5294 890 5351 apparentes
915 5287 1128 5341 morbos
1157 5289 1456 5356 explorant.
1479 5292 1571 5347 sed
1595 5294 1753 5350 etiam
1782 5313 1967 5353 eorum

383 5384 597 5424 causam
629 5381 931 5428 scrutantur
961 5394 974 5430 :
1003 5375 1072 5430 ita
1112 5387 1167 5432 et
1190 5379 1444 5434 Scrvator
1470 5374 1754 5440 ostendere
1785 5390 1969 5444 volens

385 5461 622 5515 omnium
653 5479 771 5533 qua:
796 5463 1100 5521 hominibus
1126 5474 1437 5540 contingunt
1464 5476 1722 5531 malorum
1753 5495 1968 5535 causam

383 5567 503 5608 csse
535 5564 804 5622 peccatum
831 5597 844 5620 ,
877 5557 1166 5628 paralytico
1195 5561 1321 5616 dicit
1349 5604 1361 5625 ,
1395 5565 1514 5634 quia
1546 5583 1734 5636 nempe
1759 5571 1971 5628 videbat

385 5644 473 5698 ille
499 5646 792 5700 animarum
823 5649 1060 5702 medicus
1079 5666 1200 5704 cum
1225 5653 1400 5707 anima
1430 5659 1593 5725 prius,
1622 5660 1814 5717 deinde
1844 5679 1967 5718 cor-

385 5754 514 5810 pore
563 5740 905 5811 paralyticum
927 5783 942 5808 ,
971 5742 1040 5795 ait
1067 5783 1081 5807 ,
1111 5743 1322 5814 inquam
1345 5787 1360 5814 ,
1397 5747 1472 5803 illi
1506 5767 1519 5804 :
1557 5751 1685 5810 Ecce
1709 5773 1859 5812 sanus
1888 5759 1968 5825 fa-

1143 304 1198 362 S.
1231 303 1508 360 JOANNiS
1543 299 2013 360 CllRYSOSTOMl
2046 300 2360 356 AltClllEP.
2391 299 2926 359 CONSTANTINOP.

3574 308 3683 362 552’.

2113 420 2220 464 ctus
2243 428 2294 464 es
2320 453 2333 473 ,
2358 412 2463 466 noli
2486 413 2704 483 amplius
2731 430 2954 482 peccare,
2986 431 3048 469 ne
3070 416 3193 478 quid
3217 417 3305 472 tibi
3327 419 3547 476 deterius
3567 439 3689 476 con-

2093 503 2252 572 tingat
2277 503 2469 573 (Joan.
2489 504 2543 558 5.
2572 505 2682 573 14).
2722 505 2882 575 Igitur
2906 516 2957 560 et
2987 508 3336 575 prmcedentis
3365 510 3689 568 inﬁrmitatis

2093 609 2254 648 causa
2284 605 2558 664 peccatum
2597 607 2745 661 erat;
2778 597 2826 650 id
2856 597 3033 652 damni
3063 615 3218 654 causa
3239 643 3254 664 ,
3287 602 3336 656 id
3379 604 3600 671 doloris,
3633 607 3690 661 id

2093 688 2407 741 calamitatis
2437 690 2697 742 universa:
2717 690 2955 744 materia.
2982 690 3243 745 Caeterum
3271 694 3397 747 illud
3421 697 3680 759 admiror,

2093 779 2364 846 quomodo
2400 780 2486 847 qui
2516 778 2657 832 hunc
2685 779 2921 834 dolorem
2953 781 3020 834 ab
3050 782 3199 837 initio
3228 783 3433 839 homini
3465 788 3690 842 dederat

2097 869 2235 921 Deus
2265 878 2481 937 propter
2509 881 2802 938 peccatum,
2830 872 3092 926 sententia
3119 877 3439 931 sententiam
3468 879 3645 934 solvat
3665 921 3683 946 ,

2097 967 2152 1012 et
2181 959 2625 1014 condenmatione
2644 962 3138 1018 condemnationem
3161 966 3355 1034 ejiciat.
3382 968 3685 1035 Quomodo,

2091 1051 2237 1105 audi.
2269 1052 2396 1105 Data
2426 1063 2503 1105 est
2533 1054 2743 1107 tristitia
2780 1065 2999 1124 propter
3031 1067 3304 1125 peccatum
3327 1102 3340 1125 ,
3371 1071 3424 1115 et
3455 1077 3549 1132 per
3579 1065 3686 1118 tri-

2091 1143 2287 1196 stitiam
2319 1153 2590 1212 peccatum
2614 1146 2855 1200 solvitur.
2879 1148 3108 1204 Attende
3129 1152 3447 1220 diligenter:
3473 1156 3684 1210 mulieri

2095 1236 2424 1288 comminans
2465 1237 2605 1290 Deus
2628 1275 2644 1302 ,
2675 1247 2727 1290 et
2776 1253 2990 1308 propter
3021 1244 3507 1309 praevaricationem
3553 1263 3686 1317 sup-

2092 1326 2306 1394 plicium
2346 1326 2624 1392 inducens,
2656 1329 2725 1381 ait
2755 1329 2825 1381 illi
2853 1347 2865 1382 :
2890 1328 2955 1382 In
2983 1331 3156 1385 dolore
3183 1335 3345 1402 paries
3365 1337 3498 1404 ﬁlios
3527 1337 3682 1406 (Gen.

2089 1417 2146 1472 ὅ.
2177 1418 2284 1489 16)
2318 1435 2330 1471 :
2361 1418 2697 1488 ostenditque
2741 1420 2963 1474 fructum
3006 1426 3207 1490 peccati
3250 1440 3367 1479 esse
3413 1429 3682 1483 dolorem.

2091 1509 2198 1565 Sed
2220 1551 2236 1576 ,
2269 1527 2301 1564 ο
2346 1512 2682 1581 magniﬁcum
2709 1513 2723 1567 ι
2751 1513 2891 1581 quod
2934 1514 3080 1568 dedit
3124 1517 3189 1569 ad
3242 1519 3556 1587 supplicium
3581 1562 3595 1583 ,
3626 1521 3684 1574 in

2090 1601 2314 1654 salutem
2355 1605 2595 1656 mutavit.
2628 1603 2905 1656 Peccatum
2938 1604 3176 1659 dolorem
3209 1611 3412 1676 peperit
3445 1628 3460 1664 :
3489 1611 3681 1665 dolore

2090 1703 2364 1760 peccatum
2408 1695 2738 1764 consumpsit
2781 1711 2795 1746 :
2842 1704 2897 1748 et
2923 1696 3365 1764 quemadmodum
3406 1705 3603 1755 vermis
3647 1720 3683 1754 o

2089 1782 2232 1851 ligno
2274 1791 2428 1836 natus
2471 1787 2639 1852 ipsum
2668 1785 2868 1853 lignum
2909 1791 3206 1854 consumit,
3236 1791 3314 1845 sic
3355 1800 3410 1845 et
3451 1795 3604 1847 dolor
3643 1809 3680 1849 ο

2087 1883 2308 1942 peccato
2358 1884 2512 1927 natus
2551 1886 2822 1943 peccatum
2875 1881 3140 1933 consumit
3175 1897 3268 1949 per
3311 1886 3676 1952 paenitentiam

2089 1963 2362 2017 inductus.
2405 1965 2738 2035 Quapropter
2785 1967 2978 2022 Paulus
3025 1970 3202 2026 dixit:
3231 1973 3359 2039 Quae
3403 1977 3679 2030 secundum

2089 2054 2253 2108 Deum
2277 2067 2349 2109 est
2390 2057 2589 2110 tristitia
2619 2059 2956 2128 paenitentiam
2983 2062 3036 2113 in
3061 2065 3270 2116 salutent
3294 2067 3521 2121 stabilem
3550 2085 3678 2138 ope-

2088 2158 2229 2199 ratur
2259 2146 2334 2217 (2.
2360 2147 2478 2202 Cor.
2509 2149 2559 2200 7.
2595 2149 2704 2219 10).
2736 2149 2880 2203 Bona
2911 2163 2991 2204 est
3021 2154 3231 2208 tristitia
3257 2172 3384 2212 vere
3413 2160 3677 2227 poeniten-

2088 2241 2226 2293 tibus
2254 2260 2266 2294 :
2290 2241 2537 2295 convenit
2555 2243 2898 2312 peccantibus
2925 2244 3098 2300 luctus
3125 2262 3220 2316 pro
3251 2260 3465 2317 peccato
3489 2269 3500 2304 :
3530 2251 3678 2306 Beati

2087 2334 2172 2402 qui
2201 2334 2407 2404 lugent,
2435 2337 2673 2403 quoniam
2705 2337 2804 2404 ipsi
2841 2339 3232 2393 consolabuntur
3259 2341 3473 2416 (Matth.
3505 2348 3559 2400 5.
3594 2349 3673 2418 5).

2087 2424 2231 2492 Luge
2260 2435 2531 2493 peccatum
2559 2467 2573 2488 ,
2601 2436 2658 2480 ut
2687 2441 2791 2480 n0n
2821 2427 3002 2497 lugeas
3036 2433 3351 2500 supplicium
3377 2452 3390 2488 :
3416 2451 3577 2506 purga
3619 2451 3674 2493 te

2085 2518 2224 2587 apud
2252 2518 2502 2587 judicem,
2532 2531 2817 2590 antequam
2843 2523 2908 2576 ad
2936 2524 3164 2579 tribunal
3188 2530 3386 2582 venias.
3412 2531 3492 2583 An
3518 2532 3673 2601 igno-

2085 2624 2173 2664 ras
2213 2619 2470 2679 quotquot
2503 2611 2735 2680 judicem
2789 2614 3031 2684 mitigare
3075 2620 3292 2684 volunt,
3325 2621 3509 2674 nonin
3555 2623 3674 2691 ipso

2085 2699 2329 2754 examine
2352 2715 2545 2766 (ιιιιιείιξ,
2568 2707 2662 2757 sed
2699 2715 2981 2774 antequam
3009 2705 3060 2759 in
3084 2707 3340 2776 judicium
3372 2712 3674 2781 ingredian-

2086 2800 2171 2845 tur
2194 2832 2210 2857 ,
2239 2792 2408 2860 ipsum
2443 2792 2542 2847 sibi
2572 2794 2885 2850 benevolum
2918 2813 3133 2867 parare,
3161 2800 3274 2855 sive
3310 2817 3406 2871 per
3429 2805 3630 2861 amicos
3654 2848 3673 2872 ,

2084 2881 2198 2934 sive
2245 2896 2337 2950 per
2375 2891 2630 2949 patronos
2648 2923 2664 2950 ,
2691 2885 2804 2939 sive
2827 2885 2932 2940 alio
2974 2889 3161 2955 quovis
3199 2891 3403 2946 modo?
3432 2893 3592 2963 Igitur
3618 2905 3678 2949 et

2084 2972 2222 3041 apud
2257 2973 2423 3026 Deum
2455 2973 2638 3043 judicii
2671 2985 2942 3045 tempore,
2972 2994 3077 3033 non
3125 2989 3209 3034 est
3255 2982 3396 3050 quod
3438 2983 3674 3052 judicent

2086 3061 2266 3117 ﬂectas
2293 3082 2305 3116 :
2328 3065 2419 3118 Sed
2441 3077 2564 3120 ante
2580 3066 2763 3134 judicii
2795 3076 3003 3138 tempus
3028 3082 3204 3140 potest
3227 3074 3390 3142 judex
3419 3077 3672 3146 mitigari.

2082 3153 2442 3220 Quamobrem
2472 3156 2683 3210 dicebat
2708 3157 2900 3212 David:
2918 3159 3334 3232 Prwoccupemus
3355 3165 3535 3234 [aciem
3561 3169 3673 3240 ejus

2081 3245 2135 3298 in
2182 3245 2494 3314 confessione
2541 3245 2710 3318 (Paul.
2756 3249 2844 3303 91.
2878 3250 2957 3318 2).
3002 3249 3118 3305 lllic
3157 3268 3402 3323 magnum
3437 3255 3672 3324 judicem

2083 3350 2188 3388 non
2215 3334 2567 3389 circumvenit
2609 3352 2696 3391 ars
2727 3337 2998 3393 rhetorum
3019 3380 3034 3404 ,
3062 3356 3168 3395 non
3201 3345 3430 3411 potentia
3458 3345 3624 3400 ﬂectit
3651 3362 3668 3402 :

2081 3424 2322 3494 dignitati
2372 3441 2474 3479 non
2523 3428 2609 3480 ille
2636 3443 2838 3482 morem
2865 3431 3020 3500 gerit,
3055 3447 3336 3500 personam
3383 3450 3490 3489 non
3516 3451 3676 3490 vere—

2082 3521 2186 3578 tur,
2217 3517 2453 3584 pecuniis
2474 3531 2577 3570 non
2593 3519 2976 3588 corrumpitur,
3003 3521 3099 3575 sed
3129 3525 3459 3579 tremendum
3484 3534 3540 3580 et
3565 3526 3672 3580 im-

2085 3605 2344 3674 placabile
2370 3615 2453 3660 est
2475 3607 2677 3675 justqu
2703 3608 2984 3676 judicium.

2158 3693 2492 3766 Eleeinosyna
2535 3695 2699 3748 Deum
2730 3697 2917 3768 placat.
2957 3729 3029 3740 -—
3063 3700 3162 3756 llic
3212 3703 3390 3772 itaque
3431 3703 3670 3772 judieem

2080 3798 2362 3839 exoremus
2381 3794 2436 3840 et
2454 3786 2738 3854 placemus,
2761 3788 2882 3844 huic
2896 3793 3038 3844 omni
3061 3793 3252 3847 robore
3269 3796 3632 3864 supplicemus
3649 3815 3666 3850 :

2082 3892 2186 3929 non
2211 3877 2480 3945 pecuniis;
2508 3879 2614 3932 imo
2643 3890 2699 3933 ut
2725 3881 2898 3936 verius
2923 3882 3185 3950 dicamus,
3216 3888 3454 3954 pecuniis
3485 3888 3666 3956 placa-

2081 3975 2166 4020 tur
2195 3966 2453 4036 beniguus
2483 3969 2588 4032 ille,
2621 3983 2728 4024 non
2760 3971 2872 4040 ipse
2897 3973 3179 4041 recipiens,
3213 3975 3304 4028 sed
3338 3991 3434 4045 per
3462 3992 3664 4046 paupev

2080 4071 2182 4112 res.
2212 4057 2283 4110 Da
2310 4059 2452 4127 inopi
2481 4062 2776 4127 pecuniam,
2807 4071 2859 4116 et
2880 4062 3114 4131 judicem
3137 4066 3380 4134 plaeasti.
3409 4067 3538 4122 Haec
3564 4084 3668 4123 au-

2081 4157 2188 4201 tem
2229 4148 2350 4203 dico
2395 4150 2548 4204 vobis
2594 4153 2745 4220 quasi
2787 4154 3169 4222 familiaribus;
3199 4158 3322 4227 quia
3354 4161 3665 4228 paenitentia

2078 4238 2196 4293 sine
2217 4239 2553 4311 eleemosyna
2577 4253 2781 4296 mortua
2804 4255 2885 4298 est
2909 4247 3112 4316 alisque
3131 4256 3280 4302 caret
3302 4265 3316 4304 :
3342 4251 3523 4320 nequit
3552 4268 3670 4320 pte-

2080 4330 2300 4384 nitentia
2355 4331 2566 4396 volare,
2619 4333 2736 4387 sine
2779 4334 2860 4387 ala
2903 4335 3281 4408 eleemosynte.
3335 4340 3458 4394 Ideo
3499 4343 3669 4410 probe

2078 4421 2355 4488 pteuitenti
2383 4421 2632 4476 Cornelio
2665 4425 2745 4477 ala
2784 4426 2848 4480 ad
2878 4427 3126 4495 pietatem
3160 4431 3254 4483 fuit
3279 4431 3620 4504 eleemosyna
3647 4452 3664 4488 :

2077 4507 2428 4581 Eleemosyna:
2463 4521 2594 4577 tum,
2620 4513 2888 4583 inquit,et
2933 4519 3185 4572 orationes
3233 4529 3333 4572 tua:
3375 4521 3428 4573 in
3481 4523 3668 4574 calum

2077 4603 2410 4656 ascenderunt
2437 4601 2572 4675 (Act.
2607 4604 2694 4659 10.
2722 4608 2777 4676 4)
2810 4625 2823 4661 :
2852 4608 2922 4660 ita
2954 4617 3011 4661 ut
3035 4611 3078 4662 si
3105 4625 3210 4664 non
3233 4611 3499 4666 habuisset
3519 4614 3662 4666 alam

2075 4694 2426 4762 elecmosynaa
2457 4696 2782 4763 ptenitentia,
2814 4713 3144 4768 nequaquam
3177 4702 3228 4755 in
3259 4703 3446 4756 caelum
3476 4720 3664 4773 perve-

2075 4786 2259 4838 nisset.
2293 4787 2544 4855 Aperitur
2582 4804 2711 4858 ergo
2751 4789 2908 4845 hodie
2953 4793 3247 4862 emporium
3277 4794 3661 4865 eleemosynaz.

2075 4874 2329 4930 Videmus
2356 4879 2495 4930 enim
2523 4882 2757 4947 Captivos
2783 4891 2835 4935 et
2865 4897 3123 4952 pauperes
3142 4925 3156 4947 ,
3189 4884 3430 4938 videmus
3462 4887 3512 4939 in
3544 4885 3665 4941 foro

2075 4967 2486 5031 circumeuntes,
2514 4967 2754 5023 videmus
2775 4971 3067 5026 clamantes
3087 5015 3100 5033 ,
3135 4974 3492 5045 lacrymantes
3517 5018 3533 5039 ,
3563 4994 3666 5047 ge-

2076 5068 2285 5112 mentes
2337 5075 2352 5111 :
2405 5060 2656 5116 nundinas
2713 5063 2868 5116 nobis
2924 5065 3194 5120 mirabiles
3244 5079 3663 5138 proponuntur:

2077 5147 2430 5202 nundinarum
2459 5166 2588 5204 vero
2619 5166 2721 5205 non
2768 5153 2868 5205 alia
2914 5154 3048 5208 ratio
3073 5165 3188 5220 est,
3215 5158 3530 5226 negotiatori
3557 5178 3664 5215 non

2075 5237 2208 5292 alius
2251 5239 2498 5304 animus,
2543 5257 2700 5311 quam
2746 5242 2951 5296 venalia
3004 5258 3168 5312 parvo
3223 5262 3440 5313 emere,
3471 5263 3664 5318 magno

2074 5328 2325 5385 vendere.
2370 5333 2561 5385 Annon
2602 5332 2690 5386 hic
2731 5343 2814 5388 est
2871 5336 3230 5404 quorumlibet
3269 5339 3660 5409 negotiatorum

2074 5423 2306 5488 scopas?
2331 5438 2455 5474 nuni
2493 5433 2710 5491 prepter
2747 5424 2890 5477 aliud
2936 5426 3198 5494 quispiam
3245 5430 3660 5498 negotiationem

2075 5509 2205 5572 adit,
2231 5511 2331 5564 nisi
2362 5519 2418 5565 ut
2443 5529 2559 5582 qua:
2590 5529 2752 5582 parvo
2779 5517 2908 5570 emit
2932 5531 3124 5586 magno
3147 5519 3372 5585 vendat,
3395 5528 3452 5574 et
3477 5524 3660 5575 multi-

2075 5600 2322 5672 plicatam
2369 5605 2778 5672 negotiationem
2827 5607 3061 5661 relcrat?
3091 5607 3245 5663 Tales
3293 5610 3450 5678 igitur
3505 5612 3660 5664 nobis

2076 5691 2338 5746 nundinas
2384 5692 2522 5748 Dens
2566 5695 2840 5765 proposuit
2870 5715 2883 5751 :
2915 5697 3123 5752 modico
3145 5699 3377 5768 justitias
3420 5715 3576 5764 eme,
3605 5709 3659 5752 ut

2079 5785 2248 5839 multo
2275 5785 2473 5841 vendas
2501 5787 2553 5840 in
2584 5786 2782 5856 futuro;
2813 5789 2857 5843 si
2885 5797 3059 5844 tamen
3089 5791 3446 5846 venditionem
3473 5793 3662 5860 appel~
