4062 6206
220 279 332 335 351

224 392 324 449 καὶ
362 392 701 465 διετήρησεν.
738 388 888 458 Ἀξίά
918 388 1108 444 ’τοίνυν
1136 386 1357 443 ἐπαίνου
1392 386 1594 449 παντὸς
1625 384 1813 449 Ῥαὰϐ,
1858 387 1891 456 ή

224 482 388 536 κιτιῶν
411 478 511 550 τῆς
539 478 885 548 Ἐκκλησίας.
908 476 1008 530 Διά
1029 475 1188 529 τοῦτο
1213 474 1308 529 καὶ
1340 474 1369 525 6
1396 476 1639 543 γενναῖος
1659 471 1890 535 Παῦλος,

224 565 563 638 καταμαθὼν
614 564 787 635 αὐτῆς
839 564 901 618 :6
949 563 1166 634 ἀξίωμα
1193 564 1292 633 τῆς
1343 562 1600 623 πίστεως,
1647 560 1741 612 καὶ
1793 560 1892 613 ούκ

224 656 481 726 ἀδόκιμον
504 653 850 724 ἡγησάμενος
869 651 956 705 διὰ
970 652 1067 723 τὴν
1088 650 1355 721 προτέραν
1377 648 1730 711 κατάστασιν,
1758 646 1893 701 ἀλλὰ

220 743 444 814 δόκιμον
501 742 588 795 διά
616 740 715 811 τὴν
757 739 935 793 ἔνθεον
984 737 1314 809 μεταϐολὴν,
1364 734 1687 807 συναριθμεῖ
1723 734 1891 805 αὐτὴν

221 833 336 894 τοῖς
369 830 545 897 ἁγίοις
580 830 710 881 πᾶσι
730 866 745 889 ,
792 828 886 880 καὶ
919 824 1183 897 εἰρηκώς·
1211 825 1417 877 Πίστει
1466 826 1636 877 Ἅϐελ
1668 823 1891 877 θυσίαν

220 915 626 986 προσήνεγκε·
659 914 856 966 πίστει
893 912 1139 981 Ἀϐραὰμ
1176 911 1238 963 :6
1269 912 1362 964 καὶ
1403 911 1463 963 το
1497 910 1753 980 ἐποίησεο
1797 909 1890 962 πί-

218 1021 340 1057 στει
364 1003 487 1057 Νῶε
513 1002 746 1055 κιϐωτὸν
773 1002 1069 1072 εἰργάσατο
1088 1019 1100 1030 ·
1133 1001 1313 1054 πίστει
1338 1000 1578 1070 Μωῦσῆς
1605 1000 1673 1053 τά
1700 1000 1792 1052 καὶ
1822 999 1891 1051 τά

216 1090 446 1160 ἐποίησε
484 1089 591 1141 καὶ
626 1085 985 1157 κατώρθωσε·
1017 1088 1111 1140 καὶ
1141 1086 1351 1140 πολλῶν
1379 1086 1578 1157 ἐφεξῆς
1630 1084 1889 1156 μνησθεὶς

217 1176 415 1246 ἁγίων,
443 1176 503 1229 :6
531 1175 839 1228 τελευταῖον
870 1177 1145 1246 ἐπήγαγε’
1175 1175 1379 1229 Πίστει
1417 1174 1601 1227 Ῥαὰϐ
1625 1172 1665 1239 ἡ
1697 1173 1887 1241 πόρνη

215 1266 293 1318 οὐ
344 1261 736 1318 συναπώλετο
782 1262 907 1329 τοῖς
950 1260 1350 1326 ἀπειθήσασι,
1391 1260 1687 1330 δεξαμένη
1744 1259 1888 1325 τοὺς

214 1351 667 1417 κατασκόπους,
724 1350 823 1404 καὶ
864 1348 1033 1417 ἑτέρᾳ
1081 1347 1200 1414 ὁδῷ
1239 1348 1604 1403 ἐκϐαλοῦσα.
1645 1348 1754 1402 Καὶ
1784 1348 1888 1418 ὅρα

216 1438 340 1500 πῶς
371 1438 510 1510 μετά
542 1436 741 1509 πολλῆς
772 1436 964 1507 σοφίας
996 1437 1227 1508 ἐκέρασε
1257 1436 1354 1508 τὴν
1386 1436 1583 1505 ἑαυτῆς
1610 1436 1889 1505 εὐγνωμο-

217 1526 411 1596 σύνην.
439 1527 570 1579 Ὅτε
602 1524 711 1594 γὰρ
738 1524 1125 1595 ἀπεστάλησαν
1149 1524 1300 1595 παρά
1344 1524 1437 1577 τοῦ
1476 1523 1739 1594 βασιλέως
1786 1522 1885 1591 ζη-

214 1614 441 1675 τοῦντες
461 1614 587 1676 τοὺς
618 1612 1014 1675 κατασκόπους,
1032 1611 1279 1681 λέγουσιν
1305 1611 1441 1681 αὐτῇ
1467 1628 1478 1641 ’
1507 1613 1576 1664 El
1596 1609 1888 1677 εἰσῆλθον

213 1699 371 1767 πρὸς
400 1699 475 1753 σὲ
504 1698 755 1767 ἅνδρες;
796 1699 860 1751 Ἦ
887 1697 943 1750 δέ
966 1698 1101 1769 πρὸς
1137 1696 1361 1760 αὐτούς’
1390 1696 1520 1755 Ναὶ.
1559 1696 1741 1765 φησὶν,
1772 1696 1887 1747 είσ-

214 1784 399 1854 ἦλθον.
430 1785 654 1855 Πρῶτον
674 1785 957 1855 οἰκοδομεῖ
993 1784 1093 1855 τὴν
1127 1783 1406 1853 ἀλήθειαν,
1462 1782 1556 1835 καὶ
1588 1780 1761 1844 οὕτως
1796 1782 1889 1833 ἐπ-

213 1872 341 1941 άγει
372 1874 435 1927 τὸ
480 1873 693 1943 ψεῦδος.
740 1873 1006 1927 Οὐδέποτε
1042 1872 1149 1941 γάρ
1178 1871 1299 1925 καθ’
1325 1870 1457 1925 αύτδ
1493 1871 1554 1923 :6
1573 1869 1767 1938 ψεῦδος
1798 1886 1887 1922 πι-

215 1960 490 2024 στεύεται,
520 1961 612 2014 ἐὰν
638 1961 711 2031 μὴ
738 1960 1011 2031 προλαϐδν
1036 1958 1335 2027 ἐνδείξηται
1365 1956 1462 2028 τὴν
1483 1956 1767 2027 ἀλήθειαν
1798 1954 1886 2007 διά

208 2047 375 2101 τοῦτο
394 2049 444 2101 οί
474 2047 714 2110 πιθανῶς
732 2048 1053 2118 ψευδόμενοι
1081 2047 1297 2117 πρῶτον
1319 2046 1533 2115 λέγουσι
1559 2046 1767 2116 τάληθῆ
1790 2047 1884 2099 καὶ

208 2137 381 2189 πᾶσιν
402 2135 654 2205 ὡμολογη
664 2135 821 2205 μένα,
845 2137 939 2188 καὶ
958 2136 1080 2188 τότε
1101 2136 1366 2202 ἐπάγουσι
1383 2136 1452 2188 τά
1468 2134 1638 2205 ψευδῆ
1659 2135 1752 2187 καὶ
1774 2135 1883 2203 ἀμ-

210 2221 603 2292 φιϐαλλόμενα.
624 2222 884 2291 Είσῆλθον
905 2222 1039 2292 πρὸς
1068 2222 1127 2274 σέ
1152 2222 1515 2284 κατάσκοποι;
1534 2222 1719 2290 Λέγει,
1736 2221 1844 2273 Ναί
1863 2237 1877 2252 ο

208 2311 258 2362 εί
284 2309 395 2379 γάρ
416 2305 571 2362 εἶπεν
600 2309 660 2374 ἐξ
684 2310 876 2379 ἀρχῆς,
902 2308 997 2370 Οὔ,
1026 2308 1378 2381 προεκαλεῖτο
1407 2311 1486 2372 εἰς
1511 2309 1734 2379 ἔρευναν
1755 2308 1881 2372 τοὺς

208 2396 536 2461 ἐπελθόντας
557 2413 571 2426 ·
599 2395 747 2469 [555]
776 2396 931 2459 ἀλλά,
950 2396 1059 2449 Καὶ
1080 2396 1346 2468 είσῆλθον,
1364 2397 1518 2467 φησὶ,
1542 2396 1637 2448 καὶ
1661 2395 1879 2465 ἐξῆλθον

205 2484 334 2555 τῇδε
349 2486 415 2555 τῇ
435 2483 558 2554 όδῷ,
576 2481 1070 2548 καταδιώξατε,.καὶ
1088 2483 1460 2555 καταλήψεσθε
1476 2482 1691 2547 αὐτούς.
1709 2483 1773 2535 Ὠ
1788 2500 1882 2536 κα-

206 2569 301 2623 λοῦ
316 2570 574 2640 ψεύδους·
604 2569 649 2622 ὣ
675 2570 839 2623 καλοῦ
860 2569 1011 2623 δόλου
1031 2570 1090 2623 ού
1118 2570 1459 2641 προδιδόντος
1487 2571 1553 2622 τά
1577 2569 1715 2633 θεῖα,
1741 2571 1877 2626 ἀλλά

204 2658 569 2727 φυλάττοντος
602 2657 698 2728 τὴν
722 2656 1021 2710 εὐσέϐειαν.
1039 2658 1100 2710 Εί
1130 2656 1309 2710 τοίνυν
1337 2658 1436 2729 τὴν
1460 2657 1630 2710 Ῥαὰϐ
1663 2659 1877 2730 ἐκείνην

202 2749 235 2815 ἠ
270 2746 534 2816 μετάνοια
545 2744 819 2815 σωτηρίας
840 2742 1107 2815 τοσαύτης
1129 2743 1350 2814 ἠξίωσε,
1376 2745 1471 2798 καὶ
1493 2743 1580 2798 διὰ
1610 2741 1877 2816 στόματος

199 2837 377 2903 ἁγίων
410 2834 758 2905 κηρύττεται,
791 2832 965 2905 Ἰησοῦ
996 2832 1102 2900 ,μὲν
1129 2832 1224 2885 τοῦ
1258 2832 1415 2902 Ναυῆ
1455 2832 1683 2902 βοῶντος
1725 2834 1782 2887 ἐν
1807 2837 1872 2905 τῇ

198 2926 401 2997 ἐρήμῳ
419 2942 434 2955 ο
458 2924 623 2989 Ζήτω
644 2923 828 2977 Ῥαὰϐ
847 2924 885 2990 ἡ
912 2922 1127 2990 πόρνη,
1160 2921 1373 2974 Παύλου
1396 2921 1452 2975 δέ
1471 2921 1739 2989 λέγοντος,
1770 2923 1875 2976 Πί-

199 3028 334 3068 στει
355 3012 533 3066 Ῥαὰϐ
548 3013 586 3080 ἡ
608 3011 798 3079 πόρνη
823 3013 893 3064 οὐ
910 3008 1307 3064 συναπώλετο
1335 3008 1460 3075 τοῖς
1483 3008 1870 3074 ἀπειθήσασι,

201 3103 356 3172 πόσῳ
384 3100 584 3172 μάλλον
630 3102 813 3171 ἡμεῖς,
850 3099 945 3152 ἐὰν
987 3099 1350 3169 προσάγωμεν
1381 3097 1479 3169 τὴν
1539 3099 1828 3169 μετάνοιαν
1852 3137 1869 3164 ,

198 3189 465 3259 δεξόμεθα
489 3188 584 3259 τὴν
606 3188 910 3259 σωτηρίαν;
934 3186 1234 3248 Μετανοίας
1258 3186 1352 3239 νῦν
1381 3188 1410 3240 6
1436 3185 1625 3257 παρὼν
1650 3187 1837 3258 καιρός
1854 3204 1867 3218 ·

199 3280 371 3341 πολὺς
394 3278 501 3350 γάρ
522 3280 553 3331 ὁ
574 3277 734 3346 φόϐος
756 3276 864 3329 τῶν
897 3276 1261 3347 ἐπικειμένων
1279 3278 1411 3345 ἡμῖν
1434 3276 1867 3346 ἁμαρτημάτων,

201 3370 267 3424 ἂν
298 3367 376 3439 μὴ
406 3366 666 3436 προλάϐοι
698 3366 796 3434 τὴν
829 3365 1097 3435 τιμωρίαν
1128 3365 1161 3434 ἡ
1202 3363 1477 3432 μετάνοια.
1510 3363 1870 3432 Προφθάσω-

192 3472 310 3526 μεν
335 3453 404 3507 τὸ
444 3454 769 3520 πρόσωπον
812 3450 998 3504 αὐτοῦ
1031 3451 1101 3503 ἐν
1153 3448 1582 3518 ἐξομολογήσει
1615 3466 1628 3479 ·
1668 3450 1871 3503 σϐέσω-

199 3560 300 3614 μεν
320 3541 423 3612 τὴν
451 3540 726 3611 πυρκαϊάν
747 3538 856 3592 τῶν
880 3537 1313 3607 ἁμαρτημάτων,
1332 3537 1430 3605 οὐχ
1452 3535 1606 3589 ῦδασι
1633 3537 1864 3600 πολλοῖς,

193 3630 332 3683 ἀλλά
370 3630 588 3700 μικροῖς
614 3626 864 3697 δάκρυσι.
896 3626 1038 3678 Πολὺ
1078 3625 1139 3676 :6
1164 3625 1275 3693 πῦρ
1316 3624 1416 3691 τῆς
1448 3625 1744 3694 ἁμαρτίας,
1777 3625 1867 3678 καὶ

188 3718 363 3787 ὀλίγῳ
424 3714 641 3786 δακρύῳ
683 3713 1006 3766 σϐέννυταιο
1063 3712 1124 3764 τὸ
1170 3713 1278 3782 γὰρ
1328 3712 1563 3780 δάκρυον
1615 3712 1865 3765 σϐέννυσι

190 3805 475 3876 πυρκαϊάν
502 3804 937 3875 ἁμαρτημάτων,
959 3803 1053 3856 καὶ
1082 3801 1379 3854 ἀποπλύνει
1406 3801 1667 3855 δυσωδίαν
1694 3803 1868 3874 ἀμαρ-

184 3896 333 3960 τίας.
364 3896 655 3965 Μαρτυρεῖ
684 3891 845 3945 Δαυῖδ
877 3895 906 3944 6
945 3890 1215 3962 μακάριος
1246 3890 1441 3958 λέγων,
1476 3891 1571 3943 καὶ
1603 3891 1860 3944 δεικνύων

184 3985 291 4057 τὴν
322 3984 556 4053 δύναμιν
603 3980 713 4034 τῶν
753 3978 1009 4050 δακρύων
1050 3979 1175 4031 ὅσον
1224 3978 1427 4047 ίσχύει·
1470 3979 1684 4031 Λούσω
1733 3978 1861 4048 γὰρ,

187 4078 350 4149 φησὶ,
383 4074 515 4128 καθ’
562 4072 832 4137 ἑκάστην
866 4072 1058 4124 νύκτα
1089 4069 1206 4137 τὴν
1235 4070 1456 4135 κλίνην
1479 4087 1620 4137 μου,
1654 4070 1728 4123 ἐν
1757 4070 1863 4124 δά-

182 4166 377 4235 κρυσί
416 4182 537 4233 μου
580 4161 697 4227 τὴν
734 4159 1054 4228 στρωμνήν
1096 4176 1216 4227 μου
1259 4158 1481 4225 βρέξω.
1519 4160 1628 4212 Καὶ
1664 4160 1772 4231 μὴν
1815 4162 1863 4214 εί

180 4256 289 4326 τὴν
332 4250 598 4321 ἀφθονίαν
635 4247 887 4302 ἐϐούλετο
916 4247 1086 4312 δεῖξαι
1127 4245 1237 4298 τῶν
1280 4246 1563 4317 δακρύων,
1614 4248 1772 4318 ἤρκει
1802 4249 1864 4302 :6

180 4344 368 4397 ziﬁiv
384 4358 401 4373 '
447 4342 551 4393 Ἐν
574 4335 836 4404 δάκρυσί
852 4340 985 4404 μου
1014 4334 1128 4402 τὴν
1149 4334 1475 4402 στρωμνήν
1493 4354 1614 4404 μου
1638 4335 1857 4404 βρέξω.

176 4428 288 4486 Διὰ
317 4428 370 4480 τί
395 4421 489 4480 οὖν
518 4422 779 4496 προέταξε
804 4422 887 4489 τὸ,
920 4421 1168 4481 Λούσω;
1204 4420 1320 4473 Ἵνα
1348 4421 1494 4491 δείξῃ
1526 4423 1607 4475 ὅτι
1634 4422 1860 4495 λουτρόν

176 4519 305 4571 ἐστι
332 4514 430 4567 καὶ
453 4512 750 4583 καθάρσιον
776 4508 1188 4580 ἁμαρτημάτων
1211 4507 1281 4561 τά
1304 4507 1538 4580 δάκρυα.

253 4607 336 4667 ς’.
370 4598 595 4651 Πάντων
624 4594 733 4649 τῶν
766 4592 953 4646 κακῶν
982 4592 1129 4645 αἴτια
1150 4591 1217 4645 τὰ
1239 4592 1632 4661 ἁμαρτήματα.
1659 4594 1756 4646 Διά
1792 4595 1859 4649 τὰ

172 4686 566 4760 ἁμαρτήματα
619 4679 810 4743 λῦπαι,
845 4680 935 4733 διὰ
959 4678 1029 4732 τά
1070 4680 1442 4749 ἁμαρτήματα
1475 4681 1734 4750 ταραχαὶ,
1770 4681 1859 4735 διὰ

169 4776 244 4830 τὰ
269 4772 655 4844 ἁμαρτήματα
683 4767 928 4839 πόλεμοι,
962 4766 1049 4820 διὰ
1075 4767 1144 4819 τὰ
1174 4767 1544 4836 ἁμαρτήματα
1564 4767 1728 4825 νόσοι.
1762 4771 1857 4823 καὶ

170 4864 366 4918 πάντα
397 4860 500 4912 ὅσα
532 4859 664 4927 ἡμῖν
688 4855 1029 4928 προσπίπτει,
1053 4854 1280 4907 δυσίατα
1326 4853 1493 4924 πάθη.
1523 4853 1735 4925 ’Ὠσπερ
1763 4852 1857 4909 οὖν

166 4954 221 5006 οἱ
246 4952 472 5020 ἄριστοι
506 4944 616 4998 τῶν
645 4942 846 5013 ἰατρῶν
871 4942 934 4995 οὐ
964 4940 1031 4994 τά
1054 4941 1354 5010 φαινόμενα
1385 4938 1534 5010 πάθη
1569 4940 1856 5007 ἐξετάζον.

171 5057 286 5099 σιν,
312 5034 454 5090 ἀλλὰ
477 5033 575 5104 τὴν
594 5030 772 5086 αἰτίαν
797 5029 905 5083 τῶν
937 5030 1275 5098 φαινομένων
1302 5028 1651 5098 ἐπιζητοῦσιν
1670 5047 1684 5060 ι
1711 5030 1854 5084 οὕτω

168 5128 273 5181 καὶ
305 5125 339 5177 6
363 5121 554 5192 Σωτὴρ
584 5119 902 5190 βουλόμενος
928 5117 1098 5182 δείξαι
1132 5117 1350 5169 πάντων
1379 5114 1490 5167 τῶν
1522 5116 1712 5170 κακῶν
1747 5118 1854 5171 τῶν

165 5218 232 5269 ἐν
262 5209 580 5280 ἀνθρώποις
616 5206 794 5261 αἰτίαν
834 5205 933 5276 τὴν
962 5204 1257 5275 ἁμαρτίαν.
1281 5204 1417 5273 φησὶ
1441 5203 1520 5275 τῷ
1544 5205 1856 5275 παραλελυ-

170 5301 332 5371 μένῳ
355 5297 420 5350 τδ
448 5295 606 5364 cium
628 5311 641 5324 -
672 5291 860 5363 ἐπειδὴ
893 5286 1031 5344 εἶδεν
1062 5290 1224 5344 αὐτόν
1249 5291 1278 5343 6
1305 5291 1489 5360 ἰατρὸς
1524 5290 1634 5343 τῶν
1664 5292 1853 5361 ψυχῶν

167 5386 451 5458 πράτερον
477 5380 574 5451 τὴν
619 5379 797 5450 ψυχὴν
845 5377 1245 5449 παραλυθέντα,
1277 5380 1372 5431 καὶ
1416 5378 1534 5432 τότε
1566 5378 1626 5430 τδ
1655 5379 1851 5449 σῶμα,

164 5472 331 5540 λέγει
361 5467 501 5537 πρὸς
531 5466 716 5518 αὐτόν·
746 5465 889 5526 Ἴδε,
914 5462 1089 5532 ὑγιὴς
1113 5461 1387 5532 γέγονας.
1421 5464 1634 5529 μηκέτι
1670 5464 1855 5533 ἀμάρ-

163 5562 343 5620 (ard,
375 5556 479 5609 ἵνα
502 5552 588 5623 μὴ
618 5552 820 5623 χεῖρόν
854 5553 911 5605 τί
940 5568 1039 5606 σοι
1067 5550 1329 5619 γένηται.
1364 5547 1573 5601 Οὐκοῦν
1616 5550 1713 5603 καὶ
1750 5551 1851 5621 τῆς

165 5641 565 5719 προλαϐούσης
614 5640 925 5712 ἀρρωστίας
970 5640 1140 5692 αἴτιον
1180 5638 1213 5709 ἡ
1259 5635 1529 5709 ἁμαρτίαι
1562 5634 1722 5690 τοῦτο
1751 5639 1849 5691 καὶ

166 5735 388 5804 ζημίας
426 5731 623 5783 αἴτιον·
656 5728 814 5782 τοῦτο
853 5728 949 5781 καὶ
980 5725 1176 5797 λύπης,
1227 5724 1386 5779 τοῦτο
1428 5723 1523 5778 καὶ
1557 5725 1848 5795 συμφορᾶς

1388 271 1486 325 ἶ)ῐί
1523 269 1994 328 ΡΟΕΝΙΤΕΝΤΙᾹ.
2037 270 2273 328 1103111».
2314 270 2427 329 VII.

3558 282 3665 339 55’!

2002 386 2221 456 ἀπάσης
2254 387 2511 451 ὑπόθεσις
2556 387 2784 457 γίνεται.
2833 389 2979 461 Πλὴν
3013 391 3278 463 θαυμάζω
3324 394 3516 457 ἐκεῖνο,
3546 398 3664 457 πῶς

2000 473 2096 544 τὴν
2129 473 2303 545 λύπην
2327 475 2421 527 ἀπ’
2456 475 2632 546 ἀρχῆς
2668 474 2746 544 τῷ
2770 476 3041 548 ἀνθρώπῳ
3072 478 3196 543 δοὺς
3227 480 3255 532 6
3283 480 3417 546 θεὸς
3446 480 3535 533 διὰ
3564 485 3665 548 τὴν

2000 560 2275 631 ἁμαρτίαν
2306 564 2370 631 τῇ
2398 562 2671 630 ἀποφάσει
2695 561 2793 633 τὴν
2816 564 3092 626 ἀπόφασιν
3118 566 3253 629 λύει,
3287 568 3381 620 καὶ
3410 570 3667 640 τῆκαταυ

1997 647 2122 720 δίκῃ
2152 648 2249 719 τὴν
2287 649 2589 721 καταδίκην
2623 651 2908 705 ἐκϐάλλει·
2933 653 3031 704 καὶ
3049 654 3217 717 ὅπως,
3250 656 3438 709 ἄκουε.
3475 658 3661 730 Ἐδόθη

1996 736 2139 807 λύπη
2162 737 2249 791 διὰ
2271 739 2368 807 τὴν
2398 738 2694 808 ἁμαρτίαν,
2729 740 2822 792 καὶ
2861 738 2950 793 διὰ
2981 738 3158 809 λύπης
3184 740 3368 794 λύεται
3398 744 3659 815 ἁμαρτία.

1928 828 1963 847 ’
1998 824 2235 895 Πρόσεχε
2266 824 2508 894 ἀκριϐῶς
2528 842 2543 856 ·
2572 828 2637 895 τῇ
2667 826 2887 894 γυναικὶ
2918 827 3158 879 ἀπειλῶν
3186 830 3215 881 6
3250 828 3401 892 Θεὸς,
3452 832 3547 885 καὶ
3572 831 3660 887 διά

1994 911 2094 980 τὴν
2116 911 2431 982 παράϐασιν
2454 913 2551 983 τὴν
2577 914 2849 984 τιμωρίαν
2870 915 3113 983 ἐπάγων,
3139 915 3273 984 φησὶ
3299 918 3434 986 πρὸς
3457 918 3625 988 αὐτὴν
3644 939 3661 953 ·

2009 997 2104 1049 Ἐν
2125 1000 2350 1064 λύπαις
2377 999 2519 1067 τέξῃ
2542 999 2751 1053 τέκνω
2785 1002 2881 1053 καὶ
2908 1002 3077 1068 ἔδειξε
3112 1004 3325 1075 καρπὸν
3352 1006 3451 1076 τῆς
3486 1006 3665 1077 ἀμαρ-

1993 1084 2135 1147 τίας,
2171 1087 2270 1157 τὴν
2312 1085 2489 1156 λύπην
2512 1102 2525 1115 ·
2570 1087 2668 1138 ἀλλ
2693 1127 2707 1148 ,
2740 1085 2784 1139 ὢ
2821 1088 2915 1141 τοῦ
2948 1090 3358 1162 μεγαλοδώρουί
3400 1093 3429 1145 ὃ
3466 1093 3664 1147 ἔδωκεν

1995 1173 2075 1235 εἰς
2100 1173 2391 1244 τιμωρίαν,
2430 1173 2724 1243 μετέϐαλεν
2749 1176 2829 1237 είς
2853 1177 3148 1246 σωτηρίαν.
3179 1179 3449 1250 Ἀμαρτία
3486 1179 3663 1252 λύπην

1994 1261 2282 1331 ἐγέννησε·
2332 1261 2475 1331 λύπη
2527 1262 2627 1330 τὴν
2676 1262 2952 1333 ἁμαρτίαν
3004 1264 3282 1327 ἀνάλωσε,
3326 1268 3420 1320 καὶ
3473 1266 3663 1337 ὥσπερ

1995 1347 2210 1417 σκώληξ
2259 1349 2367 1401 ἀπὸ
2410 1349 2505 1403 τοῦ
2535 1349 2693 1413 ξύλου
2748 1352 3101 1419 τικτόμενος,
3151 1353 3285 1406 αὐτὸ
3331 1355 3546 1425 δαπανᾷ
3600 1355 3663 1407 τὸ

1994 1433 2181 1497 ξύλον’
2217 1435 2361 1489 οῦτω
2391 1438 2485 1488 καὶ
2515 1439 2548 1507 ἠ
2604 1440 2748 1509 λύπη
2795 1439 3046 1507 τεχθείσα
3072 1440 3179 1492 ἀπὸ
3215 1441 3313 1509 τῆς
3360 1442 3657 1511 ἁμαρτίας,

1993 1522 2277 1575 ἀναλίσκει
2325 1524 2425 1593 τὴν
2463 1525 2756 1593 ἁμαρτίαν,
2796 1526 2883 1578 διὰ
2913 1526 3013 1595 τῆς
3058 1529 3343 1598 μετανοίας
3390 1544 3662 1600 προσαγο-

1996 1610 2154 1679 μένη.
2184 1608 2280 1661 Διά
2314 1609 2470 1662 τοῦτό
2498 1628 2662 1680 φησιν
2693 1614 2721 1665 ό
2758 1612 2970 1675 Παῦλος
2990 1628 3004 1644 ⁸
3048 1615 3117 1668 'H
3145 1617 3295 1669 κατὰ
3321 1614 3472 1669 Θεὸν
3489 1617 3656 1684 λύπη

1986 1696 2308 1764 μετάνοιαν
2364 1700 2451 1761 εὶς
2484 1700 2788 1764 σωτηρίαν
2826 1702 3274 1769 ἀμεταμέλητον
3302 1702 3452 1775 [556]
3496 1704 3662 1771 ἐργά-

1992 1783 2161 1844 ζεται.
2192 1783 2345 1853 Καλὴ
2376 1786 2409 1855 ἡ
2440 1784 2583 1855 λύπη
2628 1788 2741 1847 τοῖς
2766 1787 3005 1855 γνησίως
3060 1789 3383 1857 μετανοοῦσι
3404 1804 3418 1818 ’
3456 1791 3657 1860 πρέπει

1989 1875 2100 1935 τοῖς
2132 1872 2501 1943 ἁμαρτάνουσι
2527 1873 2582 1925 τὸ
2606 1873 2746 1944 ὑπὲρ
2767 1878 2867 1944 τῆς
2895 1876 3166 1945 ἁμαρτίας
3200 1876 3393 1939 πένθος
3414 1894 3427 1909 ³
3452 1879 3658 1932 Μακά-

1981 1976 2101 2025 ριοι
2122 1962 2229 2028 γὰρ
2256 1964 2308 2013 οί
2340 1959 2723 2026 πενθοῦντες,
2747 1961 2836 2013 ὅτι
2863 1962 3033 2015 αὐτοὶ
3063 1965 3653 2031 παρακληθήσονται.

1990 2045 2266 2116 Πένθησον
2298 2047 2396 2116 τὴν
2442 2047 2737 2117 ἁμαρτίαν,
2786 2048 2872 2100 ἵνα
2908 2049 2981 2120 μὴ
3030 2048 3308 2124 θρηνήσῃς
3346 2052 3447 2123 τὴν
3489 2071 3658 2124 τιμω-

1990 2132 2111 2204 ρίαν
2132 2149 2145 2161 ·
2176 2133 2513 2202 ἀπολόγησαι
2552 2133 2630 2203 τῷ
2657 2138 2838 2206 κριτῇ,
2875 2138 3005 2206 πρὶν
3056 2136 3218 2209 ἔλθῃς
3246 2140 3327 2201 εἰς
3358 2139 3417 2190 τὸ
3460 2143 3654 2211 κριτήοο

1992 2236 2121 2288 ριον.
2157 2221 2227 2273 Ἦ
2260 2220 2357 2272 οὐκ
2386 2216 2553 2283 οἶδας,
2580 2222 2660 2273 ὃτι
2689 2221 2888 2283 πάντες
2918 2224 2966 2274 οἱ
2994 2222 3305 2294 βουλόμενοι
3334 2225 3653 2295 δυσωπῆσαι

1985 2307 2075 2359 τὸν
2129 2306 2353 2377 κριτὴν,
2405 2309 2504 2359 οὐκ
2538 2309 2596 2361 ἐν
2642 2309 2779 2378 αὐτῇ
2828 2311 2893 2379 τῇ
2932 2310 3118 2362 ἐτάσει
3145 2311 3243 2381 τῆς
3281 2311 3438 2383 δίκης
3485 2313 3650 2384 θερα·

1938 2408 1947 2415 '
1987 2392 2262 2455 πεύουσιν,
2302 2392 2440 2446 ἀλλά
2478 2394 2606 2463 πρὶν
2645 2392 2908 2447 εἰσελθεῖν
2946 2396 3027 2458 είς
3068 2395 3130 2448 τὸ
3158 2399 3465 2471 κριτήριον,
3496 2402 3529 2470 η
3559 2400 3651 2454 διὰ

1986 2480 2176 2549 φίλων,
2209 2480 2354 2551 ἢδιά
2377 2480 2718 2551 προστατῶν,
2753 2481 2785 2551 ἦ
2816 2481 2881 2533 δι’
2921 2482 3109 2552 ἐτέρου
3149 2484 3353 2555 τρόπου
3383 2485 3528 2549 τινὸς
3556 2488 3651 2541 τὸν

1982 2567 2245 2637 δικαστὴν
2295 2567 2724 2637 θεραπεύουσιν;
2758 2568 2967 2622 Οὐκοῦν
3012 2571 3108 2622 καὶ
3152 2572 3244 2624 ἐπὶ
3294 2572 3389 2625 τοῦ
3419 2573 3555 2626 Θεοῦ
3591 2577 3650 2628 ἐν

1981 2655 2059 2726 τῷ
2089 2654 2265 2726 καιρῷ
2296 2653 2390 2708 τοῦ
2434 2654 2676 2725 βήματος
2711 2656 2812 2708 οὐκ
2842 2655 2958 2709 ἐστι
3002 2659 3187 2711 πεῖσαι
3231 2659 3323 2711 τὸν
3351 2660 3612 2732 δικαστήν
3634 2680 3648 2694 °

1983 2743 2090 2814 πρὸ
2113 2742 2170 2795 δὲ
2196 2741 2290 2795 τοῦ
2328 2742 2520 2812 καιροῦ
2553 2744 2652 2813 τῆς
2682 2742 2918 2813 κρίσεως
2948 2742 3171 2797 δυνατὸν
3211 2744 3529 2818 δυσωπῆσαι
3555 2749 3650 2802 τὸν

1982 2832 2193 2900 κριτήν.
2219 2830 2417 2899 Διόπερ
2442 2828 2628 2897 ἔλεγεν
2648 2831 2677 2881 6
2697 2829 2887 2881 Δαυῖδ⁸
2912 2831 3358 2901 Προφθιὶσωμεν
3382 2834 3448 2886 τό
3470 2838 3652 2903 πρόσ.

1980 2933 2144 2969 ωπον
2169 2915 2356 2969 αὑτοῦ
2376 2915 2448 2968 ἐν
2476 2915 2931 2986 ἐξομολογήσει.
2968 2918 3115 2970 Ἐκεῖ
3133 2918 3225 2971 τὸν
3259 2919 3433 2989 μέγαν
3457 2922 3649 2994 κριτὴν

1978 3005 2039 3056 οὐ
2091 3002 2514 3073 παραλογίζεται
2570 3003 2816 3072 ρητόρων
2863 3002 3024 3075 τέχνη
3047 3020 3062 3036 ο
3096 3005 3157 3057 οὐ
3195 3004 3435 3059 δυσωπεῖ
3484 3008 3646 3062 δυνα-

1981 3090 2162 3144 στεία’
2204 3088 2473 3159 ἀξιώματι
2516 3090 2577 3141 ού
2610 3090 2885 3142 πείθεται·
2920 3092 3210 3161 πρόσωπον
3254 3094 3356 3145 ούκ
3400 3094 3649 3164 αίσχύνε-

1976 3195 2101 3231 ταν
2133 3179 2409 3248 χρήμασιν
2443 3178 2504 3230 ού
2546 3178 2942 3249 διαφθείρεται,
2982 3179 3117 3233 ἀλλά
3147 3180 3355 3251 φοϐερά
3392 3185 3509 3236 ἐστι
3551 3187 3647 3239 καὶ

1976 3266 2327 3335 ἀδυσώπητος
2358 3266 2391 3335 ἡ
2416 3264 2799 3335 δικαιοκρισία.

2061 3352 2326 3406 Ἐνταῦθα
2352 3365 2378 3393 ι
2412 3350 2504 3405 οὖν
2530 3352 2623 3404 τὸν
2656 3354 2851 3423 κριτὴν
2871 3351 3300 3423 δυσωπήσωμεν,
3340 3358 3434 3409 καὶ
3467 3375 3646 3427 παρα-

1976 3442 2328 3512 καλέσωμεν
2388 3439 2620 3493 ἐνταῦθα
2680 3441 2846 3493 παντί¹
2905 3441 3079 3494 σθένει
3133 3442 3645 3514 καθικετεύσωμεν,

1974 3528 2088 3583 ἀλλ’
2133 3531 2193 3582 οὐ
2242 3531 2520 3600 χρήμασι·
2574 3528 2775 3597 μάλλον
2813 3528 2891 3590 δὲ,
2952 3530 3000 3580 εί
3044 3528 3147 3599 χρὴ
3190 3530 3397 3599 τάληθῆ
3438 3532 3642 3599 λέγειν,

1976 3619 2223 3674 πείθεται
2252 3620 2346 3670 καὶ
2391 3617 2666 3686 χρήμασιν
2697 3619 2726 3668 6
2752 3616 3147 3685 φιλάνθρωπος.
3176 3619 3276 3671 ούκ
3308 3620 3468 3683 αὐτὸς
3490 3621 3644 3691 δεχός

1977 3725 2157 3780 μενος,
2187 3705 2322 3759 ἀλλὰ
2355 3705 2441 3757 διὰ
2468 3704 2575 3756 τῶν
2617 3707 2884 3774 πενήτων.
2918 3704 3016 3766 Δὸς
3044 3706 3325 3775 πενομένῳ
3362 3710 3640 3777 χρήματα,

1973 3795 2177 3848 καὶτὸν
2200 3791 2393 3863 κριτὴν
2417 3788 2797 3860 ἐδυσώπησας.
2822 3790 3009 3843 Ταῦτα
3027 3790 3083 3843 δὲ
3114 3790 3256 3859 λέγω
3274 3794 3641 3864 οίκειούμενος

1973 3884 2137 3954 ὑμᾶς,
2168 3878 2354 3949 ἐπειδὴ
2409 3878 2670 3948 μετάνοια
2703 3878 2859 3942 ἐκτὸς
2901 3878 3270 3951 ἐλεημοσύνης
3316 3883 3487 3953 νεκρά
3521 3885 3641 3939 ἐστι

1972 3970 2067 4023 καὶ
2116 3968 2387 4034 ἄπτερος·
2435 3965 2497 4017 ού
2551 3961 2772 4018 δύναται
2826 3966 3086 4035 μετάνοια
3132 3968 3521 4039 πτερωθῆναι,
3562 3970 3639 4042 μὴ

1971 4055 2170 4126 ἔχουσα
2203 4051 2405 4123 πτερὸν
2441 4050 2832 4122 ἐλεημοσύνης.
2858 4053 2955 4105 Διά
2977 4051 3135 4105 τοῦτο
3158 4052 3234 4124 τῷ
3259 4054 3436 4118 καλῶς
3471 4073 3638 4126 μετα.

1971 4145 2223 4214 νοήσαντι
2245 4139 2528 4211 Κορνηλίῳ
2549 4139 2744 4210 πτερὸν
2770 4139 2985 4207 ἐγένετο
3011 4141 3107 4210 τῆς
3130 4140 3409 4205 εὐσεϐείας
3436 4144 3469 4214 η
3492 4142 3640 4214 ἐλεη-

1974 4230 2210 4303 μοσύνη·
2238 4231 2307 4282 Al
2331 4228 2735 4296 ἐλεημοσύναι
2763 4242 2880 4281 σου
2901 4226 3031 4299 γάρ,
3064 4230 3215 4298 φησὶ,
3249 4228 3347 4282 καὶ
3374 4234 3433 4283 αἱ
3454 4248 3639 4298 προσ-

1968 4316 2143 4387 ευχαί
2190 4331 2307 4369 σου
2355 4317 2442 4380 είς
2488 4316 2749 4382 οὐρανὸν
2796 4313 3126 4380 ἀνέϐησαν.
3179 4315 3264 4378 Ὠς
3298 4318 3347 4369 εί
3398 4317 3473 4388 μὴ
3522 4313 3637 4389 εἶχε

1969 4405 2168 4477 πτερὸν
2195 4403 2291 4475 τὴν
2323 4401 2689 4473 ἐλεημοσύνην
2722 4404 2754 4472 ή
2789 4404 3070 4471 μετάνοια,
3104 4404 3204 4455 οὐκ
3251 4403 3317 4457 ἂν
3369 4406 3449 4469 είς
3480 4407 3639 4477 ούρα-

1965 4495 2054 4548 νὸν
2098 4492 2392 4564 ἐχώρησενΔ
2438 4491 2731 4560 Ἀνέῳκται
2758 4486 2850 4543 οὖν
2892 4492 3132 4561 σήμερον
3166 4493 3457 4562 ἐμπορεῖον
3489 4494 3635 4565 ἐλεη-

1970 4582 2239 4651 μοσύνης·
2285 4578 2502 4649 ὁρῶμεν
2536 4581 2644 4647 γάρ
2675 4578 2799 4639 τοὺς
2831 4578 3212 4647 αἰχμαλώτους
3247 4580 3339 4631 καὶ
3373 4580 3498 4642 τοὺς
3531 4581 3631 4633 πέ-

1965 4684 2163 4735 νηταςο
2200 4666 2413 4735 δρῶμεν
2440 4666 2562 4727 τοὺς
2588 4667 2646 4716 ἐν
2675 4665 2849 4735 ἀγορᾷ
2897 4665 3383 4735 περιφερομένους,
3416 4667 3631 4736 ὁρῶμεν

1963 4758 2086 4819 τοὺς
2137 4754 2392 4824 βοῶντας,
2435 4753 2651 4823 ὁρῶμεν
2680 4754 2807 4814 τοὺς
2845 4751 3199 4821 δακρύοντας,
3244 4751 3461 4822 ὁρῶμεν
3505 4753 3629 4817 τοὺς

1966 4843 2248 4904 στένοντας
2277 4861 2286 4871 -
2318 4856 2625 4909 πανηγύρις
2655 4841 2789 4907 ἡμῖν
2816 4840 3096 4909 πρόκειται
3128 4837 3434 4909 θαυμαστὴ,
3465 4855 3630 4909 πανη-

1961 4931 2171 4999 γύρεως
2188 4929 2244 4980 δέ
2266 4928 2417 4980 οὐδὲν
2436 4927 2621 4995 ἕτερόν
2644 4928 2791 4979 ἐστιν
2819 4926 3162 4995 ἐπάγγελμα,
3187 4927 3279 4977 καὶ
3299 4928 3376 4997 τῷ
3399 4928 3627 5002 ἐμπόρῳ

1961 5016 2113 5070 οὐδὲν
2156 5014 2342 5086 ἕτερόν
2389 5015 2503 5066 ἐστι
2538 5014 2813 5085 φρόνημα,
2852 5013 2884 5084 ἢ
2917 5014 2983 5065 τά
3031 5014 3088 5065 ἐν
3136 5016 3250 5077 τοῖς
3295 5013 3476 5080 ὠνίοις
3522 5016 3628 5071 όλί-

1960 5121 2057 5173 γου
2084 5104 2183 5174 μὲν
2206 5102 2492 5171 ἀγοράσαι,
2543 5100 2735 5154 πολλοῦ
2763 5101 2818 5153 δὲ
2852 5100 3123 5168 πωλῆσαι.
3168 5103 3280 5172 υῦχ
3325 5093 3481 5169 οὗτος
3514 5107 3622 5160 τῶν

1960 5189 2217 5260 ἐμπόρων
2262 5187 2492 5241 ἑκάστου
2522 5189 2550 5240 ὁ
2581 5187 2811 5251 σκοπός;
2847 5184 2921 5256 μὴ
2975 5185 3042 5238 δι’
3083 5186 3271 5258 ἕτερόν
3306 5206 3359 5242 τι
3405 5190 3628 5247 ἐπιϐάλ-

1960 5276 2111 5330 λεταί
2150 5292 2233 5337 τις
2274 5278 2341 5347 τῇ
2382 5275 2640 5347 ἐμπορίᾳ,
2674 5276 2707 5347 ἢ
2745 5274 2831 5327 ἶνα
2870 5273 2938 5326 τά
2978 5273 3174 5345 μικροῦ
3206 5277 3491 5349 ἐωνημένα
3523 5298 3625 5353 με..

1959 5365 2127 5435 γάλου
2175 5362 2494 5437 διαπωλήσῃ
2515 5403 2529 5424 ,
2569 5362 2662 5416 καὶ
2694 5363 2806 5433 ἄρῃ
2839 5360 3419 5437 πολυπλασιαζομένην
3471 5369 3626 5442 αὐτῷ

1957 5454 2056 5524 τὴν
2084 5451 2386 5523 ἐμπορίαν;
2411 5451 2677 5520 Τοιαύτην
2701 5445 2794 5505 οὖν
2822 5452 3129 5523 πανήγυριν
3160 5453 3469 5526 προέθηκεν
3490 5459 3621 5528 ἡμῖν

1957 5544 1986 5595 6
2016 5541 2177 5603 Θεόςο
2214 5540 2396 5609 ὀλίγου
2426 5539 2525 5602 τὰς
2567 5539 2912 5605 δικαιοσύνας
2954 5541 3262 5612 ἀγόρασον,
3307 5543 3394 5599 ἴνα
3424 5543 3621 5599 πολλοῦ

1960 5627 2356 5702 μεταπωλησῃς
2384 5628 2440 5681 ἐν
2460 5629 2536 5697 τῷ
2574 5628 2817 5697 μέλλοντι
2836 5647 2851 5663 ο
2883 5631 2937 5684 εί
2961 5646 3025 5700 γε
3060 5628 3141 5683 δεῖ
3173 5631 3516 5702 μετάπρασιν
3543 5630 3620 5681 εἰ·

2019 5732 2048 5764 ⁸
2073 5731 2209 5784 Unus
2233 5733 2357 5796 Reg.
2382 5731 2586 5782 ἐντεῦθεν
2613 5731 2703 5783 bis.
