4062 6206
411 290 520 348 333

419 413 542 464 πεῖν
569 409 666 480 τὴν
701 403 1077 458 ἀνταπόδοσιν.
1126 404 1484 475 Ἐνταῦθαδΐ
1514 405 1710 474 ὀλίγων
1745 407 2076 477 ἀγοράζεται

415 492 752 562 δικαιοσύνη,
781 491 850 545 δι’
883 491 1131 555 εὐτελοῦς
1174 492 1488 562 κλάσματος
1517 493 1705 564 ἄρτου,
1733 495 1800 547 δι’
1835 494 2083 557 εὐτελοῦς

417 575 658 641 ἱματίου,
699 574 787 629 διά
817 573 1075 646 ποτηρίου
1117 573 1322 643 ψυχροῦ
1351 592 1364 605 ·
1407 578 1512 641 Ὃς
1545 578 1770 644 ποτίσῃ
1801 577 2086 646 ποτήριον

417 659 681 727 ψυχροῦ,
711 657 874 728 ἀμὴν
913 659 1068 727 ,λέγω
1103 659 1262 728 ὑμῖν,
1301 660 1466 727 φησὶν
1497 660 1526 712 0
1569 661 1670 728 τῆς
1704 661 2086 732 πνευματικῆς

421 746 694 816 ἐμπορίας
747 745 1064 810 διδάσκαλος
1091 787 1105 811 ,
1159 747 1231 799 οὐ
1279 745 1364 814 μὴ
1405 747 1682 816 ἀπολέσῃ
1717 748 1824 801 τὸν
1865 749 2086 817 μισθὸν

417 833 624 887 αὑτοῦ.
647 835 911 904 Ποτηριον
936 831 1145 902 ψυχροῦ
1171 832 1456 902 ἔμμισθον,
1494 834 1686 902 ἱμάτια
1715 836 1808 887 καὶ
1829 836 1931 905 χρή
1943 852 2086 904 ματα

418 920 668 990 διδόμενα
714 921 779 974 δι’
815 921 1138 991 εὐεργεσίαν
1176 921 1276 973 οὐκ
1315 921 1592 992 ἐμμισθας
1639 923 1958 976 Τούναντίον
1991 925 2086 992 μὲν

418 1003 506 1060 οῦν
549 1009 648 1060 καὶ
683 1007 1013 1076 πολύμισθα.
1048 1007 1148 1060 Διά
1179 1007 1230 1059 τί
1265 1004 1359 1060 οὖν
1407 1010 1666 1080 ποτήριον
1709 1010 2085 1080 ἐμνημόνευσε

418 1096 662 1168 ψυχροῦ;
705 1097 1002 1151 Ἀδάπανον
1041 1093 1190 1150 εἶπεν
1221 1098 1590 1169 ἐλεημοσύνην
1614 1116 1626 1128 ·
1657 1099 1734 1169 τῷ
1764 1100 1870 1170 γάρ
1893 1099 2088 1169 ψυχρῷ

418 1184 542 1236 οὐτε
574 1184 726 1248 ξύλον
767 1184 1098 1248 ἀναλίσκεις,
1130 1185 1252 1238 οὐτε
1285 1187 1472 1257 ἕτερόν
1503 1205 1550 1240 τι
1583 1186 1994 1257 προσδαπανᾷς.
2024 1187 2088 1238 Εἰ

419 1271 463 1324 δ’
501 1272 634 1325 ὅπου
677 1273 950 1336 ἀδάπανος
989 1276 1020 1342 ὴ
1071 1272 1236 1336 δόσις,
1275 1274 1510 1334 τοσαύτη
1543 1273 1642 1343 τῆς
1686 1275 2004 1346 εὐεργεσίας
2053 1277 2086 1346 ἠ

422 1360 600 1430 χάρις,
643 1359 770 1411 ἔνθα
805 1360 1033 1430 ἱματίων
1079 1360 1330 1428 ἀφθονία,
1380 1360 1530 1431 [557]
1585 1361 1884 1431 χρημάτων
1921 1377 2092 1432 χορη-

422 1448 539 1516 γία,
570 1447 678 1500 τῶν
714 1447 888 1500 ἄλλων
921 1447 1142 1515 ἀγαθῶν
1171 1449 1202 1516 ἡ
1235 1447 1520 1516 περιουσία
1543 1489 1558 1512 ,
1593 1448 1756 1500 πόσον
1797 1448 2092 1518 ἀπεκδέχε-

424 1537 548 1592 σθαι
580 1538 684 1608 χρὴ
719 1537 908 1608 μισθὸν
941 1537 1094 1608 παρὰ
1125 1537 1218 1590 τοῦ
1245 1537 1452 1590 δικαίου
1476 1536 1701 1608 κριτοῦ;
1746 1539 1832 1590 Ἐν
1857 1538 1966 1607 ὅσῳ
1999 1535 2092 1590 οὖν

423 1625 740 1697 πρόκεινται
790 1627 844 1678 αί
889 1625 1081 1694 ἀρεταὶ
1126 1624 1308 1691 ὀλίγου
1359 1624 1744 1695 πωλούμεναι,
1798 1624 1952 1697 παρά
1996 1625 2090 1678 τοῦ

429 1712 808 1784 μεγαλοδώρου
858 1713 1133 1782 λάϐωμεν,
1179 1713 1534 1784 ἀρπάσωμεν,
1596 1713 1980 1783 ἀγοράσωμεν.
2029 1715 2091 1766 υί

424 1800 715 1870 διψῶντες
737 1841 750 1861 .
793 1801 946 1870 φησὶ,
979 1801 1308 1866 πορεύεσθε
1345 1800 1436 1867 ἐφ’
1471 1799 1658 1866 ὕδωρ,
1703 1801 1802 1853 καὶ
1843 1800 1976 1854 ὅσοι
2004 1800 2090 1870 μὴ

423 1888 592 1956 ἔχετε
640 1888 942 1956 ἀργύριον,
989 1887 1360 1952 βαδίσαντες
1425 1885 1780 1955 ἀγοράσατε.
1849 1890 1939 1941 Ἐν
1983 1891 2092 1958 ὅσῳ

424 1979 712 2047 πρόκειται
740 1977 773 2044 ἡ
798 1978 1124 2044 πανήγυρις,
1155 1973 1514 2044 ἀγοράσωμεν
1542 1974 1930 2043 ἐλεημοσύνας,
1959 1977 2094 2046 μᾶλ-

424 2061 516 2114 λον
545 2062 602 2114 δέ
635 2061 721 2114 διά
745 2062 844 2130 τῆς
871 2060 1239 2131 ἐλεημοσύνης
1265 2061 1628 2134 ἀγοράσωμεν
1659 2063 1758 2132 τὴν
1795 2063 2092 2134 σωτηρίαν.

429 2149 664 2220 Χριστὸν
699 2147 902 2210 ἐνδύεις
923 2190 936 2212 ,
985 2149 1204 2218 πτωχὸν
1237 2147 1458 2202 ὲνδύων.
1505 2147 1688 2201 Ταῦτα
1711 2191 1724 2213 ,
1757 2151 1939 2220 φησὶν,
1981 2147 2096 2202 οἶδα

425 2235 606 2298 καλῶς
633 2236 728 2288 καὶ
753 2233 1022 2304 ἀκριϐῶς·
1055 2235 1227 2288 ταῦτα
1255 2235 1682 2306 προμεμάθηκα,
1705 2237 1764 2288 οὐ
1795 2237 1858 2290 σὺ
1885 2236 2100 2305 πρῶτος

426 2322 674 2386 ἐδίδαξας
697 2339 710 2352 ·
760 2322 820 2374 οὐ
873 2321 1028 2393 παρά
1057 2322 1150 2374 σοῦ
1195 2323 1354 2376 τοῦτο
1402 2322 1617 2391 πρῶτον
1647 2323 1963 2392 ἀκηκόαμεν
1989 2340 2003 2354 ·
2035 2325 2097 2376 οὐ

429 2409 554 2474 ξένα
577 2409 888 2480 κηρύττεις,
917 2409 1032 2462 ἀλλ’
1059 2408 1095 2462 ἃ.
1127 2409 1388 2472 πολλάκις
1413 2411 1562 2480 ἡμᾶς
1591 2408 1778 2462 πολλοὶ
1817 2409 1926 2462 τῶν
1959 2427 2102 2480 παρ-

426 2496 596 2552 όντων
637 2497 902 2561 ἐδίδαξαν.
957 2493 1087 2549 Οἶδα
1133 2497 1226 2550 καὶ
1279 2497 1464 2561 αὐτὸς,
1502 2493 1638 2560 οἶδα,
1681 2498 1763 2550 ὅτι
1805 2495 1978 2550 ταῦτα
2007 2498 2102 2551 καὶ

430 2588 501 2644 τά
533 2585 756 2640 τοιαῦτα
806 2583 1064 2646 πολλάκις
1114 2583 1488 2653 μεμαθήκατε,
1529 2583 1646 2636 ἀλλ’
1679 2582 1792 2637 εἴθε
1839 2583 2101 2648 πολλάκις

429 2673 714 2746 μαθόντες,
745 2670 846 2723 κᾶν
877 2670 1055 2736 ὀλίγον
1083 2669 1143 2720 τὸ
1168 2669 1334 2722 καλὸν
1383 2667 1789 2740 είργαζώμεθα.
1845 2670 1901 2724 ’0
1934 2671 2102 2725 ἐλεῶν

431 2757 646 2825 πτωχὸν
672 2755 906 2818 δανείζει
928 2753 1064 2824 Θεῷ.
1095 2755 1213 2824 Θεῴ
1238 2755 1567 2825 δανείσωμεν
1588 2757 1684 2827 τὴν
1711 2756 2100 2827 ἐλεημοσύνην,

430 2844 518 2897 ῐνα
545 2844 673 2914 παρ’
703 2841 869 2894 αὐτοῦ
899 2841 1155 2911 λάϐωμεν
1188 2841 1595 2914 φιλανθρωπίας
1627 2845 1920 2900 ἀντίδοσιν.
1966 2845 2104 2898 Ἀλλ’

431 2927 477 2981 ὣ
504 2927 594 2982 τοῦ
625 2929 936 3003 σοφωτάτου
981 2929 1257 2999 ῥήματοςί
1297 2929 1349 2979 '0
1371 2927 1558 2982 ἐλεῶν
1585 2930 1826 2999 πτωχὸν
1851 2930 2104 2992 δανείζει

433 3013 576 3080 Θεῷ.
613 3013 710 3068 Διὰ
743 3014 796 3066 τί
828 3010 920 3068 οὗν
947 3014 1046 3068 οὑκ
1077 3011 1248 3078 εἶπεν,
1295 3015 1348 3066 '0
1378 3015 1568 3069 ἐλεῶν
1609 3017 1852 3087 πτωχὸν
1887 3018 2100 3073 δίδωσι

435 3103 582 3167 Θεῷ,
618 3101 774 3165 ἀλλὰ,
813 3100 1112 3166 Δανείζει;
1151 3097 1302 3155 Οἶδεν
1347 3103 1380 3172 ή
1434 3103 1626 3174 Γραφὴ
1667 3104 1766 3175 τὴν
1819 3105 2100 3177 ἡμετέραν

433 3189 748 3256 πλεονεξίαν
768 3206 782 3221 ·
811 3191 1112 3262 προσέσχεν
1135 3191 1218 3243 ὃτι
1249 3193 1282 3261 ἡ
1316 3191 1592 3262 ἀπληστία
1619 3195 1774 3264 ἡμῶν
1813 3195 1948 3265 πρὸς
1977 3196 2106 3249 πλε-

433 3278 640 3343 ονεξίαν
672 3277 943 3348 βλέπουσα
976 3279 1068 3329 τὸν
1109 3277 1446 3348 πλεονασμὸν
1480 3280 1652 3350 ζητεῖ.
1693 3282 1801 3334 Καὶ
1831 3282 1920 3335 διὰ
1945 3283 2106 3338 τοῦτο

433 3367 534 3419 οὐκ
565 3361 716 3418 εἶπεν
743 3364 928 3428 ἀπλῶς
953 3382 967 3395 ·
1009 3365 1068 3418 '0
1093 3364 1259 3418 ἐλεῶν
1289 3367 1504 3434 πτωχὸν
1525 3366 1708 3420 δίδωσι
1733 3367 1873 3438 Θεῷ,
1903 3370 1988 3423 ἵνα
2028 3370 2104 3441 μὴ

435 3453 610 3524 ἁπλῆν
638 3453 734 3523 τὴν
759 3451 1104 3521 ἀντιμισθίαν
1127 3451 1354 3522 νομίσῃς
1371 3469 1383 3482 ·
1417 3453 1531 3504 ἀλλ’
1563 3453 1626 3504 '0
1647 3453 1834 3506 ἐλεῶν
1865 3458 2106 3523 πτωχὸν

432 3537 682 3599 δανείζει
713 3537 854 3603 Θεῷ.
880 3539 940 3590 Εἰ
963 3538 1264 3602 δανείζεται
1290 3539 1422 3601 Θεὸς
1439 3539 1568 3608 παρ’
1592 3541 1770 3611 ἡμῶν,
1799 3541 1908 3614 ἄρα
1930 3542 2106 3613 χρεώ-

436 3643 568 3696 στης
599 3625 756 3695 ὴμῶν
796 3628 932 3679 ἐστι.
971 3625 1035 3677 Τί
1072 3621 1164 3678 οὖν
1213 3624 1387 3688 θέλεις
1437 3627 1600 3680 αὑτὸν
1642 3628 1806 3698 ἔχειν,
1843 3631 2101 3702 κριτὴνῆ

432 3713 714 3784 χρεώστην
741 3729 756 3778 ;
789 3713 847 3765 '0
876 3713 1159 3784 χρεώστης
1184 3712 1408 3766 αἰδεῖται
1430 3713 1520 3765 τὸν
1553 3715 1873 3770 δανείσαντα
1890 3733 1904 3748 ·
1929 3719 1958 3770 0
1984 3734 2105 3789 κρι-

431 3803 532 3872 τὴς
562 3803 621 3855 οὐ
653 3803 980 3856 δυσωπεῖται
1011 3801 1102 3854 τὸν
1131 3799 1528 3871 δανειζόμενον.

507 3939 573 4004 ζ’.
604 3941 924 4008 Ἀναγκαῖον
951 3939 1006 3991 δέ
1035 3939 1130 3990 καὶ
1163 3939 1282 3992 καθ’
1317 3939 1500 4009 ἕτερον
1531 3940 1733 4010 τρόπον
1766 3941 1913 4004 ἰδεῖν,
1960 3939 2104 4004 τίνος

432 4027 619 4080 ἕνεκεν
659 4028 688 4078 0
712 4025 842 4088 Θεὸς
873 4021 1044 4090 εἷπεν,
1071 4026 1152 4078 ὅτι
1193 4025 1346 4094 Ἐμοὶ
1375 4024 1607 4089 δανείζει
1635 4029 1662 4079 0
1684 4026 1857 4090 διδοὺς
1882 4027 2101 4097 πτωχῷ.

445 4114 662 4184 Ἐπειδὴ
697 4110 833 4166 εἶδεν
866 4113 1023 4182 ἡμῶν
1051 4111 1149 4183 τὴν
1179 4111 1496 4178 πλεονεξίαν
1527 4110 1791 4180 ῥέπουσαν
1804 4119 1883 4180 είς
1898 4115 2098 4172 πλεον--

441 4202 644 4270 ασμὸν,
715 4202 791 4264 ὡς
832 4200 1002 4272 ἔφθην
1046 4199 1237 4260 εἰπὼν,
1283 4201 1374 4253 καὶ
1426 4199 1674 4270 μηδαμοῦ
1719 4201 1810 4254 τὸν
1845 4204 2105 4272 χρήματα

433 4287 623 4356 ἔχοντα
653 4287 918 4350 δανείζειν
957 4287 1179 4341 θέλοντα
1213 4285 1339 4339 ἄνευ
1374 4286 1672 4354 ἀσφαλείας
1695 4303 1709 4318 ·
1744 4289 1965 4342 ἀπαιτεί
1996 4289 2104 4360 γάρ

432 4377 462 4429 0
491 4373 751 4438 δανείζων
773 4375 806 4445 ἢ
833 4374 1139 4446 ὑποθήκην,
1166 4376 1198 4445 ἢ
1231 4374 1534 4445 ἐνέχυρα,ἢ
1561 4375 1654 4428 τὸν
1678 4376 2103 4444 ἁντιφωνοῦντα,

433 4463 530 4514 καὶ
569 4461 658 4514 διὰ
709 4461 816 4513 τῶν
859 4461 1024 4532 τριῶν
1066 4461 1268 4514 τούτων
1307 4461 1614 4529 ἀσφαλειῶν
1668 4461 1988 4532 ἐμπιστεύει
2037 4465 2106 4518 τὰ

438 4548 634 4603 ἑαυτοῦ
658 4550 937 4620 χρήματα,
970 4547 1003 4618 ἢ
1035 4548 1236 4616 ἐγγύας
1265 4548 1573 4618 δεχόμενος,
1605 4548 1680 4612 ὡς
1709 4547 1880 4619 ἔφθην
1906 4548 2102 4612 εἰπὼν,

432 4635 467 4708 ἢ
509 4635 789 4705 ὑποθήκην
831 4634 1190 4704 πραγμάτων,
1239 4635 1270 4706 ἢ
1307 4635 1571 4706 ἐνέχυρα·
1621 4635 1806 4706 ἐπειδὴ
1848 4631 1940 4690 οὖν
1967 4633 2105 4691 εἶδεν

434 4725 462 4777 0
490 4725 642 4787 Θεὸς,
679 4725 759 4776 ὅτι
796 4723 950 4784 ἐκτὸς
983 4721 1186 4775 τούτων
1225 4723 1400 4786 οὐδεὶς
1434 4721 1685 4786 δανείζει,
1719 4723 1839 4776 οὐδὲ
1870 4727 1949 4788 είς
1985 4725 2107 4794 φιλ-

435 4811 751 4881 ανθρωπίαν
802 4809 1018 4880 βλέπει,
1059 4809 1173 4862 ἀλλ’
1207 4812 1285 4872 είς
1316 4812 1473 4880 μόνον
1499 4811 1559 4864 τὸ
1589 4811 1778 4883 κέρδος
1810 4811 1931 4884 ὁρᾷ,
1967 4813 2106 4865 πάν-

435 4916 543 4954 των
570 4899 624 4953 δὲ
651 4899 856 4952 τούτων
879 4897 1082 4970 ἕρημος
1108 4899 1135 4949 0
1162 4899 1394 4968 πτωχὸς,
1417 4899 1516 4969 οὐχ
1540 4899 1820 4970 ὑποθήκην
1843 4899 1980 4969 έχων
2000 4916 2013 4929 ·
2047 4902 2105 4952 οὑ

436 4985 812 5058 κέκτηταιγὰρ
827 4986 995 5040 οὐδέν·
1012 4985 1112 5038 οὐκ
1135 4985 1366 5057 ἐνέχυρα
1393 4987 1593 5058 φέρων·
1611 4987 1744 5056 γεγύ
1754 5004 1957 5057 μνωται
1977 4988 2103 5060 γάρ·

437 5075 498 5128 οὐ
544 5075 634 5127 τὸν
663 5073 1065 5143 ἁντιφωνοῦντα
1094 5072 1346 5144 παρέχων
1367 5091 1379 5103 ·
1412 5073 1719 5126 ἀπιστεῖται
1752 5073 1861 5146 γὰρ
1887 5073 1975 5126 διὰ
2009 5075 2108 5145 τὴν

438 5161 697 5230 ἀπορίαν·
741 5161 816 5223 ὡς
864 5155 956 5214 οῦν
988 5155 1126 5212 εἶδεν
1165 5160 1326 5213 αὐτὸν
1358 5159 1828 5213 διακινδυνεύοντα
1860 5163 1925 5231 τῇ
1968 5161 2109 5215 ἀπο-

439 5245 550 5318 ρίᾳ,
575 5247 668 5299 καὶ
685 5245 775 5299 τὸν
797 5245 989 5316 ἔχοντα
1018 5249 1276 5318 χρήματα
1304 5245 1679 5300 κινδυνεύοντα
1703 5247 1792 5300 διὰ
1813 5247 1912 5317 τὴν
1933 5247 2108 5300 ἀπαν-

439 5333 704 5402 θρωπίαν,
741 5333 902 5403 μέσον
933 5333 1120 5386 ἐαυτὸν
1154 5334 1543 5406 παρενέθηκεν,
1588 5333 1847 5404 ἐχέγγυον
1892 5335 1990 5405 μὲν
2029 5335 2108 5406 τῷ

439 5419 653 5490 πένητι,
701 5419 948 5491 ἐνέχυρον
991 5419 1048 5472 δὲ
1091 5419 1168 5490 τῷ
1209 5419 1524 5486 δανείζοντι.
1587 5411 1860 5486 ’Λπιστεῖς
1907 5423 2104 5494 τούτῳ,

441 5507 596 5577 φησι,
630 5503 719 5558 διὰ
766 5504 862 5576 τὴν
888 5507 1148 5577 ἀπορίαν,
1181 5508 1304 5578 ἐμοὶ
1348 5509 1634 5562 πίστευσον
1681 5509 1772 5563 διά
1800 5511 1900 5582 τὴν
1937 5511 2106 5580 ἀφθο-

438 5595 580 5647 νίαν.
615 5587 737 5646 Εῐδε
769 5590 859 5645 τὸν
897 5593 1132 5662 πτωχὸν,
1174 5597 1268 5648 καὶ
1297 5596 1524 5666 ἠλέησεν
1547 5613 1562 5627 ·
1596 5593 1706 5649 εἶδε
1737 5595 1828 5650 τὸν
1859 5598 2098 5669 πτωχὸν,

441 5681 530 5736 καὶ
562 5681 621 5734 οὐ
647 5679 927 5749 παρεῖδεν,
959 5678 1072 5732 ἀλλ’
1101 5680 1290 5734 ἐαυτὸν
1317 5681 1512 5736 ἔδωκεν
1539 5682 1796 5753 ἐνέχυρον
1818 5683 1894 5754 τῷ
1931 5684 2097 5752 μηδὲν

1189 290 1246 346 S.
1287 289 1573 346 JOANNIS
1611 289 2102 346 CIIRYSOSTOMI
2143 290 2460 348 ARCIIIEP.
2502 288 3052 347 CONS’I‘ANTINOP.

3749 293 3858 350 330

2193 407 2387 477 ἔχοντι,
2421 411 2516 460 καὶ
2541 407 2616 477 τῷ
2645 408 2836 478 ἀπόρῳ
2877 406 3122 477 παρέστη
3155 404 3244 460 διὰ
3270 403 3468 477 πολλὴν
3507 406 3822 481 ἀγαθότητα
3843 453 3858 476 ,

2189 494 2616 565 ἐπαληθεύοντος
2662 493 2755 547 τοῦ
2813 493 3082 563 μακαρίου
3143 490 3307 546 Δαυῖδ
3359 495 3426 564 τῇ
3480 493 3866 568 φιλανθρωπίᾳ,

2189 577 2341 650 [558]
2377 579 2568 649 ταύτῃ,
2601 579 2694 632 καὶ
2723 577 3003 645 λέγοντος·
3053 576 3182 630 Ὀτι
3229 575 3498 645 παρέστη
3537 578 3606 632 ἐκ
3643 578 3866 644 δεξιῶν

2189 665 2466 730 πένητος.
2534 667 2596 718 '0
2638 664 2826 718 ἐλεῶν
2868 663 3107 730 πτωχὸν
3161 663 3410 724 δανείζει
3457 664 3597 730 Θεῷ.
3633 667 3862 738 Θάρσει,

2189 751 2373 820 φησιν,
2406 750 2528 819 ἐμοὶ
2554 749 2840 812 δανείζεις.
2873 749 2982 802 Καὶ
3007 747 3058 800 τί
3081 747 3332 800 τοσοῦτον
3353 749 3621 818 κερδαίνω
3649 769 3728 804 σοι
3765 753 3864 806 δα-

2189 837 2411 902 νείζωνς
2459 835 2710 890 Μάλιστα
2755 836 2851 904 μὲν
2902 831 2995 888 οὖν
3036 835 3500 905 παρανομώτατον
3537 837 3690 908 παρά
3723 837 3866 894 Θεοῦ

2189 923 2344 992 λόγον
2386 925 2668 976 ἀπαιτεῖν·
2711 922 2849 994 πλὴν
2889 922 2976 974 ἵνα
3014 923 3344 990 συγκαταῦῶ
3389 940 3483 976 σου
3535 927 3600 995 τῇ
3635 927 3866 997 ἀνομία,

2191 1013 2284 1066 καὶ
2315 1011 2462 1064 λύσω
2491 1014 2570 1082 τῇ
2589 1010 2969 1081 φιλανθρωπίᾳ
3001 1011 3101 1082 τὴν
3129 1012 3454 1081 ἀποτομίαν,
3489 1013 3864 1078 ἀντεξετάσω-

2196 1117 2292 1170 μεν
2325 1099 2459 1170 πρὸς
2486 1098 2680 1151 ταῦτα.
2711 1097 2984 1160 Δανείζων
3013 1101 3126 1162 τοῖς
3159 1099 3338 1162 ἄλλοις
3357 1100 3410 1152 τί
3431 1101 3776 1170 κερδαίνεις;
3811 1104 3868 1156 τί

2193 1186 2322 1258 παρ’
2360 1185 2538 1240 αὑτῶν
2574 1187 2653 1248 εἰς
2693 1185 3029 1254 πλεονασμὸν
3073 1185 3382 1255 ἐπιζητεῖς;
3411 1187 3508 1256 οὑχ
3538 1188 3866 1259 ἑκατοστὴν,

2193 1285 2287 1339 ἐὰν
2319 1284 2414 1352 τὴν
2445 1284 2666 1353 ἔννομον
2695 1283 2936 1354 ζητήσῃς
2961 1300 2976 1346 ;
3021 1282 3144 1335 Ἐὰν
3169 1284 3224 1335 δὲ
3247 1284 3546 1354 πλεονάσης
3569 1286 3666 1354 τὴν
3695 1286 3874 1356 ἀπλη-

2196 1383 2348 1435 στίαν
2365 1395 2413 1444 ι,
2443 1381 2634 1450 διπλῆν
2659 1382 2752 1432 καὶ
2781 1380 3010 1450 τριπλῆν
3037 1379 3304 1450 καρπώσῃ
3329 1379 3426 1450 τὴν
3446 1381 3677 1458 ἀδικίαν.
3722 1382 3870 1450 Ἐγὼ

2195 1480 2250 1532 δέ
2279 1497 2370 1531 σου
2399 1477 2534 1532 νικῶ
2563 1479 2660 1548 τὴν
2704 1477 3044 1540 πλεονεξίαν·
3081 1477 3394 1548 ὑπερϐαίνω
3433 1495 3524 1530 σου
3549 1479 3648 1550 τὴν
3683 1479 3866 1550 ὄρεξιν

2195 1577 2292 1648 τῆς
2322 1575 2654 1646 ἀπληστίας·
2685 1573 2942 1626 καλύπτω
2965 1577 3029 1644 τῇ
3063 1576 3166 1644 ἐμῇ
3213 1575 3442 1646 ἀφθονίᾳ
3471 1575 3568 1646 τὴν
3601 1577 3700 1646 σὴν
3733 1579 3870 1646 ἀμε.

2195 1673 2369 1744 τρίαν.
2402 1675 2472 1726 Σὺ
2508 1671 2801 1742 ἑκατοστὴν
2847 1674 3029 1742 ζητεῖς
3051 1711 3063 1724 .
3103 1671 3212 1740 ἐγὼ
3239 1672 3294 1726 δέ
3335 1675 3868 1730 ἑκατονταπλασίονα

2193 1771 2386 1840 δίδωμί
2422 1789 2522 1824 σοι.
2555 1765 2688 1823 Εἶτα
2715 1770 2948 1842 δανείζῃ,
2972 1770 3141 1838 Κύριε
3159 1788 3173 1802 ·
3203 1773 3297 1824 καὶ
3321 1773 3538 1844 δανείζῃ
3569 1776 3702 1845 παρ’
3729 1775 3868 1846 ἐμοῦ

2197 1867 2429 1920 ἐνταῦθα
2463 1867 2558 1937 τὴν
2588 1870 2668 1930 εἰς
2697 1867 2787 1920 τὸν
2816 1869 3027 1938 πτωχὸν
3061 1868 3454 1939 ἐλεημοσύνην,
3491 1871 3580 1924 ἵνα
3613 1872 3744 1925 πότε
3776 1889 3870 1942 μοι

2195 1964 2368 2016 ταῦτα
2390 1962 2640 2033 ἀποδῷςς
2685 1962 2930 2016 ’Δπαιτῶ
2963 1963 3031 2016 τά
3079 1964 3367 2034 σύμφωνα,
3407 1965 3658 2036 στηρίξαι
3687 1967 3872 2036 βουλό-

2201 2077 2358 2130 μενος
2379 2060 2438 2113 τὸ
2455 2059 2826 2129 συνάλλαγμα.
2853 2061 2951 2122 Δός
2971 2078 3060 2130 μοι
3083 2059 3186 2128 τῆς
3206 2062 3524 2125 ἀντιδόσεως
3541 2063 3632 2115 τὸν
3651 2065 3866 2135 καιρόν·

2196 2159 2376 2228 ὅρισον
2427 2155 2526 2225 τῆς
2571 2154 2896 2225 ἀπολήψεως
2937 2155 3038 2226 τὴν
3085 2155 3447 2226 προθεσμίαν.
3481 2158 3736 2212 Μάλιστα
3771 2161 3870 2230 μὲν

2197 2249 2290 2305 οὖν
2315 2252 2472 2305 τοῦτο
2503 2251 2756 2319 περιττόν
2780 2267 2796 2284 ·
2831 2252 3056 2317 Πιστὸς
3090 2251 3200 2322 γάρ
3225 2254 3526 2321 Κύριοςὲν
3561 2255 3708 2308 πᾶσι
3747 2257 3870 2322 τοῖς

2197 2345 2400 2414 λόγοις
2427 2347 2636 2400 αὑτοῦ.
2674 2345 2888 2417 Ἐπειδὴ
2917 2347 2972 2399 δὲ
3001 2347 3122 2410 ἔθος
3164 2349 3257 2401 καὶ
3299 2348 3498 2412 σκοπὸς
3529 2350 3608 2420 τῷ
3631 2351 3870 2416 δανειζο-

2203 2441 2350 2514 μένῳ
2375 2443 2754 2513 εὐγνωμόνως,
2779 2442 3003 2514 χρόνους
3031 2447 3272 2515 μετρεῖν,
3295 2445 3391 2498 καὶ
3412 2445 3623 2516 ἡμέρας
3639 2447 3866 2516 ὁρίζειν,

2201 2539 2363 2594 ἄκουε
2411 2541 2543 2595 πότε
2588 2542 2680 2594 καὶ
2727 2541 2830 2595 ποῦ
2861 2559 2941 2595 σοι
2975 2541 3075 2612 τὴν
3103 2541 3322 2613 ὀφειλὴν
3363 2543 3689 2596 ἀποδίδωσιν
3729 2547 3756 2598 0
3781 2545 3872 2599 διὰ

2200 2636 2294 2689 τοῦ
2331 2637 2545 2706 πτωχοῦ
2589 2638 2996 2709 δανεισάμενος.
3031 2640 3216 2692 Ὅταν
3257 2641 3478 2708 καθίσῃ
3511 2643 3542 2694 ὀ
3601 2641 3736 2706 Υἱὸς
3763 2641 3870 2696 τοῦ

2200 2733 2515 2802 ἀνθρώπου
2561 2736 2660 2788 ἐπὶ
2698 2737 2914 2803 θρόνου
2949 2736 3134 2804 δόξης
3161 2740 3350 2792 αὑτοῦ
3369 2779 3384 2800 ,
3414 2739 3512 2793 καί
3553 2740 3760 2808 στήσῃ
3803 2741 3876 2794 τὰ

2196 2829 2315 2900 μὲν
2341 2832 2608 2898 πρόϐατα
2635 2832 2704 2884 ἐκ
2731 2831 2946 2898 δεξιῶν
2977 2834 3185 2896 αὑτοῦ,
3223 2833 3296 2887 τὰ
3324 2834 3394 2888 δὲ
3411 2836 3606 2903 ἐρίφια
3629 2836 3704 2899 ἐξ
3727 2839 3874 2890 εὐω-

2201 2926 2426 2996 νύμων,
2479 2929 2578 2982 καὶ
2622 2927 2748 2994 ἐρεῖ
2784 2928 2908 2994 τοῖς
2955 2929 3023 2982 ἐκ
3066 2927 3318 2994 δεξιῶν·
3363 2929 3595 2984 ἐνταῦθα
3637 2932 3876 3002 πρόσεχε

2204 3021 2323 3087 πιῖις
2354 3026 2384 3078 0
2415 3023 2698 3096 χρεώστης
2729 3026 3027 3096 εὐγνώμων
3050 3029 3179 3098 περὶ
3204 3027 3295 3080 τὸν
3327 3029 3676 3093 δανείσαντα,
3711 3032 3828 3094 πῶς
3847 3035 3878 3085 6

2201 3121 2586 3193 δανεισάμενος
2617 3125 2753 3194 μετὰ
2781 3124 2982 3194 πολλῆς
3013 3125 3232 3196 χάριτος
3259 3126 3548 3179 ἀποδίδωσι
3571 3144 3585 3157 ·
3615 3129 3800 3183 Δεῦτε
3819 3133 3876 3183 οι

2202 3221 2596 3292 εὐλογημένοι
2623 3223 2730 3276 τοῦ
2771 3224 2999 3290 Πατρός
3041 3241 3180 3293 μου,
3225 3226 3728 3294 κληρονομήσατε
3763 3229 3876 3296 τὴν

2203 3319 2656 3387 ἡτοιμασμένην
2691 3317 2834 3388 ὑμῖν
2863 3319 3195 3382 ,βασιλείαν
3225 3322 3341 3375 ἀπὸ
3379 3323 3726 3390 καταϐολῆς
3775 3327 3874 3380 κό-

2205 3429 2384 3483 σμου.
2419 3416 2590 3486 ’Υπὲρ
2615 3416 2814 3482 τίνων;
2852 3417 2973 3468 Ὅτι
3005 3417 3318 3482 ἐπείνασα,
3349 3418 3446 3470 καὶ
3485 3419 3751 3474 ἐδώκατέ
3779 3439 3879 3490 μοι

2205 3513 2444 3583 φαγεῖν·
2467 3513 2752 3581 ἐδίψησα,
2793 3511 2887 3565 καί
2930 3513 3250 3567 ἐποτίσατέ
3281 3533 3359 3582 με
3382 3531 3398 3545 ·
3433 3516 3666 3584 γυμνὸς
3694 3516 3875 3587 ἤμην,

2205 3609 2303 3662 καί
2336 3606 2661 3661 ἐνεδύσατέ
2676 3623 2753 3675 με
2771 3623 2786 3637 ·
2815 3607 2885 3660 ἐν
2912 3605 3178 3674 φυλακῇ,
3211 3607 3309 3660 καί
3333 3608 3550 3676 ἤλθετε
3591 3611 3742 3678 πρὸς
3765 3611 3842 3680 μέ
3861 3630 3875 3643 ·

2204 3703 2470 3770 ἀσθενὴς
2503 3701 2685 3772 ήμην,
2729 3702 2824 3756 καί
2862 3702 3288 3770 ἐπεσκέψασθέ
3321 3719 3430 3772 με·
3473 3703 3649 3770 ξένος
3691 3706 3878 3774 ἤμην,

2203 3801 2303 3854 καί
2336 3799 2708 3869 συνηγάγετέ
2734 3816 2829 3870 με.
2879 3796 3012 3852 Εἶτα
3045 3801 3094 3852 οἱ
3121 3799 3304 3864 καλῶς
3335 3802 3394 3854 ἐν
3423 3801 3606 3873 καιρῷ
3627 3802 3882 3874 διακονήο

2203 3912 2420 3960 σαντες,
2449 3897 2528 3958 είς
2547 3894 2643 3966 τὴν
2667 3896 2872 3949 οἰκείαν
2895 3895 3177 3949 ἀσθένειαν
3203 3895 3536 3966 ἀφορῶντες,
3557 3900 3650 3951 καὶ
3675 3901 3754 3961 είς
3783 3900 3882 3968 τὴν

2205 3983 2361 4050 ἀξίαν
2405 3986 2497 4040 τοῦ
2537 3987 2944 4057 δανεισαμένου,
2978 3987 3226 4056 λέγουσι·
3262 3989 3442 4056 Κύριε
3464 4029 3479 4055 ,
3510 3991 3658 4043 πότε
3689 4007 3766 4044 σε
3803 3993 3882 4044 ει-

2205 4082 2389 4150 δομεν
2429 4082 2740 4148 πεινῶντα,
2777 4084 2878 4138 καὶ
2925 4083 3263 4152 ἐθρέψαμεν
3279 4101 3298 4150 ;
3343 4085 3382 4151 ἢ
3429 4083 3726 4152 διψῶντα,
3771 4086 3874 4140 καί

2205 4177 2608 4248 ἐποτίσαμεν;
2637 4181 2715 4243 είς
2742 4180 2801 4234 ὃν
2829 4182 2876 4232 οἱ
2899 4179 3166 4250 ὀφθαλμοὶ
3200 4181 3418 4234 πάντων
3443 4180 3754 4244 ἐλπίζουσι.
3789 4185 3884 4234 καὶ

2210 4275 2275 4328 σὺ
2301 4275 2457 4338 δίδως
2489 4277 2588 4346 τὴν
2615 4277 2819 4346 τροφὴν
2853 4277 3033 4329 αὐτῶν
3065 4277 3123 4330 ὲν
3155 4277 3420 4347 ἀφθονίᾳ;
3453 4277 3516 4328 Ὢ
3557 4278 3658 4346 τῆς
3683 4278 3886 4347 πολλῆς

2209 4369 2580 4439 ἀγαθότητοςί
2645 4371 2879 4442 κρύπτει
2927 4371 3026 4443 τὴν
3081 4372 3236 4438 ἀξίαν
3287 4373 3374 4426 διά
3431 4373 3880 4446 φιλανθρωπίαν·

2221 4465 2543 4521 Ἐπείνασα
2575 4467 2682 4537 γὰρ
2711 4469 2810 4522 καί
2852 4469 3110 4524 ἐδώκατέ
3133 4488 3235 4540 μοι
3264 4469 3510 4540 φαγεῖν·
3541 4469 3589 4524 ὢ
3627 4472 3734 4542 τῆς
3767 4473 3886 4526 πολι

2207 4561 2308 4632 λῆς
2329 4563 2683 4636 ἀγαθότητος,
2730 4565 2775 4618 ὣ
2804 4566 2904 4635 τῆς
2939 4567 3178 4638 ἀμέτρου
3213 4567 3614 4638 χρηστότητοςί
3655 4570 3686 4622 0
3709 4569 3884 4631 διδοὺς

2209 4659 2414 4728 τροφὴν
2443 4659 2590 4730 πάσῃ
2637 4661 2820 4732 σαρκὶ,
2849 4661 2942 4714 καὶ
2963 4661 3195 4730 ἀνοίγων
3227 4661 3324 4726 τάς
3363 4665 3572 4733 χεῖρας,
3604 4665 3704 4716 καὶ
3735 4667 3886 4735 ἐμπιο

2209 4751 2358 4805 πλῶν
2381 4755 2489 4806 πᾶν
2516 4754 2654 4820 ζῶον
2677 4755 2945 4820 εὐδοκίας,
2989 4757 3294 4822 Ἐπείνων,
3320 4760 3472 4828 φησὶ,
3502 4760 3602 4812 καὶ
3619 4759 3884 4813 ἐδώκατὲ

2203 4865 2306 4916 μοι
2343 4850 2557 4918 φαγεῖν
2578 4869 2593 4884 ·
2621 4853 2682 4906 οὐ
2707 4853 2807 4922 τῆς
2837 4853 2994 4918 ἀξίας
3023 4854 3437 4926 ἐλαττουμένης.
3471 4855 3612 4909 ἀλλὰ
3637 4855 3744 4925 τῆς
3770 4856 3886 4924 φιλ-

2209 4945 2522 5016 ανθρωπίας
2573 4950 2702 5013 τοὺς
2772 4952 3021 5021 πτωχοὺς
3087 4949 3462 5022 ἐγγυωμένης.
3540 4953 3880 5022 Ἔδίψησαν

2211 5041 2308 5096 καί
2339 5043 2658 5099 ἐποτίσατέ
2685 5063 2782 5116 με.
2815 5047 2912 5109 Τίς
2939 5049 2967 5099 0
2992 5046 3163 5100 ταῦτα
3196 5049 3397 5118 λέγων;
3443 5051 3502 5102 '0
3529 5049 3758 5120 λίμναις
3791 5051 3884 5104 καὶ

2211 5142 2475 5210 ποταμοῖς
2499 5142 2590 5195 καὶ
2617 5145 2821 5213 πηγαῖς
2845 5143 2954 5196 τῶν
2974 5144 3180 5198 ὑδάτων
3210 5146 3310 5216 τὴν
3348 5145 3510 5214 φύσιν
3534 5147 3748 5216 ἐγχέων
3771 5149 3798 5188 δ
3815 5163 3828 5176 ·
3855 5150 3886 5202 6

2209 5235 2298 5289 διά
2323 5237 2434 5289 τῶν
2461 5238 2807 5308 Εὐαγγελίων
2837 5240 3080 5308 φάσκων,
3107 5241 3190 5294 ὅτι
3226 5241 3280 5294 '0
3309 5243 3614 5296 πιστεύων
3639 5244 3731 5310 είς
3757 5245 3882 5314 ἐμὲ,

2209 5333 2406 5400 καθὼς
2445 5330 2616 5390 εἴπεν
2653 5337 2694 5404 ἡ
2733 5339 2964 5406 Γραφὴ,
3011 5337 3265 5408 ποταμοί
3303 5337 3373 5394 ἐκ
3424 5344 3664 5407 κοιλίας
3691 5345 3888 5398 αὐτοῦ

2201 5429 2538 5494 ῥεύσουσιν
2568 5431 2786 5500 ὕδατος
2823 5433 3035 5502 ζῶντος
3053 5453 3066 5467 ·
3093 5437 3119 5490 0
3145 5435 3335 5499 εἰπὼν,
3359 5439 3434 5492 El
3462 5455 3552 5504 τις
3575 5437 3730 5508 δίζε-ᾇ
3747 5481 3763 5504 ,
3799 5440 3890 5510 ἐρ·

2207 5523 2407 5593 χέσθω
2447 5525 2596 5594 πρὸς
2627 5527 2724 5596 μὲ,
2767 5529 2867 5583 καὶ
2894 5530 3128 5585 πινέτω.
3181 5532 3360 5596 mm,
3407 5533 3650 5604 Γυμνὸς
3691 5535 3884 5605 ἥμην,

2282 5637 2299 5714 δ
2321 5639 2470 5714 ξδνῗίτ
2497 5648 2700 5714 “Nm.”
2715 5645 2838 5710 “93°
2861 5649 3122 5714 πὶεονάσῃς
3141 5651 3227 5708 τήν
3249 5651 3486 5700 ἀπιστίαν.

2271 5697 2301 5740 ιο
2323 5702 2532 5753 Savilius
2547 5705 2740 5769 ἐκχέων.
