4062 6206
218 474 333 528 lare
350 480 563 543 oportet
587 472 1013 529 retributionem.
1033 469 1130 526 llic
1147 470 1355 526 modico
1369 470 1571 541 justitia
1589 470 1804 534 emitur,

217 563 308 618 vili
331 564 483 634 panis
506 563 821 635 fragmento,
851 564 939 618 vili
964 564 1304 627 vestimento,
1336 564 1501 618 calice
1526 578 1679 632 aquae
1710 560 1807 615 l'ri-

215 654 355 725 gida
388 672 402 707 :
433 654 495 709 Si
538 655 651 723 quis
684 664 855 724 potum
905 654 1093 708 dederit
1136 649 1343 708 calicem
1385 670 1529 724 aqua:
1567 652 1806 723 frigidae,

218 761 365 799 amen
406 736 518 798 dico
547 744 682 799 vobis
703 786 718 810 ,
742 745 817 798 ait
855 745 1141 815 spiritualis
1184 743 1555 815 negotiationis
1582 744 1768 797 doctor
1789 784 1804 807 ,

220 851 323 888 non
352 835 527 905 perdet
547 835 823 889 mercedem
837 852 980 889 suam
999 834 1213 908 (Matth.
1238 830 1325 891 10.
1349 836 1463 905 42).
1489 835 1639 891 Calix
1660 849 1809 905 aquae

220 925 425 997 frigidae
442 926 630 997 dignus
651 935 734 982 est
758 927 1025 994 mercede,
1048 938 1102 982 et
1124 923 1436 983 vestimenta
1464 929 1808 997 pecuniaeque

220 1031 319 1083 per
342 1016 659 1071 bcneiicium
688 1017 826 1071 data:
856 1033 960 1071 non
1002 1018 1158 1088 digna
1189 1027 1347 1073 erunt
1381 1018 1672 1073 mercede?
1699 1018 1811 1071 lmo

219 1122 252 1160 e
280 1107 549 1161 contrario
593 1107 758 1162 multa
797 1116 953 1163 erunt
980 1107 1225 1163 mercede
1268 1100 1448 1177 digna.
1477 1107 1653 1174 Quare
1682 1122 1811 1178 ergo

218 1196 444 1252 calicem
510 1212 661 1269 aquae
714 1197 917 1269 frigidte
965 1199 1283 1254 memoravit
1325 1198 1349 1251 ?
1400 1198 1806 1269 Eleemos'ynam

219 1289 340 1343 sine
382 1290 683 1360 sumptibus
723 1290 859 1345 dixit
901 1308 915 1345 :
958 1307 1081 1346 nam
1130 1284 1316 1363 frigida
1354 1306 1490 1362 aqua
1532 1307 1704 1362 neque
1745 1292 1809 1345 li-

217 1391 384 1447 gnum
406 1418 422 1444 ,
449 1393 622 1447 neque
662 1379 802 1434 aliud
830 1380 1100 1451 quidpiam
1140 1374 1424 1451 impendis.
1455 1374 1606 1449 Quod
1632 1382 1674 1437 si
1703 1383 1810 1436 lar-

220 1468 425 1537 gitione
468 1469 586 1524 sine
629 1479 842 1540 sumptu
889 1470 1026 1526 facta
1055 1480 1197 1526 tanta
1223 1481 1306 1527 est
1328 1460 1570 1528 beneﬁcii
1605 1474 1769 1544 gratia
1791 1512 1806 1538 ,

218 1556 312 1610 ubi
339 1557 775 1613 vestimentorum
799 1560 971 1629 copia,
995 1563 1336 1631 pecuniarum
1368 1558 1807 1632 subministratio,

218 1645 556 1716 aliorumque
584 1648 845 1704 bonorum
875 1651 1196 1706 abundantia
1218 1694 1232 1718 ,
1264 1650 1476 1723 qualem
1506 1670 1534 1706 a
1557 1654 1808 1723 justoju-

217 1735 345 1791 dice
387 1738 687 1793 mercedem
719 1738 920 1797 referre
950 1743 1203 1812 oportet?
1228 1739 1451 1811 Quando
1494 1745 1652 1815 igitur
1688 1761 1812 1815 pro-

219 1834 371 1881 stant
397 1827 618 1883 virtutes
643 1840 807 1899 parvo
836 1830 1150 1896 vendibiles,
1179 1848 1209 1886 a
1238 1834 1518 1905 magnifico
1547 1835 1640 1889 illo
1665 1836 1809 1891 acci-

223 1916 455 1986 pianius,
477 1920 766 1989 rapiamus,
790 1936 1048 1979 emamus.
1078 1923 1334 1993 Sitientes,
1359 1926 1546 1996 inquit,
1570 1928 1726 1981 venite
1744 1928 1813 1981 ad

222 2015 410 2076 aquam
432 2029 450 2065 :
472 2020 519 2065 et
541 2012 629 2082 qui
654 2030 753 2067 non
779 2013 968 2069 habetis
991 2026 1273 2087 argentum,
1298 2029 1467 2072 euntes
1491 2020 1635 2073 emite
1660 2018 1808 2089 (Isai.

222 2102 319 2158 55.
344 2101 417 2175 1).
444 2103 575 2158 Dum
607 2114 974 2175 proponuntur
997 2108 1246 2163 nundinte
1265 2151 1280 2176 ,
1308 2124 1547 2165 emamus
1576 2111 1812 2166 eleemo-

219 2208 407 2265 synas,
433 2195 541 2250 imo
570 2196 745 2265 potius
764 2212 860 2267 per
878 2198 1271 2269 eleemosynam
1302 2215 1542 2256 emamus
1561 2201 1807 2256 salutem.

218 2282 494 2338 Christum
524 2285 706 2351 vestis,
735 2286 822 2357 qui
846 2302 1134 2357 pauperem
1172 2290 1353 2343 vestis.
1380 2287 1504 2345 Haec
1523 2331 1537 2355 ,
1563 2291 1769 2361 inquies
1791 2330 1807 2358 ,

220 2373 394 2443 probe
420 2384 473 2430 et
491 2386 737 2432 accurate
761 2378 883 2433 novi
909 2397 922 2433 :
948 2379 1061 2435 haec
1088 2381 1236 2450 pt'itis
1255 2381 1433 2449 didlci,
1458 2387 1562 2436 non
1592 2392 1645 2437 tu
1669 2384 1813 2452 prior

222 2467 457 2523 docuisti
492 2488 504 2523 :
537 2478 710 2540 neque
746 2486 777 2525 a
823 2478 876 2528 te
905 2475 1134 2543 primum
1173 2466 1277 2530 hoc
1319 2472 1616 2530 audivimus
1650 2494 1663 2531 :
1704 2492 1811 2531 non

223 2568 365 2612 nova
390 2560 645 2628 pnedicas
668 2604 684 2629 ,
716 2561 809 2618 sed
838 2580 956 2633 qua:
979 2580 1122 2635 saepe
1160 2565 1308 2620 multi
1352 2582 1419 2622 ex
1461 2568 1810 2636 praesentibus

222 2660 329 2703 nos
356 2648 674 2706 docuerunt.
707 2652 835 2708 Novi
867 2655 1069 2725 utique,
1100 2656 1221 2711 novi
1252 2666 1306 2712 et
1344 2658 1457 2728 ipse
1491 2674 1588 2714 vos
1613 2669 1668 2715 et
1697 2660 1812 2715 lucc

222 2748 281 2793 et
326 2739 514 2795 similia
558 2757 701 2813 smpe
747 2744 1035 2811 didicisse;
1065 2746 1157 2801 sed
1203 2749 1404 2804 utinam
1448 2764 1591 2820 saepe
1627 2749 1835 2817 docti,

222 2832 417 2889 saltem
445 2834 640 2890 bonum
663 2837 875 2907 aliquod
904 2838 1152 2910 exiguum
1180 2850 1509 2910 przestemus.
1538 2843 1638 2911 Qui
1664 2844 1813 2898 mise-

221 2933 368 2978 retur
392 2927 648 2996 pauperis,
681 2930 954 2999 [mneratur
972 2929 1082 2986 Deo
1113 2930 1291 3000 (Prov.
1323 2934 1412 2989 19.
1442 2935 1551 3005 17).
1584 2936 1693 2990 Deo
1710 2935 1810 2991 fte-

219 3026 486 3070 neremur
512 3018 905 3091 eleemosynam
928 3061 943 3085 ,
974 3031 1035 3076 ut
1061 3022 1128 3077 ab
1154 3037 1220 3078 eo
1245 3024 1542 3079 clementiae
1576 3026 1810 3081 retribu-

223 3104 432 3160 tionem
471 3108 812 3178 accipiamus.
842 3110 946 3167 Sed
967 3152 982 3176 ,
1013 3126 1047 3166 ο
1070 3112 1519 3182 sapientissimum
1550 3115 1765 3171 verbum
1794 3119 1807 3172 l

230 3195 337 3263 Qui
362 3198 624 3253 miseretur
659 3202 896 3271 pauperis
913 3246 928 3270 ,
954 3206 1226 3275 [ωηεν-σιω·
1256 3198 1387 3260 Deo.
1411 3207 1516 3263 Cur
1552 3224 1679 3279 ergo
1705 3224 1811 3265 non

225 3289 384 3356 dixit,
417 3292 514 3358 Qui
549 3294 831 3350 miseretur
858 3297 1124 3367 pauperis,
1161 3296 1252 3353 dat
1275 3299 1403 3366 Deo,
1444 3301 1539 3356 sed
1566 3301 1811 3355 anera-

227 3380 356 3434 tur?
379 3380 542 3436 Novit
562 3383 831 3453 Scriptura
858 3388 1135 3441 avaritiam
1168 3398 1403 3445 nostram
1431 3408 1443 3443 :
1473 3391 1697 3446 attendit
1726 3392 1811 3446 in-

227 3469 525 3527 satiabilem
569 3473 910 3543 cupiditatem
952 3486 1228 3545 nostram,
1273 3479 1339 3534 ad
1382 3481 1657 3535 avaritiam
1689 3497 1810 3551 spe-

226 3569 461 3615 ctantem
492 3603 508 3629 ,
558 3572 819 3634 quaestum
877 3569 1150 3637 requirere
1180 3610 1195 3636 ,
1250 3568 1473 3639 ideoque
1524 3587 1629 3624 non
1679 3572 1812 3625 dixit

226 3649 579 3722 simpliciter,
621 3655 720 3724 Qui
771 3657 1056 3713 miseretur
1102 3660 1389 3730 pauperis,
1432 3659 1523 3714 dat
1565 3661 1714 3715 Deo:
1743 3676 1811 3717 ne

225 3744 524 3813 simplicem
574 3747 975 3802 retributionem
1016 3759 1260 3818 putares,
1285 3750 1379 3804 sed
1412 3749 1514 3817 Qui
1551 3752 1813 3805 miseretur

225 3837 469 3902 pauperis
492 3878 507 3901 ,
538 3841 810 3908 {immatur
850 3838 979 3893 Deo.
1033 3840 1089 3894 Si
1131 3839 1241 3895 Deo
1288 3840 1612 3896 fmneramnr
1637 3882 1653 3909 ,
1683 3857 1812 3913 ergo

224 3926 441 3982 debitor
468 3928 559 3984 ille
587 3924 739 3987 nobis
768 3941 872 3987 est.
902 3932 1069 4000 Quem
1097 3949 1227 4005 ergo
1255 3950 1378 3990 eum
1408 3936 1501 3990 tibi
1525 3936 1606 3990 vis
1650 3951 1769 3992 esse
1791 3977 1807 4003 ,

221 4017 458 4088 iudicem
501 4034 571 4075 an
613 4021 945 4079 debitorem?
974 4025 1190 4080 Debitor
1214 4036 1498 4083 veneratur
1536 4027 1809 4084 faeneran-

228 4118 359 4175 tem,
376 4110 542 4181 judex
569 4128 697 4169 vero
721 4129 827 4170 non
847 4124 1124 4171 reveretur
1163 4132 1303 4185 eum,
1333 4119 1417 4174 cui
1446 4120 1560 4191 ipse
1580 4120 1811 4177 {tenera-

225 4211 316 4258 IIIS
341 4212 444 4259 est.

298 4296 353 4350 7.
382 4297 612 4356 Necesse
636 4309 812 4357 autem
840 4313 941 4369 est,
967 4314 1027 4361 ut
1052 4307 1342 4364 secundum
1364 4309 1520 4365 aliam
1544 4312 1804 4366 rationem

226 4386 543 4456 videamus,
583 4406 680 4446 cur
722 4394 862 4449 Deus
900 4396 1102 4452 dixerit
1140 4399 1240 4454 sibi
1267 4401 1690 4469 imitcrarieum,
1719 4404 1807 4474 qui

226 4480 324 4533 dat
365 4483 604 4551 pauperi.
637 4484 894 4551 Quoniam
925 4488 1133 4544 videbat
1170 4494 1442 4547 avaritiam
1484 4504 1718 4549 nostram
1742 4496 1808 4551 ad

224 4579 491 4639 questum
518 4574 769 4641 tendere,
797 4586 854 4631 ut
871 4577 982 4647 jam
1012 4578 1150 4648 dixi,
1187 4590 1241 4636 et
1264 4597 1385 4636 eum
1416 4584 1503 4653 qui
1531 4585 1805 4653 pecuniam

226 4656 461 4729 habeat,
500 4665 801 4735 nullatenus
841 4670 979 4725 velle
1020 4672 1135 4726 sine
1173 4674 1457 4729 securitate
1500 4675 1747 4731 fmnerari
1790 4693 1805 4733 :

226 4749 463 4819 postulat
486 4754 629 4809 enim
658 4755 962 4824 faenerator,
981 4770 1075 4814 aut
1093 4760 1466 4833 hypothccam,
1488 4775 1573 4820 aut
1599 4766 1805 4836 pignus,

222 4849 321 4894 aut
344 4856 658 4912 sponsorem
690 4865 703 4903 :
732 4857 888 4918 atque
914 4850 1013 4905 hac
1034 4852 1224 4922 triplici
1256 4856 1499 4910 cautione
1530 4858 1807 4927 pecuariam

221 4931 401 4987 credit
420 4951 568 4990 suam
592 4978 605 5001 ,
633 4947 724 4992 aut
755 4942 1097 5010 sponsionem
1125 4946 1388 5015 accipiens
1407 4984 1421 5013 ,
1453 4958 1509 5002 ut
1530 4949 1639 5018 jam
1665 4951 1803 5018 dixi,

222 5034 319 5079 aut
348 5026 700 5097 bypothecam
718 5072 733 5097 ,
762 5043 854 5087 aut
881 5034 1087 5105 pignus.
1115 5036 1245 5092 Cum
1271 5040 1431 5095 sciret
1465 5042 1640 5112 itaque
1670 5044 1807 5100 Deus

222 5118 494 5174 nemiuem
522 5120 605 5176 bis
624 5124 742 5179 sine
762 5126 1093 5183 cautionibus
1112 5127 1384 5199 uenerari,
1408 5134 1673 5190 neminem
1695 5136 1806 5190 sola

220 5212 507 5267 clementia
536 5218 737 5272 moveri
757 5260 770 5279 ,
804 5218 900 5273 sed
921 5220 1066 5275 lucro
1089 5230 1290 5278 tantum
1319 5226 1549 5282 intentos
1573 5244 1759 5285 omnes
1790 5248 1803 5283 :

221 5316 516 5374 pauperem
544 5323 669 5363 vero
692 5309 795 5364 illis
814 5312 1059 5367 omnibus
1084 5328 1202 5369 esse
1220 5315 1562 5384 destitutum;
1586 5335 1690 5374 non
1714 5319 1809 5392 hy-

223 5396 512 5464 potbecam
555 5398 779 5468 habere,
821 5404 909 5473 qui
950 5404 1080 5458 nihil
1111 5407 1411 5476 possideat,
1453 5424 1557 5463 non
1590 5411 1806 5480 pignora

221 5486 311 5553 qui
359 5487 533 5543 nudus
573 5494 673 5558 sit,
714 5507 818 5547 non
856 5509 1201 5565 sponsorem,
1233 5499 1317 5553 cui
1350 5514 1507 5554 nemo
1532 5500 1717 5555 credat
1740 5501 1809 5557 ob

222 5578 459 5649 inOpiam
487 5596 500 5635 :
533 5593 589 5637 ut
616 5584 745 5639 vidit
766 5588 942 5657 itaque
968 5590 1113 5644 illum
1141 5590 1210 5646 ob
1231 5592 1462 5661 impiam
1496 5595 1803 5663 periclitari,

220 5670 443 5728 divitem
474 5691 683 5745 quoque
703 5681 983 5749 periclitari
1005 5682 1073 5736 ob
1095 5681 1545 5747 inltumanitatem,
1574 5686 1805 5755 seipsum

225 5764 463 5822 medium
502 5770 719 5837 protulit
748 5773 930 5828 vadem
974 5777 1223 5847 pauperi,
1269 5779 1456 5851 pignus
1500 5776 1800 5835 fmucranti.

545 5860 813 5921 ΡΑτιιοῐ..
862 5863 976 5920 Gn.
1028 5864 1245 5923 XLIX.

1338 357 1424 413 DE
1463 352 1808 415 PG'SNITEN'

1912 391 1929 408 .
1971 356 2196 410 HOMIL.
2242 352 2349 408 vlt.
3379 340 3482 402 33'.

1912 454 2027 523 Non
2066 468 2240 524 credis
2263 468 2421 531 huic,
2465 460 2663 537 inquit,
2711 464 2780 521 ob
2809 465 3071 533 impiam,
3100 462 3229 517 mihi
3268 472 3486 531 propter

1910 559 2116 628 copiam
2140 558 2317 614 crede.
2347 550 2489 613 Vidit
2517 571 2824 627 pauperem,
2855 562 2907 607 et
2931 551 3289 607 misericordia
3312 560 3486 605 motus

1910 658 2033 705 est:
2067 638 2199 704 vidit
2225 656 2508 719 pauperem
2530 690 2545 712 ,
2591 656 2645 703 et
2674 662 2780 701 non
2817 644 3089 713 despexit;
3134 642 3230 698 sed
3252 642 3484 709 seipsnm

1911 738 2055 796 dedit
2083 734 2134 796 in
2163 742 2351 811 pignus
2375 740 2422 796 ei
2443 782 2457 805 ,
2490 740 2577 809 qui
2605 738 2731 793 nihil
2762 736 2979 791 haberet
2999 776 3013 798 ,
3044 744 3097 788 et
3130 734 3197 787 ob
3225 742 3487 802 Ingentem

1914 831 2290 901 benignitatem
2328 830 2470 900 inopi
2500 828 2701 883 adstitit
2731 845 2743 876 :
2778 826 2913 880 hanc
2953 838 3078 878 vere
3114 821 3489 891 benignitatem

1911 938 2030 978 esse
2056 922 2363 978 testificatur
2396 922 2583 976 beatus
2610 919 2771 974 David
2803 916 2885 971 his
2909 910 3113 980 verbis,
3147 915 3278 982 Quia
3301 914 3491 966 adstitit

1911 1030 1942 1066 a
1977 1012 2164 1067 dextris
2199 1014 2434 1083 pauperis
2462 1010 2630 1080 (Psal.
2666 1010 2784 1063 108.
2815 1006 2929 1077 Si).
2961 1008 3058 1073 Qui
3087 1009 3347 1061 miseretur
3370 1021 3495 1073 pau-

1916 1107 2070 1174 peris,
2101 1109 2378 1174 fazncratur
2404 1096 2512 1158 Deo
2544 1102 2722 1172 (Prov.
2757 1101 2844 1156 19.
2881 1101 2998 1173 17).
3025 1097 3260 1163 Coniide,
3291 1097 3489 1167 inquit,

1914 1199 2042 1253 mihi
2073 1199 2367 1253 fteneraris.
2401 1198 2467 1251 Et
2496 1192 2620 1266 quid
2648 1204 2847 1250 tantum
2876 1188 3006 1248 lucri
3031 1192 3165 1247 facio
3197 1193 3286 1246 tibi
3319 1193 3491 1245 iamc-

1912 1292 2071 1345 rans?
2100 1294 2237 1346 Sane
2254 1290 2639 1358 iniquissimum
2665 1288 2745 1342 est
2769 1302 2798 1339 a
2826 1278 2934 1341 Deo
2960 1285 3217 1339 rationem
3240 1284 3451 1352 exigere
3474 1299 3491 1335 :

1914 1399 2096 1439 verum
2124 1386 2183 1437 'ut
2210 1384 2457 1453 nequitiae
2486 1392 2588 1436 tum.
2611 1397 2695 1435 me
2724 1390 3069 1448 attempercm
3088 1420 3103 1441 ,
3132 1386 3185 1431 et
3210 1376 3490 1431 clementia

1912 1476 2169 1530 srevitiem
2198 1480 2338 1528 lnam
2367 1464 2589 1537 solvam,
2616 1464 2731 1525 hare
2752 1480 2933 1524 mutuo
2957 1469 3338 1523 cxaminemus.
3362 1466 3491 1519 Aliis

1914 1564 2181 1621 fcencrans
2208 1561 2333 1636 quid
2355 1564 2613 1619 lucraris?
2638 1562 2760 1634 quid
2783 1563 2850 1616 ab
2872 1561 2975 1616 illis
3002 1562 3218 1617 fmnoris
3242 1556 3490 1629 requiris?

1912 1674 2038 1713 num
2086 1660 2464 1724 centesimam,
2496 1659 2539 1711 si
2587 1658 2872 1726 legitimam
2921 1654 3207 1724 requiras?
3248 1651 3399 1718 Quod
3447 1653 3490 1705 si

1914 1742 2286 1819 ineXplebilem
2326 1749 2666 1818 cupiditatem
2707 1747 2918 1802 anxcris
2946 1747 2987 1813 ί,
3024 1738 3287 1814 duplicem
3322 1742 3491 1812 tripli-

1913 1855 2135 1910 cemque
2180 1834 2471 1894 lncraberis
2512 1838 2862 1907 iniquitatem.
2894 1838 3005 1904 Ego
3051 1842 3179 1889 vero
3216 1833 3490 1888 avaritiam

1915 1938 2057 1985 tuam
2103 1944 2332 1999 supero,
2382 1928 2861 1998 inexplebilemquc
2908 1914 3248 1994 cupiditatem
3287 1925 3489 1977 vinco:

1912 2021 2063 2090 c0pia
2092 2034 2207 2074 mea
2239 2019 2644 2074 immoderatum
2680 2006 2971 2088 appetitum
3012 2026 3158 2070 tuum
3180 2016 3383 2085 operio.
3413 2014 3491 2067 Tu

1913 2112 2257 2167 centesimam
2288 2110 2510 2181 quatris,
2537 2126 2635 2181 ego
2660 2111 2961 2180 centuplum
2999 2109 3066 2163 do
3090 2100 3204 2162 tibi.
3235 2106 3413 2176 Itaque
3440 2107 3490 2159 in

1912 2201 2083 2258 {tenus
2103 2200 2319 2271 accipis,
2345 2196 2587 2263 Domine,
2609 2208 2662 2254 et
2682 2200 2766 2254 llic
2784 2200 2833 2252 in
2856 2198 3030 2253 {mnus
3050 2198 3243 2266 accipis
3263 2197 3491 2252 cleemo-

1912 2308 2099 2367 synam
2131 2295 2349 2364 pauperi
2374 2294 2573 2358 datam,
2599 2294 2934 2364 quandonam
2964 2293 3077 2347 lucc
3104 2291 3229 2345 mihi
3261 2289 3493 2345 reddes?

1911 2386 2103 2455 Quaero
2131 2396 2275 2456 pacta
2298 2392 2577 2451 conventa,
2600 2394 2929 2440 contractum
2948 2383 3266 2439 confirmare
3288 2384 3490 2437 volens.

1912 2476 2141 2547 Designa
2184 2472 2312 2530 mihi
2352 2477 2714 2530 retributionis
2746 2486 2953 2544 tempus
2991 2492 3004 2529 :
3040 2474 3304 2529 constitue
3341 2473 3490 2528 solu-

1911 2568 2072 2621 tionis
2103 2567 2404 2621 tcrminum.
2440 2567 2549 2620 lmo
2584 2580 2714 2620 vero
2743 2565 2843 2619 hoc
2872 2560 3192 2635 superﬂuum
3218 2572 3301 2617 est
3321 2604 3334 2627 ,
3368 2578 3488 2615 nam

1912 2657 2107 2712 Fidelis
2135 2642 2382 2712 Dominus
2402 2658 2454 2710 in
2483 2656 2710 2711 omnibus
2729 2654 2883 2709 verbis
2902 2649 3006 2708 suis
3029 2647 3194 2726 (Psal.
3218 2653 3237 2707 1
3256 2653 3337 2706 Η.
3364 2653 3452 2717 l5)
3476 2669 3489 2704 :

1912 2750 2033 2821 ‘quia
2061 2764 2187 2805 vero
2214 2749 2266 2803 in
2298 2763 2447 2803 more
2488 2758 2541 2802 ct
2579 2748 2630 2800 in
2659 2761 2821 2815 scopo
2846 2751 2930 2800 est
2968 2742 3048 2809 ei,
3090 2744 3178 2813 qui
3219 2742 3355 2797 bona
3390 2741 3490 2795 ﬁde

1913 2842 2089 2898 [tenus
2112 2841 2337 2912 accipit,
2360 2850 2566 2911 tempus
2596 2838 2789 2902 metiri,
2822 2835 3069 2906 diemque
3094 2831 3339 2898 definire,
3370 2832 3491 2887 audi

1911 2934 2124 3006 quando
2148 2943 2202 2988 et
2230 2933 2315 2987 ubi
2347 2933 2582 2987 debitum
2619 2931 2708 2985 tibi
2740 2928 2925 2983 reddat
2959 2927 3025 2995 is,
3054 2928 3135 2983 cui
3167 2940 3264 2997 per
3292 2940 3490 2995 paupe-

1912 3043 2026 3083 rem
2054 3026 2347 3082 fmueraris.
2377 3023 2503 3079 Cum
2538 3020 2720 3077 sederit
2767 3018 2935 3076 Filius
2967 3019 3183 3073 hominis
3219 3019 3271 3072 in
3311 3018 3491 3071 throno

1912 3119 2087 3189 gloria
2108 3133 2232 3183 suae,
2258 3125 2305 3169 et
2329 3115 2555 3169 statuerit
2581 3128 2691 3167 oves
2711 3112 2912 3181 quidem
2936 3129 2967 3165 a
2997 3111 3187 3165 dextris
3213 3111 3316 3165 suis
3335 3151 3350 3175 ,
3383 3109 3490 3163 hae-

1913 3212 2005 3265 dos
2027 3227 2142 3265 vero
2166 3228 2196 3263 a
2224 3209 2461 3273 sinistris,
2494 3219 2539 3262 et
2561 3202 2689 3261 dicet
2716 3207 2807 3272 iis,
2838 3207 2925 3276 qui
2952 3222 2983 3257 a
3010 3205 3199 3259 dextris
3220 3212 3337 3257 sunt
3359 3218 3379 3256 :
3406 3202 3491 3259 hic

1912 3303 2126 3359 attende
2145 3318 2301 3373 quam
2322 3295 2610 3356 benevolus
2630 3298 2924 3355 sit‘debitor
2943 3313 3063 3367 erga
3084 3298 3488 3352 [teneratoremz

1912 3410 2018 3465 quo
2048 3398 2201 3465 pacto
2232 3394 2297 3460 is,
2328 3393 2415 3464 qui
2445 3400 2685 3447 mutuum
2715 3390 2948 3461 accepit,
2981 3389 3145 3443 multa
3175 3402 3297 3442 cum
3324 3387 3488 3457 gratia

1912 3484 2118 3541 reddat.
2153 3474 2346 3550 Venite,
2374 3480 2615 3538 benedicti
2642 3480 2813 3536 Patris
2833 3482 2929 3536 mei
2949 3524 2964 3549 ,
2991 3481 3239 3551 possidete
3258 3488 3488 3550 paratum

1913 3579 2049 3632 nabis
2074 3594 2281 3648 regnum
2311 3594 2342 3629 a
2370 3576 2725 3630 constitutione
2753 3574 2948 3627 mundi.
2974 3570 3185 3642 Quare?
3217 3572 3348 3637 Quia
3372 3588 3490 3626 esu-

1913 3671 2025 3734 rivi,
2059 3678 2105 3723 et
2133 3664 2339 3722 dedistis
2363 3658 2487 3720 mihi
2513 3665 2819 3720 manducare
2840 3681 2859 3718 :
2886 3651 3040 3727 sitivi,
3072 3673 3117 3716 et
3137 3662 3344 3716 dedistis
3366 3662 3489 3715 mihi

1911 3761 2075 3816 bibere
2108 3777 2127 3816 :
2156 3760 2322 3815 nudus
2345 3778 2479 3815 eram
2499 3801 2514 3825 ,
2545 3770 2593 3813 ct
2619 3758 2945 3827 cooperuistis
2973 3768 3051 3811 me
3076 3773 3095 3811 :
3118 3757 3169 3810 in
3199 3771 3416 3819 carcere,
3445 3764 3490 3808 et

1911 3855 2111 3909 uenistis
2141 3854 2208 3907 ad
2231 3870 2309 3907 me
2335 3870 2353 3907 :
2378 3854 2611 3921 inﬁrmus
2639 3868 2796 3915 eram,
2828 3848 2873 3905 et
2902 3850 3137 3904 visitastis
3165 3866 3245 3904 me
3262 3865 3283 3904 .'
3308 3848 3489 3917 hospes

1910 3961 2046 4001 erant
2066 3987 2081 4011 ,
2131 3955 2176 3999 et
2202 3942 2469 4015 coltegistis
2494 3960 2572 3997 me
2598 3928 2821 4014 (Matth.
2848 3941 2939 3997 25.
2972 3928 3059 3997 31.
3082 3940 3263 4014 seqq.).
3291 3941 3491 3997 Deinde

1912 4037 2003 4107 qui
2033 4038 2084 4091 in
2118 4046 2356 4106 tempore
2381 4035 2517 4090 bene
2546 4034 2931 4099 ministrarum,
2965 4036 3230 4103 propriam
3259 4033 3487 4087 infirmi-

1912 4137 2071 4184 tatem
2100 4126 2449 4197 respicientes
2468 4166 2485 4191 ,
2512 4133 2669 4196 atque
2693 4128 2841 4197 ejus,
2866 4127 2953 4196 qui
2981 4134 3219 4180 mutuum
3244 4126 3449 4195 accepit
3472 4166 3487 4188 ,

1909 4220 2220 4289 dignitatem
2241 4258 2256 4285 ,
2288 4218 2467 4273 dicent
2500 4236 2513 4273 :
2543 4216 2792 4281 Domine,
2831 4217 3033 4285 quando
3059 4225 3105 4271 te
3137 4216 3353 4271 vidimus
3378 4233 3490 4270 esu-

1910 4313 2151 4377 rientem,
2189 4320 2237 4364 et
2263 4310 2491 4381 pavimus
2517 4309 2601 4363 te?
2637 4317 2726 4362 aut
2764 4309 3045 4375 sitientem,
3082 4318 3129 4363 ct
3175 4310 3492 4377 poterimus?

1911 4402 1963 4456 in
2000 4417 2159 4472 quem
2202 4401 2340 4456 oculi
2368 4402 2602 4457 omnium
2633 4410 2886 4470 sperant,
2911 4409 2966 4455 et
3002 4409 3055 4455 tu
3085 4400 3181 4455 das
3217 4416 3394 4456 escam
3425 4402 3489 4455 il-

1912 4492 2084 4547 lorum
2130 4492 2182 4546 in
2226 4491 2545 4546 abundantia
2578 4478 2749 4562 (Psal.
2778 4492 2900 4547 tu.
2926 4492 3051 4564 t5)?
3080 4493 3364 4548 Omultam
3394 4492 3494 4549 bo-

1909 4584 2161 4638 nitatem!
2193 4584 2423 4638 occultat
2445 4583 2753 4653 dignitatem
2777 4584 2848 4639 ob
2876 4584 3214 4640 clementiam
3247 4602 3261 4639 :
3292 4584 3492 4641 Esurioi

1910 4678 2063 4743 enim,
2082 4685 2126 4730 et
2148 4674 2355 4729 dedistis
2375 4677 2498 4729 mihi
2515 4676 2839 4731 manducare.
2859 4676 2903 4731 0
2923 4677 3140 4732 multam
3163 4677 3453 4733 bonitatem
3471 4679 3487 4734 i

1909 4783 1943 4824 ο
1961 4769 2272 4823 immensam
2295 4767 2701 4838 benignitatem!
2724 4767 2812 4838 qui
2835 4766 2926 4822 dat
2947 4784 3122 4824 escam
3147 4769 3291 4823 omni
3320 4768 3487 4833 carni,

1910 4863 1998 4932 qui
2037 4863 2210 4930 aperit
2252 4870 2471 4925 manus,
2521 4869 2573 4914 et
2617 4860 2802 4929 implet
2836 4875 2995 4915 omne
3032 4860 3225 4915 animal
3269 4860 3489 4913 benedi-

1910 4954 2087 5010 ctione
2116 4940 2288 5023 (l’sai.
2315 4952 2435 5006 144.
2463 4951 2575 5023 16),
2604 4951 2823 5016 Esurivi,
2850 4953 3037 5022 inquit,
3065 4962 3113 5006 ct
3140 4950 3347 5007 dedistis
3367 4950 3490 5004 mihi

1911 5044 2248 5109 manducare,
2295 5058 2400 5098 non
2445 5044 2721 5097 inuuinuta
2759 5044 3046 5113 dignitate,
3090 5042 3182 5097 sed
3222 5042 3337 5112 ejus
3374 5042 3488 5097 cle-

1910 5138 2105 5192 mentia
2141 5150 2235 5207 pro
2280 5136 2600 5207 pauperibus
2623 5135 2966 5203 ﬁdejubente.
3006 5135 3175 5197 Sitivi,
3206 5143 3254 5188 et
3282 5135 3491 5203 potestis

1911 5242 2008 5282 me.
2047 5226 2302 5295 Quisnam
2352 5226 2468 5282 tunc
2509 5226 2674 5282 dicit?
2712 5226 2813 5292 Qui
2857 5225 3109 5291 lacubus,
3147 5224 3486 5287 ﬂuminibus.

1913 5320 2148 5376 fontibus
2176 5334 2327 5389 aqua:
2365 5327 2609 5375 naturam
2638 5316 2898 5381 infundit,
2946 5316 3034 5386 qui
3078 5330 3171 5385 per
3206 5315 3489 5387 Evangelia

1910 5410 2037 5465 dicit
2064 5428 2077 5464 :
2108 5409 2207 5476 Qui
2229 5408 2385 5463 credit
2422 5409 2475 5461 in
2500 5424 2599 5473 me,
2630 5407 2757 5461 sicut
2784 5406 2905 5460 dicit
2944 5405 3239 5475 Scriptura,
3271 5406 3487 5477 [Iuntina

1910 5502 1972 5556 de
1996 5511 2162 5555 ventre
2187 5502 2295 5571 ejus
2319 5499 2635 5569 ﬂuentaque
2655 5499 2776 5551 victe
2792 5494 2968 5569 (Joau.
2996 5494 3047 5551 7.
3072 5496 3161 5563 38)
3185 5512 3198 5549 :
3225 5498 3313 5566 qui
3334 5495 3489 5565 dixit,

1910 5592 1972 5648 Si
1992 5593 2101 5662 quis
2131 5591 2271 5658 sitit,
2300 5590 2462 5645 veniat
2488 5589 2555 5642 ad
2590 5605 2702 5655 me,
2733 5598 2780 5643 et
2810 5588 2941 5642 bibat
2968 5586 3129 5659 (Ibid.
3159 5607 3184 5642 υ
3238 5588 3353 5659 37).
3379 5588 3489 5642 Sed

1910 5727 2084 5849 ί
2099 5725 2236 5779 savii.
2261 5734 2311 5778 et
2334 5738 2430 5777 uno
2462 5732 2597 5789 μοι,
2622 5724 2750 5789 σιοοά
2789 5723 2834 5776 si
2854 5722 3033 5776 malam
3073 5720 3223 5786 ﬁdem
3243 5720 3488 5773 cornutas

3059 5855 3128 5913 '21
