4062 6206
538 363 645 419 335

545 478 711 532 nudus
735 492 904 544 eram,
928 477 1131 547 inquit,
1162 486 1210 532 et
1239 478 1565 549 cooperuistis
1596 494 1689 532 me.
1734 476 2119 548 Coeperuimus

546 585 668 626 eum
689 612 704 635 ,
731 569 819 640 qui
844 570 1016 640 operit
1048 568 1234 624 caelum
1264 569 1489 624 nubibus
1508 610 1525 635 ,
1564 569 1655 639 qui
1686 570 1983 624 universam
2012 569 2120 623 Ec-

547 662 762 717 clesiam
784 704 799 728 ,
836 671 890 716 et
913 662 1117 716 orbem.
1145 661 1397 732 Quotquot
1422 662 1554 716 enim
1581 662 1633 714 in
1658 659 1855 716 Christo
1881 660 2123 732 baptizati

550 754 686 819 estis,
718 751 971 807 Christum
999 751 1234 819 induistis
1261 749 1403 823 (Gal.
1430 752 1484 807 '5.
1514 750 1628 823 27).
1655 750 1717 805 In
1735 767 1934 806 carcere
1960 767 2122 805 eram.

550 841 605 895 in
640 857 855 896 carcere
886 850 969 904 tu,
1002 842 1091 911 qui
1132 840 1312 896 educis
1351 841 1590 896 vinctos?
1620 840 1972 911 interpretare
2007 856 2125 910 quas

552 933 822 1002 loqueris:
852 948 972 987 nam
996 932 1227 1002 dignitas
1255 931 1414 987 ﬁdem
1446 931 1667 1003 derogat
1695 931 1869 986 dictis.
1905 929 2126 999 Quando

555 1033 605 1079 te
631 1027 682 1078 in
713 1033 855 1078 tanta
892 1024 1066 1093 inopia
1098 1022 1361 1077 vidimus?
1385 1023 1596 1093 quando
1635 1024 1748 1077 haec
1777 1022 2032 1078 fecimus?
2065 1021 2129 1076 In

553 1127 793 1187 quantum
817 1159 832 1183 ,
865 1116 971 1181 ait,
1002 1117 1091 1170 uni
1116 1133 1178 1170 ea:
1205 1115 1283 1170 his
1305 1117 1523 1171 minimis
1550 1117 1736 1189 fecistis
1753 1160 1766 1180 ,
1790 1116 1915 1170 mihi
1943 1116 2130 1186 fecistis

563 1210 775 1277 (Matth.
798 1208 889 1265 25.
910 1210 1024 1279 40).
1046 1212 1238 1266 Annon
1260 1226 1418 1266 verus
1433 1220 1515 1266 est
1530 1225 1727 1278 sermo,
1749 1208 1850 1275 Qui
1872 1212 2133 1265 miseretur

558 1302 813 1372 pauperis,
842 1300 1117 1367 {mneratur
1139 1301 1247 1355 Deo
1274 1300 1455 1374 (Prov.
1491 1301 1578 1356 19.
1604 1302 1734 1373 i7)?
1762 1302 1829 1356 Et
1859 1301 1981 1357 vide
2018 1317 2133 1357 rem

558 1393 855 1447 mirabilem
885 1411 898 1447 :
940 1394 1140 1448 nullum
1180 1394 1325 1449 aliud
1364 1394 1573 1449 virtutis
1605 1407 1741 1463 opus
1776 1402 1970 1465 przeter
2004 1392 2133 1447 illud

557 1484 892 1538 memoravit.
923 1484 1080 1554 Atqui
1110 1492 1319 1554 poterat
1356 1484 1533 1540 dicere
1562 1503 1576 1540 :
1604 1483 1795 1540 Venite
1836 1482 2131 1550 benedicti,

560 1574 685 1642 quia
714 1573 1078 1639 continentes,
1110 1571 1233 1643 quia
1260 1574 1490 1644 virgines
1522 1574 1694 1629 fuistis
1716 1616 1730 1638 ,
1760 1574 1881 1645 quia
1909 1587 2137 1642 evange-

556 1664 711 1720 licam
753 1667 915 1719 vitam
958 1666 1297 1734 suscepistis;
1338 1665 1433 1720 sed
1468 1666 1583 1721 haec
1629 1674 1802 1732 tacet,
1847 1681 1952 1720 non
1993 1662 2134 1734 quod

558 1756 829 1809 mentione
868 1755 975 1809 sint
1003 1755 1250 1825 indigna,
1287 1755 1381 1810 sed
1418 1756 1561 1826 quod
1598 1765 1719 1826 post
1754 1756 2133 1826 benignitatem

563 1845 796 1898 secunda
828 1846 953 1898 sint.
980 1844 1173 1899 Verum
1195 1845 1641 1915 quemadmodum
1664 1846 1747 1912 iis,
1775 1846 1913 1917 quia
1935 1845 2138 1899 dextris

557 1943 730 1999 erant,
761 1935 831 1988 ob
863 1935 1239 2005 benignitatem
1265 1936 1497 1991 delatum
1522 1938 1754 1992 ostendit
1782 1953 2032 2008 regnum,
2061 1938 2138 1993 sic

560 2036 615 2081 ct
644 2028 707 2083 iis
737 2030 824 2098 qui
850 2044 879 2082 a
908 2031 1010 2084 sini
1042 2030 1175 2100 tris,
1205 2034 1273 2087 ob
1306 2034 1636 2089 sterilitatem
1665 2036 2018 2091 comminatus
2057 2046 2141 2092 est

560 2134 772 2189 prenam
804 2138 814 2171 :
849 2119 946 2185 Ite,
977 2122 1259 2188 maledicti,
1289 2124 1341 2177 in
1368 2123 1594 2178 tenebras
1618 2126 1904 2191 exteriores,
1937 2136 2141 2195 paratas

561 2210 781 2276 diabolo,
810 2220 855 2264 et
880 2211 1073 2282 angelis
1098 2214 1208 2280 eius
1231 2212 1444 2285 (Matth.
1472 2214 1565 2270 25.
1584 2214 1699 2288 41).
1716 2217 1925 2283 Quare?
1950 2234 2052 2289 qua
2074 2218 2141 2275 de

557 2302 756 2355 causa?
780 2302 912 2368 Quia
946 2304 1127 2356 esu'rivi
1148 2346 1162 2371 ,
1189 2313 1236 2359 et
1263 2322 1363 2358 non
1402 2305 1609 2361 dedistis
1639 2308 1762 2361 mihi
1812 2309 2139 2363 manducare.

558 2392 677 2448 Non
703 2392 856 2457 dixit,
898 2395 1021 2464 quia
1058 2394 1301 2451 fornicati
1332 2398 1489 2463 estis,
1518 2398 1642 2467 quia
1680 2398 1905 2454 adulteri
1936 2399 2134 2467 fuistis,

561 2488 687 2556 quia
730 2486 885 2541 furati
915 2487 1081 2552 estis,
1113 2490 1234 2557 quia
1274 2487 1463 2543 falsum
1509 2490 1868 2545 testimonium
1910 2491 2136 2560 tulistis,

564 2578 685 2648 quia
728 2578 1024 2647 pcjerastis.
1058 2578 1183 2634 Haec
1212 2580 1406 2649 quippe
1445 2581 1724 2637 manifeste
1750 2582 1965 2653 quidem
2003 2584 2141 2640 mala

562 2677 721 2734 sunt,
754 2669 847 2723 sed
894 2668 1143 2723 inferiora
1186 2686 1345 2739 quam
1395 2672 1617 2727 durities
1662 2682 1717 2728 et
1763 2672 2137 2732 inhumanitas.

560 2757 757 2826 Quare,
781 2758 1022 2823 Domine,
1046 2775 1153 2814 non
1177 2760 1396 2815 aliarum
1419 2763 1621 2817 viarum
1642 2766 1967 2821 mentionem
1987 2767 2141 2823 facis?

561 2847 677 2904 Non
715 2848 894 2917 judico
916 2889 932 2915 ,
961 2850 1163 2919 inquit,
1196 2861 1502 2922 peccatum,
1528 2854 1622 2909 sed
1657 2855 2091 2914 inhumanitatem
2121 2878 2136 2914 :

562 2951 669 2992 non
689 2938 871 3007 judico
900 2950 1207 3009 peccatores
1226 2982 1243 3009 ,
1280 2945 1374 2999 sed
1412 2960 1505 3000 eos
1527 2946 1614 3016 qui
1642 2948 2004 3017 paenitentiam
2032 2966 2137 3007 non

557 3038 782 3099 egerunt
813 3047 825 3083 :
860 3032 1210 3088 inclementius
1242 3048 1336 3089 vos
1368 3035 1597 3104 damno,
1638 3038 1779 3108 quod
1822 3039 1981 3094 talem
2022 3050 2139 3097 tan-

560 3128 777 3191 tamque
821 3123 1003 3177 salutis
1046 3124 1362 3181 medicinam
1401 3127 1695 3198 habentes,
1743 3131 2138 3206 eleemosynam

561 3210 787 3277 scilicet,
816 3227 916 3280 qna
946 3214 1123 3269 omnia
1152 3227 1365 3285 peccata
1402 3218 1667 3287 delentur,
1698 3220 1799 3277 hoc
1824 3222 2137 3281 beneﬁcium

561 3300 899 3375 deSpexistis.
941 3303 1121 3375 itaque
1162 3306 1554 3364 inclementiam
1592 3313 1896 3382 exprobro,
1938 3324 1996 3370 ut
2039 3330 2138 3372 ne-

560 3396 739 3466 quitia:
765 3397 1043 3467 omnisque
1064 3396 1349 3469 impietatis
1374 3397 1626 3469 radicem,
1649 3402 1986 3463 clementiam
2012 3421 2140 3465 vero

560 3484 741 3551 laudo,
772 3494 831 3541 ut
857 3488 1087 3544 radicem
1112 3491 1350 3547 omnium
1388 3492 1681 3562 bonorum;
1721 3507 1776 3552 et
1801 3497 1904 3556 illis
1923 3500 2138 3570 quidem

566 3575 738 3644 ignem
765 3586 1021 3632 aeternum
1041 3583 1357 3651 comminnr,
1386 3586 1466 3641 his
1486 3602 1612 3643 vero
1639 3603 1859 3660 regnum
1887 3591 2138 3649 caelorum

565 3667 839 3735 promitto.
865 3668 1114 3735 Pulchra,
1141 3672 1383 3741 Domine,
1408 3679 1665 3746 promissa
1697 3690 1803 3747 tua,
1836 3683 2135 3751 pulchrum,

563 3756 705 3826 quod
733 3770 1066 3830 exspectatur
1106 3780 1327 3835 regnum
1366 3776 1547 3834 tuum,
1596 3770 1827 3842 itemque
1871 3774 2135 3845 gehenna,

564 3862 722 3917 quam
764 3853 1134 3922 comminaris;
1180 3872 1404 3926 quorum
1453 3859 1581 3915 illud
1608 3862 1805 3931 allicit,
1850 3866 1963 3922 base
2008 3884 2137 3924 vero

1246 362 1304 418 S.
1343 362 1622 420 JOANNIS
1659 361 2134 421 CIIRVSOSTOSII
2168 361 2485 419 ARCHIEP.
2512 362 3045 420 CONSTANTINOP.

3700 366 3813 422 336

2226 477 2530 534 deterret‘:
2564 476 2729 533 allicit
2774 476 2994 548 pulchre
3044 492 3265 548 regnum
3288 518 3304 544 ,
3332 477 3567 533 deterret
3609 480 3823 536 utiliter

2228 568 2491 639 gebenna.
2521 567 2830 623 Gehennam
2861 568 3001 622 enim
3028 568 3384 623 comminatur
3407 568 3582 636 Deus,
3613 586 3716 625 non
3752 580 3822 625 ut

2229 658 2280 713 in
2298 658 2594 729 gehennam
2619 659 2837 728 injiciat,
2858 659 2951 714 sed
2974 660 3325 729 utagehenna
3352 660 3560 717 liberet.
3585 661 3639 717 Si
3666 664 3823 716 cuius

2229 751 2417 821 punire
2450 751 2631 813 vellet,
2660 766 2764 805 non
2801 761 2925 807 ante
2945 752 3173 806 minatus
3192 763 3354 818 esset,
3383 762 3441 807 ut
3466 764 3620 809 caute
3641 755 3828 810 minas

2230 842 2539 896 vitaremus.
2554 840 2921 896 Comminatur
2942 841 3282 912 supplicium,
3305 850 3360 896 ut
3382 844 3626 913 supplicii
3652 859 3828 914 expc-

2229 933 2519 987 rimentum
2563 931 2870 1001 fugiamus:
2916 940 3082 987 terret
3125 933 3328 1000 verbo,
3374 940 3433 987 ut
3481 948 3584 987 non
3628 934 3830 1005 puniat

2233 1037 2412 1092 opere.
2441 1021 2790 1077 aneremur
2812 1022 2987 1093 itaque
3022 1023 3129 1077 Deo
3166 1023 3528 1092 clementiam.
3558 1024 3831 1082 anere-

2234 1128 2386 1181 mur,
2420 1122 2479 1168 ut
2517 1114 2851 1169 inveniamus
2882 1114 3029 1169 illum
3056 1113 3353 1170 debitorem
3374 1156 3389 1179 .
3438 1125 3496 1171 ut
3521 1126 3644 1173 ante
3671 1116 3792 1172 dixi
3812 1158 3834 1184 ,

2237 1221 2341 1259 non
2364 1204 2637 1274 judicem:
2681 1213 2961 1259 reveretur
3001 1204 3143 1259 enim
3187 1204 3397 1259 debitor
3434 1205 3835 1270 faenerantem,

2236 1306 2511 1351 reveretur
2530 1310 2654 1351 eum
2682 1305 2737 1351 et
2763 1295 3051 1350 erubescit.
3075 1294 3132 1352 Si
3157 1294 3445 1351 faenerator
3463 1295 3529 1350 ad
3557 1296 3835 1352 debitoris

2232 1384 2449 1456 januam
2474 1386 2712 1453 accedat,
2739 1386 2826 1441 hic
2850 1385 2895 1440 si
2921 1386 3075 1455 inops
3097 1386 3186 1451 sit,
3212 1386 3374 1456 fugit;
3400 1386 3480 1441 sin
3511 1387 3836 1459 opulentus,

2239 1491 2362 1531 eum
2393 1492 2514 1531 cum
2543 1476 2731 1533 fiducia
2760 1477 2978 1548 excipit.
3002 1476 3139 1534 Vide
3165 1477 3295 1533 mihi
3320 1478 3545 1534 alterum
3570 1480 3698 1549 justi
3733 1480 3841 1551 ju-

2240 1566 2374 1623 dicis
2400 1568 2716 1623 miraculum
2741 1568 2987 1623 humanis
3017 1582 3083 1625 ex
3106 1570 3265 1625 rebus
3286 1572 3632 1641 propositum.
3657 1572 3712 1626 Si
3733 1572 3839 1627 cui

2243 1658 2296 1713 in
2326 1668 2637 1729 paupertate
2666 1658 2878 1731 degenti
2908 1659 3200 1715 fmneratus
3228 1660 3416 1728 fueris,
3448 1677 3509 1718 ac
3533 1661 3728 1719 deinde
3755 1663 3836 1718 ad

2242 1764 2551 1819 prosperam
2579 1750 2844 1805 fortunam
2874 1751 3085 1806 venerit
3106 1752 3150 1806 is
3168 1792 3185 1818 ,
3207 1754 3297 1823 qui
3327 1762 3562 1809 mutuum
3588 1755 3836 1825 accepit,

2243 1841 2443 1911 tibique
2472 1842 2709 1897 debitum
2737 1840 2961 1898 reddere
2991 1843 3187 1913 possit,
3216 1843 3414 1899 multos
3432 1844 3584 1911 latet,
3612 1855 3667 1901 et
3690 1846 3841 1902 red-

2244 1930 2343 1997 dit,
2372 1946 2439 1985 ne
2459 1931 2526 1985 de
2554 1931 2716 2000 priori
2742 1946 2841 1986 suo
2869 1941 3011 1987 statu
3039 1933 3324 1988 erubescat
3348 1951 3361 1986 :
3394 1942 3448 1989 et
3473 1936 3668 2006 gratias
3692 1936 3840 2006 qni-

2245 2020 2366 2076 dem
2395 2021 2602 2087 reddit,
2630 2023 2723 2077 sed
2751 2039 2859 2093 pne
2890 2023 3083 2092 inopia:
3113 2024 3353 2095 pristina:
3390 2025 3587 2095 pudore
3613 2027 3839 2083 beneﬁo

2244 2118 2385 2173 cium
2406 2119 2656 2176 occultat.
2680 2121 2747 2173 At
2765 2134 2869 2174 non
2892 2119 2961 2173 ita
2985 2119 3125 2175 Deus
3149 2120 3291 2185 facit,
3312 2121 3404 2176 sed
3427 2121 3558 2175 clam
3580 2132 3838 2177 mutuum

2245 2208 2457 2278 accipit,
2481 2216 2534 2263 et
2559 2208 2733 2279 palam
2755 2208 3024 2279 libereque
3050 2219 3293 2263 mutuum
3314 2208 3506 2264 reddit.
3529 2210 3656 2264 Cum
3676 2210 3835 2265 enim

2246 2298 2470 2367 accipit,
2497 2298 2636 2353 clam
2677 2314 2773 2369 per
2811 2299 3206 2369 eleemosyuam
3233 2300 3458 2370 accipit;
3498 2315 3615 2355 cum
3644 2310 3836 2357 autem

2247 2389 2455 2457 reddit,
2500 2391 2551 2445 in
2581 2390 2748 2446 oculis
2788 2392 3049 2446 universae
3095 2400 3355 2447 creatum
3392 2390 3583 2447 reddit.
3610 2393 3680 2447 At
3714 2392 3832 2447 for-

2250 2489 2389 2536 tasse
2423 2480 2570 2536 dicat
2597 2482 2859 2552 quispiam
2887 2501 2901 2538 :
2930 2484 3106 2549 Quare
3130 2482 3342 2538 tandem
3364 2524 3379 2547 ,
3424 2493 3482 2538 ut
3510 2483 3634 2538 mihi
3670 2483 3834 2540 diviti

2248 2570 2412 2638 dedit,
2445 2587 2548 2627 non
2574 2573 2644 2627 ita
2664 2587 2874 2643 quoque
2911 2573 3130 2644 pauperi
3163 2572 3351 2628 dedit?
3377 2573 3833 2643 Poteratquidetn

2247 2664 2340 2719 tibi
2365 2665 2611 2721 similiter
2636 2664 2796 2731 dare,
2828 2674 2889 2720 ut
2913 2665 3131 2735 pauperi
3158 2664 3339 2731 dedit;
3373 2665 3468 2721 sed
3497 2666 3692 2732 uoluit,
3724 2681 3834 2721 nec

2247 2752 2457 2809 divitias
2483 2763 2598 2809 tuas
2628 2753 2985 2809 infructuosas
3011 2768 3131 2809 esse
3169 2754 3361 2822 voluit,
3392 2770 3490 2809 nec
3527 2754 3668 2810 illius
3705 2772 3831 2826 pars

2247 2852 2506 2915 pertatem
2547 2844 2665 2901 sine
2707 2844 2973 2900 mercede.
3000 2843 3119 2901 Tibi
3162 2843 3311 2900 diviti
3349 2845 3612 2901 concessit
3641 2858 3698 2901 ut
3733 2863 3834 2917 per

2247 2939 2641 3010 eleemosynam
2663 2937 2811 2993 dives
2836 2954 2981 2993 esses
3002 2979 3017 3005 ,
3049 2945 3103 2994 et
3130 2937 3463 3009 dispergeres
3502 2938 3555 2993 in
3579 2939 3789 3010 justitia
3815 2959 3832 2994 :

2247 3028 2497 3101 Dispersit
2527 3029 2690 3096 enim,
2716 3029 2853 3085 dedit
2871 3030 3173 3101 pauperibus
3200 3045 3221 3084 :
3237 3030 3439 3101 justitia
3462 3030 3570 3101 ejus
3588 3041 3757 3085 manet
3777 3032 3831 3086 in

2247 3120 2485 3174 saeculum
2507 3118 2675 3188 (Psal.
2708 3120 2830 3175 111.
2857 3119 2937 3192 9).
2960 3118 3121 3176 Vides
3146 3120 3287 3191 quod
3312 3119 3460 3175 dives
3480 3134 3572 3191 per
3590 3120 3831 3176 eleemo-

2246 3223 2435 3283 synam
2482 3220 2737 3266 aeternam
2778 3210 3100 3266 thesaurizet
3138 3210 3435 3281 justitiam?
3473 3209 3597 3266 vide
3632 3224 3835 3265 rursus

2248 3315 2538 3374 pauperem
2555 3344 2569 3367 .
2599 3301 2721 3374 quia
2751 3299 2969 3361 divitias
2995 3316 3100 3359 non
3126 3300 3322 3371 habet,
3348 3302 3543 3375 quibus
3564 3304 3833 3375 justitiam

2246 3400 2514 3465 operetur,
2543 3394 2700 3451 habet
2724 3402 3109 3465 paupertatem,
3132 3409 3237 3466 qua
3260 3395 3575 3463 patientiam
3597 3397 3830 3455 lucratus

2246 3494 2518 3541 mternam.
2545 3486 2677 3543 Nam
2707 3484 2961 3542 Patientia
2989 3503 3267 3559 pauperum
3288 3503 3387 3541 non
3415 3488 3594 3559 peribit
3614 3489 3669 3544 iu
3687 3500 3829 3544 teter-

2248 3593 2372 3631 num
2412 3576 2583 3647 (Psal.
2611 3576 2666 3632 9.
2703 3576 2835 3648 l9):
2876 3576 2929 3631 in
2970 3576 3186 3632 Christo
3222 3576 3448 3632 Domino
3493 3587 3715 3646 nostro,
3744 3581 3831 3636 cui

2249 3668 2413 3739 gloria
2443 3667 2495 3723 in
2518 3666 2707 3723 saecula
2728 3667 3065 3723 szeculorum.
3096 3668 3289 3723 Amen.

2310 3780 2328 3810 ι
2363 3780 2536 3839 Verba,
2561 3779 2665 3831 Iure
2690 3792 2800 3831 vero
2832 3780 3057 3838 deterret,
3094 3794 3190 3831 non
3212 3780 3453 3831 habentur
3488 3783 3541 3832 in
3574 3783 3744 3836 καλά.
3781 3793 3839 3834 et

2245 3839 2419 3909 Sav'il.;
2445 3842 2619 3909 sed_in
2657 3850 2774 3905 Reg.
2812 3854 2957 3904 supra
2991 3850 3257 3893 memorato
3292 3842 3542 3907 leguntur,
3578 3854 3633 3895 et
3653 3848 3841 3909 optime

2250 3902 2485 3964 quadrant
2500 3903 2559 3951 ad
2580 3902 2795 3953 sensum.

568 3953 3817 4005 ""'—‘—-————————*———'—_____________________

1762 4072 1903 4141 DE
1956 4074 2659 4151 P(ENITENTIA.

1088 4280 1309 4322 nouum
1350 4284 1442 4323 vni
1473 4268 1571 4341 (α).

636 4393 689 4447 1.
714 4392 934 4449 Etiamsi
956 4392 1072 4451 heri
1101 4411 1131 4450 a
1160 4398 1309 4454 vobis
1338 4400 1621 4470 abfuerim,
1655 4415 1711 4460 at
1736 4405 1950 4477 invitus,
1970 4421 2024 4467 at
2050 4430 2143 4470 ne-

570 4483 820 4539 cessitate
863 4487 1170 4556 compulsus
1198 4508 1211 4542 :
1241 4506 1466 4563 corpore
1508 4494 1673 4563 abfui,
1696 4514 1802 4553 non
1834 4506 2141 4573 proposito;

565 4574 808 4631 absentia
819 4578 1127 4645 carnis,non
1145 4580 1333 4638 aii‘ectu
1352 4585 1753 4645 animi.Etenim
1770 4608 1867 4662 pro
1878 4595 2011 4650 virili
2027 4614 2144 4655 mea

567 4679 665 4721 vos
694 4667 1118 4738 complectebar,
1142 4683 1423 4745 menteque
1458 4693 1645 4736 omnes
1678 4682 2140 4743 circumferebam.

570 4757 793 4825 Rursus,
816 4758 1008 4815 fratres
1025 4803 1039 4827 ,
1064 4761 1163 4819 hoc
1193 4769 1513 4836 temporario
1533 4770 1696 4827 misso
1725 4774 1913 4830 morbo
1937 4777 2143 4835 ardenti

561 4846 1115 4905 studiocontendimus
1138 4864 1366 4909 vestram
1387 4861 1622 4914 contueri
1649 4860 1837 4918 faciem
1859 4884 1872 4920 :
1893 4871 2145 4923 manenti-

564 4937 664 4993 bus
681 4940 823 4995 enim
840 4940 1014 4997 adhuc
1037 4944 1361 5013 tegritudinis
1377 4949 1610 5019 reliquiis
1632 4958 1909 5023 properavi
1930 4958 1995 5013 ad
2010 4975 2067 5013 ca
2076 4961 2137 5014 ri-

564 5040 727 5086 tatem
744 5043 993 5088 vestram.
1025 5034 1155 5091 Nam
1181 5040 1535 5108 azgriquidem
1561 5041 1769 5116 [morbo
1798 5050 2039 5124 relevati]
2068 5054 2143 5108 la-

565 5136 726 5179 vacra
759 5134 1015 5196 expetunt
1045 5138 1099 5184 et
1137 5130 1361 5197 balnea;
1390 5148 1489 5205 ego
1530 5151 1658 5193 vero
1696 5154 1873 5209 operm
1914 5145 2140 5213 pretium

562 5226 684 5269 esse
708 5214 834 5270 duxi
855 5216 1208 5275 desideratam
1237 5231 1468 5281 vestram
1512 5226 1697 5284 faciem
1726 5230 1938 5299 videre,
1960 5249 2023 5289 ac
2051 5236 2143 5291 de-

560 5303 728 5360 bitum
756 5307 884 5363 illud
909 5319 1144 5365 vestrum
1189 5313 1435 5370 audiendi
1465 5318 1678 5388 explere
1712 5322 1967 5392 studium,
2018 5341 2135 5381 ma-

563 5408 725 5485 gnum
768 5396 871 5454 hoc
913 5401 1149 5475 pelagus,
1199 5404 1331 5461 nihil
1379 5406 1583 5466 habens
1631 5411 1933 5485 salsuginis,
1986 5433 2137 5475 mare

566 5484 814 5541 ﬂuetibus
841 5503 1084 5546 vacuum.
1128 5492 1257 5550 Veni
1277 5510 1461 5552 arvum
1486 5499 1750 5558 invisurus
1778 5484 2009 5560 vestrum
2038 5523 2135 5563 ex-

567 5587 870 5647 purgatutn.
901 5579 1031 5647 Quis
1057 5584 1198 5640 enim
1245 5588 1367 5645 talis
1431 5602 1615 5660 portus
1656 5604 1739 5652 est
1764 5597 1803 5664 ',
1838 5597 2010 5666 qualis
2054 5608 2137 5659 est

678 5687 895 5761 )oalhts
913 5704 1025 5743 etim
1044 5694 1215 5747 codice
1237 5704 1351 5761 [αρε.
1375 5700 1517 5754 2349.

616 5752 644 5784 ηι
677 5752 907 5813 ΡΝ,ωῶ
928 5762 1110 5819 partus,
1133 5759 1259 5821 quod
1277 5752 1425 5814 hibet
1443 5752 1579 5828 Reg,
1604 5765 1739 5832 Editi,
1757 5768 1853 5822 tale
1872 5777 2081 5837 pratum

2251 4288 2489 4344 Ecclesia
2511 4289 2533 4341 ?
2553 4288 2673 4358 quis
2694 4286 2972 4357 paradisus
2995 4285 3156 4342 coetui
3186 4291 3364 4342 vestro
3387 4285 3621 4342 similis?
3647 4285 3834 4343 Nullus

2254 4381 2340 4435 hic
2371 4378 2649 4433 insidiator
2692 4392 2935 4448 serpens,
2967 4376 3063 4433 sed
3090 4376 3334 4432 Christus
3377 4376 3650 4433 institutor
3682 4396 3696 4432 :
3726 4393 3834 4433 non

2249 4470 2359 4525 Eva
2388 4469 2798 4540 supplantatrix,
2832 4468 2925 4524 sed
2948 4468 3185 4524 Ecclesia
3212 4468 3443 4524 creatrix
3473 4485 3486 4522 :
3512 4483 3628 4547 non
3653 4468 3744 4525 hic
3764 4470 3835 4525 fo-

2248 4560 2318 4616 lia
2342 4560 2593 4616 arborum
2621 4601 2636 4627 ,
2667 4560 2761 4616 sed
2798 4559 2999 4615 fruetus
3028 4560 3242 4629 spiritus
3272 4576 3286 4613 :
3327 4576 3433 4616 non
3458 4575 3615 4631 sepes
3644 4564 3833 4633 spina-

2248 4668 2389 4718 rum,
2422 4652 2515 4708 sed
2542 4654 2697 4708 vinea
2727 4650 3014 4708 fructifera.
3050 4651 3108 4707 Si
3157 4667 3315 4722 quam
3345 4652 3484 4707 enim
3511 4653 3726 4723 spinam
3754 4652 3831 4709 of-

2247 4744 2480 4809 fendam,
2524 4744 2578 4799 in
2605 4744 2798 4799 olivam
2831 4751 3103 4800 commuto
3129 4760 3143 4796 :
3173 4758 3279 4798 non
3302 4743 3441 4798 enim
3471 4742 3561 4798 hic
3582 4744 3732 4800 valet
3756 4746 3829 4800 in-

2246 4836 2367 4906 θρῖα
2388 4845 2608 4902 naturte,
2630 4834 2724 4891 sed
2754 4834 2970 4891 libertas
3000 4834 3205 4889 arbitrii
3225 4833 3538 4889 honoratur.
3560 4833 3618 4891 Si
3646 4835 3827 4907 lupum

2246 4924 2520 4992 invenero,
2549 4940 2701 4981 ovem
2722 4924 2878 4994 facio,
2906 4940 3011 4980 non
3042 4932 3286 4980 naturam
3308 4934 3543 4993 mutans,
3574 4926 3674 4982 sed
3707 4943 3824 4998 pro-

2243 5019 2477 5088 positum
2520 5018 2863 5073 transferens.

2320 5108 2541 5164 Ecclesia
2568 5124 2703 5163 arcte
2742 5107 2856 5163 Noe
2895 5116 3217 5178 comparatur
3241 5108 3340 5177 (a).
3369 5136 3442 5148 —
3466 5105 3829 5174 Quamobrem

2243 5215 2350 5257 non
2378 5202 2640 5257 erraverit
2659 5200 2918 5270 quispiam
2948 5199 2992 5254 si
3018 5199 3213 5255 dixerit
3238 5197 3527 5254 Ecelesiam
3555 5212 3679 5253 esse
3706 5212 3829 5253 arca

2244 5294 2687 5366 praestantiorem.
2729 5293 2937 5349 Etenim
2976 5307 3098 5347 arca
3146 5291 3394 5348 animalia
3441 5290 3829 5361 excipiebatet

2243 5384 2491 5444 animalia
2517 5384 2890 5451 conservabat,
2921 5383 3157 5439 Ecclesia
3184 5397 3311 5439 vero
3346 5381 3593 5437 animalia
3623 5382 3827 5453 excipit

2242 5488 2297 5536 et
2326 5480 2587 5535 immutat.
2616 5478 2858 5549 Exempli
2883 5492 3064 5543 causa,
3093 5476 3215 5530 illuc
3249 5475 3519 5545 ingressus
3544 5475 3827 5544 accipiter,

2241 5572 2497 5642 accipiter
2520 5571 2663 5637 exit;
2697 5571 2968 5641 ingressus
3014 5570 3187 5638 lupus,
3221 5568 3351 5623 exiit
3393 5566 3548 5636 lupus
3578 5584 3594 5622 :
3633 5575 3695 5621 at
3724 5566 3833 5623 huc

2245 5662 2517 5734 ingressus
2543 5660 2817 5732 accipiter,
2849 5661 2959 5716 exit
2984 5658 3269 5723 columba;
3296 5657 3573 5729 ingressus
3626 5654 3795 5726 lupus
3814 5691 3829 5716 ,

2292 5773 2364 5838 (α)
2396 5773 2512 5827 vide
2535 5772 2703 5827 uomit.
2735 5774 2787 5829 tu
2803 5780 2949 5827 terra:
2969 5776 3151 5825 motum
3184 5775 3298 5820 tom.
3322 5767 3371 5818 t.
