4062 6206
254 327 367 389 355

257 446 415 516 φησὶ,
449 443 547 499 καί
571 440 896 499 ἑνεδύσιιτέ
921 462 1017 515 με.
1063 444 1422 516 Ἐνεδύσαμεν
1451 448 1543 501 τὸν
1569 449 1822 506 ἐνδύοντα
1849 452 1940 505 τὸν

256 532 489 604 οὐρανὸν
516 534 574 584 ἐν
604 530 873 600 νεφέλαις,
907 532 999 585 τὸν
1032 532 1284 586 ἐνδύοντα
1307 532 1405 604 τήν
1442 534 1764 606 Ἐκκλησίαν
1796 538 1939 592 ᾶπα-

260 636 384 684 σαν,
403 619 499 675 καὶ
526 620 625 691 τὴν
652 620 996 691 οἰκουμένην.
1030 620 1204 673 Ὅσοι
1230 622 1341 691 γὰρ
1382 623 1471 688 είς
1517 624 1775 691 Χριστὸν
1800 626 1938 679 ἐϐα-

259 710 574 776 κτίσθητε,
589 708 848 777 Χριστὸν
866 708 1259 764 ἐνεδύσασθε.
1294 712 1390 764 Ἔν
1409 711 1655 782 φυλακῇ
1669 713 1833 783 ἤμην
1851 732 1864 745 ·
1882 717 1940 769 ἐν

260 796 476 867 φυλακῇ
510 797 573 849 σὺ
601 796 855 863 δέξάγων
874 795 1021 868 [559]
1050 798 1489 870 πεπεδημένους;
1522 794 1887 872 Ἑρμήνευσον
1906 804 1943 857 ἀ

257 880 461 942 λαλεῖς·
486 880 520 949 ἡ
544 877 652 950 γὰρ
680 878 805 944 ἀξία
827 880 1071 950 ἀρνεῖται
1094 879 1163 934 τὰ
1177 880 1461 952 λεγόμενα.
1491 882 1629 937 Πότε
1647 902 1707 938 σε
1730 886 1942 956 εἴδομεν

257 967 321 1020 ἐν
337 966 514 1037 ἐνδείᾳ
535 965 799 1038 τοσαύτῃ;
830 965 960 1019 πότε
981 967 1151 1020 ταῦτα
1174 968 1580 1041 πεποιήκαμεν;
1616 972 1733 1041 Ἐφ’
1768 972 1939 1036 ὅσον,

260 1050 449 1119 φησὶν,
482 1048 571 1102 ἐνί
607 1049 836 1102 τούτων
863 1048 982 1102 τῶν
1024 1050 1366 1118 ἐλαχίστων
1395 1054 1780 1121 πεποιήκατε,
1811 1056 1941 1125 ἐμοὶ

259 1135 606 1201 ἐποιήσατε.
633 1134 724 1206 Μὴ
738 1136 839 1189 οὐκ
854 1136 1059 1207 ἀληθὴς
1078 1138 1107 1188 6
1126 1137 1303 1206 λόγος,
1317 1140 1397 1193 δτι
1432 1141 1486 1193 '0
1499 1142 1689 1196 ἐλεῶν
1702 1144 1944 1213 πτωχὸν

260 1223 515 1285 δανείζει
561 1223 723 1289 Θεῷ;
768 1223 879 1277 Καὶ
911 1225 1013 1295 ὅρα
1057 1225 1118 1278 τὸ
1164 1225 1507 1298 θαυμαστόνο
1546 1228 1701 1284 οὐδέν
1755 1232 1942 1302 ἕτερον

260 1311 579 1383 ὑπέμνησεν
612 1312 772 1383 ἔργον
811 1312 1013 1383 ἀρετῆς
1050 1313 1083 1383 ἢ
1122 1313 1281 1367 τοῦτο
1305 1331 1320 1347 ο
1369 1316 1546 1371 καίτοι
1598 1318 1819 1372 ἐδύνατο
1860 1321 1940 1374 εἰει

259 1403 420 1454 πεῖνο
444 1400 608 1453 Δεῦτε
631 1401 680 1453 οἱ
708 1400 1085 1470 εὐλογημένοι,
1114 1402 1195 1454 δτι
1212 1403 1647 1475 ἐσωφρονήσατε,
1676 1406 1944 1479 ὄτιέπαρ-

262 1483 577 1546 θενεύσατε,
625 1484 709 1536 δτι
762 1484 1059 1554 ἀγγελικὴν
1113 1483 1391 1537 πολῖτείαν
1436 1487 1759 1541 ἀνελάϐετε·
1807 1486 1943 1542 ἀλλά

264 1573 447 1643 σιωπᾷ
473 1570 669 1634 ταῦτα,
699 1570 797 1641 οὐχ
826 1570 907 1624 ὅτι
932 1569 1126 1637 ἀνάξια
1164 1571 1407 1643 μνήμης,
1442 1573 1557 1627 ἀλλ’
1602 1574 1678 1638 ὼς
1713 1574 1943 1647 δεύτερα

262 1657 696 1729 φιλανθρωπίας.
744 1656 881 1710 Ἀλλ’
914 1656 1103 1729 ῶσπερ
1131 1658 1342 1721 τούτοις
1370 1662 1484 1722 τοῖς
1508 1661 1575 1714 ἐκ
1620 1661 1811 1726 δεξιῶν
1850 1664 1938 1717 διά

260 1747 365 1818 τὴν
395 1743 804 1815 φιλανθρωπίαν
849 1743 1014 1808 ἔδειξε
1043 1744 1428 1814 δεδωρημένην
1464 1745 1562 1816 τήν
1614 1747 1895 1817 βασιλείαν
1922 1764 1937 1780 ο

261 1834 409 1887 οὕτω
435 1834 529 1886 καὶ
557 1832 668 1894 τοῖς
698 1830 755 1898 ἐξ
783 1831 1083 1903 ἀριστερῶν
1116 1831 1202 1885 διὰ
1239 1832 1337 1902 τὴν
1363 1833 1644 1904 ἀκαρπίαν
1673 1835 1940 1906 ἠπείλησε

262 1921 364 1991 τὴν
396 1920 681 1991 τιμωρίαν.
712 1920 1045 1988 Πορεύεσθε
1078 1922 1133 1973 οἱ
1158 1920 1555 1989 κατηραμένοι
1586 1924 1673 1987 εὶς
1699 1921 1765 1975 τὸ
1796 1926 1943 1977 σκό-

263 2026 371 2073 τος
397 2009 465 2062 τὸ
490 2008 812 2075 ἐξώτερον,
850 2006 917 2060 τὸ
944 2006 1392 2077 ἡτοιμασμένον
1420 2006 1500 2073 τῷ
1538 2008 1796 2075 διαϐόλῳ
1840 2012 1940 2065 καί

262 2095 391 2162 τοῖς
432 2094 712 2164 ἀγγέλοις
743 2093 952 2149 αὑτοῦ.
983 2094 1081 2147 Διά
1107 2094 1187 2160 τί;
1221 2094 1363 2166 ὑπὲρ
1394 2096 1574 2161 τίνος;
1619 2096 1750 2150 Ὀτι
1782 2098 1942 2151 ἐπείο

264 2200 410 2244 νων.
460 2182 562 2235 καὶ
594 2184 706 2237 οὐκ
736 2180 998 2235 ἐδώκατέ
1032 2198 1135 2250 μοι
1172 2181 1407 2252 φαγεῖν.
1444 2184 1558 2235 Οὐκ
1608 2179 1761 2237 εἶπεν
1817 2185 1941 2237 Ὀτι

265 2270 653 2341 ὲπορνεύσατε,
686 2271 766 2324 ὅτι
800 2268 1178 2339 ἐμοιχεύσατε,
1227 2270 1309 2323 ὃτι
1340 2270 1629 2340 ἐκλέψατε,
1674 2273 1755 2325 ὅτι
1780 2272 1940 2342 ἐψευ-

265 2357 718 2429 δομαρτυρήσατε
736 2397 749 2421 ,
772 2357 853 2409 ὃτι
880 2358 1265 2426 ἐπιωρκήσατε
1288 2372 1300 2385 ·
1335 2358 1482 2411 κακά
1518 2358 1616 2427 μὲν
1649 2359 1943 2429 ὁμολογου-

271 2443 449 2513 μένως
468 2442 779 2505 καὶταῦτα,
805 2442 942 2496 ἀλλὰ
973 2443 1073 2512 τῆς
1102 2444 1501 2515 ἀπανθρωπίας
1531 2445 1943 2517 κατώτερακαὶ

263 2531 365 2601 τῆς
390 2530 845 2602 ἀνελεημοσύνης.
880 2531 978 2585 Διά
1006 2530 1058 2583 τί
1084 2531 1161 2596 δὲ,
1197 2526 1241 2585 ὦ
1267 2532 1461 2605 Κύριε,
1488 2534 1588 2586 οὐκ
1617 2533 1788 2587 ἀλλων
1808 2534 1941 2587 ὁδῶν

266 2618 454 2689 φέρεις
492 2619 750 2689 μνήμην;
785 2618 859 2670 Οὐ
902 2618 1094 2688 κρίνω,
1143 2621 1297 2689 φησὶ,
1344 2620 1443 2692 τὴν
1478 2621 1771 2692 ἁμαρτίαν,
1808 2621 1943 2675 ἀλλά

264 2704 366 2777 τὴν
405 2703 838 2775 ἀπανθρωπίαν
863 2705 922 2757 οὐ
958 2705 1129 2777 κρίνω
1162 2706 1289 2769 τούς
1316 2708 1765 2779 ἁμαρτήσαντας,
1806 2706 1944 2761 ἀλλὰ

266 2793 397 2855 τούς
437 2790 511 2862 μὴ
543 2791 987 2861 μετανοήσαντας
1009 2808 1023 2822 ο
1055 2792 1194 2863 ὑπὲρ
1229 2794 1629 2864 ἀπανθρωπίας
1662 2794 1807 2863 ὑμᾶς
1838 2808 1941 2846 κα-

263 2878 565 2943 ταδικάζω,
583 2879 665 2932 ὅτι
682 2878 897 2949 ἔχοντες
917 2879 1171 2933 τοσοῦτον
1200 2882 1292 2933 καὶ
1312 2879 1629 2948 τηλικοῦτον
1654 2880 1943 2950 φάρμακον

266 2968 565 3039 σωτηρίας,
597 2968 695 3037 τὴν
726 2966 1115 3037 ἐλεημοσύνην,
1168 2968 1224 3019 ἐν
1254 2961 1288 3039 ᾖ
1323 2966 1636 3038 ἐξηλείφετο
1666 2968 1841 3021 πάντα
1871 2967 1941 3020 τά

265 3056 663 3127 ἁμαρτήματα,
692 3055 979 3125 παρήκατε
1005 3053 1273 3124 τοσαύτην
1299 3053 1635 3126 εὐεργεσίαν.
1670 3052 1941 3117 Ὀνειδίζω

263 3145 448 3197 τοίνυν
492 3143 598 3212 τὴν
647 3140 1041 3211 ἀπανθρωπίαν
1077 3140 1153 3205 ὼς
1196 3141 1353 3211 ῥίζαν
1392 3140 1591 3204 κακίας
1624 3140 1718 3193 καὶ
1760 3139 1943 3211 πάσης

267 3229 526 3293 ἀσεϐείας
546 3243 561 3260 ’
591 3228 801 3282 ἐπαινῶ
831 3227 930 3299 τὴν
959 3227 1371 3299 φιλανθρωπίαν
1414 3227 1489 3291 ὡς
1523 3226 1679 3298 ῥίζαν
1724 3226 1942 3280 πάντων

265 3318 379 3372 τῶν
406 3316 651 3386 ἀγαθῶν,
680 3316 774 3369 καὶ
821 3314 1030 3368 ἀπειλῶ
1057 3316 1169 3378 τοῖς
1201 3315 1301 3384 μὲν
1338 3311 1451 3385 πῦρ
1477 3313 1717 3377 αἰώνιον,
1746 3315 1858 3375 τοῖς
1885 3313 1944 3366 δέ

269 3405 548 3477 βασιλείαν
567 3403 814 3476 οὐρανῶν
828 3402 1253 3473 ἐπαγγέλλομαι.
1271 3401 1448 3456 Καλαί
1471 3419 1587 3467 σου,
1607 3395 1653 3454 ὧ
1674 3400 1940 3465 Δέσποτα,

267 3494 364 3548 καὶ
405 3495 462 3547 αί
490 3491 849 3561 έπαγγελίαιο
885 3490 1026 3561 καλή
1059 3507 1153 3544 σου
1185 3490 1281 3544 καὶ
1309 3492 1343 3561 ή
1388 3488 1816 3561 προσδοκωμένη
1845 3486 1943 3557 βα-

270 3581 465 3647 σιλεία,
491 3582 587 3637 καὶ
612 3582 646 3651 ή
674 3579 866 3649 γέεννα
892 3578 1054 3633 πάλιν
1077 3576 1447 3647 ἀπειλουμένη
1470 3592 1484 3605 ·
1512 3577 1547 3645 ή
1580 3574 1681 3646 μὲν
1710 3590 1943 3645 προτρε-

333 3764 360 3792 ¹¹
382 3762 521 3821 Περ,
543 3764 575 3818 ἡ
599 3762 650 3810 δὲ
671 3756 960 3822 ἐκφοϐοῦσα,
983 3771 1081 3807 non
1106 3757 1353 3807 habentur
1371 3757 1421 3805 in
1444 3755 1562 3822 Mor.
1579 3760 1633 3804 et
1659 3755 1833 3822 Sa_vil.,
1856 3754 1943 3822 sed_

277 3822 327 3872 in
343 3824 467 3885 Reg.
500 3816 646 3885 {supra
674 3816 946 3871 mémorato
989 3823 1241 3883 leguntur,
1278 3825 1329 3867 el
1372 3820 1559 3880 optime
1596 3816 1840 3878 quadram
1884 3819 1943 3864 ad

271 3899 490 3938 sensum.

320 4021 542 4036 ἡ.

1355 327 1443 388 DE
1481 330 1957 393 PmNITENTIA.
1999 337 2236 394 HOMIL.
2278 337 2410 392 VIII.

3603 356 3707 410 336

2042 452 2278 523 πομένη,
2315 454 2348 523 ή
2400 453 2455 505 δὲ
2494 452 2874 522 ἐκφοϐοῦσαα·
2908 456 3275 526 προτρέπεται
3307 458 3417 529 7&9
3453 460 3632 527 καλῶς

2044 541 2288 611 βασιλεία
2314 582 2328 606 ,
2368 540 2605 609 φοϐεῖδέ
2648 542 2933 613 χρησίμως
2966 545 2999 612 ή
3039 544 3251 611 γέεννα.
3316 547 3553 602 Ἀπειλεί
3600 552 3710 620 γὰρ

2040 629 2266 695 γέενναν
2301 629 2330 680 6
2369 626 2521 691 Θεὸς,
2562 628 2660 698 οὐχ
2698 628 2782 681 ἵνα
2813 629 2893 691 εἰς
2935 628 3156 697 γέενναν
3196 632 3438 705 ἐμϐάλῃ,
3480 636 3593 689 ἀλλ’
3612 631 3702 689 ἶνα

2042 712 2267 785 γεέννης
2309 714 2614 787 ἀπαλλάξῃ.
2663 716 2726 767 El
2776 714 2885 787 7&9
2920 716 3170 771 ἐϐούλετο
3208 719 3455 785 κολάσαι,
3507 723 3607 777 οὐκ
3641 723 3711 778 ἀν

2042 802 2466 875 προηπείλησεν,
2489 802 2573 857 ῖνα
2586 803 3025 875 ἀσφαλισάμενοι
3057 805 3319 877 φύγωμεν
3350 811 3418 863 τά
3458 811 3711 865 ἀπειλού-

2046 908 2203 961 μενα.
2248 891 2485 944 Ἀπειλεί
2506 891 2604 963 τὴν
2633 894 2923 963 τιμωρίαν,
2974 894 3062 947 ἵνα
3100 894 3360 966 φύγωμεν
3390 899 3490 969 τὴν
3520 902 3711 971 πεῖραν

2050 979 2140 1049 τῆς
2173 979 2442 1049 τιμωρίας
2465 996 2479 1010 ο
2513 979 2667 1048 φοϐεῖ
2690 981 2767 1050 τῷ
2797 980 2958 1051 λόγῳ,
2990 981 3075 1034 ἵνα
3106 984 3179 1053 μὴ
3216 984 3418 1057 κολάσῃ
3446 986 3522 1055 τῷ
3544 986 3708 1059 εργῳ,

2042 1066 2390 1137 Δανείσωμεν
2433 1067 2612 1120 τοίνυν
2659 1066 2737 1139 τῷ
2770 1067 2887 1138 Θεῷ
2933 1069 3032 1140 τὴν
3064 1069 3507 1142 φιλανθρωπίαν,
3540 1075 3715 1129 δανεί-

2045 1169 2246 1223 σωμεν,
2280 1154 2365 1205 ἵνα
2395 1153 2645 1224 εὕρωμεν
2692 1155 2852 1208 αὐτὸν
2884 1155 3184 1227 χρεώστην,
3215 1157 3291 1221 ὼς
3323 1158 3493 1230 ἔφθην
3521 1161 3714 1229 είπὼν,

2043 1241 2139 1293 καὶ
2174 1240 2246 1312 μὴ
2271 1242 2528 1311 δικαστήν
2552 1257 2565 1270 °
2596 1242 2823 1295 αἰδεῖται
2863 1243 2971 1314 7&9
3009 1246 3037 1296 6
3081 1243 3363 1316 χρεώστης
3409 1248 3500 1301 τὸν
3536 1248 3716 1304 δανεί-

2045 1344 2236 1393 σαντα,
2283 1330 2514 1384 αἰδεῖται
2578 1330 2741 1383 αὐτὸν
2782 1331 2879 1384 καὶ
2936 1331 3282 1386 δυσωπεῖται.
3336 1332 3461 1386 Ἐὰν
3507 1334 3715 1406 ἀπέλθῃ

2042 1416 2322 1488 δανειστὴς
2350 1419 2429 1481 εἰς
2460 1418 2627 1488 θύραν
2657 1416 2952 1487 χρεώστου,
2988 1420 3082 1472 ὲάν
3132 1418 3230 1489 μὲν
3321 1419 3545 1491 ἄπορος,
3584 1424 3717 1490 φεύ-

2043 1520 2167 1570 γει·
2204 1504 2299 1557 ἐὰν
2344 1504 2400 1557 δὲ
2436 1504 2685 1574 εὔπορος,
2746 1504 2883 1573 μετά
2924 1506 3236 1576 παρρησίας
3274 1507 3487 1576 δέχεται
3530 1510 3714 1563 αὐτόν.

2044 1591 2189 1662 Ὅρα
2238 1592 2296 1645 δέ
2345 1610 2436 1663 μοι
2471 1594 2565 1645 καὶ
2594 1593 2782 1664 ἕτερον
2833 1593 3018 1662 θαῦμα
3051 1593 3145 1645 τοῦ
3176 1594 3385 1647 δικαίου
3431 1596 3620 1665 κριτοῦ
3652 1599 3717 1649 ἐκ

2043 1680 2151 1733 τῶν
2177 1678 2529 1749 ἀνθρωπίνων
2554 1680 2987 1750 παρατιθέμενον
3007 1694 3021 1709 ·
3047 1681 3140 1733 ἐάν
3178 1698 3282 1733 τινι
3312 1683 3368 1734 ἐν
3395 1682 3555 1754 πενίᾳ
3588 1683 3719 1737 καθ-

2043 1766 2237 1819 εστῶτι
2275 1767 2544 1838 δανείσῃς,
2586 1766 2824 1839 προέλθῃ
2860 1766 2915 1820 δὲ
2952 1769 3030 1830 είς
3065 1767 3317 1837 εὐθηνίαν
3340 1766 3369 1821 6
3406 1769 3721 1840 δανεισάμεο

2043 1871 2153 1917 νος,
2184 1856 2277 1907 καλ⁸
2307 1854 2527 1925 δύνηταί
2564 1870 2646 1907 σοι
2677 1853 2861 1906 λοιπὸν
2888 1853 3179 1906 ἀποδοῦναι
3204 1855 3265 1906 τὸ
3300 1856 3481 1926 χρέος.
3520 1856 3719 1911 λανθά-

2042 1958 2123 1993 νει
2162 1941 2287 2004 τοὺς
2329 1942 2577 2003 πολλοὺς,
2623 1940 2721 1993 καὶ
2767 1941 3126 2003 ἀποδίδωσιν,
3161 1941 3247 1993 ἴνα
3282 1943 3355 2013 μὴ
3396 1942 3719 2014 αἰσχύνηται

2042 2030 2137 2081 ἐπὶ
2170 2033 2235 2100 τῇ
2266 2030 2508 2101 προτέρᾳ
2532 2029 2894 2083 καταστάσει·
2928 2030 3023 2082 κα)⁸
3054 2030 3283 2101 χάριτος
3320 2030 3418 2100 μὲν
3447 2031 3716 2100 ὁμολογεῖ,

2044 2115 2274 2188 κρύπτει
2300 2117 2356 2169 δέ
2377 2117 2475 2187 τὴν
2500 2116 2842 2187 εὐεργεσίαν,
2871 2115 2969 2186 τὴν
3002 2116 3271 2187 προτέραν
3297 2116 3503 2170 ἔνδειαν
3525 2118 3719 2187 αίσχυο

2042 2205 2283 2275 νόμενος.
2302 2205 2359 2257 '0
2384 2204 2438 2257 δὲ
2468 2206 2599 2268 Θεὸς
2615 2204 2711 2274 οὐχ
2739 2204 2881 2257 οὕτω
2903 2207 3065 2269 ποιεῖ,
3092 2204 3242 2277 [διο]
3260 2205 3373 2257 ἀλλ’
3402 2208 3460 2260 ἐν
3488 2207 3717 2277 κρυπτῷ

2040 2290 2447 2361 δανειζόμενος,
2481 2292 2763 2362 παρρησίᾳ
2792 2291 2851 2343 τὸ
2889 2292 3048 2361 χρέος
3076 2292 3422 2345 ἀποδίδωσιν.
3457 2293 3586 2346 Ὅτε
3617 2295 3717 2363 μὲν

2042 2376 2153 2447 7&9
2185 2376 2471 2447 λαμϐάνει,
2515 2377 2603 2429 διά
2648 2374 3020 2447 λανθανούσης
3070 2375 3442 2447 ἐλεημοσύνης
3470 2393 3485 2408 ο
3530 2379 3619 2431 ὅτε
3660 2379 3716 2431 δὲ

2042 2464 2385 2523 ἀποδίδωσιν.
2429 2464 2515 2516 ἐπ’
2545 2462 2702 2531 ὂψεσι
2737 2462 2917 2531 πάσης
2939 2464 3037 2532 τῆς
3063 2462 3420 2533 δημιουργίας
3454 2465 3717 2518 ἀποδίδω-

2046 2568 2150 2605 σιν.
2193 2552 2331 2604 Ἀλλ’
2364 2553 2480 2623 ἐρεῖ
2508 2569 2592 2614 τις
2622 2551 2750 2615 ἴσως
2771 2566 2785 2580 ο
2818 2550 2915 2604 Διά
2946 2550 2997 2603 τί
3024 2549 3081 2602 δὲ
3110 2550 3245 2614 ὅλως
3272 2551 3462 2622 ῶσπερ
3491 2553 3614 2622 ἐμοὶ
3642 2554 3718 2623 τῷ

2042 2640 2284 2711 πλουσίῳ
2312 2640 2563 2701 δέδωκεν,
2592 2639 2713 2709 οὐχὶ
2742 2638 2835 2690 καὶ
2860 2636 2938 2706 τῷ
2965 2637 3159 2705 πένητι
3194 2638 3596 2709 παραπλησίως
3628 2640 3713 2691 δέ·

2041 2726 2249 2791 δωκεν;
2304 2726 2556 2779 Ἐδύνατο
2591 2727 2688 2795 μὲν
2720 2725 2813 2777 καὶ
2858 2723 2941 2777 σοὶ
2988 2723 3174 2776 δοῦναι
3220 2725 3456 2794 ὁμοίως,
3512 2726 3720 2795 καὶτῷ

2045 2816 2261 2886 πένητι,
2291 2813 2409 2866 ἀλλ’
2436 2813 2537 2865 οὐκ
2577 2812 2844 2881 ἠθέλησεν
2890 2809 3014 2864 οὐτε
3056 2810 3150 2862 σοῦ
3182 2812 3429 2883 ἄκαρπον
3459 2809 3596 2865 εἶναι
3629 2813 3720 2867 τὸν

2046 2902 2296 2962 πλοῦτον,
2323 2899 2444 2953 οὔτε
2470 2900 2675 2952 ἐκείνου
2703 2897 2934 2969 ἄμισθον
2955 2899 3053 2968 τὴν
3085 2898 3298 2955 πενίαν.
3331 2901 3423 2952 Σοὶ
3454 2900 3533 2969 τῷ
3553 2901 3719 2953 πλου-

2042 2989 2224 3043 τοῦντι
2250 2988 2451 3041 δέδωκε
2486 2986 2737 3039 πλουτεῖν
2778 2984 3149 3058 ἐλεημοσύνῃ,
3182 2986 3276 3039 καὶ
3308 2986 3627 3057 σκορπίζειν
3660 2989 3719 3040 ἐν

2042 3074 2353 3144 δικαιοσύνῃ
2370 3088 2384 3101 ·
2425 3074 2783 3141 Ἐσκόρπισε
2814 3072 2922 3143 γάρ
2942 3087 2955 3101 δ
2987 3070 3171 3125 ἔδωκε
3198 3071 3324 3137 τοῖς
3349 3072 3611 3140 πένησιν
3633 3092 3646 3105 ·
3679 3076 3720 3143 ἡ

2043 3163 2399 3229 δικαιοσύνη
2434 3161 2620 3215 αὑτοῦ
2652 3160 2820 3230 μένει
2852 3162 2941 3225 εὶς
2971 3159 3079 3213 τὸν
3117 3159 3323 3213 αιῶνα.
3367 3161 3549 3230 Ὁρᾷς.
3583 3160 3720 3214 ὃτιὸ

2046 3252 2300 3315 πλούσιος
2338 3253 2402 3304 ἐκ
2448 3250 2545 3320 τῆς
2592 3249 2963 3321 ἐλεημοσύνης
2995 3248 3314 3319 θησαυρίζει
3362 3248 3715 3320 δικαιοσύνην

2050 3340 2270 3394 αἰώνιον
2296 3356 2311 3403 ;
2340 3339 2443 3410 δρα
2490 3337 2651 3392 πάλιν
2702 3337 2797 3391 καὶ
2826 3336 2917 3390 τὸν
2966 3336 3203 3405 πένητα·
3252 3334 3439 3404 ἐπειδὴ
3467 3336 3567 3387 οὐκ
3599 3334 3713 3404 ἔχει

2052 3427 2303 3488 πλοῦτον,
2332 3419 2377 3492 ᾧ
2406 3426 2723 3495 ἐργάσηται
2773 3422 3141 3493 δικαιοσύνην,
3172 3420 3283 3491 ἔχει
3320 3422 3530 3485 πενίαν,
3556 3420 3615 3485 ἐξ
3650 3416 3719 3493 ἧς

2052 3513 2355 3585 καρποῦται
2391 3511 2667 3581 ὐπομονὴν
2710 3510 2964 3564 αἰώνιον·
3005 3510 3074 3563 Ἡ
3119 3509 3230 3579 γὰρ
3275 3507 3550 3577 ὑπομονὴ
3598 3507 3719 3562 τῶν

2050 3600 2325 3669 πενήτων
2360 3602 2472 3653 οὐκ
2513 3598 2823 3652 ἀπολεῖται
2871 3599 2959 3662 είς
3000 3596 3105 3649 τὸν
3153 3594 3367 3648 αἰῶνα·
3403 3596 3461 3647 ἐν
3498 3595 3719 3667 Χριστῷ

2042 3690 2122 3761 τῷ
2170 3688 2360 3761 Κυρίῳ
2392 3685 2569 3757 ήμῶν,
2697 3686 2730 3755 ὴ
2763 3683 2887 3748 δόξα
2919 3685 2999 3745 είς
3042 3684 3167 3745 τοὺς
3213 3681 3415 3745 αἰῶνας
3444 3681 3553 3734 τῶν
3582 3682 3716 3735 αίώ-

2046 3796 2172 3831 νων.
2218 3776 2389 3847 ’Λμήν

1700 4116 1859 4170 ΠΕΡΙ
1894 4112 2312 4170 ΜΕΤΑΝΟΙΛΣ.

953 4355 1188 4425 Ὀμιλία
1217 4360 1293 4422 η’.

342 4454 412 4505 α’.
436 4447 501 4501 ει
529 4445 624 4500 καὶ
648 4444 773 4517 χθὲς
800 4443 954 4516 ὑμῶν
982 4442 1338 4513 ἀπελείφθην,
1374 4441 1487 4495 ἀλλ’
1513 4440 1611 4511 οὐχ
1642 4439 1801 4503 ἑκὼν,
1829 4427 1943 4490 ἀλλ’

270 4536 669 4607 ἀναγκασθείς·
707 4533 1042 4603 ἀπελείφθην
1089 4532 1144 4585 δέ
1181 4529 1433 4601 σώματι,
1476 4529 1536 4582 οὐ
1575 4527 1803 4599 γνώμῃ·
1841 4528 1948 4580 ἀπ-

269 4626 530 4697 ελείφθην
557 4624 795 4695 ἀπουσίᾳ
817 4621 1038 4693 σαρκὸς,
1067 4620 1128 4673 οὐ
1148 4618 1386 4673 διαθέσει
1415 4615 1674 4679 διανοίας.
1703 4612 1816 4668 Καὶ
1839 4612 1947 4684 γὰρ

268 4712 735 4783 περιεπλεκόμην,
785 4709 920 4781 πρὸς
967 4708 996 4762 δ
1027 4706 1321 4776 ἐδυνάμην,
1362 4703 1608 4765 ἅπαντας
1644 4701 1811 4771 ὑμᾶς,
1854 4700 1947 4753 καὶ

270 4802 368 4855 ιτα
388 4802 488 4870 τῆς
514 4798 754 4862 διανοίας
770 4797 981 4869 ἔφερον.
1006 4794 1197 4858 Πάλιν,
1225 4790 1466 4860 ἀδελφοὶ,
1486 4787 1585 4859 τὴν
1616 4786 1948 4870 πρόσκαιρον

266 4866 477 4955 ταύτην
504 4884 659 4938 νόσον
686 4866 977 4953 παρέντες,
1012 4874 1419 4949 περισσοτέρως
1448 4870 1865 4940 ἐσπουδάσαμεν
1888 4866 1949 4920 τὸ

268 4971 565 5043 πρόσωπον
587 4982 615 5011 ι
645 4969 801 5040 ὑμῶν
834 4967 989 5021 ἰδεῖνο
1016 4965 1095 5019 ἔτι
1134 4964 1244 5036 γὰρ
1274 4962 1344 5017 τά
1384 4959 1614 5031 λείψανα
1640 4958 1740 5027 τῆς
1769 4956 1950 5028 ἀρρω-

270 5062 429 5125 στίας
456 5058 595 5128 ἔχων
629 5057 864 5128 ἔδραμον
889 5054 1024 5125 πρὸς
1055 5052 1156 5123 τὴν
1189 5049 1462 5123 ὑμετέραν
1485 5047 1725 5117 ἀγάπην.
1754 5045 1819 5099 Οἱ
1851 5043 1935 5115 μέι

268 5148 384 5220 γὰρ
414 5145 823 5219 ἀρρωστοῦντες
850 5142 1052 5213 λουτρὰ
1084 5140 1180 5195 καὶ
1217 5138 1472 5209 βαλανεῖα
1502 5132 1801 5220 [μετάᾼτήν
1832 5132 1950 5220 ἀρ·-

268 5217 555 5306 ῥωστίαν]
588 5229 841 5303 ζητοῦσιν
864 5246 877 5259 °
907 5226 1017 5297 ἐγὼ
1048 5226 1103 5281 δὲ
1128 5226 1198 5281 τά
1227 5223 1537 5293 ποθούμενα
1586 5217 1741 5306 ὑμῶν
1779 5217 1949 5306 πρόσ-

266 5303 399 5375 ωπα
432 5318 582 5384 ἀξιον
603 5317 897 5388 ήγησάμην
928 5315 957 5356 δ
988 5311 1306 5376 θεάσασθαι,
1337 5310 1432 5365 καὶ
1459 5308 1558 5380 τήν
1585 5303 1948 5379 ὀφειλομένην

268 5407 573 5479 ἐπιθυμίαν
615 5406 716 5477 τῆς
762 5404 1078 5475 ἀκροάσεως
1120 5398 1548 5472 ἀποπληρῶσαι,
1595 5396 1659 5451 τδ
1708 5393 1949 5462 πέλαγος

262 5497 433 5553 τοῦτο
461 5496 523 5551 τὸ
558 5495 720 5567 μέγα,
756 5494 850 5548 καὶ
884 5492 1060 5563 ἀλμην
1088 5490 1188 5543 οὐκ
1219 5488 1364 5560 ἔχον,
1388 5488 1487 5559 τὴν
1516 5483 1795 5538 θάλατταν
1817 5479 1948 5535 ταύ-

262 5604 368 5658 την
413 5584 512 5656 τὴν
562 5582 823 5654 κυμάτων
876 5577 1327 5651 ἀπηλλαγμένην.
1376 5570 1581 5628 Ἶιλθον
1635 5569 1791 5642 ὑμῶν
1849 5568 1948 5658 τὴν

262 5657 512 5749 ἄρουραν
552 5672 652 5743 τὴν
685 5668 1106 5740 κεκαθαρμένην
1137 5666 1284 5720 ίδεῖν.
1314 5663 1415 5727 Τίς
1453 5660 1563 5733 7&9
1595 5658 1839 5722 τοιοῦτος
1869 5657 1947 5710 λι-

332 5766 362 5795 ι
377 5760 535 5813 SavII.
557 5760 618 5807 τὰ
636 5760 887 5813 πρόσωπα.

331 5826 363 5868 ι
384 5807 467 5871 ἑῖε
494 5820 645 5870 Savll.
676 5807 848 5869 Hdt-el.
892 5830 1009 5866 vero
1050 5816 1157 5872 ἀξια
1178 5812 1453 5878 ἡγησάμην.
1494 5807 1624 5862 Infra
1665 5819 1756 5871 pro
1786 5808 1947 5870 λιμήν,

268 5886 406 5952 quod
427 5881 576 5934 habet
598 5882 740 5947 £95.,
771 5881 891 5932 edit.
918 5879 1108 5942 λειμών.

2053 4342 2181 4414 μὴν,
2217 4332 2328 4402 οἷος
2361 4338 2395 4409 η
2437 4333 2765 4405 Ἐκκλησίας
2802 4332 2887 4397 τίς
2926 4330 3164 4395 τοιοῦτος
3200 4330 3545 4403 παράδεισος,
3583 4330 3658 4395 ὡς
3687 4333 3720 4402 ἡ

2049 4427 2263 4491 σύνοδος
2305 4428 2337 4496 ή
2392 4424 2667 4496 ὐμετέρα;
2716 4422 2830 4475 Οὐκ
2876 4418 3024 4472 ἔστιν
3067 4417 3299 4472 ἐνταῦθα
3336 4418 3461 4488 δφις
3493 4418 3713 4473 ἐπιϐου-

2045 4516 2240 4581 λεύων,
2286 4513 2401 4567 ἀλλ’
2447 4514 2475 4564 6
2514 4508 2751 4583 Χριστὸς
2802 4506 3210 4578 μυσταγωγῶν
3268 4506 3367 4558 οὐκ
3416 4506 3562 4559 ἔστιν
3598 4502 3710 4558 Εὕα

2047 4599 2510 4665 ὐποσκελίζουσα,
2562 4596 2675 4650 ἀλλ’
2716 4596 2750 4665 ή
2789 4593 3085 4662 Ἐκκλησία
3122 4590 3358 4664 ὀρθοῦσα
3385 4609 3400 4623 ο
3435 4592 3536 4644 οὐκ
3571 4590 3721 4643 ἔστιν

2046 4688 2281 4744 ἐνταῦθα
2313 4685 2487 4758 φύλλα
2518 4681 2769 4753 δένδρων,
2805 4680 2919 4733 ἀλλ’
2945 4682 2974 4733 6
3005 4680 3214 4749 καρπὸς
3242 4677 3335 4730 τοῦ
3380 4676 3717 4745 πνεύματοςο

2045 4776 2146 4829 οὐκ
2184 4774 2330 4828 ἐστιν
2368 4770 2602 4825 ἐνταῦθα
2632 4766 2884 4839 φραγμὺς
2919 4764 3187 4827 ἀκανθῶν,
3222 4762 3337 4817 ἀλλ’
3367 4762 3609 4832 ἄμπελος
3631 4761 3719 4815 εὐ-

2047 4861 2303 4935 θηνοῦσα.
2350 4858 2475 4913 Ἐὰν
2502 4857 2560 4911 δὲ
2603 4853 2844 4910 ἄκανθαν
2872 4853 3039 4925 εὕρω,
3072 4854 3151 4914 είς
3184 4849 3367 4903 ἐλαίαν
3397 4847 3716 4920 μεταφέρω·

2045 4951 2105 5005 οὐ
2135 4950 2244 5021 7&9
2264 4948 2467 5019 ἀπορίᾳ
2490 4944 2707 5015 φύσεως
2728 4942 2796 4996 τά
2816 4940 3069 5004 ἐνταῦθα,
3093 4938 3207 4991 ἀλλ’
3226 4935 3509 5007 ἐλευθερίᾳ
3533 4949 3723 5006 προαι-

2048 5039 2251 5107 ρέσεως
2274 5036 2595 5107 τετίμηται⁸
2636 5032 2731 5086 ἐάν
2755 5031 2813 5084 δέ
2851 5028 3015 5083 λύκον
3054 5026 3218 5098 εὐρω,
3255 5023 3526 5095 πρόϐατον
3556 5022 3717 5087 ποιῶ,

2041 5122 2237 5196 οὐτὴν
2286 5124 2449 5193 φύσιν
2482 5118 2857 5193 μεταϐάλλων,
2897 5114 3032 5169 ἀλλά
3068 5112 3165 5183 τὴν
3194 5110 3514 5183 προαίρεσιν
3550 5123 3719 5179 μεταο

2047 5214 2247 5285 φέρωνο

2116 5319 2216 5374 Διά
2238 5314 2397 5371 τοῦτο
2430 5314 2531 5369 οὐκ
2558 5314 2624 5369 ἂν
2657 5311 2892 5384 ἀμάρτοι
2924 5325 3007 5373 τις
3042 5307 3141 5379 τῆς
3172 5303 3405 5359 κιϐωτοῦ
3442 5302 3539 5375 τὴν
3590 5304 3720 5359 Ἐκ-

2046 5406 2275 5480 κλησίαν
2305 5402 2526 5475 μείζονα
2567 5396 2899 5473 προσειπών.
2946 5396 3009 5449 Ἥ
3036 5395 3135 5466 μὶν
3166 5393 3278 5466 7&9
3315 5390 3722 5480 XIMMA‘M?

2048 5477 2317 5568 ελάμϐανε
2348 5490 2420 5547 τά
2452 5489 2598 5558 ζῶα,
2630 5488 2724 5543 καὶ
2766 5484 3033 5557 ἐφύλαττε
3066 5481 3209 5549 ζῶα,
3257 5483 3292 5553 ή
3332 5480 3389 5568 δέ
3428 5477 3722 5545 Ἐκκλησία

2053 5564 2469 5659 παραλαμϐάνει
2506 5577 2577 5633 τὰ
2621 5576 2739 5644 ζῶα
2772 5576 2866 5631 καὶ
2908 5572 3255 5647 μεταϐάλλει.
3293 5564 3506 5659 οἷόντι
3537 5570 3680 5659 λέγω
3703 5581 3722 5599 ⁸

2054 5654 2318 5744 Είσῆλθεν
2351 5668 2466 5724 ικιι
2494 5665 2669 5739 apag,
2698 5665 2793 5720 καὶ
2818 5661 3039 5736 ἐξῆλθεν
3074 5659 3259 5732 ιιραε·
3300 5658 3517 5729 εἰσῆλθε
3536 5654 3726 5744 λύκος,

2055 5763 2150 5817 καὶ
2174 5742 2362 5831 ἐξῆλθε
2391 5755 2593 5819 λύκος·
2628 5751 2844 5824 είσῆλθέ
2874 5768 2959 5816 τις
2993 5746 3145 5819 ιέραξ
3174 5746 3430 5808 ἐνταῦθα,
3463 5742 3556 5795 και
3581 5742 3726 5810 Lup.

2056 5867 2205 5924 χεται
2238 5842 2570 5921 πριστεράο
2613 5839 2922 5912 εἰσέρχεται
2949 5835 3143 5901 λύκος,
3175 5834 3269 5887 καὶ
3296 5832 3571 5900 ἐξέρχεται
3599 5831 3729 5896 πρό.
