4062 6206
373 338 482 392 537

377 454 574 508 ϐατον·
609 451 911 522 εἰσέρχεται
949 450 1091 518 ὄφις,
1128 451 1222 504 καὶ
1257 448 1407 520 [511]
1440 449 1717 522 ἐξέρχεται
1745 451 1953 522 ἀρνίον,
1984 450 2044 503 ού

377 540 476 610 τῆς
517 539 730 610 φύσεως
763 536 1259 609 μεταϐαλλομένης,
1289 537 1424 590 ἀλλά
1465 537 1567 606 τῆς
1610 537 1805 600 κακίας
1830 537 2045 590 ἐλαυνο-

380 627 566 697 μένης.
615 625 715 678 Διά
755 625 914 678 τοῦτο
969 625 1207 695 συνεχῶς
1255 625 1348 677 τὸν
1403 625 1533 697 περί
1575 625 1862 695 μετανοίας
1913 624 2047 678 κινῶ

375 715 552 784 λόγον.
570 715 633 768 Ἦ
658 714 766 786 γὰρ
790 714 1068 784 μετάνοια,
1097 712 1244 783 δεινὴ
1265 713 1360 766 καὶ
1385 712 1592 784 φοϐερὰ
1621 713 1699 784 τῷ
1717 711 2043 784 ἁμαρτωλῷ,

375 803 666 873 φάρμακον
691 801 799 854 τῶν
822 799 1329 872 πλημμελημάτων,
1355 799 1652 871 δαπάνημα
1672 800 1780 853 τῶν
1807 817 2046 872 παρα-λος

378 889 538 959 μιῶν,
561 889 821 959 ἀνάλωμα
848 887 956 940 τῶν
981 886 1255 958 δακρύων,
1296 887 1576 958 παρρησία
1611 887 1747 958 πρὸς
1767 887 1857 940 τὸν
1886 887 2041 952 Θεδν,

375 977 536 1030 ὅπλον
575 975 716 1029 κατὰ
746 974 840 1028 τοῦ
876 973 1121 1028 διαϐόλου
1141 1012 1153 1036 ,
1189 974 1434 1045 μάχαιρα
1466 973 1848 1044 ἀποτέμνουσα
1878 973 2042 1026 αὑτοῦ

373 1064 473 1134 τὴν
499 1063 760 1134 κεφαλὴν,
787 1061 1056 1132 σωτηρίας
1078 1061 1253 1124 ἐλπὶς,
1281 1061 1644 1129 ἀπογνώσεως
1673 1062 1953 1132 ἀναίρεσις
1980 1074 2006 1102 ι
2025 1078 2040 1091 ·

296 1133 315 1200 ὀ
373 1133 513 1223 αῦτη
542 1152 634 1204 τὸν
667 1149 894 1221 οὐρανόν
921 1151 1127 1218 ἀνοίγει
1147 1192 1160 1215 ,
1190 1149 1327 1221 αῦτη
1363 1151 1442 1212 εἰς
1465 1149 1555 1202 τὸν
1589 1150 1914 1220 παράδεισον
1939 1151 2044 1202 εἰσ-

370 1240 518 1305 ἀγει,
547 1237 686 1307 αῦτη
714 1237 808 1290 τοῦ
838 1237 1082 1290 διαϐόλου
1113 1237 1456 1308 περιγίνεται
1489 1237 1610 1305 (διά
1645 1237 1709 1308 δὴ
1733 1236 1890 1290 τοῦτο
1919 1253 2044 1289 συν-

375 1325 514 1395 εχῶς
537 1325 628 1378 τὸν
670 1325 800 1396 περὶ
835 1324 1023 1378 τούτου
1058 1325 1192 1378 κινῶ
1222 1325 1379 1393 λόγον
1401 1326 1441 1395 ),
1478 1323 1670 1395 ὥσπερ
1706 1325 1884 1377 καὶτὸ
1908 1323 2042 1395 θαρ-

375 1415 488 1482 ρεῖν
515 1415 658 1465 ποιεῖ
686 1413 1158 1476 ὑποσκελίζεσθαι.
1190 1411 1538 1483 ’Δμαρτωλδς
1563 1411 1642 1476 εἶς
1665 1412 1739 1481 μὴ
1759 1411 2010 1482 ἀπογνῷς
2027 1428 2040 1442 ·

371 1501 432 1552 ού
460 1500 704 1570 παύομαι
731 1499 969 1570 συνεχῶς
999 1500 1169 1552 ταῦτα
1201 1499 1508 1569 ἐπαλείφων
1536 1499 1606 1552 τά
1631 1500 1924 1570 φάρμακα·
1951 1500 2044 1552 κα)⁵

371 1587 481 1660 7&9
518 1585 634 1640 οἶδα
675 1587 862 1658 ἡλίκον
909 1586 1072 1640 ὅπλον
1110 1587 1228 1640 ἐστὶ
1260 1587 1402 1640 κατά
1455 1586 1552 1639 τοῦ
1586 1586 1836 1640 διαϐόλου
1874 1589 1934 1641 τὸ
1967 1590 2042 1658 μὴ

369 1675 766 1744 ἀπογινώσκειν
787 1677 816 1728 ύ
825 1678 950 1746 μᾶς.
974 1678 1069 1729 “Av
1087 1675 1215 1746 ἔχῃς
1231 1676 1622 1746 ἁμαρτήματα,
1651 1675 1724 1746 μὴ
1755 1675 2007 1745 ἁπογνῷς
2026 1692 2038 1704 ⁶

371 1763 434 1815 οὐ
473 1762 716 1832 παύομαι
757 1762 930 1816 ταῦτα
981 1763 1220 1831 συνεχῶς
1268 1762 1440 1829 λέγων
1467 1776 1481 1790 ·
1519 1761 1619 1814 κᾶν
1659 1761 1780 1814 καθ’
1827 1763 2042 1832 ἡμέραν

372 1850 726 1920 ἀμαρτάνῃς,
779 1849 898 1902 καθ’
941 1848 1155 1919 ἡμέραν
1202 1848 1448 1918 μετανόει
1473 1865 1488 1881 ·
1527 1850 1619 1901 καὶ
1661 1849 1796 1919 ὅπερ
1834 1851 1892 1901 ἐν
1921 1851 2042 1911 ταῖς

371 1937 630 2000 παλαιαῖς
684 1936 941 2006 ποιοῦμεν
978 1935 1196 1999 οἰκίαις,
1231 1936 1360 1990 ὅταν
1395 1933 1771 2006 σαθρωθῶσιν,
1820 1935 2044 2000 ὑπεξαι-

373 2021 613 2093 ρούμεθα
649 2022 717 2075 τὰ
767 2021 1190 2092 σεσαθρωμένα,
1240 2022 1336 2075 καὶ
1383 2022 1546 2076 καινά
1581 2021 2039 2092 ἐπισκευάζομεν,

364 2113 466 2165 -καὶ
508 2111 761 2164 οὐδέποτε
810 2111 1067 2181 συνεχοῦς
1131 2111 1450 2183 ἐπιμελείας
1481 2111 1950 2182 ἐπιΜνθανόμεθα
1973 2112 2001 2152 ι)
2024 2129 2038 2142 ·

369 2200 530 2254 τοῦτο
556 2201 652 2252 καὶ
701 2202 756 2252 ἐν
787 2201 917 2270 ήμίν
946 2199 1188 2271 ποιῶμεν
1221 2211 1270 2253 ε.
1305 2201 1367 2252 Εἰ
1415 2199 1756 2271 ἐπαλαιώθης
1804 2201 2043 2270 σήμερον

369 2288 480 2344 ἀπὸ
506 2290 606 2359 τῆς
641 2288 934 2359 ἁμαρτίας,
970 2287 1319 2342 ἀνακαίνισον
1355 2287 1583 2340 σεαυτὸν
1617 2287 1726 2341 ἀπὸ
1753 2287 1851 2358 τῆς
1879 2303 2043 2356 μετα-

369 2377 537 2441 νοίας.
566 2377 675 2430 Καὶ
704 2376 802 2441 ἔνι,
835 2376 989 2446 φησὶ,
1022 2377 1432 2447 μετανοήσαντα
1463 2375 1733 2446 σωθῆναι;
1763 2375 1872 2428 Καὶ
1901 2375 2041 2428 πάνυ

369 2463 470 2518 ενι.
495 2463 680 2517 Πάντα
711 2463 799 2517 τὸν
833 2463 946 2533 βίον
981 2464 1038 2515 ἐν
1069 2463 1368 2534 ἁμαρτίαις
1393 2462 1662 2532 διέτριψα,
1703 2463 1797 2515 καὶ
1826 2461 1921 2514 ἐάν
1952 2478 2048 2532 με·

367 2551 638 2620 τανοήσω,
678 2549 957 2619 σώζομαις
992 2549 1162 2602 Πάνυ.
1204 2547 1374 2601 Πόθεν
1412 2548 1610 2618 δῆλον;
1662 2547 1792 2600 Ἀπὸ
1823 2549 1922 2618 τῆς
1948 2547 2039 2601 τοῦ

369 2637 642 2690 Δεσπότου
682 2654 772 2689 σου
818 2635 1246 2705 φιλανθρωπίας.
1293 2634 1384 2705 Μὴ
1412 2635 1520 2706 7&9
1553 2638 1618 2705 τῇ
1659 2635 1916 2706 μετανοίᾳ
1944 2652 2038 2688 σου

371 2724 589 2795 θαρρῶ;
633 2725 706 2794 μὴ
733 2723 841 2794 γὰρ
881 2724 914 2792 ὴ
966 2721 1226 2792 μετάνοιά
1265 2739 1358 2775 σου
1408 2722 1581 2792 ἰσχύει
1626 2722 1862 2775 τοσαῦτα
1892 2723 2040 2776 κακά

370 2811 826 2882 ἀποσμήξασθαι;
851 2811 914 2865 Εἰ
940 2811 972 2880 ή
1001 2808 1258 2880 μετάνοια
1289 2809 1422 2880 μόνη
1444 2805 1533 2879 ἦν,
1557 2809 1779 2873 εἰκότως
1805 2811 2003 2879 ἐφοϐοῦ
2027 2831 2041 2847 ·

369 2897 560 2970 ἐπειδὴ
590 2898 646 2951 δὲ
679 2900 745 2968 τῇ
788 2897 1048 2968 μετανοίᾳ
1079 2896 1408 2969 κεράννυται
1447 2896 1582 2949 Θεοῦ
1616 2896 1996 2968 φιλανθρωπία
2019 2935 2036 2960 ,

371 2985 600 3058 θάρρει·
629 2985 762 3039 Θεοῦ
792 2985 902 3056 7&9
925 2983 1334 3055 φιλανθρωπίας
1371 2983 1569 3054 μέτρον
1594 2985 1694 3036 ούκ
1716 2984 1883 3048 ἐστιν,
1920 2984 2042 3039 ούδέ

370 3073 514 3144 λόγῳ
543 3073 941 3145 ἐρμηνευθῆναι
966 3073 1189 3126 δύναται
1219 3070 1386 3126 αὐτοῦ
1423 3071 1456 3142 ή
1496 3072 1786 3144 ἀγαθότης.
1833 3073 1896 3125 Ἱι
1941 3072 2039 3142 μὲν

372 3161 480 3232 7&9
507 3160 574 3232 σὴ
607 3161 776 3214 κακία
812 3160 1007 3231 μέτρον
1033 3159 1167 3230 ἔχει,
1195 3159 1257 3212 τὺ
1295 3159 1352 3212 δέ
1383 3159 1674 3231 φάρμακον
1709 3161 1908 3230 μέτρον
1940 3159 2040 3212 ούκ

373 3247 484 3319 εχει
507 3264 520 3278 ·
549 3251 583 3318 ή
621 3249 688 3319 σὴ
717 3247 884 3301 κακία
910 3248 996 3300 οἵα
1017 3247 1110 3300 ἐάν
1143 3243 1199 3320 ᾖ,
1232 3247 1545 3319 ἀνθρωπίνη
1577 3248 1694 3300 ἐστὶ
1715 3247 1901 3311 κακία,
1924 3249 1957 3317 ή
1981 3247 2039 3300 δέ

371 3335 465 3390 τοῦ
494 3335 629 3389 Θεοῦ
667 3335 1046 3406 φιλανθρωπία
1083 3334 1289 3404 άφατος
1315 3333 1343 3373 ἀ
1366 3351 1378 3364 ·
1415 3336 1510 3387 καὶ
1541 3334 1752 3404 θάρρει,
1781 3335 1862 3386 ὅτι
1888 3351 2042 3406 περι-

369 3422 579 3491 γίνεταί
612 3439 705 3475 σου
731 3423 829 3493 τῆς
857 3422 1074 3485 κακίας.
1106 3421 1388 3492 Ἐννόησον
1410 3420 1678 3492 σπινθῆρα
1702 3421 1780 3484 εἰς
1806 3420 2040 3489 πέλαγος

373 3509 679 3581 ἐμπεσόντα
702 3527 716 3542 ·
753 3509 826 3580 μὴ
851 3508 1072 3563 δύναται
1104 3508 1296 3578 στῆναι
1322 3509 1354 3578 ἢ
1379 3509 1611 3578 φανῆναι
1642 3524 1656 3573 ;
1696 3509 1858 3561 Ὅσον
1885 3519 2038 3562 σπιν-

364 3597 477 3667 θὴρ
507 3596 643 3667 πρὸς
671 3596 929 3664 πέλαγος,
960 3594 1214 3648 τοσοῦτον
1263 3595 1433 3650 κακία
1479 3593 1614 3664 πρὸς
1643 3593 1742 3665 τὴν
1770 3593 1864 3646 τοῦ
1903 3593 2038 3647 Θεοῦ

368 3684 811 3757 φιλανθρωπίαν·
868 3683 1068 3754 μᾶλλον
1102 3682 1158 3736 δέ
1201 3683 1321 3738 οὐδὲ
1368 3681 1640 3744 τοσοῦτον,
1687 3680 1824 3734 ἀλλά
1860 3681 2038 3751 πολλῷ

372 3772 554 3826 πλέον.
591 3772 663 3824 Τὸ
694 3773 792 3842 μὲν
833 3772 942 3843 γάρ
987 3771 1243 3839 πέλαγος,
1281 3769 1383 3823 κᾶν
1420 3769 1560 3840 μέγα
1579 3765 1636 3843 ᾗ,
1665 3769 1860 3841 μέτρον
1887 3769 2033 3840 ἔχει·

371 3863 410 3932 ή
434 3861 491 3914 δέ
517 3860 608 3914 τοῦ
642 3860 776 3914 Θεοῦ
805 3859 1181 3931 φιλανθρωπία
1209 3859 1611 3931 ἀπεριόριστος.

443 3947 628 4002 Ταῦτα
647 3947 807 4016 λέγω,
841 3948 939 4017 οὐχ
965 3948 1051 4000 ἵνα
1082 3947 1226 4016 ὑμᾶς
1258 3945 1660 4018 ρᾳθυμοτέρους
1693 3945 2032 4017 ἐργάσωμαι,

367 4035 485 4092 ἀλλ’
506 4035 590 4089 ἴνα
622 4036 1068 4106 σπουδαιοτέρους
1091 4036 1441 4104 καταστήσω.
1471 4033 1760 4105 Παρῄνεσα
1778 4033 2035 4097 πολλάκις

371 4126 452 4188 εἰς
489 4124 715 4196 θέατρον
759 4123 834 4194 μὴ
871 4123 1210 4178 ἀναϐαίνειν·
1263 4124 1524 4192 ἤκουσας,
1575 4122 1677 4174 οὐκ
1737 4121 2031 4192 ἐπείσθης·

371 4211 570 4282 ἀνέϐης
592 4213 671 4275 είς
699 4211 760 4264 τὸ
788 4211 1033 4281 θέατρον,
1077 4209 1427 4280 παρήκουσάς
1457 4226 1558 4279 μου
1592 4207 1683 4261 τοῦ
1733 4209 1890 4278 λόγου
1910 4225 1924 4240 ·
1956 4209 2032 4280 μὴ

371 4299 663 4370 αἰσχυνθῇς
687 4299 846 4354 πάλιν
873 4297 1152 4361 εἰσελθεῖν,
1193 4299 1284 4350 καὶ
1331 4295 1580 4350 ἀκοῦσαι.
1626 4297 1903 4359 Ἤκουσα,
1939 4299 2032 4350 καὶ

368 4389 469 4442 οὐκ
493 4390 754 4458 ἐτήρησα,
785 4387 902 4450 πῶς
925 4388 1159 4457 δύναμαι
1192 4385 1354 4439 πάλιν
1380 4383 1676 4448 εἰσελθείν;
1722 4384 1872 4448 Τέως
1903 4385 2034 4438 αὐτὸ

366 4465 525 4532 τοῦτο
551 4473 716 4542 οἶδας,
744 4479 824 4530 ὅτι
843 4476 947 4530 οὐκ
974 4477 1276 4547 ἐτήρησας·
1305 4475 1440 4538 τέως
1464 4472 1714 4546 αἰσχύνῃ,
1737 4472 1875 4537 τέως
1903 4474 2031 4544 ἐρυ-

370 4569 547 4639 θριᾷς,
573 4568 709 4631 τέως
739 4566 963 4638 μηδενός
987 4583 1045 4619 σε
1093 4566 1402 4637 ἐλέγχοντος
1435 4565 1524 4619 τὸν
1556 4563 1772 4636 χαλινὸν
1805 4564 2031 4636 περιφέ-

370 4673 504 4726 ρεις,
540 4656 675 4722 τέως
707 4656 796 4709 τὸν
843 4655 998 4724 λόγον
1031 4672 1133 4724 μου
1169 4654 1310 4724 ἐχεις
1353 4652 1737 4726 ἐρριζωμένον,
1772 4651 1909 4715 τέως
1955 4653 2030 4723 μὴ

368 4743 750 4814 φαινομένουὴ
775 4742 1089 4796 διδασκαλία
1125 4759 1225 4812 μου
1263 4741 1511 4812 καθαίρει
1554 4757 1633 4794 σε.
1676 4740 1789 4794 Οὐκ
1833 4741 2032 4812 ἐτήρη-

370 4847 490 4895 σας,
523 4832 799 4899 κατέγνως
828 4828 1090 4896 σεαυτοῦ;
1121 4831 1199 4892 εἰς
1220 4829 1281 4882 τὸ
1311 4829 1480 4898 ἥμισυ
1511 4829 1799 4899 ἐτήρησας,
1828 4827 1930 4880 κᾶν
1955 4829 2030 4898 μὴ

367 4920 632 4991 τηρήσῃς,
661 4917 820 4989 εἴπῃς
843 4917 918 4981 δὲ,
949 4916 1064 4971 Οὑκ
1084 4917 1328 4986 ἐτήρησα
1347 4932 1359 4945 ·
1387 4917 1416 4968 ὁ
1443 4915 1550 4986 γὰρ
1579 4915 1879 4983 καταγνοὺς
1907 4917 2033 4968 ἐαυ-

367 5005 463 5059 τοῦ
487 5009 578 5061 ἐπὶ
609 5006 686 5077 τῷ
725 5007 799 5077 μὴ
829 5006 1084 5078 τηρῆσαι,
1118 5005 1209 5056 ἐπὶ
1237 5004 1298 5058 τὸ
1327 5001 1478 5074 [542]
1509 5002 1746 5073 τηρῆσαι
1795 5003 2030 5057 σπουδά-

368 5093 474 5156 ζει.
531 5093 904 5166 Ἐθεώρησας;
959 5092 1201 5161 εἰργάσω
1251 5090 1626 5162 παρανομίαν;
1685 5089 2030 5161 αἰχμάλωτος

369 5181 554 5247 ἐγένου
607 5182 706 5250 τῆς
748 5176 986 5253 πόρνης;
1016 5171 1251 5250 κατέϐης
1278 5178 1382 5232 ἀπὸ
1423 5178 1516 5232 τοῦ
1544 5177 1813 5249 θεάτρου;
1867 5179 2028 5233 πάλιν

431 5389 458 5419 ⁸
485 5388 566 5438 Sic
586 5388 737 5438 Savil.
771 5393 952 5440 melius
975 5403 1120 5454 quam
1152 5390 1324 5440 Morel.
1354 5390 1387 5438 ἀ
1444 5388 1593 5444 ωσίας
1617 5387 1870 5450 ἀναίρεσις.

431 5444 458 5488 δ
483 5450 565 5498 Sic
595 5451 744 5498 Savil.
773 5452 946 5500 Morel.
969 5467 1086 5500 vero
1103 5453 1366 5500 ἐπιμελείας
1386 5406 1674 5500 ἓτολύοιιεν.
1689 5454 1870 5498 minus:

428 5444 458 5516 ξ’
483 5450 565 5516 _S_ic
595 5451 744 5516 Savjl.
773 5452 946 5516 Morel.
969 5444 1086 5516 v'ero
1103 5453 1366 5516 ἐπιμελείας
1389 5444 1674 5516 ἀπολύομεν,
1689 5444 1848 5516 m'imps
1866 5456 2025 5500 recte.

431 5513 454 5541 °
481 5511 611 5576 Hinc,
632 5511 772 5576 τοῦτο
793 5514 883 5576 καί
901 5515 947 5560 έν
978 5515 1088 5576 ἡμῖν
1118 5511 1346 5576 ποιῶμεν,
1380 5511 1560 5574 quibus
1579 5511 1842 5560 sententia
1879 5517 2028 5573 perli-

365 5571 513 5636 cimr,
534 5573 674 5623 nobis
699 5571 1027 5636 suppeditavii
1054 5571 1280 5624 Saviliué.
1305 5571 1438 5636 Εοιςίι.
1506 5635 1513 5636 ί
1567 5629 1571 5633 η

429 5635 456 5675 δ
480 5636 628 5700 δανίί.
653 5634 969 5700 φιλανθρωπία
992 5637 1343 5700 ἀπεριόριοτος,
1369 5635 1538 5700 Mog-el.
1567 5647 1683 5700 {ego
1708 5634 2028 5700 φιλανθρωπία

366 5697 572 5761 ἀφατοςλ
588 5695 715 5761 Βεξζζζ
735 5695 845 5761 ροεῐ
867 5695 1183 5761 φιλανθρωπία
1229 5695 1346 5761 nihjl
1381 5695 1548 5761 habet.
1572 5695 1703 5746 Infra
1720 5695 1851 5746 ‘vero
1875 5695 2022 5748 Savil.

365 5769 397 5823 ἡ
413 5756 469 5808 ’δὲ
491 5757 576 5808 τοῦ
598 5756 720 5808 Θεοῦ
735 5756 1062 5818 ’φιλανθρωπία
1084 5759 1252 5824 μέτρον
1272 5756 1362 5806 οὐκ
1383 5756 1497 5818 lx“.

1156 333 1214 390 S.
1254 331 1539 390 JOANNIS
1576 331 2080 390 CHRYSOSTOMI
2113 335 2429 391 ARCHIEP.
2467 334 3009 392 CONSTANTlNOP.

2149 449 2451 523 ἐμνήσθηςς
2486 450 2797 522 ᾐσχύνθηςς
2843 449 3128 522 πρόσελθε.
3176 439 3514 523 Ἐλυπήθης;
3561 452 3827 522 παρακά-

2147 536 2300 591 λεσον
2333 539 2422 592 τὸν
2452 538 2583 592 Θεόν
2602 555 2619 571 ·
2645 539 2875 608 ἀνέστης
2902 538 3063 609 μέχρι
3087 549 3110 576 ο
3131 537 3342 594 τούτου.
3362 538 3498 592 Ούαί
3519 555 3627 608 μοι,
3646 539 3826 610 ἠκου-

2149 643 2234 691 σα,
2268 628 2363 680 καὶ
2389 629 2488 681 οὐκ
2507 629 2777 698 ἐτήρησα·
2814 627 2932 690 πῶς
2975 626 3202 680 εἰσέλθω
3233 627 3315 689 είς
3348 625 3447 696 τὴν
3474 626 3771 698 ἐκκλησίαν
3803 644 3822 692 ς

2146 716 2264 781 πῶς
2298 717 2457 772 πάλιν
2480 717 2728 780 ἀκούσω;
2762 715 2978 770 Μᾶλλον
3010 714 3235 778 εἴσελθε,
3273 714 3463 786 ἐπειδὴ
3493 716 3593 768 ούκ
3617 717 3825 786 ἐτήρη-

2148 820 2265 869 σας,
2292 804 2379 857 ἵνα
2405 803 2563 858 πάλιν
2591 802 2828 866 ἀκούσας
2855 805 3123 874 τηρήσῃς.
3177 803 3474 874 Φάρμακον
3513 803 3611 856 ἐὰν
3649 803 3824 875 ἐπιθῇ

2147 909 2228 946 σοι
2258 893 2286 945 ό
2318 892 2521 962 ἰατρὸς,
2555 893 2651 946 καὶ
2697 891 2770 961 μὴ
2825 890 3096 961 καθαρίσῃ
3147 907 3227 955 σε,
3281 891 3447 961 ἀλλην
3472 890 3688 962 ἡμέραν
3709 891 3828 944 οὐκ

2145 979 2452 1050 ἐπιτίθησιν
2479 979 2610 1032 αὐτὸ
2662 977 2855 1042 πάλιν;
2900 978 3055 1030 Ἐστι
3104 993 3190 1040 τις
3237 977 3527 1047 δρυοτόμος
3554 995 3569 1009 ·
3611 979 3832 1032 θελέτω

2142 1065 2360 1136 τέμνειν
2392 1064 2541 1133 δρῦν,
2571 1063 2835 1135 λαμϐάνει
2855 1061 3043 1132 ἀξίνην
3070 1102 3085 1126 ,
3119 1062 3308 1116 κόπτει
3339 1063 3439 1134 τὴν
3486 1062 3670 1134 ρίζαν·
3717 1065 3832 1119 ἐὰν

2142 1153 2218 1224 δῷ
2253 1153 2380 1224 μίαν
2414 1152 2649 1224 πληγὴν,
2683 1151 2779 1205 καὶ
2829 1150 2905 1222 μὴ
2936 1151 3075 1224 πέσῃ
3115 1151 3178 1203 τδ
3207 1152 3454 1220 ἄκαρπον
3481 1151 3720 1222 δένδρον,
3751 1154 3831 1206 οὗ

2143 1241 2356 1295 δίδωσιν
2383 1240 2548 1312 ἀλλην
2575 1239 2787 1309 πληγὴν
2811 1278 2827 1301 ,
2866 1240 2926 1292 ού
2970 1238 3070 1309 τὴν
3096 1238 3396 1310 τετάρτην,
3429 1240 3490 1292 οὐ
3540 1241 3639 1311 τὴν
3668 1240 3832 1310 πέμ-

2145 1345 2307 1400 πτην,
2338 1329 2399 1383 οὑ
2428 1328 2525 1396 τὴν
2554 1327 2814 1398 δεκάτην;
2851 1325 3008 1380 οὓτω
3034 1327 3130 1380 καὶ
3161 1327 3224 1379 σὺ
3279 1327 3421 1379 ποίει
3441 1342 3453 1354 ·
3486 1326 3618 1395 δρῦς
3665 1329 3834 1380 ἐστιν

2145 1416 2378 1486 ήπόρνη
2417 1415 2462 1480 ί,
2499 1415 2744 1486 ἄκαρπον
2771 1413 3012 1484 δένδρον,
3045 1412 3306 1482 βαλάνους
3349 1415 3657 1485 ἐκφέρουσα
3699 1415 3835 1484 χοί-

2149 1519 2256 1575 ρων
2303 1503 2512 1570 ἀλόγων
2565 1506 2800 1574 τροφήν·
2834 1503 2891 1553 ἐν
2923 1500 3102 1572 πολλῷ
3130 1501 3307 1572 χρόνῳ
3354 1501 3622 1573 ἒρῤιξώθη
3654 1503 3714 1554 ὲν
3748 1506 3830 1574 τῇ

2143 1591 2351 1661 διανοίᾳ
2381 1607 2495 1656 σου,
2526 1591 2584 1642 ἐν
2617 1592 2684 1660 τῇ
2713 1588 2971 1660 περιϐολῇ
2996 1588 3105 1642 τῶν
3135 1589 3368 1660 δένδρων
3415 1588 3681 1642 κατέϐαλέ
3714 1607 3832 1644 σου

2143 1677 2205 1729 τὸ
2251 1678 2516 1740 συνειδός·
2548 1678 2576 1728 ό
2611 1675 2766 1742 λόγος
2799 1693 2898 1744 μου
2939 1675 3097 1744 ἀξίνη
3131 1674 3297 1730 ἐστίν.
3350 1676 3624 1737 Ἤκουσας
3686 1677 3835 1743 μίαν

2143 1761 2354 1834 ἡμέραν
2372 1780 2385 1793 ·
2405 1763 2522 1825 πῶς
2546 1762 2626 1824 εἰς
2657 1761 2787 1831 μίαν
2815 1759 3025 1830 ἡμέραν
3051 1762 3076 1800 ⁸
3100 1761 3289 1813 πίπτει
3314 1763 3346 1830 ή
3376 1760 3614 1830 τοσούτῳ
3634 1763 3834 1832 χρόνῳ

2142 1848 2516 1921 ἐρριζωμένη;
2565 1849 2691 1902 Ἐάν
2715 1849 2824 1919 γὰρ
2851 1849 2953 1911 δὶς,
2985 1847 3079 1900 ἐάν
3104 1847 3213 1918 γὰρ
3244 1848 3386 1919 τρὶς,
3427 1848 3520 1901 ἐάν
3550 1848 3659 1919 7&9
3681 1851 3835 1902 ἐκα-

2143 1937 2412 1999 τοντάκις,
2453 1937 2548 1990 ἐὰν
2575 1935 2684 2006 7&9
2721 1935 3001 2006 μυριάκις,
3036 1935 3136 1988 οὐκ
3171 1935 3286 1988 ἐστι
3328 1935 3642 2006 θαυμαστόν
3664 1953 3680 1967 ·
3717 1939 3832 2006 μό⁴

2141 2040 2230 2077 νον
2270 2023 2496 2093 ἐκκοψον
2541 2025 2775 2094 πρᾶγμα
2817 2022 3052 2094 πονηρὸν
3108 2023 3198 2077 καὶ
3247 2023 3486 2094 ἰσχυρὸν,
3519 2023 3832 2094 συνήθειαν

2142 2112 2404 2183 πονηράν.
2432 2113 2621 2166 Μάννα
2655 2112 2840 2182 ἤσθιον
2871 2114 2920 2164 οἰ
2967 2112 3230 2173 Ἰουδαῖοι,
3261 2112 3356 2165 καὶ
3381 2111 3642 2182 κρόμμυα
3677 2113 3829 2183 ἐξῆ·

2140 2215 2268 2252 τουν
2300 2200 2368 2253 τά
2397 2201 2455 2252 ἐν
2500 2199 2761 2270 Αἰγύπτῳ
2786 2216 2800 2232 ·
2839 2197 3049 2264 Καλῶς
3100 2195 3180 2268 ἦν
3210 2198 3353 2266 ἡμῖν
3390 2199 3461 2253 ἐν
3495 2200 3789 2267 Αἰγύπτῳ
3810 2217 3828 2231 ·

2141 2285 2314 2351 οὕτως
2347 2288 2571 2360 αἰσχρὸν
2596 2289 2826 2358 πρᾶγμα
2850 2286 3106 2357 συνήθεια
3127 2287 3220 2340 καὶ
3249 2285 3535 2340 κάκιστον.
3567 2286 3684 2340 Κᾶν
3700 2287 3828 2358 γὰρ

2141 2377 2222 2439 εἰς
2246 2375 2378 2430 δέκα
2402 2376 2612 2446 ἡμέρας
2649 2374 3019 2447 κατορθώσῃς,
3055 2375 3150 2427 ἐὰν
3179 2372 3286 2445 γὰρ
3341 2376 3421 2437 εἰς
3455 2373 3679 2437 εἴκοσιν,
3713 2375 3827 2428 ἐὰν

2141 2461 2250 2532 7&9
2275 2465 2354 2526 εἰς
2386 2463 2696 2533 τριάκοντα,
2743 2463 2842 2515 οὐκ
2888 2461 3106 2530 ἀγαπῶ,
3139 2463 3199 2514 οὐ
3221 2461 3380 2532 χάριν
3404 2461 3533 2532 ἔχω,
3561 2463 3620 2514 οὐ
3649 2478 3824 2531 περι-

2141 2551 2449 2621 πτύσσομαί
2480 2568 2538 2604 σε
2558 2567 2571 2580 ·
2603 2551 2762 2621 μόνον
2794 2549 2870 2622 μή
2899 2550 3215 2621 ἀποκάμῃς,
3251 2549 3386 2603 ἀλλά
3425 2549 3685 2620 αἰσχύνοι)
3712 2551 3827 2602 καὶ

2140 2640 2537 2707 καταγίνωσκε.

2213 2726 2257 2796 β’
2272 2765 2285 2780 .
2306 2726 2474 2781 Πάλιν
2491 2727 2769 2798 διελέχθην
2786 2745 2851 2779 πε
2859 2727 2912 2798 ρί
2931 2724 3173 2797 ἀγάπης·
3191 2726 3448 2797 ῆκουσας,
3462 2724 3702 2794 ἀπῆλθες
3716 2726 3827 2777 καὶ

2137 2814 2432 2884 ἣρπασαςς
2469 2814 2568 2866 οὐκ
2603 2813 2862 2880 ἐπεδείξω
2888 2813 2977 2866 διὰ
3012 2813 3121 2867 τῶν
3155 2812 3330 2884 ἔργων
3354 2811 3444 2864 τὸν
3481 2811 3683 2879 λόγον;
3713 2814 3824 2883 Μὴ

2140 2900 2434 2972 αἰσχυνθῇς
2461 2900 2621 2954 πάλιν
2651 2900 2910 2953 εἰσελθεῖν
2941 2901 3022 2966 εἰς
3050 2899 3148 2970 τὴν
3187 2898 3476 2969 ἐκκλησίαν
3495 2915 3510 2928 ·
3545 2899 3823 2968 αἰσχύνοιο

2141 2987 2489 3058 ἁμαρτάνων,
2520 2987 2593 3060 μὴ
2618 2987 2872 3056 αἰσχύνου
2903 2986 3198 3056 μετανοῶν.
3229 2985 3469 3056 Πρόσεχε
3498 2985 3553 3038 τί
3582 2987 3823 3056 ἐποίησέ

2143 3091 2226 3128 σοι
2253 3077 2282 3128 ό
2311 3075 2573 3138 διάϐολος.
2602 3075 2706 3128 Δύο
2725 3073 2895 3128 ταῦτά
2917 3076 3082 3136 ἐστιν,
3119 3074 3362 3144 ἁμαρτία
3398 3073 3490 3126 καὶ
3525 3073 3819 3142 μετάνοια·

2139 3163 2382 3235 ἁμαρτία
2423 3162 2643 3234 τραῦμα
2665 3201 2680 3227 ,
2719 3162 2974 3232 μετάνοια
3019 3161 3328 3232 φάρμακον.
3364 3161 3572 3231 Ὠσπερ
3605 3159 3720 3231 γάρ
3756 3164 3825 3213 ἰν

2139 3249 2217 3321 τῷ
2252 3249 2466 3320 σώματι
2501 3248 2790 3320 τραύματα
2841 3249 2934 3300 καὶ
2973 3248 3272 3319 φάρμακα·
3323 3245 3466 3299 οὕτω
3520 3246 3617 3298 καὶ
3639 3248 3702 3298 ἐν
3744 3250 3819 3315 τῇ

2137 3335 2281 3406 ψυχῇ
2323 3335 2695 3406 ἁμαρτήματα
2725 3335 2818 3387 καὶ
2852 3333 3140 3404 μετάνοια·
3191 3333 3306 3385 ἀλλ’
3351 3335 3384 3403 ή
3415 3333 3663 3402 ἁμαρτία
3707 3332 3823 3403 τὴν

2138 3422 2401 3493 αἰσχύνην
2435 3421 2570 3492 ἔχει,
2604 3424 2636 3493 ή
2671 3422 2728 3474 δέ
2750 3422 3006 3492 μετάνοια
3035 3421 3133 3476 τὴν
3168 3420 3479 3492 παρρησίαν
3519 3420 3818 3488 κέκτηται.

2138 3509 2380 3582 Πρόσεχέ
2411 3527 2502 3580 μοι
2537 3509 2672 3579 μετὰ
2691 3509 2996 3580 ἀκριϐείας,
3025 3506 3349 3579 παρακαλῶ,
3373 3507 3459 3559 ἴνα
3485 3507 3560 3576 μή
3585 3507 3686 3576 τὴν
3714 3507 3822 3560 τά-

2139 3593 2222 3662 ξιν
2256 3596 2500 3666 συγχέων
2524 3594 2796 3667 ἀπολέσῃς
2829 3593 2926 3665 τὴν
2957 3593 3225 3662 ὠφέλειαν
3279 3593 3432 3645 Ἔστι
3463 3590 3687 3662 τραῦμα
3711 3589 3821 3644 καὶ

2139 3685 2446 3754 φάρμακον.
2465 3683 2707 3752 ἁμαρτία
2736 3683 2828 3735 καὶ
2845 3681 3101 3752 μετάνοια
3121 3697 3134 3711 ·
3157 3681 3217 3732 τὸ
3236 3679 3458 3750 τραῦμα
3481 3681 3516 3748 ή
3538 3678 3817 3747 ἁμαρτία,

2135 3771 2198 3823 τδ
2222 3770 2509 3841 φάρμακον
2535 3771 2568 3840 ή
2598 3769 2881 3840 μετάνοια·
2917 3770 2978 3821 ἐν
3010 3766 3086 3835 τῷ
3115 3765 3386 3836 τραύματι
3416 3763 3664 3835 σηπεδὼν
3686 3803 3702 3826 ,
3753 3765 3820 3815 ἐν

2135 3857 2213 3928 τῷ
2244 3858 2518 3928 φαρμάκῳ
2551 3855 2888 3926 καθαρισμδς
2917 3853 3205 3925 σηπεδόνος
3223 3870 3234 3883 ·
3258 3855 3316 3904 ἐν
3339 3854 3404 3922 τῇ
3436 3850 3684 3921 ἁμαρτίᾳ
3708 3865 3822 3918 cm-

2136 3943 2335 4008 πεδὼν,
2367 3945 2425 3997 ἐν
2466 3946 2530 4015 τῇ
2559 3943 2802 4014 ἁμαρτίᾳ
2827 3941 3048 4005 δνειδος,
3070 3943 3128 3993 ἐν
3149 3943 3215 4010 τῇ
3239 3939 3481 4009 ἁμαρτίᾳ
3505 3937 3709 4004 γέλως·
3751 3939 3817 3988 ἐν

2135 4035 2200 4104 τῇ
2232 4032 2489 4103 μετανοίᾳ
2521 4031 2822 4103 παρρησία,
2856 4031 2912 4082 ἐν
2946 4031 3010 4099 τῇ
3038 4027 3293 4098 μετανοίᾳ
3313 4025 3616 4095 ἐλευθερία,
3653 4025 3812 4095 ὲντῇ

2137 4121 2394 4192 μετανοίᾳ
2418 4118 2756 4192 καθαρισμδς
2781 4117 3190 4187 ἁμαρτήματος.
3209 4115 3447 4185 Πρόσεχε
3477 4112 3618 4182 μετὰ
3640 4113 3814 4182 ἀκρι-

2135 4207 2306 4271 ϐείας.
2337 4209 2415 4278 Τῇ
2450 4206 2691 4277 ἁμαρτίᾳ
2710 4203 2937 4274 αἰσχύνη
2969 4204 3180 4264 ἕπεται,
3211 4205 3275 4272 τῇ
3308 4199 3563 4270 μετανοίᾳ
3583 4200 3815 4270 παρρηο

2137 4293 2226 4348 σία
2255 4294 2554 4350 ἀκολουθεῖ.
2578 4292 2884 4364 Προσέσχες
2912 4284 2956 4358 ᾧ
2989 4291 3130 4359 λέγω
3151 4307 3165 4354 ;
3192 4291 3302 4361 Τήν
3327 4287 3480 4352 τάξιν
3503 4289 3532 4340 ό
3553 4287 3814 4350 Σατανᾶς

2132 4381 2481 4452 ἀντέστρεφε,
2506 4379 2599 4432 καὶ
2627 4379 2790 4433 ἔδωκε
2819 4378 2916 4451 τὴν
2947 4378 3255 4449 παρρησίαν
3293 4378 3359 4447 τῇ
3389 4373 3658 4445 ἁμαρτίᾳ,
3709 4375 3814 4428 καὶ

2131 4470 2229 4540 τὴν
2262 4467 2517 4538 αἰσχύνην
2540 4470 2605 4537 τῇ
2632 4466 2905 4537 μετανοίᾳ.
2931 4465 3045 4517 Οὐκ
3071 4464 3374 4532 ἀφίσταμαι
3401 4461 3505 4522 ἓως
3533 4461 3806 4530 ἐσάρας,

2130 4555 2236 4619 ἕως
2263 4547 2324 4608 οὗ
2355 4554 2488 4608 αὐτὸ
2532 4553 2709 4607 λύσω·
2746 4553 2825 4606 δεί
2856 4569 2923 4624 με
2971 4551 3067 4623 τὴν
3121 4550 3412 4618 ὑπόσχεσιν
3469 4547 3769 4617 πληρῶσαι
3791 4562 3804 4578 ·

2131 4643 2412 4714 ἀμήχανόν
2443 4658 2511 4712 με
2540 4640 2860 4710 ἀποστῆναι.
2905 4640 3060 4691 Ἐστι
3091 4636 3312 4710 τραῦμα
3348 4635 3442 4688 καὶ
3467 4635 3768 4714 φάρμακον
3789 4654 3806 4669 ο

2127 4712 2193 4781 τδ
2239 4712 2461 4800 τραῦμα
2501 4726 2635 4798 ’τὴν
2691 4725 2962 4796 σηπεδόνα
3019 4723 3163 4796 εχει,
3237 4723 3295 4775 τὸ
3362 4722 3657 4791 φαρμάκον
3707 4712 3800 4765 τδι

2129 4815 2469 4886 καθαρισμὸν
2523 4815 2622 4885 τῆς
2678 4813 2970 4884 σηπεδόνος
3013 4813 3293 4881 κέκτηται.
3345 4809 3437 4879 Μὴ
3464 4808 3628 4879 ἐντῷ
3650 4807 3799 4880 [363]

2133 4903 2408 4974 φαρμάκῳ
2439 4899 2720 4971 σηπεδὼνς
2752 4901 2826 4971 μὴ
2851 4901 2908 4952 ἐν
2941 4898 3020 4968 τῷ
3047 4897 3319 4969 τραύματι
3357 4897 3499 4958 ἴασις
3523 4914 3536 4959 ;
3559 4896 3666 4949 οὐκ
3690 4897 3797 4964 ἔχει

2129 4987 2300 5041 ταῦτα
2326 4989 2424 5060 τὴν
2443 4989 2644 5042 οἰκείαν
2679 4987 2851 5052 τάξιν,
2886 4986 3112 5039 κάκεῖνα
3133 4985 3228 5054 τὴν
3261 4983 3494 5048 οἰκείαν;
3534 4983 3612 5053 μὴ
3637 4983 3794 5036 δύνα-

2129 5094 2219 5130 ται
2250 5076 2543 5148 μεταϐῆναι
2573 5075 2730 5128 τοῦτο
2766 5074 2900 5146 πρὸς
2933 5074 3130 5137 ἐκεῖνο,
3158 5072 3188 5141 ἢ
3229 5073 3402 5126 ἐκεῖνο
3430 5071 3568 5140 πρὸς
3606 5070 3790 5133 τοῦτο;

2131 5165 2412 5236 Οὐδαμῶς,
2453 5165 2737 5234 Ἕλθωμεν
2762 5163 2949 5216 λοιπὸν
2969 5163 3063 5216 ἐπὶ
3087 5159 3114 5198 δ
3138 5162 3236 5233 τῆς
3265 5161 3442 5231 ψυχῆς
3477 5161 3588 5212 τῶν
3615 5162 3794 5230 ἀμαρ-

2128 5254 2408 5324 τημάτων.
2446 5252 2510 5305 Ἥ
2535 5252 2778 5322 ἁμαρτία
2804 5253 2900 5321 τὴν
2926 5249 3186 5320 αἰσχύνην
3211 5249 3323 5318 ἔχει
3346 5289 3362 5312 ,
3391 5251 3424 5318 ή
3459 5249 3709 5318 ἁμαρτία
3734 5247 3793 5300 τὸ

2127 5340 2328 5402 ὄνειδος
2358 5339 2491 5408 ἔχει,
2527 5339 2620 5391 καὶ
2648 5337 2746 5408 τὴν
2777 5337 3000 5406 ἀτιμίαν
3035 5335 3566 5405 συγκεκληρωμένην
3587 5350 3602 5363 ·
3639 5335 3672 5404 ή
3700 5350 3796 5403 με-

2127 5427 2316 5481 τάνοια
2368 5426 2466 5495 τὴν
2500 5425 2810 5496 παρρησίαν
2837 5425 3035 5494 ἓχει,ή
3086 5423 3340 5493 μετάνοια
3391 5424 3490 5495 τήν
3537 5423 3800 5493 νηστείαν

2175 5585 2217 5637 ρ
2242 5574 2393 5625 Savil.
2437 5579 2489 5624 el
2511 5574 2632 5637 Beg.
2657 5575 2759 5622 ἀλλ’
2783 5576 2920 5631 εστης
2954 5573 3107 5636 μέχρι

2193 5636 2214 5675 ί
2241 5637 2388 5700 Savil.
2411 5639 2441 5694 ἡ
2461 5636 2668 5700 πορνεία.

2191 5700 2216 5766 ξ
2237 5701 2319 5766 _Sic
2344 5692 2454 5746 δαν.
2475 5692 2649 5766 μὸτει.
2674 5697 2853 5766 ήκορσε
2879 5695 2988 5758 μίαν
2998 5695 3207 5766 ςήμέραν,
3225 5693 3340 5764 πρὸς
3361 5692 3476 5766 μίαν

2179 5758 2219 5808 '0
2242 5759 2421 5811 Locum
2444 5758 2664 5824 vitiatum
2687 5761 2878 5824 Boisiu;
2900 5759 3182 5822 conjectura
3204 5758 3384 5807 sarcire
3411 5758 3605 5804 nititur;
