4062 6206
410 202 512 260 337

409 320 519 374 exit
547 320 702 388 ovis;
745 324 1017 396 ingressus
1046 343 1270 401 serpens
1296 374 1311 399 ,
1340 335 1617 405 egreditur
1654 352 1858 409 agnus;
1889 355 1995 395 non

411 420 613 468 mutata
641 425 829 471 natura
859 460 874 485 ,
906 420 999 475 sed
1026 421 1244 492 explosa
1292 427 1547 497 nequitia.
1591 428 1716 485 Ideo
1755 429 1995 502 frequen-

409 508 516 556 iem
542 503 611 558 de
638 506 954 574 paenitentia
984 527 1175 569 moveo
1214 530 1543 574 sermonem.
1584 520 1678 576 Est
1702 522 1846 578 enim
1889 538 1995 593 poe-

406 591 629 648 nitentia
655 637 671 662 ,
704 599 926 655 molesta
970 612 1023 657 et
1074 604 1426 665 formidabilis
1457 614 1720 681 peccatori
1739 654 1755 679 ,
1786 591 1992 672 medela

403 681 743 753 delictorum,
774 694 1107 762 consumptio
1137 696 1493 768 iniquitatem,
1518 700 1706 758 cﬁ‘usio
1730 703 1992 776 lacryma-

408 790 523 828 rum
555 817 572 842 ,
600 777 792 835 ﬁducia
821 783 960 853 apud
992 787 1175 853 Deum,
1194 799 1462 846 armatura
1488 804 1671 847 contra
1698 794 1987 864 diabolum,

399 863 609 933 gladius
632 869 748 938 ejus
769 884 926 942 caput
950 876 1269 934 abscindens
1298 924 1314 949 ,
1346 898 1469 952 spes
1494 885 1680 942 salutis
1701 928 1716 952 ,
1737 888 1989 959 despera-

399 954 560 1012 tionis
584 960 928 1031 protligatio‘.
966 966 1092 1023 Haec
1118 970 1305 1025 caelum
1331 974 1523 1042 aperit,
1547 975 1662 1031 haec
1684 978 1736 1032 in
1767 954 1979 1048 paradi-

397 1059 514 1101 sum
563 1048 872 1121 introducit,
918 1055 1034 1112 haec
1057 1059 1324 1116 diabolum
1352 1075 1569 1134 superat
1593 1067 1859 1140 (ideoque
1884 1071 1983 1127 hac

394 1139 461 1193 de
494 1154 553 1193 re
581 1139 888 1211 frequenter
927 1162 1228 1206 sermonem
1276 1156 1507 1228 moveo)
1542 1174 1555 1210 :
1586 1174 1705 1212 nam
1735 1159 1978 1217 fiduciam

397 1229 594 1286 inducit
617 1234 790 1303 ipsum
822 1253 978 1307 posse
1007 1245 1293 1311 prosterni.
1343 1247 1599 1305 Peccator
1640 1252 1738 1306 es?
1775 1269 1843 1308 ne
1885 1253 1981 1310 de-

390 1334 573 1388 speres
605 1339 620 1376 :
651 1339 756 1380 non
785 1326 974 1383 desino
1012 1347 1108 1387 vos
1136 1332 1333 1405 jugiter
1384 1336 1531 1394 hisce
1577 1341 1977 1401 medicamentis

388 1410 613 1468 allinere
642 1432 656 1468 :
686 1418 881 1472 etenim
929 1423 1053 1477 novi
1080 1435 1333 1492 quantum
1361 1438 1546 1484 contra
1590 1432 1858 1489 diabolum
1906 1436 1975 1491 sit

389 1500 554 1555 telum
584 1518 691 1559 non
722 1505 1034 1577 desperare.
1059 1512 1115 1568 Si
1144 1513 1197 1569 in
1218 1519 1449 1585 peccatis
1471 1520 1565 1587 sis,
1595 1537 1663 1577 ne
1683 1522 1967 1594 desperes:

386 1588 503 1646 hac
526 1591 738 1649 dicendi
767 1598 971 1654 nullum
1009 1601 1169 1659 finem
1206 1606 1342 1662 facio
1372 1625 1384 1661 :
1422 1609 1468 1664 si
1495 1612 1729 1680 quotidie
1758 1588 1965 1684 peccas,

383 1683 622 1751 quotidie
645 1689 1011 1756 paenitentiam
1041 1710 1171 1765 age:
1198 1707 1251 1752 et
1271 1699 1411 1768 quod
1439 1700 1490 1754 in
1513 1705 1735 1759 vetustis
1760 1683 1968 1762 a-dihus

382 1787 543 1842 agere
569 1775 821 1844 solemus,
855 1795 976 1836 cum
1015 1784 1342 1842 labefactata:
1392 1788 1625 1859 fuerint,
1668 1810 1786 1864 qua:
1822 1796 1967 1852 labe-

381 1860 575 1918 factata
617 1877 742 1921 sunt
764 1869 1056 1928 auferimus
1083 1917 1099 1942 ,
1130 1892 1196 1931 ac
1223 1893 1360 1937 nova
1386 1881 1751 1951 admovemus,
1794 1902 1966 1959 neque

382 1968 602 2024 usquam
632 1960 701 2014 ab
723 1963 935 2019 assidua
956 1981 1081 2021 cura
1111 1968 1454 2028 desistimus:
1484 1974 1767 2033 ltocietiam
1794 1980 1848 2034 in
1866 1996 1964 2034 no-

380 2044 461 2099 bis
483 2045 737 2106 faciamus
762 2054 805 2107 ⁸.
833 2054 890 2110 Si
916 2056 1243 2116 inveteratus
1270 2078 1330 2117 es
1375 2065 1533 2121 hodie
1560 2082 1589 2121 a
1620 2075 1858 2138 peccato,
1878 2086 1964 2127 re-

379 2150 515 2191 nova
544 2140 768 2211 teipsum
799 2160 897 2214 per
924 2150 1310 2216 paenitentiam.
1342 2153 1579 2224 Licetne,
1612 2159 1836 2229 inquies,
1868 2177 1963 2233 per

376 2228 743 2295 paenitentiam
810 2238 1035 2294 salutem
1072 2245 1371 2313 consequi?
1409 2246 1572 2303 Plane
1600 2228 1741 2307 licet.
1770 2228 1956 2311 Totam

375 2319 538 2375 vitam
586 2324 639 2378 in
687 2330 919 2397 peccatis
947 2334 1193 2403 contrivi,
1222 2346 1275 2391 et
1300 2338 1345 2392 si
1373 2341 1736 2408 paenitentiam
1763 2360 1956 2415 egero,

374 2412 553 2467 salvus
578 2418 714 2472 ero?
759 2419 984 2479 Prorsus
1027 2427 1155 2484 eris.
1193 2427 1250 2482 ld
1297 2431 1435 2486 unde
1484 2432 1686 2504 liquet?
1712 2412 1817 2491 Abi
1843 2438 1959 2508 ipsa

375 2503 586 2561 Domini
616 2509 688 2563 tui
734 2527 858 2583 erga
882 2514 1126 2573 homines
1155 2520 1498 2592 benignitate.
1538 2503 1677 2581 Num
1727 2544 1791 2583 ex
1836 2503 1956 2600 po:-

375 2599 597 2657 nitentia
648 2598 736 2655 tua
765 2618 920 2662 sumo
948 2607 1227 2666 ﬁduciam?
1255 2630 1379 2667 num
1408 2617 1717 2685 pteuitentia
1747 2598 1958 2690 tua—po-

372 2697 474 2743 test
504 2698 581 2743 tot
599 2692 908 2766 abstergere
934 2701 1112 2755 mala?
1132 2702 1273 2759 Sane
1311 2705 1355 2759 si
1381 2707 1687 2775 poenitentia
1727 2710 1837 2781 sola
1865 2726 1952 2767 es-

369 2787 467 2841 set,
489 2779 611 2847 jure
634 2782 885 2853 timeres;
916 2790 1009 2844 sed
1038 2793 1251 2861 quando
1277 2796 1608 2865 paenitentiae
1651 2807 1754 2855 tuae
1778 2779 1953 2857 admi-

369 2881 551 2924 scetur
574 2873 668 2928 Dei
708 2876 991 2935 clementia
1015 2922 1032 2947 ,
1068 2884 1299 2941 conﬁde.
1332 2887 1428 2942 Dei
1468 2890 1613 2944 enim
1654 2893 1953 2949 clementia:

368 2960 513 3014 nulla
539 2973 621 3017 est
646 2980 914 3035 mensura,
960 2986 1135 3040 neque
1174 2975 1290 3043 ejus
1326 2974 1536 3033 bonitas
1564 2981 1812 3049 explicari
1839 2999 1954 3039 ser-

368 3066 526 3110 mone
553 3065 743 3125 potest.
770 3059 902 3116 Nam
941 3063 1137 3119 malitia
1162 3067 1377 3136 quidem
1409 3078 1494 3124 tua
1526 3087 1827 3129 mensuram
1846 3075 1944 3131 ha-

366 3142 477 3209 bet,
508 3148 800 3204 remedium
829 3168 957 3208 vero
987 3171 1289 3213 mensuram
1339 3177 1443 3216 non
1488 3163 1688 3231 habet;
1743 3169 1940 3224 malitia

366 3244 476 3301 tua,
503 3240 906 3313 qualiscumque
950 3246 1048 3312 sit,
1076 3248 1305 3307 humana
1330 3263 1411 3309 est
1438 3256 1672 3323 malitia;
1702 3260 1795 3315 Dei
1821 3276 1949 3317 vero

362 3330 642 3387 clementia
684 3344 767 3389 est
807 3336 1146 3396 immensa‘:
1198 3344 1408 3400 conﬁde
1456 3347 1571 3403 fore
1609 3359 1667 3404 ut
1706 3366 1770 3406 ea
1801 3361 1946 3409 tuam

360 3423 539 3478 vincat
584 3427 860 3483 malitiam.
897 3430 1083 3503 Cogita
1131 3435 1261 3492 mihi
1302 3439 1585 3496 scintillam
1624 3443 1676 3497 in
1729 3446 1946 3517 pelagus

358 3513 637 3570 cadentem
686 3534 701 3572 :
761 3534 887 3575 num
939 3531 1115 3591 potest
1151 3527 1238 3581 illa
1291 3538 1469 3596 stare,
1515 3541 1608 3585 aut
1649 3513 1945 3603 apparere?

357 3603 568 3669 Quanta
593 3617 675 3663 est
700 3610 928 3666 scintilla
951 3628 1071 3669 cum
1100 3618 1287 3687 pelago
1319 3619 1528 3687 collata,
1560 3630 1700 3676 tanta
1722 3632 1805 3679 est
1825 3640 1942 3680 ma-

360 3695 473 3751 litia
499 3738 517 3762 ,
548 3701 592 3753 si
620 3715 744 3757 cum
784 3702 1106 3775 benignitate
1132 3708 1226 3764 Dei
1265 3722 1636 3781 comparetur;
1678 3716 1786 3772 imo
1811 3734 1942 3776 vero

358 3804 464 3843 non
496 3798 663 3857 tanta,
691 3794 787 3850 sed
831 3797 1007 3852 multo
1034 3800 1208 3869 major
1242 3801 1541 3873 benignitas
1568 3806 1676 3861 illa.
1718 3809 1941 3882 Pelagus

355 3880 521 3947 enim,
555 3898 806 3954 magnum
829 3888 957 3943 licet
980 3890 1069 3957 sit,
1093 3907 1399 3950 mensuram
1424 3897 1585 3953 habet
1602 3939 1620 3967 ,
1644 3880 1939 3971 benignitas

355 3983 485 4022 vero
520 3972 611 4027 Dei
630 3974 834 4030 nullum
861 3976 1019 4034 habet
1047 3983 1354 4039 terminum.

433 4057 566 4113 Vitia
594 4064 842 4131 paulatim
857 4069 1199 4125 erudirentur.
1224 4103 1295 4115 —
1317 4075 1440 4132 llzec
1460 4076 1603 4143 dico,
1632 4095 1736 4135 non
1760 4093 1817 4137 ut
1842 4099 1938 4139 vos

348 4150 624 4218 segniores
663 4155 903 4225 reddam,
943 4161 1037 4215 sed
1070 4170 1127 4216 ut
1163 4163 1526 4235 diligentiores
1553 4170 1801 4229 efﬁciam.
1828 4174 1937 4232 Vos

346 4256 494 4312 saepe
513 4247 694 4303 monui
721 4264 789 4304 ne
814 4250 867 4304 in
896 4252 1099 4308 theatra
1139 4259 1519 4317 ascenderetis.
1571 4266 1802 4335 Audisti,
1836 4285 1936 4326 nee

346 4348 551 4389 morem
572 4340 783 4407 gessisti
816 4343 903 4398 :in
929 4343 1203 4403 theatrum,
1221 4353 1528 4421 ascendisti,
1555 4360 1787 4413 sermoni
1812 4376 1933 4417 meo

346 4442 453 4481 non
494 4430 871 4502 obtemperasti
918 4454 1032 4492 :ne
1082 4449 1135 4496 te
1178 4443 1374 4510 pudeat
1414 4462 1596 4503 rursus
1621 4450 1847 4520 ingredi,
1877 4463 1933 4509 et

343 4518 549 4575 audire.
580 4523 791 4591 Audivi,
822 4541 920 4581 nec
957 4528 1259 4597 observavi,
1300 4536 1568 4603 quomodo
1604 4518 1819 4606 possum
1850 4542 1931 4596 in-

342 4612 537 4681 gredi?
560 4614 775 4670 Interim
803 4618 905 4674 hoc
931 4620 1103 4690 ipsum
1133 4624 1269 4678 nosti
1294 4664 1311 4690 ,
1344 4633 1395 4680 te
1422 4642 1527 4682 non
1563 4628 1879 4688 observasse
1910 4651 1925 4687 :

342 4701 557 4758 interim
588 4714 640 4760 te
668 4707 848 4776 pudet,
893 4710 1104 4765 interim
1133 4714 1437 4783 erubescis;
1471 4717 1684 4774 interim
1713 4724 1928 4779 nemine

338 4805 597 4864 arguente
664 4797 872 4855 frenum
919 4801 1271 4873 circumfers;
1346 4808 1557 4865 interim
1621 4827 1923 4871 sermonem

341 4901 518 4940 meum
560 4889 851 4946 radicatum
888 4894 1127 4961 habes‘,
1167 4912 1341 4968 neque
1377 4914 1481 4953 non
1529 4914 1793 4971 praesente
1823 4906 1923 4961 do-

339 4979 509 5033 ctrina
542 4994 659 5035 mea
688 4990 740 5037 te
762 4984 1023 5053 puriﬁcat.
1054 4986 1172 5041 Non
1205 4990 1522 5057 observasti,
1554 4994 1921 5051 condemnasti

339 5068 432 5120 te?
456 5084 521 5123 ex
549 5070 765 5126 dimidia
809 5084 959 5143 parte
984 5075 1296 5145 observasti,
1345 5081 1553 5136 etiamsi
1582 5098 1685 5137 non
1731 5085 1921 5141 obser-

338 5161 565 5226 vaveris,
592 5163 685 5217 sed
713 5163 913 5220 dixeris
939 5176 1162 5234 tantum,
1193 5185 1299 5226 non
1324 5172 1639 5232 observavi:
1668 5191 1791 5231 nam
1829 5179 1919 5249 qui

400 5315 686 5400 Earil.
732 5321 910 5373 melius
940 5337 1084 5388 quam
1101 5327 1266 5378 Morel.
1287 5365 1302 5388 ,
1325 5331 1409 5393 qui
1450 5331 1589 5395 legit,
1635 5334 1919 5400 δρηοναηιίω

466 5378 476 5386 .
567 5380 576 5388 .
957 5374 972 5388 .
1024 5374 1031 5375 κ
1102 5374 1107 5375 ν
1149 5374 1187 5376 -κ
1287 5374 1302 5388 ,
1329 5374 1409 5393 γ-
1450 5374 1589 5395 --ο-η
1635 5374 1817 5400 την...

333 5374 981 5532 Ργὲρίίῖἓὲιθίκῑοροῦίξξοηεω
1001 5447 1182 5532 adfigit
1201 5451 1342 5532 2savii.
1432 5467 1530 5532 nos.
1543 5469 1605 5506 ex
1630 5460 1819 5532 Savilio.

397 5500 591 5578 '“iicgn
608 5500 866 5578 cleth
886 5521 996 5578 vero
1030 5510 1126 5578 _Dei
1147 5521 1233 5563 est.
1282 5500 1916 5578 εὲγῖίξῖιᾶἦρνηῖέῖᾙιεικ

339 5570 526 5613 Domtm'
550 5576 821 5616 mensuram
844 5583 935 5619 non
957 5570 1113 5623 habet.

402 5626 435 5663 ‘~
459 5629 665 5679 Samius
688 5627 907 5693 addit,in
926 5641 1075 5685 ntente
1098 5642 1195 5685 tua.

1515 224 1604 279 DE
1652 223 2118 284 ΡίΕΝΙΤΕΝΤΙΑ.
2159 231 2386 292 HUMIL.
2431 239 2564 296 Vlll.

3587 260 3690 316 538

2100 345 2332 414 seipsnm
2360 353 2680 411 condemnat
2702 372 2770 413 eo
2794 362 2933 430 quod
2959 380 3063 421 non
3090 367 3492 436 observaverit,
3528 388 3592 429 co
3616 375 3693 431 fe-

2097 441 2263 494 stinat
2292 451 2350 496 ut
2376 444 2649 509 observet.
2684 455 3028 527 Respexisti?
3073 464 3402 536 iniquitatem
3433 483 3688 539 operatus

2096 530 2191 583 es?
2230 539 2527 594 meretricis
2571 546 2811 613 captivus
2855 548 3077 608 effectus
3128 530 3223 611 es?
3248 558 3574 618 descendisti
3618 563 3688 619 de

2098 620 2322 687 theatro,
2352 635 2403 682 et
2427 630 2619 687 iterum
2648 639 2960 696 recordatus
2986 644 3187 713 pudore
3215 649 3437 707 affectus
3461 654 3567 708 es?
3598 670 3688 709 ac-

2093 714 2242 770 cede.
2275 718 2501 778 Mmrore
2525 726 2745 784 aﬁ‘ectus
2771 732 2866 786 es?
2885 733 3121 792 Obsecra
3154 739 3319 796 Deum
3350 760 3363 796 :
3391 744 3672 818 hucusque

2091 813 2449 867 resurrexisti.
2485 817 2575 873 Va:
2597 821 2748 889 mihi,
2780 825 2959 881 audivi
2984 837 3038 883 et
3064 846 3169 885 non
3201 833 3519 904 observavi,
3547 857 3683 912 quo-

2088 899 2253 954 modo
2298 903 2348 956 in
2393 908 2674 965 ecclesiam
2725 915 3030 985 ingrediar?
3065 924 3335 991 quomodo
3376 943 3563 986 rursus
3589 947 3680 986 au-

2087 988 2226 1045 diam
2248 993 2273 1047 ?
2296 994 2406 1050 lmo
2428 998 2728 1070 ingredere,
2758 1008 2879 1076 quia
2911 1025 3016 1065 non
3048 1012 3369 1085 observasti,
3396 1028 3452 1073 ut
3494 1037 3682 1078 rursus

2085 1083 2341 1153 audiens,
2389 1090 2662 1149 observes.
2712 1098 3155 1160 Medicamentum
3208 1109 3253 1163 si
3303 1110 3395 1166 tibi
3441 1113 3681 1170 medicus

2083 1172 2343 1245 imponat,
2370 1196 2468 1236 nec
2497 1192 2547 1238 te
2574 1190 2861 1257 curaverit,
2895 1209 3073 1250 annon
3102 1197 3399 1269 insequenti
3440 1204 3527 1261 die
3554 1222 3675 1262 rur-

2081 1277 2170 1318 sus
2191 1273 2456 1337 apponet?
2482 1273 2536 1329 Si
2563 1278 2682 1345 quis
2708 1279 2963 1349 lignarius
3010 1303 3264 1357 quercum
3293 1294 3414 1348 velit
3444 1296 3675 1364 credere,

2078 1359 2305 1413 securim
2335 1364 2539 1434 arripit,
2566 1368 2753 1426 incidit
2780 1375 3053 1432 radicem:
3095 1381 3140 1435 si
3174 1398 3280 1437 uno
3307 1385 3416 1441 ictu
3444 1387 3673 1461 infragi-

2076 1449 2188 1503 fcra
2213 1451 2374 1506 arbor
2402 1470 2508 1510 non
2548 1458 2835 1531 deciderit,
2859 1480 3041 1523 annon
3067 1472 3213 1527 addit
3241 1476 3447 1533 alium?
3492 1449 3672 1541 annon

2072 1546 2319 1605 quartum
2338 1552 2391 1598 et
2416 1548 2692 1616 quintum?
2713 1568 2889 1611 annon
2902 1558 3205 1617 decimum?
3230 1565 3316 1621 Sic
3333 1576 3385 1622 ct
3406 1577 3461 1624 tu
3488 1568 3665 1630 facito.

2070 1627 2309 1693 Quercus
2366 1644 2448 1690 est
2484 1643 2735 1698 meretrix
2789 1648 2828 1713 ί,
2883 1650 3044 1705 arbor
3100 1652 3406 1727 infrugifcra
3441 1701 3455 1726 ,
3512 1663 3667 1736 glan-

2069 1717 2165 1775 des
2214 1725 2495 1791 proferens
2549 1732 2601 1785 in
2632 1736 2939 1795 alimoniam
2994 1758 3273 1812 porcorum
3325 1751 3668 1832 irrationabi-

2071 1809 2193 1832 IE--‘-
2354 1819 2390 1832 ι-
2457 1830 2463 1832 Α
2797 1831 2802 1832 ⁷

2069 1809 2199 1867 lium
2226 1819 2429 1875 :multo
2452 1830 2694 1895 tempore
2717 1831 2921 1887 radices
2951 1809 3126 1904 posuit
3157 1839 3207 1893 in
3243 1844 3421 1903 animo
3455 1826 3576 1916 tuo,
3612 1849 3664 1905 iu

2067 1905 2317 1964 arborum
2365 1914 2596 1971 ambitus
2623 1924 3003 1981 conscientiam
3052 1940 3197 1987 tuam
3225 1920 3456 2005 dcjccit‘:
3485 1956 3664 1997 sermo

2065 2012 2216 2056 meus
2256 2007 2458 2061 securis
2495 2020 2595 2064 est.
2637 2015 2846 2072 Audisti
2873 2019 2957 2075 die
2981 2038 3105 2079 uno.
3130 2026 3409 2095 Quomodo
3431 2032 3517 2088 die
3548 2051 3656 2090 uno

2063 2091 2254 2147 cadat'
2281 2104 2428 2183 tanto
2450 2102 2682 2159 radicata
2712 2114 2993 2180 tempore?
3025 2116 3078 2171 Si
3124 2091 3265 2172 enim
3313 2122 3394 2175 his
3414 2165 3428 2189 ,
3472 2124 3518 2179 si
3550 2137 3659 2192 ter,

2062 2181 2108 2236 si
2129 2187 2331 2242 centies
2359 2231 2375 2254 ,
2405 2180 2448 2246 ei
2477 2192 2657 2252 decies
2703 2201 2931 2271 millies,
2966 2206 3095 2261 nihil
3132 2210 3373 2267 mirabile
3396 2213 3572 2283 fuerit,
3604 2231 3659 2273 ut

2062 2290 2149 2331 res
2179 2280 2317 2335 mala
2363 2292 2416 2337 et
2447 2285 2594 2342 ﬁrma
2624 2330 2637 2354 ,
2667 2306 2827 2359 prava
2868 2301 3197 2355 consuetudo
3229 2343 3244 2365 ,
3291 2307 3652 2363 cxscindatur.

2060 2369 2249 2427 Manna
2288 2378 2637 2436 comedebant
2676 2382 2868 2452 Judaei,
2916 2399 2970 2445 et
3006 2406 3164 2463 cepas
3190 2395 3466 2469 {Egyptias
3489 2403 3655 2473 requi-

2059 2466 2249 2520 rcbant
2273 2484 2285 2519 :
2315 2467 2451 2525 Bene
2470 2474 2610 2529 nobis
2632 2488 2738 2531 erat
2759 2479 2811 2533 in
2834 2481 3064 2554 zEgypto
3096 2486 3280 2559 (Nam.
3355 2492 3374 2546 Ι
3388 2533 3402 2547 .
3420 2492 3508 2565 18)
3537 2466 3647 2549 εἶῑα

2061 2559 2230 2627 turpis
2247 2563 2581 2636 pessimaque
2598 2584 2684 2624 res
2706 2580 2791 2627 est
2820 2579 3171 2634 consuetudo.
3206 2582 3315 2637 Etsi
3349 2601 3443 2652 per
3468 2586 3653 2643 decem

2058 2645 2171 2702 dies
2198 2659 2341 2708 recte
2365 2658 2537 2725 egeris
2558 2701 2572 2723 ,
2600 2662 2642 2715 si
2676 2680 2768 2731 per
2786 2664 2988 2736 viginti,
3014 2671 3055 2724 si
3082 2688 3177 2741 per
3205 2675 3435 2745 triginta,
3465 2694 3569 2734 non
3602 2689 3654 2736 te

2057 2741 2314 2808 approbo,
2345 2760 2448 2800 non
2480 2749 2573 2803 tibi
2599 2756 2821 2822 gratiam
2856 2758 3047 2827 habeo,
3102 2779 3212 2819 non
3243 2741 3296 2821 te
3312 2770 3605 2839 amplector
3634 2790 3648 2826 :

2057 2835 2262 2896 tantum
2312 2850 2378 2889 ne
2403 2836 2637 2906 deﬁcias,
2668 2844 2762 2899 sed
2796 2855 2846 2900 te
2868 2850 3079 2917 pudeat,
3112 2854 3337 2924 teipsum
3368 2835 3645 2930 coarguas.

2128 2920 2182 2975 2.
2209 2923 2437 2984 Rursum
2459 2931 2526 2987 de
2558 2937 2779 2992 caritate
2815 2939 3077 2999 disserui:
3106 2920 3335 3015 audisti,
3361 2920 3559 3022 abiisti,
3588 2964 3644 3010 et

2054 3014 2318 3081 rapuisti?
2354 3024 2606 3091 operibus
2642 3029 2863 3085 verbum
2923 3050 3028 3089 non
3080 3037 3402 3096 exhibuisti?
3450 3014 3647 3100 Ne'ta—

2054 3122 2176 3166 men
2216 3122 2267 3166 te
2297 3114 2494 3183 pudeat
2523 3134 2735 3175 rursum
2787 3123 2991 3193 ingredi
3034 3127 3084 3182 in
3112 3131 3393 3187 ecclesiam
3427 3151 3441 3187 :
3468 3143 3519 3190 te
3545 3151 3643 3205 pu-

2052 3200 2174 3255 deat
2198 3206 2423 3272 peccati,
2450 3222 2554 3262 non
2585 3219 2636 3264 te
2666 3211 2858 3280 pudeat
2888 3218 3232 3285 pmnitentim.
3261 3223 3489 3279 Attende
3515 3200 3641 3295 quid

2053 3291 2147 3345 tibi
2167 3291 2351 3349 fecerit
2374 3295 2637 3353 diabolus.
2674 3301 2788 3357 Duo
2815 3314 2938 3360 sunt
2967 3307 3099 3375 haec,
3133 3324 3408 3378 peccatum
3440 3324 3496 3369 et
3524 3291 3643 3386 pm-

2051 3382 2275 3438 nitentia
2303 3404 2317 3439 :
2352 3396 2628 3456 peccatum
2655 3402 2734 3447 est
2761 3395 2973 3459 vulnus,
3018 3400 3329 3468 pmnitentia
3366 3419 3498 3459 vero
3518 3421 3638 3461 me-

2048 3474 2187 3530 dela.
2217 3477 2675 3547 Quemadmodum
2725 3486 2867 3539 enim
2911 3487 3219 3559 incorpore
3263 3503 3388 3549 sunt
3414 3495 3638 3554 medela:

2046 3574 2101 3619 et
2124 3566 2345 3622 vulnera
2392 3571 2509 3625 :sic
2533 3573 2663 3627 etin
2705 3575 2881 3629 anima
2931 3590 3149 3647 peccata
3180 3590 3235 3636 et
3283 3587 3635 3655 poanitentia;

2047 3657 2140 3712 sed
2174 3668 2448 3727 peccatum
2477 3662 2733 3730 pudorem
2767 3665 2945 3733 habet,
2994 3670 3305 3738 poenitentia
3345 3690 3475 3730 vero
3496 3678 3634 3734 ﬁdu-

2047 3748 2183 3801 ciam
2214 3749 2437 3806 obtinet.
2463 3754 2711 3821 Attende,
2736 3772 2936 3826 quaeso,
2972 3761 3099 3815 mihi
3121 3763 3424 3835 diligenter,
3454 3784 3521 3824 ne
3542 3786 3633 3825 or-

2046 3840 2225 3895 dinem
2275 3843 2611 3900 confundens
2650 3848 2931 3904 utilitatem
2983 3852 3193 3922 perdas.
3227 3856 3322 3911 Est
3358 3858 3549 3915 vulnus
3577 3874 3631 3917 et

2043 3931 2360 4000 remedium,
2393 3946 2666 4003 peccatum
2683 3946 2737 3993 et
2758 3941 3107 4010 ptenitentia:
3137 3945 3325 4000 vulnus
3342 3959 3424 4004 est
3446 3965 3630 4019 pecca-

2047 4031 2179 4088 tum,
2208 4024 2502 4080 remedium
2533 4029 2842 4096 paaniteutia
2871 4049 2886 4085 :
2914 4033 2965 4085 in
2994 4034 3214 4090 vulnere
3243 4039 3441 4105 sanies,
3466 4041 3519 4095 in
3536 4057 3627 4097 re-

2040 4113 2218 4167 medio
2247 4117 2560 4187 expurgatio
2588 4119 2754 4175 saniei
2789 4140 2803 4175 :
2834 4121 2885 4176 in
2914 4134 3133 4192 peccato
3170 4128 3368 4194 sanies,
3416 4131 3469 4184 in
3499 4146 3625 4200 pec-

2041 4214 2159 4259 cato
2184 4206 2462 4275 probrum,
2488 4209 2541 4263 in
2566 4222 2788 4280 peccato
2808 4213 2946 4269 risus
2972 4233 2985 4269 :
3008 4216 3060 4269 in
3079 4218 3386 4287 pmnitentia
3412 4220 3626 4293 ﬁducia,

2040 4296 2092 4350 in
2121 4299 2431 4367 poenitentia
2454 4300 2691 4369 libertas,
2721 4305 2772 4358 in
2794 4309 3103 4374 pmnitentia
3136 4314 3378 4382 purgatio
3400 4317 3627 4381 peccati.

2037 4390 2269 4446 Attende
2323 4392 2622 4463 diligenter.
2667 4395 2948 4452 Peccatum
2998 4399 3203 4469 pudor,
3257 4403 3627 4472 posinitentiam

2038 4482 2227 4538 ﬁducia
2255 4488 2515 4555 sequitur.
2539 4488 2977 4546 Animadvertisti
3004 4494 3146 4562 quod
3175 4494 3341 4550 dico?
3368 4497 3625 4555 Ordinem

2036 4574 2253 4628 invertit
2273 4586 2506 4644 satanas,
2530 4578 2780 4650 deditque
2811 4592 3029 4651 peccato
3056 4586 3432 4643 conﬁdentiam
3454 4630 3468 4654 ,
3502 4604 3619 4659 pm-

2036 4665 2270 4719 nitentia:
2305 4666 2583 4736 pudorem.
2626 4669 2740 4725 Non
2766 4672 3004 4735 desinam
3035 4692 3203 4745 usque
3229 4677 3295 4731 ad
3319 4694 3616 4748 vesperam,

2031 4754 2202 4811 donec
2229 4756 2358 4811 illud
2397 4759 2651 4815 solvero:
2698 4763 3014 4830 promissum
3064 4767 3311 4836 impleam
3360 4778 3619 4837 Oportet:

2032 4860 2138 4901 non
2168 4862 2382 4916 possum
2405 4850 2685 4907 absistere.
2721 4852 3026 4919 Estvulnus
3052 4868 3104 4912 et
3128 4858 3422 4913 remedium
3457 4877 3470 4913 :
3504 4863 3619 4915 vul.
3692 4935 3699 4940 _

2031 4952 2132 4992 nus
2157 4939 2359 4993 saniem
2393 4940 2581 5007 habet,
2612 4944 2906 4999 remedium
2934 4948 3097 5001 sanici
3122 4949 3488 5017 purgationem
3517 4950 3609 5006 ob-

2030 5030 2180 5085 tinet.
2194 5030 2329 5085 Num
2356 5033 2406 5085 iu
2421 5035 2658 5090 remedio
2675 5038 2889 5092 sanies?
2909 5055 3030 5093 num
3049 5041 3099 5094 in
3125 5041 3340 5096 vulnere
3364 5042 3569 5099 medela
3592 5045 3605 5099 l

2029 5138 2205 5177 annon
2235 5135 2287 5179 et
2313 5125 2427 5180 hare
2451 5136 2503 5181 et
2544 5128 2631 5183 illa
2662 5131 2930 5200 preprium
2978 5140 3159 5187 tenent
3183 5133 3461 5190 ordinem?
3483 5154 3613 5194 num

2026 5225 2200 5285 potest
2230 5216 2328 5271 hoc
2356 5218 2598 5286 ad‘illud,
2625 5221 2751 5275 illud
2778 5221 2843 5275 ad
2871 5221 2973 5277 hoc
3017 5224 3429 5282 transcendere?
3453 5227 3612 5285 Nullo

2023 5306 2201 5361 modo.
2254 5308 2369 5363 Jatn
2412 5310 2682 5365 veniamus
2698 5312 2764 5365 ad
2797 5313 3026 5367 animam
3069 5316 3297 5384 peccatis
3340 5328 3609 5375 onustam.

2024 5399 2304 5455 Peccatum
2338 5403 2609 5472 probrum,
2648 5415 2917 5473 peccatum
2951 5408 3203 5476 pudorem
3230 5409 3608 5479 ignominiam-

2023 5508 2125 5563 que
2152 5494 2371 5547 sortitur
2404 5512 2417 5549 :
2454 5494 2759 5563 poenitentia
2808 5496 3052 5553 ﬁduciam
3081 5498 3261 5570 habet,
3296 5505 3603 5573 paenitentia

2087 5588 2103 5651 ξ
2140 5593 2190 5636 tn
2206 5587 2367 5651 savil.,
2387 5587 2653 5651 fornicati),
2681 5600 2785 5651 pro,
2813 5591 3062 5642 meretrir.

2085 5650 2104 5679 ’
2139 5649 2325 5711 Μοίρι,
2357 5648 2533 5701 mdit‘t't
2558 5650 2637 5703 die
2657 5648 2779 5717 um,-
2799 5653 2925 5706 intra
2952 5667 3098 5706 unum
3125 5656 3252 5712 diem
3278 5659 3487 5719 raderet,
3510 5663 3604 5709 etc.
