4062 6206
398 228 508 287 3'59

403 339 686 411 jejunium,
739 337 1047 408 pmnitentia
1074 337 1334 407 justitiam
1363 336 1568 393 obtinet
1593 353 1607 391 :
1638 334 1733 389 Dic
1766 334 1907 391 enim
1935 344 1988 387 tu

405 432 692 499 iniquitates
714 440 826 484 tuas
848 430 1060 500 primus,
1080 429 1440 501 utjustiﬁceris
1470 426 1623 499 (Isai.
1645 426 1733 481 45.
1753 425 1843 481 25.
1860 424 1985 497 Ωδμ

404 531 477 584 et,
507 520 689 576 Justus
714 522 765 575 in
785 522 1032 591 principio
1052 520 1296 575 sermonis
1317 528 1580 574 accusator
1605 526 1677 572 est
1694 518 1770 571 sui
1789 516 1807 583 (
1828 513 1984 570 Prov.

404 615 490 670 18.
527 613 652 687 17).
671 613 804 670 Cum
836 615 994 684 igitur
1013 613 1146 669 sciat
1173 621 1404 676 satanas,
1436 610 1576 681 quod
1601 617 1874 678 peccatum
1904 621 1990 662 se-

400 715 596 778 quatur
637 707 829 777 pudor,
857 706 945 776 qui
976 705 1142 776 possit
1168 713 1502 775 peccatorem
1529 701 1834 765 deterrere;
1867 714 1987 769 pae-

400 798 622 854 nitentia
662 811 790 852 vero
815 796 1059 850 fiduciam
1095 793 1320 859 habeat,
1369 806 1489 863 qure
1515 791 1683 861 possit
1726 788 1986 859 panitet:-

410 886 536 941 tiam
566 888 779 943 allicere
810 906 822 941 :
856 887 1096 943 ordinem
1124 885 1358 948 invertit,
1386 882 1636 952 deditque
1661 880 1987 950 pcenitentiac

408 976 685 1047 pudorem,
721 987 937 1047 peccato
969 976 1236 1031 fiduciam.
1267 974 1543 1031 Undenam
1591 972 1641 1027 id
1670 972 1868 1041 liquet?
1889 985 1988 1040 ego

406 1067 601 1123 dicam.
636 1069 853 1139 Capitur
898 1071 1018 1141 quis
1058 1068 1265 1124 ardenti
1291 1066 1715 1137 concupiscentia
1764 1064 1988 1134 publica:

408 1160 741 1227 meretricis;
785 1165 1119 1217 meretricem
1172 1160 1261 1215 ille
1304 1174 1403 1214 ceu
1446 1158 1683 1228 captivus
1703 1155 1943 1225 sequitur
1968 1194 1985 1218 ,

408 1252 460 1306 in
492 1253 839 1321 prostibulum
862 1254 1185 1324 ingreditur;
1213 1252 1361 1308 nullo
1386 1253 1609 1321 pudore,
1627 1250 1822 1305 rubore
1845 1249 1989 1303 nullo

405 1342 627 1399 affectus
642 1359 763 1400 cum
790 1346 1070 1400 meretrice
1095 1342 1453 1414 congreditur,
1487 1352 1867 1413 peccatumque
1890 1340 1987 1395 ad-

407 1437 564 1490 mittit
607 1454 622 1491 :
680 1446 799 1507 post
844 1437 1133 1493 admissum
1184 1444 1459 1507 peccatum
1513 1436 1653 1490 illinc
1697 1433 1987 1504 egreditur:

406 1538 461 1584 et
501 1529 569 1584 de
623 1531 930 1600 paenitentia
976 1530 1177 1602 agenda
1223 1529 1506 1585 erubescit.
1561 1527 1737 1592 Miser,
1778 1524 1991 1595 quando

407 1634 529 1675 cum
554 1623 832 1678 meretrice
874 1622 1325 1693 congrediebaris,
1372 1637 1477 1677 non
1521 1619 1904 1681 erubescebas;
1936 1626 1992 1672 at

407 1727 527 1765 cunt
558 1712 622 1766 ad
656 1713 1020 1782 paenitentiam
1060 1712 1292 1779 accedis,
1323 1721 1449 1767 tunc
1475 1711 1782 1767 erubesris?
1823 1709 1992 1764 Pudet

408 1817 529 1856 eum
555 1844 569 1867 ,
602 1803 687 1859 dic
729 1804 883 1859 mihi.
913 1804 1090 1870 Quare
1116 1818 1234 1857 cum
1262 1802 1611 1857 fornicaretur
1656 1815 1762 1854 non
1790 1799 1991 1869 pudore

409 1893 772 1949 afﬁciebatur?
798 1895 1002 1951 facinus
1032 1903 1319 1965 perpetrat,
1346 1903 1400 1949 et
1428 1908 1535 1947 non
1583 1892 1786 1962 pudore
1816 1890 1989 1946 affici-

411 1995 518 2049 tur,
551 1985 696 2040 etde
731 1986 893 2040 verbo
937 1985 1247 2041 erubescit?
1296 1984 1498 2040 Diaboli
1543 1985 1735 2038 astutia
1779 1992 1880 2037 est.
1933 1981 1990 2037 In

410 2086 628 2147 peccato
649 2093 753 2132 non
775 2078 902 2132 sinit
927 2092 1046 2131 eum
1076 2076 1414 2141 erubescere,
1456 2074 1552 2130 sed
1598 2075 1805 2146 publice
1832 2075 1990 2129 inno-

412 2178 617 2223 tescere
644 2168 808 2235 sinit;
850 2169 950 2223 scit
978 2168 1121 2222 enim
1151 2167 1265 2224 fore
1308 2167 1436 2223 utsi
1479 2167 1679 2238 pudore
1708 2166 1989 2233 afficiatur,

400 2268 685 2330 peccatum
711 2258 876 2328 fugiat
903 2277 918 2313 :
952 2259 1003 2313 in
1027 2258 1331 2328 poenitentia
1352 2273 1478 2313 vero
1499 2258 1815 2313 erubescere
1832 2256 1989 2322 facit;

410 2351 556 2406 novit
576 2352 716 2407 enim
746 2367 868 2406 eum
892 2368 999 2422 pra:
1017 2352 1219 2421 pudore
1239 2351 1601 2422 paenitentiam
1625 2366 1729 2405 non
1746 2359 1991 2405 acturum

412 2458 549 2499 esse.
587 2444 700 2498 Duo
724 2443 861 2497 mala
886 2443 1011 2501 facit
1035 2485 1050 2507 ,
1097 2442 1163 2497 ad
1194 2452 1466 2513 peccatum
1511 2442 1730 2512 pellicit,
1760 2451 1994 2510 etapce-

411 2534 626 2589 nitentia
658 2544 820 2590 arcet.
850 2534 957 2592 Cur
987 2543 1037 2589 te
1063 2535 1172 2605 jam
1204 2534 1400 2604 pudet?
1443 2532 1575 2588 Cum
1627 2533 1989 2600 fornicareris,

392 2633 515 2680 'non
568 2625 958 2692 erubescebas;
988 2642 1107 2680 cum
1153 2626 1448 2680 remedium
1496 2626 1767 2693 admoves,
1794 2624 1993 2693 pudore

413 2716 771 2771 suffunderis?
817 2732 938 2770 cum
985 2718 1209 2786 teipsum
1250 2731 1280 2768 a
1320 2725 1537 2786 peccato
1562 2717 1773 2777 liberas,
1803 2715 1996 2771 erube-

418 2807 548 2860 scis?
579 2806 729 2863 Tunc
756 2807 1073 2862 erubescere
1100 2807 1332 2862 debebas
1352 2848 1367 2872 ,
1394 2816 1519 2861 tunc
1558 2806 1813 2877 pudefieri
1833 2820 1994 2876 opor-

413 2897 578 2965 lebat,
607 2913 725 2953 cum
759 2913 1024 2969 peccares.
1048 2897 1180 2953 Cum
1206 2908 1456 2970 peccator
1475 2898 1651 2961 lieres,
1683 2912 1786 2951 non
1806 2896 1997 2952 erube-

415 2990 632 3054 scebas;
661 3004 780 3044 cum
801 2990 976 3059 justus
1004 2989 1251 3057 efficeris,
1279 2989 1588 3045 erubescis?
1612 2989 1709 3043 Dic
1736 2998 1788 3042 tu
1812 2989 1997 3058 iniqui-

419 3089 543 3133 tates
571 3091 681 3134 tuas
727 3082 918 3151 primus
942 3124 956 3149 ,
1004 3091 1058 3135 ut
1074 3083 1372 3153 justiﬁceris
1399 3081 1549 3151 (Isai.
1602 3083 1691 3139 45.
1740 3082 1828 3139 25.
1857 3081 1928 3136 26

417 3170 532 3227 Non
558 3171 708 3237 dixit,
739 3181 797 3226 ut
824 3187 929 3226 non
956 3173 1205 3241 plectaris
1229 3174 1521 3244 supplicio;
1564 3173 1680 3239 sed,
1716 3172 1782 3228 Ut
1802 3173 1999 3241 justiﬁ-

418 3261 555 3315 reris.
611 3264 798 3316 Annon
840 3261 1131 3341 sufficiebat
1178 3263 1264 3329 ei,
1311 3262 1452 3333 quod
1493 3278 1598 3317 non
1628 3264 1813 3333 punias
1838 3278 1996 3330 eum,

418 3352 574 3407 etiam
597 3351 797 3420 justum
825 3352 1030 3407 efﬁcis?
1056 3353 1216 3407 Plane
1245 3352 1479 3423 quidem.
1530 3354 1600 3407 At
1648 3352 1879 3407 sermoni
1908 3366 1998 3407 se-

419 3441 545 3497 dulo
574 3453 806 3497 mentem
836 3443 1049 3499 adhibe.
1078 3443 1285 3498 Justum
1315 3444 1461 3498 illum
1487 3442 1682 3499 efficio.
1701 3444 1767 3497 Et
1787 3442 2000 3498 ubinam

421 3532 523 3589 hoc
551 3532 716 3589 fecit?
740 3532 796 3589 In
827 3536 1053 3603 latrone,
1097 3544 1157 3589 ut
1184 3535 1285 3590 hoc
1308 3544 1509 3591 tantum
1540 3535 1707 3591 sodali
1751 3534 1954 3590 diceret
1985 3554 2000 3591 :

424 3623 604 3696 Neque
629 3636 682 3680 tu
721 3629 865 3682 times
897 3626 1077 3683 Deum.
1108 3628 1173 3682 Et
1191 3646 1283 3683 nos
1307 3630 1507 3701 quidem
1529 3630 1685 3699 jure;
1710 3645 1828 3682 nam
1850 3627 2004 3698 digna

423 3716 573 3786 factis
599 3718 869 3786 recipimus
890 3716 1038 3789 (Luc.
1070 3717 1161 3772 2'5.
1191 3719 1282 3774 40.
1314 3720 1428 3790 41).
1462 3718 1595 3773 Dicit
1619 3726 1673 3772 et
1714 3717 1957 3773 Salvator
1986 3733 2000 3770 :

421 3804 595 3860 Hodie
628 3812 821 3859 mecum
861 3809 958 3862 eris
986 3808 1038 3861 in
1067 3809 1306 3878 paradiso
1339 3807 1495 3882 (Ibid.
1528 3808 1643 3877 65).
1688 3806 1803 3861 Νοη
1830 3806 2001 3872 dixit,

422 3895 503 3952 Te
528 3912 558 3953 a
589 3912 743 3967 pmna
774 3907 829 3953 et
872 3899 1135 3969 supplicio
1164 3900 1362 3967 eximo,
1386 3900 1478 3956 sed
1524 3900 1693 3970 ipsum
1720 3901 1919 3970 justum
1950 3900 2005 3956 in

424 3990 730 4060 paradisum
759 3990 1065 4046 introducit.

497 4081 755 4154 Confessio
772 4083 970 4154 justum
995 4084 1157 4154 efﬁcit.
1188 4114 1254 4124 —
1276 4083 1735 4154 Vidistin’justum
1759 4094 1854 4153 per
1872 4096 2008 4136 con-

426 4171 711 4229 fessinnem
758 4174 1044 4229 effectum?
1082 4174 1382 4229 Admodum
1414 4174 1671 4246 benignus
1700 4185 1781 4230 est
1826 4176 2007 4231 Deus:

430 4261 539 4317 filio
566 4279 673 4318 non
707 4265 965 4334 pepercit,
990 4273 1047 4319 ut
1076 4281 1231 4320 servo
1259 4275 1503 4336 parceret
1533 4284 1547 4320 :
1575 4266 1789 4320 tradidit
1812 4267 2010 4336 Unige-

431 4353 622 4421 nilum,
650 4363 708 4408 ut
733 4354 969 4424 ingratos
995 4370 1182 4410 servos
1208 4356 1499 4411 redimeret
1525 4374 1540 4411 :
1565 4357 1872 4426 sanguinem
1890 4356 2011 4411 Filii

431 4444 516 4499 sui
544 4444 596 4498 in
627 4443 854 4514 pretium
883 4446 1145 4513 deposuit.
1177 4444 1222 4500 0
1246 4446 1623 4516 benignitatem
1665 4446 1905 4501 Domini!
1934 4446 2013 4503 Ne

431 4535 561 4590 mihi
588 4550 803 4590 rursum
830 4536 977 4592 dicas
1007 4554 1023 4590 :
1042 4537 1259 4593 Peccavi
1284 4539 1527 4606 multum,
1547 4537 1812 4607 quomodo
1829 4546 2013 4609 potero

429 4626 653 4682 salutem
673 4627 926 4697 consequi
947 4627 1065 4684 ?Tu
1085 4643 1189 4682 non
1209 4638 1379 4698 potes,
1400 4628 1652 4684 Dominus
1665 4636 1783 4684 tuus
1805 4638 1974 4698 potest
1995 4645 2012 4687 :

430 4728 593 4788 atque
618 4717 687 4774 ita
721 4727 930 4790 potest,
955 4728 1011 4774 ut
1049 4719 1224 4775 deleat
1250 4729 1464 4790 peccata
1496 4729 1604 4775 tua.
1636 4719 1866 4775 Attende
1892 4720 2015 4776 dili-

431 4821 657 4883 genter:
688 4813 759 4867 ita
783 4811 925 4868 delet
951 4822 1187 4884 peccata,
1216 4823 1274 4867 ut
1299 4828 1365 4869 ne
1382 4813 1659 4884 veStigium
1687 4812 1898 4883 quidem
1925 4828 2018 4869 eo-

433 4920 553 4959 rum
581 4911 814 4959 maneat.
858 4903 917 4958 in
946 4903 1258 4974 corporibus
1287 4919 1394 4958 non
1424 4904 1548 4958 item
1575 4921 1588 4956 :
1623 4917 1742 4957 nam
1771 4903 1871 4958 etsi
1900 4919 2017 4960 me-

432 4995 584 5054 dicus
611 4998 803 5052 millies
843 4996 1075 5052 studium
1128 5006 1181 5052 et
1226 4997 1457 5052 remedia
1515 4997 1785 5059 adhibeat,
1829 4996 2019 5050 vulnus

435 5088 649 5159 quidem
681 5103 712 5145 e
742 5089 918 5145 medio
942 5088 1115 5154 tollit;
1143 5087 1236 5143 sed
1258 5089 1567 5158 plerumque
1593 5088 1663 5154 ei,
1690 5088 1777 5157 qui
1800 5088 1851 5141 in
1883 5084 2020 5140 facie

444 5181 650 5251 plagam
697 5185 945 5255 accepit,
974 5184 1167 5240 vulnus
1211 5183 1425 5255 quidem
1475 5191 1645 5244 curat,
1677 5182 1769 5236 sed
1799 5181 2020 5236 cicatrix

443 5284 699 5342 remanet,
722 5286 776 5330 et
806 5277 857 5331 in
887 5284 1253 5347 argumentum
1300 5274 1532 5329 vulneris
1560 5274 1735 5327 vultus
1764 5271 2020 5327 deformi-

445 5373 606 5419 tatem
642 5365 989 5423 circumfert:
1018 5367 1268 5437 millcque
1299 5366 1470 5420 modis
1496 5365 1750 5419 annititur
1784 5363 2020 5418 medicus

442 5453 741 5510 cicatricem
771 5457 971 5523 delere,
998 5457 1092 5513 sed
1114 5473 1219 5513 non
1251 5466 1454 5527 potest;
1490 5462 1745 5526 repugnat
1764 5455 1905 5509 enim
1934 5453 2019 5507 in-

443 5546 668 5601 firmitas
694 5557 895 5601 naturre
916 5588 931 5613 ,
964 5563 1061 5603 nec
1089 5563 1193 5603 non
1222 5548 1351 5603 artis
1377 5557 1431 5603 et
1459 5546 1815 5602 remediorum
1850 5544 2016 5600 imbe-

441 5640 650 5700 cillitas.
678 5638 874 5698 Contra
894 5653 1021 5696 vero,
1049 5639 1189 5697 Deus
1217 5654 1337 5696 cum
1369 5650 1584 5712 peccata
1614 5639 1777 5706 delet,
1822 5653 1918 5696 nec
1939 5638 2014 5695 ci-

1112 230 1171 287 S.
1211 222 1489 284 JOANNIS
1524 207 1998 275 CIIRYSOSTOMI
2038 208 2355 269 ARCHIEP.
2394 210 2923 270 CONSTANTINOP.

3570 212 3679 268 διο

2096 327 2343 382 natricem
2372 326 2643 397 relinquit,
2675 342 2773 382 nec
2821 324 3105 396 vestigium
3147 337 3363 381 manere
3407 324 3567 387 sinit.
3609 340 3674 380 ac

2091 435 2212 475 cum
2239 421 2464 475 sanitate
2494 420 2678 474 formae
2703 420 2869 474 decus
2903 419 3143 489 largitur,
3169 432 3291 473 cum
3341 418 3672 474 immunitate

2090 524 2118 564 a
2150 511 2409 580 supplicio
2429 511 2688 581 justitiam
2708 510 2822 575 dat.
2852 526 3080 579 eumque
3105 510 3194 580 qui
3215 511 3454 580 peccavit
3472 509 3524 565 ei
3544 551 3558 574 ,
3581 510 3670 578 qui

2091 616 2195 657 non
2238 604 2497 671 peccavit,
2551 617 2732 670 parem
2762 600 2950 657 efficit.
2979 600 3144 655 Tollit
3184 600 3328 654 enim
3374 610 3673 669 peceatum,

2090 704 2251 765 atque
2280 695 2331 750 id
2358 695 2522 751 efficit
2542 704 2597 750 ut
2616 710 2791 764 neque
2824 696 2914 756 sit.
2943 708 3116 763 neque
3148 692 3343 747 factum
3375 692 3573 757 fuerit;
3605 693 3677 746 ita

2090 787 2290 842 scilicet
2328 786 2615 842 universim
2653 785 2798 841 delet
2836 785 2966 839 illud
2999 802 3011 836 :
3040 798 3147 838 non
3189 790 3372 838 manet
3411 781 3637 837 cicatrix
3661 822 3675 847 ,

2092 893 2198 933 non
2227 878 2526 948 vestigium,
2549 891 2653 932 non
2682 886 3073 946 argumentum,
3102 889 3209 929 non
3230 876 3458 943 signum.

2160 970 2214 1024 5.
2247 967 2300 1022 Id
2332 968 2593 1023 undenam
2641 968 2846 1038 liquet?
2867 966 3140 1021 Dictorum
3170 964 3311 1019 enim
3338 964 3681 1019 demonstra~

2092 1059 2262 1114 tiones
2307 1059 2562 1115 exhibere
2603 1059 2795 1122 debeo,
2846 1058 2918 1112 ita
2943 1066 3001 1111 ut
3028 1071 3133 1111 non
3179 1070 3351 1110 meam
3405 1053 3677 1124 proferam

2090 1151 2428 1213 sententiam,
2447 1150 2539 1205 sed
2555 1165 2620 1205 ex
2637 1148 2927 1218 Scripturis
2946 1147 3328 1209 demonstrem,
3348 1152 3407 1198 ut
3421 1158 3508 1198 res
3528 1151 3677 1197 certa

2092 1240 2490 1310 indubitataque
2528 1248 2760 1295 maneat.
2809 1238 3004 1293 lnduco
3046 1236 3205 1307 igitur
3241 1235 3391 1290 vobis
3428 1233 3681 1288 homines

2096 1330 2408 1386 vulneribus
2452 1331 2753 1396 sauciatos,
2812 1328 3063 1398 p0pulutn
3110 1327 3372 1396 integrum
3430 1324 3680 1379 homines

2093 1423 2278 1492 plenos
2296 1422 2583 1487 ulceribus,
2597 1421 2765 1486 sanie,
2786 1419 3077 1484 vermibus,
3099 1418 3186 1487 qui
3206 1417 3331 1470 nihil
3353 1415 3493 1470 aliud
3515 1428 3679 1485 quam

2091 1514 2284 1568 vulnus
2308 1520 2363 1569 et
2389 1514 2537 1567 ulcus
2561 1513 2670 1566 sint
2702 1529 2715 1565 :
2747 1511 2836 1581 qui
2863 1520 3036 1564 tamen
3069 1509 3141 1563 ita
3164 1506 3339 1563 curari
3367 1507 3594 1576 possint,
3620 1512 3681 1557 ut

2093 1618 2196 1659 nec
2223 1604 2438 1659 cicatrix
2465 1642 2481 1669 ,
2531 1618 2631 1657 nec
2660 1601 2960 1672 vestigium,
3013 1613 3114 1654 nec
3157 1598 3365 1667 signum
3394 1596 3629 1664 supersit
3660 1611 3675 1648 :

2093 1696 2337 1751 homines
2361 1696 2447 1767 qui
2474 1709 2581 1750 non
2608 1708 2793 1757 unum,
2822 1708 2927 1747 non
2956 1691 3081 1757 duo,
3127 1704 3233 1744 non
3266 1688 3385 1750 tria,
3416 1701 3520 1739 non
3540 1700 3679 1755 qua-

2096 1797 2215 1844 tuor
2231 1788 2450 1843 vulnera
2479 1786 2725 1852 habeant,
2757 1782 2851 1840 sed
2895 1797 2924 1837 a
2959 1782 3132 1851 capite
3151 1780 3219 1835 ad
3243 1779 3407 1850 pedes
3435 1777 3532 1832 toti
3560 1774 3681 1829 vui-

2093 1895 2195 1937 nus
2232 1883 2360 1936 sint.
2406 1878 2638 1935 Attende
2685 1878 2970 1947 diligenter
2994 1874 3220 1930 orationi
3248 1880 3366 1927 :est
3396 1871 3539 1925 enim
3588 1869 3680 1924 hic

2093 1987 2273 2028 sermo
2294 1981 2475 2027 noster
2492 1970 2791 2026 communis
2810 1978 2970 2038 atque
2996 1965 3263 2021 salutaris.
3287 1962 3679 2019 Medicamenta

2095 2079 2224 2139 paro
2252 2064 2581 2119 medicorum
2610 2060 2860 2117 remediis
2906 2058 3299 2130 praestantiora,
3356 2070 3477 2125 quae
3501 2068 3569 2109 ne
3592 2066 3680 2107 rec

2095 2171 2191 2229 ges
2231 2154 2445 2226 quidem
2494 2153 2757 2208 adornare
2801 2160 3043 2221 possunt.
3075 2147 3210 2214 Quid
3236 2162 3331 2201 rex
3372 2144 3592 2216 potest?
3635 2142 3682 2202 Ε

2095 2263 2313 2306 carcere
2364 2261 2573 2312 eruere,
2625 2260 2655 2298 a
2685 2244 2927 2315 gehenna
2978 2249 3154 2294 autem
3183 2238 3420 2295 eximere
3445 2250 3551 2291 non
3575 2249 3681 2305 po-

2096 2350 2201 2397 test
2231 2358 2245 2395 :
2273 2339 2528 2410 pecunias
2557 2336 2759 2407 largiri,
2787 2335 3019 2390 animam
3048 2346 3178 2387 vero
3206 2344 3423 2385 servare
3447 2343 3552 2383 non
3581 2343 3682 2381 va-

2094 2432 2188 2488 let.
2218 2431 2324 2487 Sed
2351 2430 2405 2485 in
2434 2444 2624 2484 manus
2653 2426 2979 2497 paenitentia:
2999 2438 3093 2478 vos
3126 2421 3296 2485 trado,
3326 2430 3386 2475 ut
3411 2421 3518 2473 vim
3563 2417 3683 2488 ejus

2096 2522 2363 2585 ediscatis,
2428 2528 2487 2574 ut
2512 2519 2730 2574 discatis
2785 2524 3061 2586 peccatum
3116 2529 3222 2568 non
3266 2513 3315 2567 ei
3361 2511 3678 2582 przevalere,

2100 2629 2277 2684 neque
2307 2613 2472 2668 ullam
2493 2626 2613 2667 esse
2638 2610 2992 2679 iniquitatem,
3016 2621 3137 2677 quae
3162 2605 3268 2659 vim
3289 2603 3406 2672 ejus
3425 2616 3685 2672 superare

2097 2707 2286 2776 possit.
2311 2703 2528 2759 interim
2558 2701 2752 2757 induco
2780 2715 2890 2755 non
2944 2712 3109 2753 unum
3132 2737 3149 2764 ,
3200 2710 3307 2751 non
3354 2693 3489 2749 duos
3511 2732 3527 2756 ,
3573 2707 3681 2747 non

2101 2806 2229 2863 tres,
2257 2795 2357 2851 sed
2382 2795 2582 2864 pluries
2608 2792 2854 2847 millenos
2881 2789 3145 2855 homines,
3161 2785 3468 2842 vulneribus
3490 2784 3685 2839 ulceri.

2098 2887 2303 2958 busque
2326 2885 2534 2956 plenos,
2576 2882 2868 2939 innumeris
2897 2878 3127 2950 peccatis
3175 2885 3398 2931 onustos
3420 2915 3435 2940 ,
3467 2875 3555 2945 qui
3586 2888 3683 2943 per

2101 2979 2471 3051 penitentiam
2497 2978 2567 3031 ita
2614 2974 2839 3030 salutem
2866 2969 3118 3040 consequi
3148 2977 3392 3038 potuere,
3422 2974 3480 3020 ut
3504 2979 3683 3035 neque

2101 3072 2383 3141 vestigium
2410 3083 2579 3139 neque
2595 3067 2811 3122 cicatrix
2833 3065 3067 3134 priorum
3098 3063 3337 3117 ulcerum
3358 3067 3685 3115 remaneret.

2100 3165 2299 3221 Verum
2319 3164 2600 3233 diligenter
2627 3158 2885 3215 attendite
2914 3154 3171 3222 sermoni,
3194 3167 3366 3223 neque
3382 3150 3551 3205 solum
3593 3158 3686 3204 at—

2100 3258 2323 3323 tendite,
2336 3255 2429 3310 sed
2448 3255 2605 3309 etiam
2626 3268 2710 3320 ea,
2723 3266 2842 3321 qua:
2857 3244 3401 3313 dicuntur,memoria2
3415 3241 3686 3310 mandate,

2102 3358 2163 3405 ut
2187 3349 2436 3403 absentes
2468 3344 2787 3407 instituatis,
2824 3351 2878 3395 et
2897 3356 3019 3403 eos,
3052 3340 3138 3409 qui
3168 3337 3394 3392 utilitate
3422 3333 3691 3391 sermonis

2103 3443 2261 3514 hujus
2285 3440 2522 3497 destituti
2550 3446 2704 3501 sunt,
2730 3435 3094 3506 diligentiores
3147 3430 3411 3487 r'eddatis.
3453 3426 3692 3482 Accedat

2105 3537 2266 3605 igitur
2293 3534 2383 3588 ille
2408 3529 2829 3600 Seraphinorum
2858 3533 3132 3596 spectator
3157 3524 3339 3585 lsaias,
3370 3520 3461 3590 qui
3501 3519 3689 3589 mysti-

2105 3641 2221 3681 cam
2254 3625 2396 3679 illam
2424 3622 2709 3678 melodiam
2735 3619 2968 3683 audivit,
3010 3616 3099 3687 qui
3136 3613 3342 3670 infinita
3381 3611 3450 3666 de
3476 3610 3692 3663 Christo

2108 3717 2370 3789 praedixit.
2400 3714 2537 3781 Quid
2561 3713 2703 3768 dicat
2733 3719 3152 3781 percontemur:
3189 3703 3358 3768 Visio,
3393 3717 3549 3770 quam
3571 3699 3695 3753 vidit

2108 3810 2275 3865 Isaias
2322 3810 2559 3862 adversus
2581 3804 2820 3859 Judazam
2857 3811 2905 3856 et
2930 3801 3167 3855 adversus
3206 3796 3497 3851 Jerusalem
3541 3792 3692 3865 (Isai.

2110 3902 2163 3956 1.
2191 3892 2267 3969 i).
2308 3899 2403 3953 Dic
2433 3898 2715 3961 visionem,
2746 3908 2903 3964 quam
2944 3890 3147 3946 vidisti.
3176 3888 3339 3953 Audi,
3387 3886 3600 3948 eretum,
3645 3892 3696 3937 et

2110 3991 2315 4045 auribus
2325 3989 2543 4061 percipe,
2557 3997 2710 4054 terra,
2722 3986 2841 4057 quia
2853 3983 3103 4038 Dominus
3115 3982 3347 4051 loquutus
3357 3989 3430 4033 est
3442 3976 3601 4048 (Ibid.
3613 3975 3695 4049 2).

2111 4084 2227 4139 Alia
2258 4080 2521 4152 pollicitus
2545 4093 2625 4145 es,
2655 4085 2711 4132 et
2749 4077 2851 4130 alia
2872 4074 3029 4129 dicis.
3059 4072 3313 4140 Quaenam
3351 4069 3456 4123 alia
3484 4066 3695 4137 pollici-

2114 4185 2201 4232 tus
2229 4174 2386 4229 sum?
2412 4171 2681 4242 Principio
2701 4169 2855 4235 dicis,
2878 4166 3027 4223 Visio
3049 4165 3306 4219 adversus
3335 4160 3571 4215 Judatam
3593 4199 3609 4221 ,
3644 4165 3703 4212 et

2113 4267 2369 4322 adversus
2386 4264 2719 4327 Jerusalem,
2744 4268 2802 4316 et
2838 4258 3000 4314 missa
3036 4254 3221 4312 Judma
3276 4260 3435 4323 atque
3474 4250 3703 4304 Jerusa.

2114 4358 2218 4414 lem
2236 4399 2249 4423 ,
2281 4356 2469 4411 ca-lum
2496 4351 2816 4423 alloqueris,
2839 4356 2895 4405 et
2924 4347 2988 4403 ad
3016 4355 3211 4401 terram
3254 4354 3557 4397 sermonem
3601 4338 3705 4393 de-

2116 4448 2284 4503 clinas
2308 4463 2322 4499 :
2346 4443 2632 4498 rationales
2655 4439 2900 4497 homines
2927 4438 3120 4491 missos
3140 4434 3271 4489 facis
3289 4474 3304 4500 ,
3329 4442 3382 4487 et
3419 4444 3541 4485 cum
3570 4428 3706 4481 irra-

2121 4536 2458 4595 tionabilibns
2500 4532 2782 4590 elementis
2834 4529 2998 4585 verba
3023 4527 3265 4582 conseris
3289 4525 3312 4578 ?
3338 4522 3471 4591 Quia
3502 4533 3702 4588 nempe

2120 4626 2566 4685 irrationabilibus
2593 4622 3016 4680 rationabiliores
3054 4618 3175 4673 facti
3202 4624 3327 4671 sunt
3352 4610 3705 4667 rationabiles

2120 4722 2234 4777 illi:
2266 4734 2437 4789 neque
2470 4718 2591 4773 ideo
2620 4723 2823 4769 tantum
2848 4754 2863 4779 ,
2887 4712 2979 4766 sed
3009 4710 3131 4779 quia
3157 4723 3277 4762 cum
3303 4704 3709 4760 itttroducturus

2120 4827 2214 4870 eos
2238 4821 2383 4867 esset
2407 4809 2618 4880 Moyses
2641 4808 2693 4861 in
2726 4814 2919 4861 terram
2946 4799 3318 4873 promissionis
3337 4840 3352 4865 ,
3380 4805 3438 4852 et
3466 4809 3589 4865 quas
3617 4792 3709 4848 fu.

2123 4912 2240 4959 tura
2268 4909 2419 4956 erant
2452 4897 2769 4970 praevideret
2789 4937 2803 4960 ,
2832 4893 2973 4964 quod
3004 4892 3256 4946 nimirum
3293 4902 3412 4958 quae
3459 4886 3563 4939 sibi
3594 4893 3708 4938 tra-

2119 4995 2230 5048 dita
2258 4993 2469 5047 fuerant
2485 4988 2837 5059 contempturi
2862 4993 3043 5041 essent
3070 5002 3083 5038 :
3110 4982 3269 5049 Audi,
3286 4981 3486 5045 emtum,
3514 4977 3709 5045 inquit,

2122 5094 2169 5139 et
2197 5083 2418 5137 attendat
2441 5090 2576 5137 terra
2601 5082 2749 5134 verba
2775 5095 2837 5133 ea:
2851 5095 2939 5132 ore
2963 5093 3075 5131 meo
3101 5074 3276 5144 (Deut.
3300 5072 3391 5128 52.
3406 5072 3483 5139 1).
3503 5068 3711 5124 Conte~

2124 5185 2237 5233 stor
2259 5176 2410 5230 vobis
2426 5175 2614 5228 cretum
2633 5181 2689 5227 et
2709 5184 2925 5235 terram,
2946 5169 3115 5238 inquit
3139 5165 3373 5236 Moyses,
3409 5159 3552 5232 quod
3568 5161 3611 5214 si
3631 5160 3710 5212 in.

2124 5268 2294 5339 gressi
2322 5266 2525 5320 fueritis
2540 5265 2591 5318 in
2611 5272 2805 5317 terram
2826 5257 3196 5331 promissionis
3211 5296 3226 5321 ,
3242 5264 3297 5311 et
3311 5250 3707 5321 dereliqueritis

2128 5358 2412 5415 Dominum
2437 5358 2622 5420 Deum,
2643 5353 2871 5408 futurum
2888 5350 2956 5404 sit
2974 5357 3029 5403 ut
3051 5344 3425 5417 dispergamini
3445 5346 3496 5397 in
3525 5353 3712 5403 omnes

2125 5448 2494 5522 gentes.Venit
2508 5446 2670 5500 lsaias
2687 5461 2700 5497 :
2719 5443 2946 5498 futurum
2960 5449 3076 5495 erat
3088 5448 3144 5493 ut
3160 5434 3502 5492 comminatio
3515 5433 3714 5522 inopes

2126 5517 2363 5612 prodiret
2391 5557 2404 5592 :
2435 5554 2538 5594 non
2566 5544 2773 5607 poterat
2808 5533 3041 5603 Moysem
3072 5542 3318 5591 evocare,
3348 5538 3449 5581 nec
3476 5517 3717 5612 θος.-ηυὶ

2129 5610 2301 5706 ipsum
2321 5631 2614 5699 audierant,
2644 5636 2828 5702 utpote
2848 5624 3155 5691 defunctos;
3186 5628 3239 5678 ct
3267 5618 3527 5675 elementa
3550 5610 3715 5669 advo-
