4062 6206
213 207 322 264 339

211 331 352 403 ἔχει,
379 332 415 404 ἡ
455 330 712 403 μετάνοια
749 332 847 406 τὴν
874 332 1219 408 δικαιοσύνην
1244 333 1524 408 ’κέκτηται
1545 353 1560 369 ο
1604 334 1753 407 Λέγε
1775 331 1886 404 γὰρ

209 420 322 486 τὰς
357 418 611 488 ἀνομίας
655 435 778 475 σου»
819 420 1070 491 πρῶτος,
1118 423 1220 477 ἵνα
1249 422 1567 492 δικαιωθῇς
1581 440 1596 455 ·
1651 424 1766 487 zeal,
1797 423 1890 476 Δί-

212 523 385 573 καιος
415 506 638 561 ἑαυτοῦ
661 508 994 578 κατήγορος
1020 510 1091 564 ἐν
1120 512 1509 581 πρωτολογιᾳ.
1541 509 1711 574 Εἰδὼς
1734 507 1828 565 οὖν
1860 513 1889 565 ό

209 593 480 660 Σατανᾶς,
507 595 642 666 ὁτιή
675 596 774 666 μὲν
798 597 1039 668 ἁμαρτία
1060 597 1171 669 ἔχει
1203 599 1300 670 τὴν
1329 598 1619 671 αἰσχύνην,
1657 601 1890 670 πρᾶγμα

215 685 416 749 ίκανῶς
434 684 774 755 ἀποκροῦσαι
798 685 887 740 τὸν
911 688 1291 758 ἁμαρτάνοντα
1315 687 1629 759 δυνάμενον,
1655 688 1690 758 ἡ
1713 687 1769 742 δὲ
1795 705 1890 758 με·-

211 773 403 827 τάνοια
443 772 556 843 ἐχει
595 773 695 845 τὴν
721 775 1057 846 παρρησίαν,
1089 778 1322 847 πρᾶγμα
1367 776 1550 830 ἰκανὸν
1578 773 1890 829 ἐπισπάσα-

214 863 340 916 σθαι
368 861 460 915 τὸν
499 861 882 932 μετανοοῦντα,
937 861 1192 935 ἐνήλλαξε
1237 865 1335 934 τὴν
1366 863 1542 930 τάξιν,
1590 863 1686 917 zeal
1718 861 1887 917 ἔδωκε

210 951 317 1022 τὴν
344 949 606 1022 αἰσχύνην
633 953 699 1022 τῇ
736 950 1013 1023 μετανοίᾳ,
1042 951 1136 1005 καὶ
1151 951 1247 1022 τὴν
1275 951 1588 1024 παρρησίαν
1611 953 1677 1021 τῇ
1701 952 1884 1022 ἀμαρ-

211 1039 324 1109 τίᾳ.
352 1036 523 1092 Πόθεν
550 1036 740 1102 τοῦτος
769 1037 878 1106 ἐγὼ
907 1038 1068 1106 λέγω.
1107 1037 1413 1094 Ἀλίσκεταί
1442 1056 1525 1103 τις
1561 1039 1666 1092 ὑπὸ
1697 1037 1887 1090 ἐπιθυ-

213 1127 347 1197 μίας
393 1126 638 1197 χαλεπῆς
683 1127 819 1198 πρὸς
878 1127 1155 1196 πάνδημον
1211 1127 1415 1200 πόρνην
1439 1145 1453 1160 ο
1507 1126 1789 1182 ἀκολουθεί
1815 1130 1884 1199 τῇ

212 1213 389 1286 πόρνῃ
439 1214 517 1278 ὡς
551 1205 896 1286 αἰχμάλωτος
919 1231 932 1245 ·
965 1214 1270 1286 είσέρχεται
1304 1216 1385 1277 εἰς
1420 1215 1481 1268 τὸ
1503 1213 1880 1284 καταγώγιον·

206 1303 311 1356 οὐκ
335 1305 740 1375 αίσχυνόμενος,
771 1305 869 1359 ούκ
899 1303 1167 1377 ἐρυθριῶν
1203 1305 1574 1376 συμπλέκεται
1595 1308 1661 1377 τῇ
1687 1306 1882 1377 πόρνῃ,

206 1391 440 1463 πράττει
463 1394 560 1463 τὴν
587 1393 860 1464 ἁμαρτίαν
878 1410 892 1424 ο
929 1392 1164 1465 οὐδαμοῦ
1183 1394 1413 1466 αἰσχύνη
1443 1393 1610 1464 αὐτῷ,
1645 1393 1883 1465 οὐδαμοῦ

206 1478 436 1550 ἐρυθριᾷ
457 1497 471 1510 ·
494 1479 775 1551 ἐξέρχεται
804 1480 1012 1534 ἐκεῖθεν
1036 1481 1173 1551 μετά
1197 1481 1258 1534 τὸ
1277 1481 1426 1544 τέλος
1455 1480 1555 1551 τῆς
1587 1480 1883 1550 ἁμαρτίας,

207 1571 305 1624 zeal
329 1571 416 1623 ἵνα
449 1569 756 1640 μετανοήσῃ
778 1567 1111 1639 αἰσχύνεται.
1149 1569 1334 1623 Ἀθλιε
1355 1609 1371 1634 ,
1401 1569 1488 1622 ὅτε
1524 1568 1882 1640 περιεπλέκου

207 1659 277 1728 τῇ
309 1658 507 1727 πόρνῃ,
537 1656 637 1709 οὐκ
663 1655 920 1726 ᾐσχύνου,
946 1657 1059 1710 ἀλλ’
1093 1657 1182 1710 ὅτε
1199 1653 1361 1728 ἦλθες
1390 1657 1882 1728 μετανοῆσαι,τότε

207 1745 475 1816 αἰσχύνῃς
523 1742 865 1815 Αίσχύνεται,
895 1742 1045 1810 εἰπέ;
1095 1746 1175 1808 εἰς
1206 1744 1260 1798 τί
1303 1745 1392 1797 ὅτε
1429 1743 1757 1814 ὲπόρνευσεν
1783 1744 1884 1798 οὐκ

205 1831 472 1902 ᾐσχύνετο
493 1848 507 1897 ;
532 1831 606 1884 Τὸ
633 1832 866 1902 πρᾶγμα
887 1832 1136 1902 πράττει,
1165 1831 1259 1885 zeal
1288 1831 1388 1884 οὐκ
1421 1829 1756 1902 αἰσχύνεται,
1789 1831 1884 1885 zeal

205 1919 270 1972 τὺ
299 1919 453 1991 ῥῆμα
481 1919 744 1992 ἐρυθριᾷ;
773 1919 1028 1972 Διαδόλου
1048 1918 1104 1972 δέ
1127 1920 1242 1974 ἐστι
1268 1917 1576 1990 κακουργία
1606 1918 1768 1988 αῦτη.
1797 1920 1884 1974 Ἐν

204 2007 274 2077 τῇ
311 2006 553 2078 ἁμαρτίᾳ
591 2007 690 2060 οὐκ
713 2005 937 2078 ἀφίησιν
963 2005 1123 2060 αὐτὸν
1145 2005 1517 2077 αἰσχύνεσθαι,
1543 2005 1680 2060 ἀλλά
1714 2007 1882 2078 δημο-

207 2091 486 2146 σιεύεσθαι
504 2110 521 2124 ·
538 2087 647 2146 οἰδε
678 2093 808 2164 γάρ,
831 2095 914 2148 ὅτι
939 2093 1035 2147 ἐάν
1055 2085 1554 2165 αίσχυνθῇ,φεύγει
1580 2093 1680 2166 τὴν
1696 2095 1882 2168 ἀμαρ-

203 2180 358 2236 τίαν·
391 2183 450 2234 ἐν
475 2183 543 2252 τῇ
576 2181 834 2254 μετανοίᾳ
855 2183 999 2234 ποιεί
1025 2180 1189 2234 αὐτὸν
1219 2181 1603 2251 αἰσχύνεσθαι,
1632 2177 1738 2236 οἶδε
1773 2181 1884 2254 γάρ

203 2269 289 2323 δτι
315 2268 705 2340 αἰσχυνόμενος
730 2268 792 2322 οὐ
847 2270 1116 2340 μετανοεῖ.
1151 2267 1256 2321 Δύο
1286 2267 1434 2322 κακά
1462 2270 1625 2333 ποιεῖ,
1657 2269 1752 2323 zeal
1802 2272 1882 2335 εἰς

202 2356 304 2428 τὴν
323 2355 598 2428 ἁμαρτίαν
625 2355 796 2418 ἐλκει,
827 2356 922 2409 zeal
938 2353 1034 2426 τὴν
1055 2354 1344 2425 μετάνοιαν
1369 2355 1576 2426 ἐπέχει.
1605 2355 1670 2408 Τί
1692 2357 1884 2427 αἰσχύ-

204 2461 274 2515 νῃ
293 2444 514 2511 λοιπόν;
543 2446 673 2499 Ὅτε
694 2444 987 2516 ἐπόρνευες
1004 2484 1022 2510 ,
1060 2444 1161 2498 οὐκ
1187 2443 1425 2516 ᾐσχύνου
1444 2459 1459 2474 ·
1510 2445 1600 2497 ὅτε
1641 2445 1703 2499 τὸ
1737 2445 1881 2517 φάρ-

207 2550 382 2604 μακον
405 2534 675 2606 ἐπιτίθης,
701 2534 932 2607 αἰσχύνῃ
952 2552 967 2600 ;
990 2536 1079 2589 δτε
1105 2533 1465 2599 ἀπαλλάττεις
1485 2535 1674 2590 ἐαυτὸν
1703 2535 1884 2608 ἀμαρ-

202 2621 346 2685 τίας,
369 2622 634 2694 αἰσχύνῃς
674 2622 810 2676 Τότε
841 2621 1070 2691 ὥφειλες
1113 2621 1486 2693 αἰσχύνεσθαι,
1528 2623 1648 2676 τότε
1675 2623 1782 2676 ἔδει
1819 2641 1880 2678 σε

203 2711 554 2781 αἰσχύνεσθαι
585 2750 602 2775 ,
643 2713 734 2765 ὅτε
766 2712 1103 2784 ἡμάρτανες.
1130 2712 1260 2765 Ὅτε
1305 2711 1488 2780 ἐγίνου
1535 2712 1878 2784 ἁμαρτωλὸς,

201 2799 306 2853 οὐκ
356 2798 590 2870 ᾐσχύνου
617 2817 632 2833 ο
677 2800 767 2854 ὅτε
817 2801 943 2873 γίνῃ
1001 2800 1226 2863 δίκαιος,
1282 2798 1546 2870 αἰσχύνῃς
1597 2800 1746 2869 Λέγε
1773 2799 1880 2867 τὰς

198 2887 452 2956 ἀνομίας
483 2901 602 2943 σου
630 2887 880 2955 πρῶτος,
913 2887 1015 2940 Ira
1038 2885 1378 2955 δικαιωθῇς.
1400 2883 1472 2938 Ὦ
1501 2885 1881 2958 φιλανθρωπία

199 2976 496 3029 Δεσπότου.
533 2976 644 3030 Οὐκ
676 2971 852 3040 εἶπεν,
887 2976 1004 3029 Ἵνα
1036 2975 1110 3046 μὴ
1151 2973 1443 3046 κολασθῇς,
1472 2974 1590 3029 ἀλλ’
1633 2975 1769 3029 Ἵνα
1795 2974 1880 3029 δι-

198 3062 464 3131 καιωθῇς
486 3079 499 3092 ·
544 3064 644 3118 οὐκ
676 3065 836 3135 ἠρκει
869 3062 1040 3134 αὐτῷ,
1073 3062 1155 3115 ὅτι
1183 3063 1246 3115 οὐ
1282 3062 1531 3128 κολάζεις
1559 3063 1743 3126 αὐτὸν,
1797 3063 1877 3116 ἔτι

199 3153 298 3204 zeal
319 3151 526 3204 δίκαιον
548 3153 721 3214 ποιεῖς
740 3166 755 3216 ;
777 3151 887 3204 Kal
903 3150 1066 3204 πάνυ.
1112 3148 1272 3202 Ἀλλά
1293 3149 1526 3221 πρόσεχε
1560 3150 1700 3222 μετά
1720 3147 1879 3223 ἀκριὲ

197 3238 356 3302 Gala;
399 3238 478 3310 τῷ
516 3238 678 3308 λόγῳ.
741 3238 961 3292 Δίκαιον
990 3236 1152 3292 αὐτὸν
1183 3237 1343 3292 ποιῶ.
1407 3239 1519 3292 Kal
1565 3238 1668 3292 ποῦ
1719 3239 1876 3298 τοῦτο

197 3327 486 3396 ἐποίησεν;
533 3328 655 3380 Ἐπὶ
681 3325 774 3381 τοῦ
800 3323 1022 3399 λῃστοῦ,
1062 3326 1149 3378 ἵνα
1170 3326 1299 3398 εἴτι-ῃ
1323 3325 1481 3394 μόνον
1501 3328 1696 3391 ἐκεῖνο,
1724 3327 1876 3382 οὐδὲ

196 3413 356 3483 φοϐῇ
393 3413 476 3468 σὺ
504 3414 613 3467 τὸν
637 3413 806 3478 Θεὸν,
838 3412 916 3483 τῷ
941 3412 1143 3484 ἑταίρῳ
1174 3412 1360 3466 αὑτοῦ.
1405 3413 1514 3466 Καὶ
1557 3414 1730 3480 ἡμεῖς
1757 3414 1877 3484 μέν

195 3501 474 3567 δικαίως·
522 3501 660 3567 ἀξια
689 3501 798 3570 γὰρ
833 3495 921 3555 ὧν
972 3498 1314 3568 ἐπράξαμεν
1352 3499 1870 3569 ἀπολαμϐάνομεν.

194 3587 365 3655 Λέγει
396 3587 533 3659 πρὸς
557 3588 717 3644 αὑτὸν
741 3589 771 3640 ὁ
799 3588 1010 3660 Σωτήρο
1043 3585 1314 3656 Σήμερον
1326 3585 1454 3655 μετ’
1482 3585 1630 3656 ἐμοῦ
1653 3589 1767 3656 ἔσῃ
1803 3589 1874 3644 έν

195 3674 278 3741 τῷ
305 3674 676 3744 παραδείσῳ.
731 3675 846 3729 Οὐκ
899 3672 1073 3739 εἶπεν,
1119 3674 1471 3728 Ἀπαλλάττω
1509 3691 1568 3728 σε
1597 3675 1872 3741 κολάσεως

195 3763 294 3816 καὶ
307 3763 598 3838 τιμωρίας,
630 3762 744 3817 ἀλλ’
768 3764 847 3827 εἰς
873 3763 965 3820 τὸν
993 3763 1319 3834 παράδεισον
1345 3761 1556 3832 εἰσάγει
1600 3763 1764 3817 αὐτὸν
1792 3763 1872 3817 δί-

191 3867 375 3907 καιον.

266 3935 426 4002 Εἶδες
463 3938 572 3992 ἀπὺ
615 3938 1054 4010 ἐξομολογήσεως
1109 3937 1318 3993 δίκαιον
1365 3939 1691 4011 γενόμενον;
1726 3940 1867 3996 Πολὺ

191 4026 578 4098 φιλάνθρωπός
602 4029 748 4080 ἐστιν
775 4029 804 4082 ό
829 4026 960 4092 Θεός
981 4043 995 4057 ο
1031 4026 1162 4080 Υἰοῦ
1187 4029 1287 4081 οὐκ
1320 4028 1592 4097 ἐφείσατο,
1626 4029 1713 4083 ἵνα
1743 4028 1864 4082 δούς

190 4113 288 4168 λου
320 4115 576 4185 φείσηται
594 4129 610 4147 '
646 4114 930 4186 παρέδωκε
980 4114 1072 4168 τὸν
1129 4114 1434 4185 Μονογενῆ,
1479 4116 1567 4169 [va
1619 4115 1866 4191 ἀγοράσῃ

187 4199 414 4264 δούλους
459 4198 782 4270 ἀγνώμονας
804 4215 818 4229 ’
873 4200 934 4254 τὺ
991 4195 1131 4271 αἷμα
1185 4199 1280 4256 τοῦ
1315 4199 1448 4254 Υἰοῦ
1500 4197 1668 4256 αὑτοῦ
1697 4201 1866 4273 τιμὴν

189 4287 515 4344 κατέϐαλεν.
541 4283 611 4340 Ὦ
644 4286 1021 4358 φιλανθρωπία
1046 4287 1338 4344 Δεσπότου.
1375 4289 1483 4343 Kal
1514 4290 1588 4362 μή
1627 4306 1717 4360 μοι
1738 4290 1862 4360 λέγε

185 4377 379 4430 πάλινσ
413 4375 702 4447 ’ἰίμαρτον
741 4374 929 4441 πολλὰ,
949 4375 1061 4428 zeal
1090 4374 1207 4440 πῶς
1238 4376 1540 4448 δυνήσομαι
1582 4377 1860 4448 σωθῆναι;

183 4465 264 4516 Σὺ
282 4464 348 4517 οὐ
373 4463 619 4527 δύνασαι,
651 4465 680 4516 ὁ
711 4463 988 4534 Δεσπότης
1043 4478 1138 4516 σου
1163 4462 1418 4528 δύναται,
1453 4465 1548 4518 zeal
1577 4464 1750 4530 οὕτως
1786 4467 1864 4531 ώς

182 4550 548 4621 ἐξαλεῖψαιτά
739 4551 1133 4630 ἁμαρτήματα.
1154 4549 1395 4622 Πρόσεχε
1414 4550 1555 4622 μετά
1576 4552 1862 4623 ἀκριϐείας

179 4637 266 4709 τῷ
292 4638 458 4709 λόγῳ
480 4636 654 4700 οὕτως
675 4635 946 4706 ἐξαλείφει
963 4636 1034 4690 τά
1051 4636 1442 4708 ἁμαρτήματα,
1460 4637 1537 4700 ὡς
1556 4639 1696 4710 μήτε
1716 4639 1860 4709 ἴχνος

179 4727 370 4779 αὐτῶν
401 4729 604 4796 μεῖναι.
638 4725 761 4778 Ἐπὶ
785 4725 882 4796 μὲν
903 4723 1013 4795 γὰρ
1037 4724 1147 4778 τῶν
1169 4725 1437 4795 σωμάτων
1465 4725 1566 4779 οὐκ
1583 4724 1662 4779 ένι
1677 4726 1854 4793 τοῦτο,

177 4813 324 4868 ἀλλά
356 4813 459 4867 κᾶν
490 4813 746 4888 μυριάκις
781 4811 1058 4884 σπουδάσῃ
1083 4813 1114 4864 δ
1169 4812 1373 4884 ἰατρὸς,
1429 4812 1534 4867 κᾶν
1583 4813 1856 4885 φάρμακα

177 4899 349 4971 ἐπιθῇ
381 4901 461 4972 τῷ
495 4899 770 4972 τραύματι
796 4940 811 4964 ,
860 4901 923 4953 τὸ
953 4901 1050 4971 μέν
1097 4900 1316 4971 τραῦμα
1365 4901 1666 4970 ἠφάνισεν·
1716 4901 1854 4956 ἀλλά

177 4987 447 5051 πολλάκις
479 4988 692 5059 ἐπλήγη
716 5004 803 5051 τις
851 4987 930 5051 εἰς
956 4987 1054 5058 τὴν
1079 4987 1203 5057 δψιν
1225 5026 1239 5050 ,
1278 4987 1373 5041 καὶ
1403 4987 1464 5040 τὸ
1490 4987 1593 5058 μὲν
1629 4987 1853 5060 τραῦμα

173 5074 511 5148 διώρθωσεν,
539 5077 573 5148 ἡ
599 5076 658 5130 δὲ
678 5075 808 5147 οὐλὴ
839 5075 1209 5144 ἐναπέμεινεν,
1232 5074 1452 5146 ἔλεγχον
1471 5076 1566 5130 τοῦ
1599 5076 1851 5148 τραύμα-

172 5179 272 5225 τος
298 5163 671 5234 περιφέρουσα
701 5163 800 5233 τὴν
829 5160 1104 5232 ἀμορφίαν
1135 5161 1235 5232 τῆς
1260 5161 1462 5231 θψεως·
1488 5162 1584 5216 zeal
1617 5163 1852 5233 φιλονει-

172 5251 266 5302 κεῖ
299 5250 472 5320 μυρία
506 5252 534 5302 ό
568 5249 750 5320 ἰατρὸς
771 5248 1050 5319 ἐξαλεῖψαι
1083 5249 1179 5302 καὶ
1201 5249 1306 5319 τὴν
1327 5249 1508 5321 οὐλὴν,
1537 5251 1596 5303 ού
1626 5251 1848 5306 δύναται

171 5335 266 5389 δέ*
299 5335 612 5390 ἀντιπίπτει
645 5336 754 5405 γὰρ
785 5335 934 5406 αὑτῴ
960 5337 994 5406 ἡ
1030 5335 1284 5390 ἀσθένεια
1321 5336 1418 5398 τῖπς
1457 5337 1698 5405 φύσεως,
1753 5339 1849 5393 zeal

175 5553 388 5664 ῐεῖετῗκ
427 5553 537 5604 8³ν’
582 5555 631 5603 in
676 5553 795 5605 non
841 5555 1061 5606 quadam
1100 5557 1295 5608 desum"
1335 5555 1457 5619 R08—
1507 5558 1614 5609 hec
1667 5561 1835 5612 vitiata

1377 221 1467 279 DE
1504 215 1978 279 ΡίΕΝΙΤΕΝΤιΑ.
2019 217 2254 275 HOMIL.
2295 219 2428 278 V'lll.

3558 235 3664 292 ’5ἰο

1993 331 2055 421 τὸ
2085 333 2377 408 ἀνίσχυρον
2408 339 2508 408 τῆς
2525 340 2742 414 τέχνης,
2773 346 2944 401 καὶτὸ
2969 349 3182 413 εὐτελὲς
3207 349 3317 404 τῶν
3340 352 3663 421 φαρμάκων.

2005 419 2142 511 ςο-δι
2170 422 2302 488 Θεὸς
2337 425 2466 480 ὅταν
2498 427 2754 503 ἐξαλείφῃ
2783 433 2850 487 τὰ
2904 435 3296 508 ἁμαρτήματα,
3331 419 3466 492 οὐδὲν
3503 439 3667 511 οὐλὴν

1990 507 2236 598 ἀφίησιν,
2291 511 2413 566 οὐδὲ
2468 513 2610 585 ίχνος
2660 524 2937 591 συγχωρεῖ
2988 507 3188 593 μεῖναι,
3223 525 3357 580 ἀλλά
3384 528 3524 597 μετά
3567 507 3666 598 τῆς

1991 597 2201 664 ὑγιείας
2225 599 2317 653 zeal
2336 600 2436 672 τὴν
2464 603 2766 676 εὐμορφίαν
2789 608 3092 679 χαρίζεται,
3121 613 3258 680 μετά
3282 613 3380 684 τῆς
3421 597 3666 670 ἀπαλλα-

1991 684 2097 756 γῆς
2125 687 2225 758 τῆς
2262 688 2537 755 κολάσεως
2563 695 2658 746 zeal
2687 694 3035 767 δικαιοσύνην
3063 699 3266 764 δίδωσι,
3289 704 3381 756 zeal
3409 706 3553 758 ποιεί
3571 703 3664 759 τὸν

1989 775 2348 865 ἡμαρτηκότα
2379 780 2492 834 ἴσον
2510 775 2648 836 εἶναι
2669 781 2748 854 τῷ
2779 783 2852 854 μὴ
2884 787 3246 856 ἡμαρτηκότι.
3287 790 3528 862 Ἀναιριῖ
3555 792 3666 865 γάρ

1988 861 2050 915 τὸ
2082 864 2414 938 ἁμάρτημα,
2451 870 2540 922 zeal
2570 875 2712 925 ποιεῖ
2737 873 2869 926 αὐτὸ
2895 874 3030 946 μηδὲ
3069 871 3208 930 εἶναι
3229 917 3243 938 .
3283 879 3419 949 μηδὲ
3446 861 3667 949 γεγονέν-

1988 965 2112 1004 ναι·
2146 950 2288 1007 οὕτω
2331 955 2558 1009 καθόλου
2603 958 2737 1013 αὐτὸ
2762 961 3008 1032 ἀναιρεῖ’
3054 962 3154 1016 οὐκ
3180 963 3332 1035 οὐλὴ,
3364 965 3465 1019 οὐκ
3495 967 3662 1038 ῐχνος,

1988 1039 2088 1092 οὐκ
2112 1040 2346 1112 ἔλεγχος,
2378 1045 2436 1098 ού
2465 1046 2678 1116 δεῖγμα.

2063 1133 2134 1196 γ’.
2159 1127 2262 1182 Kal
2295 1130 2460 1185 πόθεν
2485 1133 2643 1203 δῆλον
2657 1134 2850 1203 τοῦτο;
2881 1130 2980 1191 ’Ὧν
2993 1137 3102 1209 γὰρ
3126 1137 3237 1208 ἐγὼ
3264 1139 3428 1208 λέγω,
3443 1143 3536 1196 zeal
3565 1145 3669 1209 τάς

1986 1213 2292 1283 ἀποδείξεις
2318 1220 2518 1288 ὀφείλω
2547 1223 2947 1297 παρασχέσθαι,
2983 1226 3122 1280 ὥστε
3161 1227 3238 1298 μὴ
3267 1229 3663 1299 ἀποφαίνεσθαι

1989 1302 2170 1373 μόνον,
2207 1305 2321 1360 ἀλλ’
2349 1309 2728 1365 ἀποδεικνύναι
2758 1313 2865 1366 ἀπὸ
2891 1313 2999 1368 τῶν
3023 1315 3274 1386 Γραφῶν,
3299 1316 3384 1370 ἵνα
3413 1319 3664 1391 ἀσφαλὴς

1989 1391 2146 1464 μείνῃ
2185 1396 2219 1465 ἡ
2253 1395 2612 1470 πληροφορία.
2657 1401 2878 1468 Είσάγω
2915 1397 3007 1456 οὖν
3039 1403 3167 1474 ὑμῖν
3201 1403 3522 1475 ἀνθρώπους
3570 1425 3661 1461 τε-

1984 1485 2492 1554 τραυματισμένους
2518 1527 2533 1550 ,
2567 1487 2738 1559 δῆμον
2784 1488 3096 1561 ὁλόκληρον,
3154 1491 3328 1546 ἐλκῶν
3365 1494 3659 1565 γέμοντας,

1987 1569 2296 1638 σηπεδόνος,
2333 1572 2633 1646 σκωλήκων
2653 1615 2668 1639 ,
2707 1576 2826 1630 δλον
2855 1576 3076 1650 τραῦμα
3104 1578 3282 1645 ὄντας,
3333 1580 3452 1635 ὅλον
3482 1582 3658 1649 ἕλκος,

1985 1655 2079 1743 zeal
2110 1655 2251 1710 οὕτω
2276 1658 2608 1730 δυναμένους
2625 1663 3049 1735 θεραπευθῆναι,
3074 1666 3150 1729 ώς
3173 1666 3250 1738 μὴ
3275 1671 3456 1738 μεῖναι
3475 1671 3657 1743 οὐλὴν,

1981 1741 2058 1806 ὡς
2088 1743 2163 1814 μὴ
2197 1748 2378 1816 μεῖναι
2411 1747 2575 1818 ἴχνος,
2605 1750 2681 1818 ώς
2723 1752 2797 1824 μὴ
2832 1757 3011 1824 μεῖναι
3050 1753 3275 1824 δεῖγμα·
3309 1756 3408 1826 ούχ
3427 1757 3485 1810 ἓν
3509 1741 3665 1830 ἔχον-

1982 1845 2080 1895 τας
2104 1831 2346 1903 τραῦμα,
2371 1836 2430 1888 ού
2455 1835 2568 1899 δύο,
2599 1839 2662 1892 ού
2697 1840 2842 1910 τρία,
2874 1842 2936 1894 οὑ
2967 1842 3229 1914 τέσσαρα,
3263 1844 3379 1900 ἀλλ’
3413 1847 3522 1900 ἀπὸ
3559 1865 3658 1901 πο-

1981 1915 2088 2007 δῶν
2135 1918 2239 2007 ἕως
2273 1922 2534 2007 κεφαλῆς
2561 1923 2784 1996 τραῦμα
2817 1927 2996 1994 ὄντας.
3031 1932 3274 2006 Πρόσεχε
3323 1936 3461 2006 μετά
3508 1936 3665 2007 ἀκρις

1982 2001 2136 2092 δείας
2163 2005 2240 2075 τῷ
2271 2006 2413 2080 λόγῳ
2433 2026 2446 2040 ·
2479 2011 2657 2076 κοινὸς
2683 2013 2790 2086 γὰρ
2811 2017 2840 2069 ό
2869 2015 3026 2084 λόγος
3062 2001 3401 2092 οὖτος-’ἡμων
3428 2023 3521 2077 zeal
3550 2001 3657 2076 σω-

1981 2089 2189 2179 τίγριος.
2233 2093 2505 2166 Φάρμακα
2543 2099 2941 2166 κατασκευάζω
2991 2103 3101 2156 τῶν
3143 2089 3345 2179 ἰατρών
3392 2107 3655 2178 βελτίονα,

1981 2172 2070 2231 οἷα
2096 2178 2223 2234 οὔτε
2257 2181 2498 2253 βασιλεῖς
2529 2189 2942 2244 κατασκευάσαι
2984 2172 3260 2248 δύνανται..
3311 2195 3575 2260 Βασιλεὺς
3604 2197 3656 2250 τί

1978 2264 2233 2336 δύναται;
2266 2272 2651 2344 Δεσμωτηρίου
2684 2275 2955 2341 ἐκϐαλεῖν,
2997 2280 3223 2352 γεέννης
3265 2282 3324 2336 δὲ
3352 2283 3653 2356 ἐλευθερῶ-

1983 2371 2074 2411 σαι
2101 2357 2163 2410 ού
2195 2357 2445 2414 δύναταιο
2476 2363 2736 2433 χρήματα
2775 2365 3141 2436 χαρίσασθαι,
3188 2369 3368 2442 ψυχὴν
3391 2372 3448 2426 δὲ
3481 2373 3653 2427 σῶσαι

1978 2444 2313 2532 ούῗδύναται.
2355 2447 2514 2502 Ἀλλὰ
2557 2453 2623 2521 τῇ
2660 2453 2803 2523 χειρὶ
2829 2454 2929 2523 τῆς
2963 2456 3250 2525 μετανοίας
3300 2459 3446 2530 ὑμᾶς
3477 2463 3658 2532 ἐγχειρ-

1983 2531 2136 2622 ρίξω,
2169 2534 2256 2588 ἵνα
2283 2535 2490 2606 μάθητε
2519 2537 2691 2609 αὐτῆς
2719 2541 2818 2610 τὴν
2847 2539 3098 2612 δύναμιν,
3135 2544 3221 2598 ἵνα
3253 2546 3462 2617 μάθητε
3482 2531 3654 2622 αὐτῆς

1977 2621 2078 2693 τὴν
2107 2623 2280 2692 ἰσχὺν,
2314 2623 2400 2677 ἵνα
2431 2624 2640 2696 μάθητε
2678 2627 2760 2680 ὃτι
2791 2629 2853 2681 οὐ
2888 2631 3227 2700 περιγίνεται
3266 2634 3436 2705 αὐτῆς
3472 2621 3656 2709 ἀμάρο

1977 2725 2150 2779 τημα,
2181 2709 2303 2764 οὐδὲ
2335 2712 2451 2766 ἐστι
2483 2713 2801 2785 παρανομία
2842 2716 3102 2786 ἰσχύουσα
3132 2721 3518 2790 περιγενέσθαι
3551 2726 3654 2779 αὖ-

1975 2798 2076 2868 τῆς
2108 2799 2206 2870 τῆς
2235 2798 2537 2870 δυνάμεως.
2595 2799 2744 2864 Τέως
2794 2803 3002 2872 εἰσάγω
3033 2805 3132 2876 οὐχ
3181 2806 3298 2869 ἕνα,
3347 2808 3408 2861 ού
3451 2810 3564 2876 δύο,
3591 2813 3652 2866 ού

1977 2887 2146 2957 τρεῖς,
2186 2887 2324 2940 ἀλλά
2364 2887 2608 2957 χιλιάδας
2655 2889 2859 2953 πολλὰς
2903 2891 3248 2964 ήλκώμένας.
3290 2913 3654 2970 τετραυματι-

1977 2977 2204 3047 σμένας,
2238 2977 2448 3048 μυρίων
2473 2979 2889 3050 ἁμαρτημάτων
2910 2982 3209 3051 γεμούσας,
3232 2985 3342 3038 ἀπὸ
3357 2987 3459 3058 τῆς
3487 3007 3654 3060 μετα.

1975 3063 2126 3128 νοίας
2172 3064 2477 3136 δυναμένας
2518 3064 2777 3138 σωθῆναι,
2829 3067 2907 3133 ὡς
2938 3069 3073 3139 μηδὲ
3104 3070 3269 3142 ἴχνος,
3305 3075 3439 3147 μηδὲ
3489 3078 3653 3149 οὐλὴν

1975 3151 2120 3224 ἔχειν
2141 3153 2250 3208 τῶν
2279 3153 2452 3208 ἐλκῶν
2483 3154 2594 3208 τῶν
2631 3157 2934 3226 προτέρων.
2984 3158 3150 3213 Ἀλλά
3183 3166 3481 3237 προσέχετε
3512 3169 3651 3239 μετά

1975 3239 2262 3313 ἀκριϐείας
2276 3240 2355 3312 τῷ
2377 3241 2540 3313 λόγῳ,
2564 3243 2660 3296 zeal
2681 3245 2756 3315 μὴ
2782 3246 3075 3317 προσέχετε
3101 3249 3282 3319 μόνον,
3310 3251 3445 3308 ἀλλά
3469 3257 3562 3309 zeal
3582 3261 3648 3330 τῇ

1977 3331 2166 3401 μνήμῃ
2221 3329 2539 3402 παραδίδοτε
2577 3332 2644 3386 τὰ
2673 3333 2963 3404 λεγόμενα,
2993 3337 3080 3392 ἵνα
3133 3341 3380 3407 καὶτοὺς
3431 3329 3649 3402 ἀπολειέ

1974 3417 2208 3508 φθέντας
2229 3418 2627 3491 συμϐιϐάσητε,
2662 3422 2756 3475 zeal
2795 3423 2939 3478 οὕτω
2972 3429 3038 3497 τῇ
3075 3427 3316 3503 ὠφελείᾳ
3351 3432 3461 3487 τῶν
3497 3424 3672 3508 εἰρη-’

1975 3507 2154 3577 μένων
2210 3508 2450 3578 ἐρήμους
2504 3509 2664 3574 ὄντας
2739 3513 3193 3587 σπουδαιοτέρους
3244 3507 3642 3595 καταστήσητε,

1972 3595 2240 3666 Παρέστω
2271 3597 2452 3650 τοίνυν
2489 3598 2719 3662 Ἡσαΐας
2761 3599 2791 3651 ό
2829 3603 2937 3655 τῶν
2971 3605 3222 3678 Σεραφίμ
3247 3609 3470 3682 θεωρὸς,
3508 3616 3537 3668 ὁ
3581 3613 3644 3668 τὸ

1974 3683 2237 3773 μυστικὸν
2265 3683 2427 3773 μέλος
2469 3685 2711 3751 ἀκούσας
2736 3689 2932 3754 ἐκεῖνο,
2960 3693 2988 3744 ὁ
3035 3694 3206 3764 μυρία
3244 3699 3486 3768 περὶτοῦ
3513 3703 3646 3773 Χρι-

1971 3769 2097 3824 στοῦ
2134 3770 2444 3840 προειπών⁸
2476 3773 2847 3846 ἐρωτήσωμεν
2879 3777 2933 3830 τί
2961 3795 3154 3850 φησιν·
3187 3783 3435 3852 Ὅριισις
3464 3786 3544 3856 ἥν
3561 3769 3643 3844 εἷ-

1961 3857 2076 3916 ,δεν
2105 3858 2355 3926 Ἡσαΐας
2387 3859 2539 3914 κατὰ
2559 3859 2672 3930 τῆς
2709 3863 3026 3934 Ἰουδαίας,
3061 3868 3160 3923 καί
3194 3873 3345 3928 κατὰ
3379 3874 3491 3943 τῆς
3541 3877 3644 3933 '14-:-

1959 3945 2312 4016 ρουσαλήμ.
2341 3947 2479 4002 Εἰπὲ
2517 3949 2618 4020 τὴν
2667 3949 2857 4022 ὅρασιν
2915 3954 2983 4026 ἣν
3042 3953 3202 4022 εἶδες,
3266 3962 3494 4030 Ἄκουε,
3537 3968 3642 4020 οὐ-

1959 4034 2132 4102 ρανέ,
2174 4033 2587 4102 καίἐνωτίζου,
2621 4038 2720 4108 τῆ,
2750 4039 2841 4094 ὅτι
2865 4043 3078 4111 Κύριος
3107 4046 3433 4116 ἐλάλησεν.
3474 4055 3640 4108 ’Λλλα

1969 4121 2301 4212 ἐπηγγείλω,
2322 4123 2418 4212 zeal
2460 4123 2596 4212 ἀλλα
2641 4124 2836 4196 λέγεις.
2898 4127 3045 4203 {545]
3090 4134 3224 4188 Ποῖα
3274 4135 3411 4192 ἀλλα
3464 4140 3637 4212 ἐπηγ-

1965 4207 2272 4299 ﬁeld-pm;
2341 4210 2665 4299 ’Δρχόμενος
2723 4212 2902 4282 λέγεις
2921 4233 2936 4248 ο
2995 4218 3242 4288 Ὄρασις
3308 4228 3460 4280 κατὰ
3525 4207 3638 4299 {ﬁe-

1978 4295 2272 4390 ἷξουδαίας
2321 4298 2421 4390 καί
2478 4299 2630 4390 κατά
2685 4301 3082 4375 Ἰερουσαλὴμ
3104 4347 3119 4373 ,
3173 4309 3267 4362 zeal
3317 4312 3474 4381 ἀφεὶς

1976 4386 2276 4479 Ἰουδαίαν,
2443 4388 2542 4459 τὴν
2579 4389 2952 4464 Ἰερουσαλὴμ,
3001 4396 3215 4468 οὐρανῷ
3250 4386 3632 4479 προσδιαλέγη,

1963 4476 2059 4530 zeal
2091 4477 2186 4530 ἐπὶ
2217 4477 2319 4550 τὴν
2345 4477 2452 4549 γῆν
2479 4479 2734 4544 ἐκκλίνας
2757 4482 2848 4535 τὸν
2878 4482 3054 4553 λόγον,
3082 4487 3303 4558 ἀφῆκας
3331 4493 3456 4555 τοὺς
3485 4476 3632 4564 λογι-

1960 4564 2094 4657 θεοὺς
2497 4569 2591 4621 zeal
2632 4571 2764 4657 τοῖς
2784 4571 2999 4640 ἀλόγοις
3033 4577 3317 4646 στοιχείοις
3368 4580 3630 4657 διαλέγῃς

1973 4651 2191 4723 Ἐπειδὴ
2223 4653 2332 4706 τῶν
2360 4654 2569 4724 ἀλόγων
2600 4656 2930 4729 ἀλογώτεροι
2955 4661 3002 4713 οἱ
3024 4660 3230 4730 λογικοὶ
3260 4667 3505 4733 ἐγένοντο
3531 4651 3629 4724 ιόο

1957 4737 2045 4792 διὰ
2073 4739 2232 4793 τοῦτο
2256 4739 2312 4792 δέ
2341 4741 2520 4811 μόνον,
2561 4741 2676 4797 ἀλλ’
2710 4745 2898 4814 ἐπειδὴ
2932 4747 3140 4817 μέλλων
3177 4753 3206 4803 ό
3237 4752 3476 4824 Μωῦσῆς
3516 4758 3627 4809 εἰσ-

1959 4827 2350 4915 άγειναὺτοὺςν
2375 4830 2455 4892 εἰς
2488 4830 2586 4900 τὴν
2624 4831 2730 4901 γῆν
2752 4833 2851 4903 τῆς
2888 4836 3240 4904 ἐπαγγελίας.
3271 4839 3365 4892 zeal
3406 4842 3625 4915 ἀφορῶν

1955 4914 2024 5004 τά
2053 4913 2312 5004 μέλλοντα
2329 4914 2568 4982 ἔσεσθαι,
2585 4918 2667 4970 ὃτι
2695 4917 2763 4972 τά
2793 4920 3203 4991 παραδεδομένα
3235 4924 3458 4994 ἔμελλον
3485 4913 3624 5004 παρ-

1957 5001 2107 5060 ιδιίν.
2141 5003 2368 5066 Ἄκουε,
2402 5003 2644 5072 οὐρανέ,
2672 5007 2827 5078 φησί,
2859 5009 2956 5062 καί
3006 5011 3347 5080 προσεχέτω
3387 5014 3464 5084 τῆ
3509 5001 3620 5086 py}-

1947 5105 2108 5160 ματα
2135 5089 2207 5145 ἐκ
2233 5092 2530 5160 στόματός
2548 5111 2686 5162 μου.
2716 5094 3168 5168 Διαμαρτύρομαι
3191 5098 3320 5168 ύμῖν
3341 5101 3431 5155 τὸν
3460 5105 3620 5176 ούρα-

1952 5177 2041 5232 νὸν
2069 5179 2162 5232 zeal
2183 5178 2281 5250 τὴν
2311 5180 2434 5250 γῆν,
2460 5181 2490 5233 ὁ
2512 5181 2753 5251 Μωῦσῆς
2781 5198 2964 5252 φησιν,
2995 5184 3077 5238 ὅτι
3109 5183 3204 5240 ἐὰν
3228 5186 3508 5261 εἰσέλθητε
3539 5195 3618 5258 είς

1951 5264 2050 5335 τὴν
2080 5265 2184 5332 γῆν
2223 5265 2552 5335 ἐπαγγελίας
2573 5306 2588 5332 ,
2643 5267 2736 5324 καί
2781 5268 3215 5342 ἐγκαταλείπητε
3276 5273 3479 5345 Κύριον
3525 5280 3619 5335 τὸν

1949 5351 2102 5416 Θεὸν,
2132 5352 2285 5423 ἔχετε
2331 5354 2784 5425 διασκεὼσθῆναι
2831 5359 2912 5420 εἰς
2936 5357 3114 5412 πάντα
3136 5359 3204 5413 τά
3228 5358 3380 5433 ῑθνη.
3410 5360 3616 5421 Ἦλθεν

1962 5441 2204 5507 Ἡσαΐας,
2232 5441 2453 5512 ἔμελλεν
2486 5444 2519 5513 η
2549 5444 2744 5515 ἀπειλὴ
2773 5445 2854 5512 εἰς
2885 5444 3045 5518 ἔργον
3096 5448 3426 5521 ἐκφέρεσθαι
3447 5469 3462 5484 °
3513 5457 3616 5511 οὐκ

1949 5527 2176 5597 ἠδύνατο
2192 5530 2430 5588 Μωῦσέα
2459 5530 2685 5593 καλέσαι
2709 5532 2804 5587 τὸν
2827 5533 3186 5600 ἀποθανόντα,
3226 5539 3464 5606 καὶτοὺς
3491 5544 3615 5598 τότε

1947 5614 2284 5685 ἀκούσαντας
2319 5616 2412 5673 zeal
2449 5616 2906 5691 τελευτήσαντας,
2949 5623 3043 5678 zeal
3073 5623 3231 5682 καλεῖ
3254 5626 3323 5682 τὰ
3353 5633 3609 5701 στοιχεῖα,
3700 5619 3711 5629 ’
