4062 6206
351 231 452 287 341
1452 233 1545 288 DE
1584 233 2052 291 PtENITENTIA.
2096 236 2319 292 llOMlL.
2363 237 2499 294 VIII.

347 333 457 391 cat,
479 336 515 393 q
535 330 606 374 ne“
629 330 957 377 contestatus
984 333 1095 379 erat
1110 324 1336 395 Moyses.
1359 325 1498 382 Ecce
1522 343 1551 381 a
1583 329 1935 397 promissione

352 412 626 470 excidistis
651 456 667 479 ,
712 429 746 468 ο
782 414 951 470 ,ιυάωἱ
984 432 999 469 :
1030 432 1156 471 ecce
1193 416 1549 488 dereliquistis
1581 420 1769 477 Deum.
1819 421 1936 489 Quo

350 516 508 577 pacto
548 516 600 561 te
636 506 941 572 advocabo,
988 509 1234 581 Moyses?
1271 509 1551 568 defunctus
1593 513 1736 568 enim
1777 529 1856 580 es,
1884 524 1936 569 et

351 600 513 654 vitam
535 597 737 655 obiisti.
768 599 886 666 Quo
911 610 1064 671 pacto
1093 601 1218 657 item
1253 603 1516 658 Aaronem
1547 605 1820 660 evOCabo?
1850 606 1937 660 ille

350 706 566 761 quoque
626 700 854 747 mortem
915 693 1191 761 oppetivit.
1271 693 1385 747 Non
1454 704 1609 765 potes
1666 694 1935 750 hominem

348 782 614 836 evocare?
652 796 817 838 evoca
862 783 1145 838 elementa.
1186 782 1387 839 Idcirco
1413 786 1555 839 enim
1584 794 1639 840 et
1683 801 1781 855 ego
1808 786 1934 840 dum

348 874 605 941 viverem,
642 889 749 929 non
785 878 1050 930 Aaronem
1098 876 1292 943 solum,
1336 893 1440 931 non
1484 878 1631 933 illum
1682 888 1736 934 et
1788 879 1934 933 illum

349 966 690 1021 contestabar
711 1008 726 1032 ,
756 968 877 1037 quia
906 968 1101 1023 obituri
1141 978 1321 1034 erant;
1356 969 1451 1025 sed
1493 970 1751 1025 elementa
1772 1014 1787 1037 ,
1817 988 1935 1041 qua:

348 1066 588 1122 manent,
612 1073 803 1127 nempe
824 1060 1012 1113 ca-lum
1049 1069 1103 1115 et
1132 1070 1350 1126 terram,
1382 1071 1672 1116 contestor.
1704 1065 1787 1118 Ait
1834 1066 1932 1131 igi-

348 1159 435 1205 tur
466 1149 647 1212 Isaias,
671 1151 826 1218 Audi,
855 1153 1055 1217 caelum,
1083 1162 1129 1207 et
1152 1153 1357 1207 auribus
1385 1156 1600 1219 percipe,
1632 1165 1784 1209 terra.
1826 1156 1933 1211 Vos

346 1242 489 1296 enim
508 1243 667 1311 jussit
690 1243 899 1315 Moyses
924 1244 1081 1300 hodie
1104 1246 1384 1302 advocare.
1407 1246 1587 1317 Neque
1610 1248 1743 1303 hanc
1762 1248 1934 1303 solum

346 1334 417 1388 ob
444 1350 656 1389 causam
697 1346 851 1392 vocat
876 1337 1159 1405 elementa,
1187 1339 1279 1395 sed
1308 1341 1429 1410 quia
1456 1340 1672 1396 Judzeos
1701 1342 1936 1411 alloque-

345 1423 522 1479 batur.
558 1426 714 1492 Audi,
758 1426 938 1481 calum
960 1444 981 1493 ;
1007 1439 1060 1482 tu
1086 1429 1227 1483 enim
1259 1445 1447 1484 manna
1495 1431 1752 1487 demisisti
1782 1450 1796 1486 :
1825 1431 1934 1487 Au-

344 1516 483 1574 ribus
511 1518 730 1587 percipe,
778 1529 949 1584 terra;
977 1528 1033 1574 tu
1079 1536 1307 1590 namque
1351 1523 1676 1578 coturnicem
1721 1521 1933 1577 dedisti.

345 1611 503 1677 Audi,
529 1612 729 1677 cazlum,
753 1612 874 1666 audi
904 1631 918 1667 :
950 1622 1003 1668 tu
1028 1613 1169 1667 enim
1192 1629 1381 1667 manna
1405 1614 1663 1669 demisisti
1682 1632 1697 1680 ;
1717 1624 1771 1669 tu
1792 1616 1934 1670 enim

345 1717 466 1772 qua:
490 1719 647 1771 supra
676 1714 918 1759 naturam
940 1715 1093 1760 erant
1112 1707 1397 1761 exhibuisti
1432 1725 1447 1761 :
1474 1722 1685 1761 sursum
1710 1722 1850 1773 eras,
1876 1718 1931 1763 et

344 1808 525 1848 aream
573 1794 886 1850 imitabaris.
944 1797 1163 1850 Auribus
1207 1798 1428 1869 percipe,
1464 1807 1595 1851 terra
1634 1813 1653 1851 :
1698 1806 1753 1851 tu
1793 1799 1933 1853 enim

344 1883 592 1938 deorsum
632 1900 751 1939 eras
780 1925 797 1949 ,
841 1894 894 1939 et
958 1888 1372 1955 extemporalem
1428 1903 1668 1943 mensam
1708 1887 1925 1955 parasti.

344 1973 522 2029 Otiosa
549 1984 659 2029 erat
688 1984 896 2041 natura,
924 1985 976 2029 et
991 1977 1157 2045 gratia
1183 1987 1397 2047 operata
1420 1986 1503 2031 est
1533 1992 1547 2030 :
1579 1977 1736 2032 boum
1760 1976 1935 2031 nullus

346 2075 464 2120 erat
488 2065 658 2131 labor,
688 2075 741 2121 et
768 2068 913 2136 spica
942 2066 1337 2137 proferebatur:
1370 2083 1474 2122 non
1501 2083 1790 2137 coquorum
1818 2083 1933 2122 ma-

343 2174 466 2223 nus,
492 2173 598 2213 non
623 2159 829 2227 jussum
858 2160 1046 2214 aderat
1078 2178 1092 2215 :
1120 2161 1214 2216 sed
1251 2176 1445 2216 manna
1472 2160 1631 2215 fontis
1656 2160 1828 2215 sancti
1854 2160 1937 2214 in-

342 2261 455 2305 star
475 2251 715 2307 omnium
743 2253 914 2307 vicem
946 2251 1230 2322 supplebat
1267 2271 1282 2308 :
1314 2261 1499 2307 natura
1530 2253 1757 2321 propria:
1781 2252 1933 2307 inlir-

342 2342 545 2396 mitatis
600 2342 1030 2399 obliviscebatur.
1092 2343 1209 2410 Quo
1260 2350 1413 2415 pacto
1472 2344 1712 2413 ipsorum
1759 2353 1936 2400 vestes

343 2433 553 2488 detrita:
578 2448 684 2489 non
710 2434 878 2488 sunt?
905 2433 1183 2501 Quomodo
1201 2436 1435 2506 ipsorum
1451 2434 1808 2491 calceamenta
1828 2451 1933 2489 non

344 2533 467 2579 sunt
491 2532 753 2580 vetustate
774 2527 1125 2594 consumpta?
1155 2527 1342 2581 Omnia
1371 2526 1439 2581 ad
1462 2526 1671 2581 illorum
1697 2526 1936 2583 ministe-

344 2615 483 2671 rium
542 2615 921 2671 inserviebam.
965 2616 1123 2682 Audi,
1169 2616 1370 2683 ctelum,
1402 2627 1450 2671 et
1476 2618 1681 2671 auribus
1715 2619 1931 2687 percipe,

343 2713 501 2759 terra.
531 2705 659 2759 Post
689 2714 766 2759 tot
796 2707 1016 2769 monita,
1043 2716 1163 2777 post
1189 2716 1265 2761 tot
1308 2707 1587 2771 beneficia,
1616 2709 1935 2777 contumelia

345 2795 577 2849 al’licitur
605 2796 880 2850 Dominus.
912 2797 1080 2865 Quem
1127 2798 1407 2867 alloquar?
1433 2814 1560 2852 num
1587 2800 1723 2853 vos?
1752 2797 1932 2853 Nemi—

346 2901 468 2941 nem
497 2885 585 2956 qui
611 2886 787 2941 audiat
819 2886 1012 2943 habeo.
1044 2886 1175 2945 Ecce
1191 2889 1323 2955 veni,
1346 2896 1393 2941 et
1414 2889 1585 2943 nullus
1616 2899 1722 2943 erat
1743 2890 1932 2943 homo:

346 2978 581 3047 loquutus
610 2997 743 3045 sum,
775 2996 866 3033 nec
887 2991 997 3034 erat
1022 2981 1108 3051 qui
1128 2982 1342 3034 audiret.
1380 2982 1765 3037 lrrationabilia
1794 2982 1933 3037 allo-

345 3082 503 3137 quar,
550 3069 976 3139 quandoquidem
1021 3070 1364 3126 rationabiles
1393 3071 1458 3125 ad
1497 3070 1934 3127 irrationabilium

344 3158 600 3214 vilitatem
624 3160 827 3231 delapsi
852 3170 993 3215 sunt.
1018 3161 1373 3229 Quamobrem
1404 3163 1539 3218 alius
1570 3163 1831 3232 propheta
1857 3164 1934 3217 vi-

343 3249 435 3306 det
462 3250 724 3308 furentem
759 3268 962 3323 regem,
992 3253 1186 3308 idolum
1213 3254 1358 3308 cultu
1394 3253 1733 3317 honoratum,
1766 3255 1931 3309 Deum

342 3345 661 3398 contumelia
690 3344 959 3411 allectum,
1003 3347 1137 3400 alios
1165 3361 1354 3401 omnes
1374 3349 1645 3411 attonitos,
1676 3358 1731 3403 et
1758 3348 1884 3402 dicit
1915 3363 1931 3402 :

342 3435 479 3489 Audi
520 3453 619 3498 me,
669 3438 848 3500 altare,
899 3438 1023 3490 audi
1064 3454 1142 3492 me
1188 3440 1265 3507 (3.
1316 3437 1443 3509 Reg.
1492 3440 1579 3493 15.
1624 3439 1717 3509 2).
1773 3438 1932 3508 Lapi-

344 3525 467 3583 dem
494 3542 561 3580 ne
587 3527 909 3597 alloqueris?
938 3528 1110 3582 Etiam
1144 3546 1157 3582 :
1181 3526 1611 3598 quandoquidem
1640 3545 1731 3584 rex
1759 3530 1933 3584 minus

343 3627 426 3673 est
468 3632 687 3689 compos
732 3636 1004 3686 sensuum,
1047 3637 1203 3691 quam
1247 3622 1398 3690 lapis.
1441 3621 1575 3675 Audi
1612 3638 1708 3688 me,
1750 3623 1929 3689 altare,

342 3709 510 3775 audi;
539 3710 646 3764 hcce
670 3711 793 3763 dicit
822 3709 1091 3765 Dominus.
1124 3712 1190 3766 Et
1228 3712 1403 3766 statim
1449 3713 1616 3767 altare
1663 3713 1930 3780 diruptum

341 3810 428 3856 est
460 3820 473 3855 :
502 3811 555 3857 et
574 3802 709 3871 lapis
728 3803 949 3867 audivit,
978 3804 1113 3874 lapis
1136 3804 1377 3875 diruptus
1404 3815 1506 3866 est,
1532 3816 1585 3860 et
1610 3804 1930 3860 sacrificium

343 3889 551 3945 effudit.
585 3892 863 3958 Quomodo
878 3908 982 3947 non
1012 3893 1212 3948 audivit
1233 3894 1426 3948 homo?
1444 3894 1702 3948 Extendit
1718 3910 1930 3949 manum

342 3995 515 4046 suam,
575 3993 630 4037 ut
673 3993 881 4053 raperet
920 3984 1230 4053 pr0phetam
1260 4003 1272 4038 :
1302 3994 1357 4039 et
1403 3985 1528 4056 quid
1572 3984 1695 4040 facit
1750 3986 1932 4040 Deus?

342 4072 578 4128 Arefecit
605 4075 719 4143 ejus
748 4091 984 4130 manum.
1010 4075 1141 4130 Vide
1164 4075 1413 4145 quidnam
1458 4075 1659 4140 fecerit,
1684 4076 1801 4131 vide
1826 4076 1932 4130 Do-

344 4163 476 4216 mini
507 4164 843 4219 clementiam
876 4206 891 4231 ,
922 4175 974 4220 et
1001 4165 1140 4220 servi
1185 4176 1481 4234 peccatum.
1513 4166 1688 4233 Quare
1734 4182 1839 4222 non
1865 4167 1932 4221 ab

343 4251 495 4307 initio
520 4268 734 4307 manum
764 4255 879 4324 ejus
919 4254 1176 4310 arefecit?
1203 4255 1271 4313 Ut
1309 4256 1520 4325 dirupto
1548 4257 1721 4326 lapide
1745 4258 1933 4327 resipi-

343 4354 539 4399 sceret.
572 4345 782 4401 Etenim
834 4346 881 4401 si
912 4348 1042 4417 lapis
1071 4348 1315 4417 diruptus
1338 4365 1445 4403 non
1492 4350 1697 4414 luisset,
1728 4351 1820 4405 tibi
1843 4366 1935 4420 pe-

346 4434 674 4503 percissem:
724 4437 845 4505 quia
875 4452 1002 4492 vero
1048 4438 1300 4493 discissus
1348 4448 1429 4493 est
1466 4440 1619 4509 lapis,
1669 4448 1723 4493 et
1743 4451 1794 4493 tu
1826 4458 1931 4496 non

344 4526 658 4581 emendatus
698 4542 777 4592 es,
808 4528 941 4582 iram
967 4528 1019 4583 in
1060 4538 1111 4584 te
1137 4531 1413 4583 transfero.
1445 4530 1695 4584 Extendit
1720 4546 1931 4585 manum

347 4622 407 4671 ut
451 4626 662 4685 raperet
708 4618 1043 4687 prophetam,
1080 4630 1132 4673 et
1174 4619 1399 4675 arefacta
1431 4628 1513 4675 est
1560 4636 1768 4676 manus.
1800 4621 1933 4677 Ere—

344 4716 491 4767 ctum
521 4717 635 4762 erat
683 4717 938 4778 tropaeum
973 4728 986 4764 :
1018 4710 1240 4766 aderant
1289 4718 1364 4766 tot
1391 4711 1648 4766 satellites
1675 4721 1727 4765 et
1774 4712 1934 4766 duces

346 4796 642 4862 exercitus,
659 4799 917 4853 auxilium
943 4802 1148 4869 ingens,
1172 4809 1225 4854 et
1245 4816 1459 4855 manum
1480 4801 1596 4870 ejus
1619 4802 1935 4856 contrahere

347 4902 454 4940 non
496 4897 778 4956 poterant;
826 4890 920 4945 sed
950 4892 1120 4947 stabat
1148 4908 1335 4946 manus
1374 4908 1504 4948 voce
1528 4893 1804 4949 declarans
1830 4894 1932 4948 im-

347 4976 559 5045 pietatis
592 4978 1037 5047 proﬂigatiouem,
1078 4982 1291 5051 pietatis
1337 4993 1615 5052 tropzeum,
1666 4983 1759 5038 Dei
1806 4999 1931 5054 erga

348 5065 594 5124 homines
620 5070 1022 5142 benignitatem,
1054 5073 1196 5141 illius
1220 5072 1500 5128 insaniam.
1529 5074 1596 5129 Et
1624 5074 1767 5129 illam
1801 5089 1932 5130 con-

350 5158 563 5213 trahere
586 5175 691 5216 non
720 5171 984 5231 poterant.

420 5252 475 5305 4.
503 5250 700 5307 Verum
732 5270 798 5309 ne
827 5255 1047 5310 verbum
1074 5270 1137 5311 ex
1172 5255 1338 5313 verbo
1367 5264 1608 5312 texentes
1637 5256 1931 5325 argumenti

350 5342 749 5421 obliviscamur,
791 5362 889 5415 age
934 5362 1051 5411 quae
1081 5348 1299 5417 polliciti
1338 5364 1523 5403 sumus
1566 5348 1930 5403 ostendamus.

350 5434 613 5501 Quidnam
645 5438 865 5507 polliciti
902 5455 1087 5493 sumus
1116 5440 1139 5491 ?
1164 5440 1317 5507 Quod
1348 5441 1392 5495 si
1418 5442 1536 5511 quis
1573 5441 1839 5496 sexcentis
1867 5440 1937 5494 sit

352 5526 577 5581 allectus
605 5528 932 5594 vulneribus,
961 5530 1429 5601 poenitentiamque
1456 5540 1595 5601 agat,
1640 5542 1690 5585 et
1740 5532 1933 5584 bonum

358 5627 625 5686 operetur,
676 5608 755 5674 sic
792 5619 1077 5675 eadelehit
1121 5621 1281 5687 Deus,
1326 5630 1380 5676 ut
1428 5636 1526 5677 nec
1556 5619 1811 5689 cicatrix,
1839 5636 1936 5675 nec

356 5708 658 5785 vestigium.
698 5725 796 5768 nec
843 5710 1089 5768 indicium
1130 5712 1365 5784 priorum
1396 5722 1732 5787 peccatorum
1774 5726 1935 5784 appa-

3516 247 3624 301 383

2045 340 2178 384 reat.
2203 331 2329 386 Haec
2356 334 2596 401 promisi,
2628 335 2744 390 haec
2772 336 3142 396 demonstrare
3163 340 3417 397 conabor.
3446 340 3617 409 Audi,

2041 423 2241 486 calum,
2280 432 2327 477 et
2383 425 2588 480 auribus
2636 443 2835 497 percipe
2870 468 2886 495 ,
2920 439 3072 495 terra,
3104 438 3222 501 quia
3257 431 3502 486 Dominus
3539 433 3618 485 ls-

2040 525 2223 583 quutus
2251 525 2322 569 est
2350 515 2503 584 (lsai.
2528 518 2579 572 1.
2608 518 2662 571 2.
2696 518 2763 571 ad
2792 520 2870 589 4.)
2898 522 2990 575 Dic
3032 523 3181 585 mihi,
3214 523 3339 591 quid
3364 523 3617 591 loquutus

2042 606 2157 660 est?
2188 606 2349 662 Filios
2364 610 2513 679 genui
2542 619 2587 663 et
2617 610 2853 675 exaltari,
2888 612 2987 681 ipsi
3013 623 3180 666 autem
3204 624 3496 681 spreverunt
3522 630 3622 668 me.

2045 695 2287 766 Cognovit
2309 698 2395 750 bos
2416 716 2772 766 possessorem,
2803 700 3252 756 irrationabilibus
3281 704 3622 758 irrationabi-

2042 789 2239 846 liores:
2271 800 2317 844 et
2341 793 2512 845 asinus
2553 809 2775 862 prwsepe
2810 792 3002 847 domini
3035 794 3149 858 sui,
3181 794 3346 848 asinis
3382 796 3625 850 hebetio-

2042 896 2149 934 res.
2181 880 2345 935 Israel
2370 894 2535 936 autem
2566 900 2644 937 me
2669 900 2770 937 non
2800 886 3047 953 cognovit,
3091 894 3134 937 et
3174 884 3391 955 papulus
3420 901 3499 938 me
3520 900 3623 938 non

2043 973 2307 1027 intellexit.
2350 973 2436 1029 Va:
2465 976 2601 1045 genti
2641 976 2921 1043 peccatrici.
2976 974 3102 1036 Cur.
3133 976 3322 1044 inquit,
3365 975 3504 1029 nulla
3542 983 3625 1029 est

2041 1079 2167 1134 spes
2190 1064 2372 1118 salutis
2393 1066 2415 1117 ?
2436 1066 2546 1130 Qua
2570 1065 2636 1120 de
2664 1081 2821 1119 causa
2847 1066 2999 1131 dicis,
3028 1064 3151 1120 Vae?
3177 1066 3308 1132 Quia
3345 1080 3449 1119 non
3476 1065 3623 1119 inve-

2044 1160 2134 1213 nio
2158 1159 2437 1213 medelam.
2470 1161 2581 1226 Qua
2613 1161 2681 1215 tle
2702 1175 2857 1213 causa
2877 1160 3030 1221 dicis,
3074 1158 3202 1212 Vna?
3231 1159 3361 1227 Quia
3386 1158 3625 1213 medica-

2044 1262 2222 1306 menta
2250 1252 2495 1313 adhlbui.
2529 1267 2627 1306 nec
2660 1253 2822 1306 cessit
2844 1252 2991 1305 ulcus
3021 1253 3035 1303 l
3076 1251 3195 1305 ideo
3239 1266 3455 1305 aversus
3484 1263 3623 1302 sum.

2044 1344 2179 1410 Quid
2209 1344 2335 1397 mihi
2362 1344 2520 1411 igitur
2540 1344 2843 1418 faciendum
2870 1352 2952 1397 est
2979 1344 3002 1395 ?
3030 1342 3143 1397 Non
3164 1342 3413 1396 laborabo
3440 1350 3496 1395 ut
3522 1354 3622 1394 cu-

2042 1450 2178 1489 rem.
2210 1434 2298 1488 Va:
2329 1436 2349 1488 .'
2388 1436 2659 1489 Mulierem
2703 1442 3048 1503 repraesentat
3081 1434 3459 1488 lamentantem
3497 1449 3512 1486 :
3566 1439 3622 1485 et

2044 1524 2178 1579 bene
2205 1525 2633 1589 facit.Auimum,
2654 1542 2853 1593 quaeso,
2882 1525 3011 1579 mihi
3041 1518 3291 1578 adhibete
3317 1522 3623 1591 diligenter.

2054 1615 2164 1680 Vte,
2194 1617 2407 1685 quare?
2445 1618 2578 1682 Quia
2620 1617 2846 1685 idipsum
2876 1617 2928 1669 in
2956 1616 3267 1684 corporibus
3308 1615 3417 1667 lieri
3464 1613 3624 1667 solet.

2042 1705 2175 1761 Cum
2194 1708 2334 1761 enim
2362 1707 2552 1761 viderit
2576 1707 2811 1761 medicus
2830 1721 3028 1775 aegrum
3047 1705 3245 1758 nullam
3272 1704 3458 1758 salutis
3474 1716 3626 1770 spem

2042 1795 2347 1862 habentem,
2375 1798 2695 1866 lacrymatur
2720 1806 2808 1852 :ct
2833 1794 3110 1850 domestici
3142 1804 3195 1849 et
3214 1794 3399 1849 afﬁnes
3424 1792 3629 1862 ejulaut

2042 1898 2200 1957 atque
2222 1888 2599 1954 lamentantur,
2629 1888 2723 1942 sed
2754 1887 2948 1941 frustra
2982 1888 3231 1956 nulloque
3274 1886 3444 1939 fructu
3470 1903 3483 1938 :
3513 1901 3629 1939 mo-

2042 1979 2267 2033 riturum
2311 1979 2453 2033 enim
2501 1994 2570 2033 ne
2622 1978 2850 2033 mundus
2902 1977 3114 2048 quidem
3157 1986 3296 2031 totus
3342 1976 3628 2045 deplorans

2043 2070 2314 2127 excitabit.
2346 2071 2595 2125 Planctus
2624 2086 2753 2141 ergo
2782 2071 2871 2126 ille
2895 2070 2959 2124 ad
2984 2070 3183 2124 luctum
3208 2069 3374 2135 valet,
3407 2084 3514 2124 non
3560 2067 3628 2124 ad

2042 2162 2444 2215 restaurandam
2462 2162 2764 2216 sanitatem.
2798 2160 2964 2216 Secus
2979 2171 3156 2215 autem
3179 2160 3230 2213 in
3258 2159 3433 2213 aulma
3458 2177 3473 2212 :
3502 2174 3626 2215 nam

2043 2251 2087 2305 si
2116 2250 2347 2314 ﬂeveris,
2371 2266 2514 2318 stepe
2538 2251 2785 2319 eum,qui
2813 2251 2987 2304 anima
3018 2260 3259 2304 mortuus
3289 2257 3399 2314 est,
3426 2248 3629 2303 excita-

2042 2340 2144 2396 his.
2184 2340 2399 2406 Quare?
2438 2342 2570 2407 Quia
2616 2356 2811 2409 corpus
2854 2349 3123 2395 mortuum
3164 2340 3215 2393 vi
3262 2339 3491 2393 humana
3520 2354 3626 2393 non

2043 2433 2330 2497 excitatur,
2376 2432 2551 2486 anima
2578 2448 2707 2487 vero
2733 2441 2941 2485 mortua
2968 2432 3301 2484 correctione
3341 2428 3623 2483 excitatur.

2044 2525 2271 2593 Respice
2300 2523 2665 2587 fornicarium,
2690 2534 2741 2578 et
2768 2524 2934 2594 plora,
2964 2537 3213 2591 smpeque
3240 2522 3386 2575 illum
3424 2521 3628 2575 excita-

2042 2617 2144 2673 bis.
2167 2615 2397 2685 Ideoque
2425 2615 2617 2670 Paulus
2644 2630 2749 2669 non
2797 2614 3064 2668 scribebat
3106 2625 3161 2667 et
3188 2610 3509 2666 admonebat
3532 2625 3627 2664 so-

2043 2711 2151 2765 lum
2184 2749 2200 2776 ,
2249 2708 2344 2763 sed
2372 2708 2529 2761 etiam
2557 2722 2676 2762 cum
2726 2704 2976 2777 lacrymis
3002 2714 3055 2758 et
3084 2704 3335 2757 lamentis
3370 2700 3626 2756 hortaba-

2050 2810 2137 2856 tur
2166 2816 2619 2869 unumquemque.
2651 2799 2779 2853 Esto
2799 2798 3108 2861 admoneas,
3130 2811 3225 2849 cur
3238 2797 3396 2849 etiam
3425 2793 3627 2864 ploras?

2044 2890 2115 2947 Ut
2144 2891 2190 2945 si
2217 2906 2322 2945 non
2350 2890 2522 2944 valeat
2546 2888 2859 2952 admonitio,
2886 2888 3208 2941 auxilientur
3234 2886 3503 2955 laerymaa.
3534 2882 3627 2938 Sic

2044 2990 2098 3038 et
2130 2981 2386 3051 propheta
2418 2982 2755 3035 lamentatur.
2791 2980 3044 3034 Dominus
3073 2978 3199 3033 item
3227 2986 3410 3032 noster
3433 2976 3621 3030 videns

2044 3074 2341 3144 proximam
2367 3071 2715 3143 Jerosolymaa
2743 3072 2949 3125 ruinam
2980 3070 3109 3125 dicit
3134 3088 3148 3123 :
3175 3069 3486 3133 Jerusalem,
3508 3081 3624 3136 qua!

2043 3165 2227 3219 occidis
2284 3165 2583 3233 prophetas,
2628 3173 2676 3218 et
2716 3163 2912 3233 lapidas
2945 3179 3028 3217 eos
3072 3162 3161 3232 qui
3185 3162 3254 3215 ad
3274 3171 3322 3215 te
3345 3159 3484 3214 missi
3512 3166 3626 3212 sunt

2045 3254 2065 3326 (
2095 3255 2279 3309 Matth.
2310 3255 2405 3309 23.
2426 3254 2539 3325 37).
2570 3254 2765 3310 Urbem
2799 3254 3085 3324 compellat
3120 3253 3227 3322 jam
3268 3254 3491 3321 lapsam,
3523 3250 3623 3306 lto»

2044 3347 2347 3417 minemque
2398 3347 2664 3415 lugentem
2707 3346 2960 3399 imitatur.
3014 3342 3279 3411 Propheta
3331 3357 3493 3401 vero,
3531 3340 3639 3395 γε.

2042 3438 2178 3508 genti
2222 3438 2483 3507 peccatrici
2508 3478 2523 3500 ,
2557 3434 2744 3506 papula
2795 3436 2942 3505 pleno
2990 3434 3205 3502 peccatis
3238 3431 3256 3503 (
3284 3430 3413 3485 Isai.
3433 3431 3536 3485 ιι
3559 3431 3579 3499 )
3602 3448 3621 3485 :

2042 3529 2172 3583 nihil
2202 3528 2357 3583 habet
2378 3544 2563 3581 sanum
2586 3543 2779 3597 corpus
2809 3526 2953 3580 illud.
2981 3525 3220 3579 Vidistin‘
3239 3539 3332 3579 eos
3356 3522 3625 3579 ulceribus

2042 3619 2275 3689 plenos?
2305 3618 2498 3673 Semini
2519 3634 2751 3683 nequam,
2776 3618 2965 3687 popqu
3010 3616 3156 3686 pleno
3202 3616 3438 3685 peccatis.
3492 3612 3618 3677 Cur,

2042 3726 2244 3780 quzeso,
2272 3710 2613 3764 lamentatis?
2648 3708 2999 3777 Dercliquistis
3032 3706 3305 3758 Dominum
3327 3746 3340 3768 ,
3372 3714 3416 3756 et
3443 3706 3619 3757 irrita-

2041 3801 2130 3854 stis
2158 3801 2402 3855 Sanctum
2423 3799 2606 3853 Israel.
2638 3799 2773 3865 Quid
2798 3800 2931 3851 ultra
2959 3796 3306 3867 percutiamini
3339 3792 3500 3862 (Ibid.
3525 3793 3623 3863 5)?

2041 3890 2155 3956 Qua
2181 3907 2276 3945 vos
2304 3890 2452 3960 plaga
2484 3889 2705 3944 feriam?
2732 3889 2944 3944 famene
2973 3904 3039 3942 an
3071 3897 3218 3957 peste
3242 3887 3266 3939 ?
3293 3885 3463 3940 Omne
3491 3900 3622 3954 sup-

2042 3984 2183 4053 plicii
2223 3999 2391 4054 genus
2438 3983 2690 4047 accessit,
2719 3990 2772 4036 et
2816 3981 3049 4051 nequitia
3093 3989 3268 4034 vestra
3308 3986 3622 4046 consumpta

2043 4093 2149 4132 non
2197 4085 2279 4132 est.
2334 4095 2347 4131 :
2392 4075 2644 4131 Addentes
2692 4074 3149 4144 praevaricationes.
3194 4072 3354 4125 Omne
3393 4078 3542 4139 caput
3568 4069 3623 4122 in

2042 4169 2284 4234 laborem,
2322 4177 2370 4222 et
2398 4185 2544 4222 omne
2590 4185 2676 4221 cor
2702 4168 2753 4220 in
2780 4167 3033 4220 tristitiam
3056 4183 3074 4220 :
3100 4183 3199 4219 non
3230 4173 3301 4217 est
3329 4164 3500 4233 plaga,
3518 4178 3621 4215 non

2041 4262 2253 4317 cicatrix
2281 4260 2439 4329 (Ibid.
2463 4260 2537 4328 6).
2565 4261 2670 4313 Res
2697 4274 2829 4312 nova
2847 4258 2886 4310 ί.
2910 4257 3072 4311 Paulo
3101 4265 3224 4310 aute
3252 4253 3465 4308 dicebas
3490 4270 3501 4305 :
3526 4251 3623 4307 Se-

2043 4371 2153 4407 men
2175 4368 2386 4421 nequam
2412 4392 2427 4417 ,
2454 4350 2551 4419 ﬁlii
2575 4350 2753 4421 iniqui,
2788 4348 3117 4417 dereliquistis
3163 4345 3453 4409 Dominum,
3481 4351 3525 4398 et
3547 4346 3623 4395 ir-

2042 4446 2229 4500 ritastis
2252 4444 2496 4503 Sanctum
2521 4442 2703 4505 Israel;
2721 4451 2793 4508 et,
2821 4439 2911 4495 Va:
2924 4440 3059 4511 genti
3087 4437 3369 4510 peccatrici.
3397 4435 3625 4491 Lamen-

2045 4539 2192 4599 taris,
2224 4538 2374 4605 luges
2397 4576 2413 4601 ,
2466 4534 2706 4604 quereris
2734 4576 2749 4597 ,
2779 4533 2994 4587 vulnera
3037 4546 3319 4594 recenses;
3348 4537 3402 4583 et
3432 4523 3625 4582 deinde

2044 4627 2199 4691 dicis,
2232 4624 2410 4694 Neque
2456 4625 2668 4687 vulnus,
2702 4640 2858 4693 neque
2896 4622 3145 4679 cicatrix?
3176 4619 3421 4676 Attende.
3476 4617 3624 4671 Tunc

2043 4716 2235 4770 vulnus
2262 4714 2489 4770 eﬂicitur
2514 4756 2531 4781 ,
2562 4729 2681 4769 cum
2733 4714 2835 4767 alia
2863 4713 3103 4781 corporis
3144 4720 3294 4781 parte
3325 4706 3570 4762 incolumi
3604 4745 3622 4771 ,

2047 4823 2146 4861 una
2174 4807 2414 4876 corporis
2441 4822 2563 4876 pars
2607 4820 2767 4860 sensu
2821 4804 3072 4859 destituta
3116 4811 3293 4857 manet
3339 4817 3353 4853 :
3385 4800 3469 4853 hic
3494 4813 3624 4851 vero

2045 4898 2205 4962 dicit,
2234 4907 2399 4953 totum
2430 4911 2623 4965 corpus
2650 4910 2771 4951 esse
2812 4895 3006 4949 vulnus
3034 4909 3049 4947 :
3080 4891 3260 4962 Neque
3287 4887 3497 4953 vulnus,
3531 4904 3622 4941 ne-

2044 5006 2139 5059 que
2160 4988 2388 5053 cicatrix,
2422 5001 2581 5057 neque
2610 4986 2761 5058 plaga
2788 4996 3014 5049 tumens;
3032 4984 3123 5038 sed
3156 4999 3184 5037 a
3214 4980 3433 5051 pedibus
3456 4994 3625 5047 usque

2045 5078 2110 5133 ad
2132 5088 2289 5147 caput
2324 5093 2428 5131 non
2464 5086 2637 5147 potest
2663 5077 2860 5145 imponi
2894 5075 3187 5129 fomentum
3218 5114 3233 5137 ,
3266 5086 3372 5124 non
3412 5068 3611 5132 oleum,

2044 5187 2151 5225 non
2205 5170 2474 5241 ligamina.
2529 5168 2685 5224 Terra
2714 5178 2871 5222 uestra
2912 5166 3125 5227 deserta,
3176 5163 3398 5217 civitates
3450 5170 3623 5215 vestra

2044 5280 2295 5318 succensa:
2322 5264 2449 5333 igni,
2478 5264 2705 5333 regiones
2731 5270 2918 5314 vestras
2957 5259 3113 5313 alieni
3142 5254 3409 5311 comedunt
3438 5256 3456 5325 (
3486 5253 3618 5308 Ibid.

2047 5355 2122 5423 7).
2157 5353 2282 5408 Harc
2310 5353 2487 5408 omnia
2526 5352 2647 5417 feci,
2677 5361 2732 5405 et
2753 5366 2848 5405 vos
2892 5365 2996 5403 non
3040 5347 3337 5417 resipuistis
3365 5361 3380 5400 :
3410 5360 3623 5400 omnem

2046 5444 2262 5499 adhibui
2288 5454 2455 5498 artem
2478 5482 2494 5508 ,
2523 5449 2577 5498 et
2599 5456 2741 5512 teget
2789 5449 3029 5497 mortuus
3073 5447 3271 5494 manet.
3305 5435 3501 5503 Venite,
3530 5452 3624 5490 au-

2047 5536 2151 5589 dite
2173 5534 2375 5588 verbum
2412 5533 2621 5587 Domini
2644 5574 2660 5597 ,
2690 5533 2938 5602 principes
2969 5529 3310 5586 Sodomorum
3334 5540 3381 5583 et
3408 5525 3621 5582 (Iam

2052 5627 2175 5682 clue.
2230 5626 2342 5693 Quo
2383 5626 2505 5679 mihi
2558 5623 2925 5678 multitudinem
2983 5624 3292 5679 uictimarum
3344 5628 3629 5677 uestrarum

2110 5722 2123 5751 ¹
2161 5720 2231 5769 sic
2254 5716 2391 5768 Savil.
2418 5724 2466 5768 tt
2484 5715 2667 5774 Μοίρι,
2691 5726 2767 5763 res
2792 5725 2923 5765 vane.
