4062 6206
416 220 525 279 εις
1161 220 1221 265 δ.
1262 220 1540 265 suam“:
1574 220 2004 262 unumunu-

422 304 809 381 (IsaiJJO)?
849 300 988 373 Quid
1035 300 1227 373 igitur?
1278 298 1649 356 Sodomitasne
1675 292 2004 365 alloquitur?

424 393 1115 470 Nequaquam,sed.ludzos
1130 390 1431 448 Sodomitas
1456 387 1711 458 appellat.
1740 384 2001 453 Quoniam

423 494 567 550 enim
586 504 771 546 eorum
812 501 992 542 mores
1021 482 1368 538 imitabantur
1386 522 1403 547 ,
1433 494 1618 537 eorum
1650 477 1780 547 ipsis
1807 491 2002 533 nomen

425 585 675 656 imponit.
704 581 899 643 Venite,
931 578 1102 633 audite
1130 576 1333 630 verbum
1360 574 1585 636 Domini,
1618 572 1870 641 principes
1899 568 2003 624 So—

427 679 692 733 domorum
716 682 763 727 et
792 670 1109 725 Gomorrba.
1137 667 1250 731 Quo
1275 665 1399 718 mihi
1445 662 1818 716 multitudinem
1858 659 2003 713 victi-

429 784 627 821 marum
656 774 930 819 vestrarum
958 761 983 814 ?
1031 760 1153 812 dicit
1201 756 1470 811 Dominus.
1504 753 1693 807 Plenus
1721 768 1832 805 sum
1858 750 1977 808 bolo

432 860 623 913 caustis
646 857 858 910 arietum
879 895 893 917 ,
921 862 968 906 et
995 852 1199 919 adipem
1243 864 1489 919 agnorum
1519 846 1657 900 nolo.
1688 845 1749 900 Si
1784 843 2009 909 oﬂ'eratis

436 953 558 1005 mihi
585 951 821 1012 similam,
854 962 1035 1001 vanum
1061 960 1079 998 :
1112 944 1386 1013 thymiama
1411 938 1713 993 abominatio
1749 946 1819 991 est
1845 936 2008 989 mihi:

433 1042 719 1097 neomenias
744 1048 931 1093 vestras
952 1046 998 1090 et
1024 1035 1228 1090 sabbata
1256 1034 1361 1086 odit
1390 1033 1561 1085 anima
1581 1046 1689 1083 mea
1717 1046 1736 1083 :
1756 1029 2010 1100 jejunium

440 1144 485 1187 et
509 1134 640 1186 diem
671 1147 909 1201 magnum
936 1146 1037 1182 non
1059 1128 1186 1196 fero.
1217 1124 1344 1181 Cum
1373 1123 1690 1178 extenderitis
1729 1136 1909 1173 manus
1930 1134 2014 1172 ve-

428 1234 565 1277 stras
607 1222 675 1274 ad
717 1238 794 1274 me
817 1260 831 1285 ,
868 1228 1090 1272 avertam
1132 1216 1304 1269 oculos
1331 1231 1464 1268 meos
1490 1231 1521 1266 a
1546 1212 1682 1267 vobis
1710 1211 1871 1279 (Ibid.
1914 1210 2012 1265 15-

437 1313 732 1381 i5).Estne
763 1312 836 1365 ira
872 1310 993 1364 huic
1018 1308 1282 1377 aequalis?
1317 1305 1579 1374 Propheta
1625 1303 1814 1357 cmlum
1848 1301 2013 1356 advo-

434 1415 539 1470 cat,
571 1405 889 1458 lamentatur
912 1443 929 1469 ,
967 1401 1151 1469 ejulat,
1183 1401 1374 1469 plorat,
1401 1398 1637 1465 dicitque
1662 1396 1772 1462 illi,
1799 1393 1919 1449 Non
1948 1402 2017 1450 est

430 1495 636 1555 uulnus,
682 1510 783 1547 non
810 1502 884 1547 est
910 1492 1164 1546 cicatrix:
1200 1491 1339 1544 Deus
1378 1490 1629 1543 irascitur
1652 1528 1667 1551 ,
1714 1501 1820 1541 non
1858 1484 2022 1540 susci-

435 1589 511 1658 pit
536 1588 826 1652 victimam,
852 1600 957 1640 non
1010 1583 1368 1648 neomeniam,
1412 1597 1516 1635 non
1568 1579 1879 1641 sabbatum,
1914 1590 2019 1630 non

435 1680 687 1743 similam,
722 1695 829 1733 non
858 1678 1177 1740 orationem,
1209 1689 1315 1729 non
1344 1688 1592 1728 manuum
1612 1671 2001 1726 estensionem.

448 1770 693 1824 Vidistin‘
714 1768 865 1823 ulcus
885 1770 909 1819 Ἰ
951 1766 1187 1821 vidistin‘
1208 1764 1448 1819 morbum
1494 1760 1842 1815 incurabilem
1869 1799 1885 1825 ,
1914 1772 2021 1811 non

440 1860 618 1924 unius,
647 1874 752 1911 non
780 1858 1006 1911 duorum
1027 1898 1041 1921 ,
1074 1871 1181 1910 non
1203 1854 1414 1918 decem,
1438 1851 1532 1908 sed
1578 1850 1865 1905 multorum
1904 1847 2024 1903 mil-

450 1950 583 2004 lium
614 1948 798 2013 ?Quid
827 1948 987 2015 igitur
1033 1955 1217 2015 postea
1246 1945 1269 1998 τ
1304 1942 1570 1997 Laoamini
1593 1982 1608 2003 ,
1654 1940 1834 1994 mundi
1874 1946 2026 1994 estote

443 2042 462 2111 (
498 2039 635 2094 Ibid.
671 2039 799 2108 16).
842 2038 977 2092 Num
1024 2046 1108 2092 est
1154 2044 1428 2107 peccatum
1459 2048 1557 2105 pro
1582 2047 1688 2102 quo
1715 2031 1787 2086 sit
1834 2029 2027 2099 despe-

441 2129 713 2186 randum?
740 2129 855 2198 ipse
887 2128 1142 2185 Dominus
1169 2167 1185 2195 ,
1212 2126 1302 2197 qui
1339 2125 1500 2191 dicit,
1536 2122 1653 2179 Non
1691 2121 1851 2177 audio
1885 2136 2022 2186 vos;

454 2221 584 2276 dicit
612 2222 795 2283 etiam,
822 2218 1108 2273 Lavamini.
1163 2218 1243 2275 Ad
1276 2218 1401 2289 quid
1447 2218 1562 2273 haec
1592 2216 1824 2285 loqueris
1854 2214 1878 2268 ?
1918 2213 2028 2268 Cur

442 2314 542 2369 ista
570 2313 593 2366 ?
618 2313 776 2368 ambo
806 2324 927 2366 sunt
957 2311 1106 2366 utilia
1138 2311 1272 2365 :-illa
1301 2351 1317 2374 ,
1344 2318 1401 2365 ut
1446 2318 1674 2364 terream
1702 2323 1717 2371 ;
1772 2305 1889 2359 haec
1922 2345 1937 2370 ,
1966 2310 2027 2359 ut

445 2406 733 2461 attraham.
772 2404 826 2461 Si
879 2420 984 2460 non
1012 2404 1162 2460 audis
1202 2403 1320 2459 illos
1346 2444 1362 2467 ,
1394 2418 1544 2472 spem
1585 2400 1773 2457 salutis
1802 2413 1904 2453 non
1935 2397 2031 2451 ha-

446 2500 613 2555 bent:
645 2501 687 2554 si
715 2515 863 2569 spem
910 2499 1097 2553 salutis
1125 2513 1228 2553 nou
1258 2498 1455 2553 habent
1483 2537 1499 2561 ,
1529 2511 1625 2552 cur
1651 2494 1785 2547 dicis
1810 2532 1827 2557 ,
1865 2491 2027 2545 Lava-

446 2592 567 2645 mini
600 2591 625 2643 .’
655 2590 850 2644 Verum
879 2590 1034 2644 Pater
1055 2598 1137 2643 est
1165 2589 1392 2643 liliomm
1414 2603 1618 2653 amans,
1642 2586 1788 2641 solus
1816 2586 1985 2639 bonus
2008 2624 2023 2648 ,

452 2680 571 2748 plus
593 2694 751 2748 quam
786 2687 935 2747 pater
964 2676 1030 2731 ad
1061 2678 1582 2731 commiseratiouem
1614 2690 1831 2745 pronus.
1875 2674 1945 2728 Et
1972 2682 2030 2727 ut

451 2768 630 2823 discas
660 2769 830 2835 ipsum
857 2782 977 2821 esse
1003 2774 1230 2837 patrem,
1262 2768 1334 2821 ait
1364 2767 1488 2829 illis,
1510 2765 1646 2830 Quid
1671 2766 1856 2835 faciam
1886 2805 1899 2825 ,
1925 2761 2031 2817 .Iu-

449 2867 515 2917 da
542 2864 566 2916 ?
593 2863 673 2916 Au
703 2862 881 2916 nescis
912 2861 1043 2931 quid
1084 2862 1317 2917 facturus
1352 2861 1466 2915 sis?
1514 2860 1643 2915 Novi
1672 2860 1853 2930 'plane
1879 2902 1893 2924 ,
1936 2859 2032 2914 sed

452 2954 576 3009 uolo
600 2972 613 3007 :
645 2953 809 3023 exigit
836 2964 1171 3022 peccatorum
1210 2963 1418 3019 natura,
1446 2952 1540 3007 sed
1568 2952 1779 3007 cohibet
1800 2952 2033 3005 clemen-

450 3046 537 3101 tia:
561 3046 883 3114 magnitudo.
910 3046 1046 3111 Quid
1098 3046 1282 3099 faciam
1318 3045 1456 3101 tibi?
1485 3060 1768 3115 parcamne
1813 3042 1944 3097 tibi?
1980 3050 2035 3097 at

449 3137 664 3207 segnior
689 3137 902 3192 evades.
930 3138 1194 3194 Ultionem
1222 3138 1287 3193 de
1318 3146 1373 3193 te
1401 3138 1653 3191 sumam?
1700 3136 1793 3191 sed
1838 3136 1887 3191 id
1928 3151 2033 3189 non

455 3231 650 3298 patitur
678 3230 957 3284 clementia
981 3246 1120 3284 mea.
1148 3230 1282 3298 Quid
1310 3230 1499 3285 faciam
1530 3231 1663 3285 tibi?
1690 3246 1758 3285 an
1783 3239 1838 3283 ut
1861 3228 2034 3285 Sodo-

454 3334 596 3375 mam
633 3329 685 3375 te
728 3335 921 3391 ponam
947 3364 962 3387 ,
1010 3322 1093 3376 vel
1136 3332 1192 3375 ut
1237 3320 1591 3376 Gomorrham
1645 3330 1879 3375 evertam
1936 3319 2036 3373 te?

456 3411 784 3467 Conversum
811 3422 892 3466 est
922 3427 1015 3466 cor
1059 3428 1256 3467 meum.
1292 3411 1496 3465 Atlectu
1522 3411 1637 3465 licet
1670 3424 1867 3464 vacuus
1890 3450 1905 3473 ,
1935 3408 2037 3464 ho-

456 3501 655 3556 minem
682 3502 873 3557 allectu
919 3502 1198 3573 prasditum
1244 3502 1478 3556 imitatur
1509 3518 1523 3567 ;
1554 3503 1661 3556 imo
1712 3501 1886 3570 potius
1926 3515 2040 3555 ma-

452 3599 588 3646 trem
617 3592 780 3661 prolis
826 3600 1117 3648 amantem.
1138 3593 1466 3647 Conversum
1491 3601 1573 3647 est
1610 3607 1707 3646 cor
1735 3607 1945 3658 meum;
1975 3606 2038 3647 ac

457 3700 500 3712 ν

455 3779 539 3822 DE
583 3779 1026 3834 POENITENTIA,
1071 3780 1153 3823 ΕΤ
1196 3779 1279 3821 ΒΕ
1336 3778 1416 3821 IIS
1459 3777 1568 3830 QUI
1614 3781 1653 3821 Δ
1697 3776 2030 3821 ροιιιιοτιε
2089 3777 2496 3835 ABFUERUNT,

1161 208 1221 265 S.
1262 202 1540 265 JOANMS
1574 200 2047 262 CHRYSOS'I’OII
2083 198 2400 257 ARCHIEP.
2441 194 2974 255 CONSTANTiNOP.

3586 200 3701 256 δυ

2111 314 2157 369 si
2193 311 2337 367 dicat
2361 312 2552 368 mulier
2577 312 2647 367 de
2676 326 2861 381 puero,
2890 311 3223 365 Conversum
3254 318 3337 364 est
3377 323 3475 365 cor
3517 325 3703 366 meum

2108 413 2349 460 materno
2373 418 2541 459 more.
2574 404 2643 458 At
2671 417 2776 457 non
2801 402 2931 456 satis
2958 401 3142 457 habuit
3163 401 3343 471 priora
3366 400 3453 455 illa
3472 401 3702 468 dixisse,

2108 495 2226 557 sed,
2273 493 2529 548 Turbatus
2554 508 2663 546 sum
2691 494 2744 546 in
2773 493 3064 564 pamitentia
3108 508 3220 545 mea
3253 491 3273 561 (
3300 490 3430 546 Osee
3500 494 3590 548 11.
3621 495 3699 564 8).

2115 584 2327 639 Deusne
2354 584 2642 639 turbatur?
2668 584 2840 638 Absit.
2892 582 3099 637 Numen
3145 582 3467 637 turbationis
3510 598 3710 652 expers

2108 686 2232 740 est;
2263 675 2380 740 sed,
2415 683 2471 730 ut
2494 676 2603 745 jam
2629 676 2763 741 disi,
2796 685 3038 729 nostrum
3072 674 3323 745 loquendi
3352 690 3556 731 morem
3582 676 3712 731 imi-

2112 775 2272 821 tatur.
2303 766 2627 820 Conversnm
2678 776 2759 820 est
2797 781 2891 821 cor
2926 781 3141 830 meum;
3189 766 3474 833 Laeamini,
3528 767 3715 821 mundi

2112 867 2287 913 estote.
2315 856 2449 924 Quid
2490 871 2606 911 sum
2646 857 2798 911 vobis
2828 856 3137 926 pollicitus?
3161 856 3313 923 Quod
3342 867 3661 927 peccatores
3693 897 3713 923 ,

2112 951 2269 1004 etiam
2315 949 2577 1003 sescentis
2606 956 2825 1002 onustos
2851 949 3084 1017 peccatis
3109 989 3125 1014 ,
3178 948 3549 1019 ulceribusque
3596 949 3719 1018 ple-

2116 1056 2232 1103 nos,
2265 1040 2309 1093 si
2344 1040 2706 1109 pmnitcntialn
2737 1048 2935 1109 agant,
2966 1040 3103 1093 Deus
3132 1047 3412 1108 susceptos
3438 1040 3506 1092 ita
3534 1047 3715 1106 curet,

2117 1140 2174 1186 nt
2206 1147 2272 1185 ne
2303 1131 2582 1200 vestigium
2615 1172 2629 1195 ,
2661 1139 2720 1184 ut
2770 1145 2839 1184 ne
2880 1130 3180 1184 cicatricem
3206 1170 3222 1197 ,
3254 1137 3312 1183 ut
3358 1144 3426 1184 ne
3456 1130 3718 1185 indicium

2118 1224 2329 1294 quidem
2358 1233 2694 1294 peccatorum
2718 1222 2998 1291 relinquat.
3024 1220 3306 1286 Lavamini,
3333 1223 3511 1275 mundi
3535 1231 3717 1287 estote,

2120 1317 2315 1383 auferte
2341 1314 2585 1385 nequitias
2632 1323 2821 1366 vestras
2863 1312 2925 1365 ab
2950 1312 3219 1365 animabus
3263 1314 3439 1367 vestris
3474 1329 3494 1368 :
3536 1313 3723 1367 discite

2122 1408 2243 1461 bene
2268 1411 2431 1473 facere
2458 1408 2476 1476 (
2510 1405 2635 1460 Isai.
2668 1406 2716 1458 1.
2752 1405 2836 1459 16.
2867 1403 2975 1473 17).
3006 1404 3074 1458 Ει
3101 1404 3227 1473 quid
3259 1404 3383 1458 boui
3434 1404 3723 1473 prmcipis?

2119 1494 2356 1548 ludicate
2405 1496 2686 1565 pupillum,
2729 1503 2775 1547 et
2796 1494 3077 1563 justiﬁcate
3120 1494 3347 1547 viduam.
3392 1493 3507 1547 Non
3537 1495 3723 1564 gravia

2127 1595 2393 1655 praecepta
2446 1594 2589 1649 sunt,
2642 1582 2736 1637 sed
2764 1583 2829 1637 ad
2853 1598 2971 1652 qua:
3017 1592 3202 1636 natura
3232 1583 3344 1651 ipsa
3391 1598 3555 1652 prona
3609 1585 3724 1638 sit:

2124 1676 2333 1731 mulieri
2355 1676 2495 1729 enim
2524 1677 2773 1730 convenit
2794 1676 3180 1730 misericordia.
3222 1676 3288 1730 Et
3314 1678 3493 1740 venite,
3526 1685 3575 1729 et
3605 1677 3717 1731 dis-

2124 1767 2415 1837 ceptemus(
2446 1766 2583 1821 Ibid.
2611 1766 2740 1838 18).
2792 1766 3243 1847 DicitKDominus,
3267 1768 3533 1822 modicum
3561 1766 3723 1836 quid-

2127 1862 2271 1932 piam
2302 1861 2457 1917 facite
2480 1903 2496 1926 ,
2518 1874 2572 1917 et
2597 1877 2700 1932 ego
2724 1862 2865 1933 quod
2892 1863 3153 1931 reliquum
3202 1870 3288 1916 est
3334 1860 3526 1914 addam
3557 1878 3570 1912 :
3601 1859 3725 1914 esi-

2128 1966 2289 2023 guum
2308 1952 2503 2023 aliquid
2526 1952 2653 2006 mihi
2679 1952 2821 2019 date,
2852 1961 2905 2007 et
2927 1962 3095 2007 totum
3123 1967 3223 2021 ego
3250 1952 3568 2021 impertiam.
3613 1949 3721 2004 Ve-

2127 2046 2252 2099 nite.
2280 2043 2522 2112 Quonam
2547 2044 2845 2100 abeamus?
2896 2045 2977 2099 Ad
3026 2058 3133 2107 me,
3172 2059 3331 2114 quem
3362 2042 3717 2113 provocastis,

2129 2150 2288 2206 quem
2314 2136 2589 2200 irritastis;
2612 2134 2677 2189 ad
2706 2149 2792 2190 me
2816 2135 2905 2205 qui
2930 2133 3071 2200 dico,
3098 2132 3219 2187 Non
3243 2133 3401 2188 audio
3426 2149 3535 2198 vos,
3557 2139 3618 2186 ut
3641 2132 3726 2186 iu-

2133 2227 2511 2283 terminatione
2536 2226 2804 2297 perterriti
2830 2268 2844 2292 ,
2878 2227 3013 2280 iram
3053 2225 3275 2281 sedetis.
3304 2223 3495 2281 Venite
3520 2224 3586 2278 ad
3611 2238 3723 2279 non

2132 2317 2437 2372 audientem
2466 2358 2483 2385 ,
2512 2328 2570 2372 ut
2596 2317 2797 2372 audiat.
2846 2317 2915 2372 Et
2952 2317 3081 2387 quid
3132 2316 3297 2372 facis?
3324 2315 3440 2371 Non
3480 2315 3729 2385 relinquo

2133 2408 2418 2477 vestigium
2452 2448 2466 2473 ,
2506 2422 2611 2461 non
2643 2407 2870 2462 indicem
2901 2449 2917 2475 ,
2949 2422 3055 2462 non
3084 2406 3410 2461 cicatricem.
3451 2404 3651 2472 Venite,
3680 2415 3729 2460 et

2134 2498 2483 2568 disceptemus,
2511 2498 2634 2551 dicit
2666 2497 2911 2551 Dominus
2943 2513 2963 2549 :
3009 2506 3065 2553 et
3103 2496 3271 2561 addit,
3316 2495 3379 2551 Si
3398 2496 3588 2564 fuerint
3613 2511 3729 2562 pec-

2134 2598 2248 2642 cata
2270 2599 2433 2643 nostra
2456 2598 2512 2643 ut
2540 2590 2797 2642 coccinum
2818 2629 2833 2655 ,
2865 2588 3011 2658 quasi
3037 2588 3201 2641 nivem
3244 2586 3489 2640 dealbabo
3533 2597 3553 2656 ι
3584 2583 3725 2638 Ibid.

2140 2682 2247 2749 l8).
2296 2679 2553 2735 Numcubi
2601 2680 2865 2735 cicatrix?
2916 2679 3167 2733 numcubi
3210 2692 3340 2747 ruga
3388 2676 3552 2731 etiam
3600 2690 3724 2729 eum

2136 2774 2314 2827 colore
2339 2771 2691 2840 expiationis?
2718 2771 2782 2825 Et
2811 2772 2854 2825 si
2880 2772 3066 2841 fuerint
3092 2778 3145 2823 ut
3174 2770 3449 2832 coccinum,
3474 2769 3623 2835 quasi
3645 2767 3728 2819 la-

2141 2880 2259 2917 nam
2290 2862 2555 2916 dealbabo.
2614 2861 2879 2917 Numcubi
2933 2863 3200 2932 nigrieans
3241 2860 3433 2915 color?
3478 2858 3732 2913 numcubi

2140 2955 2344 3009 macula
2372 2954 2480 3008 ?Et
2506 2969 2613 3024 quo
2641 2963 2796 3024 pacto
2850 2954 2983 3008 fiunt
3009 2954 3153 3008 ista?
3180 2952 3316 3007 Num
3342 2952 3461 3005 aliae
3488 2949 3728 3019 promis-

2140 3046 2368 3099 siones?
2413 3060 2475 3099 os
2523 3046 2663 3101 enim
2714 3046 2921 3100 Domini
2974 3045 3088 3100 haec
3136 3045 3410 3114 loquutum
3455 3050 3557 3097 est.
3609 3039 3732 3096 Non

2142 3137 2312 3190 solum
2336 3136 2751 3205 magnitudinem
2775 3136 2949 3191 vidisti
2988 3138 3369 3207 promissorum
3398 3176 3414 3201 ,
3442 3132 3533 3189 sed
3560 3142 3615 3187 et
3638 3132 3732 3187 di-

2142 3228 2395 3299 gnitatem
2423 3229 2712 3299 largientis.
2742 3229 2850 3284 Deo
2880 3231 3021 3284 enim
3052 3227 3323 3299 possibilia
3354 3235 3477 3281 sunt
3496 3226 3677 3279 omnia
3706 3267 3721 3290 ,

2145 3320 2231 3389 qui
2262 3330 2434 3389 potest
2456 3335 2485 3373 a
2514 3320 2730 3375 sordido
2753 3318 2927 3375 facere
2947 3320 3226 3373 mundum.
3246 3319 3397 3373 Hune
3427 3318 3586 3386 igitur
3610 3331 3733 3371 cum

2144 3413 2486 3477 audierimus,
2517 3422 2571 3469 et
2594 3413 2920 3482 paenitentiae
2950 3412 3211 3467 medelam
3242 3410 3549 3465 noverimus
3572 3449 3587 3471 ,
3615 3409 3735 3478 glo-

2145 3504 2277 3557 riam
2326 3502 2425 3571 ipsi
2473 3503 2898 3558 transmittamus
2930 3517 2946 3555 :
2975 3501 3099 3572 quia
3146 3500 3311 3571 ipsius
3338 3507 3421 3555 est
3464 3498 3638 3569 gloria
3681 3504 3736 3552 et

2150 3593 2432 3660 imperium
2455 3593 2508 3646 in
2531 3592 2746 3648 saecula.
2773 3593 2965 3648 Amen.

2566 3779 2852 3831 ITEMOUE
2893 3778 2977 3820 DE
3032 3777 3229 3821 εΑοιιΑ
3273 3776 3484 3820 ιιιιιιω
3527 3776 3609 3818 ΒΤ
3651 3774 3738 3817 ιιι

1938 3854 2189 3898 ,ιυιιιοιο
2222 3842 2262 3898 ⁸.

1089 3977 1306 4018 ΒΟΙΙΙΛΔ
1333 3978 1405 4017 IX.

533 4096 989 4168 Quemadmodum
1040 4096 1171 4151 nihil
1204 4095 1420 4166 prodest
1464 4095 1526 4149 iis
1552 4094 1639 4163 qui
1670 4093 1956 4159 seminaut,
2002 4093 2047 4147 si

462 4190 613 4261 juxta
666 4190 802 4243 viam
844 4192 1043 4243 semina
1086 4186 1282 4257 jaeiant
1313 4204 1324 4240 :
1356 4186 1424 4239 ita
1471 4200 1643 4255 neque
1692 4184 1843 4239 nobis
1890 4182 2045 4253 quid-

466 4297 626 4352 quam
661 4280 919 4352 proderit,
960 4280 1004 4333 si
1034 4278 1319 4333 Christiani
1368 4276 1626 4337 dicamur,
1664 4275 1769 4330 nisi
1796 4290 1913 4345 qum
1956 4287 2051 4342 ap-

467 4370 738 4442 pellationi
781 4378 974 4423 nostra:
1000 4368 1324 4425 conveniant
1363 4382 1524 4436 opera
1557 4373 1890 4433 prazstemus.
1921 4363 2049 4431 Ejus

466 4460 565 4523 rei,
608 4459 653 4513 si
698 4460 887 4528 placet,
915 4458 1179 4513 adhibebo
1206 4457 1308 4511 fide
1353 4456 1570 4528 dignum
1613 4464 1799 4510 testem
1831 4453 2049 4509 fratrem

468 4552 561 4608 Dei
605 4550 861 4607 Jacobum
904 4550 1204 4605 dicentem:
1236 4548 1390 4603 Fides
1434 4549 1540 4602 sine
1584 4546 1817 4617 operibus
1852 4555 2053 4599 mortua

466 4656 539 4701 est
569 4644 767 4719 (Iacob.
797 4644 850 4698 2.
882 4642 992 4714 17).
1027 4643 1165 4713 Ergo
1190 4642 1383 4713 ubique
1412 4655 1547 4711 opus
1570 4650 1653 4695 est
1682 4639 2049 4694 mandatorum

469 4737 779 4806 Operatione
804 4753 816 4788 :
849 4751 967 4788 aatn
996 4735 1081 4788 illa
1108 4735 1346 4794 absente,
1379 4748 1549 4796 neque
1569 4730 1853 4785 Christiani
1883 4730 2053 4801 nomi-

474 4828 557 4881 nis
585 4826 870 4897 appellatio
890 4826 1040 4881 nobis
1072 4824 1326 4897 prodesse
1358 4824 1570 4892 poterit.
1606 4822 1672 4877 Et
1710 4838 1777 4876 ne
1818 4820 2050 4876 mireris.

467 4918 604 4986 Quid
648 4918 817 4983 enim,
857 4915 943 4970 dic
993 4914 1145 4978 mihi,
1189 4913 1319 4967 lucri
1366 4913 1525 4969 habet
1574 4913 1724 4967 miles
1763 4910 1971 4983 quando
1999 4912 2050 4965 in

471 5010 709 5064 exercitu
735 5018 837 5072 est,
865 5008 967 5062 nisi
994 5007 1181 5061 militia
1208 5004 1395 5074 dignus
1421 5005 1487 5057 sit
1505 5046 1519 5070 ,
1546 5014 1598 5059 et
1625 5019 1721 5074 pro
1746 5020 1867 5073 rege
1897 5018 1925 5056 a
1948 5016 2053 5073 quo

562 5260 759 5315 Titulus
809 5263 858 5312 in
917 5262 1133 5316 Colbert.
1159 5300 1172 5321 ,
1236 5262 1554 5325 Ejusdemde
1585 5264 1865 5312 necessitate
1901 5257 2056 5325 sacris

473 5326 727 5395 assistendi
742 5325 967 5395 coltectis,
985 5327 1159 5387 rejecto
1180 5321 1669 5395 muniunpedimento,
1686 5329 1739 5395 et
1752 5321 2058 5395 delpwniten-

472 5386 560 5442 tia,
584 5400 739 5436 sermo
761 5386 1047 5448 trigesimus,
1067 5387 1333 5436 secundum
1352 5386 1695 5448 .\lss._0rdiuem.
1729 5387 1913 5435 Initium
1938 5395 2056 5448 vero

475 5440 714 5520 sermonis
735 5440 969 5520 slieliabet
996 5461 1006 5496 :
1032 5440 1218 5518 intecti,
1245 5446 1543 5520 nonsumcit
1582 5460 1666 5520 nos
1703 5452 1879 5520 tangere
1901 5451 1958 5520 ζει
1980 5443 2056 5520 in-

476 5508 691 5579 ορηειιίιρ
1037 5508 1297 5579 venenarii.
1314 5515 1379 5570 σε.
1413 5506 1461 5579 ἐξ
1480 5507 1685 5579 placeat.
1718 5506 1955 5579 τιάιιίλκέξρ
1970 5512 2056 5579 ,ιε-

476 5575 599 5634 _ste_m
620 5568 719 5634 ﬁde
742 5569 944 5634 dignum
973 5571 1175 5634 fratrem
1210 5572 1297 5624 Dei
1328 5567 1557 5625 Jacobum
1586 5568 1863 5623 dicentem:
1891 5567 2053 5619 fides.

475 5628 601 5683 Infra
620 5628 855 5696 deestﬂ't
876 5644 935 5684 ne
958 5628 1166 5685 mireris.

2151 3960 2331 4026 alitur,
2378 3961 2645 4016 militet’?
2687 3961 2845 4017 Forte
2885 3970 3084 4023 autem,
3136 3959 3345 4015 tametsi
3383 3958 3619 4013 terribile
3656 3968 3740 4014 est

2151 4052 2290 4120 quod
2319 4051 2531 4118 dicitur,
2572 4052 2760 4107 melius
2798 4053 2847 4107 ei
2892 4061 3007 4106 erat
3046 4068 3149 4106 non
3192 4052 3438 4113 militare,
3480 4065 3641 4119 quam
3685 4050 3740 4105 in

2151 4142 2339 4197 militia
2367 4157 2549 4217 curam
2576 4153 2632 4198 et
2665 4144 2920 4198 honorem
2965 4144 3105 4213 regis
3142 4143 3434 4214 negligere.
3465 4140 3569 4208 Qui
3593 4142 3739 4196 enim

2153 4234 2263 4288 fieri
2293 4243 2466 4304 potest
2494 4244 2553 4289 ut
2590 4249 2695 4289 non
2739 4236 2991 4305 puniatur
3022 4234 3086 4299 is,
3113 4233 3201 4301 qui
3243 4248 3273 4287 a
3317 4247 3443 4303 rege
3483 4232 3737 4298 nutritur,

2152 4340 2250 4395 pro
2292 4340 2415 4395 rege
2462 4334 2637 4379 autem
2682 4339 2788 4379 non
2836 4324 3046 4379 certat?
3092 4322 3228 4391 Quid
3278 4332 3454 4376 autem
3492 4320 3613 4375 dico
3640 4335 3744 4389 pro

2152 4419 2317 4487 rege?
2356 4418 2555 4471 utinam
2584 4416 2743 4472 etiam
2776 4432 2871 4487 pro
2915 4416 3110 4471 nostris
3135 4414 3413 4468 animabus
3442 4426 3619 4467 curam
3648 4427 3744 4482 ge-

2152 4525 2396 4565 reremus
2432 4510 2538 4564 !Et
2579 4509 2866 4580 quomodo,
2909 4507 3003 4573 ait,
3044 4506 3298 4578 possibile
3342 4506 3394 4560 in
3443 4503 3640 4559 mundo
3688 4512 3744 4558 et

2155 4602 2333 4656 medio
2361 4602 2634 4656 hominum
2675 4604 2752 4657 sic
2780 4610 3077 4656 versantem
3122 4599 3361 4653 salvari?
3402 4596 3539 4665 Quid
3578 4595 3742 4660 dicis,

2157 4693 2356 4748 homo?
2398 4694 2485 4749 Vis
2529 4694 2761 4747 breviter
2802 4691 3079 4747 ostendam
3123 4705 3227 4745 non
3277 4704 3397 4744 esse
3424 4689 3601 4742 locum
3649 4686 3743 4756 qui

2154 4785 2338 4848 saivet,
2386 4784 2477 4839 sed
2520 4798 2697 4839 mores
2720 4793 2773 4838 et
2800 4784 3121 4837 voluntatem
3144 4781 3170 4833 ?
3190 4779 3358 4834 Adam
3390 4779 3441 4833 in
3468 4777 3742 4848 paradiso,

2156 4886 2213 4931 ut
2242 4877 2293 4932 in
2334 4885 2487 4946 portu
2520 4875 2847 4946 naufragium
2892 4874 3016 4930 fecit
3045 4872 3195 4947 (Gen.
3223 4873 3279 4940 5)
3311 4888 3325 4925 :
3354 4871 3489 4926 Loth
3540 4871 3594 4923 in
3639 4869 3743 4924 So.

2155 4969 2327 5024 domis
2347 4970 2482 5023 sicut
2509 4970 2561 5023 in
2592 4970 2776 5038 pelago
2803 4977 3042 5021 servatus
3072 4973 3152 5019 est
3180 4963 3328 5033 (Gen.
3385 4962 3473 5030 19';
3499 4977 3512 5013 :
3539 4959 3640 5015 Job
3692 4959 3741 5013 in

2156 5071 2392 5116 stercore
2445 5061 2759 5131 justillcatus
2806 5068 2885 5113 est
2931 5058 3049 5128 (Job
3090 5056 3146 5129 ‘2)
3188 5056 3353 5113 :Sat'tl
3397 5054 3488 5109 ille
3534 5053 3588 5107 in
3628 5050 3741 5105 the-

2157 5152 2327 5206 sauris
2381 5167 2602 5207 versans
2670 5166 2832 5221 regno
2887 5149 3133 5220 prmseuti
3196 5158 3248 5201 et
3300 5146 3478 5199 futuro
3542 5141 3745 5198 excidit

2158 5242 2206 5313 (1
2222 5243 2370 5314 .Reg.
2388 5244 2499 5314 l8).
2523 5244 2634 5299 Non
2656 5252 2738 5299 est
2758 5242 3016 5305 defensio,
3039 5239 3177 5309 quod
3210 5237 3364 5301 dicis,
3388 5234 3502 5289 Non
3526 5246 3743 5303 possum

2159 5336 2209 5390 in
2226 5334 2422 5390 mundo
2448 5334 2669 5397 versari,
2699 5344 2856 5403 atque
2887 5332 2939 5386 in
2972 5330 3146 5385 medio
3163 5328 3493 5396 negotiorum
3511 5321 3731 5379 salvari.

2160 5426 2265 5481 Sed
2296 5426 2411 5482 lucc
2436 5425 2612 5496 gravia
2641 5424 2779 5479 unde
2818 5420 3103 5478 accidunt?
3126 5419 3257 5488 Quia
3288 5417 3377 5472 alii
3402 5412 3597 5471 divinis
3622 5425 3747 5483 pro-

2223 5564 2239 5595 ι
2268 5571 2317 5613 In
2334 5563 2487 5619 Coib.,
2501 5561 2625 5624 Quid
2641 5560 2769 5613 enim
2786 5558 2912 5612 lucri
2927 5553 3225 5624 habetmites
3246 5566 3310 5605 ex
3537 5545 3633 5602 nisi
3653 5556 3754 5607 (ιιια

2162 5622 2336 5677 virtute
2376 5614 2574 5676 militcm
2598 5624 2733 5675 decet
2750 5637 2843 5690 pro
2867 5632 2977 5684 rege
3000 5618 3169 5668 mttttct
3184 5614 3209 5666 ξ’
