4062 6206
220 337 328 393 545

220 448 402 513 cibus,
421 445 510 500 alii
529 443 721 500 divinis
741 444 1091 500 conventibus
1118 443 1420 514 frequentes
1437 461 1542 501 non
1564 445 1816 502 adestis‘.

223 540 425 594 Annon
473 535 666 591 videtis
701 550 796 590 eos
835 535 925 605 qui
951 535 1139 590 volunt
1177 533 1484 605 dignitatem
1528 551 1561 591 a
1607 545 1818 591 terreno

223 644 356 700 rege
396 621 662 697 accipere,
694 625 962 696 quomodo
991 625 1246 693 assident,
1284 627 1552 697 quomodo
1589 627 1722 682 alios
1749 627 1818 682 ad

221 718 668 793 patrocinandum
714 719 953 785 incitant,
999 725 1058 772 ut
1095 717 1364 788 potiantur
1391 733 1458 774 eo
1493 718 1636 790 quod
1670 734 1817 788 qua:-

221 812 394 870 runt?
421 811 547 866 Haec
587 823 688 880 ego
716 809 940 864 dixerim
981 809 1048 863 ad
1093 824 1189 864 eos
1218 809 1308 880 qui
1333 809 1540 864 divinas
1568 809 1816 865 collectas

220 903 560 973 relinquunt,
587 909 641 956 et
661 900 761 955 sub
786 899 971 955 horam
996 899 1247 956 terribilis
1273 908 1330 954 et
1356 901 1593 972 mysticae
1617 916 1816 957 mensae

219 993 508 1063 colloquiis
543 999 598 1047 et
631 991 782 1046 vanis
828 991 1361 1047 sermocinationibus
1389 992 1632 1061 occupati
1668 1001 1813 1046 sunt.

219 1083 364 1150 Quid
414 1082 578 1148 facis,
633 1080 834 1135 homo?
880 1097 984 1136 non
1035 1082 1324 1151 promisisti
1376 1082 1676 1150 sacerdoti,
1723 1079 1814 1153 qui

219 1172 380 1237 dixit,
405 1172 624 1228 Sursum
653 1181 865 1225 mentem
891 1181 939 1226 et
963 1173 1139 1240 corda,
1166 1179 1220 1227 et
1238 1171 1434 1237 dixisti,
1460 1171 1722 1226 Habemus
1745 1174 1814 1228 ad

219 1265 545 1320 Dominum?
574 1278 678 1318 non
716 1264 978 1318 revereris
1007 1272 1062 1317 et
1090 1263 1383 1332 erubescis,
1419 1263 1561 1334 quod
1586 1265 1673 1318 illa
1700 1265 1812 1333 ipsa

219 1357 357 1412 hora
386 1357 613 1412 mendax
657 1355 982 1412 inveniaris?
1009 1356 1202 1426 Papzel
1253 1371 1436 1411 mensa
1462 1356 1687 1426 mystica
1715 1370 1815 1425 pa-

223 1459 346 1504 rata
367 1458 472 1513 est,
501 1455 556 1503 et
580 1463 748 1518 agnus
768 1448 860 1504 Dei
886 1462 982 1517 pro
1008 1457 1060 1503 te
1089 1448 1413 1515 immolatur,
1442 1448 1692 1504 sacerdos
1713 1463 1812 1518 pro

218 1547 281 1594 te
306 1537 537 1608 angitur,
569 1537 703 1608 ignis
733 1537 1024 1606 spiritualis
1053 1552 1121 1592 ex
1165 1553 1314 1592 sacra
1349 1553 1530 1593 mensa
1559 1538 1809 1608 erumpit,

219 1629 512 1686 Cherubin)
537 1628 767 1694 adstant,
795 1627 1072 1697 Seraphim
1091 1628 1369 1695 advolant,
1398 1637 1453 1683 et
1481 1630 1698 1698 spiritus
1719 1644 1809 1684 sex

218 1720 340 1774 alas
368 1718 626 1774 habentes
656 1718 845 1774 faciem
887 1727 1089 1788 tegunt,
1121 1734 1306 1774 omnes
1348 1720 1676 1788 incorporeas
1702 1721 1811 1773 vir-

220 1821 369 1866 tutes
395 1826 490 1881 pro
533 1820 584 1866 te
611 1825 731 1865 cum
775 1810 1049 1866 sacerdote
1087 1810 1423 1866 intercedunt
1450 1829 1463 1866 :
1493 1812 1628 1881 ignis
1657 1812 1812 1880 spiri-

219 1903 381 1957 tualis
412 1917 445 1957 e
490 1903 624 1958 crelo
653 1902 946 1970 descendit,
976 1903 1192 1974 sanguis
1232 1903 1285 1957 in
1334 1913 1541 1960 cratere
1584 1905 1636 1959 in
1667 1913 1808 1959 tuam

219 1994 643 2066 purificationem
685 2009 754 2050 ex
793 1996 1133 2051 immaculato
1171 1995 1340 2051 latere
1365 1995 1564 2051 effusus
1601 2007 1683 2052 est
1714 2014 1728 2051 :
1755 2005 1810 2052 et

217 2101 330 2141 non
359 2086 629 2142 erubescis
657 2101 721 2141 ac
763 2086 1046 2152 revereris,
1089 2101 1186 2141 nec
1223 2095 1276 2142 te
1300 2088 1463 2156 pudet
1493 2088 1545 2142 in
1586 2088 1671 2142 illa
1703 2098 1811 2144 tre-

215 2180 413 2236 menda
439 2180 570 2235 hora
597 2179 905 2235 mendacem
937 2189 990 2235 te
1015 2179 1380 2248 deprehendi?
1399 2181 1625 2235 Centum
1654 2196 1809 2236 sexa-

215 2271 363 2340 ginta
394 2279 515 2326 octo
535 2269 695 2324 horas
723 2269 951 2324 habente
981 2268 1336 2335 hebdomada,
1368 2285 1524 2323 unam
1556 2277 1612 2324 et
1637 2269 1805 2324 solam

217 2362 408 2417 horam
453 2361 555 2417 sibi
585 2361 684 2431 ipsi
731 2361 1030 2430 segregavit
1060 2361 1216 2426 Deus,
1262 2370 1316 2414 et
1359 2358 1498 2414 hanc
1546 2360 1598 2413 in
1643 2374 1806 2428 opera

217 2453 518 2518 saecularia,
559 2460 614 2507 et
652 2451 706 2506 in
739 2450 983 2516 ridicula,
1015 2459 1070 2505 et
1115 2451 1168 2504 in
1196 2465 1328 2504 rana
1365 2451 1626 2520 colloquia
1655 2451 1803 2506 insu-

217 2543 366 2598 mis?
407 2541 542 2597 Cum
572 2557 675 2612 qua
704 2550 884 2611 postea
912 2541 1103 2596 tiducia
1144 2541 1208 2596 ad
1249 2543 1501 2613 mysteria
1542 2542 1804 2598 accedes?

217 2647 342 2688 cum
365 2648 465 2704 qua
497 2633 697 2703 polluta
720 2633 1085 2688 conscientia?
1110 2632 1248 2687 Num
1285 2635 1329 2688 si
1365 2643 1570 2689 stercus
1599 2635 1651 2688 in
1685 2651 1799 2688 ma-

219 2722 378 2778 nibus
423 2723 670 2790 haberes,
701 2722 929 2778 auderes
953 2724 1263 2794 contingere
1291 2723 1556 2778 fimbriam
1601 2727 1803 2781 terreni

216 2814 432 2886 regis'?

290 2903 358 2958 In
383 2902 707 2959 Eucharistia
734 2921 836 2959 non
864 2905 1030 2973 panis,
1061 2921 1162 2960 non
1186 2906 1356 2960 vinum
1383 2916 1475 2973 est,
1508 2909 1598 2963 sed
1620 2925 1803 2980 corpus

216 3005 268 3052 et
307 2997 516 3064 sanguis
558 2995 958 3051 Christi.—Ne
999 2997 1150 3066 quasi
1198 3013 1386 3066 panem
1427 2998 1479 3053 id
1521 2999 1796 3069 respicias,

216 3101 325 3141 neu
353 3085 502 3156 quasi
536 3087 716 3141 vinum
757 3087 1070 3143 existimes:
1103 3103 1274 3158 neque
1319 3089 1460 3143 enim
1505 3088 1623 3144 haec
1666 3089 1804 3144 sicut

217 3179 410 3248 reliqui
446 3179 547 3234 cibi
579 3179 631 3234 in
661 3194 933 3235 secessum
964 3179 1184 3234 vadunt.
1216 3179 1372 3236 Absit
1398 3197 1412 3234 :
1457 3195 1526 3236 ne
1551 3181 1629 3236 sic
1657 3181 1804 3251 cogi-

217 3278 324 3324 tes.
374 3268 829 3338 Quernadmodnm
879 3270 1022 3325 enim
1064 3285 1188 3326 cera
1241 3271 1348 3341 igni
1395 3271 1632 3338 admota,
1671 3270 1803 3339 nihil

216 3361 528 3417 substantia:
555 3363 836 3430 amittitur,
865 3362 996 3417 nihil
1022 3364 1298 3433 superﬂuit
1325 3383 1339 3419 :
1365 3363 1444 3419 sic
1467 3375 1522 3419 et
1564 3363 1651 3419 hic
1677 3374 1800 3434 puta

216 3452 471 3522 mysteria
488 3453 732 3507 consumi
751 3453 990 3523 corporis
1009 3453 1323 3508 substantia.
1351 3455 1569 3524 Pr0pter
1583 3455 1722 3526 quod
1750 3464 1804 3511 et

216 3543 536 3597 accedentes
576 3559 644 3598 ne
685 3544 882 3613 putetis
922 3559 1017 3600 vos
1059 3545 1300 3614 accipere
1336 3545 1573 3601 divinum
1608 3562 1804 3617 corpus

217 3647 282 3688 ex
301 3633 539 3698 homine,
571 3633 662 3690 sed
691 3650 757 3690 ex
789 3635 915 3704 ipsis
954 3634 1231 3706 Serapbim
1276 3636 1477 3707 forcipe
1515 3639 1710 3709 ignem,
1741 3648 1800 3694 ut

218 3722 421 3778 scilicet
442 3722 606 3778 Isaias
627 3724 759 3778 vidit
788 3723 940 3797 (lsai.
970 3725 1049 3797 6).
1074 3726 1308 3781 divinum
1338 3743 1532 3798 corpus
1559 3731 1802 3799 accipere

221 3826 401 3885 putate
433 3827 524 3871 :et
564 3818 714 3887 quasi
759 3818 938 3872 divino
982 3830 1034 3873 et
1080 3819 1358 3889 impolluto
1398 3821 1550 3876 lateri
1603 3821 1800 3878 admoti

219 3907 392 3974 labiis,
444 3909 522 3965 sic
550 3910 770 3964 salutari
803 3911 1043 3980 sanguini
1089 3913 1482 3981 participernus.
1515 3913 1794 3981 Quocirca,

217 3997 436 4064 fratres,
466 4014 562 4054 oro
593 4015 689 4053 vos
714 4009 768 4054 et
800 3999 1046 4064 obsecro,
1079 4016 1147 4056 ne
1182 4001 1419 4056 absimus
1445 4002 1514 4056 ab
1539 4004 1799 4072 ecclesiis,

218 4106 394 4162 neque
441 4091 510 4146 ibi
553 4092 832 4162 colloquiis
858 4101 912 4148 et
949 4094 1241 4162 garrulitati
1284 4110 1570 4150 vacemus:
1600 4105 1801 4151 stemus

220 4189 515 4238 trementes
553 4191 608 4237 et
653 4183 844 4248 timidi,
875 4183 1121 4238 demissis
1158 4184 1346 4251 oculis,
1396 4184 1596 4240 elevata
1623 4197 1799 4242 autem

217 4273 420 4338 anima,
453 4282 726 4344 gementes
751 4274 867 4328 sine
896 4289 1045 4342 voce,
1068 4274 1356 4344 jubilantes
1395 4276 1575 4330 corde.
1608 4279 1802 4332 Annon

220 4364 417 4420 videtis
456 4380 573 4432 eos,
601 4367 692 4437 qui
735 4367 992 4433 sensibili,
1037 4367 1386 4438 corruptibili,
1419 4370 1718 4440 temporali,
1749 4378 1804 4426 et

287 4542 446 4610 [ἣδε.
474 4554 488 4589 :
519 4548 614 4610 von
635 4545 704 4590 est
739 4538 954 4602 defensio
975 4539 1104 4610 quod
1125 4538 1249 4610 dicis
1277 4553 1296 4590 :
1316 4539 1619 4610 .Impossibile
1651 4547 1720 4593 est
1747 4542 1804 4610 in

219 4601 383 4665 medio
402 4600 704 4665 uegetiorum
715 4600 998 4665 uersantem
1010 4600 1188 4665 saluari
1200 4615 1226 4665 ί
1240 4603 1326 4665 sed
1345 4600 1668 4665 eadiscqmus
1683 4603 1806 4655 oriri

218 4676 286 4713 ea:
307 4661 400 4711 hoc
421 4661 548 4724 quod
571 4662 792 4726 precibus
813 4669 860 4712 et
882 4663 1152 4726 prtesertim
1174 4662 1349 4714 divinis
1364 4663 1462 4714 illis
1485 4663 1694 4716 collectis
1710 4678 1804 4716 non

223 4737 464 4774 mantus.

283 4789 305 4818 ⁸
328 4792 499 4849 Totum
522 4786 650 4835 hunc
673 4785 828 4835 locum
853 4787 922 4836 sic
942 4786 1064 4849 legit
1086 4794 1203 4849 Reg.
1227 4799 1240 4836 :
1262 4785 1444 4849 Papae!
1480 4795 1599 4849 cum
1641 4801 1806 4842 mensa

218 4848 446 4911 mystica
470 4853 641 4911 parata
671 4855 758 4906 est,
792 4854 838 4896 et
882 4847 1034 4911 agnus
1061 4847 1270 4911 Dei'pro
1303 4847 1347 4898 te
1369 4847 1806 4911 inmwlatur;cum

219 4907 349 4972 ignis
371 4907 635 4972 spiritualis
652 4923 679 4958 e
692 4922 844 4972 sacra
865 4907 1025 4972 mima
1042 4907 1249 4972 erumpit
1269 4923 1419 4972 ;_cum
1451 4911 1641 4962 adstant
1658 4907 1804 4963 Sera-

221 4969 377 5083 phim,
525 4969 777 5020 cherubim
795 4971 1017 5040 adt-olant
1037 4984 1062 5042 ς.
1087 4969 1198 5042 cum
1228 4970 1425 5044 spiritus
1454 4985 1542 5022 sex
1583 4972 1687 5044 alas
1719 4975 1806 5025 ha-

249 5039 383 5081 entes
407 5033 579 5083 fortem
601 5038 796 5083 teaunt:
818 5043 930 5082 cum
959 5043 1084 5083 tants
1116 5045 1168 5082 ιη
1193 5037 1366 5083 spiritu
1391 5034 1670 5083 descendit:
1694 5048 1805 5083 cum

249 5030 579 5095 entesfaciem
601 5038 796 5095 tegunt;
818 5043 930 5095 cum
959 5030 1084 5094 ignis
1116 5031 1168 5082 in
1193 5030 1366 5094 spiritu
1391 5034 1670 5095 descendit;
1694 5048 1805 5087 cum

219 5093 422 5156 sanguis
442 5093 492 5142 in
514 5093 800 5144 παιδὶ-6....)
823 5093 1001 5156 emisit:
1022 5099 1107 5143 est.
1136 5101 1235 5156 Non
1253 5101 1298 5144 te
1321 5095 1486 5156 pudet,
1510 5107 1604 5156 non
1635 5093 1804 5149 erube-

220 5155 338 5210 scis.
364 5167 514 5218 neque
545 5167 690 5218 curas
722 5168 811 5218 pro
848 5155 893 5204 te
921 5155 1026 5218 ipso
1062 5155 1259 5218 quidem
1295 5155 1447 5204 Deum
1484 5155 1698 5213 placare.
1721 5172 1804 5208 ne-

221 5169 338 5210 κικ.
364 5168 514 5225 nerine
545 5168 690 5226 curas
720 5168 893 5265 We
921 5168 1026 5218 ipso
1062 5168 1259 5216 qmaem
1295 5168 1447 5204 Deum
1469 5170 1698 5227 pauore.
1721 5172 1804 5208 ne-

221 5229 318 5283 que
341 5223 646 5283 cohaerentia,
669 5230 697 5283 ᾳ
725 5277 735 5283 _
861 5254 880 5283 ,Α
909 5222 955 5266 te
989 5223 1181 5266 accusat
1203 5214 1227 5265 Ρ
1248 5217 1375 5283 quod
1408 5219 1608 5277 scilicet,
1625 5227 1805 5283 septem

222 5276 332 5328 dies
373 5276 572 5328 habente
610 5277 937 5335 hebdomada,
971 5291 1116 5327 unam
1148 5290 1239 5327 non
1262 5276 1458 5328 'tribuas
1496 5276 1686 5331 Deoeai
1710 5289 1806 5333 toto

221 5341 396 5408 corde,
436 5339 598 5408 sedit;
617 5339 702 5390 illa
718 5340 823 5408 ipsa
845 5339 925 5408 die
939 5338 1074 5408 panis
1099 5336 1410 5408 colloquiiset
1443 5342 1640 5408 negotiis
1662 5343 1802 5408 ju,di-_

222 5400 428 5465 (intibus
449 5400 721 5465 indulgeas.
738 5399 802 5451 'Et
832 5400 949 5465 quid
987 5399 1112 5465 dico,
1148 5413 1293 5465 unum
1325 5401 1453 5465 diem
1473 5399 1700 5453 Tutinw'n
1718 5399 1805 5456 'vet

221 5470 323 5514 tres
346 5461 489 5513 horas
515 5461 613 5513 1)εό
626 5463 932 5525 cumardore
949 5461 1337 5525 persolverimtts!
1357 5463 1466 5525 Sed,
1492 5477 1519 5513 ο
1541 5469 1690 5515 corda
1706 5473 1806 5516 tor-

221 5525 404 5596 pentia,
427 5531 509 5574 aut
531 5526 685 5596 potius
705 5523 929 5596 ingrata!
950 5523 1098 5572 unam
1113 5531 1172 5596 Det
1191 5523 1359 5595 solum
1380 5524 1508 5595 diem
1529 5525 1623 5596 sibi
1643 5541 1805 5596 seqre-

221 5585 356 5648 gavit
375 5596 518 5651 Deus.
532 5585 588 5651 :et
598 5587 735 5651 illam
749 5585 796 5636 in
808 5585 1288 5651 operastecutaria...
1334 5585 1532 5651 insuatis
1553 5585 1572 5636 .'
1595 5597 1634 5637 0
1649 5585 1802 5651 homo,

223 5647 435 5712 quacum
469 5647 652 5712 ﬁducia
675 5651 741 5700 ad
771 5647 1000 5712 mysteria
1030 5653 1191 5712 postea
1213 5647 1431 5708 accedes,
1477 5655 1558 5698 aut
1602 5647 1807 5712 quacum

224 5707 559 5760 conscientia?
581 5721 721 5769 Num,
755 5710 798 5761 si
820 5707 988 5760 manus
1011 5707 1215 5771 pollutas
1237 5717 1319 5758 aut
1341 5707 1550 5771 stercore
1575 5707 1805 5767 contami-

223 5777 368 5822 uutas
387 5771 608 5833 haberes,
630 5771 873 5838 ﬁmbriam
896 5769 1024 5836 regis
1046 5771 1252 5823 auderes
1275 5769 1546 5837 contingere
1566 5771 1592 5824 .’

1350 333 1439 391 DE
1480 332 1943 392 PCENITENTIA.
1985 332 2213 391 HOMIL.
2258 331 2345 394 t'x.

3399 338 3502 398 346

1925 453 2138 502 terreno
2187 448 2299 520 regi
2339 447 2658 514 assistunt‘,
2688 463 2845 518 quam
2886 450 2992 506 sint
3038 450 3356 520 immobiles,
3394 471 3502 512 non

1921 537 2218 608 loquentes,
2250 553 2355 594 non
2382 540 2701 610 agitati,non
2741 540 2923 596 oculos
2967 541 3072 598 huc
3111 551 3166 598 et
3205 543 3331 600 illuc
3375 546 3502 601 mit-

1921 638 2114 696 tentes,
2143 631 2237 686 sed
2277 632 2476 698 moesti,
2499 631 2736 699 demissi,
2769 632 3243 703 pertimescentes?
3267 637 3344 691 Ex
3371 641 3503 708 ipsis

1919 723 2294 780 documentum
2320 724 2561 794 accipite,
2594 739 2627 778 ο
2649 725 2912 792 homines,
2935 734 2989 780 et
3014 726 3092 781 sic
3115 727 3346 782 assistite
3367 729 3501 796 Deo,
3587 749 3596 755 ·

1918 817 2081 873 veluti
2111 818 2179 873 ad
2222 826 2497 873 terrenum
2536 833 2713 888 regem
2750 817 3064 874 accedentes
3093 818 3264 874 facitis
3293 837 3306 873 :
3334 821 3503 876 multo

1919 911 2088 981 magis
2133 911 2329 968 caelesti
2356 911 2467 982 regi
2509 926 2628 966 cum
2660 911 2851 966 timore
2891 909 3104 966 adstare
3129 918 3358 982 oportet.
3388 912 3503 968 Hoc

1917 1019 2062 1072 saepe
2089 1002 2231 1070 dico,
2280 1013 2334 1059 et
2371 1004 2548 1059 dicere
2594 1018 2698 1058 non
2727 1001 2970 1068 cessabo,
3023 1001 3192 1058 donec
3229 1013 3501 1058 correctos

1918 1095 2146 1151 videam.
2202 1094 2563 1164 lngredientes
2605 1101 2782 1149 autem
2814 1093 2867 1148 in
2912 1095 3214 1160 ecclesiam,
3243 1103 3304 1149 ut
3340 1095 3500 1150 decet

1919 1186 2084 1241 Deum
2107 1186 2443 1251 accedamus,
2477 1201 2544 1240 ne
2567 1185 2814 1241 vindictae
2853 1186 3192 1256 cupiditatem
3237 1188 3288 1241 in
3316 1196 3497 1243 mente

1918 1277 2198 1342 habentes,
2226 1275 2480 1331 adversus
2508 1291 2604 1331 nos
2642 1291 2936 1346 precemur,
2977 1277 3216 1332 dicentes
3245 1295 3259 1330 :
3288 1275 3499 1332 Dimitte

1916 1368 2097 1434 nobis,
2156 1369 2288 1422 sicut
2350 1378 2397 1423 et
2449 1384 2539 1422 nos
2596 1368 2894 1422 dimittimus
2950 1367 3253 1422 debitoribus
3313 1370 3499 1422 nostris

1917 1462 2128 1533 (Matth.
2157 1463 2210 1518 6.
2239 1463 2350 1532 12).
2387 1463 2649 1518 Terribile
2677 1463 2821 1519 enim
2851 1472 2933 1518 est
2959 1464 3079 1531 hoc,
3110 1464 3253 1536 quod
3277 1464 3493 1531 dicitur,

1915 1562 1968 1608 et
1995 1553 2163 1608 ferme
2196 1554 2275 1608 sic
2299 1552 2364 1607 ad
2393 1553 2558 1609 Deum
2585 1554 2798 1620 clamat,
2827 1555 2914 1623 qui
2944 1554 3045 1608 hoc
3077 1554 3206 1609 dicit
3232 1571 3246 1608 :
3282 1555 3490 1620 Dimisi,

1917 1646 2157 1710 Domine,
2204 1645 2444 1710 dimitte;
2496 1645 2654 1710 solvi,
2693 1645 2875 1710 solve;
2922 1647 3118 1715 ignovi,
3161 1647 3378 1716 ignosce
3407 1647 3494 1703 :si

1913 1737 2130 1803 retinui,
2161 1737 2366 1800 retine;
2394 1737 2438 1790 si
2469 1751 2574 1790 non
2611 1737 2749 1791 solvi
2775 1737 3037 1807 proximo,
3071 1753 3244 1807 neque
3273 1747 3326 1792 tu
3373 1753 3492 1793 mea

1914 1827 2092 1882 solvas
2135 1837 2349 1897 peccata
2390 1844 2403 1880 :
2441 1827 2494 1881 in
2546 1843 2648 1896 qua
2695 1842 2945 1883 mensura
2995 1829 3186 1884 metior
3226 1829 3488 1900 proximo,

1911 1917 2098 1973 eadem
2125 1917 2422 1973 remetiaris
2448 1916 2596 1971 mihi.

1986 2007 2112 2062 Post
2165 2018 2381 2062 mortem
2429 2007 2560 2062 nihil
2607 2007 3156 2078 meremur.—lgitur
3206 2023 3325 2063 cum
3377 2008 3490 2065 haec

1911 2097 2166 2163 sciamus,
2199 2112 2263 2152 ac
2285 2098 2424 2152 diem
2465 2097 2612 2151 illum
2654 2096 2945 2152 terribilem
2974 2098 3128 2152 nobis
3160 2109 3490 2167 reputemus,

1912 2200 1967 2244 et
1995 2189 2170 2259 ignem
2203 2190 2370 2256 illum,
2403 2198 2458 2244 et
2488 2189 2780 2246 terribilem
2812 2197 3194 2244 tormentorum
3233 2191 3404 2245 locum
3435 2193 3488 2246 in

1910 2288 2145 2335 mentem
2171 2281 2512 2350 accipiamus,
2555 2289 2926 2335 convertamus
2956 2295 3053 2334 nos
3078 2281 3130 2334 in
3157 2289 3428 2352 posterum
3457 2297 3489 2336 a

1907 2370 1993 2423 via
2021 2385 2122 2439 qua
2165 2371 2483 2425 erravimus.
2521 2370 2710 2425 Veniet
2752 2371 2894 2425 enim
2927 2370 3059 2425 hora
3088 2372 3302 2442 quando
3343 2372 3489 2426 thea-

1909 2468 2048 2515 trum
2079 2460 2201 2516 vitze
2226 2460 2383 2530 hujus
2420 2462 2675 2528 solvetur,
2721 2471 2777 2518 et
2805 2463 2979 2516 nullus
3009 2472 3192 2531 postea
3219 2464 3484 2518 certabit:

1909 2567 2015 2606 non
2041 2560 2126 2606 est
2154 2560 2274 2622 post
2306 2551 2460 2622 hujus
2487 2553 2609 2607 vitre
2636 2553 2794 2608 linem
2823 2553 3112 2623 negotiatio
3136 2570 3148 2606 :
3181 2552 3282 2608 hoc
3314 2554 3489 2608 soluto

1908 2641 2118 2698 theatro
2154 2658 2383 2698 coronas
2423 2645 2618 2698 mereri
2661 2659 2767 2698 non
2795 2643 2970 2698 datur.
3018 2643 3129 2698 Hoc
3158 2652 3366 2714 tempus
3405 2652 3488 2698 est

1906 2734 2256 2803 pcenitentite,
2289 2733 2418 2788 illud
2438 2733 2621 2804 judicii
2653 2751 2666 2786 :
2701 2733 2801 2788 hoc
2827 2749 3078 2804 agonum.
3113 2733 3239 2787 illud
3265 2748 3489 2788 corona-

1905 2839 2025 2879 rum
2057 2842 2070 2878 :
2105 2824 2206 2880 hoc
2249 2824 2467 2888 laboris,
2513 2822 2642 2878 illud
2669 2823 3013 2878 relaxationis
3038 2839 3052 2875 :
3079 2823 3179 2877 hoc
3212 2838 3486 2888 aerumna,

1907 2914 2038 2971 illud
2064 2915 2449 2970 retributionis.
2474 2913 2797 2979 Excitemni,’
2819 2913 3060 2978 obsecro,
3086 2912 3410 2974 excitemini,
3430 2919 3488 2966 et

1907 3021 2028 3077 qua:
2051 3005 2304 3061 dicuntur
2340 3006 2577 3060 suaviter
2610 3004 2908 3059 audiamus.
2940 3003 3180 3058 Viximus
3219 3003 3271 3057 in
3297 3018 3482 3065 carne,

1906 3098 2148 3152 vivamus
2172 3095 2393 3166 posthac
2419 3096 2471 3150 in
2510 3095 2698 3165 spiritu
2728 3113 2742 3149 :
2770 3095 2997 3149 viximus
3027 3095 3080 3148 in
3106 3093 3482 3164 voluptatibus,

1905 3189 2148 3244 vivamus
2174 3188 2224 3242 in
2254 3187 2539 3242 virtutibus
2567 3204 2580 3241 :
2610 3187 2841 3242 viximus
2871 3187 2925 3241 in
2966 3185 3308 3256 negligentia,
3339 3185 3487 3239 viva-

1906 3293 2027 3333 mus
2065 3279 2116 3332 in
2149 3278 2477 3348 poenitentia.
2512 3277 2647 3344 Quid
2683 3277 2904 3346 superbit
2935 3286 3066 3329 terra
3113 3285 3159 3329 et
3198 3275 3324 3328 cinis
3355 3273 3486 3346 (Ec-

1906 3369 2103 3424 cli.10.
2133 3368 2232 3440 9)?
2271 3369 2407 3436 Quid
2439 3369 2662 3431 inﬂaris,
2702 3368 2897 3423 homo?
2926 3365 3050 3435 quid
3088 3380 3342 3436 arrogans
3379 3365 3482 3420 es?

1905 3461 2032 3532 quid
2051 3476 2234 3531 speras
2251 3477 2314 3517 ex
2336 3462 2500 3531 gloria
2523 3460 2703 3514 mundi
2725 3469 2778 3514 et
2801 3459 2996 3514 divitiis
3014 3458 3037 3511 ?
3055 3457 3396 3527 Egrediamur
3415 3456 3482 3512 ad

1905 3555 2168 3623 sepulcra,
2198 3553 2458 3618 obsecro;
2491 3552 2762 3607 videamus
2791 3551 2863 3606 ibi
2902 3551 3177 3622 mysteria,
3209 3549 3484 3604 videamus

1905 3646 2227 3714 discerptam
2261 3654 2524 3706 naturam,
2554 3658 2676 3698 ossa
2706 3657 2947 3707 corrosa,
2988 3656 3212 3709 corpora
3243 3639 3484 3709 putrefa-

1905 3749 2012 3793 cta.
2042 3737 2099 3794 Si
2125 3738 2338 3807 sapiens
2366 3751 2444 3800 es,
2477 3735 2786 3797 considera;
2830 3734 2873 3789 si
2916 3732 3169 3804 prudens,
3211 3731 3298 3786 dic
3329 3730 3480 3794 mihi,

1905 3830 2024 3900 quis
2070 3829 2179 3884 illic
2217 3843 2312 3883 rex
2358 3828 2560 3898 etquis
2600 3827 2861 3896 privatus,
2903 3825 3022 3896 quis
3049 3824 3242 3878 nobilis
3286 3822 3486 3892 etquis

1905 3936 2127 3986 servus,
2179 3921 2298 3990 quis
2341 3918 2555 3988 sapiens
2593 3928 2648 3973 et
2695 3917 2813 3988 quis
2867 3913 3156 3984 insipiens?
3211 3913 3313 3969 Ubi
3368 3911 3487 3984 pul-

1904 4011 2151 4067 chritudo
2197 4011 2305 4066 illic
2348 4009 2743 4073 adolescentiae,
2793 4007 2880 4062 ubi
2914 4007 3179 4077 gratiosus
3213 4013 3482 4075 aspectus,

1905 4105 1994 4160 ubi
2021 4104 2158 4159 oculi
2186 4103 2432 4174 Speciosi,
2463 4102 2548 4156 ubi
2569 4103 2784 4172 elegans
2812 4113 2990 4163 nasus,
3016 4098 3104 4153 ubi
3133 4097 3296 4168 ignita
3322 4096 3482 4162 labia,

1904 4199 1994 4254 ubi
2027 4195 2361 4268 pulchritudo
2405 4208 2682 4265 genarum,
2733 4192 2821 4246 ubi
2853 4193 2998 4245 frons
3026 4188 3278 4244 radians?
3306 4200 3484 4241 annon

1903 4289 2083 4345 omnia
2109 4289 2286 4344 cinis?
2317 4302 2493 4342 nonne
2530 4285 2709 4341 omnia
2755 4283 2964 4353 pulvis?
2992 4295 3168 4336 nonne
3193 4279 3370 4334 omnia
3406 4276 3487 4332 fa-

1907 4383 2068 4436 villa?
2095 4395 2274 4437 nonnc
2299 4381 2474 4434 omnia
2501 4377 2739 4434 vermis?
2767 4390 2946 4430 nonne
2969 4374 3147 4429 omnia
3186 4371 3410 4442 putredo
3431 4377 3490 4426 et

1908 4473 2101 4531 fauor?
2129 4473 2255 4529 Haec
2281 4473 2459 4527 animo
2502 4477 2835 4541 reputantes,
2867 4467 3078 4532 fratres,
3109 4473 3165 4520 et
3190 4475 3487 4519 extremum

1910 4566 2052 4622 diem
2083 4566 2261 4620 animo
2293 4571 2588 4626 versantes,
2632 4560 2757 4614 dum
2801 4567 3012 4628 tempus
3055 4555 3333 4618 habemus,
3361 4568 3486 4609 con-

1905 4667 2174 4714 vertamur
2199 4671 2230 4710 a
2256 4655 2341 4709 via
2363 4663 2565 4720 nostra,
2594 4667 2696 4722 qua
2723 4651 3036 4706 erravimus.
3067 4649 3334 4718 Sanguine
3363 4662 3484 4715 pre.

1908 4751 2046 4805 tioso
2073 4747 2332 4816 redempti
2353 4759 2538 4800 sumus
2567 4745 2643 4814 (l.
2673 4743 2815 4797 Petr.
2849 4743 2926 4810 1).
2953 4742 3176 4809 Propter
3199 4750 3268 4799 te.
3300 4739 3482 4800 homo,

1910 4841 2050 4897 Dens
2089 4855 2250 4910 super
2283 4847 2478 4894 terram
2517 4837 2664 4890 visus
2708 4843 2809 4900 est,
2840 4848 2946 4888 non
2979 4833 3177 4887 habens
3211 4831 3297 4884 ubi
3326 4838 3486 4897 caput

1908 4934 2130 4989 reclinet
2172 4930 2319 5003 (Luc.
2345 4929 2398 4985 9.
2427 4928 2541 4999 58).
2575 4928 2751 4998 Papae,
2800 4943 2911 4982 rem
2957 4924 3285 4980 mirabilem!
3322 4921 3486 4991 judex

1908 5025 1974 5081 ad
2003 5023 2229 5080 tribunal
2267 5022 2476 5078 ducitur
2519 5029 2734 5091 propter
2777 5033 2934 5075 reos:
2963 5018 3066 5071 vita
3114 5026 3339 5068 mortem
3383 5028 3482 5082 gu-

1973 5204 1990 5236 ¹
2021 5210 2239 5266 neg._.....
2263 5207 2339 5250 διε
2363 5196 2567 5266 salutari
2587 5194 2807 5266 sanguini
2829 5191 3122 5257 participare
3139 5189 3298 5266 auitae
3308 5187 3486 5266 ducite,

1908 5252 2308 5326 nequejbsecro,
2354 5260 2414 5309 ab
2437 5258 2650 5326 ecclesiis
2675 5252 2911 5326 'abst'nius,
2953 5252 3102 5326 neth
3141 5252 3488 5326 cottoqttiis'in:

1909 5314 2204 5392 ιξὶρῖςιρᾲηιηδΔ
2221 5336 2238 5372 :
2255 5314 2448 5392 stemus.
2465 5321 2588 5392 sicut
2609 5325 2902 5392 prtpceptmn
2919 5323 3008 5392 est,
3023 5314 3491 5392 ςινςγηςιξξξςε-ςῃο

1910 5374 2130 5446 ἆίζῖἠιιιιι
2171 5385 2374 5435 demisso
2396 5374 2650 5448 mresti,_in
2674 5374 2854 5430 terram
2877 5377 3055 5448 oculos,
3142 5374 3487 5448 lcaztumruen-

1910 5437 2009 5498 tem
2025 5450 2248 5510 ferentes.
2273 5453 2520 5510 gemamus
2557 5437 2660 5493 sine
2697 5453 2826 5497 uoce,
2860 5443 3010 5510 cor-de
3023 5437 3302 5510 jubitemusz
3331 5445 3493 5510 .‘tjonne

1909 5497 2044 5560 vides
2065 5522 2144 5559 eos
2165 5507 2248 5569 qui
2268 5505 2380 5569 huic
2401 5514 2590 5569 terreno
2610 5512 2655 5552 et
2672 5499 2974 5569 corruptibili
2987 5497 3033 5549 et
3049 5497 3306 5569 temporali.
3317 5505 3366 5569 et
3381 5511 3490 5569 seu:

1909 5559 2035 5623 sibili
2061 5559 2438 5634 regi'assistunt.
2473 5565 2665 5634 Reliqua
2772 5563 2916 5634 [luem
2939 5576 3094 5634 usque
3117 5561 3240 5634 adeo
3263 5559 3492 5634 (inierunt

1910 5619 2100 5690 uenire,
2115 5619 2210 5681 sed
2225 5644 2388 5691 sensu,
2411 5638 2464 5679 ut
2488 5619 2696 5678 exséribi
2711 5627 2868 5691 omnia
2891 5619 3094 5691 opus'sit
3119 5623 3183 5680 ei,
3219 5633 3301 5691 qui
3325 5619 3491 5691 discri-

1911 5697 2039 5758 mina
2075 5683 2234 5758 omnia
2257 5683 2614 5758 repraesentare
2657 5687 2806 5750 velit;
2850 5683 2980 5752 quod
3011 5698 3132 5736 sane
3170 5683 3300 5734 nullo
3325 5690 3489 5745 ορϊω

1912 5756 2072 5820 pretio
2093 5754 2252 5806 ﬂeret.
