  <div class='ocr_page' id='page_1' title='image "/cluster/home/n/w/nwhite01/storage/ocr_20150623/49/hvd.32044054086806/346.png"; bbox 0 0 4062 6206; ppageno 0'>
   <div class='ocr_carea' id='block_1_1' title="bbox 376 353 471 406">
    <p class='ocr_par' dir='ltr' id='par_1_1' title="bbox 376 353 471 406">
     <span class='ocr_line' id='line_1_1' title="bbox 376 353 471 406; baseline -0.021 0"><span class='ocrx_word' id='word_1_1' title='bbox 376 353 471 406; x_wconf 66' lang='lat' dir='ltr'><strong>55f</strong></span> 
     </span>
    </p>
   </div>
   <div class='ocr_carea' id='block_1_2' title="bbox 1315 353 3663 430">
    <p class='ocr_par' dir='ltr' id='par_1_2' title="bbox 1315 353 3663 430">
     <span class='ocr_line' id='line_1_2' title="bbox 1315 353 3663 430; baseline -0.003 -21"><span class='ocrx_word' id='word_1_2' title='bbox 1315 353 1380 409; x_wconf 72' lang='lat' dir='ltr'><strong>IN</strong></span> <span class='ocrx_word' id='word_1_3' title='bbox 1422 353 1581 409; x_wconf 70' lang='lat' dir='ltr'><strong>DIE.“</strong></span> <span class='ocrx_word' id='word_1_4' title='bbox 1621 353 1944 408; x_wconf 68' lang='lat' dir='ltr'><strong>NATALEM</strong></span> <span class='ocrx_word' id='word_1_5' title='bbox 1988 355 2046 408; x_wconf 87' lang='lat' dir='ltr'><strong>D.</strong></span> <span class='ocrx_word' id='word_1_6' title='bbox 2091 355 2152 408; x_wconf 79' lang='grc' dir='ltr'><strong>Ν.</strong></span> <span class='ocrx_word' id='word_1_7' title='bbox 2195 355 2356 411; x_wconf 80' lang='lat' dir='ltr'><strong>JESU</strong></span> <span class='ocrx_word' id='word_1_8' title='bbox 2399 355 2686 412; x_wconf 76' lang='lat' dir='ltr'><strong>CHRISTI.</strong></span> <span class='ocrx_word' id='word_1_9' title='bbox 3559 376 3663 430; x_wconf 64' lang='lat'><strong>559</strong></span> 
     </span>
    </p>
   </div>
   <div class='ocr_carea' id='block_1_3' title="bbox 1959 485 2978 510">
    <p class='ocr_par' dir='ltr' id='par_1_3' title="bbox 1959 485 2978 510">
     <span class='ocr_line' id='line_1_3' title="bbox 1959 485 2978 510; baseline 0.008 -16"><span class='ocrx_word' id='word_1_10' title='bbox 1959 485 2978 510; x_wconf 48' lang='lat' dir='ltr'>M</span> 
     </span>
    </p>
   </div>
   <div class='ocr_carea' id='block_1_4' title="bbox 376 574 1920 646">
    <p class='ocr_par' dir='ltr' id='par_1_4' title="bbox 376 574 1920 622">
     <span class='ocr_line' id='line_1_4' title="bbox 376 574 1920 622; baseline -0.004 0"><span class='ocrx_word' id='word_1_11' title='bbox 376 578 646 622; x_wconf 72' lang='lat' dir='ltr'><strong>DIIMHJA</strong></span> <span class='ocrx_word' id='word_1_12' title='bbox 691 577 752 618; x_wconf 68' lang='lat' dir='ltr'><strong>IN</strong></span> <span class='ocrx_word' id='word_1_13' title='bbox 798 575 1180 618; x_wconf 74' lang='lat' dir='ltr'><strong>SERVATORIS</strong></span> <span class='ocrx_word' id='word_1_14' title='bbox 1227 574 1446 616; x_wconf 74' lang='lat' dir='ltr'><strong>NOSTRI</strong></span> <span class='ocrx_word' id='word_1_15' title='bbox 1490 575 1638 617; x_wconf 81' lang='lat' dir='ltr'><strong>JESU</strong></span> <span class='ocrx_word' id='word_1_16' title='bbox 1704 575 1920 616; x_wconf 67' lang='lat' dir='ltr'><strong>ClllllST</strong></span> 
     </span>
    </p>
   </div>
   <div class='ocr_carea' id='block_1_5' title="bbox 2024 574 3655 646">
    <p class='ocr_par' dir='ltr' id='par_1_5' title="bbox 2024 577 3655 646">
     <span class='ocr_line' id='line_1_5' title="bbox 2024 577 3655 646; baseline 0.02 -31"><span class='ocrx_word' id='word_1_17' title='bbox 2024 577 2175 619; x_wconf 69' lang='lat' dir='ltr'><strong>mem</strong></span> <span class='ocrx_word' id='word_1_18' title='bbox 2241 581 2558 638; x_wconf 75' lang='lat' dir='ltr'><strong>NATALEM,</strong></span> <span class='ocrx_word' id='word_1_19' title='bbox 2615 588 2720 638; x_wconf 82' lang='lat' dir='ltr'><strong>QUI</strong></span> <span class='ocrx_word' id='word_1_20' title='bbox 2775 590 3019 641; x_wconf 76' lang='lat' dir='ltr'><strong>QUIDEM</strong></span> <span class='ocrx_word' id='word_1_21' title='bbox 3083 597 3222 640; x_wconf 78' lang='lat' dir='ltr'><strong>mus</strong></span> <span class='ocrx_word' id='word_1_22' title='bbox 3282 600 3655 646; x_wconf 78' lang='lat' dir='ltr'><strong>tNCOGNtrus</strong></span> 
     </span>
    </p>
   </div>
   <div class='ocr_carea' id='block_1_6' title="bbox 453 673 3655 756">
    <p class='ocr_par' dir='ltr' id='par_1_6' title="bbox 453 673 3655 756">
     <span class='ocr_line' id='line_1_6' title="bbox 453 673 3655 756; baseline 0.008 -35"><span class='ocrx_word' id='word_1_23' title='bbox 453 677 666 721; x_wconf 75' lang='lat' dir='ltr'><strong>ADIIUC</strong></span> <span class='ocrx_word' id='word_1_24' title='bbox 714 676 797 718; x_wconf 76' lang='grc' dir='ltr'><strong>ιιι</strong></span> <span class='ocrx_word' id='word_1_25' title='bbox 819 676 869 718; x_wconf 80' lang='lat' dir='ltr'>IS</span> <span class='ocrx_word' id='word_1_26' title='bbox 914 673 1334 728; x_wconf 77' lang='lat' dir='ltr'><strong>TEMPOBIBUS,</strong></span> <span class='ocrx_word' id='word_1_27' title='bbox 1382 675 1546 716; x_wconf 76' lang='lat' dir='ltr'><strong>ANTE</strong></span> <span class='ocrx_word' id='word_1_28' title='bbox 1591 673 1822 716; x_wconf 79' lang='lat' dir='ltr'><strong>PAUCOS</strong></span> <span class='ocrx_word' id='word_1_29' title='bbox 1865 674 2180 717; x_wconf 70' lang='lat' dir='ltr'><strong>ADMODL‘M</strong></span> <span class='ocrx_word' id='word_1_30' title='bbox 2226 680 2422 723; x_wconf 62' lang='lat' dir='ltr'><strong>ANNOS</strong></span> <span class='ocrx_word' id='word_1_31' title='bbox 2467 683 2871 733; x_wconf 76' lang='lat' dir='ltr'><strong>INNOTUERAT</strong></span> <span class='ocrx_word' id='word_1_32' title='bbox 2915 693 3032 735; x_wconf 76' lang='lat' dir='ltr'><strong>PER</strong></span> <span class='ocrx_word' id='word_1_33' title='bbox 3079 697 3361 756; x_wconf 78' lang='lat' dir='ltr'><strong>ALIQUOS,</strong></span> <span class='ocrx_word' id='word_1_34' title='bbox 3407 702 3514 755; x_wconf 80' lang='lat' dir='ltr'><strong>QUI</strong></span> <span class='ocrx_word' id='word_1_35' title='bbox 3572 705 3655 746; x_wconf 72' lang='lat' dir='ltr'><strong>EX</strong></span> 
     </span>
    </p>
   </div>
   <div class='ocr_carea' id='block_1_7' title="bbox 449 753 2097 837">
    <p class='ocr_par' dir='ltr' id='par_1_7' title="bbox 449 753 2097 837">
     <span class='ocr_line' id='line_1_7' title="bbox 449 753 2097 837; baseline -0.005 -13"><span class='ocrx_word' id='word_1_36' title='bbox 449 779 794 824; x_wconf 61' lang='lat' dir='ltr'><strong>acernam;</strong></span> <span class='ocrx_word' id='word_1_37' title='bbox 839 775 1174 819; x_wconf 65' lang='lat' dir='ltr'><strong>venamur</strong></span> <span class='ocrx_word' id='word_1_38' title='bbox 1217 774 1424 826; x_wconf 78' lang='lat' dir='ltr'><strong>ATQUE</strong></span> <span class='ocrx_word' id='word_1_39' title='bbox 1469 774 1938 816; x_wconf 76' lang='lat' dir='ltr'><strong>INDICAVERANT</strong></span> <span class='ocrx_word' id='word_1_40' title='bbox 1986 753 2097 837; x_wconf 84' lang='grc' dir='ltr'><strong>(α).</strong></span> 
     </span>
    </p>
   </div>
   <div class='ocr_carea' id='block_1_8' title="bbox 1788 916 2208 974">
    <p class='ocr_par' dir='ltr' id='par_1_8' title="bbox 1788 916 2208 974">
     <span class='ocr_line' id='line_1_8' title="bbox 1788 916 2208 974; baseline 0.012 -5"><span class='ocrx_word' id='word_1_41' title='bbox 1788 916 2208 974; x_wconf 49' lang='lat' dir='ltr'><strong>ﬁmo</strong></span> 
     </span>
    </p>
   </div>
   <div class='ocr_carea' id='block_1_9' title="bbox 442 1049 1958 1125">
    <p class='ocr_par' dir='ltr' id='par_1_9' title="bbox 442 1049 1958 1125">
     <span class='ocr_line' id='line_1_9' title="bbox 442 1049 1958 1125; baseline -0.006 -12"><span class='ocrx_word' id='word_1_42' title='bbox 442 1061 489 1113; x_wconf 82' lang='lat' dir='ltr'><strong>l.</strong></span> <span class='ocrx_word' id='word_1_43' title='bbox 517 1057 646 1125; x_wconf 59' lang='lat' dir='ltr'><strong>Quae</strong></span> <span class='ocrx_word' id='word_1_44' title='bbox 684 1057 791 1125; x_wconf 90' lang='lat' dir='ltr'><strong>jam</strong></span> <span class='ocrx_word' id='word_1_45' title='bbox 817 1055 942 1109; x_wconf 93' lang='lat' dir='ltr'><strong>olim</strong></span> <span class='ocrx_word' id='word_1_46' title='bbox 988 1052 1302 1123; x_wconf 69' lang='lat' dir='ltr'><strong>patriarcha:</strong></span> <span class='ocrx_word' id='word_1_47' title='bbox 1344 1049 1641 1114; x_wconf 89' lang='lat' dir='ltr'><strong>ardebant,</strong></span> <span class='ocrx_word' id='word_1_48' title='bbox 1685 1051 1958 1119; x_wconf 64' lang='lat' dir='ltr'><strong>prophetae</strong></span> 
     </span>
    </p>
   </div>
   <div class='ocr_carea' id='block_1_10' title="bbox 369 1143 1952 1224">
    <p class='ocr_par' dir='ltr' id='par_1_10' title="bbox 369 1143 1952 1224">
     <span class='ocr_line' id='line_1_10' title="bbox 369 1143 1952 1224; baseline -0.009 -17"><span class='ocrx_word' id='word_1_49' title='bbox 369 1151 756 1224; x_wconf 61' lang='lat' dir='ltr'><strong>prtedicebant,</strong></span> <span class='ocrx_word' id='word_1_50' title='bbox 786 1149 913 1216; x_wconf 89' lang='lat' dir='ltr'><strong>justi</strong></span> <span class='ocrx_word' id='word_1_51' title='bbox 939 1160 1160 1201; x_wconf 90' lang='lat' dir='ltr'><strong>cernere</strong></span> <span class='ocrx_word' id='word_1_52' title='bbox 1183 1143 1468 1213; x_wconf 89' lang='lat' dir='ltr'><strong>cupiebant</strong></span> <span class='ocrx_word' id='word_1_53' title='bbox 1488 1143 1698 1212; x_wconf 81' lang='lat' dir='ltr'><strong>(Matth.</strong></span> <span class='ocrx_word' id='word_1_54' title='bbox 1725 1143 1810 1197; x_wconf 76' lang='lat' dir='ltr'><strong>l3.</strong></span> <span class='ocrx_word' id='word_1_55' title='bbox 1838 1143 1952 1212; x_wconf 83' lang='grc'><strong>17),</strong></span> 
     </span>
    </p>
   </div>
   <div class='ocr_carea' id='block_1_11' title="bbox 365 1234 1953 1308">
    <p class='ocr_par' dir='ltr' id='par_1_11' title="bbox 365 1234 1953 1308">
     <span class='ocr_line' id='line_1_11' title="bbox 365 1234 1953 1308; baseline -0.008 -7"><span class='ocrx_word' id='word_1_56' title='bbox 365 1261 428 1301; x_wconf 90' lang='lat' dir='ltr'><strong>ea</strong></span> <span class='ocrx_word' id='word_1_57' title='bbox 455 1257 704 1308; x_wconf 86' lang='lat' dir='ltr'><strong>evenere,</strong></span> <span class='ocrx_word' id='word_1_58' title='bbox 734 1251 786 1296; x_wconf 93' lang='lat' dir='ltr'><strong>et</strong></span> <span class='ocrx_word' id='word_1_59' title='bbox 817 1241 974 1295; x_wconf 84' lang='lat' dir='ltr'><strong>linem</strong></span> <span class='ocrx_word' id='word_1_60' title='bbox 1005 1239 1260 1292; x_wconf 87' lang='lat' dir='ltr'><strong>hodierno</strong></span> <span class='ocrx_word' id='word_1_61' title='bbox 1283 1236 1371 1292; x_wconf 86' lang='lat' dir='ltr'><strong>die</strong></span> <span class='ocrx_word' id='word_1_62' title='bbox 1395 1243 1716 1304; x_wconf 87' lang='lat' dir='ltr'><strong>acceperunt</strong></span> <span class='ocrx_word' id='word_1_63' title='bbox 1742 1251 1755 1287; x_wconf 91' lang='lat'>:</span> <span class='ocrx_word' id='word_1_64' title='bbox 1782 1234 1953 1288; x_wconf 88' lang='lat' dir='ltr'><strong>Deus-</strong></span> 
     </span>
    </p>
   </div>
   <div class='ocr_carea' id='block_1_12' title="bbox 367 1324 1952 1408">
    <p class='ocr_par' dir='ltr' id='par_1_12' title="bbox 367 1324 1952 1408">
     <span class='ocr_line' id='line_1_12' title="bbox 367 1324 1952 1408; baseline -0.008 -16"><span class='ocrx_word' id='word_1_65' title='bbox 367 1353 470 1408; x_wconf 90' lang='lat' dir='ltr'><strong>que</strong></span> <span class='ocrx_word' id='word_1_66' title='bbox 498 1351 594 1406; x_wconf 91' lang='lat' dir='ltr'><strong>per</strong></span> <span class='ocrx_word' id='word_1_67' title='bbox 621 1349 836 1390; x_wconf 88' lang='lat' dir='ltr'><strong>carnem</strong></span> <span class='ocrx_word' id='word_1_68' title='bbox 862 1333 912 1386; x_wconf 94' lang='lat' dir='ltr'><strong>in</strong></span> <span class='ocrx_word' id='word_1_69' title='bbox 945 1341 1085 1386; x_wconf 91' lang='lat' dir='ltr'><strong>terra</strong></span> <span class='ocrx_word' id='word_1_70' title='bbox 1114 1331 1260 1384; x_wconf 89' lang='lat' dir='ltr'><strong>visus</strong></span> <span class='ocrx_word' id='word_1_71' title='bbox 1287 1336 1389 1393; x_wconf 89' lang='lat' dir='ltr'><strong>est,</strong></span> <span class='ocrx_word' id='word_1_72' title='bbox 1416 1337 1470 1382; x_wconf 92' lang='lat' dir='ltr'><strong>et</strong></span> <span class='ocrx_word' id='word_1_73' title='bbox 1498 1341 1619 1382; x_wconf 89' lang='lat' dir='ltr'><strong>cum</strong></span> <span class='ocrx_word' id='word_1_74' title='bbox 1650 1324 1952 1380; x_wconf 86' lang='lat' dir='ltr'><strong>hominibus</strong></span> 
     </span>
    </p>
   </div>
   <div class='ocr_carea' id='block_1_13' title="bbox 362 1417 1951 1493">
    <p class='ocr_par' dir='ltr' id='par_1_13' title="bbox 362 1417 1951 1493">
     <span class='ocr_line' id='line_1_13' title="bbox 362 1417 1951 1493; baseline -0.007 -12"><span class='ocrx_word' id='word_1_75' title='bbox 362 1437 711 1482; x_wconf 75' lang='lat' dir='ltr'><strong>conversatus</strong></span> <span class='ocrx_word' id='word_1_76' title='bbox 727 1433 811 1479; x_wconf 91' lang='lat' dir='ltr'><strong>est</strong></span> <span class='ocrx_word' id='word_1_77' title='bbox 829 1422 1056 1493; x_wconf 86' lang='lat' dir='ltr'><strong>(Baruch</strong></span> <span class='ocrx_word' id='word_1_78' title='bbox 1094 1423 1148 1477; x_wconf 78' lang='grc'><strong>5.</strong></span> <span class='ocrx_word' id='word_1_79' title='bbox 1167 1420 1280 1482; x_wconf 79' lang='lat'><strong>38).</strong></span> <span class='ocrx_word' id='word_1_80' title='bbox 1299 1419 1637 1475; x_wconf 81' lang='lat' dir='ltr'><strong>Gaudeamus</strong></span> <span class='ocrx_word' id='word_1_81' title='bbox 1655 1417 1876 1487; x_wconf 83' lang='lat' dir='ltr'><strong>proinde</strong></span> <span class='ocrx_word' id='word_1_82' title='bbox 1895 1426 1951 1471; x_wconf 89' lang='lat' dir='ltr'><strong>et</strong></span> 
     </span>
    </p>
   </div>
   <div class='ocr_carea' id='block_1_14' title="bbox 359 1512 1947 1583">
    <p class='ocr_par' dir='ltr' id='par_1_14' title="bbox 359 1512 1947 1583">
     <span class='ocr_line' id='line_1_14' title="bbox 359 1512 1947 1583; baseline -0.007 -9"><span class='ocrx_word' id='word_1_83' title='bbox 359 1520 703 1583; x_wconf 82' lang='lat' dir='ltr'><strong>exsultemus,</strong></span> <span class='ocrx_word' id='word_1_84' title='bbox 723 1516 921 1571; x_wconf 75' lang='lat' dir='ltr'><strong>dilecti.</strong></span> <span class='ocrx_word' id='word_1_85' title='bbox 940 1514 1072 1569; x_wconf 86' lang='lat' dir='ltr'><strong>Nam</strong></span> <span class='ocrx_word' id='word_1_86' title='bbox 1089 1513 1134 1568; x_wconf 93' lang='lat' dir='ltr'><strong>si</strong></span> <span class='ocrx_word' id='word_1_87' title='bbox 1154 1514 1386 1568; x_wconf 80' lang='lat' dir='ltr'><strong>Joannes</strong></span> <span class='ocrx_word' id='word_1_88' title='bbox 1405 1512 1643 1567; x_wconf 90' lang='lat' dir='ltr'><strong>adhucin</strong></span> <span class='ocrx_word' id='word_1_89' title='bbox 1663 1519 1812 1565; x_wconf 90' lang='lat' dir='ltr'><strong>utero</strong></span> <span class='ocrx_word' id='word_1_90' title='bbox 1832 1525 1947 1563; x_wconf 89' lang='lat' dir='ltr'><strong>ma-</strong></span> 
     </span>
    </p>
   </div>
   <div class='ocr_carea' id='block_1_15' title="bbox 360 1601 1946 1678">
    <p class='ocr_par' dir='ltr' id='par_1_15' title="bbox 360 1601 1946 1678">
     <span class='ocr_line' id='line_1_15' title="bbox 360 1601 1946 1678; baseline -0.006 -12"><span class='ocrx_word' id='word_1_91' title='bbox 360 1621 534 1677; x_wconf 89' lang='lat' dir='ltr'><strong>terno,</strong></span> <span class='ocrx_word' id='word_1_92' title='bbox 557 1609 720 1663; x_wconf 85' lang='lat' dir='ltr'><strong>Maria</strong></span> <span class='ocrx_word' id='word_1_93' title='bbox 740 1606 1068 1678; x_wconf 75' lang='lat' dir='ltr'><strong>ingrediente</strong></span> <span class='ocrx_word' id='word_1_94' title='bbox 1081 1605 1147 1660; x_wconf 90' lang='lat' dir='ltr'><strong>ad</strong></span> <span class='ocrx_word' id='word_1_95' title='bbox 1170 1603 1727 1671; x_wconf 77' lang='lat' dir='ltr'><strong>Elizabet,exsultavit</strong></span> <span class='ocrx_word' id='word_1_96' title='bbox 1745 1619 1759 1656; x_wconf 88' lang='lat'>:</span> <span class='ocrx_word' id='word_1_97' title='bbox 1779 1601 1946 1656; x_wconf 90' lang='lat' dir='ltr'><strong>multo</strong></span> 
     </span>
    </p>
   </div>
   <div class='ocr_carea' id='block_1_16' title="bbox 360 1697 1943 1774">
    <p class='ocr_par' dir='ltr' id='par_1_16' title="bbox 360 1697 1943 1774">
     <span class='ocr_line' id='line_1_16' title="bbox 360 1697 1943 1774; baseline -0.007 -16"><span class='ocrx_word' id='word_1_98' title='bbox 360 1703 528 1774; x_wconf 88' lang='lat' dir='ltr'><strong>magis</strong></span> <span class='ocrx_word' id='word_1_99' title='bbox 549 1715 662 1766; x_wconf 91' lang='lat' dir='ltr'><strong>nos,</strong></span> <span class='ocrx_word' id='word_1_100' title='bbox 687 1715 790 1755; x_wconf 93' lang='lat' dir='ltr'><strong>non</strong></span> <span class='ocrx_word' id='word_1_101' title='bbox 811 1700 1051 1766; x_wconf 85' lang='lat' dir='ltr'><strong>Mariam,</strong></span> <span class='ocrx_word' id='word_1_102' title='bbox 1070 1697 1163 1754; x_wconf 85' lang='lat' dir='ltr'><strong>sed</strong></span> <span class='ocrx_word' id='word_1_103' title='bbox 1184 1698 1466 1768; x_wconf 91' lang='lat' dir='ltr'><strong>ipsummet</strong></span> <span class='ocrx_word' id='word_1_104' title='bbox 1487 1697 1826 1752; x_wconf 89' lang='lat' dir='ltr'><strong>Servatorem</strong></span> <span class='ocrx_word' id='word_1_105' title='bbox 1849 1712 1943 1750; x_wconf 88' lang='lat' dir='ltr'><strong>no-</strong></span> 
     </span>
    </p>
   </div>
   <div class='ocr_carea' id='block_1_17' title="bbox 355 1787 1943 1861">
    <p class='ocr_par' dir='ltr' id='par_1_17' title="bbox 355 1787 1943 1861">
     <span class='ocr_line' id='line_1_17' title="bbox 355 1787 1943 1861; baseline -0.008 -8"><span class='ocrx_word' id='word_1_106' title='bbox 355 1806 524 1852; x_wconf 85' lang='lat' dir='ltr'><strong>strum</strong></span> <span class='ocrx_word' id='word_1_107' title='bbox 553 1795 712 1850; x_wconf 92' lang='lat' dir='ltr'><strong>hodie</strong></span> <span class='ocrx_word' id='word_1_108' title='bbox 741 1803 922 1849; x_wconf 89' lang='lat' dir='ltr'><strong>natum</strong></span> <span class='ocrx_word' id='word_1_109' title='bbox 944 1792 1352 1861; x_wconf 82' lang='lat' dir='ltr'><strong>conspicientes,</strong></span> <span class='ocrx_word' id='word_1_110' title='bbox 1376 1788 1646 1845; x_wconf 85' lang='lat' dir='ltr'><strong>exsultare</strong></span> <span class='ocrx_word' id='word_1_111' title='bbox 1673 1798 1727 1842; x_wconf 89' lang='lat' dir='ltr'><strong>et</strong></span> <span class='ocrx_word' id='word_1_112' title='bbox 1748 1787 1943 1859; x_wconf 88' lang='lat' dir='ltr'><strong>gaudio</strong></span> 
     </span>
    </p>
   </div>
   <div class='ocr_carea' id='block_1_18' title="bbox 350 1879 1940 1963">
    <p class='ocr_par' dir='ltr' id='par_1_18' title="bbox 350 1879 1940 1963">
     <span class='ocr_line' id='line_1_18' title="bbox 350 1879 1940 1963; baseline -0.009 -17"><span class='ocrx_word' id='word_1_113' title='bbox 350 1891 547 1963; x_wconf 84' lang='lat' dir='ltr'><strong>gestire</strong></span> <span class='ocrx_word' id='word_1_114' title='bbox 573 1905 667 1958; x_wconf 90' lang='lat' dir='ltr'><strong>par</strong></span> <span class='ocrx_word' id='word_1_115' title='bbox 694 1896 806 1952; x_wconf 90' lang='lat' dir='ltr'><strong>est;</strong></span> <span class='ocrx_word' id='word_1_116' title='bbox 835 1896 889 1941; x_wconf 91' lang='lat' dir='ltr'><strong>et</strong></span> <span class='ocrx_word' id='word_1_117' title='bbox 910 1885 1181 1956; x_wconf 87' lang='lat' dir='ltr'><strong>suspicere</strong></span> <span class='ocrx_word' id='word_1_118' title='bbox 1201 1892 1360 1952; x_wconf 89' lang='lat' dir='ltr'><strong>atque</strong></span> <span class='ocrx_word' id='word_1_119' title='bbox 1383 1897 1504 1937; x_wconf 89' lang='lat' dir='ltr'><strong>cum</strong></span> <span class='ocrx_word' id='word_1_120' title='bbox 1527 1889 1745 1950; x_wconf 89' lang='lat' dir='ltr'><strong>stupore</strong></span> <span class='ocrx_word' id='word_1_121' title='bbox 1764 1879 1940 1934; x_wconf 85' lang='lat' dir='ltr'><strong>admi-</strong></span> 
     </span>
    </p>
   </div>
   <div class='ocr_carea' id='block_1_19' title="bbox 352 1971 1939 2046">
    <p class='ocr_par' dir='ltr' id='par_1_19' title="bbox 352 1971 1939 2046">
     <span class='ocr_line' id='line_1_19' title="bbox 352 1971 1939 2046; baseline -0.008 -9"><span class='ocrx_word' id='word_1_122' title='bbox 352 1984 458 2037; x_wconf 83' lang='lat' dir='ltr'><strong>rari</strong></span> <span class='ocrx_word' id='word_1_123' title='bbox 475 1980 855 2035; x_wconf 82' lang='lat' dir='ltr'><strong>incarnationis</strong></span> <span class='ocrx_word' id='word_1_124' title='bbox 871 1979 988 2046; x_wconf 82' lang='lat' dir='ltr'><strong>ejus</strong></span> <span class='ocrx_word' id='word_1_125' title='bbox 1001 1973 1440 2046; x_wconf 87' lang='lat' dir='ltr'><strong>magnitudinem,</strong></span> <span class='ocrx_word' id='word_1_126' title='bbox 1459 1971 1605 2028; x_wconf 91' lang='lat' dir='ltr'><strong>omni</strong></span> <span class='ocrx_word' id='word_1_127' title='bbox 1621 1971 1939 2041; x_wconf 79' lang='lat' dir='ltr'><strong>cogitatione</strong></span> 
     </span>
    </p>
   </div>
   <div class='ocr_carea' id='block_1_20' title="bbox 349 2061 1936 2145">
    <p class='ocr_par' dir='ltr' id='par_1_20' title="bbox 349 2061 1936 2145">
     <span class='ocr_line' id='line_1_20' title="bbox 349 2061 1936 2145; baseline -0.009 -15"><span class='ocrx_word' id='word_1_128' title='bbox 349 2075 704 2145; x_wconf 84' lang='lat' dir='ltr'><strong>superiorem.</strong></span> <span class='ocrx_word' id='word_1_129' title='bbox 741 2072 940 2126; x_wconf 88' lang='lat' dir='ltr'><strong>Tecum</strong></span> <span class='ocrx_word' id='word_1_130' title='bbox 965 2069 1107 2124; x_wconf 91' lang='lat' dir='ltr'><strong>enim</strong></span> <span class='ocrx_word' id='word_1_131' title='bbox 1135 2075 1322 2136; x_wconf 89' lang='lat' dir='ltr'><strong>reputa</strong></span> <span class='ocrx_word' id='word_1_132' title='bbox 1348 2072 1605 2134; x_wconf 91' lang='lat' dir='ltr'><strong>quantum</strong></span> <span class='ocrx_word' id='word_1_133' title='bbox 1630 2063 1730 2128; x_wconf 89' lang='lat' dir='ltr'><strong>sit,</strong></span> <span class='ocrx_word' id='word_1_134' title='bbox 1767 2061 1936 2116; x_wconf 90' lang='lat' dir='ltr'><strong>solem</strong></span> 
     </span>
    </p>
   </div>
   <div class='ocr_carea' id='block_1_21' title="bbox 347 2158 1933 2223">
    <p class='ocr_par' dir='ltr' id='par_1_21' title="bbox 347 2158 1933 2223">
     <span class='ocr_line' id='line_1_21' title="bbox 347 2158 1933 2223; baseline -0.011 0"><span class='ocrx_word' id='word_1_135' title='bbox 347 2183 414 2223; x_wconf 85' lang='lat' dir='ltr'><strong>ex</strong></span> <span class='ocrx_word' id='word_1_136' title='bbox 452 2166 598 2220; x_wconf 68' lang='lat' dir='ltr'><strong>cwlis</strong></span> <span class='ocrx_word' id='word_1_137' title='bbox 636 2162 1045 2218; x_wconf 87' lang='lat' dir='ltr'><strong>descendentem</strong></span> <span class='ocrx_word' id='word_1_138' title='bbox 1086 2158 1270 2212; x_wconf 91' lang='lat' dir='ltr'><strong>videre</strong></span> <span class='ocrx_word' id='word_1_139' title='bbox 1310 2160 1364 2210; x_wconf 90' lang='lat' dir='ltr'><strong>in</strong></span> <span class='ocrx_word' id='word_1_140' title='bbox 1406 2165 1546 2210; x_wconf 90' lang='lat' dir='ltr'><strong>terra</strong></span> <span class='ocrx_word' id='word_1_141' title='bbox 1589 2161 1891 2209; x_wconf 90' lang='lat' dir='ltr'><strong>currentem</strong></span> <span class='ocrx_word' id='word_1_142' title='bbox 1917 2192 1933 2217; x_wconf 92' lang='lat'><strong>,</strong></span> 
     </span>
    </p>
   </div>
   <div class='ocr_carea' id='block_1_22' title="bbox 347 2237 1935 2327">
    <p class='ocr_par' dir='ltr' id='par_1_22' title="bbox 347 2237 1935 2327">
     <span class='ocr_line' id='line_1_22' title="bbox 347 2237 1935 2327; baseline -0.009 -13"><span class='ocrx_word' id='word_1_143' title='bbox 347 2259 635 2327; x_wconf 83' lang='lat' dir='ltr'><strong>radiosque</strong></span> <span class='ocrx_word' id='word_1_144' title='bbox 663 2256 786 2310; x_wconf 88' lang='lat' dir='ltr'><strong>hinc</strong></span> <span class='ocrx_word' id='word_1_145' title='bbox 807 2268 933 2308; x_wconf 90' lang='lat' dir='ltr'><strong>suos</strong></span> <span class='ocrx_word' id='word_1_146' title='bbox 953 2237 1201 2306; x_wconf 85' lang='lat' dir='ltr'><strong>omnibus</strong></span> <span class='ocrx_word' id='word_1_147' title='bbox 1221 2249 1571 2304; x_wconf 89' lang='lat' dir='ltr'><strong>emittentem.</strong></span> <span class='ocrx_word' id='word_1_148' title='bbox 1596 2246 1748 2314; x_wconf 83' lang='lat' dir='ltr'><strong>Quod</strong></span> <span class='ocrx_word' id='word_1_149' title='bbox 1767 2247 1812 2299; x_wconf 91' lang='lat' dir='ltr'><strong>si</strong></span> <span class='ocrx_word' id='word_1_150' title='bbox 1831 2245 1935 2300; x_wconf 89' lang='lat' dir='ltr'><strong>tale</strong></span> 
     </span>
    </p>
   </div>
   <div class='ocr_carea' id='block_1_23' title="bbox 342 2341 1929 2440">
    <p class='ocr_par' dir='ltr' id='par_1_23' title="bbox 342 2341 1929 2440">
     <span class='ocr_line' id='line_1_23' title="bbox 342 2341 1929 2440; baseline -0.009 -34"><span class='ocrx_word' id='word_1_151' title='bbox 342 2351 542 2422; x_wconf 83' lang='lat' dir='ltr'><strong>aliquid</strong></span> <span class='ocrx_word' id='word_1_152' title='bbox 565 2351 617 2404; x_wconf 91' lang='lat' dir='ltr'><strong>in</strong></span> <span class='ocrx_word' id='word_1_153' title='bbox 644 2347 824 2404; x_wconf 90' lang='lat' dir='ltr'><strong>sensili</strong></span> <span class='ocrx_word' id='word_1_154' title='bbox 849 2347 940 2401; x_wconf 91' lang='lat' dir='ltr'><strong>illo</strong></span> <span class='ocrx_word' id='word_1_155' title='bbox 956 2344 1205 2401; x_wconf 89' lang='lat' dir='ltr'><strong>luminari</strong></span> <span class='ocrx_word' id='word_1_156' title='bbox 1222 2342 1492 2407; x_wconf 89' lang='lat' dir='ltr'><strong>eveniens,</strong></span> <span class='ocrx_word' id='word_1_157' title='bbox 1511 2341 1701 2395; x_wconf 90' lang='lat' dir='ltr'><strong>merito</strong></span> <span class='ocrx_word' id='word_1_158' title='bbox 1720 2352 1929 2440; x_wconf 78' lang='lat' dir='ltr'><strong>omnes,</strong></span> 
     </span>
    </p>
   </div>
   <div class='ocr_carea' id='block_1_24' title="bbox 340 2429 1930 2531">
    <p class='ocr_par' dir='ltr' id='par_1_24' title="bbox 340 2429 1930 2531">
     <span class='ocr_line' id='line_1_24' title="bbox 340 2429 1930 2531; baseline -0.009 -34"><span class='ocrx_word' id='word_1_159' title='bbox 340 2449 604 2512; x_wconf 90' lang='lat' dir='ltr'><strong>quotquot</strong></span> <span class='ocrx_word' id='word_1_160' title='bbox 627 2439 680 2494; x_wconf 93' lang='lat' dir='ltr'><strong>id</strong></span> <span class='ocrx_word' id='word_1_161' title='bbox 707 2438 983 2504; x_wconf 89' lang='lat' dir='ltr'><strong>viderent,</strong></span> <span class='ocrx_word' id='word_1_162' title='bbox 1014 2437 1065 2490; x_wconf 93' lang='lat' dir='ltr'><strong>in</strong></span> <span class='ocrx_word' id='word_1_163' title='bbox 1093 2445 1364 2505; x_wconf 89' lang='lat' dir='ltr'><strong>stuporem</strong></span> <span class='ocrx_word' id='word_1_164' title='bbox 1384 2441 1629 2531; x_wconf 79' lang='lat' dir='ltr'><strong>raperet:</strong></span> <span class='ocrx_word' id='word_1_165' title='bbox 1651 2429 1930 2531; x_wconf 72' lang='lat' dir='ltr'><strong>considera</strong></span> 
     </span>
    </p>
   </div>
   <div class='ocr_carea' id='block_1_25' title="bbox 343 2521 1930 2600">
    <p class='ocr_par' dir='ltr' id='par_1_25' title="bbox 343 2521 1930 2600">
     <span class='ocr_line' id='line_1_25' title="bbox 343 2521 1930 2600; baseline -0.009 -12"><span class='ocrx_word' id='word_1_166' title='bbox 343 2548 486 2589; x_wconf 90' lang='lat' dir='ltr'><strong>nunc</strong></span> <span class='ocrx_word' id='word_1_167' title='bbox 513 2531 641 2586; x_wconf 90' lang='lat' dir='ltr'><strong>mihi</strong></span> <span class='ocrx_word' id='word_1_168' title='bbox 677 2538 730 2584; x_wconf 89' lang='lat' dir='ltr'><strong>et</strong></span> <span class='ocrx_word' id='word_1_169' title='bbox 756 2528 1022 2600; x_wconf 89' lang='lat' dir='ltr'><strong>perpende</strong></span> <span class='ocrx_word' id='word_1_170' title='bbox 1043 2569 1056 2592; x_wconf 94' lang='lat'><strong>,</strong></span> <span class='ocrx_word' id='word_1_171' title='bbox 1089 2543 1247 2598; x_wconf 89' lang='lat' dir='ltr'><strong>quam</strong></span> <span class='ocrx_word' id='word_1_172' title='bbox 1275 2527 1429 2596; x_wconf 90' lang='lat' dir='ltr'><strong>longe</strong></span> <span class='ocrx_word' id='word_1_173' title='bbox 1456 2523 1628 2593; x_wconf 87' lang='lat' dir='ltr'><strong>majus</strong></span> <span class='ocrx_word' id='word_1_174' title='bbox 1653 2523 1751 2588; x_wconf 88' lang='lat' dir='ltr'><strong>sit,</strong></span> <span class='ocrx_word' id='word_1_175' title='bbox 1774 2521 1930 2591; x_wconf 91' lang='lat' dir='ltr'><strong>justi-</strong></span> 
     </span>
    </p>
   </div>
   <div class='ocr_carea' id='block_1_26' title="bbox 339 2615 1926 2684">
    <p class='ocr_par' dir='ltr' id='par_1_26' title="bbox 339 2615 1926 2684">
     <span class='ocr_line' id='line_1_26' title="bbox 339 2615 1926 2684; baseline -0.008 -3"><span class='ocrx_word' id='word_1_176' title='bbox 339 2628 430 2681; x_wconf 76' lang='lat' dir='ltr'><strong>tizn</strong></span> <span class='ocrx_word' id='word_1_177' title='bbox 469 2623 638 2679; x_wconf 92' lang='lat' dir='ltr'><strong>solem</strong></span> <span class='ocrx_word' id='word_1_178' title='bbox 680 2636 747 2675; x_wconf 82' lang='lat' dir='ltr'><strong>ex</strong></span> <span class='ocrx_word' id='word_1_179' title='bbox 785 2632 967 2678; x_wconf 89' lang='lat' dir='ltr'><strong>nostra</strong></span> <span class='ocrx_word' id='word_1_180' title='bbox 1004 2635 1166 2676; x_wconf 89' lang='lat' dir='ltr'><strong>carne</strong></span> <span class='ocrx_word' id='word_1_181' title='bbox 1201 2619 1381 2673; x_wconf 89' lang='lat' dir='ltr'><strong>radios</strong></span> <span class='ocrx_word' id='word_1_182' title='bbox 1414 2631 1542 2672; x_wconf 91' lang='lat' dir='ltr'><strong>suos</strong></span> <span class='ocrx_word' id='word_1_183' title='bbox 1578 2615 1926 2684; x_wconf 86' lang='lat' dir='ltr'><strong>ejaculantem</strong></span> 
     </span>
    </p>
   </div>
   <div class='ocr_carea' id='block_1_27' title="bbox 337 2707 1924 2789">
    <p class='ocr_par' dir='ltr' id='par_1_27' title="bbox 337 2707 1924 2789">
     <span class='ocr_line' id='line_1_27' title="bbox 337 2707 1924 2789; baseline -0.007 -16"><span class='ocrx_word' id='word_1_184' title='bbox 337 2719 916 2789; x_wconf 86' lang='lat' dir='ltr'><strong>aspicere,animasque</strong></span> <span class='ocrx_word' id='word_1_185' title='bbox 931 2723 1138 2769; x_wconf 89' lang='lat' dir='ltr'><strong>nostras</strong></span> <span class='ocrx_word' id='word_1_186' title='bbox 1155 2713 1503 2766; x_wconf 89' lang='lat' dir='ltr'><strong>illustrantem</strong></span> <span class='ocrx_word' id='word_1_187' title='bbox 1517 2749 1529 2762; x_wconf 95' lang='lat'><strong>.</strong></span> <span class='ocrx_word' id='word_1_188' title='bbox 1548 2707 1924 2764; x_wconf 86' lang='lat' dir='ltr'><strong>Desiderabam</strong></span> 
     </span>
    </p>
   </div>
   <div class='ocr_carea' id='block_1_28' title="bbox 335 2800 1923 2882">
    <p class='ocr_par' dir='ltr' id='par_1_28' title="bbox 335 2800 1923 2882">
     <span class='ocr_line' id='line_1_28' title="bbox 335 2800 1923 2882; baseline -0.009 -16"><span class='ocrx_word' id='word_1_189' title='bbox 335 2826 437 2882; x_wconf 85' lang='lat' dir='ltr'><strong>ego</strong></span> <span class='ocrx_word' id='word_1_190' title='bbox 453 2810 561 2880; x_wconf 91' lang='lat' dir='ltr'><strong>jam</strong></span> <span class='ocrx_word' id='word_1_191' title='bbox 586 2809 788 2879; x_wconf 87' lang='lat' dir='ltr'><strong>pridem</strong></span> <span class='ocrx_word' id='word_1_192' title='bbox 815 2807 958 2862; x_wconf 91' lang='lat' dir='ltr'><strong>diem</strong></span> <span class='ocrx_word' id='word_1_193' title='bbox 986 2805 1126 2859; x_wconf 88' lang='lat' dir='ltr'><strong>hunc</strong></span> <span class='ocrx_word' id='word_1_194' title='bbox 1147 2804 1328 2858; x_wconf 89' lang='lat' dir='ltr'><strong>videre</strong></span> <span class='ocrx_word' id='word_1_195' title='bbox 1354 2819 1370 2868; x_wconf 93' lang='lat'><strong>;</strong></span> <span class='ocrx_word' id='word_1_196' title='bbox 1402 2803 1559 2871; x_wconf 90' lang='lat' dir='ltr'><strong>idque</strong></span> <span class='ocrx_word' id='word_1_197' title='bbox 1585 2815 1688 2855; x_wconf 92' lang='lat' dir='ltr'><strong>non</strong></span> <span class='ocrx_word' id='word_1_198' title='bbox 1712 2800 1923 2869; x_wconf 89' lang='lat' dir='ltr'><strong>simpli-</strong></span> 
     </span>
    </p>
   </div>
   <div class='ocr_carea' id='block_1_29' title="bbox 333 2893 1919 2968">
    <p class='ocr_par' dir='ltr' id='par_1_29' title="bbox 333 2893 1919 2968">
     <span class='ocr_line' id='line_1_29' title="bbox 333 2893 1919 2968; baseline -0.008 -10"><span class='ocrx_word' id='word_1_199' title='bbox 333 2905 490 2968; x_wconf 91' lang='lat' dir='ltr'><strong>citer,</strong></span> <span class='ocrx_word' id='word_1_200' title='bbox 518 2902 609 2957; x_wconf 90' lang='lat' dir='ltr'><strong>sed</strong></span> <span class='ocrx_word' id='word_1_201' title='bbox 628 2917 747 2956; x_wconf 90' lang='lat' dir='ltr'><strong>cum</strong></span> <span class='ocrx_word' id='word_1_202' title='bbox 772 2908 914 2954; x_wconf 89' lang='lat' dir='ltr'><strong>tanta</strong></span> <span class='ocrx_word' id='word_1_203' title='bbox 945 2896 1270 2968; x_wconf 78' lang='lat' dir='ltr'><strong>frequentia,</strong></span> <span class='ocrx_word' id='word_1_204' title='bbox 1299 2902 1494 2964; x_wconf 88' lang='lat' dir='ltr'><strong>quanta</strong></span> <span class='ocrx_word' id='word_1_205' title='bbox 1519 2907 1659 2946; x_wconf 90' lang='lat' dir='ltr'><strong>nunc</strong></span> <span class='ocrx_word' id='word_1_206' title='bbox 1679 2893 1876 2946; x_wconf 72' lang='lat' dir='ltr'><strong>adesus</strong></span> <span class='ocrx_word' id='word_1_207' title='bbox 1904 2911 1919 2945; x_wconf 87' lang='lat'><strong>:</strong></span> 
     </span>
    </p>
   </div>
   <div class='ocr_carea' id='block_1_30' title="bbox 332 2985 1918 3062">
    <p class='ocr_par' dir='ltr' id='par_1_30' title="bbox 332 2985 1918 3062">
     <span class='ocr_line' id='line_1_30' title="bbox 332 2985 1918 3062; baseline -0.008 -13"><span class='ocrx_word' id='word_1_208' title='bbox 332 2993 730 3062; x_wconf 85' lang='lat' dir='ltr'><strong>identidemque</strong></span> <span class='ocrx_word' id='word_1_209' title='bbox 747 2990 938 3045; x_wconf 90' lang='lat' dir='ltr'><strong>intueri</strong></span> <span class='ocrx_word' id='word_1_210' title='bbox 965 2987 1281 3058; x_wconf 81' lang='lat' dir='ltr'><strong>exoptabam</strong></span> <span class='ocrx_word' id='word_1_211' title='bbox 1302 2987 1565 3040; x_wconf 87' lang='lat' dir='ltr'><strong>theatrum</strong></span> <span class='ocrx_word' id='word_1_212' title='bbox 1588 2991 1826 3038; x_wconf 86' lang='lat' dir='ltr'><strong>nostrum</strong></span> <span class='ocrx_word' id='word_1_213' title='bbox 1850 2985 1918 3038; x_wconf 84' lang='lat' dir='ltr'><strong>ita</strong></span> 
     </span>
    </p>
   </div>
   <div class='ocr_carea' id='block_1_31' title="bbox 332 3075 1917 3155">
    <p class='ocr_par' dir='ltr' id='par_1_31' title="bbox 332 3075 1917 3155">
     <span class='ocr_line' id='line_1_31' title="bbox 332 3075 1917 3155; baseline -0.008 -13"><span class='ocrx_word' id='word_1_214' title='bbox 332 3085 612 3155; x_wconf 89' lang='lat' dir='ltr'><strong>compleri,</strong></span> <span class='ocrx_word' id='word_1_215' title='bbox 639 3080 1087 3154; x_wconf 88' lang='lat' dir='ltr'><strong>quemadmodum</strong></span> <span class='ocrx_word' id='word_1_216' title='bbox 1116 3092 1256 3134; x_wconf 90' lang='lat' dir='ltr'><strong>nunc</strong></span> <span class='ocrx_word' id='word_1_217' title='bbox 1271 3077 1453 3133; x_wconf 87' lang='lat' dir='ltr'><strong>videre</strong></span> <span class='ocrx_word' id='word_1_218' title='bbox 1470 3087 1570 3131; x_wconf 90' lang='lat' dir='ltr'><strong>est.</strong></span> <span class='ocrx_word' id='word_1_219' title='bbox 1590 3075 1754 3146; x_wconf 87' lang='lat' dir='ltr'><strong>Cujus</strong></span> <span class='ocrx_word' id='word_1_220' title='bbox 1773 3075 1917 3130; x_wconf 90' lang='lat' dir='ltr'><strong>desi-</strong></span> 
     </span>
    </p>
   </div>
   <div class='ocr_carea' id='block_1_32' title="bbox 330 3168 1916 3242">
    <p class='ocr_par' dir='ltr' id='par_1_32' title="bbox 330 3168 1916 3242">
     <span class='ocr_line' id='line_1_32' title="bbox 330 3168 1916 3242; baseline -0.006 -11"><span class='ocrx_word' id='word_1_221' title='bbox 330 3177 467 3231; x_wconf 86' lang='lat' dir='ltr'><strong>derii</strong></span> <span class='ocrx_word' id='word_1_222' title='bbox 502 3175 609 3230; x_wconf 87' lang='lat' dir='ltr'><strong>mei</strong></span> <span class='ocrx_word' id='word_1_223' title='bbox 645 3187 853 3230; x_wconf 88' lang='lat' dir='ltr'><strong>summa</strong></span> <span class='ocrx_word' id='word_1_224' title='bbox 881 3171 1110 3242; x_wconf 89' lang='lat' dir='ltr'><strong>denique</strong></span> <span class='ocrx_word' id='word_1_225' title='bbox 1147 3171 1344 3226; x_wconf 88' lang='lat' dir='ltr'><strong>evenit.</strong></span> <span class='ocrx_word' id='word_1_226' title='bbox 1390 3169 1636 3224; x_wconf 88' lang='lat' dir='ltr'><strong>Nondum</strong></span> <span class='ocrx_word' id='word_1_227' title='bbox 1677 3168 1916 3223; x_wconf 88' lang='lat' dir='ltr'><strong>decimus</strong></span> 
     </span>
    </p>
   </div>
   <div class='ocr_carea' id='block_1_33' title="bbox 329 3260 1914 3335">
    <p class='ocr_par' dir='ltr' id='par_1_33' title="bbox 329 3260 1914 3335">
     <span class='ocr_line' id='line_1_33' title="bbox 329 3260 1914 3335; baseline -0.003 -15"><span class='ocrx_word' id='word_1_228' title='bbox 329 3281 504 3321; x_wconf 82' lang='lat' dir='ltr'><strong>annus</strong></span> <span class='ocrx_word' id='word_1_229' title='bbox 532 3274 615 3320; x_wconf 84' lang='lat' dir='ltr'><strong>est</strong></span> <span class='ocrx_word' id='word_1_230' title='bbox 641 3281 707 3320; x_wconf 80' lang='lat' dir='ltr'><strong>ex</strong></span> <span class='ocrx_word' id='word_1_231' title='bbox 736 3280 841 3335; x_wconf 92' lang='lat' dir='ltr'><strong>quo</strong></span> <span class='ocrx_word' id='word_1_232' title='bbox 871 3263 957 3318; x_wconf 87' lang='lat' dir='ltr'><strong>hic</strong></span> <span class='ocrx_word' id='word_1_233' title='bbox 985 3264 1098 3332; x_wconf 91' lang='lat' dir='ltr'><strong>ipse</strong></span> <span class='ocrx_word' id='word_1_234' title='bbox 1126 3262 1241 3317; x_wconf 92' lang='lat' dir='ltr'><strong>dies</strong></span> <span class='ocrx_word' id='word_1_235' title='bbox 1267 3261 1549 3316; x_wconf 80' lang='lat' dir='ltr'><strong>manifeste</strong></span> <span class='ocrx_word' id='word_1_236' title='bbox 1572 3260 1728 3315; x_wconf 91' lang='lat' dir='ltr'><strong>nobis</strong></span> <span class='ocrx_word' id='word_1_237' title='bbox 1757 3261 1914 3315; x_wconf 90' lang='lat' dir='ltr'><strong>inno-</strong></span> 
     </span>
    </p>
   </div>
   <div class='ocr_carea' id='block_1_34' title="bbox 327 3352 1914 3424">
    <p class='ocr_par' dir='ltr' id='par_1_34' title="bbox 327 3352 1914 3424">
     <span class='ocr_line' id='line_1_34' title="bbox 327 3352 1914 3424; baseline -0.001 -14"><span class='ocrx_word' id='word_1_238' title='bbox 327 3357 429 3410; x_wconf 85' lang='lat' dir='ltr'><strong>tuit</strong></span> <span class='ocrx_word' id='word_1_239' title='bbox 458 3373 472 3410; x_wconf 90' lang='lat'><strong>:</strong></span> <span class='ocrx_word' id='word_1_240' title='bbox 499 3364 732 3410; x_wconf 88' lang='lat' dir='ltr'><strong>attamen</strong></span> <span class='ocrx_word' id='word_1_241' title='bbox 758 3397 773 3420; x_wconf 92' lang='lat'><strong>,</strong></span> <span class='ocrx_word' id='word_1_242' title='bbox 802 3354 1025 3424; x_wconf 89' lang='lat' dir='ltr'><strong>perinde</strong></span> <span class='ocrx_word' id='word_1_243' title='bbox 1051 3369 1112 3408; x_wconf 90' lang='lat' dir='ltr'><strong>ac</strong></span> <span class='ocrx_word' id='word_1_244' title='bbox 1137 3354 1180 3407; x_wconf 89' lang='lat' dir='ltr'><strong>si</strong></span> <span class='ocrx_word' id='word_1_245' title='bbox 1203 3353 1312 3423; x_wconf 89' lang='lat' dir='ltr'><strong>jam</strong></span> <span class='ocrx_word' id='word_1_246' title='bbox 1339 3353 1464 3406; x_wconf 92' lang='lat' dir='ltr'><strong>olim</strong></span> <span class='ocrx_word' id='word_1_247' title='bbox 1493 3367 1524 3406; x_wconf 90' lang='lat' dir='ltr'><strong>a</strong></span> <span class='ocrx_word' id='word_1_248' title='bbox 1556 3352 1736 3406; x_wconf 88' lang='lat' dir='ltr'><strong>multis</strong></span> <span class='ocrx_word' id='word_1_249' title='bbox 1760 3354 1914 3408; x_wconf 89' lang='lat' dir='ltr'><strong>annis</strong></span> 
     </span>
    </p>
   </div>
   <div class='ocr_carea' id='block_1_35' title="bbox 327 3443 1911 3513">
    <p class='ocr_par' dir='ltr' id='par_1_35' title="bbox 327 3443 1911 3513">
     <span class='ocr_line' id='line_1_35' title="bbox 327 3443 1911 3513; baseline -0.003 -11"><span class='ocrx_word' id='word_1_250' title='bbox 327 3448 482 3502; x_wconf 87' lang='lat' dir='ltr'><strong>nobis</strong></span> <span class='ocrx_word' id='word_1_251' title='bbox 509 3447 734 3501; x_wconf 89' lang='lat' dir='ltr'><strong>traditus</strong></span> <span class='ocrx_word' id='word_1_252' title='bbox 758 3454 920 3510; x_wconf 89' lang='lat' dir='ltr'><strong>esset,</strong></span> <span class='ocrx_word' id='word_1_253' title='bbox 944 3446 1015 3498; x_wconf 89' lang='lat' dir='ltr'><strong>ita</strong></span> <span class='ocrx_word' id='word_1_254' title='bbox 1039 3459 1198 3513; x_wconf 87' lang='lat' dir='ltr'><strong>opera</strong></span> <span class='ocrx_word' id='word_1_255' title='bbox 1226 3453 1398 3498; x_wconf 84' lang='lat' dir='ltr'><strong>vestra</strong></span> <span class='ocrx_word' id='word_1_256' title='bbox 1424 3443 1722 3498; x_wconf 86' lang='lat' dir='ltr'><strong>celebratus</strong></span> <span class='ocrx_word' id='word_1_257' title='bbox 1745 3443 1911 3498; x_wconf 86' lang='lat' dir='ltr'><strong>incla-</strong></span> 
     </span>
    </p>
   </div>
   <div class='ocr_carea' id='block_1_36' title="bbox 325 3533 1908 3608">
    <p class='ocr_par' dir='ltr' id='par_1_36' title="bbox 325 3533 1908 3608">
     <span class='ocr_line' id='line_1_36' title="bbox 325 3533 1908 3608; baseline -0.003 -15"><span class='ocrx_word' id='word_1_258' title='bbox 325 3541 454 3594; x_wconf 84' lang='lat' dir='ltr'><strong>ruit.</strong></span> <span class='ocrx_word' id='word_1_259' title='bbox 489 3541 662 3607; x_wconf 84' lang='lat' dir='ltr'><strong>Quare</strong></span> <span class='ocrx_word' id='word_1_260' title='bbox 691 3553 794 3592; x_wconf 91' lang='lat' dir='ltr'><strong>non</strong></span> <span class='ocrx_word' id='word_1_261' title='bbox 825 3537 1103 3603; x_wconf 89' lang='lat' dir='ltr'><strong>erraverit,</strong></span> <span class='ocrx_word' id='word_1_262' title='bbox 1132 3536 1218 3605; x_wconf 93' lang='lat' dir='ltr'><strong>qui</strong></span> <span class='ocrx_word' id='word_1_263' title='bbox 1250 3533 1496 3608; x_wconf 85' lang='lat' dir='ltr'><strong>eumdem</strong></span> <span class='ocrx_word' id='word_1_264' title='bbox 1529 3549 1722 3589; x_wconf 90' lang='lat' dir='ltr'><strong>novum</strong></span> <span class='ocrx_word' id='word_1_265' title='bbox 1752 3535 1908 3589; x_wconf 91' lang='lat' dir='ltr'><strong>simul</strong></span> 
     </span>
    </p>
   </div>
   <div class='ocr_carea' id='block_1_37' title="bbox 324 3624 1909 3700">
    <p class='ocr_par' dir='ltr' id='par_1_37' title="bbox 324 3624 1909 3700">
     <span class='ocr_line' id='line_1_37' title="bbox 324 3624 1909 3700; baseline -0.004 -15"><span class='ocrx_word' id='word_1_266' title='bbox 324 3639 382 3685; x_wconf 89' lang='lat' dir='ltr'><strong>et</strong></span> <span class='ocrx_word' id='word_1_267' title='bbox 425 3632 698 3700; x_wconf 88' lang='lat' dir='ltr'><strong>antiquum</strong></span> <span class='ocrx_word' id='word_1_268' title='bbox 746 3637 1016 3697; x_wconf 89' lang='lat' dir='ltr'><strong>nuncupet</strong></span> <span class='ocrx_word' id='word_1_269' title='bbox 1044 3645 1057 3679; x_wconf 93' lang='lat'><strong>:</strong></span> <span class='ocrx_word' id='word_1_270' title='bbox 1090 3641 1285 3680; x_wconf 88' lang='lat' dir='ltr'><strong>novum</strong></span> <span class='ocrx_word' id='word_1_271' title='bbox 1332 3625 1544 3695; x_wconf 88' lang='lat' dir='ltr'><strong>quidem</strong></span> <span class='ocrx_word' id='word_1_272' title='bbox 1587 3624 1728 3695; x_wconf 90' lang='lat' dir='ltr'><strong>quod</strong></span> <span class='ocrx_word' id='word_1_273' title='bbox 1767 3639 1909 3679; x_wconf 88' lang='lat' dir='ltr'><strong>nunc</strong></span> 
     </span>
    </p>
   </div>
   <div class='ocr_carea' id='block_1_38' title="bbox 323 3718 1907 3788">
    <p class='ocr_par' dir='ltr' id='par_1_38' title="bbox 323 3718 1907 3788">
     <span class='ocr_line' id='line_1_38' title="bbox 323 3718 1907 3788; baseline -0.005 -8"><span class='ocrx_word' id='word_1_274' title='bbox 323 3725 540 3780; x_wconf 88' lang='lat' dir='ltr'><strong>demum</strong></span> <span class='ocrx_word' id='word_1_275' title='bbox 571 3723 711 3778; x_wconf 87' lang='lat' dir='ltr'><strong>illius</strong></span> <span class='ocrx_word' id='word_1_276' title='bbox 739 3721 923 3776; x_wconf 92' lang='lat' dir='ltr'><strong>notitia</strong></span> <span class='ocrx_word' id='word_1_277' title='bbox 949 3719 1015 3774; x_wconf 88' lang='lat' dir='ltr'><strong>ad</strong></span> <span class='ocrx_word' id='word_1_278' title='bbox 1042 3734 1138 3773; x_wconf 89' lang='lat' dir='ltr'><strong>nos</strong></span> <span class='ocrx_word' id='word_1_279' title='bbox 1166 3718 1493 3788; x_wconf 86' lang='lat' dir='ltr'><strong>pervenerit;</strong></span> <span class='ocrx_word' id='word_1_280' title='bbox 1516 3718 1789 3788; x_wconf 89' lang='lat' dir='ltr'><strong>antiquum</strong></span> <span class='ocrx_word' id='word_1_281' title='bbox 1815 3733 1907 3772; x_wconf 83' lang='lat' dir='ltr'><strong>ve-</strong></span> 
     </span>
    </p>
   </div>
   <div class='ocr_carea' id='block_1_39' title="bbox 323 3809 1907 3882">
    <p class='ocr_par' dir='ltr' id='par_1_39' title="bbox 323 3809 1907 3882">
     <span class='ocr_line' id='line_1_39' title="bbox 323 3809 1907 3882; baseline -0.004 -12"><span class='ocrx_word' id='word_1_282' title='bbox 323 3831 386 3871; x_wconf 91' lang='lat' dir='ltr'><strong>ro</strong></span> <span class='ocrx_word' id='word_1_283' title='bbox 411 3826 465 3869; x_wconf 88' lang='lat' dir='ltr'><strong>et</strong></span> <span class='ocrx_word' id='word_1_284' title='bbox 492 3823 778 3878; x_wconf 83' lang='lat' dir='ltr'><strong>vetustum,</strong></span> <span class='ocrx_word' id='word_1_285' title='bbox 801 3811 941 3882; x_wconf 90' lang='lat' dir='ltr'><strong>quod</strong></span> <span class='ocrx_word' id='word_1_286' title='bbox 967 3810 1211 3865; x_wconf 90' lang='lat' dir='ltr'><strong>celeriter</strong></span> <span class='ocrx_word' id='word_1_287' title='bbox 1235 3809 1609 3863; x_wconf 89' lang='lat' dir='ltr'><strong>vetustioribus</strong></span> <span class='ocrx_word' id='word_1_288' title='bbox 1634 3817 1789 3863; x_wconf 72' lang='lat' dir='ltr'><strong>relate</strong></span> <span class='ocrx_word' id='word_1_289' title='bbox 1815 3825 1907 3864; x_wconf 83' lang='lat' dir='ltr'><strong>ve-</strong></span> 
     </span>
    </p>
   </div>
   <div class='ocr_carea' id='block_1_40' title="bbox 324 3901 1904 3976">
    <p class='ocr_par' dir='ltr' id='par_1_40' title="bbox 324 3901 1904 3976">
     <span class='ocr_line' id='line_1_40' title="bbox 324 3901 1904 3976; baseline -0.003 -15"><span class='ocrx_word' id='word_1_290' title='bbox 324 3906 402 3961; x_wconf 90' lang='lat' dir='ltr'><strong>lut</strong></span> <span class='ocrx_word' id='word_1_291' title='bbox 421 3921 616 3976; x_wconf 90' lang='lat' dir='ltr'><strong>suppar</strong></span> <span class='ocrx_word' id='word_1_292' title='bbox 636 3905 874 3960; x_wconf 88' lang='lat' dir='ltr'><strong>redditus</strong></span> <span class='ocrx_word' id='word_1_293' title='bbox 894 3903 983 3969; x_wconf 90' lang='lat' dir='ltr'><strong>sit,</strong></span> <span class='ocrx_word' id='word_1_294' title='bbox 1007 3914 1058 3957; x_wconf 93' lang='lat' dir='ltr'><strong>et</strong></span> <span class='ocrx_word' id='word_1_295' title='bbox 1085 3901 1149 3956; x_wconf 89' lang='lat' dir='ltr'><strong>ad</strong></span> <span class='ocrx_word' id='word_1_296' title='bbox 1171 3902 1411 3956; x_wconf 87' lang='lat' dir='ltr'><strong>eamdem</strong></span> <span class='ocrx_word' id='word_1_297' title='bbox 1435 3915 1555 3956; x_wconf 86' lang='lat' dir='ltr'><strong>cum</strong></span> <span class='ocrx_word' id='word_1_298' title='bbox 1583 3903 1712 3971; x_wconf 86' lang='lat' dir='ltr'><strong>ipsis</strong></span> <span class='ocrx_word' id='word_1_299' title='bbox 1733 3903 1904 3957; x_wconf 68' lang='lat' dir='ltr'><strong>aetatis</strong></span> 
     </span>
    </p>
   </div>
   <div class='ocr_carea' id='block_1_41' title="bbox 323 3992 1903 4065">
    <p class='ocr_par' dir='ltr' id='par_1_41' title="bbox 323 3992 1903 4065">
     <span class='ocr_line' id='line_1_41' title="bbox 323 3992 1903 4065; baseline -0.003 -12"><span class='ocrx_word' id='word_1_300' title='bbox 323 4011 629 4053; x_wconf 84' lang='lat' dir='ltr'><strong>mensuram</strong></span> <span class='ocrx_word' id='word_1_301' title='bbox 673 3994 992 4065; x_wconf 88' lang='lat' dir='ltr'><strong>pervenerit.</strong></span> <span class='ocrx_word' id='word_1_302' title='bbox 1035 3992 1105 4048; x_wconf 93' lang='lat' dir='ltr'><strong>Ut</strong></span> <span class='ocrx_word' id='word_1_303' title='bbox 1131 3992 1273 4047; x_wconf 89' lang='lat' dir='ltr'><strong>enim</strong></span> <span class='ocrx_word' id='word_1_304' title='bbox 1303 4006 1575 4063; x_wconf 72' lang='lat' dir='ltr'><strong>generosa:</strong></span> <span class='ocrx_word' id='word_1_305' title='bbox 1609 4001 1662 4047; x_wconf 90' lang='lat' dir='ltr'><strong>et</strong></span> <span class='ocrx_word' id='word_1_306' title='bbox 1699 3993 1903 4048; x_wconf 89' lang='lat' dir='ltr'><strong>nobiles</strong></span> 
     </span>
    </p>
   </div>
   <div class='ocr_carea' id='block_1_42' title="bbox 322 4084 1904 4158">
    <p class='ocr_par' dir='ltr' id='par_1_42' title="bbox 322 4084 1904 4158">
     <span class='ocr_line' id='line_1_42' title="bbox 322 4084 1904 4158; baseline -0.002 -15"><span class='ocrx_word' id='word_1_307' title='bbox 322 4090 515 4158; x_wconf 76' lang='lat' dir='ltr'><strong>stirpes</strong></span> <span class='ocrx_word' id='word_1_308' title='bbox 541 4086 696 4142; x_wconf 90' lang='lat' dir='ltr'><strong>simul</strong></span> <span class='ocrx_word' id='word_1_309' title='bbox 719 4095 877 4156; x_wconf 89' lang='lat' dir='ltr'><strong>atque</strong></span> <span class='ocrx_word' id='word_1_310' title='bbox 905 4095 1063 4140; x_wconf 74' lang='lat' dir='ltr'><strong>terra:</strong></span> <span class='ocrx_word' id='word_1_311' title='bbox 1089 4084 1392 4139; x_wconf 89' lang='lat' dir='ltr'><strong>inseruntur</strong></span> <span class='ocrx_word' id='word_1_312' title='bbox 1414 4127 1431 4149; x_wconf 95' lang='lat'><strong>,</strong></span> <span class='ocrx_word' id='word_1_313' title='bbox 1463 4087 1623 4140; x_wconf 88' lang='lat' dir='ltr'><strong>etiam</strong></span> <span class='ocrx_word' id='word_1_314' title='bbox 1654 4085 1904 4141; x_wconf 87' lang='lat' dir='ltr'><strong>celeriter</strong></span> 
     </span>
    </p>
   </div>
   <div class='ocr_carea' id='block_1_43' title="bbox 319 4175 1899 4246">
    <p class='ocr_par' dir='ltr' id='par_1_43' title="bbox 319 4175 1899 4246">
     <span class='ocr_line' id='line_1_43' title="bbox 319 4175 1899 4246; baseline -0.002 -10"><span class='ocrx_word' id='word_1_315' title='bbox 319 4181 372 4236; x_wconf 93' lang='lat' dir='ltr'><strong>in</strong></span> <span class='ocrx_word' id='word_1_316' title='bbox 393 4178 723 4234; x_wconf 87' lang='lat' dir='ltr'><strong>altitudinem</strong></span> <span class='ocrx_word' id='word_1_317' title='bbox 743 4191 988 4246; x_wconf 89' lang='lat' dir='ltr'><strong>magnam</strong></span> <span class='ocrx_word' id='word_1_318' title='bbox 1005 4183 1367 4242; x_wconf 89' lang='lat' dir='ltr'><strong>succrescunt,</strong></span> <span class='ocrx_word' id='word_1_319' title='bbox 1395 4175 1752 4246; x_wconf 81' lang='lat' dir='ltr'><strong>fructibusque</strong></span> <span class='ocrx_word' id='word_1_320' title='bbox 1769 4193 1899 4233; x_wconf 90' lang='lat' dir='ltr'><strong>oue-</strong></span> 
     </span>
    </p>
   </div>
   <div class='ocr_carea' id='block_1_44' title="bbox 317 4269 1898 4342">
    <p class='ocr_par' dir='ltr' id='par_1_44' title="bbox 317 4269 1898 4342">
     <span class='ocr_line' id='line_1_44' title="bbox 317 4269 1898 4342; baseline -0.003 -13"><span class='ocrx_word' id='word_1_321' title='bbox 317 4285 503 4329; x_wconf 87' lang='lat' dir='ltr'><strong>rantur</strong></span> <span class='ocrx_word' id='word_1_322' title='bbox 536 4291 550 4327; x_wconf 91' lang='lat'><strong>:</strong></span> <span class='ocrx_word' id='word_1_323' title='bbox 578 4288 685 4327; x_wconf 83' lang='lat' dir='ltr'><strong>non</strong></span> <span class='ocrx_word' id='word_1_324' title='bbox 710 4272 863 4326; x_wconf 87' lang='lat' dir='ltr'><strong>aliter</strong></span> <span class='ocrx_word' id='word_1_325' title='bbox 887 4270 973 4324; x_wconf 90' lang='lat' dir='ltr'><strong>hic</strong></span> <span class='ocrx_word' id='word_1_326' title='bbox 996 4270 1110 4324; x_wconf 89' lang='lat' dir='ltr'><strong>dies</strong></span> <span class='ocrx_word' id='word_1_327' title='bbox 1135 4312 1149 4337; x_wconf 91' lang='lat'><strong>,</strong></span> <span class='ocrx_word' id='word_1_328' title='bbox 1177 4285 1296 4324; x_wconf 90' lang='lat' dir='ltr'><strong>cum</strong></span> <span class='ocrx_word' id='word_1_329' title='bbox 1328 4269 1395 4324; x_wconf 90' lang='lat' dir='ltr'><strong>ab</strong></span> <span class='ocrx_word' id='word_1_330' title='bbox 1423 4270 1642 4325; x_wconf 81' lang='lat' dir='ltr'><strong>exordio</strong></span> <span class='ocrx_word' id='word_1_331' title='bbox 1671 4271 1734 4325; x_wconf 92' lang='lat' dir='ltr'><strong>iis</strong></span> <span class='ocrx_word' id='word_1_332' title='bbox 1758 4313 1772 4336; x_wconf 87' lang='lat'><strong>,</strong></span> <span class='ocrx_word' id='word_1_333' title='bbox 1809 4273 1898 4342; x_wconf 86' lang='lat' dir='ltr'><strong>qui</strong></span> 
     </span>
    </p>
   </div>
   <div class='ocr_carea' id='block_1_45' title="bbox 320 4360 1899 4430">
    <p class='ocr_par' dir='ltr' id='par_1_45' title="bbox 320 4360 1899 4430">
     <span class='ocr_line' id='line_1_45' title="bbox 320 4360 1899 4430; baseline -0.003 -9"><span class='ocrx_word' id='word_1_334' title='bbox 320 4367 372 4421; x_wconf 90' lang='lat' dir='ltr'><strong>in</strong></span> <span class='ocrx_word' id='word_1_335' title='bbox 403 4365 690 4421; x_wconf 91' lang='lat' dir='ltr'><strong>Occidente</strong></span> <span class='ocrx_word' id='word_1_336' title='bbox 720 4363 956 4416; x_wconf 81' lang='lat' dir='ltr'><strong>habitant</strong></span> <span class='ocrx_word' id='word_1_337' title='bbox 978 4403 994 4426; x_wconf 94' lang='lat'><strong>,</strong></span> <span class='ocrx_word' id='word_1_338' title='bbox 1022 4362 1266 4430; x_wconf 84' lang='lat' dir='ltr'><strong>cognitus</strong></span> <span class='ocrx_word' id='word_1_339' title='bbox 1303 4360 1500 4427; x_wconf 88' lang='lat' dir='ltr'><strong>fuerit,</strong></span> <span class='ocrx_word' id='word_1_340' title='bbox 1529 4378 1669 4417; x_wconf 92' lang='lat' dir='ltr'><strong>nunc</strong></span> <span class='ocrx_word' id='word_1_341' title='bbox 1697 4363 1762 4416; x_wconf 88' lang='lat' dir='ltr'><strong>ad</strong></span> <span class='ocrx_word' id='word_1_342' title='bbox 1801 4379 1899 4417; x_wconf 83' lang='lat' dir='ltr'><strong>nos</strong></span> 
     </span>
    </p>
   </div>
   <div class='ocr_carea' id='block_1_46' title="bbox 319 4452 1898 4522">
    <p class='ocr_par' dir='ltr' id='par_1_46' title="bbox 319 4452 1898 4522">
     <span class='ocr_line' id='line_1_46' title="bbox 319 4452 1898 4522; baseline -0.002 -11"><span class='ocrx_word' id='word_1_343' title='bbox 319 4459 533 4512; x_wconf 88' lang='lat' dir='ltr'><strong>demum</strong></span> <span class='ocrx_word' id='word_1_344' title='bbox 565 4470 669 4508; x_wconf 90' lang='lat' dir='ltr'><strong>non</strong></span> <span class='ocrx_word' id='word_1_345' title='bbox 698 4463 821 4507; x_wconf 91' lang='lat' dir='ltr'><strong>ante</strong></span> <span class='ocrx_word' id='word_1_346' title='bbox 849 4452 1044 4506; x_wconf 89' lang='lat' dir='ltr'><strong>multos</strong></span> <span class='ocrx_word' id='word_1_347' title='bbox 1069 4465 1240 4506; x_wconf 87' lang='lat' dir='ltr'><strong>annos</strong></span> <span class='ocrx_word' id='word_1_348' title='bbox 1267 4452 1607 4506; x_wconf 88' lang='lat' dir='ltr'><strong>transmissus</strong></span> <span class='ocrx_word' id='word_1_349' title='bbox 1632 4494 1647 4517; x_wconf 93' lang='lat'><strong>,</strong></span> <span class='ocrx_word' id='word_1_350' title='bbox 1677 4466 1898 4522; x_wconf 89' lang='lat' dir='ltr'><strong>repente</strong></span> 
     </span>
    </p>
   </div>
   <div class='ocr_carea' id='block_1_47' title="bbox 320 4541 1899 4612">
    <p class='ocr_par' dir='ltr' id='par_1_47' title="bbox 320 4541 1899 4612">
     <span class='ocr_line' id='line_1_47' title="bbox 320 4541 1899 4612; baseline 0 -12"><span class='ocrx_word' id='word_1_351' title='bbox 320 4549 388 4600; x_wconf 80' lang='lat' dir='ltr'><strong>ita</strong></span> <span class='ocrx_word' id='word_1_352' title='bbox 433 4545 694 4611; x_wconf 84' lang='lat' dir='ltr'><strong>increvit,</strong></span> <span class='ocrx_word' id='word_1_353' title='bbox 736 4545 1001 4612; x_wconf 83' lang='lat' dir='ltr'><strong>talemque</strong></span> <span class='ocrx_word' id='word_1_354' title='bbox 1040 4541 1160 4595; x_wconf 88' lang='lat' dir='ltr'><strong>tulit</strong></span> <span class='ocrx_word' id='word_1_355' title='bbox 1196 4541 1458 4606; x_wconf 89' lang='lat' dir='ltr'><strong>fructum,</strong></span> <span class='ocrx_word' id='word_1_356' title='bbox 1501 4542 1709 4611; x_wconf 90' lang='lat' dir='ltr'><strong>qualem</strong></span> <span class='ocrx_word' id='word_1_357' title='bbox 1758 4561 1899 4601; x_wconf 92' lang='lat' dir='ltr'><strong>nunc</strong></span> 
     </span>
    </p>
   </div>
   <div class='ocr_carea' id='block_1_48' title="bbox 316 4631 1896 4707">
    <p class='ocr_par' dir='ltr' id='par_1_48' title="bbox 316 4631 1896 4707">
     <span class='ocr_line' id='line_1_48' title="bbox 316 4631 1896 4707; baseline -0.001 -14"><span class='ocrx_word' id='word_1_358' title='bbox 316 4652 537 4693; x_wconf 86' lang='lat' dir='ltr'><strong>cernere</strong></span> <span class='ocrx_word' id='word_1_359' title='bbox 557 4637 700 4702; x_wconf 88' lang='lat' dir='ltr'><strong>licet,</strong></span> <span class='ocrx_word' id='word_1_360' title='bbox 723 4635 886 4704; x_wconf 85' lang='lat' dir='ltr'><strong>septis</strong></span> <span class='ocrx_word' id='word_1_361' title='bbox 909 4632 1104 4688; x_wconf 87' lang='lat' dir='ltr'><strong>nostris</strong></span> <span class='ocrx_word' id='word_1_362' title='bbox 1125 4632 1319 4702; x_wconf 90' lang='lat' dir='ltr'><strong>ubique</strong></span> <span class='ocrx_word' id='word_1_363' title='bbox 1341 4631 1570 4698; x_wconf 87' lang='lat' dir='ltr'><strong>refertis,</strong></span> <span class='ocrx_word' id='word_1_364' title='bbox 1595 4636 1896 4707; x_wconf 90' lang='lat' dir='ltr'><strong>temploque</strong></span> 
     </span>
    </p>
   </div>
   <div class='ocr_carea' id='block_1_49' title="bbox 317 4722 1892 4797">
    <p class='ocr_par' dir='ltr' id='par_1_49' title="bbox 317 4722 1892 4797">
     <span class='ocr_line' id='line_1_49' title="bbox 317 4722 1892 4797; baseline -0.002 -13"><span class='ocrx_word' id='word_1_365' title='bbox 317 4731 566 4784; x_wconf 82' lang='lat' dir='ltr'><strong>universo</strong></span> <span class='ocrx_word' id='word_1_366' title='bbox 604 4743 713 4797; x_wconf 85' lang='lat' dir='ltr'><strong>prae</strong></span> <span class='ocrx_word' id='word_1_367' title='bbox 756 4724 1090 4779; x_wconf 88' lang='lat' dir='ltr'><strong>multitudine</strong></span> <span class='ocrx_word' id='word_1_368' title='bbox 1127 4722 1557 4778; x_wconf 89' lang='lat' dir='ltr'><strong>concurrentium</strong></span> <span class='ocrx_word' id='word_1_369' title='bbox 1593 4735 1892 4794; x_wconf 79' lang='lat' dir='ltr'><strong>augustam.</strong></span> 
     </span>
    </p>
   </div>
   <div class='ocr_carea' id='block_1_50' title="bbox 313 4814 1898 4889">
    <p class='ocr_par' dir='ltr' id='par_1_50' title="bbox 313 4814 1898 4889">
     <span class='ocr_line' id='line_1_50' title="bbox 313 4814 1898 4889; baseline 0 -16"><span class='ocrx_word' id='word_1_370' title='bbox 313 4821 432 4889; x_wconf 86' lang='lat' dir='ltr'><strong>Quo</strong></span> <span class='ocrx_word' id='word_1_371' title='bbox 456 4829 633 4875; x_wconf 86' lang='lat' dir='ltr'><strong>vestro</strong></span> <span class='ocrx_word' id='word_1_372' title='bbox 664 4827 767 4872; x_wconf 86' lang='lat' dir='ltr'><strong>tam</strong></span> <span class='ocrx_word' id='word_1_373' title='bbox 799 4826 1042 4886; x_wconf 90' lang='lat' dir='ltr'><strong>prompto</strong></span> <span class='ocrx_word' id='word_1_374' title='bbox 1074 4814 1250 4869; x_wconf 89' lang='lat' dir='ltr'><strong>studio</strong></span> <span class='ocrx_word' id='word_1_375' title='bbox 1276 4814 1490 4883; x_wconf 86' lang='lat' dir='ltr'><strong>dignum</strong></span> <span class='ocrx_word' id='word_1_376' title='bbox 1528 4817 1800 4884; x_wconf 67' lang='lat' dir='ltr'><strong>prmmium</strong></span> <span class='ocrx_word' id='word_1_377' title='bbox 1831 4818 1898 4874; x_wconf 88' lang='lat' dir='ltr'><strong>ab</strong></span> 
     </span>
    </p>
   </div>
   <div class='ocr_carea' id='block_1_51' title="bbox 312 4907 1894 4981">
    <p class='ocr_par' dir='ltr' id='par_1_51' title="bbox 312 4907 1894 4981">
     <span class='ocr_line' id='line_1_51' title="bbox 312 4907 1894 4981; baseline -0.001 -13"><span class='ocrx_word' id='word_1_378' title='bbox 312 4929 381 4968; x_wconf 90' lang='lat' dir='ltr'><strong>eo</strong></span> <span class='ocrx_word' id='word_1_379' title='bbox 402 4954 416 4977; x_wconf 94' lang='lat'><strong>,</strong></span> <span class='ocrx_word' id='word_1_380' title='bbox 445 4913 531 4981; x_wconf 91' lang='lat' dir='ltr'><strong>qui</strong></span> <span class='ocrx_word' id='word_1_381' title='bbox 563 4910 720 4965; x_wconf 90' lang='lat' dir='ltr'><strong>hodie</strong></span> <span class='ocrx_word' id='word_1_382' title='bbox 753 4909 1042 4965; x_wconf 90' lang='lat' dir='ltr'><strong>secundum</strong></span> <span class='ocrx_word' id='word_1_383' title='bbox 1071 4923 1284 4963; x_wconf 90' lang='lat' dir='ltr'><strong>carnem</strong></span> <span class='ocrx_word' id='word_1_384' title='bbox 1315 4907 1554 4962; x_wconf 85' lang='lat' dir='ltr'><strong>Chrisms</strong></span> <span class='ocrx_word' id='word_1_385' title='bbox 1585 4920 1738 4964; x_wconf 90' lang='lat' dir='ltr'><strong>natus</strong></span> <span class='ocrx_word' id='word_1_386' title='bbox 1773 4923 1856 4966; x_wconf 89' lang='lat' dir='ltr'><strong>est</strong></span> <span class='ocrx_word' id='word_1_387' title='bbox 1879 4954 1894 4979; x_wconf 88' lang='lat'><strong>,</strong></span> 
     </span>
    </p>
   </div>
   <div class='ocr_carea' id='block_1_52' title="bbox 313 4999 1897 5071">
    <p class='ocr_par' dir='ltr' id='par_1_52' title="bbox 313 4999 1897 5071">
     <span class='ocr_line' id='line_1_52' title="bbox 313 4999 1897 5071; baseline 0.003 -17"><span class='ocrx_word' id='word_1_388' title='bbox 313 5011 655 5071; x_wconf 73' lang='lat' dir='ltr'><strong>exspectate:</strong></span> <span class='ocrx_word' id='word_1_389' title='bbox 681 5001 771 5056; x_wconf 89' lang='lat' dir='ltr'><strong>ille</strong></span> <span class='ocrx_word' id='word_1_390' title='bbox 798 4999 946 5055; x_wconf 87' lang='lat' dir='ltr'><strong>vobis</strong></span> <span class='ocrx_word' id='word_1_391' title='bbox 973 4999 1109 5054; x_wconf 87' lang='lat' dir='ltr'><strong>hanc</strong></span> <span class='ocrx_word' id='word_1_392' title='bbox 1135 5000 1460 5054; x_wconf 87' lang='lat' dir='ltr'><strong>alacritatem</strong></span> <span class='ocrx_word' id='word_1_393' title='bbox 1488 5001 1697 5056; x_wconf 89' lang='lat' dir='ltr'><strong>abunde</strong></span> <span class='ocrx_word' id='word_1_394' title='bbox 1719 5018 1897 5058; x_wconf 79' lang='lat' dir='ltr'><strong>remu-</strong></span> 
     </span>
    </p>
   </div>
   <div class='ocr_carea' id='block_1_53' title="bbox 311 5090 1895 5161">
    <p class='ocr_par' dir='ltr' id='par_1_53' title="bbox 311 5090 1895 5161">
     <span class='ocr_line' id='line_1_53' title="bbox 311 5090 1895 5161; baseline 0.003 -14"><span class='ocrx_word' id='word_1_395' title='bbox 311 5094 626 5157; x_wconf 85' lang='lat' dir='ltr'><strong>nerabitur;</strong></span> <span class='ocrx_word' id='word_1_396' title='bbox 673 5093 959 5147; x_wconf 80' lang='lat' dir='ltr'><strong>maximum</strong></span> <span class='ocrx_word' id='word_1_397' title='bbox 1003 5090 1262 5160; x_wconf 86' lang='lat' dir='ltr'><strong>siquidem</strong></span> <span class='ocrx_word' id='word_1_398' title='bbox 1305 5106 1428 5161; x_wconf 86' lang='lat' dir='ltr'><strong>erga</strong></span> <span class='ocrx_word' id='word_1_399' title='bbox 1473 5103 1650 5146; x_wconf 88' lang='lat' dir='ltr'><strong>natum</strong></span> <span class='ocrx_word' id='word_1_400' title='bbox 1697 5097 1895 5152; x_wconf 87' lang='lat' dir='ltr'><strong>amoris</strong></span> 
     </span>
    </p>
   </div>
   <div class='ocr_carea' id='block_1_54' title="bbox 313 5181 1894 5253">
    <p class='ocr_par' dir='ltr' id='par_1_54' title="bbox 313 5181 1894 5253">
     <span class='ocr_line' id='line_1_54' title="bbox 313 5181 1894 5253; baseline 0.001 -15"><span class='ocrx_word' id='word_1_401' title='bbox 313 5185 566 5238; x_wconf 89' lang='lat' dir='ltr'><strong>indicium</strong></span> <span class='ocrx_word' id='word_1_402' title='bbox 596 5193 679 5238; x_wconf 86' lang='lat' dir='ltr'><strong>est</strong></span> <span class='ocrx_word' id='word_1_403' title='bbox 707 5183 939 5238; x_wconf 87' lang='lat' dir='ltr'><strong>studium</strong></span> <span class='ocrx_word' id='word_1_404' title='bbox 981 5181 1237 5236; x_wconf 88' lang='lat' dir='ltr'><strong>hodierno</strong></span> <span class='ocrx_word' id='word_1_405' title='bbox 1266 5182 1350 5236; x_wconf 88' lang='lat' dir='ltr'><strong>die</strong></span> <span class='ocrx_word' id='word_1_406' title='bbox 1381 5183 1694 5251; x_wconf 89' lang='lat' dir='ltr'><strong>impensum.</strong></span> <span class='ocrx_word' id='word_1_407' title='bbox 1743 5185 1894 5253; x_wconf 85' lang='lat' dir='ltr'><strong>Quod</strong></span> 
     </span>
    </p>
   </div>
   <div class='ocr_carea' id='block_1_55' title="bbox 312 5273 1896 5332">
    <p class='ocr_par' dir='ltr' id='par_1_55' title="bbox 312 5273 1896 5332">
     <span class='ocr_line' id='line_1_55' title="bbox 312 5273 1896 5332; baseline 0.001 -3"><span class='ocrx_word' id='word_1_408' title='bbox 312 5277 357 5329; x_wconf 90' lang='lat' dir='ltr'><strong>si</strong></span> <span class='ocrx_word' id='word_1_409' title='bbox 385 5275 636 5329; x_wconf 86' lang='lat' dir='ltr'><strong>nonnulla</strong></span> <span class='ocrx_word' id='word_1_410' title='bbox 678 5276 838 5330; x_wconf 89' lang='lat' dir='ltr'><strong>etiam</strong></span> <span class='ocrx_word' id='word_1_411' title='bbox 872 5290 902 5327; x_wconf 89' lang='lat' dir='ltr'><strong>a</strong></span> <span class='ocrx_word' id='word_1_412' title='bbox 939 5273 1090 5328; x_wconf 87' lang='lat' dir='ltr'><strong>nobis</strong></span> <span class='ocrx_word' id='word_1_413' title='bbox 1127 5273 1399 5328; x_wconf 73' lang='lat' dir='ltr'><strong>conservis</strong></span> <span class='ocrx_word' id='word_1_414' title='bbox 1432 5278 1620 5329; x_wconf 83' lang='lat' dir='ltr'><strong>vestris</strong></span> <span class='ocrx_word' id='word_1_415' title='bbox 1655 5277 1720 5330; x_wconf 87' lang='lat' dir='ltr'><strong>ad</strong></span> <span class='ocrx_word' id='word_1_416' title='bbox 1759 5278 1896 5332; x_wconf 89' lang='lat' dir='ltr'><strong>hanc</strong></span> 
     </span>
    </p>
   </div>
   <div class='ocr_carea' id='block_1_56' title="bbox 312 5361 1893 5436">
    <p class='ocr_par' dir='ltr' id='par_1_56' title="bbox 312 5361 1893 5436">
     <span class='ocr_line' id='line_1_56' title="bbox 312 5361 1893 5436; baseline 0.001 -17"><span class='ocrx_word' id='word_1_417' title='bbox 312 5380 428 5420; x_wconf 86' lang='lat' dir='ltr'><strong>rem</strong></span> <span class='ocrx_word' id='word_1_418' title='bbox 453 5364 695 5419; x_wconf 86' lang='lat' dir='ltr'><strong>facientia</strong></span> <span class='ocrx_word' id='word_1_419' title='bbox 723 5363 899 5418; x_wconf 82' lang='lat' dir='ltr'><strong>afferri</strong></span> <span class='ocrx_word' id='word_1_420' title='bbox 928 5371 1188 5432; x_wconf 86' lang='lat' dir='ltr'><strong>oporteat,</strong></span> <span class='ocrx_word' id='word_1_421' title='bbox 1215 5377 1273 5417; x_wconf 77' lang='lat' dir='ltr'><strong>ea</strong></span> <span class='ocrx_word' id='word_1_422' title='bbox 1302 5361 1534 5418; x_wconf 87' lang='lat' dir='ltr'><strong>feremus</strong></span> <span class='ocrx_word' id='word_1_423' title='bbox 1555 5378 1606 5419; x_wconf 90' lang='lat' dir='ltr'><strong>et</strong></span> <span class='ocrx_word' id='word_1_424' title='bbox 1635 5381 1751 5426; x_wconf 87' lang='lat' dir='ltr'><strong>nos,</strong></span> <span class='ocrx_word' id='word_1_425' title='bbox 1775 5383 1893 5436; x_wconf 78' lang='lat' dir='ltr'><strong>quae</strong></span> 
     </span>
    </p>
   </div>
   <div class='ocr_carea' id='block_1_57' title="bbox 316 5454 1892 5526">
    <p class='ocr_par' dir='ltr' id='par_1_57' title="bbox 316 5454 1892 5526">
     <span class='ocr_line' id='line_1_57' title="bbox 316 5454 1892 5526; baseline 0.003 -15"><span class='ocrx_word' id='word_1_426' title='bbox 316 5458 642 5526; x_wconf 75' lang='lat' dir='ltr'><strong>poterimus;</strong></span> <span class='ocrx_word' id='word_1_427' title='bbox 669 5456 752 5512; x_wconf 90' lang='lat' dir='ltr'><strong>vel</strong></span> <span class='ocrx_word' id='word_1_428' title='bbox 775 5457 969 5525; x_wconf 89' lang='lat' dir='ltr'><strong>potius,</strong></span> <span class='ocrx_word' id='word_1_429' title='bbox 997 5471 1113 5526; x_wconf 74' lang='lat' dir='ltr'><strong>qua:</strong></span> <span class='ocrx_word' id='word_1_430' title='bbox 1134 5454 1309 5509; x_wconf 85' lang='lat' dir='ltr'><strong>divina</strong></span> <span class='ocrx_word' id='word_1_431' title='bbox 1335 5457 1501 5525; x_wconf 86' lang='lat' dir='ltr'><strong>gratia</strong></span> <span class='ocrx_word' id='word_1_432' title='bbox 1523 5456 1589 5510; x_wconf 84' lang='lat' dir='ltr'><strong>ad</strong></span> <span class='ocrx_word' id='word_1_433' title='bbox 1615 5459 1892 5515; x_wconf 89' lang='lat' dir='ltr'><strong>utilitatem</strong></span> 
     </span>
    </p>
   </div>
   <div class='ocr_carea' id='block_1_58' title="bbox 369 5692 1704 5755">
    <p class='ocr_par' dir='ltr' id='par_1_58' title="bbox 369 5692 1704 5755">
     <span class='ocr_line' id='line_1_58' title="bbox 369 5692 1704 5755; baseline 0.011 -23"><span class='ocrx_word' id='word_1_434' title='bbox 369 5701 388 5732; x_wconf 73' lang='grc' dir='ltr'>ί</span> <span class='ocrx_word' id='word_1_435' title='bbox 427 5698 535 5747; x_wconf 82' lang='lat' dir='ltr'><strong>Duo</strong></span> <span class='ocrx_word' id='word_1_436' title='bbox 556 5701 659 5742; x_wconf 76' lang='lat' dir='ltr'><strong>Mss.</strong></span> <span class='ocrx_word' id='word_1_437' title='bbox 695 5727 711 5754; x_wconf 90' lang='lat'><strong>,</strong></span> <span class='ocrx_word' id='word_1_438' title='bbox 731 5705 825 5742; x_wconf 86' lang='lat' dir='ltr'><strong>non</strong></span> <span class='ocrx_word' id='word_1_439' title='bbox 848 5703 1130 5755; x_wconf 82' lang='lat' dir='ltr'><strong>posswnas;</strong></span> <span class='ocrx_word' id='word_1_440' title='bbox 1165 5698 1218 5740; x_wconf 89' lang='lat' dir='ltr'><strong>et</strong></span> <span class='ocrx_word' id='word_1_441' title='bbox 1241 5705 1368 5753; x_wconf 82' lang='lat' dir='ltr'><strong>mox,</strong></span> <span class='ocrx_word' id='word_1_442' title='bbox 1392 5692 1704 5746; x_wconf 72' lang='lat' dir='ltr'><strong>inveniamur.</strong></span> 
     </span>
    </p>
   </div>
   <div class='ocr_carea' id='block_1_59' title="bbox 375 5792 1760 5863">
    <p class='ocr_par' dir='ltr' id='par_1_59' title="bbox 375 5792 1760 5863">
     <span class='ocr_line' id='line_1_59' title="bbox 375 5792 1760 5863; baseline 0.004 -21"><span class='ocrx_word' id='word_1_443' title='bbox 375 5799 448 5856; x_wconf 81' lang='grc' dir='ltr'><strong>(α)</strong></span> <span class='ocrx_word' id='word_1_444' title='bbox 471 5794 649 5846; x_wconf 74' lang='lat' dir='ltr'><strong>Collala</strong></span> <span class='ocrx_word' id='word_1_445' title='bbox 673 5807 781 5842; x_wconf 87' lang='lat' dir='ltr'><strong>cum</strong></span> <span class='ocrx_word' id='word_1_446' title='bbox 807 5792 918 5844; x_wconf 75' lang='lat' dir='ltr'><strong>Mss.</strong></span> <span class='ocrx_word' id='word_1_447' title='bbox 944 5795 1102 5859; x_wconf 71' lang='lat' dir='ltr'><strong>Regiis</strong></span> <span class='ocrx_word' id='word_1_448' title='bbox 1130 5793 1265 5853; x_wconf 73' lang='lat'><strong>1959,</strong></span> <span class='ocrx_word' id='word_1_449' title='bbox 1285 5795 1425 5856; x_wconf 68' lang='lat'><strong>2026,</strong></span> <span class='ocrx_word' id='word_1_450' title='bbox 1450 5799 1591 5863; x_wconf 65' lang='lat'><strong>2028,</strong></span> <span class='ocrx_word' id='word_1_451' title='bbox 1615 5802 1760 5851; x_wconf 67' lang='lat'><strong>27.43.</strong></span> 
     </span>
    </p>
   </div>
   <div class='ocr_carea' id='block_1_60' title="bbox 621 5877 1319 5951">
    <p class='ocr_par' dir='ltr' id='par_1_60' title="bbox 621 5877 1319 5951">
     <span class='ocr_line' id='line_1_60' title="bbox 621 5877 1319 5951; baseline 0.019 -13"><span class='ocrx_word' id='word_1_452' title='bbox 621 5877 886 5940; x_wconf 66' lang='grc' dir='ltr'><strong>Ρηιιοιη</strong></span> <span class='ocrx_word' id='word_1_453' title='bbox 935 5888 1047 5943; x_wconf 74' lang='lat' dir='ltr'><strong>(in.</strong></span> <span class='ocrx_word' id='word_1_454' title='bbox 1101 5887 1319 5951; x_wconf 72' lang='lat' dir='ltr'><strong>XLIX.</strong></span> 
     </span>
    </p>
   </div>
   <div class='ocr_carea' id='block_1_61' title="bbox 2061 1050 3652 1135">
    <p class='ocr_par' dir='ltr' id='par_1_61' title="bbox 2061 1050 3652 1135">
     <span class='ocr_line' id='line_1_61' title="bbox 2061 1050 3652 1135; baseline 0.023 -39"><span class='ocrx_word' id='word_1_455' title='bbox 2061 1054 2290 1103; x_wconf 81' lang='lat' dir='ltr'><strong>vestram</strong></span> <span class='ocrx_word' id='word_1_456' title='bbox 2316 1050 2540 1108; x_wconf 89' lang='lat' dir='ltr'><strong>dicenda</strong></span> <span class='ocrx_word' id='word_1_457' title='bbox 2563 1055 2788 1113; x_wconf 85' lang='lat' dir='ltr'><strong>dederit.</strong></span> <span class='ocrx_word' id='word_1_458' title='bbox 2819 1062 2951 1129; x_wconf 82' lang='lat' dir='ltr'><strong>Quid</strong></span> <span class='ocrx_word' id='word_1_459' title='bbox 2981 1066 3136 1135; x_wconf 83' lang='lat' dir='ltr'><strong>igitur</strong></span> <span class='ocrx_word' id='word_1_460' title='bbox 3165 1069 3422 1129; x_wconf 87' lang='lat' dir='ltr'><strong>hodierno</strong></span> <span class='ocrx_word' id='word_1_461' title='bbox 3446 1076 3535 1131; x_wconf 89' lang='lat' dir='ltr'><strong>die</strong></span> <span class='ocrx_word' id='word_1_462' title='bbox 3556 1093 3652 1132; x_wconf 82' lang='lat' dir='ltr'><strong>au-</strong></span> 
     </span>
    </p>
   </div>
   <div class='ocr_carea' id='block_1_62' title="bbox 2060 1134 3645 1232">
    <p class='ocr_par' dir='ltr' id='par_1_62' title="bbox 2060 1134 3645 1232">
     <span class='ocr_line' id='line_1_62' title="bbox 2060 1134 3645 1232; baseline 0.025 -44"><span class='ocrx_word' id='word_1_463' title='bbox 2060 1134 2175 1190; x_wconf 90' lang='lat' dir='ltr'><strong>dire</strong></span> <span class='ocrx_word' id='word_1_464' title='bbox 2204 1143 2433 1208; x_wconf 88' lang='lat' dir='ltr'><strong>cupitis?</strong></span> <span class='ocrx_word' id='word_1_465' title='bbox 2463 1146 2588 1214; x_wconf 89' lang='lat' dir='ltr'><strong>quid</strong></span> <span class='ocrx_word' id='word_1_466' title='bbox 2615 1149 2780 1216; x_wconf 86' lang='lat' dir='ltr'><strong>aliud,</strong></span> <span class='ocrx_word' id='word_1_467' title='bbox 2809 1169 2965 1223; x_wconf 89' lang='lat' dir='ltr'><strong>quam</strong></span> <span class='ocrx_word' id='word_1_468' title='bbox 2992 1134 3058 1212; x_wconf 85' lang='lat' dir='ltr'><strong>de</strong></span> <span class='ocrx_word' id='word_1_469' title='bbox 3087 1161 3187 1215; x_wconf 89' lang='lat' dir='ltr'><strong>hoc</strong></span> <span class='ocrx_word' id='word_1_470' title='bbox 3213 1162 3329 1232; x_wconf 88' lang='lat' dir='ltr'><strong>ipso</strong></span> <span class='ocrx_word' id='word_1_471' title='bbox 3357 1165 3484 1222; x_wconf 87' lang='lat' dir='ltr'><strong>die?</strong></span> <span class='ocrx_word' id='word_1_472' title='bbox 3511 1169 3645 1227; x_wconf 88' lang='lat' dir='ltr'><strong>Nam</strong></span> 
     </span>
    </p>
   </div>
   <div class='ocr_carea' id='block_1_63' title="bbox 2058 1227 3644 1331">
    <p class='ocr_par' dir='ltr' id='par_1_63' title="bbox 2058 1227 3644 1331">
     <span class='ocr_line' id='line_1_63' title="bbox 2058 1227 3644 1331; baseline 0.026 -52"><span class='ocrx_word' id='word_1_473' title='bbox 2058 1227 2257 1284; x_wconf 93' lang='lat' dir='ltr'><strong>multos</strong></span> <span class='ocrx_word' id='word_1_474' title='bbox 2277 1233 2433 1288; x_wconf 88' lang='lat' dir='ltr'><strong>etiam</strong></span> <span class='ocrx_word' id='word_1_475' title='bbox 2456 1253 2598 1293; x_wconf 90' lang='lat' dir='ltr'><strong>nunc</strong></span> <span class='ocrx_word' id='word_1_476' title='bbox 2619 1241 2756 1296; x_wconf 82' lang='lat' dir='ltr'><strong>inter</strong></span> <span class='ocrx_word' id='word_1_477' title='bbox 2773 1260 2832 1300; x_wconf 89' lang='lat' dir='ltr'><strong>se</strong></span> <span class='ocrx_word' id='word_1_478' title='bbox 2852 1246 2918 1302; x_wconf 93' lang='lat' dir='ltr'><strong>de</strong></span> <span class='ocrx_word' id='word_1_479' title='bbox 2940 1264 3004 1304; x_wconf 95' lang='lat' dir='ltr'><strong>co</strong></span> <span class='ocrx_word' id='word_1_480' title='bbox 3026 1251 3140 1320; x_wconf 88' lang='lat' dir='ltr'><strong>ipso</strong></span> <span class='ocrx_word' id='word_1_481' title='bbox 3157 1254 3454 1327; x_wconf 89' lang='lat' dir='ltr'><strong>disceptare</strong></span> <span class='ocrx_word' id='word_1_482' title='bbox 3475 1263 3644 1331; x_wconf 88' lang='lat' dir='ltr'><strong>probe</strong></span> 
     </span>
    </p>
   </div>
   <div class='ocr_carea' id='block_1_64' title="bbox 2057 1320 3640 1416">
    <p class='ocr_par' dir='ltr' id='par_1_64' title="bbox 2057 1320 3640 1416">
     <span class='ocr_line' id='line_1_64' title="bbox 2057 1320 3640 1416; baseline 0.025 -44"><span class='ocrx_word' id='word_1_483' title='bbox 2057 1320 2180 1375; x_wconf 84' lang='lat' dir='ltr'><strong>novi</strong></span> <span class='ocrx_word' id='word_1_484' title='bbox 2211 1341 2225 1377; x_wconf 88' lang='lat'><strong>:</strong></span> <span class='ocrx_word' id='word_1_485' title='bbox 2257 1335 2310 1378; x_wconf 90' lang='lat' dir='ltr'><strong>et</strong></span> <span class='ocrx_word' id='word_1_486' title='bbox 2347 1325 2445 1382; x_wconf 90' lang='lat' dir='ltr'><strong>hos</strong></span> <span class='ocrx_word' id='word_1_487' title='bbox 2478 1332 2690 1400; x_wconf 90' lang='lat' dir='ltr'><strong>quidem</strong></span> <span class='ocrx_word' id='word_1_488' title='bbox 2732 1337 2877 1392; x_wconf 91' lang='lat' dir='ltr'><strong>illum</strong></span> <span class='ocrx_word' id='word_1_489' title='bbox 2923 1320 3350 1416; x_wconf 76' lang='lat' dir='ltr'><strong>reprehendere,</strong></span> <span class='ocrx_word' id='word_1_490' title='bbox 3379 1320 3515 1408; x_wconf 72' lang='lat' dir='ltr'><strong>alios</strong></span> <span class='ocrx_word' id='word_1_491' title='bbox 3543 1355 3640 1411; x_wconf 46' lang='lat' dir='ltr'><strong>de‘</strong></span> 
     </span>
    </p>
   </div>
   <div class='ocr_carea' id='block_1_65' title="bbox 2055 1411 3636 1512">
    <p class='ocr_par' dir='ltr' id='par_1_65' title="bbox 2055 1411 3636 1512">
     <span class='ocr_line' id='line_1_65' title="bbox 2055 1411 3636 1512; baseline 0.025 -47"><span class='ocrx_word' id='word_1_492' title='bbox 2055 1411 2300 1481; x_wconf 88' lang='lat' dir='ltr'><strong>fendere;</strong></span> <span class='ocrx_word' id='word_1_493' title='bbox 2329 1422 2526 1478; x_wconf 90' lang='lat' dir='ltr'><strong>multus</strong></span> <span class='ocrx_word' id='word_1_494' title='bbox 2557 1428 2748 1497; x_wconf 89' lang='lat' dir='ltr'><strong>ubique</strong></span> <span class='ocrx_word' id='word_1_495' title='bbox 2775 1431 2842 1486; x_wconf 90' lang='lat' dir='ltr'><strong>de</strong></span> <span class='ocrx_word' id='word_1_496' title='bbox 2866 1433 2964 1488; x_wconf 92' lang='lat' dir='ltr'><strong>hoc</strong></span> <span class='ocrx_word' id='word_1_497' title='bbox 2991 1435 3078 1490; x_wconf 92' lang='lat' dir='ltr'><strong>die</strong></span> <span class='ocrx_word' id='word_1_498' title='bbox 3106 1453 3304 1507; x_wconf 88' lang='lat' dir='ltr'><strong>sermo,</strong></span> <span class='ocrx_word' id='word_1_499' title='bbox 3334 1411 3525 1512; x_wconf 85' lang='lat' dir='ltr'><strong>partim</strong></span> <span class='ocrx_word' id='word_1_500' title='bbox 3553 1447 3636 1503; x_wconf 75' lang='lat' dir='ltr'><strong>in-</strong></span> 
     </span>
    </p>
   </div>
   <div class='ocr_carea' id='block_1_66' title="bbox 2051 1507 3632 1605">
    <p class='ocr_par' dir='ltr' id='par_1_66' title="bbox 2051 1507 3632 1605">
     <span class='ocr_line' id='line_1_66' title="bbox 2051 1507 3632 1605; baseline 0.025 -51"><span class='ocrx_word' id='word_1_501' title='bbox 2051 1507 2371 1575; x_wconf 91' lang='lat' dir='ltr'><strong>eusantium,</strong></span> <span class='ocrx_word' id='word_1_502' title='bbox 2401 1515 2549 1581; x_wconf 89' lang='lat' dir='ltr'><strong>quasi</strong></span> <span class='ocrx_word' id='word_1_503' title='bbox 2579 1533 2744 1573; x_wconf 86' lang='lat' dir='ltr'><strong>novus</strong></span> <span class='ocrx_word' id='word_1_504' title='bbox 2775 1522 2863 1588; x_wconf 88' lang='lat' dir='ltr'><strong>sit,</strong></span> <span class='ocrx_word' id='word_1_505' title='bbox 2881 1539 3138 1596; x_wconf 57' lang='lat' dir='ltr'><strong>&#39;uuncque</strong></span> <span class='ocrx_word' id='word_1_506' title='bbox 3164 1545 3351 1586; x_wconf 79' lang='lat' dir='ltr'><strong>reCens</strong></span> <span class='ocrx_word' id='word_1_507' title='bbox 3375 1536 3632 1605; x_wconf 90' lang='lat' dir='ltr'><strong>invectus,</strong></span> 
     </span>
    </p>
   </div>
   <div class='ocr_carea' id='block_1_67' title="bbox 2051 1596 3634 1697">
    <p class='ocr_par' dir='ltr' id='par_1_67' title="bbox 2051 1596 3634 1697">
     <span class='ocr_line' id='line_1_67' title="bbox 2051 1596 3634 1697; baseline 0.023 -50"><span class='ocrx_word' id='word_1_508' title='bbox 2051 1596 2243 1664; x_wconf 86' lang='lat' dir='ltr'><strong>partim</strong></span> <span class='ocrx_word' id='word_1_509' title='bbox 2273 1602 2518 1658; x_wconf 85' lang='lat' dir='ltr'><strong>eumdem</strong></span> <span class='ocrx_word' id='word_1_510' title='bbox 2549 1614 2993 1681; x_wconf 88' lang='lat' dir='ltr'><strong>propugnantium</strong></span> <span class='ocrx_word' id='word_1_511' title='bbox 3018 1656 3035 1684; x_wconf 93' lang='lat'><strong>,</strong></span> <span class='ocrx_word' id='word_1_512' title='bbox 3063 1627 3330 1690; x_wconf 88' lang='lat' dir='ltr'><strong>tamquam</strong></span> <span class='ocrx_word' id='word_1_513' title='bbox 3359 1596 3634 1697; x_wconf 76' lang='lat' dir='ltr'><strong>antiquum</strong></span> 
     </span>
    </p>
   </div>
   <div class='ocr_carea' id='block_1_68' title="bbox 2049 1699 3634 1788">
    <p class='ocr_par' dir='ltr' id='par_1_68' title="bbox 2049 1699 3634 1788">
     <span class='ocr_line' id='line_1_68' title="bbox 2049 1699 3634 1788; baseline 0.023 -48"><span class='ocrx_word' id='word_1_514' title='bbox 2049 1701 2112 1741; x_wconf 88' lang='lat' dir='ltr'><strong>ac</strong></span> <span class='ocrx_word' id='word_1_515' title='bbox 2137 1699 2437 1761; x_wconf 86' lang='lat' dir='ltr'><strong>vetustum;</strong></span> <span class='ocrx_word' id='word_1_516' title='bbox 2470 1712 2589 1752; x_wconf 92' lang='lat' dir='ltr'><strong>cum</strong></span> <span class='ocrx_word' id='word_1_517' title='bbox 2617 1712 2671 1755; x_wconf 93' lang='lat' dir='ltr'><strong>et</strong></span> <span class='ocrx_word' id='word_1_518' title='bbox 2701 1703 2825 1758; x_wconf 90' lang='lat' dir='ltr'><strong>olim</strong></span> <span class='ocrx_word' id='word_1_519' title='bbox 2858 1708 3180 1766; x_wconf 89' lang='lat' dir='ltr'><strong>nativitatem</strong></span> <span class='ocrx_word' id='word_1_520' title='bbox 3216 1715 3332 1783; x_wconf 91' lang='lat' dir='ltr'><strong>ejus</strong></span> <span class='ocrx_word' id='word_1_521' title='bbox 3364 1719 3634 1788; x_wconf 74' lang='lat' dir='ltr'><strong>prapheta:</strong></span> 
     </span>
    </p>
   </div>
   <div class='ocr_carea' id='block_1_69' title="bbox 2049 1779 3629 1875">
    <p class='ocr_par' dir='ltr' id='par_1_69' title="bbox 2049 1779 3629 1875">
     <span class='ocr_line' id='line_1_69' title="bbox 2049 1779 3629 1875; baseline 0.026 -47"><span class='ocrx_word' id='word_1_522' title='bbox 2049 1779 2410 1875; x_wconf 67' lang='lat' dir='ltr'><strong>prtedixerint,</strong></span> <span class='ocrx_word' id='word_1_523' title='bbox 2432 1795 2487 1840; x_wconf 90' lang='lat' dir='ltr'><strong>et</strong></span> <span class='ocrx_word' id='word_1_524' title='bbox 2505 1788 2614 1855; x_wconf 88' lang='lat' dir='ltr'><strong>jam</strong></span> <span class='ocrx_word' id='word_1_525' title='bbox 2647 1791 2770 1848; x_wconf 89' lang='lat' dir='ltr'><strong>inde</strong></span> <span class='ocrx_word' id='word_1_526' title='bbox 2794 1811 2825 1849; x_wconf 89' lang='lat' dir='ltr'><strong>a</strong></span> <span class='ocrx_word' id='word_1_527' title='bbox 2855 1798 3146 1865; x_wconf 82' lang='lat' dir='ltr'><strong>primordio</strong></span> <span class='ocrx_word' id='word_1_528' title='bbox 3171 1779 3378 1875; x_wconf 29' lang='lat' dir='ltr'><strong>abiipsa&#39;</strong></span> <span class='ocrx_word' id='word_1_529' title='bbox 3402 1779 3629 1869; x_wconf 80' lang='lat' dir='ltr'><strong>Thracia</strong></span> 
     </span>
    </p>
   </div>
   <div class='ocr_carea' id='block_1_70' title="bbox 2047 1865 3626 1958">
    <p class='ocr_par' dir='ltr' id='par_1_70' title="bbox 2047 1865 3626 1958">
     <span class='ocr_line' id='line_1_70' title="bbox 2047 1865 3626 1958; baseline 0.024 -39"><span class='ocrx_word' id='word_1_530' title='bbox 2047 1865 2224 1923; x_wconf 85' lang='lat' dir='ltr'><strong>Gades</strong></span> <span class='ocrx_word' id='word_1_531' title='bbox 2243 1887 2409 1942; x_wconf 90' lang='lat' dir='ltr'><strong>usque</strong></span> <span class='ocrx_word' id='word_1_532' title='bbox 2431 1877 2783 1939; x_wconf 90' lang='lat' dir='ltr'><strong>incolentibus</strong></span> <span class='ocrx_word' id='word_1_533' title='bbox 2805 1888 3112 1946; x_wconf 87' lang='lat' dir='ltr'><strong>manifestus</strong></span> <span class='ocrx_word' id='word_1_534' title='bbox 3133 1904 3187 1948; x_wconf 92' lang='lat' dir='ltr'><strong>et</strong></span> <span class='ocrx_word' id='word_1_535' title='bbox 3206 1865 3430 1954; x_wconf 79' lang='lat' dir='ltr'><strong>celebris</strong></span> <span class='ocrx_word' id='word_1_536' title='bbox 3449 1901 3626 1958; x_wconf 87' lang='lat' dir='ltr'><strong>fuerit.</strong></span> 
     </span>
    </p>
   </div>
   <div class='ocr_carea' id='block_1_71' title="bbox 2048 1958 3630 2049">
    <p class='ocr_par' dir='ltr' id='par_1_71' title="bbox 2048 1958 3630 2049">
     <span class='ocr_line' id='line_1_71' title="bbox 2048 1958 3630 2049; baseline 0.024 -39"><span class='ocrx_word' id='word_1_537' title='bbox 2048 1958 2290 2027; x_wconf 83' lang='lat' dir='ltr'><strong>Agedum</strong></span> <span class='ocrx_word' id='word_1_538' title='bbox 2330 1965 2488 2034; x_wconf 78' lang='lat' dir='ltr'><strong>igitur</strong></span> <span class='ocrx_word' id='word_1_539' title='bbox 2511 2009 2528 2034; x_wconf 95' lang='lat'><strong>,</strong></span> <span class='ocrx_word' id='word_1_540' title='bbox 2563 1969 2628 2024; x_wconf 92' lang='lat' dir='ltr'><strong>de</strong></span> <span class='ocrx_word' id='word_1_541' title='bbox 2669 1971 2815 2029; x_wconf 90' lang='lat' dir='ltr'><strong>hisee</strong></span> <span class='ocrx_word' id='word_1_542' title='bbox 2853 1991 3156 2036; x_wconf 90' lang='lat' dir='ltr'><strong>sermonem</strong></span> <span class='ocrx_word' id='word_1_543' title='bbox 3185 1988 3541 2046; x_wconf 73' lang='lat' dir='ltr'><strong>exordiamur.</strong></span> <span class='ocrx_word' id='word_1_544' title='bbox 3575 1995 3630 2049; x_wconf 94' lang='lat' dir='ltr'><strong>Si</strong></span> 
     </span>
    </p>
   </div>
   <div class='ocr_carea' id='block_1_72' title="bbox 2045 2051 3630 2146">
    <p class='ocr_par' dir='ltr' id='par_1_72' title="bbox 2045 2051 3630 2146">
     <span class='ocr_line' id='line_1_72' title="bbox 2045 2051 3630 2146; baseline 0.023 -45"><span class='ocrx_word' id='word_1_545' title='bbox 2045 2052 2188 2104; x_wconf 90' lang='lat' dir='ltr'><strong>enim</strong></span> <span class='ocrx_word' id='word_1_546' title='bbox 2215 2051 2302 2108; x_wconf 87' lang='lat' dir='ltr'><strong>hic</strong></span> <span class='ocrx_word' id='word_1_547' title='bbox 2329 2055 2442 2125; x_wconf 91' lang='lat' dir='ltr'><strong>ipse</strong></span> <span class='ocrx_word' id='word_1_548' title='bbox 2463 2061 2578 2115; x_wconf 91' lang='lat' dir='ltr'><strong>dies</strong></span> <span class='ocrx_word' id='word_1_549' title='bbox 2605 2063 2778 2120; x_wconf 87' lang='lat' dir='ltr'><strong>adhuc</strong></span> <span class='ocrx_word' id='word_1_550' title='bbox 2805 2067 2856 2121; x_wconf 90' lang='lat' dir='ltr'><strong>in</strong></span> <span class='ocrx_word' id='word_1_551' title='bbox 2883 2069 3264 2143; x_wconf 82' lang='lat' dir='ltr'><strong>disceptatione</strong></span> <span class='ocrx_word' id='word_1_552' title='bbox 3289 2082 3492 2146; x_wconf 83' lang='lat' dir='ltr'><strong>positus</strong></span> <span class='ocrx_word' id='word_1_553' title='bbox 3518 2094 3630 2138; x_wconf 85' lang='lat' dir='ltr'><strong>tau-</strong></span> 
     </span>
    </p>
   </div>
   <div class='ocr_carea' id='block_1_73' title="bbox 2045 2144 3624 2241">
    <p class='ocr_par' dir='ltr' id='par_1_73' title="bbox 2045 2144 3624 2241">
     <span class='ocr_line' id='line_1_73' title="bbox 2045 2144 3624 2241; baseline 0.023 -47"><span class='ocrx_word' id='word_1_554' title='bbox 2045 2148 2100 2195; x_wconf 89' lang='lat' dir='ltr'><strong>ta</strong></span> <span class='ocrx_word' id='word_1_555' title='bbox 2129 2144 2292 2200; x_wconf 91' lang='lat' dir='ltr'><strong>animi</strong></span> <span class='ocrx_word' id='word_1_556' title='bbox 2321 2151 2480 2204; x_wconf 80' lang='lat' dir='ltr'><strong>vestri</strong></span> <span class='ocrx_word' id='word_1_557' title='bbox 2508 2157 2861 2223; x_wconf 86' lang='lat' dir='ltr'><strong>propensione</strong></span> <span class='ocrx_word' id='word_1_558' title='bbox 2889 2159 3101 2229; x_wconf 89' lang='lat' dir='ltr'><strong>fruitur,</strong></span> <span class='ocrx_word' id='word_1_559' title='bbox 3134 2144 3312 2238; x_wconf 86' lang='lat' dir='ltr'><strong>utique</strong></span> <span class='ocrx_word' id='word_1_560' title='bbox 3339 2172 3384 2226; x_wconf 92' lang='lat' dir='ltr'><strong>si</strong></span> <span class='ocrx_word' id='word_1_561' title='bbox 3410 2175 3586 2229; x_wconf 90' lang='lat' dir='ltr'><strong>notior</strong></span> <span class='ocrx_word' id='word_1_562' title='bbox 3607 2216 3624 2241; x_wconf 87' lang='lat'><strong>,</strong></span> 
     </span>
    </p>
   </div>
   <div class='ocr_carea' id='block_1_74' title="bbox 2039 2238 3625 2338">
    <p class='ocr_par' dir='ltr' id='par_1_74' title="bbox 2039 2238 3625 2338">
     <span class='ocr_line' id='line_1_74' title="bbox 2039 2238 3625 2338; baseline 0.023 -52"><span class='ocrx_word' id='word_1_563' title='bbox 2039 2243 2198 2304; x_wconf 91' lang='lat' dir='ltr'><strong>atque</strong></span> <span class='ocrx_word' id='word_1_564' title='bbox 2217 2238 2351 2294; x_wconf 87' lang='lat' dir='ltr'><strong>adeo</strong></span> <span class='ocrx_word' id='word_1_565' title='bbox 2374 2244 2686 2302; x_wconf 89' lang='lat' dir='ltr'><strong>manifestus</strong></span> <span class='ocrx_word' id='word_1_566' title='bbox 2707 2251 2914 2316; x_wconf 87' lang='lat' dir='ltr'><strong>evadat,</strong></span> <span class='ocrx_word' id='word_1_567' title='bbox 2939 2254 3077 2310; x_wconf 89' lang='lat' dir='ltr'><strong>haud</strong></span> <span class='ocrx_word' id='word_1_568' title='bbox 3101 2257 3260 2315; x_wconf 88' lang='lat' dir='ltr'><strong>dubie</strong></span> <span class='ocrx_word' id='word_1_569' title='bbox 3279 2263 3436 2334; x_wconf 90' lang='lat' dir='ltr'><strong>longe</strong></span> <span class='ocrx_word' id='word_1_570' title='bbox 3456 2238 3625 2338; x_wconf 48' lang='lat' dir='ltr'><strong>majo;</strong></span> 
     </span>
    </p>
   </div>
   <div class='ocr_carea' id='block_1_75' title="bbox 2039 2328 3622 2427">
    <p class='ocr_par' dir='ltr' id='par_1_75' title="bbox 2039 2328 3622 2427">
     <span class='ocr_line' id='line_1_75' title="bbox 2039 2328 3622 2427; baseline 0.023 -49"><span class='ocrx_word' id='word_1_571' title='bbox 2039 2341 2152 2380; x_wconf 89' lang='lat' dir='ltr'><strong>rem</strong></span> <span class='ocrx_word' id='word_1_572' title='bbox 2176 2328 2396 2398; x_wconf 92' lang='lat' dir='ltr'><strong>hujusce</strong></span> <span class='ocrx_word' id='word_1_573' title='bbox 2414 2335 2574 2390; x_wconf 88' lang='lat' dir='ltr'><strong>studii</strong></span> <span class='ocrx_word' id='word_1_574' title='bbox 2595 2340 2758 2394; x_wconf 85' lang='lat' dir='ltr'><strong>vestri</strong></span> <span class='ocrx_word' id='word_1_575' title='bbox 2779 2341 3010 2400; x_wconf 84' lang='lat' dir='ltr'><strong>fructum</strong></span> <span class='ocrx_word' id='word_1_576' title='bbox 3033 2351 3307 2419; x_wconf 90' lang='lat' dir='ltr'><strong>percipiet,</strong></span> <span class='ocrx_word' id='word_1_577' title='bbox 3331 2328 3622 2427; x_wconf 74' lang='lat' dir='ltr'><strong>perspicui-</strong></span> 
     </span>
    </p>
   </div>
   <div class='ocr_carea' id='block_1_76' title="bbox 2038 2425 3618 2519">
    <p class='ocr_par' dir='ltr' id='par_1_76' title="bbox 2038 2425 3618 2519">
     <span class='ocr_line' id='line_1_76' title="bbox 2038 2425 3618 2519; baseline 0.023 -49"><span class='ocrx_word' id='word_1_578' title='bbox 2038 2425 2166 2485; x_wconf 88' lang='lat' dir='ltr'><strong>tate,</strong></span> <span class='ocrx_word' id='word_1_579' title='bbox 2189 2436 2307 2490; x_wconf 68' lang='lat' dir='ltr'><strong>qua:</strong></span> <span class='ocrx_word' id='word_1_580' title='bbox 2329 2439 2393 2478; x_wconf 80' lang='lat' dir='ltr'><strong>ex</strong></span> <span class='ocrx_word' id='word_1_581' title='bbox 2418 2425 2516 2482; x_wconf 89' lang='lat' dir='ltr'><strong>hac</strong></span> <span class='ocrx_word' id='word_1_582' title='bbox 2535 2429 2758 2487; x_wconf 89' lang='lat' dir='ltr'><strong>docendi</strong></span> <span class='ocrx_word' id='word_1_583' title='bbox 2779 2436 2984 2493; x_wconf 88' lang='lat' dir='ltr'><strong>ratione</strong></span> <span class='ocrx_word' id='word_1_584' title='bbox 3005 2451 3268 2510; x_wconf 88' lang='lat' dir='ltr'><strong>nascetur,</strong></span> <span class='ocrx_word' id='word_1_585' title='bbox 3296 2445 3432 2502; x_wconf 90' lang='lat' dir='ltr'><strong>hanc</strong></span> <span class='ocrx_word' id='word_1_586' title='bbox 3449 2425 3618 2519; x_wconf 83' lang='lat' dir='ltr'><strong>ipsam</strong></span> 
     </span>
    </p>
   </div>
   <div class='ocr_carea' id='block_1_77' title="bbox 2035 2511 3617 2598">
    <p class='ocr_par' dir='ltr' id='par_1_77' title="bbox 2035 2511 3617 2598">
     <span class='ocr_line' id='line_1_77' title="bbox 2035 2511 3617 2598; baseline 0.021 -37"><span class='ocrx_word' id='word_1_587' title='bbox 2035 2511 2196 2564; x_wconf 88' lang='lat' dir='ltr'><strong>animi</strong></span> <span class='ocrx_word' id='word_1_588' title='bbox 2226 2516 2386 2570; x_wconf 83' lang='lat' dir='ltr'><strong>vestri</strong></span> <span class='ocrx_word' id='word_1_589' title='bbox 2414 2519 2747 2578; x_wconf 75' lang='lat' dir='ltr'><strong>affectionem</strong></span> <span class='ocrx_word' id='word_1_590' title='bbox 2772 2527 3028 2597; x_wconf 86' lang='lat' dir='ltr'><strong>majorem</strong></span> <span class='ocrx_word' id='word_1_591' title='bbox 3065 2533 3117 2586; x_wconf 92' lang='lat' dir='ltr'><strong>in</strong></span> <span class='ocrx_word' id='word_1_592' title='bbox 3146 2534 3295 2590; x_wconf 89' lang='lat' dir='ltr'><strong>vobis</strong></span> <span class='ocrx_word' id='word_1_593' title='bbox 3332 2511 3617 2598; x_wconf 73' lang='lat' dir='ltr'><strong>efficiente.</strong></span> 
     </span>
    </p>
   </div>
   <div class='ocr_carea' id='block_1_78' title="bbox 2108 2599 3616 2696">
    <p class='ocr_par' dir='ltr' id='par_1_78' title="bbox 2108 2599 3616 2696">
     <span class='ocr_line' id='line_1_78' title="bbox 2108 2599 3616 2696; baseline 0.024 -45"><span class='ocrx_word' id='word_1_594' title='bbox 2108 2599 2286 2657; x_wconf 78' lang='lat' dir='ltr'><strong>Tribus</strong></span> <span class='ocrx_word' id='word_1_595' title='bbox 2328 2606 2834 2670; x_wconf 81' lang='lat' dir='ltr'><strong>demonstrationibus</strong></span> <span class='ocrx_word' id='word_1_596' title='bbox 2865 2620 3041 2686; x_wconf 82' lang='lat' dir='ltr'><strong>probat</strong></span> <span class='ocrx_word' id='word_1_597' title='bbox 3079 2639 3138 2676; x_wconf 91' lang='lat' dir='ltr'><strong>eo</strong></span> <span class='ocrx_word' id='word_1_598' title='bbox 3178 2634 3398 2696; x_wconf 77' lang='lat' dir='ltr'><strong>tmpore</strong></span> <span class='ocrx_word' id='word_1_599' title='bbox 3441 2642 3616 2688; x_wconf 83' lang='lat' dir='ltr'><strong>natum</strong></span> 
     </span>
    </p>
   </div>
   <div class='ocr_carea' id='block_1_79' title="bbox 2031 2695 3619 2785">
    <p class='ocr_par' dir='ltr' id='par_1_79' title="bbox 2031 2695 3619 2785">
     <span class='ocr_line' id='line_1_79' title="bbox 2031 2695 3619 2785; baseline 0.021 -41"><span class='ocrx_word' id='word_1_600' title='bbox 2031 2708 2138 2747; x_wconf 87' lang='lat' dir='ltr'><strong>esse</strong></span> <span class='ocrx_word' id='word_1_601' title='bbox 2166 2695 2437 2753; x_wconf 80' lang='lat' dir='ltr'><strong>Christum.</strong></span> <span class='ocrx_word' id='word_1_602' title='bbox 2485 2700 2758 2774; x_wconf 82' lang='lat' dir='ltr'><strong>Evangelii</strong></span> <span class='ocrx_word' id='word_1_603' title='bbox 2796 2711 3087 2780; x_wconf 63' lang='lat' dir='ltr'><strong>praedicatio</strong></span> <span class='ocrx_word' id='word_1_604' title='bbox 3121 2695 3304 2785; x_wconf 82' lang='lat' dir='ltr'><strong>qualis.</strong></span> <span class='ocrx_word' id='word_1_605' title='bbox 3336 2749 3408 2759; x_wconf 94' lang='lat'>—</span> <span class='ocrx_word' id='word_1_606' title='bbox 3436 2721 3619 2780; x_wconf 81' lang='lat' dir='ltr'><strong>Habeo</strong></span> 
     </span>
    </p>
   </div>
   <div class='ocr_carea' id='block_1_80' title="bbox 2033 2791 3618 2884">
    <p class='ocr_par' dir='ltr' id='par_1_80' title="bbox 2033 2791 3618 2884">
     <span class='ocr_line' id='line_1_80' title="bbox 2033 2791 3618 2884; baseline 0.023 -49"><span class='ocrx_word' id='word_1_607' title='bbox 2033 2800 2191 2845; x_wconf 78' lang='lat' dir='ltr'><strong>porro</strong></span> <span class='ocrx_word' id='word_1_608' title='bbox 2220 2796 2328 2843; x_wconf 89' lang='lat' dir='ltr'><strong>tres</strong></span> <span class='ocrx_word' id='word_1_609' title='bbox 2355 2791 2421 2845; x_wconf 89' lang='lat' dir='ltr'><strong>ad</strong></span> <span class='ocrx_word' id='word_1_610' title='bbox 2449 2794 2777 2860; x_wconf 87' lang='lat' dir='ltr'><strong>probandum</strong></span> <span class='ocrx_word' id='word_1_611' title='bbox 2805 2800 3293 2862; x_wconf 89' lang='lat' dir='ltr'><strong>demonstrationes</strong></span> <span class='ocrx_word' id='word_1_612' title='bbox 3318 2851 3332 2872; x_wconf 92' lang='lat'><strong>,</strong></span> <span class='ocrx_word' id='word_1_613' title='bbox 3365 2827 3461 2882; x_wconf 89' lang='lat' dir='ltr'><strong>per</strong></span> <span class='ocrx_word' id='word_1_614' title='bbox 3484 2829 3618 2884; x_wconf 88' lang='lat' dir='ltr'><strong>quas</strong></span> 
     </span>
    </p>
   </div>
   <div class='ocr_carea' id='block_1_81' title="bbox 2029 2880 3612 2975">
    <p class='ocr_par' dir='ltr' id='par_1_81' title="bbox 2029 2880 3612 2975">
     <span class='ocr_line' id='line_1_81' title="bbox 2029 2880 3612 2975; baseline 0.02 -44"><span class='ocrx_word' id='word_1_615' title='bbox 2029 2880 2244 2935; x_wconf 93' lang='lat' dir='ltr'><strong>omnino</strong></span> <span class='ocrx_word' id='word_1_616' title='bbox 2273 2884 2616 2952; x_wconf 81' lang='lat' dir='ltr'><strong>intelligimus</strong></span> <span class='ocrx_word' id='word_1_617' title='bbox 2643 2889 2745 2946; x_wconf 87' lang='lat' dir='ltr'><strong>hoc</strong></span> <span class='ocrx_word' id='word_1_618' title='bbox 2777 2893 2946 2962; x_wconf 89' lang='lat' dir='ltr'><strong>ipsum</strong></span> <span class='ocrx_word' id='word_1_619' title='bbox 2975 2912 3094 2952; x_wconf 88' lang='lat' dir='ltr'><strong>esse</strong></span> <span class='ocrx_word' id='word_1_620' title='bbox 3124 2909 3330 2970; x_wconf 90' lang='lat' dir='ltr'><strong>tempus</strong></span> <span class='ocrx_word' id='word_1_621' title='bbox 3346 2880 3612 2975; x_wconf 52' lang='grc' dir='ltr'><strong>(φωλευ-</strong></span> 
     </span>
    </p>
   </div>
   <div class='ocr_carea' id='block_1_82' title="bbox 2027 2970 3610 3055">
    <p class='ocr_par' dir='ltr' id='par_1_82' title="bbox 2027 2970 3610 3055">
     <span class='ocr_line' id='line_1_82' title="bbox 2027 2970 3610 3055; baseline 0.021 -34"><span class='ocrx_word' id='word_1_622' title='bbox 2027 2983 2117 3023; x_wconf 93' lang='lat' dir='ltr'><strong>sus</strong></span> <span class='ocrx_word' id='word_1_623' title='bbox 2138 2970 2380 3029; x_wconf 83' lang='lat' dir='ltr'><strong>Christus</strong></span> <span class='ocrx_word' id='word_1_624' title='bbox 2405 2977 2657 3035; x_wconf 89' lang='lat' dir='ltr'><strong>Dominus</strong></span> <span class='ocrx_word' id='word_1_625' title='bbox 2675 2994 2857 3039; x_wconf 91' lang='lat' dir='ltr'><strong>noster</strong></span> <span class='ocrx_word' id='word_1_626' title='bbox 2872 3001 2935 3042; x_wconf 88' lang='lat' dir='ltr'><strong>ac</strong></span> <span class='ocrx_word' id='word_1_627' title='bbox 2954 2988 3091 3043; x_wconf 90' lang='lat' dir='ltr'><strong>Deus</strong></span> <span class='ocrx_word' id='word_1_628' title='bbox 3109 2990 3339 3048; x_wconf 86' lang='lat' dir='ltr'><strong>Verbum</strong></span> <span class='ocrx_word' id='word_1_629' title='bbox 3365 3000 3415 3049; x_wconf 90' lang='lat' dir='ltr'><strong>in</strong></span> <span class='ocrx_word' id='word_1_630' title='bbox 3439 2997 3610 3055; x_wconf 85' lang='lat' dir='ltr'><strong>lucent</strong></span> 
     </span>
    </p>
   </div>
   <div class='ocr_carea' id='block_1_83' title="bbox 2025 3063 3614 3151">
    <p class='ocr_par' dir='ltr' id='par_1_83' title="bbox 2025 3063 3614 3151">
     <span class='ocr_line' id='line_1_83' title="bbox 2025 3063 3614 3151; baseline 0.019 -38"><span class='ocrx_word' id='word_1_631' title='bbox 2025 3068 2111 3115; x_wconf 86' lang='lat' dir='ltr'><strong>est</strong></span> <span class='ocrx_word' id='word_1_632' title='bbox 2135 3063 2324 3119; x_wconf 89' lang='lat' dir='ltr'><strong>editus.</strong></span> <span class='ocrx_word' id='word_1_633' title='bbox 2360 3066 2591 3134; x_wconf 88' lang='lat' dir='ltr'><strong>Quarum</strong></span> <span class='ocrx_word' id='word_1_634' title='bbox 2634 3073 2750 3128; x_wconf 74' lang='lat' dir='ltr'><strong>[nec</strong></span> <span class='ocrx_word' id='word_1_635' title='bbox 2789 3077 2959 3144; x_wconf 86' lang='lat' dir='ltr'><strong>prima</strong></span> <span class='ocrx_word' id='word_1_636' title='bbox 2997 3089 3094 3143; x_wconf 89' lang='lat' dir='ltr'><strong>est,</strong></span> <span class='ocrx_word' id='word_1_637' title='bbox 3145 3083 3284 3151; x_wconf 88' lang='lat' dir='ltr'><strong>quod</strong></span> <span class='ocrx_word' id='word_1_638' title='bbox 3340 3096 3484 3142; x_wconf 84' lang='lat' dir='ltr'><strong>tanta</strong></span> <span class='ocrx_word' id='word_1_639' title='bbox 3522 3105 3614 3144; x_wconf 72' lang='grc' dir='ltr'><strong>οε-</strong></span> 
     </span>
    </p>
   </div>
   <div class='ocr_carea' id='block_1_84' title="bbox 2023 3149 3611 3244">
    <p class='ocr_par' dir='ltr' id='par_1_84' title="bbox 2023 3149 3611 3244">
     <span class='ocr_line' id='line_1_84' title="bbox 2023 3149 3611 3244; baseline 0.02 -41"><span class='ocrx_word' id='word_1_640' title='bbox 2023 3149 2229 3207; x_wconf 87' lang='lat' dir='ltr'><strong>leritate</strong></span> <span class='ocrx_word' id='word_1_641' title='bbox 2254 3170 2650 3226; x_wconf 88' lang='lat' dir='ltr'><strong>quaquaversus</strong></span> <span class='ocrx_word' id='word_1_642' title='bbox 2679 3163 2779 3218; x_wconf 89' lang='lat' dir='ltr'><strong>hoc</strong></span> <span class='ocrx_word' id='word_1_643' title='bbox 2810 3166 3000 3221; x_wconf 86' lang='lat' dir='ltr'><strong>festum</strong></span> <span class='ocrx_word' id='word_1_644' title='bbox 3026 3149 3394 3229; x_wconf 77' lang='lat' dir='ltr'><strong>denuntiatum</strong></span> <span class='ocrx_word' id='word_1_645' title='bbox 3423 3177 3524 3244; x_wconf 87' lang='lat' dir='ltr'><strong>sit,</strong></span> <span class='ocrx_word' id='word_1_646' title='bbox 3555 3189 3611 3234; x_wconf 83' lang='lat' dir='ltr'><strong>et</strong></span> 
     </span>
    </p>
   </div>
   <div class='ocr_carea' id='block_1_85' title="bbox 2025 3241 3604 3331">
    <p class='ocr_par' dir='ltr' id='par_1_85' title="bbox 2025 3241 3604 3331">
     <span class='ocr_line' id='line_1_85' title="bbox 2025 3241 3604 3331; baseline 0.02 -38"><span class='ocrx_word' id='word_1_647' title='bbox 2025 3241 2093 3295; x_wconf 85' lang='lat' dir='ltr'><strong>ad</strong></span> <span class='ocrx_word' id='word_1_648' title='bbox 2126 3251 2329 3300; x_wconf 88' lang='lat' dir='ltr'><strong>tantum</strong></span> <span class='ocrx_word' id='word_1_649' title='bbox 2360 3245 2626 3319; x_wconf 85' lang='lat' dir='ltr'><strong>fastigium</strong></span> <span class='ocrx_word' id='word_1_650' title='bbox 2655 3258 2952 3312; x_wconf 82' lang='lat' dir='ltr'><strong>excreverit</strong></span> <span class='ocrx_word' id='word_1_651' title='bbox 2970 3298 2984 3322; x_wconf 92' lang='lat'><strong>,</strong></span> <span class='ocrx_word' id='word_1_652' title='bbox 3011 3260 3250 3331; x_wconf 89' lang='lat' dir='ltr'><strong>adeoque</strong></span> <span class='ocrx_word' id='word_1_653' title='bbox 3279 3264 3604 3324; x_wconf 83' lang='lat' dir='ltr'><strong>inclaruerit.</strong></span> 
     </span>
    </p>
   </div>
   <div class='ocr_carea' id='block_1_86' title="bbox 2024 3333 3605 3424">
    <p class='ocr_par' dir='ltr' id='par_1_86' title="bbox 2024 3333 3605 3424">
     <span class='ocr_line' id='line_1_86' title="bbox 2024 3333 3605 3424; baseline 0.02 -38"><span class='ocrx_word' id='word_1_654' title='bbox 2024 3333 2090 3388; x_wconf 87' lang='lat' dir='ltr'><strong>Et</strong></span> <span class='ocrx_word' id='word_1_655' title='bbox 2112 3337 2252 3405; x_wconf 89' lang='lat' dir='ltr'><strong>quod</strong></span> <span class='ocrx_word' id='word_1_656' title='bbox 2279 3336 2538 3397; x_wconf 88' lang='lat' dir='ltr'><strong>Gamaliel</strong></span> <span class='ocrx_word' id='word_1_657' title='bbox 2565 3343 2632 3399; x_wconf 84' lang='lat' dir='ltr'><strong>de</strong></span> <span class='ocrx_word' id='word_1_658' title='bbox 2673 3347 3047 3414; x_wconf 68' lang='lat' dir='ltr'><strong>prmdieatione</strong></span> <span class='ocrx_word' id='word_1_659' title='bbox 3070 3353 3202 3408; x_wconf 82' lang='lat' dir='ltr'><strong>dixit</strong></span> <span class='ocrx_word' id='word_1_660' title='bbox 3230 3371 3243 3406; x_wconf 88' lang='lat'><strong>:</strong></span> <span class='ocrx_word' id='word_1_661' title='bbox 3275 3356 3535 3424; x_wconf 81' lang='lat' dir='ltr'><strong>Quoniam</strong></span> <span class='ocrx_word' id='word_1_662' title='bbox 3559 3365 3605 3418; x_wconf 88' lang='lat' dir='ltr'><strong>si</strong></span> 
     </span>
    </p>
   </div>
   <div class='ocr_carea' id='block_1_87' title="bbox 2016 3427 3599 3517">
    <p class='ocr_par' dir='ltr' id='par_1_87' title="bbox 2016 3427 3599 3517">
     <span class='ocr_line' id='line_1_87' title="bbox 2016 3427 3599 3517; baseline 0.019 -39"><span class='ocrx_word' id='word_1_663' title='bbox 2016 3435 2100 3480; x_wconf 88' lang='lat' dir='ltr'><strong>est</strong></span> <span class='ocrx_word' id='word_1_664' title='bbox 2137 3441 2205 3482; x_wconf 78' lang='lat' dir='ltr'><strong>ex</strong></span> <span class='ocrx_word' id='word_1_665' title='bbox 2231 3427 2536 3488; x_wconf 87' lang='lat' dir='ltr'><strong>hominibus</strong></span> <span class='ocrx_word' id='word_1_666' title='bbox 2557 3475 2572 3500; x_wconf 92' lang='lat'><strong>,</strong></span> <span class='ocrx_word' id='word_1_667' title='bbox 2619 3435 2972 3506; x_wconf 87' lang='lat' dir='ltr'><strong>dissolvetur;</strong></span> <span class='ocrx_word' id='word_1_668' title='bbox 3018 3443 3061 3496; x_wconf 93' lang='lat' dir='ltr'><strong>si</strong></span> <span class='ocrx_word' id='word_1_669' title='bbox 3090 3459 3220 3500; x_wconf 88' lang='lat' dir='ltr'><strong>vero</strong></span> <span class='ocrx_word' id='word_1_670' title='bbox 3253 3461 3317 3502; x_wconf 83' lang='lat' dir='ltr'><strong>ex</strong></span> <span class='ocrx_word' id='word_1_671' title='bbox 3350 3449 3460 3506; x_wconf 88' lang='lat' dir='ltr'><strong>Deo</strong></span> <span class='ocrx_word' id='word_1_672' title='bbox 3482 3463 3599 3517; x_wconf 86' lang='lat' dir='ltr'><strong>est,</strong></span> 
     </span>
    </p>
   </div>
   <div class='ocr_carea' id='block_1_88' title="bbox 2017 3523 3603 3614">
    <p class='ocr_par' dir='ltr' id='par_1_88' title="bbox 2017 3523 3603 3614">
     <span class='ocr_line' id='line_1_88' title="bbox 2017 3523 3603 3614; baseline 0.02 -45"><span class='ocrx_word' id='word_1_673' title='bbox 2017 3531 2120 3571; x_wconf 92' lang='lat' dir='ltr'><strong>non</strong></span> <span class='ocrx_word' id='word_1_674' title='bbox 2149 3523 2372 3587; x_wconf 88' lang='lat' dir='ltr'><strong>potestis</strong></span> <span class='ocrx_word' id='word_1_675' title='bbox 2402 3524 2419 3554; x_wconf 77' lang='grc'>⁸</span> <span class='ocrx_word' id='word_1_676' title='bbox 2445 3523 2738 3584; x_wconf 89' lang='lat' dir='ltr'><strong>dissolvere</strong></span> <span class='ocrx_word' id='word_1_677' title='bbox 2767 3530 2894 3585; x_wconf 90' lang='lat' dir='ltr'><strong>illud</strong></span> <span class='ocrx_word' id='word_1_678' title='bbox 2917 3575 2931 3596; x_wconf 84' lang='grc'><em>,</em></span> <span class='ocrx_word' id='word_1_679' title='bbox 2963 3551 3028 3588; x_wconf 93' lang='lat' dir='ltr'><strong>ne</strong></span> <span class='ocrx_word' id='word_1_680' title='bbox 3058 3537 3194 3593; x_wconf 87' lang='lat' dir='ltr'><strong>forte</strong></span> <span class='ocrx_word' id='word_1_681' title='bbox 3222 3548 3277 3594; x_wconf 90' lang='lat' dir='ltr'><strong>et</strong></span> <span class='ocrx_word' id='word_1_682' title='bbox 3304 3541 3413 3597; x_wconf 84' lang='lat' dir='ltr'><strong>Deo</strong></span> <span class='ocrx_word' id='word_1_683' title='bbox 3441 3559 3603 3614; x_wconf 49' lang='lat' dir='ltr'><strong>repu.</strong></span> 
     </span>
    </p>
   </div>
   <div class='ocr_carea' id='block_1_89' title="bbox 2013 3611 3603 3702">
    <p class='ocr_par' dir='ltr' id='par_1_89' title="bbox 2013 3611 3603 3702">
     <span class='ocr_line' id='line_1_89' title="bbox 2013 3611 3603 3702; baseline 0.022 -45"><span class='ocrx_word' id='word_1_684' title='bbox 2013 3621 2179 3676; x_wconf 84' lang='lat' dir='ltr'><strong>guare</strong></span> <span class='ocrx_word' id='word_1_685' title='bbox 2208 3611 2548 3668; x_wconf 87' lang='lat' dir='ltr'><strong>inveniamini</strong></span> <span class='ocrx_word' id='word_1_686' title='bbox 2581 3618 2714 3686; x_wconf 80' lang='lat' dir='ltr'><strong>(Act.</strong></span> <span class='ocrx_word' id='word_1_687' title='bbox 2740 3620 2791 3674; x_wconf 80' lang='lat'><strong>5.</strong></span> <span class='ocrx_word' id='word_1_688' title='bbox 2821 3622 2909 3676; x_wconf 79' lang='grc'><strong>38.</strong></span> <span class='ocrx_word' id='word_1_689' title='bbox 2937 3623 3026 3694; x_wconf 77' lang='lat'><strong>59)</strong></span> <span class='ocrx_word' id='word_1_690' title='bbox 3055 3643 3067 3678; x_wconf 91' lang='lat'><strong>:</strong></span> <span class='ocrx_word' id='word_1_691' title='bbox 3098 3625 3200 3682; x_wconf 88' lang='lat' dir='ltr'><strong>hoc</strong></span> <span class='ocrx_word' id='word_1_692' title='bbox 3222 3638 3279 3683; x_wconf 89' lang='lat' dir='ltr'><strong>et</strong></span> <span class='ocrx_word' id='word_1_693' title='bbox 3302 3647 3401 3702; x_wconf 92' lang='lat' dir='ltr'><strong>ego</strong></span> <span class='ocrx_word' id='word_1_694' title='bbox 3430 3611 3603 3690; x_wconf 81' lang='lat' dir='ltr'><strong>fiden-</strong></span> 
     </span>
    </p>
   </div>
   <div class='ocr_carea' id='block_1_90' title="bbox 2017 3701 3601 3785">
    <p class='ocr_par' dir='ltr' id='par_1_90' title="bbox 2017 3701 3601 3785">
     <span class='ocr_line' id='line_1_90' title="bbox 2017 3701 3601 3785; baseline 0.02 -32"><span class='ocrx_word' id='word_1_695' title='bbox 2017 3708 2098 3754; x_wconf 90' lang='lat' dir='ltr'><strong>ter</strong></span> <span class='ocrx_word' id='word_1_696' title='bbox 2122 3701 2189 3756; x_wconf 89' lang='lat' dir='ltr'><strong>de</strong></span> <span class='ocrx_word' id='word_1_697' title='bbox 2212 3703 2301 3758; x_wconf 91' lang='lat' dir='ltr'><strong>die</strong></span> <span class='ocrx_word' id='word_1_698' title='bbox 2325 3705 2426 3760; x_wconf 86' lang='lat' dir='ltr'><strong>hoc</strong></span> <span class='ocrx_word' id='word_1_699' title='bbox 2447 3710 2898 3776; x_wconf 90' lang='lat' dir='ltr'><strong>pronuntiaverim</strong></span> <span class='ocrx_word' id='word_1_700' title='bbox 2925 3735 2937 3770; x_wconf 92' lang='lat'>:</span> <span class='ocrx_word' id='word_1_701' title='bbox 2961 3719 3211 3785; x_wconf 88' lang='lat' dir='ltr'><strong>quoniam</strong></span> <span class='ocrx_word' id='word_1_702' title='bbox 3234 3736 3300 3776; x_wconf 88' lang='lat' dir='ltr'><strong>ex</strong></span> <span class='ocrx_word' id='word_1_703' title='bbox 3326 3701 3435 3779; x_wconf 87' lang='lat' dir='ltr'><strong>Deo</strong></span> <span class='ocrx_word' id='word_1_704' title='bbox 3460 3727 3601 3784; x_wconf 89' lang='lat' dir='ltr'><strong>Deus</strong></span> 
     </span>
    </p>
   </div>
   <div class='ocr_carea' id='block_1_91' title="bbox 2015 3788 3595 3874">
    <p class='ocr_par' dir='ltr' id='par_1_91' title="bbox 2015 3788 3595 3874">
     <span class='ocr_line' id='line_1_91' title="bbox 2015 3788 3595 3874; baseline 0.021 -33"><span class='ocrx_word' id='word_1_705' title='bbox 2015 3788 2266 3854; x_wconf 82' lang='lat' dir='ltr'><strong>Verbum,</strong></span> <span class='ocrx_word' id='word_1_706' title='bbox 2284 3804 2366 3850; x_wconf 90' lang='lat' dir='ltr'><strong>est</strong></span> <span class='ocrx_word' id='word_1_707' title='bbox 2399 3796 2598 3852; x_wconf 88' lang='lat' dir='ltr'><strong>idcirco</strong></span> <span class='ocrx_word' id='word_1_708' title='bbox 2626 3815 2731 3855; x_wconf 90' lang='lat' dir='ltr'><strong>non</strong></span> <span class='ocrx_word' id='word_1_709' title='bbox 2758 3803 2930 3858; x_wconf 89' lang='lat' dir='ltr'><strong>solum</strong></span> <span class='ocrx_word' id='word_1_710' title='bbox 2961 3822 3064 3861; x_wconf 92' lang='lat' dir='ltr'><strong>non</strong></span> <span class='ocrx_word' id='word_1_711' title='bbox 3095 3808 3408 3868; x_wconf 84' lang='lat' dir='ltr'><strong>dissolutum</strong></span> <span class='ocrx_word' id='word_1_712' title='bbox 3436 3831 3556 3873; x_wconf 88' lang='lat' dir='ltr'><strong>esse</strong></span> <span class='ocrx_word' id='word_1_713' title='bbox 3580 3837 3595 3874; x_wconf 88' lang='lat'><strong>:</strong></span> 
     </span>
    </p>
   </div>
   <div class='ocr_carea' id='block_1_92' title="bbox 2011 3882 3596 3969">
    <p class='ocr_par' dir='ltr' id='par_1_92' title="bbox 2011 3882 3596 3969">
     <span class='ocr_line' id='line_1_92' title="bbox 2011 3882 3596 3969; baseline 0.021 -37"><span class='ocrx_word' id='word_1_714' title='bbox 2011 3882 2134 3951; x_wconf 90' lang='lat' dir='ltr'><strong>quin</strong></span> <span class='ocrx_word' id='word_1_715' title='bbox 2175 3885 2349 3952; x_wconf 88' lang='lat' dir='ltr'><strong>potius</strong></span> <span class='ocrx_word' id='word_1_716' title='bbox 2395 3903 2492 3958; x_wconf 92' lang='lat' dir='ltr'><strong>per</strong></span> <span class='ocrx_word' id='word_1_717' title='bbox 2521 3905 2690 3948; x_wconf 89' lang='lat' dir='ltr'><strong>annos</strong></span> <span class='ocrx_word' id='word_1_718' title='bbox 2723 3895 2962 3965; x_wconf 87' lang='lat' dir='ltr'><strong>singulos</strong></span> <span class='ocrx_word' id='word_1_719' title='bbox 3002 3901 3172 3969; x_wconf 90' lang='lat' dir='ltr'><strong>majus</strong></span> <span class='ocrx_word' id='word_1_720' title='bbox 3211 3903 3596 3966; x_wconf 89' lang='lat' dir='ltr'><strong>incrementmn</strong></span> 
     </span>
    </p>
   </div>
   <div class='ocr_carea' id='block_1_93' title="bbox 2009 3976 3597 4070">
    <p class='ocr_par' dir='ltr' id='par_1_93' title="bbox 2009 3976 3597 4070">
     <span class='ocr_line' id='line_1_93' title="bbox 2009 3976 3597 4070; baseline 0.02 -45"><span class='ocrx_word' id='word_1_721' title='bbox 2009 3987 2221 4030; x_wconf 89' lang='lat' dir='ltr'><strong>sumere</strong></span> <span class='ocrx_word' id='word_1_722' title='bbox 2250 3976 2637 4052; x_wconf 86' lang='lat' dir='ltr'><strong>clarioremque</strong></span> <span class='ocrx_word' id='word_1_723' title='bbox 2670 3985 2897 4043; x_wconf 90' lang='lat' dir='ltr'><strong>evadere</strong></span> <span class='ocrx_word' id='word_1_724' title='bbox 2926 4006 2938 4041; x_wconf 92' lang='lat'>:</span> <span class='ocrx_word' id='word_1_725' title='bbox 2969 3993 3220 4060; x_wconf 90' lang='lat' dir='ltr'><strong>quoniam</strong></span> <span class='ocrx_word' id='word_1_726' title='bbox 3249 4003 3305 4049; x_wconf 92' lang='lat' dir='ltr'><strong>et</strong></span> <span class='ocrx_word' id='word_1_727' title='bbox 3333 3995 3422 4052; x_wconf 88' lang='lat' dir='ltr'><strong>illa</strong></span> <span class='ocrx_word' id='word_1_728' title='bbox 3456 4016 3597 4070; x_wconf 73' lang='lat' dir='ltr'><strong>pra:-</strong></span> 
     </span>
    </p>
   </div>
   <div class='ocr_carea' id='block_1_94' title="bbox 2009 4065 3596 4152">
    <p class='ocr_par' dir='ltr' id='par_1_94' title="bbox 2009 4065 3596 4152">
     <span class='ocr_line' id='line_1_94' title="bbox 2009 4065 3596 4152; baseline 0.021 -33"><span class='ocrx_word' id='word_1_729' title='bbox 2009 4065 2204 4122; x_wconf 89' lang='lat' dir='ltr'><strong>dieatio</strong></span> <span class='ocrx_word' id='word_1_730' title='bbox 2223 4085 2510 4138; x_wconf 87' lang='lat' dir='ltr'><strong>paucorum</strong></span> <span class='ocrx_word' id='word_1_731' title='bbox 2533 4090 2794 4133; x_wconf 91' lang='lat' dir='ltr'><strong>annorum</strong></span> <span class='ocrx_word' id='word_1_732' title='bbox 2817 4083 2988 4150; x_wconf 85' lang='lat' dir='ltr'><strong>spatio</strong></span> <span class='ocrx_word' id='word_1_733' title='bbox 3009 4086 3310 4144; x_wconf 90' lang='lat' dir='ltr'><strong>universum</strong></span> <span class='ocrx_word' id='word_1_734' title='bbox 3334 4099 3596 4152; x_wconf 88' lang='lat' dir='ltr'><strong>terrarum</strong></span> 
     </span>
    </p>
   </div>
   <div class='ocr_carea' id='block_1_95' title="bbox 2007 4158 3591 4254">
    <p class='ocr_par' dir='ltr' id='par_1_95' title="bbox 2007 4158 3591 4254">
     <span class='ocr_line' id='line_1_95' title="bbox 2007 4158 3591 4254; baseline 0.019 -43"><span class='ocrx_word' id='word_1_735' title='bbox 2007 4158 2192 4213; x_wconf 88' lang='lat' dir='ltr'><strong>orbem</strong></span> <span class='ocrx_word' id='word_1_736' title='bbox 2233 4165 2542 4232; x_wconf 89' lang='lat' dir='ltr'><strong>occupavit;</strong></span> <span class='ocrx_word' id='word_1_737' title='bbox 2576 4183 2898 4239; x_wconf 86' lang='lat' dir='ltr'><strong>quamquam</strong></span> <span class='ocrx_word' id='word_1_738' title='bbox 2941 4177 3290 4234; x_wconf 90' lang='lat' dir='ltr'><strong>tentoriorum</strong></span> <span class='ocrx_word' id='word_1_739' title='bbox 3329 4182 3552 4251; x_wconf 85' lang='lat' dir='ltr'><strong>Opificcs</strong></span> <span class='ocrx_word' id='word_1_740' title='bbox 3575 4229 3591 4254; x_wconf 91' lang='lat'><strong>,</strong></span> 
     </span>
    </p>
   </div>
   <div class='ocr_carea' id='block_1_96' title="bbox 2009 4250 3586 4343">
    <p class='ocr_par' dir='ltr' id='par_1_96' title="bbox 2009 4250 3586 4343">
     <span class='ocr_line' id='line_1_96' title="bbox 2009 4250 3586 4343; baseline 0.02 -42"><span class='ocrx_word' id='word_1_741' title='bbox 2009 4250 2317 4318; x_wconf 87' lang='lat' dir='ltr'><strong>piscatores,</strong></span> <span class='ocrx_word' id='word_1_742' title='bbox 2339 4254 2606 4312; x_wconf 89' lang='lat' dir='ltr'><strong>literarum</strong></span> <span class='ocrx_word' id='word_1_743' title='bbox 2625 4260 2783 4315; x_wconf 88' lang='lat' dir='ltr'><strong>rudes</strong></span> <span class='ocrx_word' id='word_1_744' title='bbox 2803 4272 2856 4317; x_wconf 90' lang='lat' dir='ltr'><strong>et</strong></span> <span class='ocrx_word' id='word_1_745' title='bbox 2878 4264 3105 4337; x_wconf 91' lang='lat' dir='ltr'><strong>imperiti</strong></span> <span class='ocrx_word' id='word_1_746' title='bbox 3129 4250 3376 4328; x_wconf 88' lang='lat' dir='ltr'><strong>homines</strong></span> <span class='ocrx_word' id='word_1_747' title='bbox 3390 4250 3586 4343; x_wconf 69' lang='lat' dir='ltr'><strong>essent,</strong></span> 
     </span>
    </p>
   </div>
   <div class='ocr_carea' id='block_1_97' title="bbox 2005 4342 3592 4436">
    <p class='ocr_par' dir='ltr' id='par_1_97' title="bbox 2005 4342 3592 4436">
     <span class='ocr_line' id='line_1_97' title="bbox 2005 4342 3592 4436; baseline 0.019 -44"><span class='ocrx_word' id='word_1_748' title='bbox 2005 4342 2094 4409; x_wconf 88' lang='lat' dir='ltr'><strong>qui</strong></span> <span class='ocrx_word' id='word_1_749' title='bbox 2138 4342 2281 4398; x_wconf 89' lang='lat' dir='ltr'><strong>illam</strong></span> <span class='ocrx_word' id='word_1_750' title='bbox 2311 4360 2714 4417; x_wconf 88' lang='lat' dir='ltr'><strong>quoquoversus</strong></span> <span class='ocrx_word' id='word_1_751' title='bbox 2737 4353 3034 4422; x_wconf 90' lang='lat' dir='ltr'><strong>perferrent</strong></span> <span class='ocrx_word' id='word_1_752' title='bbox 3060 4375 3075 4412; x_wconf 90' lang='lat'><strong>:</strong></span> <span class='ocrx_word' id='word_1_753' title='bbox 3107 4375 3281 4431; x_wconf 80' lang='lat' dir='ltr'><strong>neque</strong></span> <span class='ocrx_word' id='word_1_754' title='bbox 3307 4342 3592 4436; x_wconf 89' lang='lat' dir='ltr'><strong>quidquam</strong></span> 
     </span>
    </p>
   </div>
   <div class='ocr_carea' id='block_1_98' title="bbox 2005 4432 3594 4525">
    <p class='ocr_par' dir='ltr' id='par_1_98' title="bbox 2005 4432 3594 4525">
     <span class='ocr_line' id='line_1_98' title="bbox 2005 4432 3594 4525; baseline 0.02 -42"><span class='ocrx_word' id='word_1_755' title='bbox 2005 4432 2370 4491; x_wconf 89' lang='lat' dir='ltr'><strong>ministrorum</strong></span> <span class='ocrx_word' id='word_1_756' title='bbox 2413 4439 2588 4494; x_wconf 91' lang='lat' dir='ltr'><strong>vilitas</strong></span> <span class='ocrx_word' id='word_1_757' title='bbox 2636 4444 2854 4508; x_wconf 91' lang='lat' dir='ltr'><strong>nocuit,</strong></span> <span class='ocrx_word' id='word_1_758' title='bbox 2906 4463 3024 4501; x_wconf 87' lang='lat' dir='ltr'><strong>cum</strong></span> <span class='ocrx_word' id='word_1_759' title='bbox 3072 4432 3468 4525; x_wconf 73' lang='lat' dir='ltr'><strong>potentiaejus</strong></span> <span class='ocrx_word' id='word_1_760' title='bbox 3503 4464 3594 4525; x_wconf 90' lang='lat' dir='ltr'><strong>qui</strong></span> 
     </span>
    </p>
   </div>
   <div class='ocr_carea' id='block_1_99' title="bbox 2007 4525 3590 4613">
    <p class='ocr_par' dir='ltr' id='par_1_99' title="bbox 2007 4525 3590 4613">
     <span class='ocr_line' id='line_1_99' title="bbox 2007 4525 3590 4613; baseline 0.016 -37"><span class='ocrx_word' id='word_1_761' title='bbox 2007 4525 2422 4592; x_wconf 80' lang='lat' dir='ltr'><strong>praedicabatur.</strong></span> <span class='ocrx_word' id='word_1_762' title='bbox 2455 4533 2633 4586; x_wconf 89' lang='lat' dir='ltr'><strong>omnia</strong></span> <span class='ocrx_word' id='word_1_763' title='bbox 2662 4537 2976 4606; x_wconf 88' lang='lat' dir='ltr'><strong>anticiparet</strong></span> <span class='ocrx_word' id='word_1_764' title='bbox 2999 4581 3015 4605; x_wconf 93' lang='lat'><strong>,</strong></span> <span class='ocrx_word' id='word_1_765' title='bbox 3050 4543 3427 4613; x_wconf 83' lang='lat' dir='ltr'><strong>impedimenta</strong></span> <span class='ocrx_word' id='word_1_766' title='bbox 3461 4554 3590 4605; x_wconf 81' lang='lat' dir='ltr'><strong>sub-</strong></span> 
     </span>
    </p>
   </div>
   <div class='ocr_carea' id='block_1_100' title="bbox 2005 4623 2985 4686">
    <p class='ocr_par' dir='ltr' id='par_1_100' title="bbox 2005 4623 2985 4686">
     <span class='ocr_line' id='line_1_100' title="bbox 2005 4623 2985 4686; baseline 0.021 -20"><span class='ocrx_word' id='word_1_767' title='bbox 2005 4625 2263 4683; x_wconf 89' lang='lat' dir='ltr'><strong>moveret,</strong></span> <span class='ocrx_word' id='word_1_768' title='bbox 2294 4633 2357 4674; x_wconf 84' lang='lat' dir='ltr'><strong>ac</strong></span> <span class='ocrx_word' id='word_1_769' title='bbox 2379 4635 2528 4677; x_wconf 87' lang='lat' dir='ltr'><strong>suam</strong></span> <span class='ocrx_word' id='word_1_770' title='bbox 2560 4623 2667 4678; x_wconf 91' lang='lat' dir='ltr'><strong>vim</strong></span> <span class='ocrx_word' id='word_1_771' title='bbox 2695 4641 2985 4686; x_wconf 76' lang='lat' dir='ltr'><strong>exsereret.</strong></span> 
     </span>
    </p>
   </div>
   <div class='ocr_carea' id='block_1_101' title="bbox 2071 4705 3588 4795">
    <p class='ocr_par' dir='ltr' id='par_1_101' title="bbox 2071 4705 3588 4795">
     <span class='ocr_line' id='line_1_101' title="bbox 2071 4705 3588 4795; baseline 0.018 -36"><span class='ocrx_word' id='word_1_772' title='bbox 2071 4705 2127 4760; x_wconf 76' lang='lat'><strong>2.</strong></span> <span class='ocrx_word' id='word_1_773' title='bbox 2169 4709 2343 4764; x_wconf 81' lang='lat' dir='ltr'><strong>Altera</strong></span> <span class='ocrx_word' id='word_1_774' title='bbox 2358 4711 2735 4772; x_wconf 73' lang='lat' dir='ltr'><strong>demonstratio.</strong></span> <span class='ocrx_word' id='word_1_775' title='bbox 2759 4718 2843 4773; x_wconf 74' lang='lat' dir='ltr'><strong>Ea:</strong></span> <span class='ocrx_word' id='word_1_776' title='bbox 2860 4730 3080 4792; x_wconf 85' lang='lat' dir='ltr'><strong>tempore</strong></span> <span class='ocrx_word' id='word_1_777' title='bbox 3099 4727 3446 4795; x_wconf 76' lang='lat' dir='ltr'><strong>descriptionis</strong></span> <span class='ocrx_word' id='word_1_778' title='bbox 3461 4739 3588 4785; x_wconf 73' lang='lat' dir='ltr'><strong>tem-</strong></span> 
     </span>
    </p>
   </div>
   <div class='ocr_carea' id='block_1_102' title="bbox 2012 4802 3584 4886">
    <p class='ocr_par' dir='ltr' id='par_1_102' title="bbox 2012 4802 3584 4886">
     <span class='ocr_line' id='line_1_102' title="bbox 2012 4802 3584 4886; baseline 0.015 -34"><span class='ocrx_word' id='word_1_779' title='bbox 2012 4816 2108 4869; x_wconf 89' lang='lat' dir='ltr'><strong>pus</strong></span> <span class='ocrx_word' id='word_1_780' title='bbox 2146 4802 2449 4856; x_wconf 80' lang='lat' dir='ltr'><strong>Nativitatis</strong></span> <span class='ocrx_word' id='word_1_781' title='bbox 2486 4815 2650 4872; x_wconf 87' lang='lat' dir='ltr'><strong>patet.</strong></span> <span class='ocrx_word' id='word_1_782' title='bbox 2677 4840 2741 4848; x_wconf 86' lang='lat'><strong>——</strong></span> <span class='ocrx_word' id='word_1_783' title='bbox 2768 4810 2921 4874; x_wconf 86' lang='lat' dir='ltr'><strong>Quod</strong></span> <span class='ocrx_word' id='word_1_784' title='bbox 2953 4813 2996 4866; x_wconf 88' lang='lat' dir='ltr'><strong>si</strong></span> <span class='ocrx_word' id='word_1_785' title='bbox 3029 4815 3149 4882; x_wconf 91' lang='lat' dir='ltr'><strong>quis</strong></span> <span class='ocrx_word' id='word_1_786' title='bbox 3173 4815 3311 4870; x_wconf 84' lang='lat' dir='ltr'><strong>forte</strong></span> <span class='ocrx_word' id='word_1_787' title='bbox 3337 4819 3584 4886; x_wconf 86' lang='lat' dir='ltr'><strong>pervica-</strong></span> 
     </span>
    </p>
   </div>
   <div class='ocr_carea' id='block_1_103' title="bbox 2017 4893 3581 4973">
    <p class='ocr_par' dir='ltr' id='par_1_103' title="bbox 2017 4893 3581 4973">
     <span class='ocr_line' id='line_1_103' title="bbox 2017 4893 3581 4973; baseline 0.013 -28"><span class='ocrx_word' id='word_1_788' title='bbox 2017 4893 2147 4958; x_wconf 90' lang='lat' dir='ltr'><strong>cior,</strong></span> <span class='ocrx_word' id='word_1_789' title='bbox 2173 4893 2276 4948; x_wconf 92' lang='lat' dir='ltr'><strong>illis</strong></span> <span class='ocrx_word' id='word_1_790' title='bbox 2307 4911 2426 4964; x_wconf 75' lang='lat' dir='ltr'><strong>quae</strong></span> <span class='ocrx_word' id='word_1_791' title='bbox 2451 4895 2592 4951; x_wconf 90' lang='lat' dir='ltr'><strong>dicta</strong></span> <span class='ocrx_word' id='word_1_792' title='bbox 2630 4909 2756 4952; x_wconf 91' lang='lat' dir='ltr'><strong>sunt</strong></span> <span class='ocrx_word' id='word_1_793' title='bbox 2783 4917 2889 4956; x_wconf 90' lang='lat' dir='ltr'><strong>non</strong></span> <span class='ocrx_word' id='word_1_794' title='bbox 2918 4905 3224 4973; x_wconf 87' lang='lat' dir='ltr'><strong>acquiescat</strong></span> <span class='ocrx_word' id='word_1_795' title='bbox 3255 4924 3267 4959; x_wconf 90' lang='lat'><strong>:</strong></span> <span class='ocrx_word' id='word_1_796' title='bbox 3300 4915 3382 4961; x_wconf 88' lang='lat' dir='ltr'><strong>est</strong></span> <span class='ocrx_word' id='word_1_797' title='bbox 3413 4909 3581 4966; x_wconf 82' lang='lat' dir='ltr'><strong>altera</strong></span> 
     </span>
    </p>
   </div>
   <div class='ocr_carea' id='block_1_104' title="bbox 2011 4985 3577 5065">
    <p class='ocr_par' dir='ltr' id='par_1_104' title="bbox 2011 4985 3577 5065">
     <span class='ocr_line' id='line_1_104' title="bbox 2011 4985 3577 5065; baseline 0.01 -27"><span class='ocrx_word' id='word_1_798' title='bbox 2011 4985 2416 5047; x_wconf 85' lang='lat' dir='ltr'><strong>demonstratio,</strong></span> <span class='ocrx_word' id='word_1_799' title='bbox 2435 5003 2592 5057; x_wconf 91' lang='lat' dir='ltr'><strong>quam</strong></span> <span class='ocrx_word' id='word_1_800' title='bbox 2611 4990 2918 5048; x_wconf 82' lang='lat' dir='ltr'><strong>afl&#39;eremus.</strong></span> <span class='ocrx_word' id='word_1_801' title='bbox 2938 4993 3067 5058; x_wconf 70' lang='lat' dir='ltr'><strong>Quae</strong></span> <span class='ocrx_word' id='word_1_802' title='bbox 3085 5010 3212 5050; x_wconf 89' lang='lat' dir='ltr'><strong>vero</strong></span> <span class='ocrx_word' id='word_1_803' title='bbox 3227 4996 3363 5051; x_wconf 85' lang='lat' dir='ltr'><strong>ista?</strong></span> <span class='ocrx_word' id='word_1_804' title='bbox 3377 4998 3506 5065; x_wconf 75' lang='lat' dir='ltr'><strong>Qua:</strong></span> <span class='ocrx_word' id='word_1_805' title='bbox 3525 5001 3577 5054; x_wconf 86' lang='lat' dir='ltr'><strong>in</strong></span> 
     </span>
    </p>
   </div>
   <div class='ocr_carea' id='block_1_105' title="bbox 2010 5069 3575 5156">
    <p class='ocr_par' dir='ltr' id='par_1_105' title="bbox 2010 5069 3575 5156">
     <span class='ocr_line' id='line_1_105' title="bbox 2010 5069 3575 5156; baseline 0.014 -35"><span class='ocrx_word' id='word_1_806' title='bbox 2010 5069 2372 5140; x_wconf 90' lang='lat' dir='ltr'><strong>descriptione</strong></span> <span class='ocrx_word' id='word_1_807' title='bbox 2393 5074 2500 5139; x_wconf 87' lang='lat' dir='ltr'><strong>illa,</strong></span> <span class='ocrx_word' id='word_1_808' title='bbox 2524 5078 2678 5145; x_wconf 84' lang='lat' dir='ltr'><strong>cujus</strong></span> <span class='ocrx_word' id='word_1_809' title='bbox 2695 5077 2978 5150; x_wconf 86' lang='lat' dir='ltr'><strong>Evangelia</strong></span> <span class='ocrx_word' id='word_1_810' title='bbox 3003 5083 3334 5141; x_wconf 91' lang='lat' dir='ltr'><strong>mentionem</strong></span> <span class='ocrx_word' id='word_1_811' title='bbox 3352 5086 3575 5156; x_wconf 80' lang='lat' dir='ltr'><strong>faciunt,</strong></span> 
     </span>
    </p>
   </div>
   <div class='ocr_carea' id='block_1_106' title="bbox 2010 5159 3574 5245">
    <p class='ocr_par' dir='ltr' id='par_1_106' title="bbox 2010 5159 3574 5245">
     <span class='ocr_line' id='line_1_106' title="bbox 2010 5159 3574 5245; baseline 0.014 -32"><span class='ocrx_word' id='word_1_812' title='bbox 2010 5159 2110 5214; x_wconf 83' lang='lat' dir='ltr'><strong>sita</strong></span> <span class='ocrx_word' id='word_1_813' title='bbox 2129 5170 2228 5215; x_wconf 89' lang='lat' dir='ltr'><strong>est.</strong></span> <span class='ocrx_word' id='word_1_814' title='bbox 2255 5161 2477 5218; x_wconf 83' lang='lat' dir='ltr'><strong>Factum</strong></span> <span class='ocrx_word' id='word_1_815' title='bbox 2500 5178 2573 5220; x_wconf 85' lang='lat' dir='ltr'><strong>est</strong></span> <span class='ocrx_word' id='word_1_816' title='bbox 2597 5169 2754 5234; x_wconf 89' lang='lat' dir='ltr'><strong>enim,</strong></span> <span class='ocrx_word' id='word_1_817' title='bbox 2775 5170 2949 5238; x_wconf 84' lang='lat' dir='ltr'><strong>inquit</strong></span> <span class='ocrx_word' id='word_1_818' title='bbox 2967 5173 3294 5242; x_wconf 85' lang='lat' dir='ltr'><strong>evangelista</strong></span> <span class='ocrx_word' id='word_1_819' title='bbox 3320 5177 3468 5244; x_wconf 83' lang='lat' dir='ltr'><strong>(Luc.</strong></span> <span class='ocrx_word' id='word_1_820' title='bbox 3494 5181 3574 5245; x_wconf 67' lang='lat'><strong>2),</strong></span> 
     </span>
    </p>
   </div>
   <div class='ocr_carea' id='block_1_107' title="bbox 1998 5253 3578 5336">
    <p class='ocr_par' dir='ltr' id='par_1_107' title="bbox 1998 5253 3578 5336">
     <span class='ocr_line' id='line_1_107' title="bbox 1998 5253 3578 5336; baseline 0.012 -32"><span class='ocrx_word' id='word_1_821' title='bbox 1998 5259 2052 5305; x_wconf 79' lang='lat' dir='ltr'><strong>in</strong></span> <span class='ocrx_word' id='word_1_822' title='bbox 2081 5253 2252 5308; x_wconf 81' lang='lat' dir='ltr'><strong>diebus</strong></span> <span class='ocrx_word' id='word_1_823' title='bbox 2275 5256 2376 5310; x_wconf 87' lang='lat' dir='ltr'><strong>illis</strong></span> <span class='ocrx_word' id='word_1_824' title='bbox 2397 5297 2414 5324; x_wconf 85' lang='lat'><strong>,</strong></span> <span class='ocrx_word' id='word_1_825' title='bbox 2442 5265 2563 5312; x_wconf 72' lang='lat' dir='ltr'><strong>exiit</strong></span> <span class='ocrx_word' id='word_1_826' title='bbox 2585 5264 2804 5314; x_wconf 83' lang='lat' dir='ltr'><strong>edictum</strong></span> <span class='ocrx_word' id='word_1_827' title='bbox 2832 5278 2864 5314; x_wconf 89' lang='lat' dir='ltr'><strong>a</strong></span> <span class='ocrx_word' id='word_1_828' title='bbox 2891 5265 3090 5318; x_wconf 76' lang='lat' dir='ltr'><strong>Ctesare</strong></span> <span class='ocrx_word' id='word_1_829' title='bbox 3115 5270 3339 5336; x_wconf 79' lang='lat' dir='ltr'><strong>Augusto</strong></span> <span class='ocrx_word' id='word_1_830' title='bbox 3358 5308 3375 5334; x_wconf 93' lang='lat'><strong>,</strong></span> <span class='ocrx_word' id='word_1_831' title='bbox 3405 5279 3459 5322; x_wconf 88' lang='lat' dir='ltr'><strong>ut</strong></span> <span class='ocrx_word' id='word_1_832' title='bbox 3495 5271 3578 5323; x_wconf 82' lang='lat' dir='ltr'><strong>de-</strong></span> 
     </span>
    </p>
   </div>
   <div class='ocr_carea' id='block_1_108' title="bbox 1998 5346 3589 5433">
    <p class='ocr_par' dir='ltr' id='par_1_108' title="bbox 1998 5346 3589 5433">
     <span class='ocr_line' id='line_1_108' title="bbox 1998 5346 3589 5433; baseline 0.01 -35"><span class='ocrx_word' id='word_1_833' title='bbox 1998 5346 2292 5402; x_wconf 84' lang='lat' dir='ltr'><strong>scriberetur</strong></span> <span class='ocrx_word' id='word_1_834' title='bbox 2319 5350 2576 5406; x_wconf 79' lang='lat' dir='ltr'><strong>universus</strong></span> <span class='ocrx_word' id='word_1_835' title='bbox 2600 5352 2751 5407; x_wconf 83' lang='lat' dir='ltr'><strong>orbis.</strong></span> <span class='ocrx_word' id='word_1_836' title='bbox 2795 5353 2920 5409; x_wconf 71' lang='lat' dir='ltr'><strong>Hec</strong></span> <span class='ocrx_word' id='word_1_837' title='bbox 2957 5356 3229 5426; x_wconf 82' lang='lat' dir='ltr'><strong>descriptio</strong></span> <span class='ocrx_word' id='word_1_838' title='bbox 3259 5361 3423 5430; x_wconf 85' lang='lat' dir='ltr'><strong>prima</strong></span> <span class='ocrx_word' id='word_1_839' title='bbox 3447 5365 3589 5433; x_wconf 76' lang='lat' dir='ltr'><strong>facta</strong></span> 
     </span>
    </p>
   </div>
   <div class='ocr_carea' id='block_1_109' title="bbox 1999 5437 3578 5522">
    <p class='ocr_par' dir='ltr' id='par_1_109' title="bbox 1999 5437 3578 5522">
     <span class='ocr_line' id='line_1_109' title="bbox 1999 5437 3578 5522; baseline 0.011 -33"><span class='ocrx_word' id='word_1_840' title='bbox 1999 5445 2070 5490; x_wconf 84' lang='lat' dir='ltr'><strong>est</strong></span> <span class='ocrx_word' id='word_1_841' title='bbox 2096 5437 2309 5507; x_wconf 65' lang='lat' dir='ltr'><strong>preside</strong></span> <span class='ocrx_word' id='word_1_842' title='bbox 2344 5439 2513 5510; x_wconf 76' lang='lat' dir='ltr'><strong>Syrite</strong></span> <span class='ocrx_word' id='word_1_843' title='bbox 2535 5441 2766 5506; x_wconf 82' lang='lat' dir='ltr'><strong>Cyrenio.</strong></span> <span class='ocrx_word' id='word_1_844' title='bbox 2805 5443 2868 5496; x_wconf 80' lang='lat' dir='ltr'><strong>Et</strong></span> <span class='ocrx_word' id='word_1_845' title='bbox 2893 5447 3032 5500; x_wconf 84' lang='lat' dir='ltr'><strong>ibant</strong></span> <span class='ocrx_word' id='word_1_846' title='bbox 3068 5465 3238 5504; x_wconf 83' lang='lat' dir='ltr'><strong>omnes</strong></span> <span class='ocrx_word' id='word_1_847' title='bbox 3257 5492 3272 5515; x_wconf 93' lang='lat'><strong>,</strong></span> <span class='ocrx_word' id='word_1_848' title='bbox 3299 5462 3351 5504; x_wconf 87' lang='lat' dir='ltr'><strong>ut</strong></span> <span class='ocrx_word' id='word_1_849' title='bbox 3378 5454 3578 5522; x_wconf 80' lang='lat' dir='ltr'><strong>proﬁte-</strong></span> 
     </span>
    </p>
   </div>
   <div class='ocr_carea' id='block_1_110' title="bbox 1999 5529 3582 5600">
    <p class='ocr_par' dir='ltr' id='par_1_110' title="bbox 1999 5529 3582 5600">
     <span class='ocr_line' id='line_1_110' title="bbox 1999 5529 3582 5600; baseline 0.012 -20"><span class='ocrx_word' id='word_1_850' title='bbox 1999 5536 2190 5594; x_wconf 84' lang='lat' dir='ltr'><strong>rentur,</strong></span> <span class='ocrx_word' id='word_1_851' title='bbox 2217 5529 2402 5600; x_wconf 78' lang='lat' dir='ltr'><strong>singuli</strong></span> <span class='ocrx_word' id='word_1_852' title='bbox 2425 5531 2476 5584; x_wconf 88' lang='lat' dir='ltr'><strong>in</strong></span> <span class='ocrx_word' id='word_1_853' title='bbox 2496 5536 2746 5588; x_wconf 77' lang='lat' dir='ltr'><strong>civitatem</strong></span> <span class='ocrx_word' id='word_1_854' title='bbox 2771 5553 2934 5590; x_wconf 88' lang='lat' dir='ltr'><strong>suam.</strong></span> <span class='ocrx_word' id='word_1_855' title='bbox 2967 5538 3198 5594; x_wconf 79' lang='lat' dir='ltr'><strong>Ascendit</strong></span> <span class='ocrx_word' id='word_1_856' title='bbox 3223 5552 3393 5598; x_wconf 84' lang='lat' dir='ltr'><strong>autem</strong></span> <span class='ocrx_word' id='word_1_857' title='bbox 3413 5555 3460 5597; x_wconf 83' lang='lat' dir='ltr'><strong>et</strong></span> <span class='ocrx_word' id='word_1_858' title='bbox 3482 5542 3582 5599; x_wconf 85' lang='lat' dir='ltr'><strong>Jo—</strong></span> 
     </span>
    </p>
   </div>
   <div class='ocr_carea' id='block_1_111' title="bbox 1997 5620 3579 5701">
    <p class='ocr_par' dir='ltr' id='par_1_111' title="bbox 1997 5620 3579 5701">
     <span class='ocr_line' id='line_1_111' title="bbox 1997 5620 3579 5701; baseline 0.009 -25"><span class='ocrx_word' id='word_1_859' title='bbox 1997 5623 2121 5692; x_wconf 80' lang='lat' dir='ltr'><strong>seplt</strong></span> <span class='ocrx_word' id='word_1_860' title='bbox 2146 5639 2177 5676; x_wconf 90' lang='lat' dir='ltr'><strong>a</strong></span> <span class='ocrx_word' id='word_1_861' title='bbox 2204 5620 2418 5677; x_wconf 77' lang='lat' dir='ltr'><strong>Galilaza</strong></span> <span class='ocrx_word' id='word_1_862' title='bbox 2442 5626 2504 5678; x_wconf 84' lang='lat' dir='ltr'><strong>de</strong></span> <span class='ocrx_word' id='word_1_863' title='bbox 2529 5625 2726 5680; x_wconf 82' lang='lat' dir='ltr'><strong>civitate</strong></span> <span class='ocrx_word' id='word_1_864' title='bbox 2755 5627 3013 5685; x_wconf 76' lang='lat' dir='ltr'><strong>Nazareth</strong></span> <span class='ocrx_word' id='word_1_865' title='bbox 3040 5634 3092 5687; x_wconf 89' lang='lat' dir='ltr'><strong>in</strong></span> <span class='ocrx_word' id='word_1_866' title='bbox 3118 5632 3153 5687; x_wconf 81' lang='lat' dir='ltr'><strong><em>J</em></strong></span> <span class='ocrx_word' id='word_1_867' title='bbox 3159 5635 3356 5689; x_wconf 72' lang='lat' dir='ltr'><strong>aderam</strong></span> <span class='ocrx_word' id='word_1_868' title='bbox 3381 5676 3397 5701; x_wconf 90' lang='lat'><strong>,</strong></span> <span class='ocrx_word' id='word_1_869' title='bbox 3427 5636 3479 5689; x_wconf 88' lang='lat' dir='ltr'><strong>in</strong></span> <span class='ocrx_word' id='word_1_870' title='bbox 3503 5637 3579 5690; x_wconf 74' lang='lat' dir='ltr'><strong>ci-</strong></span> 
     </span>
    </p>
   </div>
   <div class='ocr_carea' id='block_1_112' title="bbox 1999 5712 3586 5796">
    <p class='ocr_par' dir='ltr' id='par_1_112' title="bbox 1999 5712 3586 5796">
     <span class='ocr_line' id='line_1_112' title="bbox 1999 5712 3586 5796; baseline 0.009 -31"><span class='ocrx_word' id='word_1_871' title='bbox 1999 5715 2199 5766; x_wconf 80' lang='lat' dir='ltr'><strong>vitatem</strong></span> <span class='ocrx_word' id='word_1_872' title='bbox 2236 5712 2402 5768; x_wconf 84' lang='lat' dir='ltr'><strong>David</strong></span> <span class='ocrx_word' id='word_1_873' title='bbox 2424 5757 2440 5780; x_wconf 94' lang='lat'><strong>,</strong></span> <span class='ocrx_word' id='word_1_874' title='bbox 2469 5732 2580 5787; x_wconf 75' lang='lat' dir='ltr'><strong>qua:</strong></span> <span class='ocrx_word' id='word_1_875' title='bbox 2608 5729 2812 5774; x_wconf 75' lang='lat' dir='ltr'><strong>vocatur</strong></span> <span class='ocrx_word' id='word_1_876' title='bbox 2839 5719 3126 5778; x_wconf 78' lang='lat' dir='ltr'><strong>Bet/ilehem</strong></span> <span class='ocrx_word' id='word_1_877' title='bbox 3148 5767 3163 5789; x_wconf 95' lang='lat'><strong>,</strong></span> <span class='ocrx_word' id='word_1_878' title='bbox 3195 5741 3252 5780; x_wconf 88' lang='lat' dir='ltr'><strong>eo</strong></span> <span class='ocrx_word' id='word_1_879' title='bbox 3291 5726 3424 5796; x_wconf 87' lang='lat' dir='ltr'><strong>quod</strong></span> <span class='ocrx_word' id='word_1_880' title='bbox 3455 5740 3586 5780; x_wconf 79' lang='lat' dir='ltr'><strong>esset</strong></span> 
     </span>
    </p>
   </div>
   <div class='ocr_carea' id='block_1_113' title="bbox 1993 5803 3586 5885">
    <p class='ocr_par' dir='ltr' id='par_1_113' title="bbox 1993 5803 3586 5885">
     <span class='ocr_line' id='line_1_113' title="bbox 1993 5803 3586 5885; baseline 0.011 -30"><span class='ocrx_word' id='word_1_881' title='bbox 1993 5811 2063 5863; x_wconf 76' lang='lat' dir='ltr'><strong>de</strong></span> <span class='ocrx_word' id='word_1_882' title='bbox 2096 5803 2244 5858; x_wconf 91' lang='lat' dir='ltr'><strong>domo</strong></span> <span class='ocrx_word' id='word_1_883' title='bbox 2278 5816 2322 5858; x_wconf 85' lang='lat' dir='ltr'><strong>et</strong></span> <span class='ocrx_word' id='word_1_884' title='bbox 2358 5806 2556 5875; x_wconf 78' lang='lat' dir='ltr'><strong>familia</strong></span> <span class='ocrx_word' id='word_1_885' title='bbox 2600 5807 2762 5865; x_wconf 79' lang='lat' dir='ltr'><strong>David</strong></span> <span class='ocrx_word' id='word_1_886' title='bbox 2787 5827 2807 5867; x_wconf 83' lang='grc'><strong>.’</strong></span> <span class='ocrx_word' id='word_1_887' title='bbox 2832 5824 2884 5867; x_wconf 86' lang='lat' dir='ltr'><strong>ut</strong></span> <span class='ocrx_word' id='word_1_888' title='bbox 2922 5817 3237 5885; x_wconf 70' lang='lat' dir='ltr'><strong>proﬁteretur</strong></span> <span class='ocrx_word' id='word_1_889' title='bbox 3271 5832 3382 5867; x_wconf 81' lang='lat' dir='ltr'><strong>cum</strong></span> <span class='ocrx_word' id='word_1_890' title='bbox 3419 5815 3586 5872; x_wconf 74' lang='lat' dir='ltr'><strong>Maria</strong></span> 
     </span>
    </p>
   </div>
  </div>
