4062 6206
395 428 497 480 ὅῖιῖ

398 546 704 607 desponsata
742 532 836 588 sibi
877 542 1031 582 uxore
1072 529 1379 594 praegnante.
1423 513 1639 569 Factum
1665 520 1732 565 est
1766 518 1932 562 autem
1958 548 1971 569 ,

397 599 511 690 cum
537 637 706 686 essent
743 625 810 678 ibi
835 665 848 689 ,
876 618 1063 689 impleti
1093 622 1209 669 sunt
1246 611 1350 664 dies
1378 617 1430 662 ut
1457 614 1650 678 pareret
1675 618 1694 656 :
1716 611 1761 656 et
1789 599 1976 670 peperit

400 728 562 793 [ilium
589 737 737 776 suum
767 710 1149 787 primogenitum
1175 746 1189 770 ,
1215 713 1264 758 et
1305 701 1485 772 pannis
1525 712 1636 750 eum
1668 691 1866 746 involvit
1886 731 1900 756 ,
1932 697 1979 741 et

401 814 659 872 reclinavit
687 827 798 864 eum
835 807 888 860 in
930 800 1169 873 prwsepio
1195 815 1213 851 :
1238 796 1356 866 quia
1387 809 1484 846 non
1521 799 1628 844 erat
1657 787 1726 841 eis
1764 786 1900 839 locus
1929 782 1981 834 in

404 906 696 964 diversorio.
725 904 802 956 Ex
828 899 908 951 his
933 884 1116 965 liquet,
1146 891 1331 960 prima:
1356 880 1726 952 descriptionis
1746 887 1985 945 tempore

408 1011 589 1055 natum
620 1010 758 1051 esse.
793 991 860 1046 Et
886 988 969 1043 cui
997 995 1203 1040 νείατος
1243 977 1582 1033 historiarum
1620 970 1830 1026 codices
1853 1008 1868 1032 ,
1896 965 1984 1036 qui

411 1095 592 1147 Romae
617 1085 824 1156 publice
849 1085 1218 1136 aSservantur,
1251 1068 1487 1122 lectitare
1518 1065 1676 1118 libeat
1696 1103 1710 1124 ,
1739 1057 1988 1130 perfacile

408 1185 569 1238 etiam
600 1154 806 1246 tetnpus
835 1172 986 1240 hujus
1012 1162 1383 1234 descriptionis
1407 1166 1650 1212 accurate
1669 1154 1876 1208 discere
1901 1165 1989 1218 po-

412 1278 556 1332 terit.
587 1245 852 1329 Ca-hterunt
881 1265 1004 1332 quid
1032 1264 1132 1316 hoc
1156 1261 1220 1314 ad
1251 1271 1348 1312 nos
1374 1256 1514 1310 dicat
1541 1250 1748 1320 aliquis,
1774 1246 1862 1316 qui
1889 1245 1995 1298 illic

415 1384 587 1440 neque
616 1380 799 1420 smnus
827 1375 998 1430 neque
1039 1357 1230 1410 fuimus
1261 1346 1549 1419 uinquzun?
1579 1343 1865 1404 Ausculta;
1897 1354 1996 1392 nc-

415 1429 518 1533 que
539 1457 767 1518 diffidas,
797 1429 1008 1524 quiaab
1029 1447 1131 1502 illis
1154 1445 1241 1515 qui
1265 1449 1502 1497 exactam
1529 1436 1686 1504 hujus
1714 1433 1786 1486 rei
1815 1429 1996 1498 cogni-

417 1521 617 1608 tioaem
649 1521 842 1601 habent
873 1543 1064 1612 quique
1095 1537 1238 1591 illam
1279 1532 1464 1586 urbem
1497 1527 1830 1586 inhabitant,
1863 1521 2001 1573 hunc

419 1645 562 1698 diem
585 1637 886 1706 accepimus
912 1651 925 1687 :
949 1647 1066 1685 nam
1093 1628 1167 1681 illi
1193 1625 1312 1694 ipsi,
1339 1622 1427 1692 qui
1454 1620 1557 1673 illic
1582 1621 2000 1675 commorantur,

423 1733 588 1788 multo
609 1739 729 1784 ante
751 1736 804 1781 et
822 1741 884 1778 ex
909 1723 1120 1790 antiqua
1145 1715 1424 1772 traditione
1450 1711 1621 1780 ipsum
1644 1706 1972 1760 celebrantes
1987 1741 2001 1767 ,

423 1823 489 1877 ad
521 1835 618 1875 nos
645 1831 811 1886 usque
841 1814 981 1867 illius
1011 1808 1250 1863 notitiam
1281 1817 1419 1857 nunc
1445 1797 1870 1854 transmiserunt.
1904 1790 2008 1844 Ne-

425 1929 529 1984 que
566 1911 708 1966 enim
749 1903 1072 1973 evangelista
1114 1895 1426 1967 simpliciter
1455 1891 1608 1945 nobis
1641 1887 1769 1942 illud
1799 1895 2008 1953 tempus

427 1975 710 2064 indicavit;
740 1997 832 2052 sed
861 1997 954 2058 ita,
986 2001 1043 2046 ut
1067 1990 1224 2045 etiam
1255 2001 1356 2040 una
1389 1984 1528 2038 lumc
1552 1979 1694 2035 diem
1718 1975 1872 2032 nobis
1899 1987 2011 2028 ma-

431 2097 678 2150 nifestum
710 2086 956 2142 redderet
983 2092 1037 2137 et
1065 2079 1396 2148 exploratum
1420 2114 1436 2139 ,
1465 2071 1664 2141 Deique
1693 2064 2015 2122 incarnatio-

432 2203 553 2240 nem
586 2183 924 2252 patelaceret.
961 2173 1143 2242 Neque
1170 2168 1310 2223 enim
1338 2171 1526 2234 suopte
1551 2159 1802 2229 impulsu,
1833 2166 1926 2210 aut
1948 2170 2013 2208 ex

432 2291 492 2331 se
520 2274 636 2345 ipso
666 2272 934 2339 Augustus
971 2264 1202 2319 edictum
1234 2258 1334 2312 hoc
1363 2252 1749 2326 promulgavit,
1781 2248 1875 2303 sed
1906 2247 2016 2301 Deo

434 2367 669 2422 animum
715 2361 881 2431 ipsius
924 2355 1259 2417 concitante,
1307 2357 1365 2402 ut
1403 2345 1488 2400 vel
1531 2343 1725 2399 invitus
1772 2335 2019 2393 adventui

439 2455 706 2528 linigeniti
733 2430 1082 2507 Subserviret.
1113 2449 1182 2500 At
1206 2441 1329 2512 quid
1359 2440 1492 2502 hoc,
1523 2435 1730 2506 inquis,
1758 2430 1826 2486 ad
1851 2430 2020 2484 incar-

438 2523 707 2603 nationem
740 2539 1121 2597 ostendendam
1147 2531 1401 2588 momenti
1423 2526 1616 2582 habet?
1639 2523 1752 2579 Non
1776 2535 2019 2592 parvum,

439 2641 651 2702 dilecte,
682 2648 853 2704 neque
881 2630 1050 2685 ubivis
1077 2626 1287 2679 obvium
1310 2663 1324 2688 ,
1356 2619 1448 2675 sed
1479 2631 1726 2688 magnum
1758 2612 1976 2666 omnino
2007 2627 2020 2662 :

441 2732 680 2797 adempte
711 2739 872 2778 unum
899 2737 962 2774 ex
993 2720 1057 2772 iis
1084 2718 1184 2769 hoc
1207 2723 1288 2768 est
1307 2755 1319 2776 ,
1349 2725 1467 2782 qua:
1494 2705 1796 2763 necessario
1825 2718 1886 2758 ac
1913 2714 2026 2756 stu-

442 2793 948 2885 diose-qumruntur.
983 2807 1150 2876 Quale
1179 2802 1391 2858 tandem
1422 2798 1588 2854 illud?
1633 2796 1851 2853 Galilara
1879 2793 2026 2862 regio

443 2908 686 2981 qua‘dam
716 2912 796 2960 est
813 2901 1141 2964 Palaestinae;
1169 2892 1428 2951 Nazareth
1451 2900 1628 2945 autem
1655 2890 1706 2942 in
1732 2903 1792 2942 ea
1814 2885 2021 2940 civitas.

446 2979 650 3057 litursus
675 2996 858 3052 Judzca
887 2992 1033 3063 regio
1059 3000 1160 3050 est,
1187 2987 1253 3041 ab
1280 2982 1540 3054 indigenis
1567 2981 1668 3036 hoc
1694 2979 1909 3035 nomine
1934 2991 2028 3031 vo-

445 3094 639 3155 citata;
671 3084 981 3142 Bethlehem
1004 3097 1130 3136 vero
1156 3078 1354 3133 Iudaeae
1377 3076 1586 3130 civitas.
1615 3071 1880 3127 Christum
1909 3083 2032 3138 por-

448 3199 512 3240 ro
554 3193 744 3236 omnes
788 3174 1062 3247 prophetae
1095 3169 1488 3242 praedixerant,
1517 3181 1622 3220 non
1653 3179 1683 3218 a
1726 3159 1984 3218 Nazareth
2015 3201 2030 3227 ,

449 3278 544 3334 sed
573 3293 601 3330 ξι
632 3271 947 3330 Bethlehem
979 3275 1288 3326 venturum,
1321 3262 1533 3330 illicque
1561 3257 1904 3312 nasciturum.
1960 3253 2032 3307 Ita

452 3369 594 3425 enim
639 3365 896 3434 scriptum
928 3369 1009 3415 est
1041 3375 1056 3412 :
1085 3355 1150 3409 Et
1180 3365 1233 3409 tu
1262 3350 1552 3407 Bethlehem
1583 3357 1718 3402 term
1742 3346 1881 3399 Iuda
1906 3385 1921 3410 ,
1950 3360 2038 3397 ne-

451 3475 700 3533 quaquam
744 3455 953 3509 miuima
995 3469 1046 3505 es
1082 3450 1134 3504 in
1171 3443 1479 3518 principibus
1509 3439 1672 3496 Iuda.
1719 3438 1803 3494 Ea:
1831 3448 1878 3491 te
1904 3437 2039 3491 enim

461 3525 590 3608 exiet
619 3550 743 3604 Dux
771 3589 786 3612 ,
813 3547 898 3616 qui
921 3552 1055 3612 reget
1086 3538 1328 3612 populum
1355 3548 1520 3588 meum
1547 3531 1712 3586 Israel
1741 3527 1948 3599 (Matth.
1979 3525 2034 3583 2.

457 3645 490 3698 6
534 3660 549 3708 ;
584 3641 741 3695 Mich.
771 3640 824 3694 5.
853 3637 889 3690 2
911 3633 950 3708 ).
997 3633 1061 3686 Et
1102 3629 1272 3686 Judaei
1314 3626 1440 3680 olim
1479 3627 1546 3678 ab
1575 3621 1785 3676 Herode
1815 3618 2042 3672 interro-

458 3738 586 3807 gati,
618 3734 705 3788 ubi
739 3738 1047 3785 nasceretur
1075 3723 1318 3778 Christus
1346 3759 1361 3783 ,
1393 3721 1493 3772 hoc
1520 3716 1690 3785 ipsum
1722 3713 1770 3767 ei
1801 3711 2040 3766 testimo-

461 3830 604 3881 nium
635 3823 948 3879 retulerunt.
998 3817 1144 3870 llunc
1171 3811 1412 3868 eamdem
1449 3807 1519 3863 ob
1546 3819 1760 3861 causam
1795 3802 2044 3871 loquente

461 3912 784 3972 Nathanaele
811 3909 876 3962 ad
908 3905 1230 3975 Philippum,
1251 3908 1532 3972 postquam
1555 3896 1602 3950 ei
1625 3894 1842 3956 dicenti,
1867 3887 2046 3944 Iesum

463 4025 495 4060 α
526 4002 787 4060 Nazareth
813 3997 1088 4054 inuenimus
1113 3992 1287 4067 (Ioan.
1324 3992 1374 4044 1.
1404 3989 1473 4043 45
1491 3987 1634 4057 47),
1663 3981 2043 4053 respondisset,

469 4100 509 4153 Α
540 4093 800 4151 Nasareth
829 4098 991 4162 potest
1019 4085 1211 4155 aliquid
1240 4082 1354 4136 boui
1393 4095 1498 4134 esse
1517 4077 1543 4131 2’
1569 4077 1812 4131 Christus
1837 4073 1903 4127 de
1934 4072 2048 4140 ipso

468 4188 543 4242 ait
570 4205 585 4240 :
614 4183 746 4238 Ecce
770 4159 882 4236 uere
907 4177 1142 4233 Israelita
1169 4215 1184 4241 ,
1213 4174 1266 4227 in
1299 4187 1398 4242 quo
1434 4169 1584 4224 dolus
1611 4183 1712 4220 non
1750 4172 1841 4218 est.
1890 4159 2050 4230 Cujus

468 4287 644 4333 autem
679 4275 755 4329 rei
781 4272 949 4344 gratia
976 4272 1146 4340 ipsum
1180 4267 1250 4320 ita
1279 4258 1709 4319 commendavit?
1733 4253 1884 4321 Quod
1914 4269 2054 4306 nun-

470 4370 546 4424 tio
575 4368 664 4421 illo
703 4364 928 4432 Philippi
970 4377 1073 4416 non
1125 4358 1362 4428 protinus
1405 4350 1563 4406 luerit
1602 4349 1854 4415 abreptus
1887 4361 1900 4394 :
1931 4357 2050 4396 nam

471 4456 758 4516 manifeste
781 4456 1041 4525 planeque
1061 4448 1283 4512 sciebat,
1311 4458 1482 4514 neque
1504 4443 1556 4496 in
1576 4435 1859 4503 Nazareth,
1883 4448 2055 4504 neque

474 4555 527 4608 in
556 4552 772 4606 Calihea
799 4545 1067 4601 Christum
1092 4538 1240 4594 nasci
1269 4537 1490 4600 debere,
1513 4532 1609 4588 sed
1641 4531 1693 4584 in
1718 4527 1902 4584 Judara
1927 4534 1979 4581 et
2004 4525 2056 4578 in

476 4642 788 4702 Bethlehem
813 4655 827 4692 :
852 4636 992 4707 quod
1017 4646 1072 4691 et
1094 4635 1162 4687 ita
1187 4632 1380 4686 factum
1404 4626 1590 4680 fuerat.
1619 4615 2057 4689 Quandoquidem

475 4753 607 4810 ergo
634 4733 934 4803 Philippum
967 4727 1017 4782 id
1044 4726 1280 4789 latebat,
1309 4716 1601 4777 Nathanael
1634 4724 1814 4769 autem
1841 4726 1939 4782 pro
1964 4725 2058 4778 pe-

478 4831 599 4887 ritia
622 4841 783 4900 quam
810 4823 941 4894 legis
970 4818 1232 4880 habebat,
1261 4830 1380 4869 cum
1412 4812 1573 4865 sciret
1599 4824 1661 4863 ea
1687 4849 1702 4873 ,
1731 4817 1857 4875 quae
1878 4820 1904 4856 a
1937 4816 2060 4871 pro-

481 4893 660 4994 phetis
687 4919 824 4974 dicta
859 4893 1060 4978 essent,
1093 4921 1407 4977 responsum
1435 4901 1685 4956 vaticinia
1714 4897 1960 4967 superius
1988 4893 2065 4947 al-

484 5015 591 5068 lato
628 5016 1046 5066 consentaneum
1079 5001 1276 5062 dabat,
1307 5015 1334 5050 a
1366 4994 1626 5050 Nazareth
1660 4989 1926 5045 Christum
1960 5002 2064 5040 non

487 5119 763 5163 venturum
813 5123 825 5157 :
873 5111 1153 5174 propterea
1198 5097 1358 5152 etiam
1403 5093 1572 5162 inquit
1615 5089 1859 5145 Christus
1890 5103 1903 5139 :
1940 5085 2069 5139 Ecce

486 5214 596 5252 uere
642 5196 878 5251 Israelita
905 5235 920 5260 ,
953 5194 1008 5246 in
1048 5206 1147 5262 quo
1188 5187 1333 5242 dolus
1379 5201 1478 5238 non
1519 5192 1610 5235 est.
1660 5179 1770 5234 Hac
1812 5178 1971 5232 etiam
2001 5177 2070 5230 de

486 5303 646 5344 causa
666 5287 880 5357 quidam
897 5285 1200 5341 Iudaeorum
1212 5277 1500 5335 Nicodemo
1515 5272 1789 5328 dicebant:
1809 5270 2064 5333 Scrutare,

489 5389 537 5432 et
563 5379 674 5432 vide
702 5379 820 5447 quia
845 5393 872 5430 e
897 5375 1111 5430 Catilina
1154 5372 1397 5444 prapheta
1424 5383 1524 5423 nou
1539 5365 1796 5420 excitatur
1816 5360 1994 5431 (Ioan.
2017 5359 2070 5413 7.

492 5468 605 5539 52).
640 5467 705 5521 Et
733 5482 916 5522 rursus
947 5485 959 5522 :
995 5466 1182 5520 Nonne
1204 5482 1234 5518 α
1259 5462 1550 5518 Bethlehem
1591 5457 1801 5512 castello
1820 5495 1833 5521 ,
1859 5454 1942 5506 ubi
1967 5460 2073 5506 erat

493 5561 687 5626 Dauid,
714 5558 945 5613 Christus
970 5560 1098 5612 venit
1125 5557 1283 5628 (Ibid.
1315 5556 1408 5627 42)
1430 5555 1453 5608 ?
1479 5556 1652 5620 Atque
1677 5548 1811 5601 adeo
1837 5559 2075 5599 commu-

496 5655 580 5710 nis
608 5652 847 5708 omnium
895 5649 1154 5705 sententia
1192 5656 1308 5702 erat
1331 5686 1345 5711 ,
1376 5644 1514 5698 haud
1545 5642 1706 5696 dubie
1743 5639 1888 5693 illinc
1912 5677 1928 5703 ,
1970 5651 2074 5688 non

496 5760 676 5806 autem
703 5762 735 5801 a
762 5745 975 5801 Galilasa
998 5780 1014 5806 ,
1047 5750 1327 5793 venturum
1355 5750 1494 5789 esse.
1542 5754 1545 5757 ·

575 5843 686 5918 Qua
712 5838 971 5897 ocrasione
999 5831 1224 5888 Christus
1249 5837 1397 5881 natus
1421 5827 1473 5881 in
1512 5817 2078 5890 Bethlehem.-ltaque

1123 407 1178 463 5.
1219 400 1493 461 JO.\NNiS
1530 393 2000 453 CllRYSOSTOill
2040 388 2356 446 ARClllEP.
2399 377 2930 442 CONSTANTINOP.

3555 368 3654 421 255%

2081 521 2202 562 cum
2249 500 2443 570 Joseph
2493 509 2546 555 et
2594 497 2777 561 Maria,
2825 495 2970 549 cives
3009 489 3429 552 Bcthlehemiim,
3484 487 3662 540 ri-lii-ta

2083 597 2248 668 patria
2278 596 2329 648 in
2361 591 2618 648 Nazareth
2650 589 2808 642 vitam
2858 601 3005 639 suam
3053 582 3422 642 instituissent,
3471 587 3526 633 et
3565 580 3670 632 illic

2083 693 2560 750 cominorarentur,
2593 691 2648 735 ut
2691 679 2935 733 videlicet
2977 691 3119 744 sa‘pc
3145 674 3324 728 multis
3370 671 3672 725 hominibus

2087 796 2184 834 usu
2215 778 2397 832 venire
2421 775 2578 839 solet,
2608 771 2694 842 qui
2727 786 2758 824 e
2784 768 3109 832 cititatibus,
3140 765 3278 819 unde
3305 773 3478 816 ortum
3510 762 3673 816 duxe-

2091 879 2230 934 rant,
2259 868 2604 937 emigrantes,
2632 863 2683 916 io
2719 860 2836 914 aliis
2869 861 2918 912 in
2949 856 3228 928 quibusab
3254 855 3405 908 initio
3428 855 3534 907 nati
3563 869 3670 906 non

2094 961 2319 1024 fuerunt,
2342 965 2765 1017 commercatur;
2799 957 3180 1022 oporteretque
3200 945 3470 1000 Christum
3490 945 3541 998 in
3570 944 3674 998 Bc-

2096 1054 2328 1108 thlehem
2363 1049 2505 1104 nasci
2532 1067 2544 1100 :
2571 1047 2696 1102 exiit
2727 1046 2982 1105 edictum,
3014 1040 3179 1109 quod,
3201 1041 3308 1094 Deo
3337 1040 3404 1093 ita
3434 1048 3680 1092 statuen-

2098 1155 2168 1210 le,
2201 1146 2358 1198 etiam
2391 1141 2582 1196 invitos
2614 1139 2755 1192 illam
2806 1137 2857 1190 in
2889 1135 3069 1189 urbem
3101 1133 3372 1201 compulit.
3404 1131 3514 1185 Lex
3537 1128 3684 1183 enim

2098 1253 2214 1306 qua:
2237 1234 2456 1306 jubebat
2482 1243 2912 1298 unumquemque
2941 1227 2991 1279 in
3015 1226 3179 1294 patria
3211 1238 3302 1276 sua
3335 1238 3527 1276 nomen
3559 1236 3689 1290 pro-

2105 1330 2258 1394 literi,
2281 1327 2457 1395 adi-git
2485 1339 2579 1379 eos
2608 1337 2637 1375 a
2668 1319 2927 1375 Nazareth
2954 1318 3141 1387 pedem
3165 1315 3353 1371 eﬂerre
3369 1323 3424 1368 et
3449 1315 3500 1368 in
3519 1312 3690 1367 Beth-

2105 1423 2275 1477 lehem
2328 1419 2504 1473 redire
2530 1417 2596 1471 ad
2636 1430 2830 1470 nomen
2888 1414 2994 1468 illic
3049 1425 3202 1465 sumn
3252 1406 3694 1464 describendum.

2108 1517 2218 1570 Hoc
2246 1530 2372 1584 ergo
2414 1511 2754 1565 subindicans
2791 1505 3115 1576 evangelista
3154 1503 3269 1557 ait:
3299 1499 3537 1554 Ascendit
3573 1515 3701 1568 ergo

2106 1610 2296 1678 Ioseph
2340 1625 2370 1661 a
2412 1606 2625 1660 (inlitam
2660 1619 2721 1657 ea:
2751 1603 2948 1656 civitate
2986 1596 3244 1651 Nazareth
3273 1596 3324 1648 in
3352 1592 3612 1656 Iudazam,
3642 1591 3704 1644 iis

2109 1705 2355 1757 civitatem
2395 1700 2578 1764 David,
2615 1713 2728 1769 qua:
2754 1704 2954 1750 uocatur
2982 1691 3293 1754 Bethlehem,
3315 1704 3372 1740 eo
3399 1685 3531 1757 quod
3565 1692 3708 1738 esset

2111 1796 2172 1849 de
2201 1795 2350 1847 domo
2384 1801 2428 1845 et
2472 1789 2669 1859 familia
2699 1786 2865 1841 David
2897 1801 2914 1839 :
2943 1794 2996 1838 ut
3040 1784 3356 1852 proﬁteretur
3385 1795 3502 1831 cum
3527 1775 3709 1829 Maria

2114 1889 2418 1957 desponsata
2443 1885 2537 1937 sibi
2557 1899 2714 1936 uxore
2730 1887 3037 1950 praegnante.
3061 1876 3276 1930 Factum
3297 1883 3366 1928 est
3382 1881 3565 1936 autem,
3586 1885 3711 1924 cum

2113 1990 2271 2036 essent
2297 1980 2385 2045 ibi,
2410 1977 2604 2048 impleti
2627 1986 2742 2030 sunt
2769 1975 2894 2040 dies,
2917 1982 2971 2026 ut
2993 1982 3204 2041 pareret,
3252 1981 3299 2024 et
3324 1969 3516 2039 peperit
3538 1967 3710 2035 ﬁlium

2117 2090 2264 2128 suum
2295 2069 2682 2144 priuwgenitum
2709 2066 2856 2137 (Luc.
2887 2065 2942 2118 2.
2968 2065 3110 2134 4-7).

2189 2168 2242 2222 5.
2275 2165 2496 2230 Vidisti,
2527 2162 2740 2224 dilecte,
2771 2159 3137 2230 providentem
3165 2154 3255 2209 Dei
3292 2150 3714 2207 administratio~

2123 2273 2264 2319 nem.
2295 2272 2391 2326 per
2436 2253 2677 2308 inlidcles
2715 2261 2876 2321 atque
2905 2237 3086 2304 ﬁdeles
3111 2263 3174 2302 ea
3203 2261 3321 2316 quze
3361 2243 3427 2297 ad
3457 2257 3516 2297 se
3547 2241 3718 2312 perti-

2124 2358 2250 2404 nent
2277 2345 2634 2415 dispensantis
2666 2360 2680 2398 :
2713 2355 2903 2410 nempe
2932 2340 3115 2393 utvim
3147 2335 3541 2406 potentiamque
3567 2334 3717 2402 ejus,

2123 2440 2270 2509 quia
2301 2451 2432 2491 vero
2477 2436 2643 2504 ipsius
2681 2434 2822 2486 cultu
2869 2430 3028 2486 alieni
3083 2438 3226 2492 sunt,
3277 2434 3590 2497 agnoscant.
3642 2423 3715 2477 Et

2126 2530 2275 2585 stella
2301 2527 2514 2598 quidem
2546 2538 2726 2596 magos
2764 2523 2832 2578 ab
2857 2521 3075 2578 Oriente
3118 2520 3360 2590 perduxit
3404 2516 3629 2588 (Matth.
3653 2515 3717 2569 2.

2129 2624 2181 2676 1.
2215 2631 2260 2675 et
2287 2620 2344 2693 Ξ)
2371 2637 2385 2686 ;
2411 2629 2465 2674 at
2493 2619 2577 2673 lex
2609 2617 2826 2672 Mariam
2859 2617 2908 2669 in
2942 2613 3168 2684 patriam
3196 2627 3227 2666 a
3255 2609 3529 2682 prophetis
3573 2623 3720 2678 pra:-

2128 2711 2321 2766 dictam
2377 2709 2553 2762 traxit.
2601 2707 2734 2762 llinc
2773 2706 2924 2761 nobis
2986 2704 3261 2760 evidenter
3305 2711 3512 2756 constat
3555 2701 3725 2755 etiam

2129 2799 2400 2869 Virginem
2427 2798 2592 2868 ipsam
2619 2813 2682 2852 ex
2715 2811 2910 2867 genere
2939 2794 3187 2848 Davidico
3215 2792 3392 2846 fuisse.
3428 2791 3554 2844 Nam
3584 2790 3632 2842 si
3650 2804 3728 2844 ex

2132 2890 2440 2945 Bethlehem
2467 2897 2642 2943 ortum
2668 2887 2838 2951 duxit,
2873 2886 3214 2940 manil'estum
3244 2892 3354 2947 est,
3383 2879 3521 2952 quod
3548 2880 3720 2934 etiam

2132 2997 2202 3036 ex
2231 2981 2391 3036 domo
2415 2987 2468 3034 et
2494 2978 2688 3032 familia
2721 2976 2882 3031 David
2923 2975 3100 3030 fuerit.
3133 2973 3286 3040 Quod
3317 2974 3440 3028 item
3470 2973 3724 3040 superius

2135 3071 2416 3128 manifeste
2445 3071 2626 3125 docuit
2653 3069 2996 3138 evangelista,
3037 3082 3157 3122 cum
3183 3066 3337 3131 dixit,
3366 3063 3599 3117 Ascendit
3624 3079 3734 3115 au-

2136 3176 2233 3219 tem
2260 3174 2308 3218 et
2334 3162 2526 3232 Ioseph
2555 3178 2618 3216 ea:
2647 3159 2861 3215 Galilcea
2889 3177 3002 3212 cum
3033 3158 3228 3223 Maria,
3255 3174 3312 3210 eo
3337 3157 3468 3224 quod
3509 3164 3634 3208 esset
3662 3169 3737 3207 ex

2137 3255 2287 3310 domo
2324 3264 2370 3308 et
2407 3254 2606 3326 familia
2647 3251 2812 3306 David
2842 3250 2994 3322 (Luc.
3022 3251 3076 3304 2.
3104 3251 3182 3320 4).
3227 3248 3358 3303 Nam
3382 3262 3506 3301 cum
3534 3245 3740 3300 seriem

2139 3348 2318 3417 stirpis
2369 3346 2566 3416 Ioseph
2611 3343 3002 3408 recensuisset,
3051 3341 3209 3412 hujus
3261 3352 3442 3394 autem
3494 3336 3741 3407 majores

2140 3455 2298 3495 nemo
2342 3446 2399 3492 ut
2445 3437 2583 3492 illius
2629 3442 3040 3501 enumerasset,
3087 3447 3156 3488 ne
3202 3432 3325 3486 hinc
3361 3430 3454 3484 tibi
3509 3427 3735 3482 dubita—

2143 3533 2217 3585 tio
2245 3529 2495 3594 oriretur,
2544 3544 2606 3584 ac
2643 3527 2868 3591 diceres,
2917 3523 3057 3580 unde
3097 3537 3226 3592 ergo
3265 3519 3547 3574 manifeste
3593 3527 3742 3587 patet

2144 3623 2304 3679 etiam
2331 3623 2498 3690 ipsam
2521 3634 2551 3673 e
2580 3603 2741 3672 David
2771 3627 2943 3671 ortam
2965 3616 2988 3667 ?
3009 3613 3218 3668 audies.
3245 3609 3311 3664 In
3333 3626 3522 3670 mense,
3547 3609 3743 3678 inquit,

2145 3727 2286 3772 sexto
2330 3715 2510 3768 missas
2556 3723 2628 3766 est
2675 3713 2882 3781 angelus
2925 3707 3132 3763 Gabriel
3175 3724 3205 3758 a
3234 3704 3342 3758 Deo
3385 3705 3437 3757 in
3479 3703 3740 3756 civitatem

2149 3809 2400 3874 Catilinae,
2439 3807 2522 3861 cui
2565 3822 2744 3859 nomen
2775 3801 3056 3867 Nazareth,
3089 3801 3156 3853 ad
3183 3799 3426 3869 virginem
3463 3798 3744 3864 desponsa-

2148 3913 2251 3956 tam
2295 3903 2420 3966 viro,
2471 3900 2552 3953 cui
2597 3914 2778 3952 nomen
2829 3905 2934 3948 erat
2984 3892 3193 3962 Ioseph,
3261 3892 3324 3943 de
3375 3888 3524 3941 domo
3571 3887 3744 3939 David

2151 3995 2325 4068 (Luc.
2375 3994 2427 4046 1.
2475 3992 2565 4047 26.
2610 3990 2676 4044 27
2709 3992 2746 4061 ).
2801 3989 2930 4054 Qua:
2982 3983 3172 4046 verba,
3223 3983 3288 4035 de
3333 3983 3484 4034 domo
3537 3975 3746 4040 Dauid,

2151 4083 2459 4156 accipienda
2487 4091 2612 4136 sunt
2657 4092 2922 4150 tamquam
2948 4077 3018 4132 de
3059 4076 3269 4144 Virgine
3307 4073 3468 4137 dieta,
3518 4068 3657 4140 quod
3685 4077 3745 4121 et

2155 4180 2243 4234 hic
2271 4176 2551 4232 manifeste
2580 4173 2863 4228 indicatum
2894 4179 2995 4224 est.
3029 4171 3202 4237 Atque
3231 4165 3330 4218 hac
3353 4164 3420 4218 de
3448 4177 3606 4216 causa
3628 4159 3748 4213 edi-

2158 4279 2300 4324 ctum
2333 4277 2388 4323 et
2414 4268 2498 4322 lex
2529 4266 2616 4320 illa
2649 4263 2976 4334 promulgata
3009 4258 3124 4323 fuit,
3170 4272 3288 4327 qua:
3313 4269 3407 4310 eos
3435 4254 3486 4308 in
3532 4251 3750 4306 Bethle-

2159 4360 2282 4415 hem
2327 4358 2546 4413 duceret
2574 4374 2587 4410 :
2615 4355 2772 4410 simul
2805 4364 2966 4422 atque
3005 4349 3147 4405 enim
3175 4350 3225 4402 in
3256 4347 3522 4402 civitatem
3563 4357 3744 4396 ascen-

2161 4451 2388 4514 dissent,
2419 4447 2699 4505 confestim
2739 4447 2897 4500 etiam
2941 4442 3097 4498 Iesus
3127 4440 3362 4494 nascitur
3391 4454 3406 4490 :
3436 4451 3499 4490 ac
3529 4433 3759 4505 proinde

2162 4545 2321 4602 etiam
2353 4544 2406 4596 in
2459 4539 2685 4612 praesepi
2713 4537 3038 4599 reclinatur;
3068 4531 3207 4603 quod
3252 4529 3481 4598 undique
3510 4525 3662 4580 multi
3691 4538 3763 4578 eo

2165 4635 2584 4698 concurrissent,
2636 4640 2691 4686 et
2734 4629 2848 4684 loca
2893 4633 3376 4696 praeoccupassent,
3427 4631 3760 4688 magnasque

2166 4725 2464 4783 divertendi
2508 4721 2776 4794 angustias
2823 4719 3124 4776 effecissent
3152 4735 3163 4769 :
3191 4730 3298 4785 quo
3339 4713 3390 4765 in
3436 4711 3556 4766 loco
3595 4709 3764 4762 etiam

2171 4821 2310 4890 magi
2342 4820 2490 4874 illum
2529 4817 2907 4871 adoraverunt.
2937 4810 3004 4866 Ut
3029 4820 3206 4862 autem
3239 4805 3483 4876 (hujusce
3509 4802 3638 4868 dici)
3679 4799 3764 4852 di-

2172 4911 2481 4967 lucidiorem
2509 4906 2684 4960 adhuc
2707 4900 3212 4958 demonstrationem
3243 4893 3545 4954 exhibeam,
3573 4889 3766 4943 vestris

2177 5017 2388 5057 mecum
2413 4997 2686 5066 adsurgite
2711 4994 2941 5056 animis;
2973 5005 3092 5044 nam
3122 4987 3411 5056 longiorem
3439 4998 3620 5037 rerum
3651 4996 3763 5034 me-

2174 5095 2399 5149 moriam
2445 5088 2678 5143 excitare
2707 5094 2762 5139 et
2807 5082 3009 5152 priscas
3052 5079 3192 5148 leges
3235 5077 3459 5130 recitare
3499 5071 3680 5131 statui,
3711 5077 3763 5122 nt

2175 5204 2239 5244 ex
2268 5185 2411 5242 omni
2445 5193 2594 5254 parte
2636 5180 2786 5234 vobis
2822 5176 3116 5230 orationem
3160 5179 3397 5224 nostram
3440 5163 3766 5220 manifestio-

2177 5296 2290 5334 rem
2318 5277 2557 5332 reddam.

2249 5373 2358 5429 Lex
2384 5371 2683 5425 Iudteorum
2704 5365 2935 5437 quadam
2953 5361 3260 5429 antiqua.—
3277 5356 3385 5410 Lex
3409 5362 3523 5407 erat
3549 5350 3764 5412 Iudaeis,

2180 5481 2348 5537 eaque
2394 5465 2705 5534 pet-antiqua
2735 5474 2749 5510 :
2781 5455 2874 5510 sed
2905 5468 3022 5522 age,
3052 5447 3228 5521 potius
3269 5446 3430 5517 paulo
3469 5442 3628 5496 altius
3653 5454 3766 5492 scr-

2185 5531 2406 5614 monein
2423 5564 2744 5623 repetamus.
2769 5547 2887 5615 Quo
2911 5556 3148 5612 tempore
3169 5541 3235 5594 ab
3253 5535 3580 5609 Egyptiacis
3602 5531 3774 5587 turbis

2184 5659 2238 5704 et
2263 5648 2483 5704 barbara
2512 5641 2802 5699 Pharaonis
2832 5633 3108 5709 tyrannide
3139 5631 3483 5685 llebrmurum
3517 5624 3768 5694 populum

2187 5741 2326 5796 Deus
2370 5737 2652 5799 liberavit;
2683 5731 2867 5789 videns
2893 5729 3037 5798 ipsos
3078 5721 3361 5792 impietatis
3387 5718 3562 5772 adhuc
3590 5728 3772 5768 secum

2190 5832 2435 5901 reliquias
2461 5831 2687 5894 habere,
2724 5826 2989 5892 rebusque
3027 5814 3275 5871 omnibus
3300 5811 3399 5866 sub
3443 5821 3659 5866 sensum
3687 5820 3772 5857 ca-
