4062 6206
388 245 494 299 33';

383 359 631 414 dentibus
659 360 724 414 ad
769 363 1023 418 insaniam
1058 380 1222 435 usque
1251 368 1508 427 addictos.
1547 376 1967 446 templormnqne

379 451 757 521 magnitudinis
806 470 868 509 ac
935 456 1344 525 pulchritudinis
1398 461 1748 521 admiratione
1795 469 1960 532 duci,

379 542 632 612 templum
683 544 809 613 ipsis
851 545 1102 602 aadilicari
1146 550 1417 620 praecipit,
1464 553 1604 624 quod
1651 571 1754 610 non
1804 557 1962 612 modo

374 634 612 687 materiae
655 636 1043 705 magnificentia
1092 651 1251 709 atque
1294 643 1422 697 artis
1466 645 1736 714 varietate,
1785 649 1878 703 sed
1907 659 1961 705 et

369 733 652 779 structurae
677 725 867 794 forma,
887 738 1078 784 czctera
1107 733 1304 800 omnia,
1333 751 1448 803 quae
1477 735 1670 807 ubique
1696 748 1954 795 terrarum

365 825 518 869 erant
565 817 782 887 templa,
830 818 1158 877 obscuraret.
1205 823 1272 878 Et
1311 829 1753 896 quemadmodum
1806 843 1956 902 pater

364 906 652 962 liberorum
680 924 867 966 amans
894 912 1057 967 lilium
1088 916 1398 986 proﬂigatis,
1428 922 1762 991 perniciosis,
1795 923 1951 980 lasci-

363 998 443 1052 vis
489 998 794 1056 hominibus
823 1019 998 1070 usum,
1045 1008 1314 1079 nimioque
1344 1011 1468 1066 luxu
1513 1012 1850 1082 (Ιίεευιιιιιιιι),
1884 1017 1950 1072 ad

358 1105 420 1145 se
465 1089 623 1162 longo
655 1096 908 1164 temporis
947 1097 1227 1154 intervallo
1271 1100 1556 1170 recipiens,
1591 1113 1703 1159 tuto
1745 1113 1947 1162 etcum

360 1182 620 1253 dignitate
645 1185 697 1240 in
721 1187 910 1258 majori
937 1204 1114 1244 rerum
1140 1191 1456 1247 abundantia
1479 1197 1772 1262 constituit,
1797 1215 1866 1255 ne
1893 1200 1944 1253 in

356 1277 628 1347 angustias
671 1278 873 1350 aliquas
916 1281 1206 1352 conjectus,
1257 1285 1492 1354 priorum
1537 1288 1941 1355 recordatione,

350 1376 511 1437 atque
535 1368 696 1423 etiam
743 1371 1030 1440 cupiditate
1057 1374 1376 1444 corripiatur
1405 1393 1420 1429 :
1450 1376 1519 1430 ita
1552 1377 1693 1433 Deus
1729 1379 1943 1436 Judzeos

348 1460 415 1515 ad
466 1475 554 1516 res
599 1463 825 1519 sensiles
870 1481 990 1520 cum
1052 1477 1268 1535 stupore
1314 1484 1608 1540 propensos
1652 1473 1855 1539 videns,
1887 1474 1940 1528 in

347 1549 494 1606 hisce
525 1553 654 1623 ipsis
683 1554 842 1610 rebus
884 1559 1374 1625 prxstantissimum
1414 1562 1610 1632 aliquid
1655 1563 1837 1628 elﬁcit,
1872 1580 1938 1620 ne

345 1657 596 1712 umquam
628 1655 811 1714 postea
859 1646 1230 1719 Egyptiorum
1275 1662 1365 1706 aut
1411 1667 1596 1708 eorum
1631 1671 1748 1724 qua:
1797 1656 1935 1725 apud

346 1732 629 1804 Egyptios
685 1739 888 1806 experti
960 1738 1204 1809 fuerant,
1267 1743 1554 1812 cupiditate
1617 1757 1935 1814 caperentur

345 1825 364 1894 (
391 1825 559 1880 Exod.
612 1826 722 1898 26)
758 1847 771 1883 :
805 1830 1165 1902 templumque
1215 1834 1345 1904 ipsis
1401 1837 1584 1891 statuit
1629 1837 1695 1892 ad
1748 1839 1932 1894 mundi

337 1917 628 1986 exemplar,
653 1919 920 1988 totiusque
943 1925 1194 1991 universi,
1243 1935 1349 1980 tam
1389 1927 1529 1996 quod
1559 1943 1742 1993 sensu,
1770 1946 1928 2001 quam

337 2009 480 2078 quod
505 2011 622 2066 solo
651 2012 922 2069 intellectu
961 2017 1162 2088 percipi
1205 2026 1398 2086 potest.
1429 2018 1575 2074 Sicut
1615 2021 1756 2075 enim
1786 2030 1926 2076 terra

331 2109 433 2164 est,
463 2108 518 2155 et
536 2102 746 2169 caelum,
776 2112 832 2158 et
872 2105 1124 2172 medium,
1154 2109 1433 2179 sepimenti
1479 2112 1664 2178 instar,
1709 2112 1811 2168 hoc
1838 2115 1927 2168 lir-

329 2202 661 2248 ammentum
698 2214 711 2249 :
741 2197 811 2250 ita
839 2207 891 2251 et
924 2199 1052 2253 illud
1081 2216 1292 2272 quoque
1319 2203 1431 2257 licri
1469 2204 1650 2273 jussit.
1678 2206 1924 2277 Duasque

326 2284 380 2339 in
425 2295 602 2355 partes
632 2287 802 2341 diviso
844 2289 944 2343 hoc
976 2293 1194 2361 templo,
1241 2302 1294 2348 et
1337 2294 1402 2349 ad
1441 2295 1674 2350 medium
1704 2297 1922 2353 obtento

323 2376 465 2442 velo,
509 2392 628 2430 eam
663 2387 888 2447 partem,
923 2397 1040 2449 quae
1079 2391 1227 2437 extra
1275 2385 1448 2440 velum
1497 2396 1628 2451 erat,
1673 2390 1920 2444 omnibus

320 2466 653 2537 ingrediendi
684 2478 1001 2538 potestatem
1054 2474 1178 2529 fecit
1210 2493 1223 2529 :
1254 2475 1320 2530 ad
1361 2477 1582 2532 alteram
1613 2495 1740 2533 vero
1772 2481 1914 2535 illam

322 2556 629 2612 interiorem
675 2559 912 2627 nemini,
962 2572 1314 2633 praeterquam
1356 2581 1568 2621 summo
1609 2569 1912 2642 sacerdoti,

314 2649 514 2703 aditum
546 2659 710 2722 atque
736 2653 982 2735 intuitum
1007 2665 1189 2724 patere
1210 2659 1467 2726 permisit.
1488 2657 1748 2714 Caeterum
1772 2663 1910 2731 quod

317 2740 434 2796 haec
465 2758 570 2796 non
619 2752 801 2799 nostra
851 2746 1156 2814 conjectura
1203 2749 1290 2813 sit,
1334 2749 1428 2805 sed
1474 2751 1614 2821 quod
1656 2755 1909 2819 templum

314 2845 498 2884 revera
530 2832 693 2886 totius
722 2833 904 2887 mundi
933 2834 998 2888 ad
1029 2837 1332 2905 exemplum
1371 2849 1697 2894 exstructum
1724 2841 1906 2909 fuerit,

313 2921 439 2974 audi
487 2921 612 2990 quid
666 2921 860 2978 Paulus
889 2923 957 2978 de
997 2925 1212 2980 Christo
1259 2927 1311 2980 in
1355 2929 1540 2983 cazlum
1587 2931 1907 2989 ascendente

311 3011 534 3081 loquens
563 3012 704 3068 dicat
734 3033 746 3068 :
776 3014 897 3070 Non
919 3017 1050 3070 enim
1085 3018 1138 3071 in
1166 3023 1456 3090 manufacta
1478 3032 1655 3076 sancta
1685 3027 1905 3081 introivit

308 3102 556 3170 Christus,
574 3108 883 3174 exemplaria
908 3125 1136 3164 verorum
1163 3110 1346 3182 (Hebr.
1370 3113 1424 3169 9.
1439 3113 1532 3184 24)
1555 3133 1568 3170 ;
1590 3118 1898 3186 ostendens,

311 3195 452 3262 quod
481 3213 600 3266 qua:
646 3199 784 3268 apud
817 3215 914 3255 nos
953 3210 1096 3266 sunt,
1143 3219 1392 3258 verorum
1422 3206 1527 3260 sint
1556 3211 1898 3280 exemplaria.

307 3287 458 3355 Quod
486 3305 644 3358 porro
669 3293 841 3347 velum
867 3294 1140 3350 dirimeret
1167 3306 1349 3351 sancta
1391 3310 1696 3356 sanctorum
1723 3318 1752 3357 a
1779 3319 1901 3358 san-

303 3379 411 3432 ctis
437 3390 584 3434 extra
611 3383 819 3453 positis,
851 3385 986 3439 sicut
1017 3386 1118 3442 hoc
1143 3389 1331 3442 carlum
1375 3405 1494 3460 qua:
1523 3406 1683 3462 super
1710 3411 1768 3449 se
1796 3397 1895 3450 sita

299 3479 447 3535 sunt,
476 3470 544 3526 ab
568 3474 812 3528 omnibus
837 3491 954 3544 qua:
998 3477 1134 3546 apud
1167 3493 1264 3532 nos
1289 3489 1431 3547 sunt,
1462 3482 1712 3553 disjungit
1735 3503 1747 3539 :
1771 3487 1894 3543 audi

295 3562 568 3629 quomodo
608 3564 767 3618 etiam
799 3565 899 3620 hoc
926 3567 1360 3634 subindicaverit,
1408 3587 1529 3628 cum
1559 3576 1746 3629 caelum
1793 3593 1891 3633 ve-

297 3651 411 3704 lum
443 3653 700 3722 appellat.
729 3654 802 3709 De
831 3671 925 3724 spe
975 3673 1200 3727 namque
1246 3660 1502 3726 referens,
1533 3665 1674 3733 quod
1720 3666 1888 3736 ipsam

290 3743 433 3799 sicut
461 3747 746 3801 anchoram
787 3749 979 3803 anima:
1025 3751 1313 3807 habeamus
1340 3769 1499 3810 unam
1527 3772 1591 3812 ac
1634 3759 1840 3814 firmam
1871 3805 1888 3828 ,

289 3833 489 3890 deinde
538 3837 808 3908 snhjttngit
842 3859 854 3894 :
892 3839 952 3892 Et
991 3841 1299 3896 incedentem
1333 3862 1487 3916 usque
1532 3848 1599 3900 ad
1647 3849 1888 3906 interiora

289 3925 600 3992 telaminis;
649 3929 731 3981 ubi
779 3947 1062 4000 prazcursor
1099 3950 1191 4001 pro
1244 3936 1385 3990 nobis
1433 3938 1653 3993 introivit
1695 3941 1882 4010 Iesus,

288 4033 454 4086 supra
475 4019 654 4072 ctelum
670 4037 868 4074 sursum
897 4021 1081 4092 (Hebr.
1101 4024 1153 4078 6.
1179 4025 1266 4080 19.
1292 4027 1406 4098 20).
1438 4028 1598 4084 Vides
1618 4033 1883 4100 quomodo

282 4109 481 4164 Cil'lllm
530 4111 777 4167 velamen
829 4115 1213 4183 appellaverit?
1263 4117 1426 4173 Extra
1473 4121 1646 4176 velum
1703 4135 1881 4180 autem

287 4211 411 4256 erat
438 4203 840 4272 candelabrum,
887 4214 942 4260 et
987 4222 1192 4276 mensa,
1241 4218 1294 4263 et
1334 4211 1500 4267 altare
1546 4229 1764 4281 (ereum,
1811 4218 1879 4272 ad

281 4296 553 4352 sacrificia
593 4306 650 4352 et
694 4298 1120 4356 ltolocautomata
1150 4303 1483 4372 excipienda.
1527 4306 1670 4361 Intra
1700 4309 1875 4364 velum

281 4401 416 4441 vero
465 4401 586 4441 arca
635 4389 975 4444 circnmtecta
1003 4406 1067 4445 ex
1116 4393 1260 4447 omni
1310 4404 1458 4464 parte
1485 4412 1638 4465 auro,
1673 4400 1876 4455 tabulas

278 4478 587 4532 testamenti
607 4478 828 4546 habens,
847 4489 900 4535 et
921 4497 1106 4536 urnam
1134 4499 1372 4550 auream,
1401 4496 1456 4540 ut
1471 4487 1668 4556 virgam
1695 4493 1872 4546 Aaron

275 4583 402 4636 qua:
429 4568 761 4636 fronduerat,
788 4582 840 4626 et
867 4574 1033 4629 altare
1076 4589 1319 4642 aureum,
1353 4592 1456 4631 non
1506 4579 1632 4633 illud
1668 4583 1871 4637 sacrifi-

273 4660 486 4715 ciorum
534 4673 588 4719 et
617 4662 1068 4732 holocaustorum,
1101 4667 1196 4722 sed
1240 4668 1405 4724 solius
1449 4670 1758 4728 suflimenti.
1807 4675 1873 4731 Et

275 4769 378 4823 per
407 4769 470 4808 ea
515 4771 633 4825 qnte
661 4766 810 4812 extra
838 4768 1010 4826 erant,
1037 4761 1287 4816 omnibus
1317 4762 1564 4820 incedere
1607 4765 1686 4820 fas
1713 4783 1865 4836 erat;

270 4862 372 4916 per
402 4861 464 4900 ea
512 4863 639 4902 vero
682 4865 800 4918 qua:
849 4851 1012 4918 intus,
1064 4853 1168 4908 soli
1217 4870 1428 4912 summo
1475 4859 1759 4918 sacerdoti.
1791 4862 1868 4919 De

269 4937 423 4991 hisee
451 4937 580 5006 ipsis
609 4955 790 4994 rursus
823 4944 1181 4999 testimonium
1209 4961 1274 5001 ex
1304 4947 1466 5003 Paulo
1493 4950 1649 5016 dabo,
1673 4955 1760 5023 qui
1789 4956 1866 5012 sic

267 5027 346 5079 ait
378 5043 392 5079 :
428 5026 620 5082 Habuit
659 5031 861 5100 quidem
904 5035 1042 5100 prius
1073 5035 1447 5092 tabernaculum
1474 5041 1865 5111 justiﬁcationes

265 5117 504 5184 cultum,
551 5131 598 5174 et
635 5134 866 5176 sanctum
908 5127 1150 5181 simulare
1193 5128 1363 5197 (Hebr.
1404 5132 1457 5187 9.
1493 5134 1545 5205 1)
1581 5148 1858 5193 :sanctum

265 5209 527 5264 maculare
555 5213 788 5281 appellat
810 5216 1042 5270 exterius
1067 5220 1459 5276 tabernaculum
1491 5242 1502 5276 :
1531 5228 1862 5300 quandoqui-

254 5306 379 5361 dem
418 5307 514 5360 toti
544 5308 745 5361 mundo
781 5305 986 5375 ingredi
1028 5309 1220 5365 licebat
1250 5329 1263 5365 :
1295 5313 1348 5366 in
1373 5331 1470 5384 quo
1499 5319 1858 5377 candelabrum

249 5383 314 5441 ἐι
345 5405 518 5442 mensa
543 5403 588 5443 et
620 5397 897 5463 propositio
926 5415 1133 5468 panum.
1168 5401 1290 5456 Post
1331 5406 1660 5463 velamentum
1690 5425 1854 5468 autent

261 5483 539 5535 secundum
554 5486 948 5557 tabernaculum,
967 5493 1102 5562 quod
1138 5493 1320 5548 dicitur
1338 5508 1511 5552 sancta
1531 5515 1815 5558 sanctorum
1835 5547 1850 5573 ,

260 5587 472 5626 aureum
494 5576 678 5632 habens
695 5579 1026 5651 thuribulum,
1046 5596 1091 5639 et
1111 5603 1281 5641 arcam
1297 5595 1574 5646 testamenti
1591 5595 1853 5653 circumte-

259 5672 391 5715 ctmn
423 5681 481 5717 ex
509 5671 644 5723 omni
689 5685 826 5743 parte
872 5693 1028 5744 auro,
1056 5679 1106 5731 in
1143 5695 1239 5747 qua
1289 5697 1417 5735 urna
1469 5702 1618 5740 aurea
1665 5687 1846 5744 habens

1343 255 1407 309 ΙΝ
1448 257 1610 314 DZEM
1647 259 1972 318 NATALEH
2016 266 2074 319 D.
2118 268 2180 322 N.
2220 271 2383 330 JESU
2422 277 2718 341 CHRISTI.

3561 305 3666 364 356

2081 397 2287 449 manna,
2319 396 2365 440 et
2391 391 2528 459 virga
2555 395 2724 450 Aaron
2748 415 2860 469 quia
2881 401 3194 478 [ronduerat,
3237 424 3282 468 et
3306 415 3489 474 tabula:
3515 433 3663 479 testa-

2074 474 2226 527 menti
2261 491 2279 529 :
2313 495 2466 550 super
2506 499 2617 538 eam
2646 499 2809 543 autem
2837 506 2977 548 erant
3021 499 3284 557 Cherubim
3325 509 3533 578 gloriw,
3571 519 3659 569 ob-

2071 563 2356 622 umbrantia
2401 576 2826 644 propitiatorium.
2874 582 2972 639 His
3015 605 3128 644 vero
3153 593 3225 647 ita
3265 563 3573 670 compositis,
3604 609 3658 662 in

2068 657 2227 724 priori
2249 661 2449 728 quidem
2480 667 2804 726 tabernaculo
2834 691 3028 747 semper
3055 681 3325 742 introibant
3349 657 3651 762 sacerdotes,

2063 751 2425 819 sacriﬁciorum
2466 760 2626 828 officia
2668 779 3106 839 consummantes;
3146 776 3200 830 in
3235 785 3453 839 secundo
3487 800 3655 845 autem

2060 842 2213 895 semel
2236 844 2288 897 in
2324 863 2457 902 anno
2483 851 2619 924 solus
2648 858 2894 928 pontifex,
2929 879 3031 918 non
3055 865 3163 920 sine
3200 877 3463 943 sanguine,
3505 897 3651 949 quem

2070 931 2140 949 ﬂ
2195 944 2204 949 _
2670 947 2696 949 η

2059 931 2205 1038 0/}:ert
2225 952 2317 1036 pro
2345 947 2698 1038 διας-εἰρορωὶ
2724 949 3010 1019 ignorantia
3036 956 3220 1024 (Hebr.
3241 931 3463 1038 9:2-7):

2057 1022 2226 1077 solum
2257 1027 2457 1096 ingredi
2474 1047 2739 1092 summum
2761 1042 3118 1116 sacerdotem,
3140 1049 3298 1122 idque
3317 1022 3480 1114 semel
3503 1059 3650 1116 dum-

2056 1120 2197 1168 taxat
2229 1126 2337 1171 toto
2362 1123 2543 1178 anno?

2121 1206 2176 1259 4.
2207 1206 2400 1264 Verum
2430 1215 2555 1283 quid
2586 1215 2720 1283 haec,
2765 1221 2960 1294 inquis,
3011 1230 3078 1285 ad
3117 1247 3434 1303 praesentem
3464 1243 3644 1302 dietn.’

2051 1293 2370 1367 Exspectate
2417 1306 2703 1378 paulisper,
2760 1293 2858 1369 nec
2907 1293 3298 1382 tumultuemini
3332 1293 3421 1387 ξε
3465 1338 3639 1406 capite

2047 1388 2186 1442 enim
2219 1389 2416 1448 fontem
2445 1395 2711 1469 ducimus,
2740 1413 2792 1459 et
2820 1405 2886 1461 ad
2916 1407 3087 1479 ipsum
3112 1415 3188 1470 rei
3216 1417 3484 1494 fastigium

2047 1481 2228 1538 venire
2263 1489 2656 1558 contendimus,
2685 1504 2742 1550 ut
2792 1510 2984 1557 cuncta
3019 1507 3167 1563 nullo
3213 1481 3427 1584 negotio
3481 1481 3633 1578 vbbis

2043 1579 2224 1667 aperta
2254 1583 2412 1645 atque
2441 1593 2718 1651 perspecta
2748 1587 2876 1644 sint.
2907 1591 3158 1658 Quinimo
3185 1616 3254 1658 ne
3277 1579 3476 1663 diutius
3507 1627 3627 1667 ver-

2041 1660 2227 1717 borum
2255 1666 2632 1738 integumentis
2669 1688 2849 1735 nostra
2880 1684 3226 1748 obumbratur
3261 1699 3454 1766 oratio,
3496 1719 3630 1761 neve

2039 1749 2359 1850 implicatior
2379 1759 2491 1826 ﬁat,
2521 1766 2788 1838 nimiaque
2808 1787 3014 1845 eorum,
3051 1795 3169 1849 qua:
3204 1784 3473 1859 dicuntur,
3505 1794 3624 1850 lon-

2035 1841 2274 1950 gitudine
2297 1847 2660 1922 defatigemini
2687 1875 2700 1910 ε
2724 1859 2836 1929 jam
2854 1841 3113 1925 rationem
3141 1841 3620 1950 νουιεέὲέζᾶηειίιζ,

2034 1945 2130 1987 cur
2153 1932 2268 1990 haec
2308 1942 2506 2008 omnia,
2555 1954 2660 2002 tam
2709 1951 2818 2008 alte
2871 1959 3115 2027 repetita,
3163 1932 3444 2024 moverim.
3491 1973 3620 2042 Qua:

2033 2038 2194 2092 porro
2215 2027 2371 2100 hujus
2399 2035 2474 2089 rei
2503 2039 2671 2094 ratio?
2695 2040 2828 2099 Cum
2853 2063 3065 2107 menses
3080 2053 3191 2122 jam
3237 2074 3331 2116 sex
3379 2027 3618 2124 Elizabet

2029 2114 2284 2228 Joannem
2312 2123 2363 2177 in
2397 2135 2549 2182 utero
2567 2141 2820 2201 gestaret,
2844 2145 2952 2193 tum
2967 2114 3130 2201 Maria
3153 2152 3418 2222 concepit.
3441 2155 3620 2228 Itaque
3653 2221 3656 2223 Α

2027 2209 2072 2264 si
2098 2209 2388 2284 discamus,
2420 2219 2662 2290 quisnam
2691 2236 2873 2285 sextus
2898 2231 2988 2289 ille
3028 2239 3229 2294 mensis
3257 2209 3432 2312 fuerit,
3469 2209 3617 2306 certo

2024 2302 2182 2407 etiam
2210 2307 2468 2378 sciemus,
2500 2317 2712 2385 quando
2736 2325 2960 2394 coeperit
2984 2326 3147 2386 Maria
3173 2337 3475 2407 concipere.
3508 2344 3613 2400 De-

2025 2390 2146 2447 inde
2189 2410 2309 2450 cum
2367 2407 2807 2478 cognoverimus,
2861 2416 3129 2484 quodnam
3179 2390 3471 2498 conceptus
3525 2436 3609 2490 sui

2021 2483 2336 2556 principium
2360 2490 2623 2562 habuerit,
2651 2500 2830 2572 utique
2857 2483 3071 2575 quando
3101 2483 3365 2583 pepererii
3407 2483 3608 2594 cogat;

2018 2588 2250 2645 scemus,
2283 2596 2473 2639 novem
2504 2603 2718 2647 menses
2740 2607 2770 2646 a
2797 2601 3144 2668 conceptione
3173 2588 3533 2670 numerantes.

2084 2664 2369 2765 Zacharias
2396 2691 2493 2744 quo
2524 2689 2745 2750 tempore
2765 2664 3003 2755 angelum
3028 2691 3338 2765 alloquulus.

2016 2753 2195 2862 igitur,
2220 2761 2464 2831 quisnam
2487 2766 2578 2823 ille
2601 2781 2783 2826 sextus
2805 2778 3008 2834 mensis
3037 2782 3194 2840 fuerit
3226 2797 3600 2862 prmgnationis

2011 2842 2272 2916 Elizabet,
2298 2854 2453 2910 nobis
2471 2863 2776 2917 constabit?
2805 2866 2938 2924 Hinc
2967 2873 3190 2944 scilicet,
3219 2842 3263 2934 si
3293 2842 3398 2953 quo
3418 2903 3600 2948 mense

2010 2939 2225 3050 gravida
2245 2942 2647 3050 .ﬁeri‘cmperit,
2678 2954 3056 3027 intelligamus.
3082 2939 3234 3024 Unde
3257 2939 3600 3050 autem,

2009 3027 2098 3082 ille
2126 3030 2303 3100 fuerit,
2331 3035 2706 3098 addiscemus?
2762 3047 2819 3101 Si
2849 3051 3078 3107 sciamus
3101 3072 3207 3126 quo
3236 3027 3597 3135 tctiiporeimj

2011 3130 2118 3174 tum
2151 3123 2252 3179 hac
2273 3127 2340 3181 de
2368 3145 2426 3184 re
2452 3134 2695 3190 nuntium
2723 3137 3006 3199 Zacharias
3036 3123 3151 3217 ejus
3190 3123 3411 3212 maritus
3436 3177 3592 3219 acce-

2006 3218 2162 3315 perit.
2191 3220 2456 3277 Caeterum
2504 3225 2607 3283 hoc
2665 3231 2836 3301 ipsum
2882 3239 3023 3296 unde
3075 3246 3229 3301 nobis
3270 3254 3590 3322 explicatum

2004 3306 2242 3363 erit?Ex
2273 3312 2468 3370 divinis
2497 3316 2786 3390 Scripturis
2811 3344 2823 3380 :
2853 3333 3120 3398 quomodo
3151 3306 3358 3396 sacruui
3411 3306 3590 3403 [ilva—n-

2000 3400 2194 3467 gelium
2225 3404 2387 3462 refert
2413 3408 2684 3469 Zacharire
2708 3422 2943 3476 versanti
2980 3424 3116 3482 intra
3160 3443 3340 3488 sancta
3379 3449 3590 3497 sancto-

1999 3504 2118 3600 rum
2145 3497 2392 3564 angelum
2424 3500 2602 3557 laetum
2629 3508 2869 3566 attulisse
2911 3517 3176 3588 nuntium,
3233 3534 3287 3579 et
3318 3526 3385 3582 de
3434 3543 3588 3600 partu

1997 3581 2218 3638 Joannis
2239 3588 2287 3640 ei
2318 3591 2647 3658 prmdixisse.
2694 3597 2752 3654 Si
2800 3617 2926 3674 ergo
2951 3621 2982 3661 e
3023 3613 3191 3668 sacris
3232 3616 3401 3674 literis
3434 3581 3587 3682 rclare

1995 3672 2352 3747 docuerimus,
2384 3685 2551 3740 semel
2581 3672 3064 3756 dumtaxat—sancta
3094 3717 3397 3766 sanctorum
3438 3730 3585 3772 sum-

1993 3780 2138 3820 mum
2187 3771 2520 3829 sacerdotem
2561 3779 2681 3836 sine
2731 3782 2842 3840 ullo
2889 3792 3084 3848 comite
3135 3796 3360 3869 ingredi,
3399 3814 3582 3878 etquo

1995 3865 2256 3929 tempore,
2290 3873 2343 3920 et
2368 3879 2533 3937 quoto
2575 3873 2705 3929 anni
2731 3892 2917 3936 mense
2939 3922 2955 3949 ,
2981 3886 3132 3941 unica
3161 3865 3243 3944 illa
3269 3895 3383 3951 vice
3410 3865 3579 3955 intro-

1990 3958 2076 4003 eat
2110 3968 2124 4006 :
2154 3953 2209 4007 in
2235 3960 2595 4027 cognitionem
2641 3980 2880 4036 apertam
2915 3981 3194 4048 temporis,
3247 4000 3353 4054 quo
3398 3989 3576 4048 laetum

1989 4041 2135 4097 illum
2178 4049 2418 4105 nuntium
2445 4058 2680 4125 accepit,
2717 4059 3060 4122 deveniemus
3090 4087 3104 4123 :
3143 4087 3247 4141 quo
3263 4041 3573 4149 .dcclarato,

1987 4136 2145 4189 etiam
2175 4140 2495 4212 principium
2521 4153 2888 4222 conceptionis
2915 4160 3156 4226 protinus
3182 4168 3430 4226 omnibus
3457 4173 3573 4228 elu-

1984 4240 2182 4284 cescet.
2237 4230 2420 4303 Itaque
2444 4239 2585 4307 quod
2605 4243 2774 4298 semel
2805 4255 3005 4302 tantum
3033 4251 3084 4305 in
3113 4269 3254 4310 anno
3281 4257 3385 4314 huc
3415 4261 3572 4320 intro-

1986 4317 2170 4418 iretur,
2227 4325 2388 4379 etiam
2420 4327 2612 4385 Paulus
2660 4335 3018 4396 manifestavit
3049 4359 3063 4396 :
3095 4347 3221 4415 quin
3265 4359 3320 4406 et
3360 4317 3570 4428 Moyses

1985 4409 2210 4479 idipsnm
2237 4427 2420 4484 aperte
2451 4423 2702 4488 ostendit,
2739 4426 2840 4484 hoc
2887 4433 3046 4487 modo
3088 4409 3311 4508 loquens
3340 4460 3353 4496 :
3389 4409 3468 4498 Et.
3492 4449 3568 4502 lo-

1979 4513 2162 4569 qualus
2187 4517 2258 4559 est
2307 4506 2555 4567 Dominus
2602 4517 2670 4569 ad
2703 4517 2934 4590 Moysen.
2963 4523 3134 4582 dicens
3162 4506 3198 4584 V:
3247 4529 3476 4604 Loquere
3499 4541 3568 4593 ad

1979 4594 2148 4648 Aaron
2179 4598 2388 4664 fratrem
2417 4613 2578 4665 tuum,
2607 4616 2654 4659 et
2698 4624 2757 4662 ne
2795 4615 2934 4666 omni
2969 4624 3191 4688 tempore
3243 4623 3562 4695 ingrediatur

1976 4689 2340 4755 sanctuarium,
2372 4694 2506 4761 quod
2535 4706 2607 4749 est
2633 4698 2766 4752 intra
2793 4703 2954 4757 velum
2991 4723 3162 4763 coram
3187 4717 3556 4786 propitiatorio,

1974 4779 2110 4847 quod
2137 4790 2209 4835 est
2233 4799 2390 4852 supra
2418 4803 2587 4841 aream
2613 4795 2900 4863 testimonii,
2937 4807 2985 4852 et
3021 4817 3121 4856 non
3148 4806 3390 4861 moriatur
3410 4809 3556 4879 (Leu.

1976 4869 2062 4922 16.
2097 4871 2169 4940 1).
2217 4873 2284 4927 Ει
2312 4875 2503 4931 iterum
2535 4897 2550 4934 :
2582 4879 2646 4934 Et
2667 4887 2830 4939 omnis
2867 4889 3016 4943 homo
3065 4909 3164 4949 non
3194 4899 3286 4951 erit
3309 4898 3362 4951 in
3389 4869 3560 4953 taber-

1973 4962 2154 5016 naculo
2181 4966 2471 5035 testimonii,
2499 4974 2701 5038 quando
2751 4977 2862 5046 ipse
2889 4987 3230 5040 sanctuarium
3275 4992 3549 5060 ingreditur

1969 5052 2038 5104 ad
2064 5054 2402 5124 expiandum,
2432 5060 2590 5115 donec
2617 5068 2903 5136 egrediatur
2924 5088 2945 5136 ;
2973 5083 3020 5127 ct
3060 5077 3279 5146 expiabit
3313 5052 3406 5149 pro
3430 5101 3482 5137 se
3506 5099 3551 5140 et

1969 5143 2118 5197 domo
2147 5163 2259 5214 sua,
2283 5158 2330 5202 et
2379 5168 2470 5220 pro
2519 5157 2743 5213 universo
2780 5173 2908 5216 cmtu
2952 5143 3450 5245 Israelv(lbid.'l7).
3488 5177 3556 5231 lit

1967 5238 2187 5307 expiabit
2211 5257 2366 5311 super
2388 5245 2567 5313 altare,
2597 5251 2732 5316 quod
2756 5263 2828 5306 est
2858 5270 3030 5310 coram
3057 5238 3274 5316 Domino
3297 5238 3420 5334 (Ib;
3437 5269 3547 5338 18).

1966 5325 2045 5381 Ex
2077 5329 2160 5384 his
2189 5331 2370 5401 liquet,
2401 5351 2506 5390 non
2545 5341 2780 5409 quolibet
2827 5354 3064 5417 tempore
3105 5352 3156 5407 in
3185 5367 3368 5412 sancta
3419 5325 3547 5416 sati-

1964 5429 2170 5474 ctorum
2215 5424 2510 5494 ingressum
2543 5430 2724 5499 fuisse,
2752 5445 2804 5489 et
2833 5436 2957 5492 dum
2987 5446 3128 5498 intus
3157 5457 3318 5512 esset,
3346 5454 3544 5508 nemini

1963 5511 2040 5566 fas
2068 5511 2231 5570 fuisse
2263 5533 2323 5572 ea
2354 5521 2662 5592 contingere
2687 5566 2701 5591 ,
2733 5529 2827 5582 sed
2860 5542 3010 5587 extra
3038 5537 3214 5593 velum
3244 5545 3542 5600 consisten-

1963 5601 2087 5658 dum
2118 5603 2300 5662 fuisse.
2326 5609 2520 5667 Verum
2561 5613 2672 5670 hmc
2702 5633 2796 5674 vos
2827 5623 3012 5679 sedqu
3057 5640 3233 5686 mente
3262 5645 3432 5687 vestra
3466 5647 3540 5690 te-

1962 5704 2101 5750 nete.
2156 5698 2430 5766 Reliquum
2463 5705 2600 5759 enim
2634 5719 2732 5775 est,
2783 5721 2837 5765 ut
2879 5716 3141 5784 quodnam
3177 5721 3300 5775 illud
3335 5734 3556 5792 tempus.
