4062 6206
485 287 588 346 357

487 403 666 467 Tulerit,
699 415 802 470 quo
832 399 976 453 solus
1004 395 1400 468 iugrediebatur
1437 396 1488 450 in
1521 403 1699 450 sancta
1741 405 2068 458 sanctorum,

486 491 646 562 idque
673 490 838 545 semel
871 491 1147 544 dumtaxat
1190 487 1242 543 in
1279 503 1442 550 anno,
1489 487 1642 542 vobis
1691 487 2070 541 demonstrem.

487 587 600 653 Qun
629 583 833 637 ratione
864 591 1040 636 autem
1073 579 1174 636 hoc
1205 579 1442 650 patebit?
1471 580 1546 634 Ex
1593 579 1780 633 eodem
1825 577 2072 632 nimirum

487 675 590 730 ilut‘.
623 676 756 728 libro
803 689 816 726 :
860 674 927 728 ita
959 674 1099 727 etaim
1131 671 1364 727 dicitur:
1401 671 1575 725 Mense
1603 673 1834 740 septimo,
1881 670 2075 723 decima

486 767 575 820 die
601 767 804 829 mensis,
835 764 1164 818 humiliabitis
1191 763 1388 818 animas
1436 772 1641 828 vestras,
1671 771 1716 816 et
1758 777 1905 816 omne
1945 775 2074 830 opus

485 872 586 910 non
611 857 808 925 [arietis
837 857 974 910 :sive
999 856 1262 925 indigena,
1288 855 1390 910 sive
1415 855 1626 918 advena,
1651 853 1738 925 qui
1760 853 1966 906 additur
1994 852 2074 906 in-

486 963 560 1002 ter
580 966 684 1004 vos.
716 947 778 1002 In
807 949 900 1002 hac
917 950 1046 1001 enim
1077 949 1156 1000 die
1185 947 1406 1016 expiatio
1436 948 1526 1000 erit
1555 947 1722 1010 vestri,
1755 955 1810 998 ut
1836 945 2074 998 emunde-

485 1041 609 1094 mini
636 1043 698 1094 ab
723 1041 952 1094 omnibus
973 1041 1188 1110 peccatis
1215 1040 1388 1093 vestris
1417 1053 1437 1092 .'
1463 1055 1634 1092 coram
1672 1037 1892 1092 Domino
1927 1053 2074 1090 mutt-

487 1133 684 1186 demini
703 1147 722 1185 .°
752 1133 958 1186 sabbata
981 1131 1324 1198 sabbatorum,
1353 1131 1546 1200 requies
1577 1131 1668 1183 erit
1704 1130 1812 1182 hch
1837 1129 1987 1194 vobis,
2027 1137 2074 1182 et

485 1223 812 1278 hmniliubitis
854 1223 1050 1276 animas
1099 1231 1322 1286 vestras;
1360 1222 1547 1286 eritque
1589 1221 1724 1274 vobis
1780 1221 1872 1274 hoc
1911 1219 2076 1290 legiti-

486 1331 622 1367 mum
647 1314 1025 1384 sempiternum.
1069 1311 1308 1383 Expiabit
1333 1323 1498 1366 autem
1524 1313 1775 1374 sacerdos,
1798 1327 1944 1379 quem
1973 1327 2074 1364 un-

484 1407 669 1470 aerint,
699 1417 744 1458 et
770 1405 920 1476 cujus
945 1421 1124 1458 manus
1145 1405 1470 1470 initiaverint,
1505 1415 1558 1456 ut
1581 1403 1864 1458 sacerdotio
1885 1404 2072 1475 funga-

486 1511 570 1550 tur
590 1505 700 1566 post
725 1507 920 1567 patrem
934 1511 1102 1562 suum,
1125 1505 1173 1550 et
1203 1495 1441 1550 induatur
1464 1495 1594 1550 stola
1609 1503 1803 1558 sancta,
1829 1505 1876 1548 et
1900 1497 2076 1565 expia.

485 1589 556 1644 bit
599 1599 776 1644 sancta
809 1599 1118 1654 sanctorum,
1163 1599 1212 1642 et
1252 1587 1633 1642 tabernaculum
1674 1587 1978 1650 testimonii;
2030 1597 2076 1640 et

487 1681 650 1735 altare
670 1681 925 1751 expiabit;
953 1689 996 1733 et
1023 1695 1114 1748 pro
1137 1679 1456 1734 sacerdotum
1483 1677 1719 1750 peccatis,
1765 1687 1812 1730 et
1841 1693 1932 1746 pro
1959 1677 2076 1730 uni-

486 1788 628 1825 verso
657 1769 833 1840 pepuli
856 1781 982 1824 ccetu
1003 1771 1242 1840 expiabit.
1276 1769 1486 1839 Eritque
1511 1770 1605 1822 hoc
1635 1767 1770 1822 vobis
1799 1767 2076 1838 legitimum

486 1863 868 1931 sempiternum,
903 1871 954 1913 ut
1005 1861 1215 1928 expietis
1265 1877 1358 1932 pro
1391 1861 1510 1930 ﬁliis
1539 1859 1706 1913 Israel
1745 1859 1808 1912 ab
1849 1859 2078 1913 omnibus

487 1953 702 2022 peccatis
732 1967 927 2004 eorum.
962 1950 1134 2005 Semel
1154 1951 1206 2005 in
1225 1967 1362 2006 anno
1389 1952 1494 2020 fiet,
1525 1951 1655 2004 sicut
1685 1949 1922 2021 prwcepit
1965 1947 2077 2003 Do-

488 2043 654 2096 minus
677 2041 846 2111 Moysi
866 2039 1051 2112 (Levit.
1092 2043 1294 2117 ili-9.9).
1323 2039 1400 2095 De
1429 2038 1567 2095 festo
1592 2039 2077 2095 Tabernaculorum

491 2133 579 2188 hic.
606 2149 785 2190 sermo
816 2141 900 2188 est
931 2151 944 2186 :
980 2143 1106 2188 tunc
1155 2131 1295 2188 enim
1336 2133 1502 2189 semel
1545 2147 1786 2187 summus
1827 2132 2078 2188 sacerdos

487 2225 774 2294 quotannis
803 2223 1198 2296 ingrediebatur
1230 2241 1243 2278 :
1276 2224 1420 2295 quod
1447 2235 1499 2280 et
1528 2225 1644 2294 ipse
1681 2225 1966 2296 ettplicavit
1997 2223 2079 2280 his

489 2317 692 2382 verbis,
721 2319 972 2388 quoniam
999 2318 1154 2372 semel
1180 2317 1234 2372 in
1247 2335 1384 2372 anno
1404 2319 1504 2374 hoc
1530 2318 1637 2388 ﬁet.

560 2412 614 2467 5.
665 2409 722 2465 Si
767 2425 896 2482 ergo
942 2409 1060 2466 testi
1109 2410 1598 2466 Tabernaculorum
1651 2421 1893 2482 tempore
1934 2409 2079 2464 solus

488 2517 730 2558 summus
776 2501 1029 2558 sacerdos
1073 2503 1370 2572 ingreditur
1408 2503 1460 2558 in
1505 2513 1686 2557 sancta
1733 2511 2076 2566 sanctorum;

488 2609 587 2664 age
625 2593 878 2663 deinceps
917 2592 1283 2660 ostendamus,
1339 2603 1464 2648 tunc
1505 2593 1775 2648 Zacharia:
1829 2593 2076 2663 angelum

486 2685 817 2758 apparuisse,
867 2686 1082 2755 quando
1113 2685 1165 2740 in
1214 2687 1414 2740 sanctis
1457 2695 1762 2741 sanctorum
1795 2697 1947 2742 erat:
1979 2685 2078 2740 soli

487 2777 631 2832 enim
677 2775 776 2848 ipsi
824 2776 1100 2831 incensum
1152 2777 1384 2834 adolenti
1439 2780 1722 2834 visusest:
1751 2779 1898 2834 solus
1951 2793 2080 2834 vero

487 2881 780 2938 numquam
829 2867 1127 2939 ingreditur
1171 2885 1413 2924 summus
1467 2869 1751 2936 sacerdos,
1799 2869 1900 2926 nisi
1952 2879 2078 2926 tunc

489 2960 768 3033 temporis.
815 2961 956 3016 Nihil
1008 2971 1185 3016 autem
1219 2961 1444 3031 impedit
1491 2963 1618 3032 quin
1651 2961 1764 3033 ipsa
1801 2961 2077 3018 audiamus

487 3053 648 3108 verba
679 3054 1044 3125 evangelista.
1077 3053 1198 3107 Fuit
1215 3055 1266 3108 in
1286 3054 1459 3110 diebus
1483 3053 1701 3109 Herodis
1729 3055 1858 3125 regis
1882 3053 2080 3110 Judtea:

488 3145 725 3200 sacerdos
745 3145 951 3217 quidam
981 3146 1181 3200 nomine
1201 3145 1498 3212 Zacharias,
1533 3157 1578 3200 et
1603 3164 1732 3201 uxor
1757 3147 1895 3201 illius
1933 3148 1996 3201 de
2017 3149 2078 3216 ﬁ-

487 3235 650 3290 liabus
675 3235 867 3300 Aaron,
899 3245 944 3290 et
972 3251 1154 3289 nomen
1182 3237 1292 3307 ejus
1325 3235 1554 3290 Elizabet
1599 3236 1747 3306 (Luc.
1777 3237 1827 3292 1.
1865 3237 1940 3308 5).
1967 3235 2076 3289 Fa-

487 3335 624 3380 ctum
648 3335 722 3380 est
745 3335 934 3392 autem,
957 3343 1072 3380 cum
1087 3327 1194 3396 ipse
1213 3326 1493 3380 sacerdotio
1515 3331 1810 3399 fungeretur
1832 3327 1884 3381 in
1903 3328 2080 3382 ordine

487 3417 608 3473 uicis
630 3433 740 3472 sua:
765 3427 883 3473 ante
923 3415 1110 3481 Deum,
1141 3417 1418 3472 secundum
1469 3417 1880 3472 consuetudinem
1907 3435 2077 3472 sacer-

487 3511 632 3578 dotii,
658 3521 792 3564 sorte
813 3509 952 3576 etriit,
981 3519 1036 3563 ut
1056 3511 1316 3564 incensum
1343 3517 1570 3579 poneret,
1599 3509 1855 3580 ingressus
1881 3509 1933 3562 in
1954 3519 2077 3562 tem-

490 3603 628 3668 plum
687 3601 913 3656 Domini.
964 3601 1208 3656 Etomnis
1249 3602 1515 3656 multitudo
1565 3601 1739 3672 pOpuli
1781 3611 1886 3655 erat
1925 3617 2076 3655 orans

489 3691 634 3763 furis,
657 3693 784 3746 hora
803 3693 994 3747 incensi
1015 3693 1173 3764 (Ibid.
1197 3693 1383 3764 8-10).
1407 3693 1520 3750 lloc
1540 3693 1657 3748 loco
1683 3695 1734 3748 in
1763 3693 2074 3748 memoriam

489 3801 706 3849 revova,
731 3785 940 3850 dilecte,
964 3786 1322 3839 testimonium
1347 3785 1498 3850 illud,
1523 3783 1664 3854 quod
1680 3785 1753 3838 ait
1781 3803 1793 3838 :
1823 3783 1890 3837 Et
1915 3785 2077 3837 omnis

487 3877 636 3929 homo
683 3891 780 3930 non
817 3877 912 3928 erit
963 3873 1014 3927 in
1072 3875 1393 3928 tabernaculo
1433 3875 1720 3940 testimonii,
1769 3874 2079 3944 ingrediente

486 3967 599 4038 ipso
614 3967 682 4018 ad
701 3967 1009 4034 expiandum
1038 3967 1088 4019 in
1113 3976 1286 4020 sancta
1316 3975 1636 4032 sanctorum,
1667 3965 1824 4020 donec
1850 3965 2078 4036 egredia-

487 4069 568 4113 tur
593 4057 776 4132 (Levit.
811 4061 896 4114 16.
929 4060 1040 4128 17).
1064 4059 1310 4129 Apparuit
1339 4069 1508 4112 autem
1533 4059 1609 4112 illi
1632 4058 1840 4128 angelus
1867 4056 2076 4112 Domini

485 4162 624 4206 stans
647 4169 678 4204 α
705 4151 895 4206 dextris
925 4151 1100 4204 altaris
1147 4149 1336 4204 incensi
1369 4149 1516 4222 (Luc.
1567 4151 1618 4204 1.
1651 4149 1764 4219 11).
1800 4148 1916 4202 Non
1941 4148 2074 4202 dixit

486 4247 672 4300 altaris
712 4245 1121 4312 sacriﬁciorum,
1173 4243 1266 4300 sed
1294 4245 1470 4297 altaris
1519 4244 1708 4296 incensi
1744 4259 1762 4296 :
1794 4251 2074 4311 prOpterea

484 4337 628 4407 quod
678 4337 846 4391 altare
886 4337 1270 4391 sacriﬁciorum
1335 4347 1388 4390 et
1453 4335 1880 4392 holocaustorum
1943 4333 2074 4388 furis

485 4435 650 4492 esset,
684 4426 825 4480 intus
863 4443 990 4481 vero
1018 4425 1240 4492 incensi,
1267 4437 1320 4478 ut
1369 4425 1448 4478 vel
1474 4425 1616 4488 hinc,
1649 4425 1792 4494 quod
1847 4425 1943 4493 ipsi
1973 4425 2071 4478 soli

484 4519 908 4590 conspiceretur,
941 4529 996 4573 ct
1027 4517 1165 4586 quod
1224 4519 1428 4571 dicatur
1471 4515 1695 4587 νοιιυιιιε
1726 4516 1896 4586 ipsum
1943 4515 2073 4570 foris

483 4623 844 4682 exspectasse,
877 4609 1214 4666 manifestum
1234 4609 1442 4676 evadat,
1473 4609 1522 4664 in
1547 4618 1726 4663 sancta
1765 4619 2068 4662 sanctorum

483 4702 661 4772 ipsum
691 4701 990 4772 ingressum
1021 4701 1206 4756 fuisse.
1235 4699 1300 4753 Et
1331 4701 1557 4754 turbatus
1578 4709 1652 4754 est
1677 4698 1956 4753 Zacharias
1993 4699 2070 4752 vi-

483 4793 627 4860 dens,
646 4803 692 4848 et
707 4795 856 4846 tintor
876 4792 1054 4846 cecidit
1070 4809 1223 4860 super
1243 4793 1430 4862 ipsum.
1461 4791 1600 4846 Dixit
1624 4801 1792 4845 autem
1812 4793 1882 4844 ad
1903 4791 2070 4860 ipsum

481 4885 732 4956 angi-lus:
759 4882 841 4937 Ne
862 4883 1058 4948 timeas,
1083 4881 1336 4936 Zacharia
1355 4897 1374 4945 ;
1395 4883 1634 4945 quoniam
1675 4883 1848 4935 audita
1874 4891 1946 4935 est
1985 4883 2072 4936 de-

484 4977 706 5044 precatio
733 4985 840 5041 tua,
882 4983 928 5028 et
969 4991 1098 5030 uxor
1123 4984 1210 5028 tua
1238 4973 1464 5028 Elisabet
1493 4975 1654 5043 pariet
1684 4973 1773 5027 tibi
1797 4975 1979 5043 ﬁlium,
2025 4984 2072 5027 et

483 5067 678 5121 vocabis
697 5083 874 5120 nomen
905 5068 1013 5138 ejus
1037 5065 1288 5120 Joannem
1313 5063 1418 5136 (Ib.
1445 5065 1530 5120 12.
1553 5065 1664 5138 15).
1683 5065 1748 5119 Et
1778 5076 1890 5119 erat
1932 5065 2070 5135 plebs

481 5168 776 5228 exspectans
805 5156 1109 5211 Zachariam
1144 5173 1162 5211 :
1191 5167 1236 5212 et
1277 5157 1622 5224 mirabantur,
1660 5159 1796 5227 quod
1849 5159 2071 5213 tardaret

483 5249 656 5314 ipsein
687 5249 891 5321 templa.
913 5251 1158 5322 Egressus
1194 5263 1361 5304 autem
1391 5251 1650 5316 innuebat,
1685 5267 1840 5322 neque
1873 5261 2070 5321 poterat

483 5341 619 5408 loqui
635 5341 762 5408 ipsis
783 5341 888 5413 (Ib.
919 5343 1005 5396 2|.
1037 5343 1322 5412 22).\'idcs
1353 5343 1486 5396 intra
1511 5343 1686 5396 velum
1708 5340 2068 5397 fuisse?Ttmc

485 5432 644 5502 igitur
673 5433 814 5486 hunc
855 5435 1031 5488 [mlunt
1067 5437 1304 5488 nuntium
1356 5435 1584 5504 accepit.
1613 5435 1845 5504 Tempus
1891 5443 2066 5487 autem

483 5533 593 5577 tum
620 5533 736 5578 erat
759 5525 874 5580 festi
903 5526 1386 5582 'l‘ahcrnaculorum
1431 5537 1486 5582 et
1507 5527 1700 5598 jejuuii
1735 5545 1747 5581 :
1795 5526 1896 5581 hoc
1921 5527 2065 5581 enim

484 5617 571 5672 illa
615 5617 774 5670 verba
828 5617 924 5669 sibi
975 5619 1198 5683 volunt,
1249 5619 1596 5672 llamiliabitis
1639 5619 1834 5672 animas
1883 5629 2068 5673 vestras

484 5710 668 5779 (Levii.
705 5709 788 5766 16.
837 5707 950 5779 29),
1009 5709 1165 5778 idque
1219 5725 1244 5760 τι
1298 5711 1494 5764 Judaris
1527 5711 1623 5766 sub
1657 5712 1812 5766 linem
1863 5711 2062 5767 mensis

1228 282 1286 337 5.
1324 279 1603 336 JOANNIS
1641 278 2112 335 CHRYSOSTOMI
2155 279 2472 336 AllCHlEP.
2515 279 3050 338 CONSTANTINOP.

3657 281 3762 338 558

2190 393 2538 462 Septembris,
2561 397 2702 464 quod
2720 403 2773 450 et
2795 411 2887 451 vos
2910 397 3194 460 testamiui,
3217 397 3596 452 celebrabatur.
3619 399 3764 454 Ture

2184 485 2326 538 enim
2379 485 2549 554 longis
2585 486 2924 556 copiosisque
2967 487 3294 542 orationibus
3337 489 3388 542 in
3431 487 3640 544 Judaeos
3681 507 3760 542 usi

2182 591 2384 636 sumus.
2415 577 2772 646 importunum
2800 593 2983 632 eorum
3011 578 3269 648 jejunium
3293 591 3626 637 accusantes.
3653 582 3708 636 ll.
3731 600 3762 636 c

2181 685 2308 739 ergo
2335 679 2576 740 tempore
2597 671 2756 726 etiam
2785 671 3024 726 Elisabet‘
3049 688 3179 726 uxor
3199 673 3475 728 Zacharias
3497 679 3762 746 concepit.

2183 761 2249 815 Et
2296 761 2600 815 occultabat
2651 777 2708 816 se
2747 765 3017 818 mensibus
3069 765 3342 834 quinque.
3396 767 3620 822 dicens:
3673 768 3764 824 Sic

2181 853 2305 904 mihi
2329 853 2446 920 fecit
2499 853 2752 908 Dominus
2787 856 2839 908 in
2883 855 3079 920 diebus,
3125 857 3304 924 quibus
3323 861 3542 928 respeait
3569 864 3778 932 auferre

2181 944 2508 1014 opprobrium
2525 963 2688 999 meum
2709 947 2840 999 inter
2867 947 3090 1002 homines
3113 947 3265 1018 (Luc.
3293 947 3343 1002 1.
3366 950 3481 1020 25).
3505 951 3776 1006 Caeterum

2182 1049 2540 1108 opportunum
2573 1053 2716 1094 nunc
2749 1039 2980 1106 videtur,
3013 1051 3070 1093 ut
3095 1042 3440 1096 ostendamus
3491 1053 3778 1112 prtctcrea.

2182 1145 2303 1184 cum
2335 1139 2545 1184 sextum
2579 1129 2688 1200 jam
2721 1145 2958 1185 mensem
3001 1131 3112 1200 ipsa
3137 1131 3394 1186 Joannem
3425 1134 3475 1188 in
3511 1145 3669 1188 utero
3687 1149 3786 1205 ge-

2182 1231 2368 1288 smret,
2392 1221 2608 1277 Mariam
2634 1224 2812 1278 lcrtum
2833 1224 2899 1278 dc
2919 1225 3266 1293 conceptione
3293 1241 3384 1280 sua
3410 1229 3658 1281 nuntium
3683 1245 3782 1284 ac-

2183 1313 2408 1382 cepisse.
2447 1311 2670 1380 Quando
2692 1314 2832 1368 enim
2858 1314 2998 1367 venit
3028 1315 3092 1368 ad
3124 1329 3243 1368 eam
3271 1315 3508 1383 Gabriel,
3531 1327 3588 1371 et
3607 1317 3779 1372 dixit:

2185 1403 2270 1457 Ne
2296 1405 2490 1468 timeas,
2523 1404 2978 1470 Maria;invenisti
2998 1407 3130 1458 enim
3151 1409 3368 1478 gratiam
3407 1409 3551 1475 apud
3579 1409 3776 1465 Deum.

2189 1493 2256 1548 Et
2281 1510 2392 1548 ecce
2419 1495 2676 1564 concipies
2725 1495 2780 1548 in
2807 1506 2965 1560 utero,
2998 1506 3045 1550 et
3062 1497 3229 1564 paries
3263 1499 3448 1566 ﬁlium,
3481 1508 3528 1552 et
3577 1502 3786 1556 vocabis

2185 1603 2364 1642 nomen
2391 1589 2500 1658 ejus
2527 1587 2705 1642 Iesum
2736 1586 2886 1658 (Luc.
2921 1589 2970 1641 1.
3003 1589 3092 1642 50.
3125 1589 3239 1660 51).
3269 1589 3510 1659 Cumque
3535 1591 3652 1660 ipsa
3677 1591 3790 1648 hoc

2185 1693 2434 1734 sermone
2461 1679 2783 1746 turbaretur,
2814 1677 3138 1749 modumque
3157 1679 3273 1749 ejus
3305 1681 3380 1734 rei
3397 1680 3608 1737 discere
3631 1699 3788 1752 quat-

2185 1779 2348 1834 reret,
2403 1771 2736 1840 respondens
2781 1773 3000 1841 angelus
3049 1770 3184 1825 dixit
3229 1773 3298 1826 ad
3347 1788 3508 1828 eam:
3551 1773 3792 1844 Spu'ritus

2184 1871 2389 1916 sanctus
2417 1864 2732 1930 superveniet
2751 1864 2805 1917 in
2827 1874 2892 1928 te,
2923 1872 2970 1916 et
2991 1867 3150 1917 virtus
3177 1865 3424 1918 Altissimi
3459 1867 3796 1923 obumbrabit

2187 1953 2278 2006 tibi
2303 1970 2321 2007 :
2345 1953 2557 2024 ideoque
2586 1963 2634 2008 et
2659 1955 2795 2025 quod
2816 1963 3049 2008 nascetur
3073 1971 3138 2008 ea:
3165 1966 3214 2008 te
3237 1965 3490 2023 sanctum,
3515 1957 3796 2013 vocabitur

2191 2041 2352 2098 Filius
2365 2041 2477 2100 Dei.
2493 2045 2564 2100 Et
2586 2061 2698 2098 ecce
2723 2043 2952 2098 Elizabet
2975 2055 3191 2115 cognata
3217 2057 3322 2110 tua,
3346 2057 3394 2100 et
3417 2049 3532 2115 ipsa
3551 2052 3795 2122 concepit

2186 2135 2352 2204 filium
2381 2138 2432 2188 in
2485 2145 2743 2190 senectute
2779 2153 2872 2190 sua
2897 2151 2916 2190 :
2946 2146 2992 2190 et
3036 2137 3116 2190 hic
3147 2140 3331 2194 mensis
3371 2149 3446 2192 est
3475 2150 3651 2195 sextus
3681 2144 3789 2208 illi,

2186 2239 2301 2294 qua:
2325 2233 2542 2278 vocatur
2590 2227 2794 2290 sterilis,
2841 2228 2960 2294 quia
2999 2243 3098 2280 non
3147 2227 3240 2280 erit
3283 2228 3592 2298 impossibile
3645 2231 3797 2302 apud

2189 2315 2354 2371 Deum
2403 2333 2550 2370 omne
2574 2315 2774 2370 verbum
2821 2315 2980 2386 (Ibid.
3011 2317 3225 2388 55-57).
3256 2319 3406 2387 Quod
3433 2321 3478 2375 si
3503 2337 3636 2392 ergo
3667 2333 3798 2392 post

2187 2423 2424 2462 mensem
2455 2407 2756 2477 Gorpimum
2785 2423 2880 2463 seu
2910 2409 3276 2478 Septembrem
3323 2411 3564 2467 Elizabet
3583 2429 3788 2471 conce-

2189 2498 2286 2570 pit,
2321 2508 2378 2552 ut
2406 2509 2678 2554 ostensum
2707 2509 2788 2554 est
2816 2517 2829 2553 :
2859 2499 3210 2554 adnumerare
3233 2511 3443 2572 oportet
3467 2519 3564 2558 sex
3599 2505 3668 2560 ab
3717 2521 3789 2561 eo

2189 2589 2534 2645 intermedios
2569 2605 2782 2644 menses
2811 2607 2824 2642 :
2855 2600 2977 2644 sunt
2997 2600 3176 2646 autem
3205 2591 3280 2660 hi,
3329 2593 3784 2664 llyperbereteus

2187 2680 2303 2735 sive
2346 2679 2598 2744 October,
2647 2681 2774 2734 Dius
2819 2682 2932 2736 sive
2981 2681 3306 2750 November,
3351 2686 3658 2754 Appellaeus
3687 2703 3788 2743 seu

2189 2769 2501 2838 December,
2525 2770 2828 2826 Audonazus
2849 2787 2943 2827 seu
2968 2771 3272 2842 Januarius,
3301 2775 3528 2832 Peritius
3553 2793 3652 2832 seu
3679 2778 3790 2835 Fe-

2187 2860 2452 2926 bruarius,
2483 2862 2704 2933 Dystrus
2724 2877 2818 2916 seu
2847 2861 3082 2917 Martius.

2260 2953 2613 3025 Conceptionis
2658 2954 2842 3008 mensis
2890 2955 3101 3024 primus.
3124 2983 3198 2995 —-
3238 2955 3419 3027 Itaque
3457 2967 3584 3028 post
3635 2959 3788 3015 hunc

2187 3055 2396 3104 sextum
2425 3061 2664 3102 mensem
2692 3047 3014 3118 principium
3041 3051 3407 3119 conceptionis
3432 3053 3642 3122 accepit
3675 3053 3794 3108 Ma—

2187 3138 2265 3194 ria
2297 3153 2312 3192 :
2345 3153 2374 3192 a
2413 3153 2521 3210 quo
2549 3138 2594 3192 si
2639 3153 2835 3194 novem
2863 3153 3078 3195 menses
3105 3155 3466 3206 numeremus,
3509 3144 3708 3213 utique
3735 3147 3792 3201 in

2189 3239 2504 3300 praesentem
2529 3229 2674 3285 hunc
2703 3245 2944 3285 mensem
2971 3231 3339 3288 deveniemus.
3367 3231 3462 3286 Est
3483 3235 3648 3303 igitur
3671 3239 3796 3306 pri-

2189 3335 2308 3374 mus
2323 3321 2688 3390 conceptionis
2711 3321 2910 3375 mensis
2935 3322 3130 3390 Aprilis
3151 3323 3266 3377 sive
3283 3322 3563 3388 Kanticus,
3583 3326 3791 3382 deinde

2189 3411 2508 3466 Artemisius
2551 3429 2643 3466 seu
2687 3411 2872 3476 Maius,
2895 3411 3080 3466 Desius
3123 3413 3241 3468 sive
3265 3413 3476 3480 Junius,
3509 3415 3790 3472 Panemus

2186 3505 2298 3559 sive
2343 3503 2536 3568 Julius,
2571 3504 2753 3570 Loius,
2783 3505 2898 3558 sive
2927 3505 3218 3574 Augustus,
3251 3505 3532 3576 Gorpiaeus
3559 3523 3656 3564 seu
3689 3511 3790 3566 Sc-

2189 3597 2448 3664 ptember,
2513 3595 2983 3667 liypcrberetu‘us,
3028 3596 3140 3650 sive
3187 3595 3436 3664 October,
3489 3599 3618 3653 Dius
3667 3601 3790 3654 sive

2185 3687 2503 3752 November,
2565 3688 2870 3758 Appelltnus
2934 3701 3027 3740 seu
3088 3687 3398 3742 December.
3467 3692 3646 3760 Atque
3699 3690 3790 3746 hic

2187 3779 2387 3834 mensis
2414 3789 2518 3845 est,
2545 3794 2702 3849 quem
2736 3787 3052 3848 pra-Sentem
3099 3778 3376 3844 habemus,
3407 3795 3516 3849 quo
3541 3791 3598 3836 et
3637 3783 3788 3838 hunc

2185 3873 2327 3928 diem
2349 3873 2704 3928 celebramus.
2737 3871 2805 3927 Ut
2833 3879 3010 3926 autem
3035 3872 3176 3942 quod
3203 3872 3324 3926 dico
3351 3875 3510 3927 etiam
3539 3875 3786 3942 apertius

2185 3965 2337 4020 vobis
2367 3965 2668 4032 clariusque
2707 3965 2912 4028 evadat,
2947 3963 3176 4018 breviter
3219 3963 3332 4018 lucc
3377 3981 3586 4020 rursum
3617 3983 3785 4036 repe-

2187 4067 2322 4121 tens,
2351 4057 2620 4113 dilectioni
2653 4066 2844 4112 vestra:
2875 4057 3188 4111 edisseram.
3217 4057 3394 4112 Semel
3430 4059 3484 4112 in
3521 4075 3663 4113 anno
3693 4061 3784 4114 in-

2184 4147 2524 4218 grediebatur
2553 4147 2698 4203 solus
2723 4163 2964 4201 summus
2989 4147 3240 4202 sacerdos
3273 4149 3322 4201 in
3355 4159 3536 4203 sancta
3565 4161 3786 4206 sancto—

2185 4257 2321 4302 rum,
2373 4239 2532 4310 idque
2586 4239 2833 4309 Gorpiau)
2879 4255 2970 4293 seu
3019 4239 3318 4309 Septembri
3368 4255 3572 4296 mense.
3622 4242 3784 4300 Tunc

2187 4333 2455 4401 ingressus
2497 4341 2580 4388 est
2619 4331 2904 4386 Zacharias
2951 4333 3002 4384 in
3045 4343 3225 4386 sancta
3279 4341 3621 4400 sanctorum,
3651 4343 3786 4391 tunc

2183 4426 2426 4480 nuntium
2469 4426 2536 4481 de
2583 4425 2804 4480 Joannis
2856 4427 3130 4481 uativitate
3181 4427 3384 4481 habuit.
3429 4428 3582 4485 Illinc
3607 4431 3780 4486 abiit:

2183 4527 2308 4572 tunc
2336 4533 2467 4572 uxor
2491 4517 2608 4586 ejus
2638 4518 2901 4586 concepit.
2953 4517 3079 4572 Post
3123 4535 3364 4573 mensem
3413 4529 3590 4574 autem
3635 4523 3782 4576 Gor-

2182 4610 2374 4680 pimum
2413 4625 2506 4664 seu
2546 4609 2934 4678 Septembrem,
2979 4625 3098 4664 cum
3145 4623 3350 4664 sextum
3377 4612 3486 4680 jam
3531 4629 3780 4669 mensem

2183 4703 2296 4771 ipsa
2348 4702 2400 4756 in
2447 4710 2601 4756 utero
2631 4701 2873 4767 haberet,
2905 4703 2993 4772 qui
3043 4701 3246 4758 scilicet
3273 4713 3356 4757 est
3405 4706 3634 4776 Dystrus
3685 4722 3780 4761 seu

2179 4791 2416 4858 Martius,
2449 4793 2561 4862 ipsa
2586 4791 2820 4863 denique
2856 4791 3018 4846 Maria
3052 4794 3315 4862 concepit.
3345 4796 3388 4847 A
3418 4794 3650 4850 Xantieo
3681 4813 3778 4852 seu

2180 4885 2348 4956 Aprili
2387 4885 2548 4956 igitur
2575 4885 2900 4954 incipiendo,
2936 4899 3129 4940 novem
3175 4901 3386 4940 menses
3428 4887 3472 4940 si
3519 4903 3772 4944 notuere-

2181 4993 2314 5042 mus,
2347 4977 2399 5031 in
2443 4985 2760 5045 praesentem
2806 4975 3122 5044 incidemus,
3150 4991 3257 5047 quo
3302 4977 3558 5031 Dominus
3591 4987 3770 5032 noster

2177 5049 2333 5124 Jesits
2357 5066 2601 5123 Christus
2637 5075 2790 5122 natus
2819 5075 2922 5122 est.

2249 5160 2302 5216 6.
2343 5161 2516 5230 Atque
2552 5159 2732 5215 omnia
2767 5159 3001 5230 quidem,
3029 5173 3148 5228 qua:
3177 5159 3244 5214 de
3291 5160 3390 5214 hoc
3417 5159 3506 5214 die
3545 5161 3766 5216 dicenda

2177 5261 2349 5318 erant,
2389 5253 2540 5307 vobis
2579 5253 2834 5307 hactenus
2873 5253 3238 5322 exposuimus.
3273 5251 3444 5307 Unum
3489 5263 3691 5306 tantum
3719 5252 3764 5305 si

2178 5360 2320 5400 nunc
2367 5345 2642 5406 addidero,
2671 5344 2898 5398 orationi
2926 5359 3060 5398 mea:
3107 5343 3268 5398 ﬁnem
3314 5344 3617 5413 imponam;
3649 5359 3768 5414 qua:

2178 5435 2378 5505 majora
2418 5445 2567 5498 sunt,
2614 5435 2882 5488 communi
2934 5433 3140 5489 doctori
3180 5434 3400 5488 dicenda
3437 5434 3764 5504 relinquens.

2247 5525 2493 5590 [nﬁdeles
2521 5525 2816 5581 Christiana
2843 5525 3080 5594 dogmata
3111 5525 3319 5578 irrident
3343 5541 3361 5588 ;
3400 5523 3768 5578 Ilwreticorum

2177 5617 2378 5672 delicta.
2413 5647 2484 5660 -—-
2527 5617 2788 5684 Quoniam
2840 5617 2981 5672 enim
3035 5615 3186 5670 multi
3232 5615 3600 5682 ethnicorum,
3651 5635 3772 5674 eum

2185 5711 2404 5766 audiunt
2439 5711 2601 5768 Deum
2635 5711 2682 5766 in
2717 5725 2876 5766 carne
2905 5717 3106 5778 natum,
3141 5708 3358 5766 irrident
3403 5725 3520 5780 nos,
3549 5721 3606 5766 et
3639 5713 3782 5770 insc-
