4062 6206
405 135 513 194 559

406 253 633 317 πολλοὺς
667 250 779 305 τῶν
802 250 1183 323 ἀφελεστέρων
1218 251 1506 323 θορυϐοῦσι
1553 253 1646 305 καὶ
1686 252 1975 322 ταράττον.

409 360 515 399 σιν·
556 343 854 413 ἀναγκαῖον
907 343 1001 395 καὶ
1046 341 1183 413 πρὸς
1232 340 1495 405 ἐκείνους,
1548 341 1641 394 καὶ
1697 341 1832 410 πρὸς
1860 340 1985 402 τοὺς

406 431 843 506 ταραττομένους
890 432 1087 495 εἰπεῖν,
1126 431 1267 485 ῶστε
1319 431 1394 502 μὴ
1440 428 1785 502 θορυϐεῖσθαί
1833 445 1983 493 ποτε,

408 524 516 578 ὑπὸ
544 523 790 595 ἀφρόνων
810 521 1111 595 ἀνθρώπων
1132 522 1615 594 ἀναπειθομένους,
1640 522 1775 593 μήτε
1795 520 1989 590 ταράτ-

408 617 601 672 τεσθαι
620 618 684 670 ἐκ
708 616 803 671 τοῦ
819 616 926 670 τῶν
950 616 1194 669 ἀπίστων
1211 614 1466 684 γέλωτος.
1488 615 1598 668 Kal
1623 611 1733 683 γὰρ
1748 610 1818 664 τὰ
1834 608 1988 683 [565]

411 708 599 762 τταιδία
623 707 693 761 τά
729 709 899 781 μικρά
922 694 1189 770 ⁵πολλάκις
1217 706 1372 777 γελᾷ,
1392 702 1991 774 σπουδαιολογουμένων

413 800 572 871 ήμῶν
594 802 689 854 καὶ
717 805 845 871 περὶ
887 800 996 853 τῶν
1044 798 1361 867 ἀναγκαίων
1401 796 1838 869 ἀσχολουμένων·
1876 794 1990 848 ἀλλ’

412 893 474 944 οὒ
508 892 607 961 τῆς
631 891 739 945 τῶν
770 890 1097 961 γελωμένων
1140 890 1486 962 πραγμάτων
1528 886 1827 949 εὐτελείας.
1855 885 1991 939 ἀλλά

412 981 515 1051 τῆς
540 980 651 1034 τῶν
679 980 963 1049 γελώντων
988 979 1173 1043 ἀνοίας
1219 980 1518 1049 τεκμήριον
1554 978 1583 1029 ὁ
1608 976 1780 1046 γέλως
1820 974 1990 1028 ἐστίν.

415 1070 596 1144 Ὅπερ
619 1067 712 1125 οῦν
743 1070 838 1124 καὶ
890 1071 984 1124 ἐπὶ
1023 1070 1132 1125 τῶν
1176 1069 1447 1140 Ἐλλήνων
1495 1068 1641 1121 ἐστιν
1686 1068 1881 1129 εἰπεῖν,
1911 1066 1993 1118 ὅτι

415 1162 623 1216 παίδων
680 1162 1037 1234 ἀνοητότερον
1087 1160 1273 1232 σχεδὸν
1303 1159 1634 1230 διακείμενοι
1657 1200 1668 1217 .
1693 1158 1761 1211 τὰ
1793 1157 1995 1229 φρίκης

416 1252 544 1318 ἀξια
575 1251 669 1306 καὶ
698 1252 894 1306 πολλοῦ
924 1251 1198 1323 θαύματος
1226 1251 1465 1322 γέμοντα
1495 1246 1832 1319 διασύρουσι,
1855 1246 1921 1299 τὰ
1940 1245 1995 1298 δέ

417 1342 634 1414 ἀληθῶς
660 1344 1043 1414 καταγέλαστα
1072 1341 1397 1414 σεμνύνουσι
1423 1341 1518 1395 καὶ
1538 1338 1994 1411 περιστέλλουσιν.

430 1432 573 1487 Ἀλλ’
602 1435 755 1506 ὅμως
789 1436 884 1488 καὶ
914 1434 984 1488 τά
1014 1435 1261 1505 ἡμέτερα
1294 1432 1428 1504 παρ’
1460 1430 1690 1495 ἐκείνοις
1715 1427 1999 1499 γελώμενα

420 1525 513 1578 ἐπὶ
538 1527 637 1597 τῆς
670 1525 877 1589 οἰκείας
903 1525 1229 1596 σεμνότητος
1254 1523 1428 1594 μένει,
1461 1522 1611 1576 οὐδὲν
1641 1521 1749 1575 ἀπὸ
1780 1519 1873 1573 τοῦ
1904 1519 1997 1585 γέ-

420 1614 588 1680 λωτος
606 1617 830 1670 ἐκείνων
854 1620 934 1681 εἰς
953 1617 1049 1688 τὴν
1073 1616 1281 1670 ἑαυτῶν
1306 1615 1807 1687 παραϐλαπτόμενα
1820 1611 1996 1677 δόξαν·

424 1706 519 1759 καὶ
540 1704 610 1760 τὰ
635 1706 818 1761 αὐτῶν
834 1706 1171 1777 πανταχόθεν
1196 1688 1654 1777 περιστελλόμενα
1676 1703 1777 1772 τὴν
1796 1701 2001 1754 οἰκείαν

423 1796 815 1867 ἀσχημοσύνην
870 1797 1225 1851 ἐνδείκνυται.
1276 1796 1404 1859 Πῶς
1448 1795 1558 1865 γάρ
1612 1794 1715 1846 οὐκ
1766 1792 2001 1862 ἐσχάτης

426 1887 834 1959 παραπληξίας,
857 1889 1054 1951 αὐτοὺς
1093 1886 1193 1957 μὲν
1220 1886 1529 1949 εὐολίσθους
1555 1885 1898 1956 ὑπάρχοντας
1922 1884 2003 1947 εἰς

426 1979 612 2043 λίθους
642 1978 737 2033 καὶ
771 1978 904 2046 ξύλα
941 1980 1036 2032 καὶ
1071 1978 1264 2049 εὐτελῆ
1293 1977 1457 2043 ξόανα
1499 1978 1625 2040 τοὺς
1657 1975 1865 2029 ἑαυτῶν
1894 1975 2007 2027 είσ-

427 2070 663 2139 άγοντας
682 2069 861 2137 θεοὺς,
881 2070 976 2124 καὶ
1003 2069 1254 2140 καθάπερ
1278 2072 1335 2122 ἐν
1354 2067 1713 2140 δεσμωτηρίῳ
1731 2067 1839 2120 τινὶ
1866 2067 2003 2120 ἀπο-

426 2161 726 2228 κλείοντας,
753 2162 918 2233 μηδὲν
955 2161 1179 2233 αἰσχρὸν
1208 2160 1457 2232 ἡγεῖσθαι
1492 2161 1626 2231 μήτε
1649 2161 1841 2222 ποιεῖν,
1867 2160 2005 2229 μήτε

426 2254 629 2324 λέγειν·
661 2255 794 2326 ήμῖν
827 2252 884 2307 δέ
914 2253 1167 2323 ἐγκαλεῖν
1196 2253 1481 2322 λέγουσιν,
1533 2252 1616 2305 ὅτι
1654 2250 1782 2305 ναὸν
1828 2249 2007 2320 ἐαυτῷ

426 2348 849 2413 κατασκευάσας
876 2349 905 2401 ό
935 2347 1069 2413 Θεὸς
1093 2346 1271 2413 ζῶντα
1303 2348 1368 2401 ἐκ
1392 2344 1710 2417 Πνεύματος
1733 2344 1912 2413 ἁγίου,
1940 2343 2007 2399 δι’

429 2440 595 2497 αὐτοῦ
635 2440 735 2512 τὴν
765 2440 1092 2512 οἰκουμένην
1131 2439 1411 2511 ώφέλησες
1438 2438 1549 2492 Καὶ
1574 2440 1725 2491 ποῖον
1758 2436 2009 2507 ἔγκλημα

428 2531 623 2596 τοῦτο;
650 2531 714 2585 Εἰ
738 2529 849 2603 γάρ
884 2531 1133 2601 αἰσχρὸν,
1162 2531 1219 2582 ἐν
1261 2528 1589 2600 ἀνθρωπίνῳ
1637 2525 1851 2595 σώματι
1878 2525 2010 2578 Θεὸν

430 2620 673 2691 οἰκῆσαι,
697 2619 877 2690 πολλῷ
903 2619 1103 2689 μᾶλλον
1142 2619 1200 2669 ἐν
1223 2617 1356 2687 λίθῳ
1389 2618 1483 2670 καὶ
1510 2616 1675 2686 ξύλῳ,
1707 2616 1800 2668 καὶ
1822 2614 2012 2668 τοσοῦ·

430 2726 544 2776 τον,
572 2711 698 2763 ὅσον
735 2710 883 2772 λίθος
921 2709 1015 2763 καὶ
1051 2707 1208 2772 ξύλον
1258 2709 1581 2779 ἀτιμότερον
1620 2706 1932 2776 ἀνθρώπου,
1963 2707 2012 2758 εἰ

438 2801 514 2874 μὴ
545 2801 655 2871 ἀρα
688 2802 783 2855 καί⁸
802 2799 913 2854 τῶν
937 2800 1278 2872 ἀναισθήτων
1299 2799 1504 2853 τούτων
1527 2798 1668 2852 ὑλῶν
1698 2798 2012 2851 εὐτελέστεο

439 2910 529 2965 ρον
557 2893 618 2947 τὸ
641 2892 798 2962 γένος
818 2892 980 2965 ήμῶν
1014 2894 1198 2956 αὐτοῖς
1226 2888 1366 2944 εἶναι
1386 2891 1557 2944 δοκεῖ.
1592 2889 1756 2943 Αὐτοὶ
1784 2889 1895 2960 γάρ
1918 2890 2015 2944 καὶ

436 2986 525 3050 είς·
566 2983 852 3057 αἰλούρους
910 2985 1005 3039 καὶ
1038 2984 1230 3048 κύνας,
1283 2983 1469 3038 πολλοὶ
1496 2983 1552 3037 δέ
1584 2982 1692 3036 τῶν
1725 2982 2016 3055 αἰρετικῶν

437 3079 529 3131 καὶ
561 3079 641 3141 είς
686 3077 767 3130 ἔτι
827 3062 1048 3130 τούτων⁸
1078 3076 1379 3148 ἀτιμότερα
1414 3075 1508 3130 τοῦ
1563 3074 1699 3130 Θεοῦ
1758 3075 2017 3143 κατάγειν

435 3168 677 3239 τολμῶσι
736 3168 837 3239 τὴν
888 3168 1098 3221 οὐσίαν.
1141 3164 1334 3238 Ἡμεῖς
1379 3168 1437 3221 δὲ
1498 3170 1702 3221 τούτων
1740 3168 1837 3239 μὲν
1868 3168 2018 3221 οὐδὲν

433 3258 556 3315 οῦτε
610 3260 863 3332 λέγομεν,
895 3259 1018 3315 οὐτε
1064 3259 1297 3314 ἀκοῦσαί
1346 3278 1474 3314 ποτε
1515 3260 1580 3315 ἂν
1614 3258 2015 3330 ἀνασχοίμεθα·

437 3355 614 3409 ἐκεῖνο
651 3353 705 3407 δέ
736 3371 938 3424 φαμεν,
972 3353 1053 3406 ὃτι
1094 3351 1343 3424 καθαράν
1383 3352 1563 3424 σάρκα
1600 3353 1694 3405 καὶ
1730 3352 1893 3420 ἁγίαν
1927 3351 2020 3405 καὶ

439 3444 669 3515 ἄμωμον
698 3444 795 3497 καί
818 3442 1063 3515 ἁμαρτίᾳ
1090 3442 1277 3514 ἁπάσῃ
1309 3444 1686 3513 γεγενημένην
1715 3442 1915 3496 ἄϐατον
1955 3444 2021 3495 ἐκ

440 3534 777 3605 παρθενικῆς
800 3535 1014 3607 μήτρας
1037 3533 1294 3589 ἀνέλαϐεν
1316 3535 1609 3606 ὁΧριστὸς,
1628 3535 1721 3587 καὶ
1745 3534 1804 3587 τὸ
1823 3536 2021 3587 οἰκεῖον

438 3624 785 3698 διωρθώσατο
833 3626 1079 3698 πλάσμα.
1114 3628 1373 3681 Κάκεῖνοι
1410 3626 1530 3698 μὲν,
1579 3628 1674 3680 καὶ
1696 3628 1743 3680 οἱ
1772 3626 1843 3680 τά
1873 3626 2012 3680 αὐτά

326 3777 337 3783 η
439 3716 765 3781 ἀσεϐοῦντες
790 3717 975 3781 αὐτοῖς
1013 3719 1338 3789 Μανιχαῖοι,
1387 3720 1466 3782 είς
1510 3717 1678 3783 κύνας
1718 3718 1811 3773 καὶ
1862 3717 2024 3788 πιθή-

441 3825 571 3873 κους
596 3808 690 3862 καί
711 3808 876 3881 θηρία
905 3810 1222 3864 παντοδαπά
1243 3810 1343 3881 τήν
1371 3811 1559 3864 οὐσίαν
1591 3811 1900 3878 εἰσάγοντες
1926 3809 2021 3863 τοῦ

441 3896 580 3951 Θεοῦ
616 3898 752 3970 (τὴν
777 3900 890 3970 γάρ
916 3898 1095 3970 ψυχὴν
1117 3899 1326 3963 τούτοις
1366 3899 1570 3954 ἀπασιν
1604 3900 1670 3952 ἐκ
1706 3899 1805 3969 τῆς
1836 3900 2024 3963 οὐσίας

443 3987 659 4059 ἐκείνης
686 3986 823 4043 εἷναί
854 3991 1134 4059 φασιν),οὑ
1155 3991 1467 4062 φρίττουσιν
1496 3992 1618 4045 οὐδέ
1646 3991 2021 4057 καταδύονται,

442 4082 593 4153 ἡμᾶς
619 4081 675 4134 δὲ
704 4080 897 4148 ἀνάξια
921 4080 1015 4135 τοῦ
1041 4081 1176 4136 Θεοῦ
1231 4081 1413 4151 λέγειν
1465 4084 1649 4153 φασὶν,
1695 4085 1777 4138 ὅτι
1821 4084 2027 4139 τούτων

448 4170 547 4242 μὲν
576 4170 728 4224 οὐδὲν
756 4169 879 4225 οὔτε
904 4173 986 4236 είς
1018 4171 1142 4227 νοῦν
1172 4172 1355 4225 λαϐεῖν
1386 4173 1711 4244 ἀνεχόμεθα·
1736 4174 1764 4227 ὃ
1784 4174 1841 4227 δέ
1872 4174 2022 4244 αὐτῷ

446 4262 655 4333 πρέπον
685 4259 752 4333 ῆν
800 4265 895 4317 καὶ
943 4266 1250 4335 προσῆκον,
1302 4263 1553 4335 λέγομεν,
1587 4266 1667 4319 ὅτι
1715 4265 1777 4318 τὸ
1825 4267 2023 4318 οἰκεῖον

446 4353 607 4422 ἐργον
640 4353 809 4405 ἐλθὼν
857 4353 1205 4423 διωρθώσατο
1232 4353 1309 4423 τῷ
1349 4354 1452 4423 τῆς
1486 4354 1794 4425 γεννήσεως
1821 4352 2026 4423 ταύτης

446 4443 655 4515 τρόπῳ.
683 4444 748 4495 Τί
789 4443 998 4511 λέγεις,
1030 4443 1150 4496 εἰπέ
1196 4462 1308 4514 μοι,
1346 4438 1391 4497 ῶ
1435 4444 1730 4515 άνθρωπε;
1782 4446 1891 4517 Τὴν
1920 4447 2029 4500 τῶν

448 4534 789 4607 ἀνδροφόνων
825 4534 1004 4605 ψυχὴν
1033 4537 1127 4588 καὶ
1181 4535 1280 4607 τὴν
1326 4535 1435 4588 τῶν
1464 4538 1673 4606 γοήτων
1705 4537 1803 4608 τῆς
1842 4538 2031 4601 οὐσίας

448 4623 592 4682 εἶναι
619 4625 794 4695 λέγων
842 4626 937 4679 τοῦ
986 4625 1143 4690 Θεοῦ,
1197 4629 1325 4698 ἡμῖν
1374 4626 1576 4698 τολμᾷς
1632 4627 1914 4695 ἐγκαλεῖν,
1948 4630 2031 4682 ὅτι

449 4720 653 4776 τούτων
675 4720 773 4792 μὲν
793 4719 947 4773 οὐδὲν
975 4720 1300 4791 ἀνεχόμεθα,
1332 4720 1456 4774 οὐτε
1496 4720 1837 4792 ὑπομένομεν
1867 4722 2033 4774 ἀκοῦ-

455 4831 543 4868 σαι
577 4812 890 4886 λεγόμενον,
919 4813 1054 4866 ἀλλά
1077 4814 1171 4866 καὶ
1195 4814 1321 4877 τοὺς
1352 4814 1610 4883 λέγοντας
1643 4813 1897 4877 ἀσεϐείας
1918 4813 2036 4885 κρί-

454 4923 618 4977 νομεν
659 4905 940 4976 μετόχους·
968 4906 1144 4959 ἐκεῖνο
1167 4904 1226 4958 δέ
1248 4923 1447 4975 φαμεν,
1469 4906 1550 4959 ὅτι
1583 4906 1708 4959 ναὸν
1734 4905 1888 4975 ἀγιον
1908 4907 2036 4959 ἐαυ-

456 4995 535 5065 τῷ
568 4996 987 5059 κατασκευάσας
1020 4997 1047 5048 ό
1074 4995 1226 5058 Θεὸς,
1255 4995 1322 5048 δι’
1350 4996 1558 5049 ἐκείνου
1596 4996 1696 5067 τὴν
1736 4996 1845 5050 τῶν
1870 4996 2034 5067 οὐρα-

456 5082 561 5137 νῶν
594 5085 868 5140 πολιτείαν
914 5087 994 5149 εἰς
1035 5086 1127 5139 τὸν
1173 5085 1284 5154 βίον
1319 5087 1581 5157 εἰσήγαγε
1617 5087 1709 5141 τὸν
1749 5088 2032 5160 ἡμέτερον.

460 5174 567 5228 Καὶ
616 5176 736 5241 πῶς
760 5179 859 5231 οὐκ
920 5178 987 5232 ἂν
1031 5177 1178 5250 εἴητε
1218 5178 1426 5251 μυρίων
1458 5178 1703 5239 θανάτων
1753 5179 1914 5244 ἄξιοι,
1943 5180 2038 5232 καὶ

461 5264 603 5337 ὑπὲρ
627 5267 734 5321 τῶν
762 5270 1145 5341 ἐγκλημάτων,
1172 5264 1246 5324 ῶν
1281 5272 1411 5341 ἡμῖν
1442 5271 1741 5338 ἐγκαλεῖτε,
1776 5274 1870 5325 καὶ
1896 5271 2035 5344 ὑπὲρ

464 5356 578 5412 τῶν
624 5358 1004 5443 ἀσεϐημάτων,
1046 5357 1120 5417 ῶν
1159 5363 1479 5428 ἀσεϐοῦντες
1538 5364 1599 5417 οὐ
1662 5363 1934 5427 παύεσθε;
1975 5364 2035 5416 El

537 5555 553 5575 '
583 5560 693 5609 Hanc
721 5560 883 5624 verba,
911 5565 994 5611 οὐκ
1020 5566 1151 5625 αὐτὸ,
1181 5580 1273 5615 non
1299 5568 1445 5618 habet
1473 5566 1697 5625 Sm‘ilius,

1094 134 1151 190 S.
1191 134 1477 191 JOANNIS
1513 131 1997 189 CHRYSOSTOMI
2040 131 2353 188 ARCIIIEP.
2395 121 2942 185 CONSTANTINOP.

3558 117 3666 173 560

2087 250 2195 322 γὰρ
2224 250 2469 321 ἀπρεπὲς
2496 244 2634 315 Θεῷ,
2665 242 2821 312 σῶμα
2857 238 3075 305 οἰκῆσαι
3112 233 3349 306 καθαρὸν
3380 233 3473 286 καὶ
3508 231 3668 304 ἀμω-

2091 360 2209 413 μον,
2250 340 2325 403 ῶς
2374 340 2532 408 ὑμεῖς
2578 335 2787 405 λέγετε·
2820 331 2953 385 πολὺ
3009 327 3206 400 μᾶλλον
3233 324 3664 397 ἀπρεπέστερον,

2087 435 2150 487 τὸ
2180 432 2274 486 τοῦ
2307 430 2522 501 γόητος,
2550 428 2611 481 τὸ
2630 425 2725 480 τοῦ
2747 420 3130 495 τυμϐωρύχου,
3157 419 3219 473 τὸ
3245 416 3338 471 τοῦ
3368 414 3669 488 λῃστοῦ,τὸ

2095 526 2188 580 τοῦ
2210 523 2465 594 πιθήκου,
2485 521 2547 575 τὸ
2570 520 2664 574 τοῦ
2698 517 2881 580 κυνὸς,
2916 516 3017 568 οὐκ
3037 511 3169 567 αὐτὸ
3193 524 3219 553 ι
3254 509 3315 563 τὸ
3348 508 3501 581 [564]
3514 508 3668 576 ἅγιον

2096 620 2191 673 καὶ
2223 619 2452 689 ἄμωμον
2483 614 2578 668 καὶ
2611 615 2669 666 ἐν
2702 611 2851 682 δεξιᾷ
2873 608 2969 662 τοῦ
3007 606 3219 678 Πατρὸς
3244 604 3340 658 νῦν
3365 602 3670 674 καθεζόμεα

2093 727 2205 764 νον.
2240 707 2377 763 Ποία
2404 704 2512 777 γὰρ
2561 703 2626 757 ἂν
2656 701 2830 773 βλάϐη
2854 700 2933 770 τῷ
2961 697 3080 768 Θεῷ
3119 697 3315 766 γένοιτ’
3339 694 3405 749 ἂν
3432 694 3542 748 ἀπὸ
3569 694 3672 764 τῆς

2094 799 2405 870 οἰκονομίας
2436 795 2659 866 ταύτης,
2689 794 2723 865 ἦ
2755 792 2883 846 ποία
2912 790 3099 861 κηλίς;
3139 789 3250 859 Οὐχ
3279 788 3442 857 ὁρᾶτε
3464 787 3675 840 τουτονὶ

2092 895 2184 947 τὸν
2213 893 2383 962 ἥλιον,
2418 883 2480 944 οῦ
2506 889 2566 943 τὸ
2615 887 2775 958 σῶμά
2821 887 2968 938 ἐστιν
3014 880 3269 952 αἰσθητὸν
3299 880 3395 934 καὶ
3431 878 3675 948 φθαρτὸν

2093 981 2186 1034 καὶ
2217 979 2499 1051 ἐπίκηρον,
2531 974 2632 1030 κᾶν
2675 974 2933 1045 μυριάκις
2967 972 3371 1039 ἀποπνίγωνται
3413 968 3677 1039 Ἕλληνες

2096 1071 2188 1123 καὶ
2207 1072 2497 1139 Μανιχαῖοι
2520 1065 2691 1119 ταῦτα
2724 1064 3050 1128 ἀκούοντες;
3085 1063 3196 1131 Οὐχ
3226 1057 3379 1124 οὗτος
3403 1061 3461 1114 δὲ
3491 1061 3691 1138 μόνον,

2096 1162 2230 1215 ἀλλα
2253 1160 2348 1213 καὶ
2376 1160 2470 1229 γῆ,
2502 1158 2598 1212 καὶ
2628 1156 2890 1221 θάλασσα,
2925 1155 3020 1209 καὶ
3068 1155 3214 1208 πάσα
3250 1151 3433 1215 ἁπλῶς
3473 1154 3506 1221 ἡ
3538 1154 3682 1222 ὁρω-

2101 1254 2238 1324 μένη
2266 1252 2463 1317 κτίσις,
2496 1252 2563 1322 τῇ
2606 1249 2928 1319 ματαιότητι
2956 1245 3339 1300 ὑποτέτακται.
3374 1243 3487 1297 Καὶ
3510 1242 3682 1296 ἀκουε

2098 1346 2307 1402 Παύλου
2362 1342 2521 1397 τοῦτο
2551 1340 2857 1412 δηλοῦντος,
2910 1341 2966 1392 ἐν
3001 1332 3083 1402 οἷς
3112 1354 3264 1409 φησι·
3302 1334 3381 1405 Τῇ
3405 1335 3517 1405 γὰρ
3566 1351 3686 1403 μαι

2100 1437 2357 1503 ταιότητι
2404 1436 2443 1503 ἡ
2491 1434 2689 1498 κτίσις
2738 1428 3027 1499 ὑπετάγη.
3063 1430 3175 1498 οὐχ
3226 1427 3474 1490 ἑκοῦσα,
3516 1426 3688 1481 ἀλλὰ

2100 1527 2199 1581 διὰ
2236 1528 2344 1581 τὸν
2371 1523 2751 1589 ὑποτάξαντα
2793 1522 2891 1575 ἐπ’
2938 1519 3161 1575 ἐλπίδι.
3194 1515 3328 1572 Εἶτα
3378 1518 3578 1588 δηλῶν,
3626 1517 3688 1572 τί

2103 1618 2233 1672 ποτέ
2259 1620 2397 1681 ἐστι,
2424 1616 2742 1687 ματαιότητι
2776 1614 3139 1682 ὑποταγῆναι,
3166 1611 3438 1681 ἐπήγαγε,
3479 1609 3684 1678 λέγων·

2104 1714 2233 1765 Ὅτι
2260 1710 2355 1765 καί
2374 1708 2531 1776 αὐτὴ
2561 1711 2600 1778 ἡ
2623 1709 2821 1773 κτίσις
2844 1703 3387 1773 ἐλευθερωθήσεται
3413 1702 3534 1757 ἀπὸ
3568 1701 3690 1770 τῆς

2102 1804 2383 1870 δουλείας
2424 1801 2535 1870 τῆς
2550 1800 2776 1872 φθορᾶς
2801 1801 2889 1865 εἰς
2914 1797 3031 1867 τὴν
3074 1798 3425 1865 ἐλευθερίαν
3442 1795 3556 1863 τῆς
3584 1795 3692 1848 δό-

2105 1896 2217 1962 ξης
2248 1894 2368 1948 τῶν
2384 1895 2609 1948 τέκνων
2632 1891 2738 1946 τοῦ
2765 1890 3105 1945 Θεοῦ.”Ωστε
3132 1888 3228 1941 νῦν
3258 1887 3524 1959 ἐπίκηρός
3540 1889 3688 1949 ἐστι,

2105 1990 2200 2043 καὶ
2251 1988 2463 2059 φθαρτή
2497 1987 2632 2039 ἐστι·
2668 1984 2730 2038 τὸ
2752 1984 2862 2056 γὰρ
2898 1984 2963 2054 τῇ
3010 1982 3186 2054 φθορᾷ
3235 1980 3503 2034 δουλεύειν
3530 1979 3691 2033 οὐδὲν

2106 2079 2291 2151 ἕτερόν
2307 2081 2474 2142 ἐστιν,
2505 2077 2539 2149 ἢ
2571 2076 2809 2148 φθαρτὸν
2843 2071 3002 2128 εἶναι.
3032 2074 3094 2127 Εἰ
3117 2073 3295 2125 τοίνυν
3318 2074 3347 2124 ό
3368 2071 3538 2140 ἥλιος,
3583 2070 3694 2124 σῶ-

2113 2188 2191 2243 μα
2224 2170 2462 2243 φθαρτὸν
2499 2168 2595 2237 ῶν,
2642 2166 2922 2239 πανταχοῦ
2956 2166 3054 2229 τὰς
3086 2166 3312 2228 ἀκτῖνας
3345 2164 3559 2235 ἀφίησι,
3592 2164 3695 2216 καὶ

2112 2263 2392 2335 βορϐόροις
2420 2261 2514 2315 καὶ
2532 2261 2828 2332 μολυσμοῖς
2854 2257 2947 2313 καὶ
2976 2257 3188 2320 πολλοῖς
3221 2256 3400 2320 ἄλλοις
3422 2255 3696 2319 τοιούτοις

2108 2355 2311 2427 ὁμιλῶν
2349 2354 2658 2426 πράγμασι,
2695 2352 2846 2405 οὐδὲν
2879 2351 2988 2404 ἀπὸ
3012 2350 3115 2420 τῆς
3162 2349 3378 2420 ὁμιλίας
3420 2348 3531 2401 τῶν
3582 2365 3697 2401 σω.

2114 2447 2300 2518 μάτων
2323 2458 2348 2487 α
2384 2447 2464 2508 είς
2478 2444 2575 2516 τήν
2603 2444 2811 2498 οἰκείαν
2837 2441 3187 2513 καθαρότητα
3218 2439 3693 2511 παραϐλάπτεται,

2112 2537 2249 2593 ἀλλά
2283 2537 2379 2591 καὶ
2407 2534 2656 2607 καθαρὰς
2687 2532 2964 2587 συστέλλει
2994 2532 3094 2595 τὰς
3123 2533 3347 2593 ἀκτῖνας
3383 2529 3561 2595 πάλιν,
3593 2532 3699 2598 τῆς

2112 2631 2321 2694 οἰκείας
2349 2629 2549 2701 ἀρετῆς
2582 2628 2796 2692 πολλοῖς
2817 2627 2925 2680 τῶν
2958 2622 3374 2693 ὑποδεξαμένων
3402 2621 3562 2675 αὐτὸν
3591 2638 3699 2675 σω-

2116 2722 2300 2792 μάτων
2327 2719 2663 2791 μεταδιδοὺς,
2688 2717 2788 2787 τῆς
2804 2715 2861 2768 δέ
2888 2714 3150 2778 δυσωδίας
3176 2715 3272 2767 καὶ
3293 2712 3390 2765 τοῦ
3416 2711 3699 2783 μολυσμοῦ

2113 2812 2235 2866 οὐδέ
2263 2811 2326 2864 τὸ
2350 2810 2511 2881 τυχὸν
2543 2809 2705 2873 αὐτὸς
2737 2806 3194 2879 προσλαμϐάνων·
3229 2804 3407 2874 πολλῷ
3446 2804 3649 2874 μᾶλλον
3669 2806 3705 2856 ὁ

2114 2904 2213 2974 τῆς
2239 2902 2582 2973 δικαιοσύνης
2622 2901 2794 2971 ἥλιος,
2825 2902 2854 2953 ό
2906 2898 3015 2952 τῶν
3064 2897 3371 2965 ἀσωμάτων
3412 2894 3702 2965 δυνάμεων

2117 2994 2413 3065 Δεσπότης,
2466 2994 2547 3056 εἰς
2584 2991 2832 3063 καθαρὰν
2867 2990 3046 3061 σάρκα
3074 2986 3264 3049 ἐλθὼν,
3294 2986 3354 3041 οὐ
3390 2986 3548 3057 μόνον
3598 2984 3706 3039 οὑκ

2118 3086 2410 3159 ἐμολύνθη,
2437 3085 2571 3139 ἀλλά
2597 3084 2692 3139 καὶ
2718 3081 2885 3153 αὐτὴν
2918 3080 3123 3150 ταύτην
3146 3076 3558 3149 καθαρωτέραν,
3603 3075 3707 3128 καὶ

2119 3179 2426 3251 ἀγιωτέραν
2454 3177 2768 3249 εἰργάσατο.
2792 3172 2978 3227 Ταῦτα
3004 3168 3096 3226 οῦν
3128 3172 3344 3226 ᾶπαντα
3369 3167 3706 3229 ἐννοοῦντες,

2121 3275 2214 3327 καὶ
2250 3271 2675 3344 μνημονεύοντες
2711 3268 2811 3337 τῆς
2840 3267 3025 3337 φωνῆς
3054 3266 3153 3336 τῆς
3189 3263 3480 3334 λεγούσης·
3516 3262 3712 3315 Ἐνοι-

2121 3363 2290 3431 κήσω
2322 3364 2393 3417 ἐν
2442 3362 2665 3426 αὐτοῖς,
2714 3360 2809 3412 καὶ
2858 3356 3341 3429 ἐμπεριπατήσω·
3385 3357 3480 3409 καὶ
3517 3355 3709 3420 πάλιν,

2134 3455 2332 3525 Ὑμεῖς
2349 3455 2495 3520 ναὸς
2520 3452 2667 3507 Θεοῦ
2691 3453 2850 3515 ἐστε,
2884 3453 2981 3505 καὶ
3016 3450 3084 3504 τὸ
3134 3450 3377 3519 Πνεῦμα
3409 3448 3516 3502 τοῦ
3555 3448 3712 3503 Θεοῦ

2122 3546 2341 3600 ἐνοικεῖ
2367 3546 2436 3598 ἐν
2462 3544 2623 3614 ὑμῖν,
2658 3543 2751 3597 καὶ
2783 3544 2947 3615 ἡμεῖς
2989 3540 3126 3612 πρὸς
3165 3541 3407 3604 ἐκείνους
3432 3540 3713 3610 λέγωμεν,

2124 3636 2217 3687 καὶ
2238 3637 2307 3687 τά
2328 3634 2659 3703 ἀναίσχυντα
2678 3633 2784 3685 τῶν
2800 3628 3013 3684 ἀσεϐῶν
3038 3628 3478 3701 ἀποφράττωμεν
3506 3628 3716 3698 στόμα-

2123 3740 2213 3787 τα,
2245 3722 2339 3775 καὶ
2367 3722 2459 3774 ἐπὶ
2509 3722 2621 3784 τοῖς
2653 3717 2948 3791 ἡμετέροις
2981 3716 3210 3786 ἀγαθοῖς
3255 3714 3709 3787 εὐφραινώμεθα,

2126 3809 2336 3863 καὶτὸν
2370 3807 2721 3881 σαρκωθέντα
2768 3806 2902 3860 Θεὸν
2942 3802 3256 3873 δοξάζωμεν
3286 3804 3425 3875 ὑπὲρ
3474 3803 3575 3873 τῆς
3623 3820 3715 3857 το-

2130 3897 2332 3969 σαύτης
2362 3896 2844 3966 συγκαταϐἀσεως,
2886 3893 2981 3947 καὶ
3020 3892 3163 3946 κατὰ
3195 3891 3423 3960 δύναμιν
3443 3890 3543 3961 τὴν
3572 3892 3717 3962 ἡμε-

2126 3987 2313 4057 τέραν,
2342 3985 2498 4053 ἀξίαν
2541 3984 2832 4054 ἀποδῶμεν
2871 3981 3020 4052 αὐτῷ
3044 3983 3139 4035 καὶ
3167 3980 3266 4050 τὴν
3292 3979 3457 4049 τιμὴν
3481 3979 3579 4033 καὶ
3610 3979 3715 4049 τὴν

2130 4073 2384 4145 ἀμοιϐήν·
2414 4071 2532 4143 Θεῴ
2560 4072 2617 4125 δὲ
2653 4069 2860 4143 ἀμοιϐὴ
2894 4068 3124 4139 οὐδεμία
3154 4069 3286 4139 παρ’
3318 4066 3475 4136 ἡμῶν
3511 4067 3718 4135 γένοιτ’

2130 4162 2216 4227 ἂν,
2245 4161 2356 4215 ἀλλ’
2386 4162 2418 4232 ἢ
2457 4162 2617 4232 μόνον
2643 4161 2677 4230 ή
2705 4156 2950 4227 σωτηρία
2975 4160 3008 4226 ὴ
3018 4155 3135 4227 μῶν
3167 4155 3262 4209 καὶ
3288 4154 3396 4207 τῶν
3426 4154 3717 4226 ἡμετέρων

2130 4252 2336 4323 ψυχῶν.
2374 4251 2523 4321 καὶή
2558 4249 2686 4320 περὶ
2712 4247 2810 4318 τὴν
2841 4247 3043 4318 ἀρετὴν
3078 4244 3383 4315 ἐπιμέλεια.

2196 4339 2260 4404 ζ’.
2281 4340 2364 4411 Μὴ
2390 4339 2565 4393 τοίνυν
2591 4335 2877 4407 γενώμεθα
2899 4332 3213 4404 ἀγνώμονες
3236 4334 3364 4405 περὶ
3378 4333 3470 4386 τὸν
3490 4333 3719 4404 εὐεργέο

2130 4448 2249 4500 την,
2280 4427 2413 4482 ἀλλά
2440 4426 2507 4480 τά
2540 4425 2681 4479 κατά
2708 4424 2934 4491 δύναμιν
2960 4422 3196 4480 ἅπαντες
3231 4421 3446 4476 ἅπαντα
3472 4420 3721 4489 εἰσενέγ-

2135 4539 2341 4591 κωμεν,
2374 4519 2577 4579 πίστιν,
2610 4515 2820 4578 ἐλπίδα,
2855 4514 3103 4585 ἀγάπην,
3151 4511 3525 4584 σωφροσύνην,
3559 4512 3720 4582 ἐλεη-

2137 4612 2395 4684 μοσύνην,
2423 4609 2745 4679 φιλοξενίαν.
2770 4608 2878 4662 Καὶ
2905 4606 2935 4659 ὃ
2957 4606 3148 4677 πρώην
3162 4607 3307 4676 ὑμᾶς
3341 4604 3720 4676 παρεκάλεσα,

2132 4705 2289 4759 τοῦτο
2312 4704 2403 4758 καί⁵
2430 4702 2545 4769 νῦν,
2576 4701 2669 4755 καὶ⁹
2696 4700 2784 4754 ἀεὶ
2815 4698 3152 4771 παρακαλῶν
3190 4699 3251 4751 οὐ
3294 4697 3601 4768 παύσομαι.
3651 4699 3719 4751 Τί

2132 4799 2188 4851 δέ
2214 4796 2371 4850 τοῦτὸ
2414 4796 2565 4859 ἐστι;
2616 4791 2917 4854 Μέλλοντες
2968 4789 3251 4861 προσιέναι
3282 4791 3348 4860 τῇ
3383 4792 3589 4859 φρικτῇ
3620 4790 3721 4844 καὶ

2135 4891 2256 4961 θείᾳ⁴
2273 4888 2444 4959 ταύτῃ
2469 4884 2717 4958 τραπέζῃ
2749 4883 2843 4937 καὶ
2877 4883 2998 4953 ἱερᾷ
3031 4882 3412 4953 μυσταγωγίᾷ,
3439 4881 3580 4952 μετά
3611 4881 3714 4951 φό-

2136 4983 2231 5036 ϐου
2256 4982 2349 5036 καὶ
2374 4980 2575 5052 τρόμου
2607 4976 2765 5031 τοῦτο
2813 4978 3038 5037 ποιεῖτε,
3077 4974 3215 5045 μετά
3254 4972 3499 5045 καθαροῦ
3537 4989 3718 5027 συνειο

2135 5074 2304 5135 δότος,
2340 5071 2475 5143 μετά
2501 5068 2865 5142 νηστείαςοκαὶ
2894 5066 3219 5138 προσευχῆς,
3246 5066 3319 5136 μὴ
3337 5064 3720 5137 θορυϐοῦντες,

2141 5163 2274 5234 μηδὲ
2306 5158 2669 5224 λακτίζοντες,
2697 5158 2831 5230 μηδὲ
2852 5156 3117 5220 ὠθοῦντες
3145 5157 3271 5219 τοὺς
3288 5155 3721 5226 πλησίον·ἐσχάο

2138 5274 2236 5329 της
2261 5255 2369 5327 γὰρ
2394 5253 2548 5308 τοῦτο
2572 5252 2891 5323 παρανοίας,
2928 5252 3023 5303 καὶ
3051 5250 3508 5321 καταφρονήσεως
3540 5250 3601 5301 οὑ
3620 5250 3720 5317 τῆς

2138 5349 2423 5419 τυχούσης.
2460 5347 2552 5401 Διὸ
2576 5346 2670 5400 καὶ
2710 5344 2909 5413 πολλὴν
2944 5342 3092 5415 [365]
3126 5344 3321 5411 ἐπάγει
3365 5345 3478 5404 τοῖς
3548 5339 3723 5394 ταῦτα

2204 5563 2230 5603 δ
2254 5563 2364 5614 MSS.
2382 5563 2474 5612 ἀπὸ
2495 5562 2576 5609 τοῦ
2600 5558 2844 5622 μολυσμοῦ
2867 5558 3153 5617 σωματικῶν
3176 5555 3349 5618 ῥύπων.
