4062 6206
395 107 501 165 359

374 230 602 286 ctautur,
636 220 937 289 multosque
976 233 1040 272 cx
1082 202 1491 284 sunplicioribus
1540 214 1754 267 turbant
1798 223 1956 282 atque

376 312 704 383 inquietant:
724 325 861 380 Opus
884 319 987 373 est,
1010 322 1131 363 cum
1156 307 1220 361 ad
1245 307 1404 375 ipsos,
1428 317 1538 359 tum
1562 304 1629 359 ad
1654 302 1956 373 hujusmodi

373 401 463 470 qui
510 400 659 455 hisce
712 399 1011 461 turbantur,
1061 410 1362 451 sermonem
1412 395 1670 463 dirigere,
1727 407 1795 447 ne
1835 390 1959 461 quid

379 507 632 561 umquam
687 490 890 545 insanis
936 486 1239 543 hominibus
1276 485 1676 555 acquiesceutes
1718 496 1958 537 commo-

382 593 629 649 veantur,
660 591 753 638 aut
791 582 1068 637 turbentur
1090 595 1158 635 ex
1183 577 1485 649 hujusmodi
1515 576 1803 631 inlidelium
1835 574 1957 629 irri-

374 674 548 731 sione.
572 674 706 730 Nam
736 681 791 729 et
819 673 969 745 parvi
1006 673 1155 743 pueri
1194 686 1282 727 res
1305 672 1491 736 serias,
1523 678 1681 740 atque
1704 668 1840 724 adeo
1864 683 1959 723 ue-

371 767 636 822 cessarias
672 781 815 835 saepe
855 765 1011 821 nobis
1036 764 1354 834 agitantibus
1392 762 1569 817 ridere
1608 760 1817 817 solent:
1848 774 1953 813 non

374 867 556 912 tamen
586 856 782 911 idcirco
808 856 950 913 risus
989 854 1075 909 hic
1100 861 1466 923 argumentum
1497 860 1578 906 est
1606 865 1808 915 rerum,
1837 863 1956 917 quze

375 949 636 1014 ridentur,
664 947 902 1013 vilitatis,
932 944 1026 1000 sed
1060 959 1267 1009 eorum,
1291 943 1381 1013 qui
1408 941 1602 1007 rident,
1631 940 1955 996 stoliditatis.

370 1040 524 1108 Quod
568 1039 707 1095 idem
735 1038 890 1092 nobis
924 1036 991 1092 de
1032 1035 1180 1091 hisce
1217 1034 1445 1092 ethnicis
1470 1033 1649 1088 dicere
1675 1033 1832 1088 licet:
1864 1032 1956 1101 qui

374 1133 554 1201 pueris
584 1130 716 1200 ipsis
755 1143 919 1199 pr0pe
957 1127 1278 1182 amantiores
1315 1141 1434 1180 cum
1464 1125 1589 1190 sint,
1621 1139 1683 1180 ea
1711 1123 1951 1189 irrident,

372 1240 493 1295 qua:
520 1223 767 1293 religioso
805 1221 1035 1291 quodam
1079 1219 1304 1273 horrore
1345 1227 1505 1287 atque
1531 1216 1675 1270 omni
1720 1215 1954 1269 admira-

374 1316 520 1371 tione
564 1314 719 1384 plena
765 1321 921 1377 sunt,
960 1311 1047 1365 illa
1098 1318 1298 1375 autem,
1330 1323 1446 1379 qua:
1498 1322 1683 1362 revera
1735 1304 1955 1359 ridenda

371 1417 545 1471 erant,
593 1404 873 1475 magnifice
917 1402 1179 1457 extollunt
1231 1410 1389 1469 atque
1436 1407 1715 1454 exornant.
1760 1398 1953 1452 Verum

373 1500 516 1554 enim
548 1511 676 1553 vero
700 1505 756 1552 et
781 1504 962 1549 nostra
1004 1494 1074 1548 ita
1103 1493 1171 1547 ab
1197 1492 1326 1562 ipsis
1355 1479 1509 1546 irrisa
1539 1491 1592 1544 in
1620 1491 1830 1560 propria
1857 1505 1951 1544 sua

375 1589 720 1645 nihilominus
747 1586 1025 1656 majestate
1069 1583 1377 1653 perdurant,
1407 1583 1555 1636 nullo
1598 1598 1691 1651 per
1718 1582 1952 1651 ipsorum

378 1682 565 1745 risum,
609 1677 750 1746 quod
800 1675 865 1730 ad
915 1674 1271 1745 prmstantiam
1321 1686 1470 1726 suam
1521 1671 1730 1735 attinet,
1760 1670 1956 1725 damno

375 1780 595 1839 accepto
621 1786 635 1822 :
664 1777 719 1823 et
744 1768 976 1835 ipsorum
999 1773 1204 1826 contra,
1238 1762 1359 1817 licet
1389 1768 1665 1826 exornata,
1697 1762 1951 1831 privatam

375 1875 525 1914 suam
580 1856 956 1926 turpitudinem
1017 1853 1262 1923 produnt.
1311 1851 1497 1905 Nonne
1542 1852 1683 1905 enim
1731 1850 1951 1904 extremi

376 1950 651 2022 cujusdam
681 1948 912 2018 stuporis
936 1957 1039 2012 est,
1072 1945 1189 2000 illos
1215 1952 1435 1999 errones
1465 1944 1516 1997 in
1538 1942 1760 2013 lapides,
1790 1942 1949 2011 ligna,

378 2060 431 2105 et
479 2049 606 2104 vilia
649 2047 798 2115 signa
821 2044 953 2099 deos
996 2058 1121 2097 suos
1165 2040 1495 2105 inducentes,
1524 2045 1577 2092 et
1606 2047 1870 2105 tamquam
1899 2037 1951 2089 in

375 2156 590 2197 carcere
628 2141 874 2208 quopiam
914 2132 1313 2196 concludentes,
1345 2129 1474 2184 nihil
1504 2137 1679 2182 tamen
1708 2127 1953 2181 arbitrari

376 2248 434 2287 se
462 2240 618 2301 turpe
641 2238 732 2284 aut
759 2227 941 2283 dicere
970 2234 1062 2279 aut
1098 2223 1275 2277 facere
1299 2238 1312 2273 :
1355 2234 1454 2274 nos
1479 2227 1652 2274 autem
1681 2232 1952 2281 accusare,

376 2321 518 2392 quod
563 2333 887 2382 asseramus,
936 2317 1099 2370 Deum
1146 2313 1245 2367 sibi
1296 2311 1549 2379 templum
1598 2308 1773 2363 vivum
1820 2322 1954 2362 cou-

377 2412 634 2468 struxissc
659 2426 727 2467 ex
751 2410 950 2478 Spiritu
980 2416 1185 2469 sancto,
1218 2419 1313 2472 per
1341 2401 1486 2472 quod
1532 2401 1645 2455 orbi
1693 2411 1954 2455 terrarum

379 2503 628 2558 universo
657 2499 899 2572 profuit?
941 2498 1004 2552 Et
1031 2493 1326 2563 cujusmodi
1354 2492 1565 2546 tandem
1605 2493 1707 2547 hoc
1732 2505 1953 2546 accusa-

381 2595 541 2650 tionis
575 2590 777 2662 geuus?
825 2589 881 2644 Si
925 2587 1066 2642 enim
1113 2595 1264 2661 turpe
1303 2592 1385 2645 est
1415 2584 1577 2643 Deum
1626 2583 1679 2642 in
1724 2586 1956 2642 humano

378 2704 604 2760 corpore
646 2687 906 2749 habitare,
953 2684 1118 2738 multo
1150 2682 1316 2752 magis
1362 2681 1414 2734 in
1459 2680 1602 2750 ligno
1647 2688 1701 2732 et
1748 2679 1953 2749 lapide:

378 2796 506 2836 sane
547 2787 692 2834 tanto
736 2776 960 2845 turpius,
988 2784 1186 2844 quanto
1228 2772 1361 2840 lapis
1390 2782 1443 2826 et
1493 2771 1691 2840 lignum
1740 2770 1956 2824 homine

380 2873 575 2926 vilius:
607 2870 708 2925 nisi
754 2869 892 2923 forte
920 2868 1030 2936 ipsa
1059 2865 1280 2919 materia
1311 2879 1499 2919 sensus
1537 2871 1756 2930 experte
1791 2877 1957 2932 genus

382 2969 620 3017 nostrum
650 2959 906 3029 abjectius
942 2957 1045 3010 illis
1087 2970 1205 3010 esse
1240 2954 1493 3008 videatur.
1528 2953 1664 3021 Quin
1706 2954 1862 3007 etiam
1904 2952 1954 3007 in

379 3051 511 3109 feles
536 3061 591 3107 et
617 3066 777 3106 canes
807 3049 928 3119 ipsi,
960 3047 1110 3101 multi
1147 3055 1324 3100 autem
1367 3044 1735 3098 haereticorum
1774 3043 1827 3097 in
1855 3042 1957 3097 alia

380 3144 597 3215 insuper
638 3142 783 3198 hisce
827 3139 1254 3211 ignominiosiora
1300 3137 1497 3192 audent
1541 3137 1630 3191 Dei
1671 3136 1956 3190 essentiam

383 3237 672 3293 habitatum
715 3234 1025 3288 immittere.
1056 3230 1205 3299 Quod
1231 3244 1329 3284 nos
1370 3245 1542 3298 neque
1583 3229 1825 3291 dicimus,
1860 3243 1957 3281 ne-

381 3344 486 3399 que
513 3327 752 3382 dicentes
772 3321 1054 3393 aliquando
1077 3321 1260 3374 audire
1297 3321 1670 3373 sustineamus.
1703 3318 1806 3372 Sed
1830 3317 1958 3370 illud

385 3428 586 3475 tantum
628 3414 939 3477 asserimus,
980 3410 1246 3466 Christum
1292 3424 1503 3463 carnem
1533 3408 1802 3473 mundam,
1834 3422 1958 3459 sau-

383 3521 555 3576 ctam,
602 3505 1122 3577 irrepreheusihilem
1166 3508 1485 3572 peccatoque
1525 3499 1670 3553 OmllI
1718 3500 1958 3554 inacccs-

384 3617 517 3667 sam,
550 3616 616 3656 ex
647 3598 881 3669 virgineo
912 3604 1061 3650 utero
1112 3592 1457 3664 prodeuntem
1483 3590 1851 3659 assumpsisse,
1883 3598 1963 3642 at-

383 3707 488 3761 que
513 3691 584 3744 ita
612 3702 765 3744 suum
807 3686 1113 3755 figmentum
1143 3693 1495 3738 restaurasse.
1522 3682 1599 3734 Ac
1625 3680 1697 3734 illi
1724 3679 1956 3747 quidem,

386 3791 443 3839 et
465 3781 555 3852 qui
581 3783 693 3852 pari
720 3794 839 3834 cum
871 3777 996 3846 ipsis
1025 3776 1301 3845 impietate
1326 3774 1638 3842 delinquunt
1662 3771 1957 3837 Manichmi,

387 3875 442 3929 in
475 3887 637 3929 canes
676 3881 731 3925 et
771 3870 954 3923 simias
997 3867 1242 3935 ferasque
1281 3866 1455 3919 omnis
1492 3866 1703 3933 generis
1731 3862 1959 3916 divinam

388 3967 675 4022 essentiam
706 3962 1014 4017 inducentes
1046 3977 1059 4012 :
1094 3958 1324 4012 animam
1350 3957 1491 4010 enim
1520 3954 1766 4010 omnibus
1795 3954 1877 4007 his
1897 3970 1961 4007 ex

389 4056 476 4113 illa
505 4054 736 4110 essentia
762 4068 883 4109 esse
907 4050 1122 4112 dicunt;
1165 4064 1269 4102 non
1309 4045 1527 4101 horrent
1556 4061 1728 4116 neque
1766 4045 1962 4100 erube-

392 4156 548 4204 scunt
571 4163 583 4199 :
619 4160 714 4199 nos
740 4159 866 4197 vero
896 4142 1006 4196 Deo
1033 4139 1244 4209 indigna
1272 4137 1449 4193 dicere
1476 4137 1643 4203 aiunt,
1682 4136 1805 4205 quia
1832 4134 1964 4189 nihil

393 4241 582 4295 horum
606 4253 672 4291 ne
691 4234 1007 4306 cogitatione
1037 4232 1249 4304 quidem
1276 4230 1619 4293 admittimus,
1643 4229 1735 4285 sed
1763 4238 1962 4283 tantum

393 4329 535 4400 quod
588 4329 697 4382 Deo
735 4328 1058 4382 conveniens
1103 4333 1259 4393 atque
1310 4323 1506 4378 decens
1547 4330 1663 4377 erat
1704 4322 1962 4377 dicimus:

396 4435 585 4491 nempe
620 4419 790 4486 ipsum
827 4416 1128 4479 advenisse,
1184 4425 1236 4469 et
1277 4414 1376 4467 hoc
1413 4412 1767 4481 generationis
1806 4413 1966 4467 modo

394 4513 666 4582 proprium
694 4525 844 4564 suum
876 4524 1008 4577 Opus
1038 4517 1380 4564 rcstaurasse.
1404 4504 1538 4573 Quid
1562 4505 1675 4557 ais?
1702 4505 1784 4558 dic
1815 4505 1964 4557 mihi.

394 4601 566 4666 Tune,
586 4601 677 4670 qui
721 4599 1101 4653 homicidarum
1151 4605 1205 4650 et
1251 4596 1691 4664 praestigiatorum
1735 4594 1963 4648 animam

396 4694 589 4749 divina:
615 4691 859 4748 essentia:
885 4704 1004 4746 esse
1030 4688 1242 4752 asseris,
1269 4702 1366 4741 nos
1388 4700 1638 4741 accusare
1666 4686 1851 4753 audes,
1880 4686 1968 4756 qui

399 4787 588 4841 horum
617 4785 829 4855 quidem
872 4780 1003 4837 nihil
1030 4796 1137 4835 non
1164 4778 1323 4833 modo
1350 4793 1455 4832 non
1486 4778 1703 4833 ierimus
1728 4787 1817 4831 aut
1838 4791 1962 4831 sus-

397 4878 628 4933 tinemus
668 4873 851 4930 audire
874 4915 890 4941 ,
921 4872 1015 4928 sed
1043 4873 1132 4942 qui
1172 4871 1257 4925 illa
1286 4869 1487 4937 dicunt,
1514 4869 1703 4939 impios
1726 4885 1844 4926 esse
1880 4870 1970 4939 ju-

398 4969 671 5025 dicamus?
695 4967 831 5036 Quid
861 4967 1016 5037 igitur
1039 4963 1301 5020 dicimus?
1330 4962 1456 5017 Illud
1483 4962 1763 5017 nimirum:
1806 4963 1969 5017 Deunt

400 5072 705 5119 constructo
752 5068 937 5116 sancto
985 5058 1087 5113 hoc
1126 5056 1224 5111 sibi
1266 5057 1484 5125 templo,
1510 5071 1607 5126 per
1631 5056 1857 5124 idipsum
1904 5072 1967 5110 ex

408 5156 541 5211 cazlo
596 5155 864 5211 caelestem
913 5151 1192 5221 quemdam
1246 5164 1421 5203 rerum
1469 5159 1661 5201 statum
1709 5149 1760 5201 in
1809 5147 1969 5201 vitam

409 5255 644 5300 nostram
671 5243 950 5298 invexisse.
980 5240 1045 5295 Et
1066 5238 1244 5309 qttidni
1272 5238 1460 5292 merito
1498 5237 1685 5292 millies
1709 5251 1808 5291 vos
1831 5236 1975 5306 capi-

405 5335 474 5390 tis
498 5333 801 5396 damnandi,
834 5340 943 5387 tum
970 5331 1040 5385 ob
1079 5327 1489 5392 accusationem,
1517 5341 1618 5396 qua
1670 5342 1768 5382 nos
1810 5330 1977 5396 impe-

403 5426 534 5492 titis,
560 5434 670 5479 tum
714 5424 786 5477 ob
825 5420 1164 5491 impietatem,
1193 5431 1348 5485 quam
1395 5415 1447 5468 in
1493 5415 1657 5469 Deum
1697 5414 1978 5471 admittere

403 5532 508 5571 non
554 5512 841 5571 desistitis?
895 5511 948 5563 Si
997 5508 1137 5565 enim
1180 5505 1290 5560 Deo
1338 5514 1416 5559 cst
1460 5505 1729 5569 indecens,
1779 5515 1835 5560 ut
1883 5522 1976 5559 vos

1337 94 1403 149 IN
1447 96 1606 152 DIE.
1644 97 1970 155 NATALEM
2017 103 2075 156 D.
2119 101 2181 155 .
2221 103 2384 158 .IESU
2420 101 2716 159 CHRISTI.

3536 109 3640 164 560

2064 210 2259 276 dicitis,
2303 211 2600 269 inhabitare
2651 229 2845 284 corpus
2884 232 3071 288 purum
3119 228 3172 272 ct
3220 219 3637 285 immaculatum.

2063 304 2231 360 multo
2254 315 2396 359 certe
2422 306 2755 360 indecentius
2781 317 2863 362 est
2903 311 3318 379 prmstigiatoris,
3360 314 3637 382 sepulcro-

2063 410 2180 449 rum
2225 396 2548 463 sull'ossoris,
2588 396 2826 461 latronis,
2856 398 2963 453 imo
3006 401 3173 456 simia:
3196 413 3251 457 et
3293 404 3474 469 cauis;
3529 420 3636 462 non

2062 494 2238 540 autem
2264 495 2501 540 sanctum
2533 486 2664 541 illud
2691 497 2848 556 atque
2872 488 3360 560 incontaminatum,
3390 496 3638 567 quodque

2062 593 2204 632 nunc
2254 578 2304 632 itt
2348 578 2567 633 dextera
2594 579 2767 633 Patris
2795 580 2967 634 sedet.
2996 581 3144 647 Quod
3172 585 3314 639 enim
3360 587 3633 654 damnum,

2061 678 2152 722 aut
2178 670 2382 723 macula
2424 670 2531 723 Deo
2554 671 2840 725 acccsserit
2884 687 2951 725 ex
2998 671 3095 726 hac
3138 679 3471 731 oeconomia?
3521 679 3636 733 Non

2062 762 2252 817 videtis
2296 763 2462 817 solem
2512 762 2677 827 hunc,
2709 765 2860 833 cujus
2899 779 3093 834 corpus
3139 768 3407 833 sensibile,
3449 785 3636 824 corru-

2062 855 2232 925 ptioni
2256 854 2549 924 subjectum
2570 866 2729 924 atque
2759 855 3026 911 infirmum
3049 867 3150 921 est,
3177 869 3489 929 rumpantur
3515 861 3640 917 licet

2060 946 2252 1002 millies
2278 946 2393 1001 hmo
2420 946 2700 1001 audientes
2741 948 2966 1017 gentiles
3003 963 3066 1003 ac
3093 949 3406 1005 Mauichmi?
3458 952 3640 1021 Neque

2060 1051 2187 1091 vero
2212 1036 2291 1091 sol
2317 1036 2610 1104 dumtaxat,
2634 1037 2726 1091 sed
2757 1039 2916 1092 ctiam
2947 1048 3110 1106 terra,
3147 1056 3316 1106 mare,
3345 1050 3504 1110 atque
3526 1060 3642 1096 om-

2061 1129 2143 1182 nis
2167 1128 2385 1183 omnino
2432 1144 2610 1183 rerum
2642 1129 2837 1184 fabrica
2863 1129 2964 1185 sub
3004 1140 3274 1200 aSpectum
3305 1132 3521 1200 cadens,
3549 1149 3641 1188 va-

2060 1221 2209 1276 nitati
2239 1222 2477 1290 subjecta
2504 1230 2605 1277 est.
2647 1221 2778 1276 Nam
2820 1223 2942 1278 audi
2972 1223 3193 1278 Paulum
3233 1224 3335 1279 hoc
3363 1224 3640 1279 manifeste

2059 1313 2361 1380 docentem,
2388 1314 2515 1369 dum
2543 1315 2662 1369 ait:
2702 1313 2926 1368 Vanitati
2966 1316 3099 1369 enim
3139 1326 3371 1370 creatura
3414 1318 3640 1386 subjecta

2058 1417 2150 1471 est,
2178 1424 2278 1461 non
2306 1408 2496 1475 volens,
2532 1407 2620 1462 sed
2667 1418 2871 1477 prapter
2895 1404 3028 1471 eum,
3059 1409 3147 1479 qui
3191 1409 3401 1481 subjecit
3446 1426 3556 1464 eam
3585 1412 3639 1464 in

2057 1514 2146 1564 spe
2174 1498 2348 1567 (Rom.
2376 1498 2431 1553 8.
2457 1498 2569 1568 20).
2611 1498 2711 1565 Qui
2737 1498 2931 1555 deinde
2958 1499 3237 1554 ostendere
3275 1501 3455 1554 volens
3481 1500 3638 1570 quid-

2058 1605 2181 1643 nam
2216 1590 2284 1644 sit
2333 1589 2461 1644 illud
2502 1591 2719 1644 vanitati
2749 1591 3046 1661 subjectum
3074 1606 3214 1656 esse,
3240 1591 3516 1646 subintulit
3551 1591 3637 1646 di-

2057 1695 2186 1735 cens
2217 1698 2229 1732 :
2265 1680 2396 1746 Quia
2422 1691 2470 1734 et
2499 1682 2611 1749 ipsa
2637 1690 2868 1736 creatura
2905 1683 3193 1736 liberabitur
3216 1700 3247 1735 a
3270 1685 3501 1738 servitute
3527 1699 3641 1737 cor-

2057 1771 2325 1835 ruptionis,
2355 1772 2407 1823 in
2433 1772 2712 1824 libertatem
2741 1773 2919 1842 gloria:
2944 1774 3168 1842 liorum
3195 1773 3292 1828 Dei
3334 1774 3381 1847 (I
3389 1776 3492 1830 bid.
3523 1776 3637 1847 21).

2055 1860 2258 1930 Nempe
2283 1862 2625 1931 corruptibile
2647 1864 2775 1932 quid
2806 1879 2946 1917 nunc
2965 1873 3047 1919 est
3075 1875 3349 1921 creatura:
3378 1867 3638 1937 siquidem

2056 1951 2383 2020 corruptioui
2411 1953 2610 2006 servire
2638 1953 2769 2007 nihil
2795 1964 2880 2010 est
2909 1955 3074 2020 aliud,
3106 1971 3264 2026 quam
3294 1959 3640 2027 corruptibile

2060 2056 2200 2096 esse.
2232 2042 2383 2111 Quod
2411 2044 2457 2121 si
2487 2058 2616 2113 ergo
2658 2045 2760 2108 sol,
2800 2060 2992 2115 corpus
3036 2049 3377 2118 comiptibile
3400 2065 3519 2105 cum
3548 2052 3634 2116 sit,

2061 2134 2253 2203 ubique
2298 2137 2473 2191 radios
2502 2153 2629 2191 suos
2673 2139 2887 2205 emittit,
2917 2154 3092 2205 emno,
3125 2142 3388 2206 sordibus,
3416 2143 3640 2210 aliisque

2061 2225 2241 2279 multis
2263 2226 2314 2280 id
2339 2242 2507 2296 genus
2534 2228 2692 2282 rebus
2717 2241 2836 2282 sese
2858 2232 3277 2295 communicans,
3299 2233 3427 2286 nihil
3462 2243 3638 2288 tamen

2062 2330 2128 2371 ex
2156 2315 2256 2371 hac
2298 2318 2534 2373 fmditate
2562 2334 2938 2387 corporearum
2968 2321 3262 2375 istiusmodi
3305 2324 3539 2376 sordium
3586 2324 3639 2379 in

2066 2420 2161 2461 sua
2201 2408 2289 2461 illa
2321 2409 2547 2477 puritate
2575 2408 2801 2473 laeditur,
2827 2410 2920 2464 sed
2953 2411 3178 2465 mundos
3205 2412 3325 2467 illos
3351 2427 3474 2466 suos
3504 2416 3552 2467 iu
3579 2429 3640 2470 se

2061 2499 2237 2553 radios
2284 2499 2523 2566 retrahit,
2553 2516 2619 2556 ac
2669 2502 2850 2556 multis
2893 2517 3102 2557 rursum
3150 2505 3481 2572 corporibus,
3519 2522 3639 2576 qua:

2062 2589 2235 2661 ipsum
2264 2592 2578 2662 suscipiunt,
2607 2596 2715 2648 vim
2762 2609 2913 2648 suam
2958 2594 3311 2663 virtutemque
3341 2599 3637 2667 participat,

2062 2701 2126 2741 ac
2155 2686 2296 2740 noxii
2332 2694 2423 2739 aut
2450 2687 2648 2740 sordidi
2675 2702 2739 2741 ex
2771 2687 2876 2741 illis
2897 2702 2962 2741 ne
2988 2688 3260 2742 minimum
3291 2689 3505 2757 quidem
3529 2690 3640 2758 ipse

2060 2777 2193 2831 inse
2231 2777 2535 2845 recipiens:
2581 2788 2779 2846 quanto
2808 2777 2975 2847 magis
3022 2777 3237 2846 justitize
3281 2778 3369 2834 ille
3412 2779 3523 2842 Sol,
3554 2779 3642 2836 ille

2066 2868 2326 2923 Virtutum
2360 2868 2791 2938 incorporearum
2825 2868 3098 2934 Dominus,
3129 2870 3178 2923 in
3213 2886 3398 2940 puram
3425 2884 3639 2926 carnem

2063 2960 2365 3028 ingrediens
2390 2975 2493 3012 non
2524 2960 2695 3012 solum
2727 2973 2835 3011 non
2859 2957 3163 3027 inquinatus
3188 2970 3289 3022 est,
3319 2960 3411 3014 sed
3454 2970 3639 3015 contra

2061 3051 2220 3104 etiam
2267 3052 2538 3120 puriorem
2585 3065 2702 3104 eam
2748 3050 2920 3118 ipsam
2963 3053 3389 3122 sanctioremque
3430 3054 3642 3110 cll'ccit?

2061 3143 2233 3210 Atque
2279 3141 2392 3195 Iure
2422 3140 2632 3210 quidem
2660 3141 2836 3195 omnia
2869 3151 3045 3196 mente
3071 3142 3362 3207 volventes,
3393 3154 3448 3196 et
3490 3159 3640 3196 cum-

2062 3224 2420 3288 memorantes
2457 3233 2688 3286 divinam
2738 3248 2946 3295 vocem,
2990 3233 3297 3288 dicentem:
3341 3233 3640 3288 Inhabitabo

2061 3325 2112 3377 in
2142 3323 2266 3389 illis,
2292 3333 2339 3376 et
2368 3325 2687 3378 inambuluba
2733 3323 2916 3395 (Lavit.
2946 3325 3037 3379 26.
3072 3326 3167 3387 i2;
3199 3323 3252 3376 2.
3287 3326 3402 3376 Cor.
3432 3324 3486 3378 6.
3519 3326 3637 3394 i6);

2063 3425 2117 3468 ct
2142 3431 2349 3469 rursum
2389 3433 2402 3468 :
2444 3415 2544 3468 Vos
2572 3416 2809 3483 templum
2839 3414 2931 3468 Dei
2958 3417 3096 3481 estis,
3114 3426 3159 3467 et
3186 3415 3408 3484 Spiritus
3436 3414 3532 3468 Dei
3556 3416 3640 3469 in-

2063 3503 2251 3557 habitat
2292 3505 2347 3558 in
2382 3504 2516 3557 vobis
2547 3506 2620 3574 (l.
2652 3505 2770 3559 Cor.
2805 3506 2857 3559 3.
2905 3504 3013 3575 l6),
3043 3506 3202 3559 etiam
3250 3521 3348 3561 nos
3389 3504 3641 3561 adversus

2066 3592 2195 3647 istos
2223 3593 2481 3657 dicamus,
2510 3603 2563 3647 et
2603 3594 2926 3662 impudentia
2968 3595 3245 3663 impiorum
3276 3610 3367 3648 ora
3395 3596 3640 3651 obstrua-

2066 3700 2205 3751 mus,
2235 3687 2538 3755 nostrisque
2564 3687 2771 3741 interim
2804 3687 2957 3741 bonis
2985 3686 3243 3752 laetemur,
3271 3700 3332 3741 ac
3362 3688 3525 3742 Deum
3556 3689 3641 3742 in-

2066 3785 2341 3832 carnatum
2367 3776 2435 3831 ob
2464 3786 2568 3830 tam
2612 3777 2969 3847 indulgentem
2999 3777 3065 3832 ad
3094 3793 3191 3833 nos
3220 3794 3387 3849 usque
3434 3780 3513 3834 sui
3543 3780 3641 3836 de-

2069 3869 2378 3923 missionem
2425 3867 2812 3939 gloricemus,
2858 3876 2912 3922 et
2962 3884 3057 3936 pro
3105 3869 3296 3922 virium
3342 3878 3642 3925 nostrarum

2068 3958 2315 4013 facultate
2365 3958 2679 4027 condignam
2733 3958 2833 4031 ipsi
2876 3958 3267 4013 venerationem
3314 3959 3645 4030 gratiamque

2070 4050 2391 4105 reddamus:
2423 4051 2532 4104 Deo
2578 4059 2754 4104 autem
2784 4050 2926 4105 nulla
2951 4065 2983 4105 a
3016 4049 3168 4104 nobis
3210 4050 3495 4120 gratiarum
3548 4067 3649 4120 par

2071 4141 2354 4196 retributio
2384 4140 2502 4194 eri
2528 4149 2706 4210 queat,
2735 4140 2834 4195 nisi
2868 4140 3038 4194 solum
3064 4155 3146 4204 ea,
3175 4156 3293 4210 qua:
3319 4141 3561 4196 consistit
3588 4140 3649 4196 in

2069 4240 2250 4286 nostra
2275 4231 2678 4301 animarumque
2705 4240 3002 4285 nostrarum
3050 4231 3242 4296 salute,
3272 4240 3430 4301 atque
3456 4232 3507 4285 in
3535 4231 3649 4285 vir-

2074 4325 2199 4377 tutis
2237 4324 2429 4376 studio.

2144 4416 2196 4469 7.
2249 4417 2370 4482 Quis
2422 4418 2599 4469 modus
2646 4416 2909 4469 accedendi
2952 4415 3018 4467 ad
3074 4414 3243 4469 divina
3281 4416 3535 4485 mysteria.
3577 4445 3652 4454 ~-

2072 4506 2149 4561 Ne
2173 4507 2339 4561 simus
2364 4522 2490 4576 ergo
2517 4507 2603 4561 hic
2637 4508 2821 4575 ingrati
2849 4520 2973 4576 erga
3008 4506 3136 4560 tanti
3173 4507 3223 4559 in
3266 4520 3361 4559 nos
3404 4505 3651 4560 bcncilcii

2072 4606 2366 4662 auctorem,
2390 4596 2483 4651 sed
2505 4611 2693 4652 omnes
2721 4597 2897 4649 omnia
2933 4597 2982 4651 ei
3020 4611 3118 4665 pro
3145 4595 3283 4649 virili
3321 4595 3604 4649 ocratntts
3624 4630 3649 4661 ,

2076 4691 2232 4745 tidem
2253 4731 2268 4755 ,
2306 4704 2454 4760 spem
2475 4731 2491 4755 ,
2533 4690 2803 4744 caritatem
2824 4729 2838 4753 ,
2871 4688 3310 4758 temperantiam,
3350 4685 3652 4740 miscricor-

2076 4785 2217 4839 diam
2241 4825 2257 4849 ,
2287 4783 2716 4853 hospitalitatem.
2745 4783 2811 4836 Et
2833 4781 2900 4836 ad
2926 4782 3068 4852 quod
3094 4795 3263 4850 nuper
3285 4793 3378 4833 vos
3399 4777 3649 4831 cohorta-

2079 4884 2160 4929 tus
2186 4890 2327 4939 sum,
2350 4874 2416 4928 ad
2437 4873 2490 4928 id
2515 4873 2677 4929 etiam
2703 4887 2844 4928 nunc
2863 4882 2918 4927 et
2942 4873 2993 4926 in
3023 4880 3288 4941 posterum
3315 4882 3528 4936 semper
3552 4881 3655 4923 vos

2078 4966 2347 5021 cohortari
2377 4980 2484 5020 non
2511 4964 2782 5020 desistam.
2824 4962 3084 5031 Quidnam
3127 4958 3271 5013 hoc?
3297 4957 3431 5012 Cum
3470 4970 3654 5011 acces-

2081 5058 2190 5112 suri
2218 5057 2348 5113 estis
2370 5057 2436 5111 ad
2458 5056 2785 5114 tremendam
2802 5055 3138 5123 divinamque
3165 5052 3309 5106 illam
3334 5064 3574 5107 mensam
3599 5058 3661 5105 et

2082 5165 2231 5203 sacra
2250 5149 2522 5220 mysteria,
2547 5163 2669 5205 cum
2689 5150 2876 5203 timore
2900 5161 2964 5202 ac
2988 5156 3217 5201 tremore
3246 5143 3347 5199 hoc
3373 5142 3529 5197 facite
3551 5140 3659 5213 (),

2082 5254 2202 5294 cum
2243 5254 2374 5309 pura
2414 5240 2737 5295 conscientia
2765 5278 2778 5303 ,
2809 5250 2928 5291 cum
2970 5234 3172 5306 jejunio
3208 5242 3264 5289 et
3306 5233 3612 5303 precatione
3638 5249 3657 5285 :

2086 5347 2189 5387 non
2220 5332 2602 5387 tumultuantes
2625 5371 2641 5396 ,
2672 5344 2778 5385 non
2804 5328 3140 5383 calcitrantes
3159 5364 3177 5391 ,
3217 5340 3325 5380 non
3356 5324 3661 5396 proximum

2152 5515 2224 5578 ()
2258 5514 2372 5565 vide
2396 5511 2639 5563 Homiliam
2663 5514 2711 5564 in
2731 5518 2776 5562 8.
2802 5509 3145 5571 Philogonium,
3168 5513 3205 5559 .
3237 5508 3274 5557 .
