4062 6206
451 94 550 148 361
1158 88 1214 144 S.
1253 80 1538 143 JOANNIS
1575 77 2062 139 CHRYSOSTOMI
2105 75 2422 133 ARClllEP.
2469 63 3011 130 CONSTANTINOP.
3618 74 3716 128 3;;9

453 202 787 270 impellentcs
817 219 830 254 :
872 209 1129 254 extrema:
1157 198 1299 251 enim
1339 195 1440 252 hoc
1473 196 1735 266 superbia:
1760 203 1876 260 est,
1903 207 2032 247 con-

455 294 861 362 temptionisque
907 291 1123 345 minime
1163 291 1388 360 vulgaris
1433 307 1445 343 :
1491 304 1656 358 quate
1701 289 1858 341 etiam
1908 287 2030 342 talia

454 385 878 454 perpetrantibus
909 385 1232 453 punitionem
1276 382 1494 435 multam
1536 382 1801 436 conciliat.
1835 381 2031 434 Tecum

451 487 634 543 reputa
652 517 666 541 ,
696 491 727 530 ο
764 475 924 530 homo
949 516 964 541 ,
992 475 1199 544 qualem
1231 473 1459 526 hostiam
1487 487 1546 526 es
1573 481 1996 527 contrectaturus
2015 512 2031 535 ,

449 566 658 633 qualem
687 582 926 620 mensam
966 565 1236 629 aditurus;
1275 573 1448 618 tecum
1493 573 1675 632 reputa
1703 604 1717 628 ,
1745 562 1883 632 quod
1910 577 2032 616 cum

450 667 594 713 terra
621 660 694 713 sis
717 671 770 714 et
797 660 952 722 cinis,
981 673 1174 726 corpus
1201 665 1256 712 et
1281 655 1590 726 sanguinem
1617 654 1815 710 Christi
1844 655 2028 710 sumis.

449 749 578 804 Etsi
610 767 704 806 vos
731 768 822 807 rex
849 750 1060 821 quidem
1088 751 1152 803 ad
1183 750 1481 804 convivium
1504 759 1673 812 vocet,
1699 765 1816 803 cum
1845 750 2035 803 timore

450 844 782 908 accumbitis,
808 843 1060 912 cibosque
1083 842 1354 911 appositos
1383 857 1502 895 cum
1542 842 1838 896 reverentia
1871 849 1924 894 et
1962 841 2036 894 si-

451 930 614 985 lentio
635 934 842 987 sumitis
872 949 886 998 ;
918 934 1025 987 Deo
1050 943 1228 987 autem
1269 942 1320 986 te
1358 932 1424 986 ad
1468 948 1618 986 suam
1661 948 1900 986 mensam
1945 948 2034 985 vo-

449 1035 605 1078 cante
628 1066 642 1087 ,
676 1024 972 1094 Filiumque
999 1040 1154 1078 suum
1184 1023 1256 1078 ibi
1293 1033 1594 1094 apponente
1617 1065 1631 1090 ,
1663 1025 1751 1079 ubi
1780 1025 2035 1094 angelica:

450 1121 741 1181 potestates
765 1115 1029 1168 adsistunt
1053 1130 1174 1169 cum
1204 1115 1395 1168 timore
1415 1123 1469 1168 et
1491 1124 1722 1170 tremore
1745 1157 1760 1180 ,
1786 1117 1870 1170 ubi
1899 1117 2036 1171 Che-

451 1201 626 1256 rubini
658 1205 835 1258 velant
871 1205 1031 1260 facies
1070 1220 1230 1270 suas,
1268 1213 1427 1275 atque
1467 1205 1746 1274 Seraphini
1774 1221 1894 1261 cum
1925 1217 2035 1262 tre-

450 1310 602 1350 more
635 1297 883 1363 clamant,
929 1297 1173 1360 Sanctus,
1214 1297 1459 1363 Sanctus,
1489 1297 1717 1353 Sanctus
1743 1300 2033 1354 Dominus:

452 1397 505 1440 tu
530 1387 657 1441 mihi
679 1388 842 1442 audes
869 1373 1206 1443 vociferando
1229 1405 1292 1442 ac
1319 1389 1687 1444 tumultuando
1708 1390 1773 1443 ad
1799 1391 2038 1459 spiritale

453 1477 582 1531 illud
631 1479 930 1533 convivium
975 1480 1273 1535 accedere?
1312 1481 1392 1534 An
1436 1490 1486 1534 te
1525 1480 1656 1551 fugit
1695 1497 1760 1536 co
1803 1491 2040 1552 tempore

451 1571 615 1624 multa
647 1573 1028 1642 tranquillitate
1074 1582 1306 1627 mentem
1344 1587 1464 1627 esse
1505 1574 1716 1644 plenam
1749 1575 2040 1642 Oportere?

451 1660 718 1731 Multaque
746 1679 873 1732 pace
895 1680 955 1716 ac
976 1665 1152 1732 quiete
1178 1679 1308 1732 opus
1331 1673 1434 1729 est,
1463 1679 1568 1718 non
1595 1673 1771 1718 autem
1791 1665 2036 1731 tumultu,

452 1753 720 1807 iracundia
745 1796 758 1820 ,
793 1757 1120 1824 strepituque
1153 1772 1166 1807 :
1202 1756 1314 1809 hinc
1353 1757 1496 1809 enim
1543 1756 1869 1809 immundam
1918 1757 2036 1810 ani-

453 1858 592 1895 tuam
621 1845 959 1898 accedentem
984 1845 1237 1899 el'liciunt.
1270 1847 1526 1911 Quarnam
1555 1858 1733 1901 autem
1761 1849 1910 1902 venia
1938 1864 2038 1902 no-

451 1931 533 1985 bis
562 1933 818 1987 habeatur
844 1975 858 2000 ,
903 1935 948 1988 si
988 1945 1106 2003 post
1144 1943 1287 1990 tanta
1327 1947 1543 2006 peccata
1567 1977 1582 2001 ,
1616 1938 1802 1992 saltem
1829 1945 2040 2008 tempus

453 2021 574 2087 hoc,
602 2039 708 2092 quo
733 2025 797 2077 ad
826 2040 1029 2078 sacram
1063 2025 1199 2080 hanc
1223 2041 1462 2080 mensam
1493 2026 1722 2092 adimus,
1751 2028 1818 2082 ab
1842 2029 2042 2083 irratio-

452 2115 716 2170 nabilibus
741 2118 885 2172 hisce
914 2119 1400 2186 perturbationibus
1419 2135 1522 2174 non
1552 2121 1879 2190 purgemus?
1904 2121 2040 2188 Quid

450 2219 629 2263 autem
659 2211 878 2264 omnino
908 2222 989 2264 est
1019 2212 1184 2281 magis
1222 2213 1581 2267 necessarium
1600 2251 1615 2276 ,
1645 2227 1804 2282 quam
1833 2228 1896 2267 ea
1923 2229 2042 2283 qua:

451 2305 504 2358 in
535 2301 633 2356 hac
665 2317 848 2356 mensa
882 2305 1293 2372 proponuntur?
1318 2313 1410 2358 aut
1437 2303 1561 2374 quid
1603 2315 1754 2374 urget
1801 2320 1898 2359 nos
1921 2346 1936 2371 ,
1983 2313 2040 2359 ut

450 2393 809 2459 connitamur,
840 2394 1200 2463 spiritualibus
1231 2396 1390 2451 rebus
1416 2396 1620 2451 relictis
1644 2437 1659 2463 ,
1691 2396 1820 2450 illuc
1849 2412 2040 2466 prOpe-

450 2497 572 2538 rarc
595 2482 651 2535 ‘?
692 2483 770 2538 Nc
793 2525 807 2546 ,
841 2499 970 2554 rogo
996 2500 1090 2538 vos
1129 2497 1288 2554 atque
1313 2469 1569 2552 obtestor,
1618 2502 1685 2541 ne
1723 2487 1956 2540 divinam
1986 2487 2040 2540 in

452 2588 550 2628 nos
568 2574 698 2627 iram
723 2575 1084 2629 concitemus:
1109 2576 1551 2631 medicamentum
1568 2586 1650 2632 est
1676 2577 1726 2632 id
1749 2580 1888 2647 quod
1917 2594 2040 2647 pro-

450 2662 668 2732 ponitur
687 2665 966 2718 vulnerum
999 2675 1306 2720 nostrorum
1331 2667 1560 2723 salutare
1580 2710 1594 2733 ,
1617 2669 1817 2723 divitia:
1842 2670 2040 2725 indesi-

455 2763 667 2817 nentes,
696 2771 816 2823 qua:
841 2756 1092 2810 caelorum
1125 2757 1279 2811 nobis
1307 2773 1526 2828 regnum
1567 2760 1874 2815 conciliant.
1903 2761 2036 2815 Cum

453 2843 676 2899 horrore
707 2846 881 2914 itaque
908 2846 1224 2902 accedamus
1241 2889 1257 2916 ,
1285 2850 1481 2918 gratias
1507 2865 1724 2920 agamus
1744 2893 1758 2916 ,
1788 2865 2038 2920 procum-

451 2936 640 2991 bamus
667 2938 979 2993 conﬁtentes
1011 2949 1224 3007 peccata
1269 2951 1487 3006 nostra;
1517 2941 1872 3013 lacrymemur
1900 2942 2036 2996 mala

453 3038 636 3083 nostra
664 3032 903 3099 lugentes
923 3050 952 3098 ;..
968 3033 1198 3088 intentas
1221 3049 1286 3089 ac
1311 3035 1486 3106 largas
1507 3051 1692 3105 preces
1721 3038 1828 3091 Deo
1849 3035 2038 3090 funda-

452 3134 572 3173 mus
602 3137 616 3174 :
641 3121 823 3190 sicque
862 3138 961 3176 nos
1002 3123 1148 3192 ipsos
1187 3126 1536 3181 emundantes
1559 3167 1572 3190 ,
1604 3127 1760 3181 tacite
1782 3166 1796 3191 ,
1825 3135 1880 3180 et
1916 3142 2037 3181 cum

451 3209 627 3264 debita
652 3212 906 3267 modestia
931 3225 1195 3284 tamquam
1219 3217 1282 3270 ad
1303 3218 1552 3272 ezelorum
1577 3233 1755 3287 regem
1778 3218 2037 3273 adeuntes

451 3303 811 3360 accedamus:
851 3318 1196 3378 sanctamque
1253 3309 1389 3364 hanc
1431 3317 1486 3365 et
1515 3310 1901 3364 immaculatam
1946 3312 2043 3365 ho-

515 3458 532 3489 ⁸
567 3465 696 3529 ipss,
720 3464 770 3508 ut
793 3459 1069 3523 festinemus
1101 3471 1165 3523 et,
1185 3461 1459 3527 spiritantia
1489 3463 1822 3529 relinquentes,
1847 3465 1914 3516 ad
1938 3478 2041 3515 cor-

450 3519 638 3580 poralia
668 3519 997 3585 properemus.

2137 193 2292 246 stiam
2322 193 2660 262 recipientes,
2677 191 3068 258 exosculemur,
3097 191 3267 247 oculis
3294 207 3410 247 eam
3434 194 3720 262 complexi,

2145 293 2480 353 mentemque
2514 293 2568 339 et
2604 285 2839 339 animum
2867 285 3213 339 incendamus
3233 327 3245 350 ,
3287 302 3355 339 ne
3385 287 3436 340 in
3465 287 3721 356 judicium

2141 386 2233 430 aut
2258 377 2650 430 damnationem
2677 378 3080 442 conveniamus,
3111 377 3206 432 sed
3232 379 3283 433 in
3312 381 3504 433 animze
3534 391 3725 450 tempe-

2142 471 2387 533 rantiam,
2422 469 2473 522 iu
2495 469 2855 534 dilectionem,
2884 470 2936 522 iu
2967 471 3238 539 virtutem,
3270 480 3324 528 et
3351 490 3473 529 cum
3506 475 3616 528 Deo
3645 493 3721 530 re-

2141 560 2564 614 conciliationem
2587 603 2604 627 ,
2640 562 2690 614 in
2727 576 2909 630 pacem
2955 561 3162 616 ﬁrmam
3183 605 3198 629 ,
3223 580 3285 619 ac
3325 566 3470 619 mille
3495 566 3726 637 denique

2141 651 2400 706 bonorum
2428 653 2761 707 occasionem
2791 669 2805 704 :
2836 664 2891 707 ut
2921 662 2974 708 et
3004 670 3100 708 nos
3127 656 3270 724 ipsos
3300 666 3512 711 sanctos
3537 659 3725 712 redda-

2143 761 2295 810 mus,
2342 757 2397 800 et
2442 747 2712 815 proximos
2753 746 3098 801 aedilicemus.
3145 749 3220 803 De
3263 749 3344 802 his
3384 751 3602 805 assidue
3638 767 3732 805 vo-

2143 835 2346 889 biscum
2385 851 2504 903 ago,
2543 852 2640 891 nec
2677 853 2833 907 agere
2861 837 3136 893 desistam.
3179 840 3310 906 Qua:
3348 842 3490 895 enim
3531 842 3734 896 utilitas

2142 929 2361 981 omnino
2387 937 2588 983 temere
2611 929 2713 983 huc
2736 944 3079 997 concurrere,
3103 932 3147 985 si
3169 931 3300 986 nihil
3323 933 3464 1001 quod
3487 934 3621 988 utile
3641 934 3732 1000 sit,

2142 1021 2427 1074 addiscatis
2446 1023 2468 1074 ?
2485 1021 2785 1086 Quodnam.
2811 1023 3058 1088 obsecro,
3082 1023 3286 1077 lucrum
3313 1024 3486 1089 allert,
3515 1041 3738 1097 semper

2142 1113 2207 1166 ad
2233 1114 2455 1182 gratiam
2483 1113 2632 1167 vobis
2653 1114 2958 1168 concionari
2977 1114 3000 1166 Υ
3021 1115 3190 1169 Breve
3212 1130 3444 1184 praesens
3471 1118 3579 1172 hoc
3597 1128 3737 1173 tem-

2145 1220 2241 1272 pus
2267 1213 2378 1269 est,
2408 1220 2440 1258 ο
2465 1204 2643 1260 dilecti
2673 1223 2686 1258 :
2715 1207 2878 1260 sobrii
2909 1207 3096 1270 simus,
3126 1209 3424 1277 vigilemus,
3459 1226 3559 1264 nos
3585 1211 3736 1280 ipsos

2143 1309 2555 1364 componamus;
2575 1312 2734 1351 omne
2759 1297 3000 1350 benevoli
3024 1299 3187 1352 animi
3214 1300 3446 1353 studium
3471 1304 3524 1355 iu
3542 1318 3737 1358 omnes

2145 1387 2350 1440 sincere
2377 1387 2749 1442 ostendamus:
2785 1388 2835 1442 in
2863 1389 3109 1444 omnibus
3139 1402 3445 1447 reverenter
3467 1410 3727 1464 agamus,

2145 1493 2238 1531 seu
2263 1476 2442 1532 divina
2462 1477 2621 1533 verba
2649 1479 2851 1542 audire,
2875 1481 2986 1534 sive
3011 1497 3186 1549 orare,
3219 1484 3332 1538 sive
3357 1485 3421 1537 ad
3457 1486 3548 1540 Dei
3578 1504 3739 1542 meu-

2146 1585 2258 1624 sam
2284 1571 2559 1636 accedere,
2588 1572 2699 1627 sive
2723 1573 2864 1627 aliud
2891 1574 3018 1644 quid
3044 1575 3276 1647 denique
3307 1577 3609 1634 faciendum
3642 1583 3738 1647 sit,

2145 1675 2265 1715 cum
2290 1661 2480 1717 timore
2499 1677 2562 1716 ac
2587 1665 2846 1718 tremore'
2872 1665 2921 1718 id
2950 1665 3040 1720 liat
3069 1683 3081 1720 :
3112 1683 3179 1721 ne
3204 1668 3519 1738 negligentia
3553 1681 3741 1726 nostra

2146 1750 2572 1805 maledicuionem
2617 1754 2772 1808 nobis
2806 1770 3162 1811 accersamus.
3212 1757 3518 1815 Maledictus
3557 1764 3696 1817 enim
3725 1808 3741 1829 ,

2147 1842 2314 1911 inquit
2343 1843 2623 1912 propheta,
2645 1847 2827 1913 omnis,
2851 1847 2938 1916 qui
2961 1849 3084 1919 facit
3105 1865 3232 1918 opus
3253 1848 3460 1904 Domini
3480 1855 3747 1924 negligen-

2147 1941 2219 1985 ter
2243 1931 2384 2002 (Jer.
2411 1933 2499 1987 48.
2526 1934 2651 2006 10).
2679 1935 3040 1992 Tumultuatio
3059 1940 3200 1993 enim
3231 1949 3286 1995 et
3310 1942 3583 1998 iracundia
3611 1947 3631 1977 ³
3661 1949 3745 2000 el-

2147 2021 2324 2077 ﬁcitur
2347 2025 2668 2080 contumelia
2712 2026 2762 2080 in
2800 2026 3025 2082 hostiam
3057 2045 3175 2098 qua:
3206 2034 3539 2101 proponitur.
3574 2036 3744 2092 Certe

2146 2127 2384 2171 extrema
2403 2120 2728 2188 contemptio
2747 2129 2849 2184 est,
2870 2122 3287 2177 contaminatum
3305 2140 3363 2179 se
3379 2125 3574 2182 oll‘erre
3593 2129 3708 2184 Deo
3729 2148 3745 2185 :

2148 2222 2267 2259 nam
2318 2207 2441 2261 audi
2487 2208 2611 2276 quid
2656 2208 2723 2263 de
2766 2209 2957 2264 talibus
3004 2210 3147 2266 dicat
3187 2215 3500 2283 apostolus:
3535 2217 3598 2271 Si
3624 2221 3748 2286 quis

2145 2299 2388 2368 templum
2410 2298 2506 2352 Dei
2534 2311 2842 2370 corrumpat,
2866 2301 3119 2372 disperdet
3147 2303 3291 2357 illum
3316 2303 3453 2360 Deus
3485 2306 3505 2374 (
3533 2308 3580 2360 1.
3609 2307 3743 2362 Cor.

2145 2391 2198 2446 5.
2228 2393 2292 2445 l7
2313 2395 2350 2462 ).
2383 2391 2460 2447 Ne
2487 2408 2612 2462 ergo
2641 2408 2736 2462 pro
2756 2408 2822 2448 eo
2840 2395 2980 2464 quod
3014 2395 3180 2451 Deum
3209 2398 3362 2452 nobis
3386 2401 3744 2457 reconciliare

2145 2485 2468 2541 debebamus
2492 2529 2506 2552 ,
2550 2503 2670 2542 cum
2714 2489 2767 2542 in
2803 2505 2900 2542 nos
2929 2489 3196 2544 irritemus
3222 2509 3234 2544 :
3266 2491 3359 2546 sed
3389 2508 3604 2547 omnem
3634 2511 3741 2548 cu-

2148 2592 2282 2640 ram,
2308 2577 2644 2644 munditiem,
2670 2580 2964 2650 anima-que
2985 2583 3418 2652 tranquillitatem
3440 2599 3550 2653 prze
3581 2587 3745 2641 nobis

2147 2670 2396 2736 ferentes,
2425 2685 2546 2725 cum
2577 2672 2820 2740 precibus
2843 2684 2896 2727 et
2924 2673 3086 2728 corde
3111 2674 3341 2729 contrito
3387 2677 3734 2732 accedamus.

2145 2759 2215 2816 Ut
2243 2759 2343 2815 hoc
2369 2772 2522 2830 pacto
2553 2763 2832 2817 Dominum
2862 2775 3102 2819 nostrum
3130 2765 3313 2821 Jesum
3333 2765 3595 2823 Christum
3625 2787 3737 2824 no-

2145 2853 2228 2907 bis
2248 2853 2533 2923 propitium
2553 2854 2858 2920 reddentes,
2882 2857 3143 2926 promissa
3166 2859 3318 2913 nobis
3335 2859 3470 2915 bona
3490 2861 3746 2918 obtinere

2147 2943 2449 3011 possimus,
2487 2946 2654 3014 gratia
2683 2955 2737 3001 et
2777 2947 3102 3018 benignitate
3145 2950 3352 3004 Domini
3393 2956 3557 3006 nostri
3603 2953 3744 3008 Jesu

2144 3034 2362 3101 Christi,
2387 3052 2508 3090 cum
2534 3052 2639 3106 quo
2663 3037 2806 3093 Patri
2831 3055 2934 3093 una
2956 3055 3075 3095 cum
3103 3050 3286 3096 sancto
3309 3043 3510 3112 Spiritu
3537 3046 3738 3113 gloria,

2145 3135 2380 3193 potestas
2405 3167 2420 3189 ,
2449 3127 2641 3195 honor,
2670 3145 2811 3184 nunc
2834 3139 2890 3186 et
2917 3145 3148 3201 semper,
3174 3141 3228 3188 et
3254 3135 3307 3188 in
3333 3137 3524 3190 saecula
3555 3152 3741 3192 δειλω-

2146 3223 2338 3278 lorum.
2368 3223 2560 3278 Amen.

2209 3463 2224 3492 ι
2263 3459 2365 3518 Alii,
2391 3473 2501 3508 cum
2523 3460 2689 3510 timore
2711 3467 2757 3511 et
2778 3458 2988 3521 judicio.

2206 3525 2228 3554 ⁸
2262 3522 2395 3582 aditi,
2412 3528 2458 3571 et
2480 3521 2696 3583 clamor;
2716 3519 2840 3583 Mss»,
2867 3519 3202 3572 etiractmdia.

493 3675 3654 3714 www-

994 3919 1074 3980 lN
1117 3919 1531 3981 HOMILIAM
1575 3921 1680 3979 DE
1717 3919 2120 3980 BAPTISMO
2164 3915 2480 3981 CHRISTI
2521 3918 2623 3978 ET
2659 3917 2766 3976 DE
2797 3915 3226 3978 EPIPHANIA

561 4189 714 4248 Hanc
739 4192 1017 4247 homiliam
1039 4191 1229 4261 paucis
1255 4190 1456 4260 elapsis
1487 4197 1611 4260 post
1643 4189 2030 4258 praecedentem
2072 4190 2140 4245 de
2168 4188 2345 4243 Natali
2381 4187 2587 4242 Christi
2613 4186 2823 4249 diebus,
2857 4185 3115 4241 nimirum
3170 4188 3222 4242 in
3278 4187 3365 4241 die
3395 4185 3718 4256 Epiphania:

491 4285 618 4338 anni
643 4285 744 4339 387
782 4286 1023 4340 habitam
1059 4284 1252 4350 fuisse,
1288 4284 1534 4352 quedam
1563 4283 1792 4337 suadere
1821 4283 2092 4337 videntur.
2126 4281 2262 4336 Nam
2295 4279 2439 4350 quod
2477 4278 2611 4334 dicit
2642 4277 2781 4333 infra
2809 4293 3037 4333 numero
3066 4287 3261 4347 quarto
3289 4297 3304 4332 :
3343 4277 3467 4332 Scio
3513 4279 3624 4344 [ore
3660 4288 3724 4332 ut

491 4377 867 4448 quamplurimi
891 4377 1032 4442 apud
1071 4391 1164 4429 nos
1206 4391 1270 4428 ea:
1305 4375 1426 4443 festi
1454 4374 1825 4428 consuetudine
1854 4375 1924 4426 ad
1949 4391 2159 4428 sacram
2198 4375 2332 4427 hanc
2372 4388 2605 4426 mensam
2651 4380 2933 4424 accurrunt
2960 4387 2978 4424 :
3010 4387 3135 4424 sane
3183 4371 3392 4442 quidem
3434 4374 3724 4440 expediret.

497 4469 553 4524 id
579 4467 718 4538 quod
747 4467 882 4520 alias
909 4483 1046 4536 same
1078 4465 1249 4519 dicere
1279 4466 1540 4532 praeverti.
1571 4465 1646 4528 ὡς
1674 4464 1767 4518 καὶ
1799 4464 2036 4518 πολλάκιι

2145 4465 2242 4535 θην
2269 4461 2457 4526 εἰπών,
2494 4470 2552 4514 ut
2577 4461 2712 4530 festa
2739 4475 3064 4529 nequaquam
3090 4459 3487 4517 observarentur
3509 4465 3726 4532 quando

490 4564 878 4620 communicare
913 4578 1040 4631 opus
1073 4569 1228 4624 esset,
1271 4562 1360 4615 sed
1382 4571 1437 4615 ut
1464 4561 1782 4614 conscientia
1813 4561 2182 4623 mandaretur,
2209 4567 2338 4622 etc.,
2363 4555 2491 4610 illud
2513 4555 2692 4625 ipsum
2721 4567 2882 4622 porro
2906 4553 3116 4606 dixerat
3144 4553 3333 4620 paucis
3355 4563 3481 4608 ante
3508 4555 3725 4619 diebus,

492 4658 751 4713 nimirum
779 4657 834 4708 in
866 4655 1002 4708 festo
1042 4651 1100 4707 S.
1131 4651 1456 4722 Philogonii,
1487 4668 1557 4705 xx
1588 4649 1902 4706 Decembris
1921 4650 2051 4704 anni
2078 4647 2205 4710 386.
2239 4662 2388 4701 num.
2427 4647 2500 4699 24
2529 4664 2541 4700 :
2588 4643 2744 4698 Nunc
2774 4653 2949 4697 autem
2974 4643 3130 4697 multi
3161 4643 3400 4712 ﬁdelium
3435 4647 3488 4699 in
3520 4656 3731 4700 tantam

491 4752 784 4808 vecordiam
817 4760 1121 4818 tantumque
1145 4763 1321 4802 venere
1357 4755 1730 4816 contemptum,
1762 4754 1819 4799 ut
1843 4761 1961 4799 cum
1983 4745 2274 4798 innumeris
2303 4751 2539 4796 scateant
2569 4739 2747 4802 malis,
2782 4739 3084 4805 nullamque
3115 4737 3232 4790 vitae
3258 4752 3369 4791 sum
3413 4753 3599 4790 curam
3632 4741 3733 4788 Im-

491 4844 667 4910 beant,
703 4846 758 4898 in
787 4843 970 4898 diebus
999 4843 1145 4911 festis
1183 4841 1496 4913 negligenter
1523 4859 1584 4896 ac
1623 4851 1811 4896 temere
1865 4841 1934 4894 ad
2001 4856 2230 4894 mensam
2265 4840 2398 4892 hanc
2447 4837 2718 4901 accedant,
2771 4843 2874 4888 etc.
2915 4832 2969 4887 lu
3007 4833 3112 4888 hoc
3168 4835 3295 4888 item
3347 4833 3418 4887 De
3467 4834 3730 4901 baptismo

493 4939 692 4994 Christi
724 4953 996 5002 sermone,
1027 4937 1216 4992 eodem
1253 4952 1480 4992 numero
1509 4947 1701 5006 quarto
1733 4937 1813 4992 sic
1834 4936 2026 4990 habet:
2054 4934 2336 4999 Quodnam
2374 4934 2538 5002 igitur
2571 4931 2708 4984 illud
2737 4938 3007 4998 peccatum
3025 4936 3100 4981 est
3126 4927 3150 4981 ?
3179 4927 3318 4997 quod
3341 4942 3459 4979 cum
3506 4938 3730 4980 tremore

493 5050 594 5090 non
631 5035 963 5101 accedamus,
1000 5034 1090 5088 sed
1137 5027 1367 5086 calcibus
1419 5027 1741 5095 impetentes,
1789 5025 2151 5094 percutientes,
2203 5025 2286 5077 ira
2327 5033 2609 5090 turgentes,
2657 5021 2967 5081 clamantes,
3016 5018 3363 5072 conviciantes
3405 5019 3728 5086 proximum,

495 5127 763 5181 trudentes
794 5126 941 5180 :Iuec
963 5135 1009 5180 et
1035 5141 1169 5193 sirpe
1200 5123 1337 5186 dixi,
1366 5129 1413 5174 et
1439 5121 1609 5174 dicere
1632 5135 1732 5172 non
1765 5117 1998 5174 cessabo.
2027 5118 2085 5171 ln
2113 5116 2364 5171 oratione
2391 5124 2570 5170 autem
2600 5113 2667 5169 de
2692 5113 2866 5168 Natali
2891 5112 3091 5168 Christi
3123 5112 3374 5168 similiter
3398 5126 3627 5166 numero
3651 5112 3683 5164 7
3712 5129 3727 5164 :

497 5214 567 5269 Et
596 5217 664 5270 ad
685 5217 822 5287 quod
846 5232 1006 5286 nuper
1039 5217 1057 5287 (
1085 5215 1290 5271 scilicet
1314 5215 1368 5270 in
1401 5213 1539 5270 festo
1567 5212 1625 5268 S.
1653 5212 1997 5282 Philogonii)
2027 5228 2125 5279 ,vos
2155 5211 2460 5265 cohortatus
2492 5226 2608 5265 sum
2627 5249 2642 5272 ,
2671 5209 2740 5262 ad
2768 5210 2822 5262 id
2869 5208 3030 5262 etiam
3083 5225 3220 5263 nunc
3266 5216 3315 5262 et
3367 5209 3421 5260 in
3460 5217 3728 5277 posterum

491 5326 692 5378 semper
728 5328 809 5363 ros
836 5312 1104 5364 cohortari
1127 5327 1227 5364 non
1265 5310 1538 5365 desistant.
1578 5307 1838 5374 Quidnam
1880 5307 2023 5361 hoc?
2071 5305 2203 5362 Cum
2241 5305 2504 5359 (recessuri
2530 5305 2649 5358 rstis
2717 5305 2784 5356 ad
2827 5299 3144 5357 tremendam
3187 5301 3518 5359 divinumque
3575 5297 3724 5351 illam
