4062 6206
1123 152 1176 207 S.
1219 151 1498 208 JOANNIS
1539 153 2030 209 CIIRYSOSTOMI
2067 153 2386 208 ARCHIEP.
2425 149 2972 210 CONSTANTINOP.

515 871 666 944 [367]
705 883 728 911 α
761 871 916 938 Πρὸς
948 870 1087 935 τοὺς
1133 869 1738 939 ἀπολιμπανομένους
1766 868 1884 922 τῶν
1909 871 2082 924 θείων
2113 871 2448 936 συνάξεων,
2485 871 2583 924 καὶ
2635 871 2724 936 εὶς
2745 871 2810 924 τὸ
2833 870 3004 940 ἅγιον
3035 871 3131 924 καὶ
3153 871 3450 938 σωτήριον
3475 871 3700 935 ,βάπτι-

513 977 636 1030 σμα
687 959 792 1014 τοῦ
843 960 1106 1028 Σωτῆρος
1169 959 1326 1028 ἡμῶν
1405 961 1606 1026 Ἰησοῦ
1646 963 1918 1027 λῃστοῦ,
1973 961 2080 1014 καί.
2129 959 2262 1028 περὶ
2303 959 2421 1013 τῶν
2467 962 2726 1028 ἀναξίως
2783 965 3260 1026 κοινωνούντων,
3321 963 3416 1014 καὶ
3481 963 3572 1016 ὅτι
3637 966 3696 1016 οί

511 1051 836 1104 ἀτέλεστον
871 1049 1418 1118 καταλιμπάνοντες
1463 1049 1580 1118 τὴν
1619 1053 1784 1105 θείαν
1815 1053 2206 1121 ιῖειτοιψγίαν,
2259 1055 2361 1106 καὶ
2402 1054 2514 1122 πρὸ
2561 1051 2672 1122 τῆς
2697 1055 3042 1120 τελευταίας
3079 1052 3264 1121 εὐχῆς
3291 1053 3704 1123 ἐξερχόμενοι,

510 1140 617 1196 τὸν
665 1141 896 1198 Ἰούδαν
917 1141 1255 1211 μιμοῦνται,
1307 1140 1508 1210 λόγος.

505 1777 572 1823 α’.
597 1771 804 1837 Πάντες
821 1774 976 1843 ὑμεῖς
996 1775 1052 1825 ἐν
1066 1773 1190 1824 εὺθυ
1199 1771 1296 1841 μίᾳ
1315 1772 1379 1840 τή
1390 1767 1686 1842 μερον,ἐγὼ
1700 1769 1756 1822 δὲ
1775 1771 1831 1822 ἐν
1846 1769 2004 1840 ὀδύνῃ

438 1853 616 1921 μόνος.
647 1855 817 1908 ’Ὀταν
863 1856 970 1925 γὰρ
1025 1857 1104 1917 εἰς
1147 1855 1207 1906 τὸ
1247 1854 1480 1921 πέλαγος
1525 1853 1701 1905 ἀπίδω
1743 1852 1898 1904 τοῦτο
1947 1853 2006 1905 τὸ

435 1937 819 2004 πνευματικὸν,
845 1939 936 1990 καὶ
961 1937 1052 1989 τὸν
1085 1937 1308 2007 ἄπειρον
1331 1936 1429 2006 τῆς
1457 1934 1780 2005 Ἐκκλησίας
1801 1934 2008 1988 Batiam-

437 2035 533 2086 μαι
573 2017 821 2082 πλοῦτον,
853 2016 971 2072 εἶτα
1013 2018 1316 2088 λογίσωμαι
1341 2019 1421 2070 ὅτι
1445 2018 1545 2087 τῆς
1582 2017 1774 2088 ἑορτῆς
1800 2017 2004 2088 παρελ-

434 2098 654 2168 θούσης,
679 2101 774 2152 καὶ
803 2101 864 2154 τὸ
894 2100 1098 2171 πλῆθος
1124 2102 1254 2170 ἡμῖν
1273 2099 1430 2152 τοῦτο
1465 2099 1625 2152 πάλιν
1647 2099 2002 2170 ἀποπηδῆσαν

431 2181 729 2250 οἰχήσεται,
752 2184 1017 2255 δάκνομαι
1039 2185 1132 2236 καὶ
1160 2183 1430 2252 ὀδυνῶμαι
1455 2183 1552 2252 τὴν
1583 2182 1780 2252 ψυχὴν,
1807 2183 1890 2234 ὅτι
1913 2198 2002 2232 το-

435 2263 612 2316 σαῦτα
631 2265 868 2320 τεκοῦσα
900 2266 1068 2319 τέκνα
1102 2269 1134 2335 ὴ
1178 2265 1494 2334 Ἐκκλησία,
1517 2265 1578 2316 οὐ
1609 2264 1728 2316 καθ’
1765 2263 2002 2333 ἑκάστην

433 2345 648 2410 σύναξιν
681 2349 972 2403 ἀπολαύειν
999 2349 1181 2402 αὐτῶν
1212 2347 1456 2411 δύναται,
1484 2347 1598 2400 ἀλλ’
1631 2348 1687 2400 ἐν
1709 2348 1868 2416 ἑορτῇ
1902 2345 2000 2416 μό-

431 2449 540 2484 νον.
575 2431 744 2486 Πόσον
777 2429 844 2504 ἦν
891 2431 1201 2502 ἀγαλλίαμα
1247 2430 1632 2501 πνευματικὸν,
1663 2429 1802 2499 πόα-η
1835 2427 1999 2498 χαρὰ,

433 2516 570 2584 πόση
593 2515 721 2581 δόξα
753 2513 910 2578 Θεοῦ,
943 2515 1085 2584 πόση
1130 2513 1316 2583 ψυχῶν
1343 2513 1602 2581 ὠφέλεια,
1635 2513 1684 2564 εί
1725 2511 1848 2564 καθ’
1875 2509 2003 2563 ἑκά-

431 2613 564 2666 στην
603 2597 822 2663 σύναξιν
859 2597 1002 2650 οὕτω
1049 2595 1510 2666 πεπληρωμένους
1557 2593 1818 2662 ἑωρῶμεν
1875 2592 2002 2656 τοὺς

431 2677 750 2747 περιϐόλους
779 2679 880 2747 τῆς
915 2678 1246 2747 ἐκκλησίας;
1280 2679 1394 2730 Νῦν
1443 2677 1498 2729 δὲ
1539 2675 1731 2730 ναῦται
1765 2675 1861 2744 μὲν
1907 2675 2000 2728 καὶ

429 2761 758 2832 κυϐερνῆται
793 2761 970 2812 πάντα
1005 2759 1246 2812 ποιοῦσιν
1269 2800 1283 2824 ,
1338 2760 1484 2821 ὅπως
1529 2759 1589 2810 τὸ
1623 2758 1856 2824 πέλαγος
1887 2757 2000 2810 δια-

427 2839 746 2910 δράμοιενι),
778 2843 870 2895 καὶ
896 2842 1030 2913 πρὸς
1051 2841 1141 2894 τὸν
1163 2841 1354 2912 λιμένα
1384 2841 1812 2910 καταντήσωσιν·
1839 2841 1999 2910 ἡμεῖς

427 2925 482 2975 δὲ
511 2923 598 2977 διὰ
633 2925 828 2988 παντὸς
869 2926 1137 2992 πελάγους
1181 2924 1426 2978 σαλεύειν
1471 2923 1900 2994 φιλονεικοῦμεν,
1941 2923 1998 2974 ἐν

425 3007 547 3068 ταῖς
594 3007 700 3059 τῶν
743 3007 1008 3076 βιωτικῶν
1043 3009 1378 3079 πραγμάτων
1413 3007 1730 3079 τρικυμίαις
1761 3007 1997 3076 συνεχῶς

426 3087 799 3158 ποντούμενοι,
859 3092 954 3144 καὶ
987 3093 1044 3144 ἐν
1086 3094 1205 3153 ταῖς
1234 3092 1458 3162 ἀγοραῖς
1492 3092 1585 3145 καὶ
1621 3093 1677 3144 ἐν
1711 3091 1824 3154 τοῖς
1850 3091 1996 3144 δικα-

425 3171 670 3241 στηρίοις
725 3175 1099 3244 στρεφόμενοι,
1147 3174 1382 3226 ἐνταῦθα
1427 3175 1483 3227 δὲ
1514 3174 1660 3239 άπαξ
1689 3175 1722 3245 ἣ
1747 3173 1993 3244 δεύτερον

427 3253 579 3320 μόλις
602 3254 692 3308 τοῦ
724 3255 922 3319 παντὸς
943 3255 1289 3319 ἀπαντῶντες
1317 3257 1582 3310 ἐνιαυτοῦ.

499 3338 566 3388 Ἢ
601 3339 842 3406 ἀγνοεῖτε
871 3340 950 3392 ὅτι
983 3339 1228 3407 καθάπερ
1245 3339 1468 3410 λιμένας
1499 3343 1556 3392 ἐν
1581 3340 1822 3408 πελάγει,
1851 3341 1993 3394 οὕτω

423 3415 522 3480 τάς
559 3420 856 3491 ἐκκλησίας
888 3423 945 3474 ἐν
975 3425 1094 3484 ταῖς
1145 3421 1361 3474 πόλεσιν
1412 3421 1611 3492 ἔπηξεν
1641 3426 1670 3476 ὁ
1713 3423 1866 3489 Θεὸς,
1905 3425 1992 3477 ἵνα

421 3499 528 3552 ἀπὸ
575 3503 670 3571 τῆς
703 3503 871 3573 ζάλης
911 3503 1020 3556 τῶν
1067 3504 1334 3573 βιωτικῶν
1365 3503 1606 3576 θορύϐων
1633 3503 1866 3560 ἐνταῦθα
1888 3525 1990 3560 κα-

420 3583 807 3654 ταφεύγοντες,
840 3586 1078 3658 γαλήνης
1107 3588 1368 3659 μεγίστης
1387 3599 1408 3627 ο
1443 3588 1832 3659 ἀπολαύωμεν;
1853 3590 1986 3643 Οὐδὲ

420 3665 527 3738 γάρ
571 3668 830 3738 κυμάτων
865 3669 1012 3724 ἐστιν
1069 3670 1300 3724 ἐνταῦθα
1339 3671 1512 3724 δεῖσαι
1561 3672 1875 3742 τρικυμίαν,
1925 3673 1984 3725 ού

417 3745 627 3820 λῃστῶν
661 3751 976 3822 ἐπιδρομὰς,
1014 3753 1073 3804 οὐ
1127 3751 1446 3822 κακούργων
1494 3751 1700 3820 ἔφοδον,
1735 3754 1795 3806 οῦ
1825 3771 1987 3806 πνευ-

419 3833 603 3901 μάτων
631 3833 768 3902 βίας,
807 3835 864 3886 of:
902 3833 1106 3904 θηρίων
1153 3835 1463 3898 ἐπιϐουλάς
1503 3835 1667 3908 λιμὴν
1689 3837 1795 3907 γάρ
1841 3838 1986 3889 ἐστιν

414 3915 669 3968 ἁπάντων
703 3914 905 3968 τούτων
940 3917 1376 3987 ἀπηλλαγμένος,
1431 3917 1598 3989 λιμήν
1644 3919 1760 3970 ἐστι
1797 3918 1984 3990 ψυχῶν

415 3997 798 4066 πνευματικός.
845 3999 954 4051 Καὶ
990 3999 1097 4052 τῶν
1139 3999 1444 4070 λεγομένων
1503 3999 1774 4072 μάρτυρες
1805 4002 1981 4070 ὑμεῖς.

416 4081 478 4132 Εἰ
505 4079 616 4152 γάρ
641 4097 725 4143 τις
757 4081 908 4151 ὑμῶν
931 4081 991 4134 τὸ
1021 4083 1258 4146 συνειδὸς
1289 4082 1612 4147 ἀναπτύξειε
1631 4083 1745 4149 νῦν,
1785 4083 1985 4154 πολλὴν

411 4162 557 4218 ἔνδον
598 4163 818 4234 εὑρήσει
849 4163 949 4234 τὴν
982 4165 1226 4235 ἡσυχίαν·
1262 4167 1322 4218 οὐ
1357 4165 1526 4236 θυμὸς
1557 4165 1666 4236 γάρ
1699 4165 1904 4234 ἐνοχλεῖ
1931 4165 1980 4227 «1,

409 4245 510 4298 οὐκ
541 4245 802 4316 ἐπιθυμία
843 4247 1051 4315 φλέγει.
1090 4249 1150 4301 οὐ
1183 4248 1450 4317 βασκανία
1487 4249 1666 4318 τήκει,
1705 4248 1804 4300 οὐκ
1837 4249 1978 4301 ἀπό-

410 4343 527 4380 νοια
555 4331 719 4398 φυσᾷ,
754 4329 815 4381 οὐ
852 4329 1151 4393 κενοδοξίας
1183 4331 1319 4401 ἔρως
1338 4328 1658 4399 διαφθείρει,
1691 4329 1827 4383 ἀλλά
1845 4331 1979 4384 πάν-

411 4424 479 4459 τα
511 4407 681 4462 ταῦτα
710 4409 1070 4466 κατέσταλται
1107 4417 1174 4466 τά
1215 4413 1398 4484 θηρία,
1435 4411 1684 4484 καθάπερ
1717 4413 1864 4478 θείας
1897 4433 1970 4468 τι-

410 4487 500 4552 νὸς
530 4491 764 4562 ἐπῳδῆς,
793 4495 894 4564 τῆς
926 4496 1034 4548 τῶν
1067 4495 1224 4548 θείων
1259 4493 1490 4565 Γραφῶν
1525 4495 1862 4566 ἀκροάσεως,
1890 4496 1976 4549 διά

407 4573 507 4641 τῆς
558 4573 786 4629 ἑκάστου
822 4579 988 4648 ἀκοῆς
1017 4577 1152 4649 πρὸς
1185 4577 1283 4648 τὴν
1311 4577 1488 4648 ψυχὴν
1537 4578 1830 4650 εἰσιούσης,
1883 4580 1977 4632 καὶ

407 4655 762 4730 κοιμιζούσης
811 4659 880 4713 τά
925 4661 1092 4730 ἄλογα
1147 4659 1316 4714 ταῦτα
1348 4671 1371 4700 ε
1420 4661 1587 4732 πάθη.
1640 4662 1819 4733 Πόσης
1883 4661 1975 4716 οὖν

406 4737 720 4812 ἀθλιότητος
745 4743 844 4796 οὐκ
865 4743 930 4797 ἂν
951 4745 1056 4815 εἴη,
1079 4743 1346 4814 τοσαύτης
1371 4745 1662 4815 μέλλοντας
1685 4747 1974 4800 ἀπολαύειν

461 4874 492 4942 f
515 4873 710 4942 Titulus
733 4877 782 4924 in
806 4875 956 4942 Savil.
986 4891 996 4925 :
1023 4877 1162 4942 £336
1185 4879 1314 4942 ἅγιον
1352 4879 1430 4942 καὶ
1464 4880 1976 4942 σωτήριονμβάπτισμα

403 4937 489 4980 τοῦ
506 4937 728 5002 ΔΣωτῆρος
745 4941 881 5002 ἡμῶν
911 4937 1071 5002 Ἰησοῦ
1097 4937 1321 5000 Χριστοῦ,
1345 4941 1423 4986 καὶ
1445 4940 1557 5002 πρὸς
1575 4937 1682 5002 τοὺς
1703 4937 1973 5002 ἀπολιμπά-

403 4997 622 5062 νομὲνους
641 4997 736 5062 τῶν
760 4997 894 5046 θείων
926 4997 1176 5056 συνάξεων,
1217 5003 1296 5046 καὶ
1338 5003 1441 5062 περὶ
1469 4997 1564 5047 τῶν
1587 5001 1780 5056 ἀναξίως
1803 4997 1972 5050 κοινω-

401 5056 622 5122 νούντων,
649 5061 728 5106 καὶ
749 5062 820 5108 ὅτι
843 5065 888 5108 οἱ
907 5062 1155 5108 ἀτέλεστον
1179 5056 1604 5122 καταλιμπάνοντες
1621 5063 1704 5117 τήν
1731 5064 1856 5110 θείαν
1879 5066 1974 5112 λει-

402 5119 648 5192 ξουργίανλ
661 5123 739 5168 καὶ
761 5122 852 5184 πρὸ
869 5127 951 5180 τῆς
974 5122 1242 5177 τελευταίας
1255 5119 1392 5185 εὐχῆς
1412 5123 1718 5184 ἐξερχόμενοι,
1743 5125 1823 5171 τὸν
1854 5125 1971 5173 Ἰού-

400 5193 486 5240 οαν
510 5195 773 5240 μιμοῦνται.

464 5237 491 5276 δ
516 5237 597 5288 Sic
617 5243 846 5308 du_0_mss.
875 5249 928 5308 e_l.
944 5243 1075 5308 Savii
1125 5245 1219 5293 Alii
1243 5245 1579 5308 διαδράμωσιν.
1611 5243 1718 5294 Mox
1743 5246 1890 5297 Silvii.
1919 5255 1970 5298 ct

403 5295 499 5366 dup
516 5313 644 5366 _rpss_.
675 5305 751 5350 διὰ
771 5305 942 5366 παντὸς
962 5305 1192 5366 πελάγιοι.

466 5361 489 5422 ξ
515 5362 750 5422 Μεγίστης
769 5365 910 5412 deest
934 5366 982 5411 in
1009 5361 1257 5415 codicibus
1283 5371 1476 5418 nostris.

465 5417 492 5460 ά
513 5417 610 5489 Ii_i
629 5421 684 5467 οὐ
709 5417 1165 5489 θυμὸςπαρενοχλεῖ.

465 5495 486 5520 ι’
513 5481 673 5530 Ταῦτα
691 5481 832 5532 deest
854 5487 899 5532 in
925 5481 1112 5537 duob'ﬁs
1131 5503 1250 5540 mss.
1269 5487 1422 5539 Iidem
1443 5495 1602 5554 φοιτᾷν
1623 5491 1748 5550 παρά
1773 5493 1872 5548 τήν.

2109 1767 2425 1836 φιλοσοφίας
2457 1767 2532 1837 μὴ
2555 1765 2791 1836 συνεχῶς
2819 1763 3202 1836 ἐπιχωριάζειν
3219 1767 3312 1819 καὶ
3333 1769 3522 1840 φοιτᾷν
3547 1771 3692 1840 πρὸς

2105 1851 2203 1921 τὴν
2241 1849 2426 1920 κοινὴν
2452 1850 2706 1903 ἁπάντων
2741 1847 2968 1920 μητέρα,
2999 1849 3094 1919 τὴν
3143 1849 3467 1917 Ἐκκλησίαν
3499 1852 3686 1920 λέγως

2106 1931 2273 1984 Ποίαν
2311 1931 2420 2002 γὰρ
2445 1932 2509 1984 ἂν
2531 1931 2674 2002 ἔχοις
2703 1933 2875 1984 εἰπεῖν
2903 1947 2992 2001 μοι
3021 1930 3225 2002 ταύτης
3248 1933 3688 2004 ἀναγκαιοτέραν

2103 2013 2414 2085 διατριϐήν;
2453 2014 2574 2068 τίνα
2600 2015 2657 2068 δὲ
2686 2013 3055 2086 χρηστοτέραν
3083 2015 3392 2078 συνουσίαν;
3434 2017 3570 2068 τίδὲ
3617 2017 3690 2071 τὸ

2105 2098 2358 2168 ἐμπόδιον
2400 2097 2552 2170 [568]
2583 2099 2680 2168 τῆς
2717 2096 2950 2151 ἐνταῦθα
2973 2097 3288 2168 διατριϐῆς;
3327 2099 3552 2162 Πάντως
3587 2117 3686 2170 μοι

2103 2179 2199 2250 τὴν
2219 2181 2407 2235 πενίαν
2429 2182 2575 2251 ἐρεῖς
2599 2179 2828 2250 κώλυμά
2853 2197 2934 2234 σοι
2963 2179 3202 2248 γίνεσθαι
3223 2180 3318 2233 τοῦ
3339 2181 3505 2234 καλοῦ
3523 2183 3684 2236 τοῦδε

2105 2263 2382 2333 συλλόγου·
2409 2263 2520 2318 ἀλλ’
2555 2264 2652 2316 οὐκ
2704 2262 2923 2331 εὔλογος
2952 2265 2986 2334 ή
3025 2262 3312 2334 πρόφασις.
3353 2265 3524 2318 Ἐπτά
3547 2266 3686 2336 ἠμέ-

2105 2363 2203 2415 ρας
2227 2349 2258 2418 ή
2293 2347 2524 2418 ἑϐδομὰς
2553 2346 2686 2416 ἔχει·
2720 2344 2816 2409 τάς
2838 2345 2980 2398 ἐτττά
2997 2343 3200 2408 ταύτας
3225 2347 3520 2416 ἐμερίσατο
3541 2348 3684 2418 πρὸς

2101 2430 2250 2498 ἡμᾶς
2298 2431 2326 2483 ό
2366 2429 2516 2492 Θεός·
2556 2430 2648 2482 καὶ
2680 2429 2778 2498 οὐχ
2809 2425 2986 2497 ἐαυτῷ
3023 2427 3120 2496 μὲν
3151 2428 3211 2480 τὸ
3239 2429 3418 2494 πλέον,
3451 2430 3585 2500 ἡμῖν
3616 2431 3680 2484 δὲ

2101 2513 2162 2562 τὸ
2195 2510 2412 2564 ἔλαττον
2447 2511 2634 2572 ἔδωκε,
2673 2509 2871 2581 μᾶλλον
2892 2509 2948 2562 δὲ
2975 2508 3096 2561 οὐδὲ
3125 2509 3186 2574 ἐξ
3219 2511 3472 2581 ἡμισείας
3503 2512 3682 2576 αὑτάς

2100 2593 2426 2664 διενείματο,
2456 2595 2554 2647 οὐκ
2571 2594 2730 2646 ἔλαϐε
2749 2595 2898 2662 τρεῖς
2925 2591 3018 2644 καὶ
3039 2592 3206 2646 ἔδωκε
3235 2597 3403 2664 τρεῖς,
3438 2594 3575 2648 ἀλλὰ
3594 2597 3681 2649 σοὶ

2104 2675 2200 2746 μὲν
2221 2677 2513 2746 ἀπένειμεν
2549 2676 2626 2741 ἒξ,
2659 2675 2835 2746 ἐαυτῷ
2870 2676 2926 2729 δὲ
2943 2676 3196 2730 κατέλιπε
3226 2679 3374 2746 μίαν.
3405 2680 3512 2732 Καὶ
3551 2680 3674 2731 ούδέ

2100 2761 2156 2812 ἐν
2187 2761 2359 2833 ταύτῃ
2387 2763 2452 2832 τῇ
2505 2759 2602 2830 ὅλῃ
2661 2760 2828 2830 ἀνέχῃ
2879 2757 2986 2812 τῶν
3038 2759 3306 2829 βιωτικῶν
3331 2763 3678 2832 ἀπηλλάχθαι

2099 2844 2460 2913 πραγμάτων,
2501 2841 2616 2895 ἀλλ’
2635 2842 2772 2912 ὅπερ
2788 2845 2836 2894 οἱ
2870 2842 2938 2894 τά
2973 2842 3092 2912 ἱερά
3127 2843 3392 2906 συλῶντες
3411 2846 3672 2914 χρήματα

2099 2927 2333 2992 ποιοῦσι,
2362 2924 2519 2978 τοῦτο
2543 2925 2636 2978 καὶ
2661 2925 2724 2977 σὺ
2753 2925 2846 2977 ἐπὶ
2859 2925 2954 2995 τῆς
2971 2925 3184 2996 ἡμέρας
3211 2925 3414 2996 ταύτης
3443 2928 3670 2997 τολμᾷς,

2099 3009 2266 3078 αὐτὴν
2301 3005 2466 3062 οὖσαν
2497 3010 2648 3078 ἱερὰν
2671 3009 2764 3062 καὶ
2789 3007 3156 3078 ἀνακειμένην
3183 3012 3249 3080 τῇ
3281 3010 3390 3062 τῶν
3423 3028 3672 3080 πνευμα-

2096 3092 2261 3144 τικῶν
2289 3093 2548 3164 ἀκροάσει
2577 3091 2770 3160 λογίων
2817 3091 3076 3161 ἁρπάζων
3113 3093 3208 3144 καὶ
3245 3093 3672 3164 καταχρώμενος

2097 3175 2176 3237 εἰς
2209 3174 2465 3244 βιωτικὰς
2493 3175 2791 3246 φροντίδας.
2827 3173 2891 3226 Τί
2923 3173 2979 3225 δὲ
3003 3173 3144 3242 λέγω
3173 3177 3298 3246 περὶ
3325 3177 3536 3247 ἡμέρας
3559 3179 3670 3232 ὀλο-

2095 3255 2480 3328 κλήρουςόπερ
2500 3258 2591 3310 ἐπὶ
2625 3257 2721 3326 τῆς
2743 3255 3112 3327 ἐλεημοσύνης
3143 3259 3396 3328 ἐποίησεν
3431 3262 3461 3329 ή
3500 3264 3668 3330 χήρα,

2093 3337 2250 3390 τοῦτο
2285 3339 2508 3408 ποίησον
2564 3339 2656 3392 ἐπὶ
2685 3337 2778 3390 τοῦ
2813 3338 3007 3409 καιροῦ
3047 3339 3138 3392 καὶ
3169 3341 3233 3392 σὺ
3285 3341 3384 3410 τῆς
3426 3345 3666 3412 ἡμέρας·

2093 3419 2342 3491 καθάπερ
2376 3422 2555 3493 ἐκείνη
2607 3421 2698 3474 δύο
2739 3421 3034 3474 κατέϐαλεν
3061 3423 3298 3488 ὀϐολοὺς,
3331 3427 3424 3478 καὶ
3465 3427 3669 3496 πολλὴν

2093 3504 2244 3570 παρά
2259 3505 2351 3558 τοῦ
2383 3505 2517 3558 Θεοῦ
2546 3505 2893 3558 ἐπεσπάσατο
2927 3505 3025 3576 τὴν
3055 3505 3280 3559 εὔνοιαν·
3313 3509 3452 3560 οὕτω
3483 3511 3572 3560 καὶ
3601 3514 3668 3564 σὺ

2089 3583 2182 3638 δύο
2214 3587 2457 3639 δάνεισον
2477 3587 2626 3653 ὥρας
2649 3587 2725 3657 τῷ
2755 3587 2894 3657 Θεῷ,
2922 3588 3012 3639 καὶ
3043 3589 3251 3657 μυρίων
3283 3591 3506 3660 ἡμερῶν
3535 3593 3670 3661 κέρ-

2089 3665 2272 3730 δοςείς
2305 3669 2404 3739 τὴν
2434 3671 2608 3722 οἰκίαν
2643 3669 2878 3734 εἰσάξεις
2901 3671 2999 3739 τὴν
3027 3671 3144 3738 σήν.
3183 3672 3243 3723 Εἰ
3265 3671 3320 3723 δέ
3347 3673 3446 3724 οὐκ
3469 3673 3660 3742 ἀνέχῃ.

2091 3751 2374 3822 σκόπειμὴ
2407 3769 2558 3816 ποτε,
2593 3752 2784 3823 μικρὸν
2810 3751 3020 3824 ἡμέρας
3050 3754 3212 3823 μέρος
3235 3755 3297 3806 οὑ
3337 3755 3666 3826 βουλόμενος

2089 3831 2278 3884 ἑαυτὸν
2324 3834 2627 3904 ἀποστῆσαι
2675 3835 2783 3886 τῶν
2834 3837 3036 3903 γηΐνων
3087 3835 3312 3905 κερδῶν,
3349 3837 3662 3908 ὁλοκλήρων

2088 3915 2349 3967 ἐνιαυτῶν
2397 3916 2669 3990 ἀπολέσῃς
2720 3917 2933 3980 πόνους.
2977 3912 3099 3970 Οἵδε
3137 3919 3244 3988 γὰρ
3272 3921 3300 3971 ὀ
3331 3919 3464 3982 θεὸς
3491 3937 3662 3973 κατα-

2087 3997 2454 4068 φρονούμενος
2499 4001 2593 4053 καὶ
2629 4000 2698 4053 τὰ
2757 3999 3077 4068 συλλεγέντα
3129 4000 3318 4053 κενοῦν
3375 4004 3656 4072 χρήματα·

2086 4079 2272 4150 ῶσπερ
2303 4077 2395 4134 οὖν
2418 4081 2512 4134 καλ⁵
2552 4081 2822 4145 Ἰουδαίοις
2861 4081 3095 4136 ἀπειλῶν
3125 4083 3530 4154 ἐλεγεν,ὲπειδὴ
3557 4087 3659 4156 τῆς

2085 4163 2214 4230 περὶ
2232 4162 2322 4215 τὸν
2361 4163 2484 4216 ναὸν
2505 4163 2866 4233 κατεφρόνουν
2885 4164 3220 4234 ἐπιμελείας·
3247 4166 3660 4234 Εἰσηνέτκατε

2083 4245 2234 4298 αὐτὰ
2255 4247 2342 4311 εις
2369 4245 2508 4311 τοὺς
2535 4246 2740 4310 οἴκους
2767 4245 2953 4314 ὑμῶν,
2987 4247 3084 4300 καὶ
3101 4247 3455 4316 ἐξεφύσησα
3477 4254 3654 4320 αὐτὰ,

2082 4326 2242 4396 λέγει
2288 4329 2522 4394 Κύριος.
2574 4328 2640 4379 Τί
2689 4327 2818 4400 γὰρ,
2871 4329 2991 4381 εἰπέ
3037 4347 3148 4399 μοι,
3201 4331 3406 4398 διδάξαι
3441 4349 3496 4385 σε
3543 4335 3656 4388 τῶν

2084 4411 2398 4476 ἀναγκαίων
2425 4409 2784 4481 δυνησόμεθα,
2813 4409 2958 4476 ἅπαξ
2989 4409 3083 4463 τοῦ
3134 4411 3378 4465 ἐνιαυτοῦ
3403 4413 3436 4483 ἢ
3477 4415 3656 4470 δεύτεο

2089 4509 2177 4560 ρον
2197 4493 2325 4564 παρ’
2352 4494 2479 4564 ἡμῖν
2511 4491 2796 4560 φοιτῶντα,
2838 4493 2965 4564 περὶ
2993 4493 3191 4564 ψυχῆς,
3217 4497 3344 4566 περὶ
3375 4497 3652 4568 σώματος.

2085 4577 2209 4646 περὶ
2241 4575 2558 4640 ἀθανασίας,
2605 4577 2733 4646 περὶ
2773 4575 3048 4644 βασιλείας
3077 4577 3185 4629 τῶν
3219 4579 3482 4650 οὐρανῶν,
3521 4586 3654 4654 περὶ

2081 4657 2373 4723 κολάσεως,
2389 4657 2518 4729 περὶ
2539 4659 2782 4727 γεέννης,
2801 4658 2930 4728 περὶ
2947 4657 3324 4729 μακροθυμίας
3345 4663 3500 4727 Θεοῦ,
3517 4669 3654 4734 περὶ

2081 4739 2426 4811 συγγνώμης,
2459 4743 2584 4812 περὶ
2609 4741 2916 4810 μετανοίας,
2939 4741 3062 4812 περὶ
3093 4739 3484 4813 βαπτίσματος,
3519 4749 3652 4817 περὶ

2079 4824 2488 4894 ἁμαρτημάτων
2537 4825 2800 4892 ἀφέσεως,
2851 4823 2976 4894 περὶ
3019 4823 3120 4894 τῆς
3163 4825 3392 4889 κτίσεως
3441 4829 3650 4900 ταύτης

2077 4907 2174 4976 τῆς
2203 4905 2334 4970 ἀνω,
2369 4907 2462 4961 καὶ
2479 4907 2578 4978 τῆς
2606 4908 2773 4972 κάτω,
2799 4909 2927 4978 περὶ
2953 4905 3253 4976 ἀνθρώπων
3267 4907 3498 4977 φύσεως,
3515 4915 3648 4984 περὶ

2075 4989 2342 5056 ἀγγέλων,
2357 5007 2424 5042 πε
2428 4991 2484 5061 ρὶ
2499 4991 2597 5060 τῆς
2611 4990 2719 5044 τῶν
2733 4990 2999 5060 δαιμόνων
3017 4993 3368 5062 κακουργίας,
3391 5010 3460 5045 πε
3467 4995 3518 5065 ρὶ
3533 4995 3646 5050 τῶν

2078 5071 2364 5140 μεθοδειῶν
2381 5072 2472 5124 τοῦ
2495 5071 2761 5134 διαϐόλου,
2795 5073 2922 5144 περὶ
2945 5071 3238 5138 πολιτείας,
3269 5077 3396 5146 περὶ
3434 5076 3643 5147 δογμά-

2071 5171 2200 5216 των,
2235 5155 2362 5222 περὶ
2394 5155 2488 5223 τῆς
2504 5154 2669 5225 ὀρθῆς
2701 5155 2951 5218 πίστεως,
2967 5157 3093 5226 περὶ
3109 5155 3215 5208 τῶν
3231 5155 3640 5229 διεφθαρμένων

2071 5235 2332 5306 αἱρέσεων
2356 5253 2368 5300 ;
2401 5235 2586 5289 Ταῦτα
2616 5238 2724 5308 γὰρ
2744 5237 2838 5290 καὶ
2863 5237 3041 5307 πολλῷ
3063 5239 3286 5292 πλείονα
3313 5241 3518 5295 τούτων
3545 5243 3638 5297 τὸν

2071 5319 2391 5389 Χριστιανὸν
2437 5318 2636 5373 εἰδέναι
2689 5319 2815 5391 χρὴ,
2865 5321 2958 5373 καὶ
3009 5320 3211 5373 τούτων
3253 5323 3471 5376 πάντων
3497 5326 3635 5380 ἀπο-

2070 5399 2268 5454 διδόναι
2301 5401 2458 5468 λόγον
2505 5403 2616 5465 τοῖς
2650 5403 2925 5474 ἐρωτῶσιν
2959 5405 3122 5473 ὑμᾶς.
3165 5405 3354 5474 Ὑμεῖς
3403 5406 3462 5460 δὲ
3511 5409 3632 5464 οῦδὲ

2069 5485 2128 5536 τὸ
2161 5484 2446 5538 πολλοστὸν
2477 5483 2683 5540 τούτων
2715 5486 2906 5540 εἰδέναι
2941 5487 3232 5556 δυνήσεσθε
3267 5489 3452 5560 μέρος,
3481 5491 3628 5556 ἆπαξ
