4062 6206
230 400 235 405 -
278 367 385 425 565

309 710 1826 734 _____________________________

1554 374 1639 428 ΜΞ
1685 378 2017 439 ΗΜἽΊΞΜΟ
2055 384 2344 450 CHRISTI.

3392 421 3495 475 5M

258 1051 578 1093 ADVERSUS
624 1051 735 1095 EOS
780 1052 887 1105 QUI
930 1055 964 1099 Δ
1012 1055 1247 1099 DIVINIS
1288 1056 1528 1100 ABSUNT
1569 1059 1861 1118 οΕΕιοιιδ,
1906 1064 1987 1106 ΕΤ
2028 1065 2110 1107 DE
2153 1066 2387 1112 SANCTO
2439 1072 2515 1115 AC
2570 1074 2876 1119 SALUTARI
2932 1079 3327 1127 BAPTISMATE
3370 1086 3502 1131 SAL-

339 1153 602 1196 VATORIS
645 1153 867 1197 NOSTRI
910 1154 1061 1197 JESU
1104 1155 1382 1211 CHRISTI,
1428 1156 1637 1210 DEQUE
1680 1159 1760 1203 IIS
1804 1160 1912 1213 QUI
1954 1163 2214 1208 INDIGNE
2256 1167 2736 1228 COMMUNICANT,
2795 1176 2876 1218 ET
2917 1176 3088 1229 QUOD
3140 1180 3247 1232 QUI
3298 1183 3509 1229 ιιτυη.

338 1253 499 1295 eum
542 1252 993 1296 IMPERFECTAM
1036 1253 1550 1341 nanetrNQUUNT,
1596 1257 1804 1311 ATQUE
1847 1261 2011 1304 ANTE
2056 1261 2438 1311 POSTREMAM
2478 1269 2844 1318 eumenen!
2896 1276 3367 1341 EGREDIUNTUR,
3410 1286 3514 1330 ω,
3588 1276 3597 1289 ρ

339 1351 467 1395 nam
515 1351 890 1407 lMlTENTUR,
936 1350 1167 1394 ORATIO
1199 1336 1293 1407 (τι).

349 1854 400 1909 Ι.
427 1850 625 1907 Omnes
644 1861 738 1900 vos
759 1846 809 1899 iu
838 1841 1016 1897 Iustitia
1040 1838 1195 1893 hodie
1216 1877 1231 1903 ,
1258 1851 1358 1906 ego
1384 1847 1512 1889 vero
1540 1831 1595 1887 in
1620 1844 1854 1887 interere

270 1961 391 2000 smn
429 1942 591 1996 solus.
616 1938 746 1994 Nam
775 1922 892 1991 eum
920 1934 973 1987 in
1002 1933 1102 1985 hoc
1129 1927 1402 1999 spirituale
1431 1926 1648 1995 pelagus
1670 1922 1854 1979 oculos

269 2051 425 2097 meos
465 2045 751 2097 converto,
777 2044 830 2087 et
869 2028 1154 2084 immensas
1202 2017 1455 2080 Ecclesia:
1481 2016 1690 2071 divitias
1718 2028 1851 2068 con-

271 2130 503 2198 templor
528 2169 542 2191 ,
572 2142 634 2180 ac
663 2123 853 2179 deinde
892 2118 1161 2189 perpendo
1198 2116 1311 2171 fore
1334 2156 1350 2181 ,
1382 2116 1439 2168 ut
1471 2126 1593 2168 cum
1623 2106 1851 2182 primum

268 2220 581 2275 Solemuitas
628 2218 727 2270 ista
774 2210 1129 2283 praeterierit,
1179 2206 1461 2262 multitudo
1511 2219 1696 2259 rursus
1749 2200 1847 2255 ista

270 2310 474 2365 resiliat
502 2324 564 2362 ac
591 2305 863 2365 discedat,
894 2301 1102 2356 crucior
1145 2307 1198 2353 et
1223 2299 1382 2350 animi
1425 2294 1611 2349 dolore
1639 2307 1803 2362 angor
1827 2306 1843 2343 :

268 2399 435 2468 quod,
462 2414 582 2452 cum
632 2405 736 2449 tant
777 2392 971 2447 multos
1013 2389 1211 2444 liberos
1259 2386 1522 2456 pepererit
1573 2382 1846 2446 Ecclesia,

269 2506 378 2545 non
407 2490 511 2543 illis
535 2486 717 2541 itidem
749 2485 800 2538 in
831 2482 1053 2550 singulis
1081 2478 1323 2534 collectis
1350 2517 1365 2540 ,
1392 2476 1487 2530 sed
1520 2476 1569 2526 in
1599 2474 1732 2527 festo
1757 2486 1848 2525 so-

269 2578 545 2635 lunnnodo
580 2575 680 2630 frui
721 2574 905 2645 possit.
927 2573 1133 2638 Quanta
1153 2609 1169 2634 ,
1201 2583 1413 2637 qumso,
1447 2566 1533 2619 illa
1562 2563 1850 2635 spiritu:.lis

264 2672 551 2727 exsultatio
570 2669 729 2734 foret,
749 2674 1005 2737 quantum
1029 2661 1297 2734 gaudium,
1320 2667 1515 2729 quanta
1549 2655 1638 2710 Dei
1659 2655 1845 2724 gloria,

265 2777 464 2838 quanta
495 2764 694 2819 utilitas
717 2761 1012 2815 animarum
1038 2799 1053 2824 ,
1083 2756 1128 2810 si
1154 2754 1395 2810 collectae
1432 2750 1688 2820 cujusque
1716 2738 1851 2802 tem-

266 2874 400 2929 pure
425 2860 504 2911 sic
531 2856 731 2924 repleta
758 2850 997 2906 ecclesia:
1012 2857 1161 2916 septa
1183 2840 1556 2900 eerneremus?
1576 2839 1690 2894 Jam
1721 2854 1848 2892 vero

264 2961 446 3006 nauta:
498 2947 709 3018 quidem
757 2958 819 2998 ac
853 2942 1236 3009 gubernatores
1271 2934 1448 2990 omnia
1489 2931 1766 2995 efficiunt,
1794 2936 1851 2982 ut

265 3045 485 3114 pelagus
515 3040 712 3096 emensi
740 3080 754 3103 ,
787 3036 997 3091 tamlem
1037 3032 1102 3086 ad
1132 3039 1338 3100 portum
1368 3024 1677 3095 perveniant
1703 3039 1716 3075 :
1753 3035 1849 3074 nos

263 3145 455 3191 contra
484 3136 537 3188 in
568 3133 675 3186 alto
704 3130 834 3184 mari
869 3128 1123 3181 fluctuare
1156 3119 1528 3177 contendimus
1551 3156 1567 3183 ,
1594 3115 1719 3169 dum
1749 3129 1851 3168 sr-

166 3238 169 3239 '
264 3228 528 3282 culariutn
558 3222 886 3293 negotiorum
922 3215 1166 3287 procellis
1192 3227 1405 3281 semper
1428 3208 1704 3263 obruimur
1728 3245 1743 3270 ,
1772 3212 1853 3257 at-

262 3336 373 3388 que
402 3317 454 3370 in
487 3315 615 3369 foris
636 3321 690 3367 et
717 3308 1069 3365 tribunalibus
1090 3303 1325 3374 judicum
1349 3301 1630 3370 jactamur,
1652 3296 1736 3350 hic
1758 3311 1852 3349 au-

263 3420 378 3465 tem
404 3406 567 3461 semel
594 3413 682 3458 aut
708 3402 899 3456 iterum
931 3399 1017 3452 vix
1049 3405 1160 3450 toto
1187 3409 1329 3447 anno
1353 3402 1742 3459 comparemus.

340 3500 566 3555 Ecclesia
606 3505 802 3569 portus.
827 3525 896 3535 —-
921 3493 1002 3548 An
1032 3505 1160 3546 vero
1199 3487 1451 3559 ignoratis
1478 3525 1493 3549 ,
1528 3495 1583 3537 ut
1626 3484 1677 3536 in
1719 3481 1852 3535 mari

262 3601 486 3662 portus,
510 3589 585 3642 sic
636 3585 889 3642 eccle~ias
934 3583 1099 3636 Deum
1149 3580 1200 3633 in
1239 3576 1461 3632 urbibus
1497 3573 1729 3629 erexisse
1752 3612 1768 3634 ,
1797 3578 1855 3625 ut

257 3698 289 3736 a
343 3681 659 3734 tmnultuum
702 3672 1038 3730 s:ecu|arium
1080 3669 1292 3725 turbine
1344 3666 1449 3721 huc
1488 3663 1852 3733 confugientes

259 3785 472 3827 summa
514 3766 888 3837 tranquillitate
937 3759 1232 3832 potiamur?
1261 3756 1376 3812 Non
1416 3756 1557 3809 enim
1596 3753 1849 3807 fluctuum

262 3865 353 3919 hic
379 3872 462 3917 est
493 3856 882 3915 reformidanda
912 3861 1199 3922 tempestas
1219 3892 1233 3911 ,
1263 3865 1367 3902 non
1395 3847 1656 3901 latronum
1677 3845 1852 3899 incur-

262 3958 447 4011 siones
480 3996 495 4018 ,
538 3966 642 4007 non
687 3948 996 4018 eruptiones
1045 3943 1394 4014 praedonum,
1424 3954 1528 3993 non
1572 3946 1848 3992 ventorum

262 4049 526 4115 impetus,
558 4058 659 4097 non
687 4041 891 4096 insidiae
923 4036 1214 4092 belluarum
1242 4052 1256 4089 :
1286 4042 1469 4101 portus
1492 4032 1634 4086 enim
1660 4039 1743 4084 est
1782 4029 1850 4083 ab

264 4139 349 4192 his
374 4136 621 4192 omnibus
664 4134 916 4187 immunis
943 4144 1006 4184 ac
1035 4128 1200 4193 liber,
1230 4134 1417 4196 portus
1443 4131 1526 4179 est
1553 4121 1848 4192 spiritualis

260 4232 586 4285 animarum.
637 4227 807 4295 Atque
841 4238 1026 4278 eorum
1072 4237 1192 4292 quia
1237 4219 1348 4275 dixi
1377 4216 1685 4286 vo~melipsi
1719 4213 1848 4269 milti

261 4332 435 4379 testes
457 4321 605 4376 estis.
639 4318 696 4373 Si
719 4319 834 4387 quis
860 4316 1001 4372 enim
1031 4323 1265 4367 vestrum
1292 4309 1674 4365 conscientiam
1695 4321 1847 4363 suam

262 4412 598 4475 excusserit,
631 4410 850 4463 multam
906 4407 1047 4461 intus
1093 4404 1323 4473 reperiet
1368 4400 1845 4472 tranquillitatem:

264 4520 372 4558 non
400 4502 543 4557 enim
570 4502 646 4555 ira
669 4499 936 4569 negotium
964 4495 1199 4559 facessit,
1225 4509 1329 4547 non
1351 4489 1613 4561 cupiditas
1637 4487 1847 4544 inﬂam-

263 4607 377 4651 mat
405 4636 421 4662 ,
455 4612 559 4648 nun
604 4592 799 4647 invidia
838 4589 1082 4645 tabefacit
1108 4629 1122 4652 ,
1171 4602 1275 4642 non
1308 4584 1457 4640 inflat
1504 4582 1803 4654 arrogantia
1827 4623 1844 4651 ,

261 4704 372 4745 non
412 4687 586 4742 inanis
630 4684 812 4756 gloriae
843 4696 994 4736 amor
1031 4678 1360 4748 corrumpit;
1385 4676 1477 4731 sed
1533 4683 1849 4731 coercentur

259 4793 456 4834 omnes
480 4778 561 4831 hae
588 4775 781 4831 bellum
800 4814 815 4837 ,
846 4786 965 4827 cum
995 4771 1223 4842 primum
1248 4811 1263 4835 ,
1295 4768 1443 4838 quasi
1469 4765 1735 4837 quoddam
1759 4765 1843 4819 di-

263 4871 449 4923 vinum
486 4880 701 4922 carmen
726 4905 740 4926 ,
764 4876 1037 4917 sacrarum
1080 4859 1281 4913 auditio
1320 4858 1713 4926 Scripturarum
1751 4869 1848 4924 per

261 4973 424 5015 aures
444 4959 494 5012 in
524 4955 755 5010 animam
788 4952 1045 5024 cujusque
1071 4948 1401 5021 penetravit,
1423 4956 1478 5003 et
1506 4946 1621 5001 illas
1644 4946 1847 4999 alienas

260 5066 293 5105 a
327 5049 533 5104 ratione
561 5044 990 5116 perturbationes
1018 5041 1232 5111 sopivit.
1255 5039 1385 5107 Quis
1414 5052 1518 5092 non
1566 5037 1724 5107 igitur
1751 5049 1845 5089 eos

258 5138 346 5194 vel
388 5136 781 5192 infelicissimos
820 5133 1060 5205 judicet,
1112 5130 1201 5200 qui
1239 5143 1361 5185 cum
1402 5138 1598 5182 tantam
1637 5140 1843 5182 morum

258 5228 602 5283 sanctitatem
627 5234 844 5299 possent
867 5222 1126 5294 adipisci,
1154 5237 1258 5277 non
1287 5220 1500 5275 assidue
1526 5228 1804 5274 versentur
1826 5258 1843 5284 ,

259 5336 323 5374 ac
344 5321 606 5376 ventitent
628 5319 695 5374 ad
724 5332 1059 5373 communem
1082 5315 1317 5372 omnium
1348 5321 1636 5383 parentem,
1658 5311 1850 5368 Eccle—

261 5414 399 5467 siam
435 5411 725 5466 nimirum?
746 5409 955 5465 Etenim
985 5422 1144 5479 quam
1176 5406 1386 5460 tandem
1412 5420 1530 5460 esse
1558 5405 1648 5460 tibi
1680 5404 1847 5477 magis

327 5582 401 5646 (α)
423 5581 602 5646 collata
622 5594 732 5646 cum
754 5579 898 5630 Codd.
919 5578 1183 5646 Beg.l_98d_,
1209 5578 1347 5639 1976,
1369 5578 1451 5641 qui
1476 5580 1595 5646 mire
1614 5576 1846 5646 dltl'erunt

265 5639 347 5694 ιδ’
374 5639 554 5715 fidius;
577 5645 845 5755 mimae.
875 5639 1029 5692 solum
1069 5639 1305 5690 lectiones
1342 5639 1686 5690 adnotavimus.
1726 5645 1844 5689 Item

265 5717 377 5754 ann
400 5709 557 5755 Remis
702 5739 717 5755 .
739 5703 865 5753 2343
880 5711 932 5754 et
951 5701 1158 5752 Colbert.
1180 5700 1292 5752 970.

264 5717 377 5754 ann
400 5700 557 5769 Regiis
577 5700 865 5765 £26,334:
880 5711 932 5754 et
951 5701 1158 5752 Colbert.
1180 5700 1292 5752 970.

1960 1829 2284 1888 fructuosam
2314 1835 2715 1904 occupationem
2741 1841 2947 1895 causari
2976 1843 3147 1911 possis
3166 1852 3258 1899 aut
3286 1859 3534 1918 congres-

1957 1935 2075 1974 sum
2106 1922 2403 1978 utiliorem?
2422 1926 2685 1995 quoduatn
2712 1938 2887 1984 autem
2928 1931 3381 2004 impedimentum,
3407 1955 3531 2008 quo-

1959 2011 2133 2067 minus
2172 2014 2259 2068 hic
2296 2014 2574 2070 nobiscum
2602 2019 2863 2074 verseris?
2887 2020 3257 2093 Paupertatem
3286 2028 3535 2085 nimirum

1958 2104 2049 2158 tibi
2076 2104 2456 2174 impedimento
2474 2123 2593 2164 esse
2619 2109 2786 2177 dices,
2823 2117 3109 2181 quominus
3130 2118 3385 2184 prmclaro
3410 2120 3533 2177 huic

1954 2198 2114 2259 εωιυὶ
2159 2199 2410 2261 intersis;
2438 2217 2489 2262 at
2532 2202 2762 2278 legitima
2816 2219 2919 2257 non
2965 2216 3046 2259 est
3087 2207 3202 2260 ham
3239 2213 3533 2268 excusatio.

1952 2296 2166 2366 Septem
2212 2298 2369 2354 habet
2416 2301 2529 2355 dies
2567 2300 2897 2359 bebdomada
2927 2322 2940 2358 :
2968 2302 3147 2362 divisit
3187 2302 3285 2365 llos
3326 2315 3529 2381 septem

1953 2389 2228 2443 nobiscum
2256 2389 2417 2455 Deus,
2440 2406 2612 2460 neque
2636 2394 2736 2447 sibi
2762 2394 2973 2463 quidem
3002 2399 3261 2465 potiorem
3284 2414 3488 2469 partem
3512 2441 3529 2466 ,

1950 2479 2105 2533 nobis
2132 2488 2309 2534 autem
2336 2481 2595 2536 minorem
2621 2483 2905 2553 impertiit;
2938 2485 3045 2540 imo
3066 2486 3140 2541 'ne
3171 2489 3220 2542 iu
3245 2490 3378 2543 duas
3403 2492 3529 2560 qui-

1956 2569 2077 2624 dem
2106 2572 2336 2639 aequales
2363 2583 2538 2641 partes
2565 2588 2658 2628 eas
2687 2573 2990 2640 distribuit;
3015 2592 3118 2631 non
3156 2579 3253 2633 sibi
3300 2591 3407 2634 tres
3448 2596 3533 2635 as~

1952 2664 2176 2731 sumpsit
2200 2703 2215 2729 ,
2242 2674 2454 2735 tresque
2482 2667 2700 2735 largitus
2723 2676 2804 2722 est
2830 2685 2843 2722 :
2872 2684 3054 2724 verum
3078 2671 3169 2725 tibi
3199 2673 3412 2742 quidem
3440 2689 3533 2731 sex

1957 2753 2231 2822 impertiit,
2256 2770 2412 2809 unam
2442 2771 2571 2811 vero
2596 2757 2695 2812 sibi
2726 2758 2942 2828 reliquit
2969 2776 2983 2813 :
3014 2775 3111 2815 nec
3150 2761 3201 2816 in
3234 2762 3330 2817 bac
3356 2773 3531 2818 tamen

1956 2854 2062 2899 tota
2105 2861 2136 2900 a
2189 2848 2414 2917 negotiis
2455 2849 2799 2904 smcularibus
2840 2851 3107 2908 abstinere
3134 2853 3406 2924 dignaris,
3436 2856 3531 2911 sed

1955 2936 2059 2992 ltoc
2098 2938 2269 3006 ipsum
2310 2940 2451 3009 quod
2496 2940 2697 2996 faciunt
2723 2942 2814 3012 qui
2838 2957 3020 2998 sacras
3045 2947 3295 3013 pecunias
3330 2946 3535 3016 depne-

1953 3030 2147 3085 dantur
2174 3072 2189 3094 ,
2223 3042 2275 3085 tu
2305 3031 2402 3087 hac
2428 3033 2587 3088 etiam
2627 3033 2714 3088 die
2744 3044 2955 3104 patrare
2983 3036 3149 3093 audes
3181 3055 3193 3090 :
3222 3039 3347 3092 dum
3392 3041 3533 3096 illam

1950 3121 2058 3190 jam
2082 3133 2315 3177 sanctam
2334 3132 2387 3179 et
2405 3125 2754 3192 Spiritualium
2785 3127 3117 3196 eloquiorum
3139 3131 3392 3186 auditioni
3409 3147 3536 3187 con-

1954 3224 2214 3268 set-ratam
2259 3216 2597 3284 surripis,et
2642 3217 2706 3270 ad
2753 3218 3041 3273 saeculares
3083 3234 3241 3275 curas
3268 3222 3535 3277 ahuteudo

1958 3304 2208 3359 traducis.
2242 3305 2347 3359 Sed
2376 3306 2501 3375 quid
2523 3321 2623 3376 ego
2652 3306 2718 3362 de
2746 3307 2952 3376 integro
2981 3308 3067 3362 die
3093 3308 3326 3379 loquor?
3352 3312 3432 3365 vel
3480 3313 3531 3367 id
3600 3357 3605 3361 .

1956 3411 2148 3460 unum,
2176 3395 2317 3465 quod
2354 3398 2405 3450 in
2432 3397 2768 3468 eleemosyna
2792 3398 2947 3452 vidua
2998 3397 3124 3452 fecit
3146 3441 3160 3462 ,
3192 3408 3244 3453 tu
3283 3401 3332 3453 in
3379 3402 3533 3471 hujus

1955 3486 2059 3541 diei
2090 3496 2325 3555 tempore
2343 3488 2680 3542 facitozsicut
2700 3489 2788 3543 illa
2814 3489 2947 3543 duos
2968 3489 3156 3544 obolos
3176 3491 3317 3543 misit
3338 3491 3531 3562 (Hart.

1958 3578 2043 3632 12.
2066 3579 2154 3633 42.
2185 3577 2341 3648 sqq.),
2366 3580 2687 3646 multamque
2711 3594 2741 3632 a
2777 3578 2884 3632 Deo
2908 3581 3129 3649 gratiam
3161 3580 3305 3634 inhit
3337 3599 3351 3635 :
3379 3583 3455 3636 sic
3480 3594 3533 3637 et

1959 3678 2010 3724 tu
2042 3669 2172 3723 duas
2202 3669 2355 3722 horas~
2382 3669 2487 3724 Deo
2506 3667 2778 3723 commoda
2799 3707 2816 3736 ,
2844 3677 2899 3722 et
2926 3679 3293 3723 sexceutnrum
3324 3670 3530 3729 dierum

1958 3759 2159 3814 lucrum
2205 3761 2255 3813 in
2294 3759 2511 3813 domum
2553 3770 2693 3812 tuatn
2740 3759 3067 3827 itnpnrtabis.
3097 3759 3248 3828 Quid
3288 3764 3331 3813 si
3361 3761 3408 3815 id
3433 3764 3529 3817 de-

1957 3859 2169 3913 lrectes,
2202 3850 2319 3905 vide
2345 3866 2411 3906 ne
2436 3850 2592 3917 forte,
2622 3850 2745 3904 dum
2770 3850 2836 3905 ad
2862 3850 3104 3921 exiguum
3137 3854 3385 3921 temporis
3406 3868 3533 3924 spa-

1958 3944 2086 3998 tium
2111 3945 2335 4013 leipsutn
2362 3960 2466 3997 non
2498 3944 2576 3997 vis
2602 3958 2631 3997 a
2663 3943 2887 3998 terrenis
2918 3945 3076 3997 lucris
3105 3960 3329 3997 avocare
3349 3987 3361 4002 .
3397 3948 3534 3998 int»-

1953 4049 2166 4103 grorum
2207 4049 2466 4089 annorum
2510 4033 2719 4091 labores
2755 4035 2986 4092 amittas.
3015 4036 3159 4093 Solet
3200 4038 3342 4095 enim
3395 4044 3534 4099 Deus

1954 4143 2075 4183 cum
2104 4137 2439 4198 contemptus
2474 4127 2634 4183 fuerit
2663 4129 2913 4185 collectas
2950 4132 3196 4201 pecunias
3223 4132 3480 4203 dissipare
3512 4151 3527 4187 :

1952 4220 2095 4291 quod
2120 4230 2175 4276 et
2196 4220 2392 4277 Judteis
2413 4222 2704 4278 minitando
2728 4222 2934 4278 dicebat
2960 4263 2975 4289 ,
3005 4225 3252 4295 quoniam
3278 4227 3533 4281 sollicitu-

1954 4315 2133 4371 dinem
2188 4315 2371 4386 templi
2416 4329 2628 4370 omnem
2679 4315 3002 4383 abjiciebant
3035 4333 3049 4369 :
3083 4314 3337 4370 Intulislis
3378 4334 3438 4370 ea
3477 4319 3531 4372 iu

1953 4406 2128 4461 domos
2157 4416 2340 4460 vestras
2361 4447 2376 4472 ,
2405 4416 2449 4460 et
2477 4406 2745 4477 exsul/lavi
2774 4422 2832 4459 ea
2850 4447 2865 4469 ,
2894 4405 3015 4460 dicit
3043 4404 3286 4461 Dominus
3329 4404 3533 4477 (Aggn‘i

1954 4497 1982 4554 1
2003 4499 2079 4571 9).
2100 4497 2233 4564 Quid
2262 4496 2399 4549 enim
2423 4536 2438 4561 ,
2469 4511 2671 4564 qua-so,
2696 4510 2761 4550 ex
2790 4495 2852 4549 iis
2870 4537 2885 4561 ,
2908 4510 3025 4565 qua:
3048 4499 3341 4551 necessaria
3370 4508 3527 4561 sunt,

1955 4596 2007 4642 te
2051 4588 2339 4657 poterimus
2373 4587 2607 4653 docere,
2636 4602 2755 4641 cum
2800 4588 2965 4643 semel
3006 4597 3096 4642 aut
3138 4589 3330 4644 iterum
3376 4593 3530 4644 anuis

1951 4678 2171 4747 singulis
2193 4677 2259 4732 ad
2289 4694 2384 4732 nos
2413 4680 2639 4733 ventites
2661 4718 2677 4744 ,
2705 4677 2772 4733 de
2796 4679 2970 4733 anima
2998 4678 3247 4733 nimirum
3264 4721 3278 4743 ,
3310 4679 3378 4735 de
3405 4695 3529 4734 cor-

1953 4785 2100 4839 pore,
2127 4768 2194 4823 de
2225 4768 2640 4836 immortalitate,
2670 4770 2736 4824 de
2756 4786 2917 4840 regno
2936 4771 3210 4827 cmlorum.
3237 4770 3305 4825 de
3334 4771 3525 4841 patula,

1951 4860 2018 4916 de
2044 4860 2315 4933 gehenna,
2330 4860 2398 4915 de
2430 4859 2519 4913 Dei
2551 4860 2969 4930 longanimitate,
3001 4861 3067 4915 de
3096 4860 3439 4929 indulgentia,
3458 4862 3527 4916 de

1955 4950 2258 5020 pmuitentia
2280 4993 2293 5015 ,
2317 4950 2384 5006 de
2428 4949 2710 5020 baptismo,
2736 4949 2803 5004 de
2828 4949 3140 5004 remissione
3166 4959 3524 5020 peccatorum,

1918 5043 2018 5099 -de
2047 5043 2163 5098 istis
2192 5043 2371 5097 mundi
2418 5058 2538 5098 cum
2583 5042 2874 5112 superioris
2929 5041 3349 5096 tutn'inferioris
3372 5056 3523 5096 crea~

1952 5134 2104 5201 turis,
2129 5134 2196 5189 de
2225 5134 2496 5189 hominum
2517 5144 2699 5187 natura
2720 5173 2736 5197 ,
2758 5132 2824 5185 de
2849 5132 3068 5202 angelis,
3095 5130 3164 5186 de
3190 5130 3529 5201 improbitate

1949 5226 2247 5281 daemonum
2269 5265 2284 5288 ,
2307 5224 2372 5279 de
2395 5223 2589 5278 diaboli
2611 5222 2880 5277 fraudibus
2900 5260 2914 5284 ,
2945 5220 3012 5275 de
3038 5219 3273 5275 moribus
3291 5259 3307 5284 ,
3333 5219 3400 5274 de
3425 5219 3528 5273 do-

1949 5316 2214 5387 gmatibus
2230 5355 2247 5382 ,
2273 5314 2341 5371 de
2366 5324 2509 5371 recta
2534 5314 2637 5369 fide
2659 5354 2675 5381 ,
2705 5312 2773 5367 de
2795 5312 3057 5381 corruptis
3094 5309 3425 5365 bzeresibus?
3448 5311 3526 5364 si-

1949 5407 2159 5478 quidem
2186 5406 2284 5461 ista
2304 5416 2361 5462 et
2378 5406 2545 5460 multo
2570 5405 2713 5475 plura
2742 5418 2898 5459 nosse
2915 5402 3271 5457 Christianum
3296 5413 3527 5471 oportet,

1949 5501 2244 5571 horumque
2295 5498 2530 5568 omnium
2576 5496 2798 5552 reddere
2825 5496 3081 5551 rationem
3121 5496 3187 5550 iis
3219 5496 3307 5566 qui
3348 5496 3528 5550 scisci-

1950 5602 2149 5648 tentur.
2179 5591 2285 5646 Vos
2317 5605 2443 5649 vero
2469 5605 2537 5646 ne
2562 5589 2832 5644 minimam
2860 5586 3073 5660 quidem
3114 5586 3303 5643 horum
3346 5595 3529 5641 tenere

1951 5695 2154 5758 partem
2199 5682 2435 5755 poteritis
2460 5721 2477 5750 ,
2522 5681 2567 5738 si
2612 5683 2777 5737 semel
2818 5678 2940 5749 hic,
2972 5678 3129 5749 idque
3170 5675 3528 5751 perfunctorie
